4078 6340
262 389 284 444 Ι
295 387 401 446 393

1079 377 1364 436 llOMlLlA
1404 377 1491 434 IV.
1532 376 1602 433 IN
1645 376 1703 431 S.
1737 373 2090 433 DEIPARAM
2127 374 2216 431 ET
2257 374 2626 430 SIMEONEM.

3406 381 3428 437 1
3441 381 3545 438 394

265 505 486 576 κύησις.
515 501 603 556 διὰ
635 514 877 569 γαστρος
900 495 1252 559 suum“,
1275 495 1366 548 τὸν
1406 489 1618 564 καρπὸν
1647 492 1744 546 σὺν
1763 490 1842 561 τῷ

1944 499 2142 543 ventre
2187 490 2375 545 oriens
2409 500 2628 559 partus,
2677 505 2803 545 cum
2835 501 3033 547 trunco
3074 493 3315 550 fructum
3363 499 3543 554 viviti-

254 596 485 671 πρέμνῳ
511 589 942 660 άνεξωοποίησε.

324 687 399 743 Γ.
439 687 566 751 ms,
598 685 674 748 ὡς
713 682 989 754 ὀφειλέται
1029 681 1124 736 καὶ
1164 679 1433 736 θεόδονλοι
1473 677 1831 750 εὐγνώμονες,

249 779 676 850 δομλογὴσωμεν
701 775 782 840 τῷ
799 793 859 829 τε
889 774 1006 845 Θεῷ
1038 775 1218 846 Λόγῳ,
1243 776 1309 842 τῇ
1338 789 1396 826 τε
1419 772 1628 845 Μητρὶ,
1659 771 1722 825 τὸ
1741 773 1836 827 τοῦ

250 873 410 942 λόγου
438 869 614 942 δῶρον
635 909 652 934 ,
685 870 811 922 ὅσον
843 866 1200 940 ιπαρκοῦμεν
1225 884 1238 897 ·
1278 866 1354 937 μὴ
1381 867 1836 937 ιπαισχυνόμενοι

250 965 352 1039 τὴν
374 962 684 1036 μειονεξίαν
708 964 818 1018 τῶν
839 960 1176 1033 προσαξιῶν·
1202 959 1319 1015 ἀλλ’
1348 959 1737 1032 ἑτρηδυνόμενοι
1767 963 1832 1033 τῇ

251 1056 497 1129 ἡμετέρᾳ
544 1054 742 1124 φύσει,
800 1051 1266 1126 προσκυνούμενοι
1315 1051 1377 1106 τὸ
1417 1053 1684 1124 ὑπερέχον
1726 1054 1833 1106 τῶν

249 1146 616 1203 Δεσποτικῶν.
653 1146 730 1202 Ού
777 1147 887 1218 γάρ
914 1144 1256 1217 περιγράψαι
1305 1147 1617 1218 ῥητορικοῖς
1649 1144 1830 1214 λόγοις

247 1241 348 1310 τὴν
397 1236 768 1312 προκειμένην
825 1236 1108 1296 ὑπόθεσιν,
1131 1237 1274 1290 κατὰ
1329 1236 1422 1290 τὸν
1489 1234 1831 1307 ἀνθρώπινον

247 1330 784 1404 προαγωνιζόμενοι
814 1331 1008 1400 νόμον,
1053 1327 1170 1383 ἀλλ’
1195 1326 1577 1398 ἑκλαμφθῆναι
1603 1327 1681 1399 τῷ
1713 1345 1829 1397 φω-

244 1423 426 1495 τισμῷ
445 1422 546 1492 τῆς
567 1421 719 1486 θείας
753 1423 996 1493 μνήμης.
1027 1420 1141 1474 Ἀεὶ
1162 1419 1261 1491 μὲν
1279 1421 1390 1490 γὰρ
1411 1420 1473 1473 τὸ
1500 1420 1825 1492 ἡττηθῆναι,

244 1518 356 1581 τοῖς
389 1511 706 1576 ἀντιπάλοις
739 1513 898 1585 φέρει
929 1512 1029 1584 τὴν
1067 1512 1315 1578 ἀδοξίανο
1363 1511 1600 1567 ἐνταῦθα
1627 1512 1684 1566 δὲ
1711 1551 1727 1576 ,
1768 1512 1828 1566 τὸ

189 1611 196 1614 ’
245 1605 523 1676 ύποκύψαι
557 1607 674 1670 τοῖς
716 1605 858 1675 ὑπὲρ
897 1602 1222 1675 κατάληψιν,
1258 1601 1382 1671 ἄγει
1424 1602 1523 1674 τὴν
1557 1603 1822 1671 εὐδοξίαν.

1944 583 2110 636 cavit.

2015 673 2103 728 Ill.
2129 673 2339 728 Idcirco
2365 673 2517 728 velut
2541 673 2824 731 debitores
2851 676 3058 747 Deique
3081 682 3226 734 servi
3261 680 3541 746 benevoli,

1940 772 2058 817 tum
2091 764 2186 819 Dei
2224 763 2434 829 Verbo,
2485 775 2603 819 tum
2654 765 2848 833 Matri,
2901 779 3171 839 quantum
3213 787 3538 842 possumus,

1936 857 2094 914 verbi
2137 857 2344 913 donum
2391 859 2742 916 confessione
2777 877 3097 931 premamus
3130 881 3144 917 :
3182 880 3293 919 non
3333 867 3538 922 erube-

1936 958 2156 1006 scentes
2201 951 2526 1006 tenuitatem
2571 951 2950 1019 oblationum;
2997 955 3092 1011 sed
3131 966 3343 1014 natura:
3377 958 3540 1014 bonis

1935 1038 2082 1103 laeti,
2129 1055 2195 1095 ac
2235 1040 2580 1099 Dominicam
2623 1045 3006 1100 excellentiam
3049 1046 3364 1104 adorantes.
3415 1050 3536 1106 Non

1933 1130 2084 1186 enim
2113 1147 2183 1187 eo
2213 1133 2595 1202 pmludimus,
2628 1144 2691 1191 ut
2713 1137 2868 1208 juxta
2909 1137 3183 1194 humanas
3215 1141 3365 1210 leges
3404 1157 3534 1197 ora-

1936 1223 2094 1280 toriis
2132 1226 2486 1283 sermonibus
2508 1238 2895 1300 argumentum
2939 1231 3254 1303 subjectum
3288 1234 3530 1292 circum-

1932 1314 2241 1384 cludamus,
2270 1319 2368 1375 sed
2401 1330 2464 1375 ut
2493 1322 2773 1378 memoria:
2799 1322 3002 1380 divina:
3028 1341 3262 1391 corusco
3288 1326 3530 1383 illustre-

1932 1424 2075 1465 mur.
2127 1411 2343 1482 Ubique
2385 1427 2517 1468 sane
2555 1414 2626 1469 ab
2669 1413 3009 1472 adversariis
3048 1418 3301 1488 superari
3351 1420 3528 1493 inglo-

1931 1503 2076 1558 rium
2123 1503 2263 1557 rhic
2302 1513 2518 1570 autem,
2565 1505 2635 1560 iis
2682 1508 3047 1564 succumbere
3093 1525 3218 1581 quae
3265 1521 3530 1581 superant

1928 1597 2515 1666 comprehensionem,
2567 1598 2730 1668 plane
2773 1599 3095 1671 gloriosum.
3146 1604 3240 1659 Pie
3289 1619 3421 1674 ergo
3470 1613 3529 1662 et

245 1695 514 1766 Ἥκωμεν
544 1694 835 1767 τοιγαροῦν
875 1693 1090 1764 εὐαγῶς
1126 1692 1219 1747 ἐπὶ
1244 1693 1336 1746 τὸν
1375 1691 1566 1763 ὔμνυν,
1596 1694 1826 1764 ἥκωμεν

1940 1696 2120 1741 sancte
2142 1685 2211 1741 ad
2233 1688 2508 1743 canticum
2539 1690 2896 1757 accedamus;
2922 1693 3252 1748 accedamus
3273 1694 3488 1765 gauden
3503 1725 3532 1737 -

243 1787 546 1860 χαίροντες,
562 1785 1026 1858 άνευφημοῦντες,
1044 1783 1449 1854 δοξολογούντες
1469 1784 1562 1838 καὶ
1581 1783 1822 1855 μεγαλύ-

1930 1783 2036 1842 tes,
2070 1778 2221 1834 clara
2251 1779 2598 1837 celebrantes
2623 1781 2800 1848 fama;
2829 1782 3202 1854 glorificantes
3227 1796 3284 1842 et
3313 1787 3531 1859 magni-

242 1850 423 1944 ;ovssg
450 1850 514 1932 τδ
532 1850 681 1950 τύπὲρ
853 1877 946 1933 καὶ
969 1875 1128 1946 λόγον
1150 1850 1472 1948 μυστήριον,
1504 1850 1828 1948 ἑξάργοντες

1940 1869 2166 1925 licantes
2193 1871 2342 1941 quod
2375 1872 2715 1928 intellectum
2758 1889 3182 1948 sermonemque
3219 1894 3534 1934 sacramen-

240 1968 336 2026 τοῦ
365 1969 782 2043 ούρανοπολίτου
813 1969 1058 2041 Γαϐριὴλ
1077 1968 1187 2022 τῶν
1219 1967 1381 2022 θείων
1402 1968 1828 2040 προσφθεγκτη-

246 2061 400 2134 ριων,
416 2063 513 2117 καὶ
533 2063 806 2133 λέγοντες·
847 2081 865 2114 ι
897 2063 1092 2133 Χαῖρε,
1108 2059 1550 2135 κεχαριτωμένη,
1575 2062 1604 2114 δ
1624 2061 1830 2133 Κύριος

244 2155 386 2226 μετὰ
408 2155 526 2210 σού.
564 2173 583 2208 ι
611 2154 748 2210 Μεθ’
776 2147 837 2209 οὗ
861 2152 1318 2226 δευτερὼσωμενο
1350 2153 1544 2225 Χαῖρε,
1571 2153 1632 2207 τὸ
1666 2154 1831 2208 ἐκπό-

242 2249 406 2320 θητον
431 2246 589 2319 ἡμῶν
613 2246 1041 2318 εὐφραντήριονο
1071 2248 1252 2316 χαῖρε,
1271 2243 1332 2300 τὸ
1372 2243 1831 2309 ικκλησιαστικδν

241 2338 595 2410 ἁγαλλίασμα
620 2354 635 2369 ο
684 2340 862 2408 χαῖρε,
916 2337 979 2390 τὸ
1003 2335 1269 2408 ἡδύπνοον
1311 2335 1511 2407 δνομα·
1542 2341 1723 2409 χαῖρε,
1767 2339 1832 2393 τὸ

239 2429 550 2502 θεολαμπὲς
567 2429 660 2483 καὶ
675 2427 936 2500 περίχαρι
952 2427 1264 2500 πρόσωπον·
1289 2427 1523 2500 χαίροις,
1544 2430 1606 2482 τὸ
1630 2430 1834 2483 πάνσε-

239 2542 379 2579 πτον
415 2523 762 2596 μνημόσυνον
782 2541 798 2556 ο
831 2522 1064 2594 χαίροις,
1096 2524 1129 2592 ἡ
1167 2523 1438 2592 σωτήριος
1462 2523 1556 2577 καὶ
1582 2539 1830 2592 πνενμα-

240 2617 372 2689 τικὴ
420 2616 650 2679 κώδεσις
670 2633 685 2646 '
719 2615 952 2688 χαίροις,
981 2615 1382 2683 φωτοστόλιστε
1412 2617 1589 2687 μῆτερ
1631 2614 1830 2668 ἀδύτου

242 2708 520 2779 φέγγουςο
576 2707 810 2780 χαίροις,
875 2706 1228 2778 πανάχραντε
1274 2707 1449 2778 μῆτερ
1509 2707 1826 2776 ἁγιότητος.

247 2797 484 2871 χαίροις.
508 2796 843 2868 διειδεστάτη
900 2796 1052 2868 πηγὴ
1087 2795 1181 2850 τού
1227 2795 1494 2861 ζωοποιοῦ
1539 2795 1783 2866 νάματος
1812 2813 1826 2828 ι

244 2889 490 2962 χαίροις,
530 2888 628 2942 νέα
648 2877 842 2960 ’μῆτερ
886 2889 982 2941 καὶ
1031 2889 1306 2954 νεογενίας
1345 2888 1404 2942 τὸ
1453 2888 1788 2960 πλαστήριον
1813 2905 1828 2918 °

245 2981 483 3055 χαίροις.
500 2981 876 3052 ἀνερμήνευτε
898 2981 1074 3051 μῆτερ
1098 2979 1482 3049 ἀκαταληψίας
1501 2996 1514 3011 ο
1547 2981 1780 3051 χαίροις,
1799 2982 1825 3034 ό

245 3068 436 3134 καινὸς
460 3068 603 3123 κατὰ
640 3069 869 3122 Ἡσαΐαν
892 3068 1058 3138 τόμος
1087 3069 1185 3139 τῆς
1211 3067 1335 3133 νέας
1365 3071 1690 3140 συγγραφῆς
1715 3110 1730 3132 ο
1761 3065 1830 3141 ἦς

246 3159 527 3232 μάρτυρες
560 3159 762 3225 πιστοὶ,
785 3159 1006 3228 ἄγγελοί
1032 3176 1090 3213 τε
1121 3161 1216 3213 καὶ
1241 3160 1520 3231 ἄνθρωποι
1543 3178 1556 3190 ·
1592 3161 1829 3232 χαίροις,
1861 3208 1904 3268 c

245 3251 310 3305 τὸ
339 3250 684 3321 ἀλάϐαστρον
713 3249 808 3304 τοῦ
845 3249 1168 3320 άγιαστικοῦ
1202 3255 1397 3322 μύρουο
1429 3251 1666 3322 χαίροις,
1700 3253 1834 3307 καλ-

245 3342 515 3414 λιέμπορε
561 3341 657 3395 τοῦ
704 3341 1040 3412 παρθενικοῦ
1096 3342 1394 3414 δηναρίου·
1451 3343 1685 3413 χαίροις,
1717 3337 1834 3397 οἷον

247 3432 476 3505 πλάσμα
491 3434 586 3487 καὶ
603 3433 1028 3505 περιδρακτικδν
1054 3431 1148 3486 τοῦ
1175 3433 1579 3504 πλαστονργοῦο
1594 3433 1829 3506 χαίροις,

247 3525 487 3598 χώρημα
531 3525 813 3597 ἐλάχιστον
833 3566 846 3587 ,
889 3528 1186 3596 χωρήσασα
1214 3523 1306 3578 τὸν
1332 3527 1446 3588 τοῖς
1474 3526 1641 3579 πᾶσιν
1688 3525 1836 3596 ἀχώο

252 3635 434 3691 ρητον.

317 3714 393 3768 Δ⁹.
415 3711 523 3766 Καὶ
541 3710 623 3775 τίς
641 3711 739 3783 τὴν
755 3710 948 3778 γενεὰν
970 3705 1061 3765 τού
1079 3711 1436 3783 ἀρχαιοτέρου
1457 3712 1558 3782 τῆς
1579 3711 1834 3781 γνώσεως

248 3803 574 3874 διηγήσεται
599 3820 614 3868 ;
637 3803 688 3856 τι
715 3803 1118 3874 θαυμάσωμεν;
1146 3802 1240 3857 τὸν
1261 3803 1404 3858 θεῖον
1433 3807 1528 3858 καὶ
1559 3805 1836 3874 άνὲκφρα-

251 3913 377 3951 στον
408 3897 592 3959 τόκον,
625 3896 658 3968 ἢ
696 3899 797 3969 τὴν
827 3898 1236 3968 άνερμήνευτον
1265 3897 1518 3968 λοχείαν;
1553 3900 1630 3952 Οὐ
1671 3915 1832 3969 περι-

247 3993 539 4066 δράττεται
561 3993 810 4063 mmet
829 3993 971 4062 ὑπὲρ
989 3992 1169 4060 λόγον’
1210 3993 1273 4046 οὐ
1304 3994 1710 4064 περιγράφεται
1740 3994 1836 4064 νῷ,

249 4086 319 4140 τά
343 4084 485 4157 ὑπὲρ
507 4083 738 4138 εννοιαν.
764 4085 826 4137 ΕΞ
857 4084 965 4152 γὰρ
984 4084 1075 4136 καὶ
1098 4083 1418 4155 κατατολμᾷ
1440 4087 1689 4155 γραφεὺς
1711 4101 1837 4156 γρι.

251 4176 366 4242 eis;
379 4176 706 4248 διαχαράξαι
717 4175 816 4246 τὴν
833 4175 1044 4246 μητέρα
1058 4175 1157 4246 τῆς
1170 4176 1506 4240 οἰκονομίας.
1530 4175 1648 4230 ἀλλ’
1663 4176 1840 4230 οὐδενὶ

251 4268 397 4340 λόγῳ
419 4268 694 4340 ἐκφράσαι
722 4268 1010 4338 δυνήσεται
1043 4267 1134 4320 τὸν
1160 4268 1361 4339 τρόπον
1389 4269 1486 4337 τῆς
1516 4269 1838 4341 κυοφορέας.

260 4360 327 4413 Τί
370 4357 508 4427 οὖνς
547 4361 725 4432 ἀρχὴν
764 4358 1043 4428 ἐπιθῶμεν
1095 4357 1173 4429 τῷ
1218 4359 1390 4428 τὸκῳς
1437 4358 1552 4412 ἀλλ’
1588 4360 1688 4429 οὐχ
1737 4359 1840 4426 ὑφ·

254 4454 507 4524 έστηκεν.
537 4453 702 4523 Ἀτρε
712 4468 861 4508 πτον.
898 4453 1154 4521 ἄναρχον,
1175 4450 1345 4504 ἀΐδιον
1366 4448 1726 4522 ὀνομάζωμεν
1749 4451 1840 4504 τὸν

1939 1969 2056 2016 tum
2087 1971 2380 2034 exsuperat
2406 1982 2420 2018 :
2451 1974 2617 2035 atque
2640 1981 2671 2020 a
2698 1967 2910 2024 cmlesti
2950 1968 3099 2024 illius
3131 1971 3270 2025 civis
3303 1970 3527 2026 Gabriel

1939 2053 2270 2112 salutatione
2309 2057 2470 2112 initio
2530 2057 2733 2124 ducto,
2794 2059 3043 2116 dicamus
3085 2081 3097 2116 :
3143 2081 3160 2114 ι
3209 2062 3344 2128 Ave,
3401 2078 3530 2135 gra-

1939 2143 2081 2201 tiosa
2112 2145 2248 2216 (8|),
2275 2147 2542 2203 Dominus
2566 2157 2750 2206 tecum
2780 2153 2823 2205 ’.
2864 2170 2883 2203 ι
2911 2150 3049 2207 Cum
3076 2169 3187 2223 quo
3220 2154 3420 2209 iterum
3445 2171 3534 2211 re-

1938 2251 2222 2293 sumamus
2258 2257 2270 2292 :
2313 2255 2434 2306 ave,
2467 2240 2777 2298 desiderata
2816 2242 2980 2299 nobis
3011 2244 3230 2311 laetitia;
3264 2261 3386 2309 ave,
3410 2247 3530 2319 glo-

1939 2327 2103 2383 riatio
2132 2328 2418 2396 Ecclesiae;
2447 2347 2568 2396 ave,
2591 2347 2792 2388 nomen
2816 2333 2977 2390 dulce
3002 2335 3248 2406 spirans;
3283 2353 3403 2404 ave,
3442 2337 3526 2392 di-

1937 2421 2065 2476 vine
2089 2421 2305 2493 fulgens
2331 2424 2738 2496 admodumque
2763 2428 3000 2498 gratiosa
3027 2427 3227 2494 facies;
3265 2446 3386 2494 ave,
3406 2447 3532 2502 per-

1938 2528 2104 2582 quam
2133 2514 2443 2570 venerabile
2471 2517 2904 2585 monimentum;
2934 2537 3056 2586 ave,
3084 2523 3261 2578 vellus
3290 2525 3529 2580 salutare

1937 2613 1996 2659 et
2038 2605 2318 2675 spiritale;
2364 2622 2482 2671 ave,
2514 2607 2702 2664 lumen
2727 2609 2956 2676 induta,
3000 2622 3178 2668 mater
3213 2615 3525 2683 splendoris

1938 2696 2236 2753 nescientis
2257 2714 2544 2765 occasum;
2568 2716 2688 2763 ave,
2711 2702 3194 2759 intemeratissima
3212 2715 3388 2760 mater
3407 2723 3533 2762 san-

1937 2789 2175 2856 ctitatis;
2202 2805 2323 2855 ave,
2343 2793 2772 2862 pellucidissime
2793 2794 2915 2851 fons
2940 2796 3142 2852 vivifici
3167 2797 3379 2863 laticis;
3431 2815 3532 2854 ave

1937 2880 2036 2944 sis,
2061 2897 2200 2936 nova
2227 2891 2420 2946 mater,
2472 2896 2530 2940 et
2571 2886 2697 2939 novi
2749 2895 2908 2941 ortus
2951 2887 3242 2955 ﬁctitium;
3289 2905 3387 2943 ave
3433 2892 3530 2952 sis,

1939 2973 2512 3044 incomprehensionis
2545 2984 2722 3031 mater
2749 2977 3178 3047 inexplicabilis;
3208 2994 3330 3041 ave,
3355 2995 3533 3033 novus

1941 3061 2033 3117 ille
2055 3063 2211 3133 juxta
2231 3063 2428 3118 Isaiam
2453 3064 2474 3094 ³
2499 3074 2682 3120 tomus
2718 3066 3037 3136 scriptionis
3064 3083 3238 3131 novae,
3257 3071 3416 3139 cujus
3438 3069 3532 3124 fidi

1942 3161 2132 3220 testes,
2155 3155 2336 3225 angeli
2358 3163 2526 3226 atque
2551 3155 2836 3224 homines;
2874 3174 2994 3222 ave,
3031 3160 3367 3214 alabastrum
3397 3161 3534 3216 illud

1939 3245 2206 3316 unguenti
2251 3246 2736 3314 sanctificationis;
2782 3264 2883 3303 ave
2917 3249 3011 3313 sis,
3035 3249 3180 3304 bona
3233 3252 3530 3307 mercatrix

1937 3337 2154 3392 denarii
2185 3338 2548 3408 virginitatis;
2583 3355 2704 3404 ave,
2739 3355 2842 3395 ceu
2883 3340 3228 3412 ﬁgmentum,
3261 3342 3358 3398 sed
3386 3343 3535 3414 quod

1938 3426 2185 3483 ﬁctorem
2206 3429 2407 3484 habeat
2435 3429 2842 3500 circumplecti;
2873 3445 2972 3486 ave
2990 3432 3088 3495 sis,
3124 3431 3351 3487 minima
3377 3448 3538 3505 capa-

1940 3519 2099 3584 citas,
2128 3518 2287 3575 illum
2315 3519 2544 3592 capiens
2574 3537 2740 3576 auem
2783 3522 2932 3576 nulla
2967 3538 3055 3577 res
3084 3522 3285 3594 capiat.

2013 3721 2102 3776 IV.
2129 3721 2266 3787 Quis
2305 3737 2472 3792 porro
2511 3721 2660 3777 illius
2696 3722 2790 3792 qui
2837 3722 3067 3777 scicntia
3103 3733 3190 3778 est
3219 3722 3535 3793 antiquior,

1941 3813 2353 3884 generationem
2396 3813 2678 3868 enarrabit
2711 3813 2770 3866 ’τ’
2799 3813 2943 3880 Quid
2989 3815 3359 3880 admiremur;
3393 3815 3537 3868 divi-

1941 3921 2149 3962 numne
2179 3916 2235 3961 et
2273 3905 2607 3961 ineffabilem
2645 3915 2862 3976 partum
2884 3947 2899 3971 ,
2926 3923 2993 3960 an
3021 3916 3350 3976 conceptum
3386 3908 3540 3962 inex-

1942 3999 2297 4070 plicabilem?
2320 3998 2438 4053 Non
2465 4007 2650 4067 potest
2674 3999 2857 4053 oratio
2911 3999 3202 4070 complecti
3225 4016 3347 4070 quae
3374 4017 3537 4070 supe-

1945 4100 2072 4146 rant
2093 4092 2387 4146 rationem.
2415 4091 2535 4146 Non
2561 4091 2975 4147 circumscribit
3023 4092 3244 4146 animus
3264 4108 3385 4161 qua:
3413 4101 3542 4146 sunt

1945 4200 2112 4254 supra
2144 4184 2504 4239 intellectum.
2531 4184 2855 4254 Quanquam
2888 4185 3038 4238 enim
3072 4186 3356 4254 pnesumit
3400 4186 3540 4240 scri-

1946 4284 2074 4345 ptor
2094 4276 2236 4347 ston
2260 4290 2487 4329 exarare
2511 4284 2743 4330 matrem
2769 4274 3198 4344 diSponsationis
3225 4276 3359 4345 (82),
3392 4277 3541 4330 nulla

1949 4374 2133 4420 tamen
2186 4365 2419 4421 ratione.
2453 4365 2677 4420 modum
2727 4376 2917 4434 partus
2961 4365 3272 4421 edisserere
3317 4368 3540 4437 poterit.

1947 4455 2091 4523 Quid
2125 4472 2258 4528 ergo
2301 4457 2523 4512 initium
2572 4457 2755 4527 partui
2803 4457 3269 4525 imposuerimus?
3321 4460 3388 4512 At
3433 4473 3544 4512 non

254 4546 548 4618 τεχθέντα;
581 4545 698 4600 ἀλλ’
733 4543 909 4615 ἀρχὴν
949 4545 1271 4614 ὑποχρόνιον
1315 4544 1593 4597 δείκνυσιν
1625 4545 1658 4615 ἡ
1694 4543 1838 4598 κατά

1947 4548 2222 4611 consistit,
2241 4549 2392 4603 velut
2417 4547 2965 4611 immutabilis,velut
2987 4549 3260 4620 principio
3283 4550 3540 4604 carentis.

258 4637 442 4709 σάρκα
488 4637 762 4706 γέννησις.
793 4636 1002 4706 Βρέφος
1033 4632 1126 4690 οὖν
1149 4635 1474 4705 καλέσωμεν
1508 4635 1602 4688 τὸν
1645 4651 1842 4704 γεννηο

257 4729 440 4794 θέντας
469 4729 607 4784 ἀλλὰ
634 4727 870 4784 Παλαιὸν
898 4729 1061 4783 αὐτὸν
1081 4729 1193 4782 τῶν
1217 4729 1441 4800 ἡμερῶν
1475 4732 1566 4782 καὶ
1594 4729 1834 4800 Ποιητὴν

257 4822 368 4876 τῶν
400 4821 614 4877 αἰώνων
642 4821 1006 4893 γνωρίζομεν.
1041 4821 1242 4892 Θάῦμα
1271 4823 1334 4877 τὺ
1378 4823 1507 4876 πᾶν.
1537 4824 1706 4876 Ὀταν
1741 4823 1842 4892 μὲν

259 4915 369 4986 γάρ
398 4915 535 4986 πρὸς
564 4914 663 4986 τὴν
695 4914 890 4983 ὕψεσιν
921 4915 1104 4985 βλέπω
1133 4916 1234 4985 τῆς
1270 4917 1492 4987 σαρκὸς,
1526 4915 1743 4969 ἀνέλκει
1777 4931 1845 4986 με

255 5007 354 5077 τῆς
385 5005 692 5078 θεότητοςή
723 5007 1008 5069 ἐπίστασις
1031 5024 1044 5038 ·
1074 5009 1205 5061 ὅταν
1236 5007 1294 5061 δὲ
1325 5006 1488 5060 πάλιν
1518 5007 1846 5077 άναχθῶμεν

261 5095 395 5166 (80‘)
430 5097 530 5165 τῆς
564 5097 848 5168 θεότητος,
891 5098 1150 5151 καθέλκει
1179 5116 1246 5168 με
1265 5094 1421 5161 αὖθις
1441 5098 1503 5150 τὸ
1528 5099 1726 5169 μέτρον
1753 5099 1848 5151 καὶ

258 5188 698 5256 ἀφαντασεαστον
748 5189 847 5258 τῆς
905 5189 1146 5258 σαρκός-⁸
1201 5189 1294 5241 καὶ
1351 5187 1412 5240 τὸ
1453 5189 1698 5259 ἄρρητον
1744 5192 1845 5260 τῆς

260 5281 570 5350 άσυγχύτον
616 5283 864 5346 lvi-335m;
897 5283 1005 5336 τῶν
1047 5282 1284 5350 φύσεων,
1333 5281 1718 5352 παιδευτήριόν
1753 5299 1844 5352 μοι

329 5420 348 5449 ⁸
375 5418 509 5472 Luc.
547 5435 584 5481 ι,
621 5419 711 5472 27.
791 5417 810 5449 ³
846 5417 948 5473 lsa.
986 5432 1099 5478 vnt,
1141 5417 1189 5470 l.

331 5533 466 5604 (80‘)
509 5534 569 5587 Ρ.
603 5534 824 5604 ἀναχθῶ
851 5533 1006 5603 μετά.
1039 5534 1190 5586 Εοιτ.

334 5603 446 5675 (8|)
481 5605 608 5668 Ave,
643 5600 923 5675 gratioso:
961 5603 1376 5675 κεχαριτωμένη
1406 5619 1418 5631 ·
1455 5600 1848 5675 velut_gratili-

263 5685 383 5730 cata
409 5671 957 5757 (“liabensgratiann
997 5671 1446 5757 sed;acclepta_m;
1476 5671 1636 5757 .quod
1669 5672 1840 5742 passio

262 5762 391 5800 vum
433 5745 568 5799 illud
604 5741 912 5801 subindicat
938 5763 974 5816 ,ε
1028 5746 1170 5815 vulg.
1212 5743 1399 5798 Gratia
1434 5741 1588 5812 pleno
1629 5759 1645 5797 :
1674 5741 1843 5798 sensu

269 5830 380 5870 non
409 5814 651 5870 diverso.

269 5830 380 5872 non
409 5829 651 5872 diverso.

1945 4639 2368 4696 Nominabimus
2385 4649 2678 4704 aeternum,
2707 4651 2897 4695 natum
2929 4641 3196 4712 puerum?
3219 4651 3276 4693 at
3303 4640 3545 4696 ostendit

1944 4731 2206 4787 nativitas
2253 4731 2490 4786 carnalis
2541 4741 2910 4801 temporaneaa
2951 4731 3265 4787 durationis
3301 4732 3542 4786 initium.

1944 4825 2201 4879 Dicemus
2223 4839 2354 4895 ergo
2387 4823 2652 4878 infantem
2685 4834 2843 4894 partu
2885 4824 3095 4880 editum
3126 4825 3322 4879 illum?
3343 4825 3413 4879 At
3437 4825 3546 4880 sci-

1944 4930 2069 4970 mus
2096 4915 2398 4984 Antiquum
2435 4915 2650 4969 dierum
2681 4917 2723 4978 ',
2753 4925 2808 4969 et
2843 4915 3110 4970 factorem
3138 4915 3465 4970 seculorum
3501 4916 3544 4970 ⁸.

1952 5007 2282 5063 Universum
2315 5007 2662 5062 miraculum.
2694 5007 2838 5062 Sane
2872 5024 2996 5062 cum
3023 5009 3089 5062 ad
3128 5008 3312 5062 carnis
3345 5008 3548 5064 demis-

1951 5100 2166 5154 sionem
2207 5099 2433 5169 aspicio,
2470 5115 2556 5154 me
2586 5099 2848 5154 subvehit
2883 5100 3190 5154 divinitatis
3233 5100 3550 5155 considera-

1952 5192 2032 5246 tio
2066 5210 2078 5244 :
2113 5206 2237 5246 cum
2270 5199 2455 5244 autem
2490 5191 2544 5244 in
2576 5190 2920 5245 divinitatem
2961 5191 3232 5245 fuerimus
3273 5191 3544 5251 subvecti,

1953 5284 2125 5338 trahit
2166 5299 2252 5336 me
2279 5299 2474 5337 rursus
2516 5292 2571 5337 et
2613 5283 2855 5366 demittit
2889 5283 3086 5337 modus
3121 5291 3286 5352 atque
3317 5283 3546 5337 veritate

1267 5417 1286 5445 δ
1312 5415 1412 5469 lsa.
1454 5431 1564 5476 un,
1602 5413 1652 5468 8.
1731 5415 1752 5445 ⁵
1785 5415 1918 5468 Dan.
1958 5433 2056 5482 vn,
2091 5418 2175 5472 15.
2249 5418 2270 5448 ⁶
2295 5417 2462 5471 Hebr.
2489 5434 2524 5481 ι,
2551 5416 2604 5470 9..

2033 5531 2146 5602 (89.)
2179 5532 2407 5586 Matrem
2432 5532 2837 5600 dispmsationis
2865 5548 2880 5582 :
2912 5530 3023 5602 {tv
3043 5531 3257 5602 μητέρα
3282 5529 3375 5596 τῆς
3406 5530 3549 5602 οἶκο-

1959 5599 2378 5680 νομ-ίριςίηγθΙ-ιιι
2414 5599 2643 5680 matrem
2682 5599 3266 5680 οδξυιιιμίίρίκ-ονομία
3295 5609 3352 5652 et
3375 5599 3548 5653 admi-

1960 5669 2120 5744 rabili
2163 5673 2253 5727 illa
2290 5673 2720 5744 dispensatione,
2762 5671 3034 5744 hominis._
3062 5669 3387 5724 Latissimus
3421 5684 3554 5726 usus

1960 5743 2109 5800 illius
2144 5746 2295 5800 vocis
2330 5740 2395 5799 in
2419 5742 2646 5798 materia
2673 5740 3069 5798 incarnationis
