4078 6340
252 374 398 434 ηιξ

1250 370 1538 428 HOMILIA
1573 371 1637 424 Ὗ.
1681 365 1748 421 ΙΝ
1789 360 1904 419 DIE
1934 361 2378 420 NAilVlTA'ﬂS
2409 363 2669 422 DOHINI.

3405 372 3549 432 NH

251 510 364 567 que
388 491 741 547 festivitatem
764 489 1118 559 passionluus
1139 487 1512 558 antiquiorem
1539 483 1689 539 facit.
1716 481 1846 536 Sive
1876 487 1922 539 Δ
1949 476 2107 544 Quod
2141 481 2290 535 enim
2328 482 2507 537 oculis
2532 481 2896 552 conspicuum
2933 493 3039 548 est,
3067 485 3191 557 ejus
3225 495 3314 542 est
3342 490 3551 559 proba-

255 579 531 637 vivificam
559 581 682 649 ejus
705 585 944 633 mortem
974 578 1293 641 recolimus,
1317 593 1469 631 nunc
1500 575 1726 630 advenit
1751 573 1848 644 qui

254 688 317 730 se
343 688 446 744 pro
479 671 643 726 nobis
677 670 735 725 in
762 679 1000 726 mortem
1028 681 1152 726 erat
1183 670 1509 725 traditurus.
1537 668 1665 722 Sive
1692 669 1851 723 deni-

249 779 362 835 que
401 777 658 832 magnam
701 762 1130 818 resurrectionis
1166 763 1290 832 ejus
1332 760 1687 816 festivitatem
1729 759 1848 829 agi-

250 868 400 916 mus.
432 867 602 923 quam
644 851 810 907 nobis
851 868 901 907 is
941 851 1199 922 praebuit,
1245 866 1307 905 se
1352 851 1530 920 ipsum
1574 849 1849 920 primitias

246 927 500 1000 emeiens
529 959 727 999 eorum
763 949 862 1014 qui
901 952 1036 1000 sunt
1079 942 1454 998 resurrecturi
1490 941 1570 1013 (in
1603 957 1661 997 se
1695 957 1850 995 nam-

251 1037 372 1109 que
392 1037 717 1092 universum
737 1037 1030 1092 suscitavit
1049 1036 1354 1091 humanum
1375 1051 1568 1106 genus,
1597 1050 1850 1089 commu—

249 1110 381 1184 nem
396 1127 647 1184 universi
663 1127 1126 1183 iniussuscitandi
1143 1129 1567 1198 promissionem
1589 1128 1845 1196 faciens);

250 1211 526 1276 hodierna
561 1221 834 1276 festivitas
862 1221 955 1276 illa
981 1219 1149 1274 etiam
1174 1220 1395 1276 exsistit
1421 1220 1722 1290 antiquior.
1755 1221 1850 1275 Ειρ

251 1313 404 1370 enim
447 1315 740 1370 triduanus
779 1330 813 1370 e
851 1316 1110 1386 sepulcro
1150 1315 1393 1370 surrexit
1425 1314 1699 1376 Salvator.
1737 1329 1848 1368 non

252 1421 419 1462 sum
453 1405 725 1464 duntaxat
751 1410 1073 1478 sepulcrum
1110 1409 1384 1479 aperiens,
1419 1406 1516 1462 sed
1547 1416 1606 1462 et
1641 1407 1847 1460 multo-

251 1509 382 1552 rum
401 1497 656 1568 sepulcra
676 1506 992 1552 sanctorum
1024 1513 1278 1554 reserans
1308 1497 1375 1552 ".
1407 1495 1545 1552 Cum
1572 1513 1673 1552 suo
1697 1496 1847 1552 enim

250 1577 424 1644 etiam
455 1574 776 1644 sanctorum
808 1591 1062 1660 sepulcra
1095 1592 1338 1662 aperuit,
1374 1591 1844 1646 resurrectionem

253 1694 416 1735 suam
461 1680 838 1736 arrhabonem
878 1698 945 1738 ac
988 1684 1187 1754 pignus
1233 1683 1489 1752 praebens
1535 1683 1848 1739 communis

254 1773 702 1829 resurrectionis.
736 1775 1051 1846 Resurgens
1075 1791 1108 1830 e
1138 1776 1398 1846 sepulcro
1429 1776 1681 1845 sepulcra
1711 1791 1844 1846 ape-

254 1861 404 1926 ruit;
448 1871 724 1934 natusque
763 1881 797 1918 e
843 1843 1008 1918 vulva
1056 1843 1275 1932 vulvam
1322 1878 1434 1918 non
1477 1843 1714 1933 aperuit.
1747 1843 1843 1917 —Ex
1879 1843 1922 1898 Β

253 1961 434 2007 morte
481 1953 631 2008 enim
676 1970 741 2008 ac
785 1961 945 2008 teme
987 1952 1111 2005 sinu
1152 1966 1446 2021 emergens
1489 1957 1846 2004 monumenta

252 2043 468 2114 aperit;
503 2060 740 2099 nascens
779 2060 912 2098 vero
948 2059 1016 2098 ex
1054 2044 1276 2113 Virgine
1315 2051 1532 2097 uterum
1568 2057 1678 2096 non
1711 2057 1844 2112 ape-

254 2136 372 2192 ruit
403 2155 416 2189 :
445 2137 543 2192 sed
586 2145 643 2191 et
682 2137 950 2200 nascitur,
990 2145 1048 2190 et
1085 2136 1328 2206 Virginis
1369 2136 1551 2189 sinum
1597 2135 1847 2189 clausum

254 2225 542 2298 relinquit.
583 2227 979 2294 Quamobrem,
1009 2227 1236 2296 quaeso?
1282 2226 1448 2280 video
1494 2226 1642 2280 enim
1691 2233 1750 2280 et
1794 2233 1849 2280 te

253 2317 378 2388 ejus
416 2317 629 2373 sciendi
660 2317 941 2373 desiderio
973 2318 1174 2373 teneri.
1205 2318 1346 2372 hum
1385 2317 1501 2372 haec
1534 2330 1701 2370 causa
1743 2315 1848 2369 rite

255 2407 477 2465 dicatur
523 2409 599 2464 ob
649 2425 817 2479 quam
876 2416 1235 2463 monumenta
1289 2408 1638 2478 aperiuntur,
1685 2408 1850 2461 vulva

193 2487 208 2550 .’
254 2499 546 2573 virginalis
580 2511 776 2571 aperta
811 2515 922 2555 non
963 2501 1100 2554 fuit?
1121 2501 1270 2571 quod
1299 2501 1564 2556 nimirum
1605 2503 1728 2571 ejus
1766 2519 1852 2557 re—

179 2629 185 2640 ς
254 2593 538 2648 correctio
557 2593 942 2649 universorum
966 2595 1396 2649 resurrectionis
1417 2609 1582 2649 causa
1604 2595 1848 2660 exstitit;

257 2693 457 2754 partus
483 2699 622 2740 vero
649 2685 981 2740 miraculum
1019 2687 1143 2762 ejus
1181 2685 1358 2739 solum
1395 2685 1491 2755 qui
1532 2686 1628 2739 illo
1666 2685 1854 2740 editus

253 2783 344 2830 est
377 2774 571 2840 fuerit,
595 2790 708 2830 non
736 2785 799 2831 ut
821 2777 1114 2846 quisquam
1145 2777 1288 2831 alius
1323 2777 1417 2832 tali
1449 2778 1614 2832 modo
1649 2778 1853 2832 nativi-

256 2867 391 2922 tatis
436 2867 494 2922 in
536 2882 725 2924 rerum
770 2876 1027 2923 naturam
1069 2870 1321 2924 edendus
1364 2870 1456 2924 sit.
1502 2869 1666 2924 Solus
1702 2871 1855 2925 enim

259 2971 388 3013 cum
421 2968 592 3023 esset,
617 2974 682 3014 ac
715 2974 959 3028 praesens
995 2969 1164 3021 esset,
1191 2967 1354 3014 natus
1387 2970 1504 3026 est;
1537 2975 1637 3014 nos
1665 2970 1854 3014 autem

259 3058 390 3122 post
416 3059 640 3120 partum
673 3051 730 3106 in
763 3051 914 3105 hunc
951 3051 1221 3105 mundum
1258 3051 1620 3106 advenimus:
1653 3067 1717 3106 ac
1753 3067 1857 3107 nos

258 3141 488 3212 quidem
515 3150 632 3198 tum
656 3143 899 3213 primum
919 3158 1131 3208 sumus,
1155 3158 1282 3197 cum
1309 3151 1472 3212 partu
1493 3143 1853 3210 eﬂ'undimur;

259 3233 381 3304 ipse
416 3249 553 3290 vero
584 3251 713 3290 cum
753 3252 920 3291 natus
959 3244 1067 3301 est,
1091 3245 1212 3290 tum
1248 3236 1487 3306 primum
1517 3237 1699 3292 oculis
1724 3252 1858 3291 con-

257 3326 491 3396 spicuus
521 3326 648 3382 fuit.
683 3327 825 3394 Quia
850 3344 984 3399 ergo
1011 3327 1348 3383 resurrectio
1373 3331 1686 3384 communis
1712 3338 1855 3393 erat,

257 3428 457 3490 partus
486 3435 623 3475 vero
653 3421 778 3491 ejus
807 3423 1023 3476 exstitit
1059 3422 1391 3492 singularis;
1427 3423 1705 3477 universis
1730 3437 1858 3491 ape-

259 3511 486 3566 riuntur
524 3513 802 3582 sepulcra,
835 3523 1031 3568 uterus
1067 3523 1254 3569 autem
1296 3531 1410 3570 non
1452 3517 1718 3585 aperitur,
1755 3515 1859 3570 soli

259 3604 488 3662 Christo
523 3623 756 3662 servans
782 3607 1092 3662 mirabilem
1127 3609 1279 3663 illum
1313 3609 1568 3680 pariendi
1605 3609 1853 3664 modum.

259 3696 478 3754 Idcirco
523 3699 682 3771 virgo
729 3703 934 3755 mansit
979 3701 1180 3773 Virgo,
1226 3702 1445 3757 tametsi
1483 3717 1614 3757 vere
1661 3704 1858 3758 matris

259 3803 470 3845 nomen
500 3791 765 3848 obtinuit.
799 3792 975 3847 Mater
1012 3809 1252 3864 namque
1290 3795 1488 3851 eﬂ‘ecta
1522 3804 1608 3852 est
1643 3798 1858 3852 laeten-

258 3887 376 3937 tem
434 3884 659 3954 pariens
709 3901 978 3956 puerum;
1034 3887 1240 3942 mansit
1286 3888 1654 3945 nihilominus
1703 3890 1859 3961 virgo

260 3975 508 4034 Verbum
537 3977 712 4034 edens
739 3994 964 4034 carnem
993 3978 1220 4034 factum.
1250 3981 1390 4036 Eum
1421 3983 1605 4052 itaque
1633 3985 1729 4054 qui
1757 4001 1857 4039 na—

262 4076 357 4125 tus
379 4076 468 4124 est
491 4110 507 4133 .
538 4077 598 4126 et
636 4071 918 4127 hominem
953 4072 1121 4142 Virgo
1162 4074 1410 4128 ostendit
1463 4082 1522 4129 et
1560 4074 1803 4129 Verbum
1842 4094 1854 4129 :

262 4160 551 4217 hominem
589 4163 840 4218 ostendit
879 4163 1076 4220 effecta
1117 4171 1324 4231 mater;
1364 4165 1463 4221 sed
1506 4176 1566 4221 et
1612 4167 1856 4222 Verbum

260 4253 523 4310 eumdem
561 4255 810 4326 prodidit
838 4256 996 4328 virgo
1029 4273 1413 4327 perseverans,
1440 4259 1587 4329 quod
1619 4269 1679 4315 et
1701 4261 1859 4330 prius

261 4346 389 4401 fuit.
433 4347 628 4419 Neque
663 4350 815 4404 enim
863 4350 1000 4405 illud
1037 4350 1241 4416 amisit,
1276 4351 1494 4421 hocque
1533 4352 1854 4422 assumpsit.

261 4435 465 4492 lansit
491 4453 626 4510 ergo
650 4438 826 4509 virgo,
853 4439 1001 4509 quod
1031 4449 1180 4505 erat;
1223 4455 1288 4495 ac
1314 4449 1492 4495 mater
1524 4439 1720 4496 effecta
1750 4453 1855 4506 est,

1883 3193 1932 3258 C

1955 572 2032 626 tio
2049 571 2204 642 quod
2230 574 2594 643 conspicuum
2622 588 2733 629 non
2770 576 3011 632 exsistit.
3040 577 3244 634 Verum
3274 580 3343 635 ad
3380 597 3552 638 evan~

1950 665 2188 735 gelicum
2226 681 2542 722 sermonem
2585 667 2833 724 animum
2869 669 3224 732 reducamus.
3265 688 3380 744 quo
3418 673 3551 730 inde

1949 756 2144 826 petitis
2172 757 2589 812 narrationibus
2606 759 2856 828 jucunde
2882 774 2983 816 vos
3005 761 3370 832 excipiamus.

2020 847 2110 902 Ill.
2161 867 2180 900 ι
2207 849 2336 906 Jesu
2367 848 2597 915 Christi,
2623 850 2825 930 inquit,
2851 855 3134 923 generatio
3165 856 3248 912 sic
3274 866 3398 912 erat
3423 857 3491 912 ".
3521 877 3542 910 ι

1951 937 2078 995 Haec
2126 941 2205 995 ait
2254 940 2545 997 Mattheus
2597 933 2972 1014 evangelista.
3018 947 3115 1017 qui
3165 955 3224 1002 et
3266 947 3550 1006 Christum

1949 1033 2122 1087 Deum
2162 1034 2301 1088 sciat
2333 1036 2550 1090 saeculis
2581 1039 2945 1102 anteriorem,
2977 1047 3036 1094 et
3074 1041 3197 1111 ejus
3231 1057 3382 1098 nunc
3417 1059 3553 1098 nar-

1948 1131 2036 1177 ret
2069 1126 2508 1194 generationem.
2549 1127 2677 1184 Haac
2707 1144 2865 1199 ergo,
2896 1131 2994 1196 ait,
3030 1147 3197 1188 nosce
3235 1152 3248 1187 :
3285 1150 3416 1190 eum
3460 1151 3554 1193 me

1949 1229 2205 1270 sermone
2236 1215 2558 1274 describere
2580 1220 2674 1290 qui
2699 1228 2758 1275 et
2779 1234 3003 1291 semper
3023 1231 3132 1288 est,
3155 1234 3214 1280 et
3235 1223 3416 1281 factus
3443 1238 3552 1283 est-

1948 1306 2102 1377 Ejus,
2132 1307 2332 1378 inquit,
2364 1311 2782 1380 generationem
2830 1329 3019 1379 narro,
3044 1315 3142 1385 qui
3167 1325 3255 1372 est
3289 1333 3550 1390 semper:

1947 1401 2070 1470 ejus
2097 1413 2340 1471 partum,
2378 1404 2474 1472 qui
2508 1404 2656 1460 Patri
2689 1417 3005 1463 coaeternus
3034 1409 3274 1467 exsistit.
3304 1410 3552 1467 Genera-

1948 1493 2155 1548 tionem
2201 1495 2348 1560 dico,
2379 1513 2490 1551 non
2531 1514 2641 1568 qua
2688 1500 2903 1556 ratione
2933 1511 3076 1567 erat,
3108 1503 3207 1558 sed
3243 1519 3354 1574 qua
3397 1515 3552 1575 post-

1949 1587 2176 1643 modum
2216 1589 2448 1646 exstitit.
2482 1591 2656 1646 Meam
2700 1592 2886 1663 itaque
2926 1593 3029 1649 tibi
3070 1595 3198 1650 dico
3232 1596 3552 1666 generatio-

1947 1695 2100 1745 nem,
2139 1697 2306 1752 quam
2351 1684 2606 1739 conditor
2656 1700 2814 1740 meus
2862 1687 3152 1757 amplexus
3195 1697 3300 1743 est.
3363 1709 3381 1741 ι
3411 1688 3550 1746 Cum

1948 1771 2100 1826 enim
2139 1781 2289 1827 esset
2332 1774 2662 1844 desponsata
2714 1784 2892 1833 mater
2933 1779 3059 1848 ejus
3109 1780 3281 1835 Maria
3319 1781 3550 1854 Ioseph,

1953 1871 2249 1932 antequam
2279 1867 2662 1931 convenirent,
2697 1867 2920 1925 inventa
2947 1879 3034 1925 est
3061 1871 3117 1924 in
3153 1880 3313 1926 utero
3341 1872 3554 1929 habens

1954 1953 2023 2007 de
2068 1952 2278 2026 Spiritu
2324 1965 2516 2010 sancto
2550 1958 2615 2012 ⁷³.
2653 1977 2674 2010 ι
2725 1957 3003 2024 Quorsum
3044 1976 3180 2017 vero
3222 1977 3292 2017 ex
3328 1963 3553 2034 Virgine

1955 2047 2271 2103 nasciturus
2296 2049 2583 2113 Dominus,
2604 2067 2716 2105 non
2737 2067 2803 2107 ex
2822 2067 2889 2114 ea
2911 2069 3034 2124 qua:
3056 2070 3168 2109 non
3191 2055 3554 2128 desponsata;

1955 2139 2053 2194 sed
2099 2155 2223 2210 quae
2265 2140 2387 2195 viro
2438 2140 2770 2212 desponsata
2812 2152 2981 2209 esset,
3025 2155 3320 2212 nascatur,
3372 2163 3559 2218 operte

1956 2233 2201 2302 pretium
2248 2248 2564 2289 noscamus.
2614 2234 2811 2290 Plures
2855 2237 3006 2292 enim
3049 2237 3166 2294 haec
3205 2241 3370 2295 nobis
3409 2241 3557 2312 obji-

1957 2325 2135 2389 ciunt,
2167 2325 2264 2396 qui
2297 2326 2567 2397 sapientis
2600 2327 2722 2397 ejus
2762 2328 2981 2383 consilii
3021 2331 3318 2386 utilitatem
3351 2333 3559 2403 oppido

1957 2433 2291 2490 cognoscere
2333 2418 2527 2473 velint.
2570 2417 2778 2485 Quidni
2820 2436 2890 2476 ex
2926 2422 3144 2493 virgine
3173 2438 3284 2477 non
3316 2424 3559 2494 despon-

1959 2517 2078 2564 sata
2125 2520 2289 2565 natus
2339 2511 2466 2565 est?
2515 2508 2718 2577 Quidni
2771 2513 2922 2568 omni
2977 2529 3171 2570 exsors
3225 2516 3562 2586 suSpicionis

1960 2601 2164 2655 mansit
2189 2600 2500 2672 virginitas,
2529 2618 2654 2674 qua:
2692 2604 2928 2659 Domino
2956 2607 3243 2660 nascituro
3277 2607 3560 2662 ministra-

1960 2699 2084 2745 tura
2111 2692 2273 2746 erat?
2300 2691 2474 2748 Secus
2499 2693 2661 2764 plane
2686 2710 2746 2750 se
2769 2711 2860 2750 res
2883 2694 3091 2753 habet:
3117 2707 3375 2767 suspecta
3400 2714 3562 2753 nam-

1960 2797 2069 2851 que
2097 2781 2265 2853 Virgo
2295 2782 2481 2837 futura
2509 2794 2652 2849 erat,
2675 2785 2784 2841 nisi
2818 2787 3023 2858 Joseph
3065 2789 3160 2858 qui
3189 2789 3564 2859 desponderat

1960 2873 2246 2928 custodem
2292 2874 2597 2930 habuisset.
2648 2877 2854 2931 Verum
2905 2894 3164 2949 sponsam
3211 2897 3333 2935 eam
3377 2882 3566 2952 justus

1961 2964 2181 3033 accipit,
2227 2975 2289 3019 ut
2329 2965 2666 3036 virginitatis
2712 2976 2904 3023 custos
2951 2970 3215 3035 exsistat,
3257 2987 3321 3026 ac
3368 2981 3566 3043 partus

1965 3057 2140 3111 testis.
2191 3054 2562 3122 Quamobrem
2609 3058 2775 3113 etiam
2820 3069 3011 3116 custos
3058 3061 3114 3116 in
3163 3063 3287 3133 ejus
3332 3065 3566 3121 veniens

1964 3147 2357 3218 suspicionem,
2388 3164 2702 3218 quanquam
2737 3158 3030 3220 putaverat
3077 3151 3219 3208 bene
3255 3155 3566 3210 custodisse

1962 3238 2068 3293 sibi
2091 3239 2502 3310 desponsatam,
2535 3261 2553 3292 ι
2583 3240 2997 3298 voluitocculte
3022 3244 3304 3301 dimittere
3319 3262 3440 3302 eam
3459 3248 3557 3302 ἐ»

1961 3331 2262 3387 Enimvero
2303 3332 2460 3386 testis
2494 3333 2610 3402 ipse
2635 3334 2875 3404 Virginis
2897 3333 3156 3399 efﬁcitur,
3192 3338 3289 3407 qui
3328 3339 3566 3409 sapienti

1959 3422 2194 3476 consilio
2222 3420 2466 3490 disponit
2498 3422 2849 3476 miraculum.
2893 3442 2912 3473 ι
2946 3422 3039 3477 Ait
3076 3425 3224 3479 enim
3261 3425 3318 3479 in
3358 3428 3568 3482 somnis

1958 3511 2161 3583 Joseph
2197 3531 2211 3567 :
2251 3513 2376 3575 Noli
2424 3513 2621 3567 timere
2672 3514 2928 3583 accipere
2982 3515 3210 3570 Mariam
3269 3519 3565 3589 conjugem

1962 3598 2114 3660 tuam
2138 3623 2151 3658 :
2175 3606 2324 3676 quod
2349 3607 2498 3662 enim
2528 3607 2580 3660 in
2607 3622 2672 3660 ea
2697 3617 2888 3661 natum
2912 3615 3017 3672 est,
3044 3609 3114 3663 de
3137 3608 3348 3680 Spiritu
3375 3621 3568 3668 sancto

1958 3706 2047 3753 est
2069 3698 2133 3750 ⁷⁸.
2166 3716 2186 3748 ι
2221 3697 2383 3752 Nulla
2420 3698 2520 3751 tibi
2559 3697 2710 3751 fraus
2744 3698 2978 3766 contigit
3012 3699 3350 3755 custodienti
3381 3701 3566 3772 Virgi-

1961 3806 2088 3844 nem
2130 3807 2145 3844 ε
2186 3800 2383 3860 partus
2437 3790 2586 3845 enim
2637 3792 2962 3862 mysterium
3005 3791 3074 3845 de
3124 3791 3334 3863 Spiritu
3372 3803 3568 3849 saneto

1960 3883 2197 3937 exsistit.
2236 3883 2358 3937 Non
2402 3882 2736 3936 adulterium
2778 3890 2867 3936 est
2904 3876 3052 3952 quod
3096 3883 3168 3937 ita
3205 3893 3422 3955 gestum
3458 3894 3564 3950 est,

1961 3976 2058 4030 sed
2087 3975 2345 4030 adulterii
2380 3975 2642 4030 sublatio.
2682 3974 2869 4046 Virgo,
2911 3976 3066 4045 virgo
3103 3984 3209 4029 est.
3252 3977 3401 4031 Deus
3437 3977 3569 4031 Ver-

1961 4067 2094 4123 bum
2133 4067 2340 4136 estqui
2376 4067 2432 4122 in
2474 4067 2566 4121 illa
2611 4077 2858 4138 gestatur
2891 4085 2904 4119 :
2937 4068 3033 4137 qui
3067 4075 3126 4121 et
3159 4068 3205 4122 si
3250 4069 3568 4124 nasciturus

1960 4172 2068 4226 est,
2107 4162 2386 4232 siquidem
2428 4169 2516 4216 est
2552 4160 2732 4215 factus
2768 4175 2932 4224 caro,
2967 4159 3106 4214 nihil
3140 4167 3320 4215 tamen
3350 4176 3568 4230 sponsae

1961 4267 2071 4307 tum
2094 4254 2465 4325 virginitatem
2494 4252 2674 4308 laedet.
2705 4251 2909 4307 Custos
2941 4267 3074 4323 ergo
3098 4251 3300 4322 Ioseph
3331 4254 3570 4308 effectus

1962 4357 2049 4402 est
2089 4346 2293 4411 Mariae,
2327 4362 2392 4401 ac
2431 4347 2554 4417 ejus
2597 4345 2936 4416 virginitatis
2981 4345 3137 4400 testis
3187 4346 3339 4400 omni
3391 4349 3568 4418 major

1963 4441 2311 4511 exceptione.
2363 4438 2577 4494 Idcirco
2625 4439 2795 4509 igitur
2841 4454 2908 4493 ex
2963 4438 3293 4509 desponsata
3339 4441 3566 4512 Vit-gina

261 4529 412 4597 (μιοά
440 4545 551 4585 non
580 4541 702 4586 erat
730 4550 744 4584 :
771 4533 978 4603 quippe
998 4549 1120 4603 qua:
1152 4549 1280 4589 eum
1315 4544 1436 4590 erat
1463 4538 1732 4605 paritura,
1759 4539 1852 4608 qui
1887 4537 1934 4592 D
1962 4531 2211 4586 nascitur
2285 4529 2551 4584 Dominus
2571 4569 2586 4592 ,
2651 4544 2919 4599 sponsum
2980 4537 3177 4583 testem
3231 4529 3568 4601 virginitatis

260 4620 432 4676 homo
460 4621 658 4686 factus,
691 4625 839 4679 Deus
869 4629 1264 4695 perseveravit.

336 4713 401 4770 Ιῐ.
430 4715 510 4770 Ne
527 4717 643 4786 jam
675 4733 809 4789 ergo
834 4721 1198 4788 quaestionum
1228 4721 1405 4777 nodos
1437 4723 1530 4777 Dei
1564 4733 1722 4780 necte
1751 4727 1859 4781 mi-

260 4808 499 4872 raculis,
539 4823 724 4879 neque
765 4808 1145 4866 admirandam
1189 4813 1658 4882 dispensationem
1698 4817 1862 4872 dubi-

261 4897 588 4956 tatiunculis
617 4900 804 4971 fatiga,
843 4918 981 4972 quas
1026 4913 1084 4958 tu
1121 4916 1348 4961 secutus
1393 4908 1448 4962 in
1489 4908 1596 4962 fide
1637 4909 1860 4965 naufra-

258 4990 422 5061 gasti.
457 4991 807 5048 Ratiunculis
841 4995 990 5048 enim
1030 4996 1266 5066 teipsum
1302 4999 1561 5064 credens,
1593 5002 1857 5072 velutque

258 5099 461 5138 navem
483 5085 814 5140 tutissimam
838 5086 1000 5142 fidem
1027 5089 1367 5159 relinquens,
1385 5107 1448 5146 ac
1469 5095 1580 5148 tuis
1601 5095 1858 5163 quastio—

260 5173 432 5228 nibus
468 5174 566 5230 Dei
594 5175 877 5245 signorum
911 5179 1138 5247 pelagus
1179 5180 1432 5249 trajicere
1465 5183 1716 5251 cupiens,
1753 5199 1855 5237 ne-

259 5267 508 5322 cessario
537 5267 885 5339 naufragium
920 5268 1088 5335 facis;
1120 5271 1214 5339 qui
1248 5281 1307 5326 et
1337 5273 1486 5342 quod
1521 5281 1702 5326 tutum
1737 5283 1859 5328 erat

260 5356 582 5427 reliqueris,
605 5373 711 5414 nec
739 5359 965 5428 pelagus
993 5367 1260 5430 quantum
1298 5371 1386 5416 est
1421 5377 1687 5431 superare
1722 5380 1854 5434 pos-

258 5447 360 5503 sis.
395 5447 474 5502 Ex
503 5464 591 5504 me
627 5451 851 5520 quaeris,
887 5451 1168 5520 quomodo
1201 5453 1345 5507 Deus
1384 5457 1725 5524 permansit?
1758 5458 1854 5512 Vi-

255 5541 448 5598 cissim
491 5549 553 5597 et
585 5557 690 5614 ego
720 5559 910 5608 quaero
945 5546 1225 5615 quomodo
1269 5549 1471 5602 mansit
1507 5551 1662 5619 virgo
1705 5551 1851 5622 quod

256 5641 380 5690 erat
421 5633 600 5706 virgo,
621 5643 681 5690 et
700 5645 878 5692 mater
893 5637 1140 5692 exstitit?
1163 5640 1290 5696 liae
1317 5642 1501 5709 vides;
1530 5643 1621 5698 illa
1649 5647 1850 5701 credis.

356 5812 400 5846 "
427 5810 622 5870 latth.
663 5829 830 5879 xxvii.
859 5814 947 5872 5‘2.
1019 5817 1068 5851 τ’
1092 5817 1279 5874 Matth.
1312 5835 1348 5882 ι,
1392 5819 1476 5872 12.
1557 5823 1603 5854 ⁷³
1633 5821 1759 5877 ibid.

1846 5821 1894 5856 ⁷⁸
1923 5821 2114 5880 Matth.
2166 5837 2204 5886 ι,
2251 5819 2333 5874 l9.

1966 4624 2197 4678 faciens.

2034 4718 2122 4772 IV.
2165 4718 2342 4772 Porro
2367 4729 2492 4770 cum
2519 4713 2844 4784 mysterium
2878 4713 3110 4783 mystice
3145 4728 3209 4767 ac
3238 4728 3437 4766 arcana
3475 4727 3567 4766 ra-

1961 4812 2114 4866 tione
2151 4811 2270 4866 fieri
2307 4816 2582 4880 oporteat,
2615 4807 2863 4876 oportuit
2893 4805 3294 4860 incarnationis
3328 4805 3571 4860 miracu-

1958 4903 2075 4959 lum
2136 4917 2276 4957 nova
2328 4900 2566 4971 quadam
2618 4913 2685 4952 ac
2741 4898 2963 4952 insolita
3017 4897 3269 4952 exhiberi
3328 4899 3566 4952 ratione.

1958 4996 2160 5052 Debuit
2202 4994 2376 5066 gratia
2420 4991 2744 5046 hominibus
2782 5005 2847 5043 ea
2892 4989 3128 5044 salutem
3177 4991 3568 5046 consecuturis

1959 5089 2079 5145 fieri
2126 5087 2440 5148 manifesta,
2473 5083 2778 5152 eademque
2827 5081 3052 5136 diabolo
3092 5082 3380 5137 hominum
3427 5097 3570 5138 sem-

1958 5197 2059 5251 per
2095 5180 2257 5233 bonis
2302 5176 2619 5232 insidiantis
2659 5174 2817 5229 reddi
2866 5175 3124 5230 obscura.
3171 5175 3305 5229 Erat
3342 5176 3566 5243 quidem

1961 5275 2146 5330 Marize
2187 5271 2496 5341 virginitas,
2526 5269 2596 5322 iis
2631 5266 2729 5337 qui
2775 5267 2980 5323 vellent
3014 5266 3162 5336 quod
3201 5283 3291 5322 res
3337 5267 3568 5322 haberet

1959 5366 2337 5428 considerare,
2378 5361 2707 5433 perspicua;
2750 5357 3104 5428 desponsatio
3143 5369 3329 5414 autem
3368 5359 3563 5414 diabo-

1959 5462 2071 5516 lum
2112 5459 2429 5528 deceperat,
2461 5463 2722 5524 tanquam
2761 5451 3015 5522 corporis
3058 5451 3369 5506 exstitisset
3412 5468 3562 5506 com-

1958 5553 2168 5615 mistio,
2198 5565 2263 5605 ac
2314 5547 2552 5604 necdum
2602 5545 2929 5602 Emmanuel
2975 5554 3139 5599 natus
3185 5553 3355 5606 esset,
3393 5559 3558 5613 quem

1956 5646 2128 5702 Isaias
2173 5644 2437 5716 propheta
2487 5657 2555 5696 ex
2605 5639 2831 5709 Virgine
2875 5638 3216 5693 nasciturum
3268 5636 3566 5691 annuntia~

2415 5819 2455 5851 "
2491 5816 2604 5873 ibid
2662 5817 2750 5870 ‘20.
