4078 6340
620 358 758 412 Hi5

1679 359 2029 416 THEODOTI
2071 360 2376 417 EPISCOPI
2415 361 2766 418 ANCYRAN!

3743 361 3878 418 1416

618 486 788 535 verat.
823 476 874 528 in
900 475 1014 530 lucc
1043 477 1204 530 verba
1236 475 1467 545 loquens
1499 492 1512 528 :
1548 493 1563 522 ι
1596 475 1732 530 Ecce
1763 477 1917 547 virgo
1949 478 2000 530 in
2033 487 2192 531 utero
2220 480 2262 535 Α
2294 485 2416 540 tur;
2461 476 2578 540 sed,
2619 497 2636 526 ι
2681 475 2902 529 Inventa
2949 485 3032 530 est
3082 475 3136 529 in
3176 485 3332 530 utero
3378 475 3609 531 habens.
3645 494 3665 527 ι
3711 477 3876 533 Plane

617 570 861 630 habebit.
901 580 956 623 et
1001 571 1174 639 pariet
1215 569 1408 629 lilium.
1440 577 1496 620 et
1531 568 1802 623 vocabunt
1838 585 2038 623 nomen
2069 570 2190 640 ejus

615 660 939 716 Emmanuel
976 678 988 713 :
1019 660 1163 730 quod
1200 659 1581 728 interpreteris
1609 659 1886 714 Nobiscum
1907 659 2046 714 Deus
2071 661 2136 714 ".
2164 678 2182 710 ι

614 752 769 820 Quod
807 752 1051 806 audisset
1075 751 1329 805 diabolus
1352 766 1697 805 communem
1724 754 1950 822 gratiam
1977 767 2044 806 ex
2069 751 2188 805 Vir—

613 847 737 914 gine
779 847 1133 905 nascituram.
1166 843 1529 897 insidiabatur
1560 843 1890 914 virginitati.
1921 859 2188 913 nusquam

611 951 732 988 ram
761 934 1060 990 consistere
1093 934 1297 988 sinens.
1330 933 1442 988 Nec
1468 949 1598 988 sane
1625 935 1766 1003 apud
1797 935 2012 989 Judzeos
2039 937 2191 1004 virgo

615 1030 722 1082 ulla
757 1037 895 1091 erat.
937 1044 1039 1082 nec
1075 1027 1281 1082 ethnici
1328 1043 1440 1082 rem
1478 1028 1672 1082 honori
1723 1028 2016 1090 habebant.
2055 1043 2188 1082 eon-

611 1115 872 1176 tenilente
903 1120 1149 1175 dzemone
1189 1130 1251 1174 ut
1290 1121 1429 1175 hanc
1464 1122 1606 1190 apud
1650 1122 1902 1177 homines
1930 1122 2188 1176 virtutem

611 1215 1002 1284 exstingueret.
1032 1212 1171 1280 Quia
1195 1229 1328 1284 ergo
1354 1214 1640 1285 virginitas
1664 1215 1876 1268 insidiis
1896 1230 1923 1268 a
1947 1213 2190 1268 daemone

611 1305 992 1374 appetebatur,
1023 1321 1146 1360 cum
1185 1314 1240 1360 et
1272 1306 1362 1360 ille
1398 1314 1510 1360 tum
1546 1306 1806 1360 virtutem
1840 1304 1968 1359 odio
2000 1320 2188 1375 prose-

611 1407 894 1467 queretur.
932 1407 1044 1452 tum
1089 1398 1255 1453 etiam
1306 1414 1505 1453 munus
1545 1398 1786 1452 humano
1817 1398 2001 1468 generi
2041 1398 2190 1452 salu-

613 1497 730 1544 tare
775 1490 1025 1554 timeret;
1061 1490 1355 1560 desponsat
1390 1491 1612 1545 Mariam
1655 1490 1876 1560 Josepb.
1904 1505 1966 1544 ac
2003 1489 2190 1544 matri—

610 1581 783 1636 monii
832 1581 1128 1637 exhibetur
1169 1582 1408 1653 species.
1454 1590 1515 1636 ut
1554 1582 1717 1652 Virgo
1759 1582 1931 1636 inscio
1971 1581 2190 1636 diabolo

610 1673 769 1743 virgo
811 1683 1162 1744 perseveret.
1207 1675 1574 1745 virginitatem
1615 1673 1813 1729 divina:
1853 1673 2186 1728 ordinationi

611 1779 870 1829 servans;
903 1764 1106 1836 [latque
1133 1767 1296 1835 Virgo
1319 1783 1386 1820 ex
1415 1782 1472 1820 se
1502 1766 1763 1821 nascituri
1790 1765 2004 1819 Domini
2027 1780 2186 1835 orga-

611 1868 766 1916 num.
801 1853 1240 1924 desponsationis
1281 1855 1373 1909 illo
1420 1855 1601 1909 colore
1651 1855 1915 1910 da'monis
1961 1855 2188 1910 insidias

611 1943 807 1998 latens.
840 1944 1048 1998 idcirco
1081 1945 1247 2015 igitur
1271 1945 1471 2015 Joseph
1507 1945 1562 2000 in
1597 1960 1852 2014 sponsam
1883 1947 2112 2016 accepit.

680 2034 744 2088 V.
785 2033 984 2088 Verum
1017 2052 1034 2084 ι
1071 2033 1147 2089 ait
1171 2033 1399 2104 angelus
1435 2033 1637 2104 Joseph
1670 2050 1684 2087 :
1715 2033 1833 2090 Noli
1870 2033 2065 2090 timere
2092 2050 2186 2090 ac-

609 2125 791 2196 cipere
826 2124 1049 2180 Mariam
1095 2125 1382 2195 coniugem
1428 2133 1576 2179 tuam
1608 2143 1620 2178 :
1657 2125 1802 2196 quod
1836 2126 1983 2180 enim
2028 2126 2081 2181 in
2121 2143 2186 2182 ea

610 2227 797 2271 natum
830 2225 937 2279 est,
969 2216 1036 2270 de
1067 2216 1274 2287 Spiritu
1309 2228 1499 2272 sancto
1531 2227 1635 2272 est.
1672 2237 1690 2268 ι
1734 2215 1833 2272 llic
1861 2218 2034 2273 sancti
2059 2217 2185 2288 Spi-

607 2307 748 2361 r'itus
785 2305 1024 2376 dignitas
1056 2306 1388 2367 ostenditur.
1420 2308 1648 2378 ejusque
1677 2309 1914 2362 creatrix
1946 2317 2187 2378 potestas

605 2396 786 2468 palam
842 2397 1136 2451 evincitur.
1191 2396 1419 2452 Creator
1475 2399 1680 2468 quippe
1741 2398 1886 2453 l'etus
1946 2398 2186 2469 Spiritus

605 2494 831 2541 sanctus
857 2487 1034 2558 angeli
1058 2502 1308 2542 sermone
1338 2487 1698 2558 signiﬁcatur.
1718 2505 1894 2557 exque
1913 2505 1980 2544 eo
2009 2489 2186 2546 factus

604 2592 744 2648 puer
768 2579 837 2632 ab
863 2580 1057 2649 angelo
1086 2581 1358 2649 proditur.
1399 2580 1502 2646 Qui
1534 2597 1688 2646 vero.
1713 2597 1775 2636 ac
1803 2599 1909 2653 qua
1937 2583 2186 2638 ratione?

603 2669 743 2736 Quia
793 2672 938 2725 enim
999 2671 1252 2726 Christus
1310 2672 1487 2727 factus
1535 2681 1618 2728 est
1671 2674 1946 2729 secundus
1984 2675 2180 2738 Adam.

603 2761 932 2816 emendante
982 2763 1090 2817 Deo
1137 2765 1334 2834 prioris
1387 2766 1874 2836 transgressionem
1925 2767 2184 2837 (vocatur

603 2851 750 2904 enim
780 2850 1033 2907 Christus
1071 2855 1403 2910 novissimus
1431 2857 1624 2918 Adam.
1655 2857 1735 2912 sic
1762 2857 2021 2928 Apostolo
2053 2873 2180 2913 eum

601 2943 932 3012 appellante.
970 2965 987 2995 ι
1023 2945 1219 3001 Factus
1249 2949 1522 3011 estenim.
1546 2949 1743 3020 inquit.
1775 2951 1985 3021 primus
2008 2951 2180 3007 Adam

603 3030 660 3087 in
694 3034 930 3088 animam
974 3035 1281 3100 viventem;
1325 3035 1659 3091 novissimus
1694 3037 1864 3092 Adam
1916 3038 1970 3092 in
2013 3039 2180 3109 spiri-

602 3135 721 3180 tum
754 3125 1122 3182 viviﬁcaan
1156 3129 1221 3181 ".
1264 3149 1281 3177 ι

601 3231 914 3288 quanquam
982 3235 1090 3274 non
1145 3219 1430 3287 ignorabat
1481 3221 1783 3278 secundum
1831 3239 1900 3278 ex
1950 3225 2180 3279 adverso

601 3309 806 3380 prioris
830 3309 1088 3382 distingui
1121 3330 1136 3365 :
1166 3312 1259 3366 sed
1295 3314 1632 3368 novissimum
1661 3329 1787 3369 eum
1819 3314 1953 3370 dicit
1982 3315 2176 3380 Adam.

599 3414 671 3454 ne
695 3403 918 3454 tertium
946 3409 1272 3470 quartumve
1313 3403 1480 3456 alium
1513 3404 1862 3473 speraveris).
1895 3404 2024 3459 Erat
2047 3420 2178 3477 ergo

600 3489 867 3546 Dominus
895 3491 1227 3546 novissimus
1253 3492 1457 3558 Adam;
1491 3494 1748 3565 quodque
1779 3495 1932 3565 prior
1961 3512 1990 3550 a
2017 3496 2178 3551 Patre

597 3581 868 3636 formatus
895 3582 986 3645 sit.
1013 3583 1343 3639 novissimus
1367 3599 1398 3638 a
1424 3584 1634 3655 Spiritu
1666 3594 1856 3640 sancto
1887 3585 2174 3650 formatur.

596 3685 711 3742 quo
753 3673 1018 3752 aequalem
1071 3673 1309 3744 Spiritus
1360 3678 1535 3732 sancti
1582 3695 1648 3734 ac
1693 3679 1874 3736 Patris
1915 3682 2173 3737 virtutem

597 3763 888 3833 signiticet.
936 3765 1125 3835 Neque
1182 3775 1363 3822 tamen
1412 3769 1624 3838 primus
1666 3770 1786 3824 sine
1826 3770 2034 3841 Spiritu
2081 3782 2176 3828 aut

597 3853 894 3924 Unigenito
936 3871 1047 3911 non
1094 3868 1424 3928 cooperante
1463 3861 1718 3916 conditus
1745 3869 1850 3922 est.
1880 3863 1964 3918 vel
1997 3879 2026 3918 a
2056 3865 2174 3918 solo

597 3945 762 4001 Patre
796 3955 1014 4002 creatus
1041 3965 1054 4001 :
1087 3957 1274 4004 sancta
1301 3951 1448 4004 enim
1478 3951 1719 4008 Trinltas
1749 3962 1868 4008 erat
1895 3970 2017 4025 qua:
2045 3971 2176 4008 con-

596 4037 764 4092 debat
793 4038 1094 4103 hominem.
1121 4057 1299 4112 eoque
1334 4043 1500 4098 etiam
1539 4045 1756 4100 dicebat
1791 4047 1990 4102 Pater:
2024 4067 2042 4098 s
2070 4049 2172 4103 Fa-

594 4126 805 4182 ciamus
857 4129 1137 4186 hominem
1186 4134 1253 4187 ad
1307 4133 1599 4204 imaginem
1648 4145 1706 4191 et
1755 4137 2172 4192 similitudinem

593 4227 836 4273 nostram
868 4218 951 4286 ";
993 4239 1012 4272 ι
1070 4221 1364 4293 Unigenito
1414 4239 1554 4290 suo,
1608 4235 1908 4298 sanctoque
1963 4226 2174 4298 Spiritu

593 4308 845 4380 adjutore
879 4326 944 4367 ac
979 4315 1294 4370 consultore
1333 4325 1534 4372 utens:
1562 4317 1666 4373 hoc
1698 4327 1802 4381 est.
1841 4319 1956 4390 ipse
1983 4335 2172 4376 secum

593 4417 719 4454 eum
768 4419 866 4458 sua
905 4405 1173 4474 sapientia
1214 4424 1275 4464 ac
1319 4409 1370 4463 vi
1415 4410 1790 4467 sanctiﬁcante
1836 4413 2170 4484 colloquium

2290 567 2564 638 siquidem
2593 578 2710 622 erat
2733 567 2826 638 qui
2853 566 3029 622 factus
3049 577 3152 629 est.
3176 567 3416 622 salutare
3441 568 3879 638 dispensationis

2292 655 2595 712 inventum.
2642 656 2730 712 Ait
2769 671 3026 726 namque,
3063 674 3080 706 ι
3110 655 3332 710 Inventa
3359 665 3444 711 est
3487 656 3541 711 in
3577 665 3744 712 utero
3775 658 3876 714 ha-

2291 750 2431 805 bens
2461 750 2528 806 de
2564 750 2776 821 Spiritu
2817 758 3024 806 sancto.
3060 769 3078 800 ι
3119 749 3380 805 Inventus
3409 760 3495 806 est
3523 750 3614 815 iis.
3639 752 3739 823 qui
3771 751 3888 808 ﬁde

2293 854 2623 913 receperunt
2663 842 3056 898 incarnationis
3094 841 3443 897 miraculum.
3486 842 3756 900 Inventus
3792 854 3880 901 est

2293 937 2523 990 salutem
2574 935 2956 990 eonsecuturis
3015 934 3286 996 ﬁdelibus.
3340 950 3404 989 ac
3453 935 3522 990 iis
3561 935 3658 1006 qui
3713 936 3772 990 in
3810 949 3879 991 eo

2291 1027 2436 1097 quod
2476 1037 2596 1081 erat
2633 1028 3014 1097 conspicuum,
3056 1043 3163 1080 non
3201 1027 3570 1082 oll‘enJerunt.
3610 1027 3880 1083 Inventus

2290 1129 2375 1174 est
2406 1136 2513 1173 non
2537 1135 2603 1174 ex
2629 1120 2852 1175 homine
2882 1119 3177 1175 exsistendi
3208 1128 3424 1188 sumpto
3453 1119 3756 1191 principio.
3781 1119 3876 1175 sed

2292 1224 2430 1265 nova
2455 1209 2692 1280 quadam
2724 1225 2787 1264 ac
2821 1210 3042 1264 insolita
3088 1211 3297 1265 ratione
3330 1225 3396 1265 ex
3437 1210 3650 1280 Spiritu
3680 1219 3878 1266 saneto

2291 1302 2494 1358 editus.
2520 1302 2722 1356 Fuerat
2746 1315 2877 1356 sane
2902 1317 2970 1356 ex
2997 1303 3205 1373 virgine
3233 1310 3476 1357 aratrum
3506 1318 3621 1358 non
3646 1313 3876 1373 experta

2292 1402 2438 1449 terra
2470 1394 2683 1464 primus
2719 1393 2890 1448 Adam
2923 1392 3223 1460 formatus;
3253 1409 3429 1465 exque
3460 1394 3623 1448 vulva
3656 1394 3875 1465 virgine

2291 1487 2561 1541 formatur
2599 1483 2952 1545 novissimus.
2983 1499 3095 1555 quo
3124 1485 3226 1540 hac
3250 1500 3467 1556 quoque
3498 1492 3656 1555 parte
3683 1484 3873 1540 Domi-

2292 1591 2398 1631 nus
2429 1575 2604 1631 Adam
2640 1575 2871 1630 ell'ectus
2901 1573 3179 1637 ﬁdelibus.
3218 1574 3348 1629 Adze
3375 1574 3561 1643 lapsus
3588 1570 3873 1628 emendet.

2364 1667 2475 1722 VII.
2515 1686 2531 1718 ι
2567 1665 2766 1737 Joseph
2811 1675 2996 1720 autem
3032 1665 3117 1719 vir
3147 1665 3289 1734 ejus,
3318 1679 3443 1719 cum
3481 1672 3634 1719 esset
3662 1663 3872 1734 justus.

2291 1766 2349 1812 et
2394 1758 2565 1813 nollet
2601 1772 2723 1812 eam
2763 1756 3070 1818 traducere.
3113 1755 3286 1810 voluit
3324 1755 3541 1810 occulte.
3588 1754 3873 1809 dimittere

2289 1864 2432 1904 eam.
2473 1868 2491 1899 ι
2519 1848 2695 1904 Solvit
2717 1848 2998 1919 paululum
3019 1847 3337 1903 memoriam
3358 1847 3606 1918 mysterii
3631 1847 3870 1902 novitas.

2287 1941 2410 1996 Non
2433 1939 2582 1996 enim
2604 1939 2806 2010 Joseph
2831 1939 3081 1994 miraculi
3109 1938 3384 2008 reputavit
3407 1938 3868 2009 magnitudinem.

2289 2031 2408 2087 Non
2449 2047 2551 2103 pro
2591 2047 2660 2087 eo
2701 2047 2764 2087 ac
2809 2032 3040 2086 decebat
3086 2029 3474 2093 consideravit.
3506 2029 3657 2100 quod
3701 2030 3868 2086 etiam

2290 2133 2541 2178 naturam
2594 2125 2892 2193 superabat
2941 2134 2997 2179 et
3053 2124 3355 2188 rationem;
3409 2123 3504 2178 sed
3554 2134 3870 2194 suspectam

2289 2215 2527 2271 habebat
2578 2215 2888 2286 Virginem.
2934 2217 3074 2270 clam
3122 2231 3182 2271 se
3229 2215 3556 2286 virginitatis
3591 2217 3868 2286 jacturam

2288 2322 2501 2378 passam
2539 2321 2659 2360 eam
2699 2307 3039 2362 existimans.
3082 2307 3442 2362 Existimabat
3477 2306 3720 2361 solutam
3764 2307 3873 2362 vir-

2286 2399 2595 2469 ginitatem.
2627 2398 2934 2454 mirabilem
2962 2397 3132 2453 fetum
3163 2399 3218 2452 in
3249 2407 3406 2453 utero
3427 2397 3643 2453 videns.
3678 2397 3873 2453 lucan-

2285 2498 2399 2544 tam
2447 2487 2834 2558 suspicabatur
2871 2487 3205 2559 virginitatis
3244 2490 3540 2560 iacturam,
3581 2489 3868 2545 admirano

2284 2578 2410 2633 dam
2462 2579 2850 2634 oeconomiam.
2907 2579 3149 2635 Nescivit
3205 2578 3407 2649 Joseph
3461 2579 3610 2650 quod
3658 2595 3868 2636 novum

2283 2671 2489 2727 factum
2522 2679 2664 2735 erat,
2689 2682 2746 2728 et
2780 2671 2957 2726 voluit
3000 2671 3217 2726 occulte
3247 2671 3524 2726 dimittere
3557 2672 3866 2744 Virginem.

2283 2779 2492 2819 morem
2530 2765 2704 2821 veteri
2737 2765 2841 2834 legi
2871 2779 3089 2835 gerens.
3126 2764 3328 2819 Verum
3369 2765 3599 2836 corrigit
3635 2767 3869 2838 angelus

2282 2855 2427 2924 quod
2462 2856 2538 2912 ita
2578 2857 2982 2928 suspicabatur,
3015 2856 3067 2910 ei
3105 2857 3199 2927 qui
3233 2857 3497 2928 deceptus
3525 2867 3680 2914 esset
3716 2859 3867 2930 igno-

2282 2962 2462 3003 scens.
2497 2946 2811 3019 Suspicioni
2845 2947 2938 3003 dat
2968 2949 3206 3004 veniam.
3243 2949 3361 3005 Non
3397 2950 3545 3006 enim
3589 2951 3865 3021 ejusmodi

2280 3048 2402 3095 erat
2425 3039 2768 3113 mysterium.
2798 3047 2858 3095 ut
2883 3040 3140 3096 humanis
3159 3040 3293 3096 illud
3317 3042 3622 3099 rationibus
3645 3041 3863 3114 assequi

1334 3128 1446 3183 Nec
1481 3129 1615 3185 dicit
1661 3131 1938 3186 secundus
1980 3131 2176 3195 Adam.
2205 3157 2248 3216 ο
2281 3141 2487 3202 posset.
2535 3130 2904 3199 Quamobrem
2957 3148 3070 3188 non
3115 3133 3362 3204 increpat
3409 3133 3612 3204 Ioseph
3655 3143 3720 3189 ut
3770 3135 3861 3206 qui

2281 3223 2612 3279 mlumniam
2663 3233 2860 3289 struat.
2892 3225 2990 3282 sed
3033 3226 3195 3282 docet
3229 3227 3364 3298 quid
3399 3243 3490 3284 res
3512 3227 3739 3292 haheat.
3769 3245 3863 3284 ve-

2279 3315 2429 3370 niam
2477 3316 2798 3388 ignorantia
2840 3319 3111 3389 prazbens.
3154 3320 3246 3375 Ait
3277 3335 3515 3391 namque
3543 3321 3669 3376 illi:
3711 3340 3730 3372 ο
3769 3322 3861 3376 Jo-

2279 3407 2414 3477 seph
2448 3407 2523 3462 ﬁli
2547 3408 2736 3464 David.
2769 3430 2788 3462 ι
2825 3410 3004 3466 Etiam
3036 3410 3381 3468 nobilitatem
3412 3412 3693 3468 honorans
3715 3428 3864 3469 eom-

2279 3509 2570 3565 memorat.
2597 3501 2966 3572 suspicionem
3001 3518 3220 3559 curans.
3271 3523 3291 3554 ι
3321 3503 3521 3575 loseph
3555 3504 3631 3561 illi
3662 3506 3860 3570 David.

2278 3591 2390 3646 noli
2418 3591 2615 3648 timere
2642 3594 2894 3665 accipere
2923 3593 3146 3650 Mariam
3177 3597 3464 3668 conjugem
3490 3608 3637 3654 tuam
3666 3616 3681 3653 :
3714 3600 3860 3671 quod

2277 3683 2425 3738 enim
2460 3684 2514 3738 in
2547 3700 2613 3740 ea
2639 3693 2829 3742 natum
2855 3695 2960 3750 est.
2985 3686 3055 3743 de
3084 3686 3295 3758 Spiritu
3331 3699 3518 3747 saneto
3553 3702 3659 3748 est.
3701 3713 3732 3743 ν
3752 3692 3858 3748 Co—

2277 3777 2430 3847 gnito
2457 3793 2590 3849 ergo
2624 3778 2825 3850 Joseph
2867 3781 3150 3853 mysterio,
3192 3783 3412 3852 citoque
3453 3782 3619 3840 ﬁdem
3665 3787 3861 3858 angelo

2279 3869 2508 3936 habens.
2536 3871 2740 3926 factum
2764 3889 2829 3928 ex
2852 3871 3076 3945 Virgine
3103 3873 3509 3930 Emmanuelem
3543 3887 3702 3932 certo
3725 3894 3859 3933 con-

2271 3961 2499 4030 jiciens.
2548 3977 2613 4018 ac
2659 3963 3030 4035 legislatorem
3075 3975 3360 4036 sequestra
3396 3967 3619 4038 Virgine
3661 3969 3859 4025 adesse

2277 4057 2622 4129 intelligens.
2664 4059 2840 4131 legem
2878 4061 3125 4133 reliquit.
3151 4077 3256 4118 nec
3285 4061 3730 4134 desponsationis
3759 4079 3857 4120 ne-

2275 4150 2667 4207 cessitudinem
2705 4152 2889 4217 solvit.
2917 4155 3015 4224 qui
3041 4163 3101 4212 et
3129 4154 3246 4225 ipse
3287 4154 3548 4226 mysterio
3586 4155 3721 4211 huic
3755 4155 3857 4210 mi-

2275 4240 2450 4297 nister
2484 4241 2666 4299 libens
2711 4244 3022 4300 accederet.
3076 4246 3290 4317 Accipit
3329 4247 3514 4318 itaque
3547 4246 3855 4318 Virginem.

2275 4347 2387 4388 non
2430 4335 2543 4404 jam
2595 4345 2655 4390 ut
2691 4337 3003 4408 coniugem,
3033 4337 3130 4393 sed
3168 4346 3228 4392 ut
3265 4353 3479 4404 arcam;
3511 4355 3624 4394 non
3655 4338 3853 4411 legem.

2276 4426 2372 4480 sed
2416 4425 2595 4497 ipsum
2646 4428 3012 4499 legislatorem
3062 4429 3349 4486 ferentem.
3389 4429 3638 4486 Habebat
3691 4431 3855 4504 igitur

594 4491 826 4592 habens.
877 4514 895 4544 ι
929 4495 1184 4592 Christus
1231 4499 1476 4569 quidem.
1516 4501 1612 4556 Dei
1644 4501 1824 4558 virtus
1864 4512 1968 4567 est.
1997 4513 2053 4560 et
2077 4505 2174 4560 Dei
2206 4499 2251 4556 D
2273 4491 2475 4586 Ioseph
2495 4491 2776 4589 Virginem
2803 4521 3066 4592 mysterio
3091 4521 3356 4582 serviens.
3379 4491 3856 4590 servansquevvir-

593 4585 857 4654 sapientia
886 4588 962 4653 ’νς
1006 4607 1024 4639 ι
1063 4587 1302 4660 Spiritus
1341 4601 1526 4648 autem
1561 4604 1782 4649 sanctus
1823 4597 2174 4652 sanetillcans

592 4679 907 4734 Conditoris
932 4680 1016 4734 vis
1033 4680 1267 4736 exsistit.
1293 4682 1412 4738 Non
1435 4699 1568 4756 ergo
1589 4684 1730 4740 alius
1753 4701 1878 4741 cum
1899 4688 2008 4742 alio
2034 4705 2169 4744 con-

467 4827 486 4838 κ
591 4770 775 4826 silium
809 4771 1058 4826 habitum
1089 4782 1194 4837 est.
1222 4775 1317 4828 sed
1354 4775 1468 4846 ipse
1499 4793 1652 4831 suam
1685 4778 2006 4847 sapientiam
2038 4797 2173 4836 con-

589 4862 701 4916 silit
747 4863 951 4917 sociam
999 4879 1064 4918 ac
1102 4864 1430 4935 adjutricem
1470 4869 1711 4940 accepit;
1755 4870 1977 4942 vimque
2021 4872 2172 4928 illam

588 4950 1022 5008 sanctiﬁcantem
1062 4954 1130 5009 ad
1166 4957 1463 5012 creationis
1490 4973 1630 5029 opus
1660 4963 1974 5032 assumpsit.
2008 4965 2168 5035 cujus

591 5043 741 5098 illius
791 5060 990 5100 munus
1032 5056 1092 5100 ut
1138 5057 1321 5103 creata
1364 5060 1566 5116 servet.
1591 5053 1781 5124 eisque
1819 5057 2166 5112 sanctitatem

589 5137 888 5206 impertiat.

657 5229 746 5284 Vl.
782 5249 800 5281 ι
836 5229 965 5285 Jesu
1010 5229 1214 5287 Christi
1257 5248 1389 5305 ergo
1419 5235 1701 5304 generatio
1737 5237 1817 5291 sic
1848 5248 1986 5294 erat.
2027 5240 2164 5297 Cum

588 5323 738 5376 enim
781 5334 928 5378 esset
975 5324 1301 5394 desponsata
1350 5336 1527 5381 mater
1566 5329 1688 5400 ejus
1736 5329 1901 5386 Maria
1940 5331 2166 5404 Joseph.

589 5425 885 5486 antequam
909 5417 1292 5481 convenirent,
1339 5417 1560 5474 inventa
1585 5428 1671 5475 est
1697 5421 1751 5476 in
1778 5431 1934 5479 utero
1962 5425 2171 5482 habens

588 5507 658 5562 de
681 5505 890 5576 Spiritu
914 5518 1123 5563 sancto.
1151 5527 1168 5558 ι
1203 5507 1390 5579 Neque
1416 5510 1575 5574 dixit.
1596 5513 1872 5584 accepisse
1898 5515 1952 5571 in
1975 5525 2166 5572 utero:

589 5618 699 5656 non
726 5603 873 5658 enim
909 5618 976 5659 ex
1013 5604 1156 5660 virili
1191 5605 1404 5662 semine
1432 5617 1572 5672 erat.
1607 5609 1755 5680 quod
1784 5609 1878 5667 illo
1912 5611 2168 5684 gestaba-

2273 4608 2579 4680 ginitatem.
2631 4609 2902 4682 Cognovit
2954 4626 3079 4683 qua
3129 4613 3286 4685 prius
3339 4613 3623 4686 propheta
3685 4614 3852 4671 locuti

2275 4709 2450 4756 erant.
2504 4701 2778 4758 lntellexit
2827 4703 3222 4775 prophetarum
3269 4720 3554 4762 sermones
3592 4725 3606 4762 :
3649 4709 3855 4779 quippe

2269 4791 2452 4862 justus
2497 4803 2640 4859 erat.
2668 4809 2875 4867 eosque
2915 4811 3203 4854 sermones
3250 4798 3506 4855 meditari
3552 4815 3657 4854 usu
3710 4799 3855 4855 didi-

2274 4894 2446 4940 cerat.

2347 4975 2484 5030 Vlll.
2521 4976 2726 5032 Verum
2758 4978 3045 5038 videamus
3061 4990 3120 5038 et
3143 4982 3512 5055 prophetiam.
3549 4993 3614 5039 ut
3643 4985 3854 5044 mirane

2276 5065 2410 5120 dum
2437 5067 2585 5124 hunc
2623 5070 2866 5140 signaret
2897 5083 3137 5143 partum.
3179 5075 3238 5130 In
3265 5073 3505 5131 medium
3529 5075 3854 5146 prophetam

2277 5158 2635 5225 adducamus.
2695 5162 2790 5219 Dei
2825 5165 3188 5236 explicantem
3222 5176 3439 5238 partum
3463 5207 3480 5231 .
3523 5168 3704 5225 salute
3752 5169 3856 5224 hu-

2277 5265 2500 5306 manum
2537 5267 2710 5322 genus
2738 5253 3090 5312 donaturum.
3125 5258 3306 5314 Altius
3343 5257 3526 5330 itaque
3568 5261 3856 5332 propheti-

2269 5358 2733 5401 cumsermonem
2757 5358 3092 5419 repetamus.
3130 5366 3196 5407 ac
3236 5350 3394 5407 vobis
3409 5351 3760 5424 prophetiam
3788 5369 3856 5410 ex

2265 5435 2570 5492 abundanti
2606 5441 2964 5510 explicemus.
3015 5442 3106 5500 Ait
3151 5458 3285 5515 ergo
3319 5443 3488 5500 Isaias
3534 5446 3805 5518 propheta
3838 5464 3852 5499 :

2275 5544 2294 5576 ι
2335 5525 2483 5582 Dixit
2521 5528 2784 5586 Dominus
2835 5532 2904 5588 ad
2953 5533 3136 5590 Acha:
3182 5536 3355 5592 :Pete
3405 5536 3504 5591 tibi
3554 5538 3777 5610 signum
3823 5554 3853 5593 a

2268 5617 2386 5675 Deo
2420 5629 2515 5675 tuo
2549 5621 2604 5677 in
2627 5625 2933 5690 excelsum.
2961 5625 3078 5683 sive
3105 5627 3160 5683 in
3193 5627 3524 5701 profundum
3551 5627 3620 5682 ⁸⁸.
3649 5648 3669 5682 ι
3698 5631 3852 5695 Pete,

658 5779 707 5810 "
742 5781 844 5837 lsa.
882 5797 975 5848 vn.
1010 5783 1104 5849 ﬂ;
1138 5784 1326 5843 Matth.
1358 5803 1397 5854 t,
1428 5787 1516 5845 23.
1594 5789 1638 5826 ’⁷
1665 5788 1834 5848 lCor.
1866 5807 1956 5858 xv,
1987 5793 2074 5851 ιδ.
2153 5797 2179 5828 ⁷¹

2282 5813 2366 5855 en.
2398 5815 2436 5865 ι,
2460 5799 2550 5856 26.
2629 5803 2674 5840 ’⁸
2701 5803 2722 5862 Ι
2749 5803 2876 5862 Cor.
2910 5821 2950 5871 ι,
2980 5805 3070 5865 ει.
3148 5808 3196 5844 ⁸⁸
3226 5809 3328 5867 Isa.
3353 5824 3452 5872 vu.
3483 5809 3566 5867 ιο.
