4078 6340
231 421 372 482 ll"

789 417 1072 476 HOMIUA
1110 417 1176 472 γι
1215 413 1280 472 IN
1322 413 1381 470 S.
1420 407 1770 468 lIElPLBAM

1936 407 2007 464 IN
2044 405 2520 466 ΝΔΤΠῙΤΑΪΕΜ
2557 403 2812 464 ΒΟΗΙΝΙ.

3347 408 3489 466 ωδ

226 536 430 609 inquit.
465 549 501 590 a
522 533 635 589 Deo
659 532 986 588 miraculum
1014 546 1080 587 ac
1107 533 1348 602 signum,
1371 526 1522 598 quod
1545 523 1805 582 ostendat
1834 529 1879 586 Α
1904 521 2221 579 ludeorum
2253 520 2761 594 reprehensionem,
2796 519 2892 591 qui
2921 519 3265 591 prophetiam
3291 520 3492 595 depra-

225 629 617 686 Iniversorum
653 624 832 695 ipsum
871 637 996 679 esse
1039 620 1316 691 opiﬁcem.
1346 615 1541 685 Quaere
1573 615 1808 670 miracu-

227 722 372 786 lum,
406 727 469 774 ut
495 715 775 774 Creatoris
794 713 1096 786 potentiam
1125 709 1365 768 noveris.
1395 708 1527 764 Pete
1553 721 1671 763 rem
1703 720 1806 760 no-

225 825 350 865 vam
385 817 446 864 et
494 806 791 870 insolitam,
825 819 948 878 qua
998 804 1068 860 de
1119 803 1232 859 Deo
1273 800 1471 856 doceat
1520 799 1804 862 virtutem,

223 891 562 971 servumque
582 907 635 956 te
668 898 886 955 ﬁdelem
912 895 1010 953 Dei
1039 894 1259 952 cﬁiciat.
1287 892 1433 963 Quid
1454 906 1589 962 ergo
1629 889 1809 947 ﬁdelis

224 990 448 1048 Achar?
480 991 634 1057 Mihi,
671 991 870 1062 inquit,
909 989 1047 1045 ﬁdes
1067 987 1287 1043 sufﬁcit.
1312 985 1395 1042 Ad
1422 1000 1544 1042 eam
1579 983 1809 1039 minime

224 1085 453 1156 requiro
502 1084 911 1156 probationem,
956 1096 1080 1152 quae
1123 1079 1183 1136 in
1233 1093 1421 1135 rerum
1462 1075 1809 1134 exhibitione

223 1175 500 1232 consistit.
564 1174 740 1231 Filius
781 1187 904 1228 sum
934 1170 1170 1227 Abrahae
1201 1168 1298 1241 qui
1326 1167 1433 1224 ﬁde
1475 1164 1825 1238 justiﬁeatus'

220 1275 330 1330 est.
357 1280 462 1321 nec
489 1264 752 1321 miracula
776 1262 1089 1333 requisivit.
1113 1261 1234 1317 Non
1270 1258 1506 1331 indiguit
1533 1256 1808 1312 Abraham

225 1356 621 1414 miraculorum
643 1354 992 1428 probatione,
1024 1361 1088 1408 ut
1119 1352 1294 1409 Deum
1321 1350 1636 1406 doceretur.
1687 1347 1809 1404 Non

219 1463 366 1520 opus
393 1448 588 1504 habuit
615 1446 900 1518 prodigiis,
926 1445 1129 1517 quibus
1155 1444 1234 1499 illi
1268 1442 1651 1510 universorum
1691 1439 1808 1509 opi-

221 1539 314 1596 t'ex
327 1538 727 1596 declararetur.
757 1536 888 1593 Mihi
915 1550 1070 1608 ergo,
1102 1534 1302 1605 inquit,
1319 1532 1454 1588 satis
1479 1540 1564 1588 est
1585 1541 1808 1602 paterna

226 1630 540 1686 hereditas.
577 1629 784 1685 Fidelis
822 1643 944 1685 esse
970 1627 1097 1683 volo
1131 1625 1280 1681 ﬁlius
1317 1623 1496 1680 ﬁdelis
1549 1621 1804 1678 Abrahae.

226 1721 492 1792 Maiorum
540 1719 705 1778 ﬁdem
757 1720 1022 1792 suscipio,
1066 1732 1178 1774 non
1235 1715 1513 1773 curiosius
1561 1715 1804 1788 inquiro.

233 1832 251 1863 ι
285 1812 405 1869 Non
432 1821 636 1884 petam,
685 1812 885 1883 inquit,
926 1819 984 1867 et
1023 1825 1137 1865 non
1173 1808 1400 1888 tentabo
1428 1806 1741 1864 Dominum.
1778 1823 1800 1859 ι

223 1904 345 1960 Non
397 1905 509 1976 jam
551 1904 751 1960 divinae
798 1902 1024 1960 virtutis
1077 1901 1516 1973 experimentum
1566 1899 1800 1970 capiam.

222 1995 394 2052 Docet
437 2010 526 2051 me
565 1994 722 2060 ﬁdes,
753 2003 960 2066 quanta
1001 1992 1148 2049 Deus
1187 1993 1385 2047 valeat.
1417 1991 1546 2046 Haec
1580 1989 1806 2061 quidem

225 2101 322 2144 rex
350 2087 553 2143 Achar.
585 2085 724 2154 Quia
769 2102 902 2141 vero
930 2084 1155 2140 Davidis
1201 2085 1454 2156 cognatio
1485 2082 1553 2137 ad
1583 2082 1805 2139 Judaos

226 2175 462 2232 deducta
484 2175 732 2248 quotidie
754 2175 910 2246 signa
930 2183 988 2230 et
1012 2174 1278 2231 miracula
1302 2181 1469 2243 atque
1493 2180 1750 2244 portenta
1773 2186 1805 2227 a

225 2268 340 2326 Deo
363 2267 666 2340 ﬂagitabat,
695 2268 1206 2338 miraculorumque
1226 2266 1587 2338 probationes
1611 2265 1682 2322 ad
1709 2264 1807 2322 Dei

224 2359 591 2432 prastandam
642 2359 1034 2431 cognitionem,
1074 2358 1153 2414 ait
1189 2358 1460 2430 propheta
1487 2356 1676 2414 domui
1707 2357 1811 2412 Da-

223 2450 316 2507 vid
339 2468 461 2523 qua:
506 2466 604 2508 rex
641 2451 874 2508 dixerat.
916 2450 1141 2516 Audite,
1172 2449 1374 2521 inquit,
1409 2464 1579 2514 nunc,
1613 2448 1811 2504 domus

222 2543 420 2612 David,
449 2544 584 2616 quid
614 2543 763 2601 dicat
785 2544 992 2609 Achar,
1020 2559 1131 2599 non
1157 2558 1406 2614 quaerere
1431 2558 1491 2599 se
1511 2544 1728 2614 signum
1751 2548 1813 2596 ut

225 2637 390 2694 ﬁdem
417 2637 529 2693 Deo
554 2637 758 2693 habeat
799 2654 813 2690 :
861 2651 958 2692 vos
1003 2642 1188 2693 autem
1225 2635 1460 2691 Domino
1511 2634 1810 2690 certamina

225 2731 478 2795 movetis,
512 2730 902 2786 miraculorum
934 2745 1003 2784 ex
1026 2744 1095 2785 eo
1122 2727 1404 2801 exigentes
1432 2727 1806 2797 probationes,

223 2823 484 2893 velutque
506 2822 563 2877 in
594 2821 833 2877 stadium
857 2835 923 2875 ac
942 2829 1222 2874 certamen
1243 2819 1414 2874 Deum
1452 2818 1688 2882 trahitis,
1714 2832 1810 2888 po-

224 2914 411 2970 tentia:
431 2928 597 2985 opera
629 2913 1006 2984 exquirentes,
1032 2925 1214 2981 neque
1250 2911 1542 2968 credentes
1565 2910 1675 2965 nisi
1722 2909 1805 2964 vi-

222 3007 424 3064 deritis
478 3007 656 3079 signa.
705 3004 865 3073 Quod
903 3013 961 3060 et
1008 3004 1278 3060 Dominus
1337 3003 1406 3058 de
1442 3002 1647 3059 Judreis
1684 3003 1804 3058 ait:

229 3117 252 3153 ι
288 3099 404 3155 Nisi
433 3098 588 3169 signa
620 3107 678 3154 et
707 3097 954 3169 prodigia
977 3095 1250 3161 videritis,
1289 3110 1402 3151 non
1436 3093 1660 3151 creditis
1683 3093 1750 3148 “.
1781 3113 1800 3146 ι

1906 622 2055 668 vent.
2089 611 2226 669 Vide
2246 627 2434 669 veram
2465 609 2810 683 prophetiam
2829 608 3172 667 cavillantes.
3189 609 3486 683 Postquam

1905 704 2056 760 enim
2091 703 2442 761 manifestum
2466 712 2553 760 est
2571 702 2784 760 Christi
2816 703 3142 776 mysterium
3184 702 3487 776 (signiﬁca-

1907 797 2003 854 bat
2018 798 2166 854 enim
2187 805 2406 869 partum
2425 795 2749 870 virginalem
2770 795 3063 854 ducentem
3083 812 3186 854 nos
3204 799 3272 854 ad
3293 799 3492 859 Deum.

1907 887 2231 946 Emmanuel
2255 903 2515 960 namque,
2543 889 2592 944 is
2623 888 2720 960 qui
2752 897 2916 946 utero
2942 897 3190 958 gestetur
3227 906 3292 947 ac
3326 903 3488 964 partu

1907 980 2113 1047 editur,
2167 980 2626 1053 interpretatione
2677 980 2827 1053 valet
2877 981 3161 1038 Nobiscum
3207 983 3392 1055 Deus),
3419 984 3493 1042 ab

1909 1073 2016 1129 hoc
2035 1071 2211 1129 Judaei
2243 1087 2410 1127 sensu
2445 1069 2797 1143 prophetiam
2835 1069 3234 1143 detorquentes
3259 1115 3274 1140 ,
3323 1083 3492 1146 atque

1908 1181 1940 1221 a
1962 1164 2434 1222 Christiadventu
2482 1178 2796 1221 sermonem
2819 1163 3226 1231 abstrahentes,
3253 1183 3363 1224 non
3393 1184 3493 1225 au-

1909 1256 2090 1318 diunt,
2123 1275 2141 1308 ι
2181 1255 2324 1313 Ecce
2359 1256 2519 1327 virgo
2564 1254 2622 1311 in
2653 1264 2816 1312 utero
2839 1255 3111 1330 habebit,
3134 1277 3154 1309 ι
3186 1258 3307 1324 sed,
3347 1260 3492 1317 Ecoe

1903 1347 2202 1420 juvencula
2232 1349 2290 1403 in
2320 1355 2481 1406 utero
2503 1347 2751 1414 habebit,
2788 1348 3138 1420 prophetiam
3173 1349 3492 1408 adulteran-

1912 1445 1998 1494 tes
2041 1445 2104 1492 ut
2148 1437 2356 1494 Christi
2405 1438 2782 1495 testimonium
2825 1438 3145 1497 obscurent.
3201 1441 3340 1497 Nam
3399 1443 3492 1499 alii

1908 1530 2134 1602 quidem
2163 1531 2358 1588 dicunt
2389 1550 2403 1587 :
2434 1532 2576 1588 Ecce
2610 1531 2907 1605 juvencula
2939 1532 2998 1588 in
3033 1542 3196 1590 utero
3227 1534 3494 1604 habebit;

1908 1623 2024 1686 alii.
2053 1622 2195 1680 Ecce
2237 1622 2687 1688 adolescentula.
2730 1622 2937 1681 Christi
2978 1635 3199 1696 partum
3243 1628 3500 1686 volentes

1909 1732 2170 1788 separare
2203 1732 2236 1772 a
2263 1716 2577 1788 prephetia.
2602 1716 2809 1773 Verum
2833 1717 2915 1775 ait
2943 1719 3217 1790 propheta
3245 1739 3258 1777 :
3304 1741 3324 1774 ι
3350 1722 3495 1779 Ecce

1909 1811 2070 1881 virgo
2102 1809 2161 1865 in
2193 1817 2355 1866 utero
2393 1808 2641 1875 habebit,
2673 1817 2732 1867 et
2780 1809 2961 1881 pariet
3004 1811 3201 1876 ﬁlium,
3229 1821 3287 1868 et
3325 1829 3494 1871 voca-

1907 1900 2048 1957 bunt
2073 1916 2275 1957 nomen
2313 1901 2435 1974 ejus
2473 1900 2822 1966 Emmanuel,
2871 1900 3020 1974 quod
3045 1911 3132 1959 est
3164 1903 3498 1977 interpreta-

1909 2003 2048 2061 tum,
2075 1993 2356 2051 Nobiscum
2382 1993 2541 2050 Deus.
2587 2012 2606 2046 ι
2639 1993 2724 2050 Tn
2749 2009 2886 2050 vero
2939 1994 2995 2051 id
3024 2011 3248 2069 quoque
3278 1997 3334 2052 in
3363 2013 3497 2070 pro-

1907 2086 2096 2158 phetia
2135 2085 2447 2142 considera.
2482 2085 2657 2150 Ecce,
2704 2085 2885 2157 inquit
2909 2087 3205 2159 propheta,
3245 2088 3495 2146 futurum

1907 2177 2043 2250 quid
2063 2177 2416 2234 annuntians.
2440 2176 2597 2242 Ecce,
2621 2176 2822 2248 inquit,
2853 2187 2918 2234 ut
2946 2179 3144 2237 videns
3172 2182 3320 2252 quod
3341 2192 3498 2253 post-

1908 2286 1976 2328 ea
2017 2279 2141 2327 erat
2185 2269 2456 2325 futurum.
2488 2268 2621 2326 Tale
2655 2264 2790 2342 quid
2826 2271 2976 2328 enim
3008 2279 3094 2328 est
3139 2275 3498 2346 propheticus

1909 2363 2127 2429 oculus,
2154 2361 2212 2418 id
2235 2362 2383 2434 quod
2411 2371 2499 2418 est
2527 2362 2778 2418 futurum
2820 2362 3019 2421 videns
3060 2379 3128 2421 ac
3172 2366 3219 2422 si
3253 2367 3312 2423 in
3352 2384 3497 2441 prte-

1908 2455 2086 2511 sentia
2113 2465 2421 2526 gereretur.
2454 2453 2548 2512 Sic
2579 2454 2797 2521 videns,
2816 2456 2900 2512 sic
2927 2455 3193 2528 loquitur.
3217 2457 3372 2524 Ecce,
3396 2475 3500 2532 pro

1910 2565 1978 2606 eo
2024 2565 2090 2604 ac
2154 2555 2270 2612 est,
2308 2547 2424 2618 Ego
2479 2545 2645 2602 video
2695 2546 2846 2617 quod
2902 2561 3001 2602 vos
3052 2547 3219 2604 hodie
3269 2548 3497 2606 auditis.

1919 2659 1938 2693 ι
1982 2641 2126 2697 Ecce
2155 2639 2312 2710 virgo
2341 2639 2399 2693 in
2437 2650 2600 2694 utero
2631 2637 2880 2703 habebit,
2910 2649 2970 2696 et
3001 2639 3180 2712 pariet
3205 2639 3400 2708 ﬁlium,
3439 2651 3501 2699 et

1910 2732 2190 2788 vocabunt
2230 2745 2434 2786 nomen
2475 2731 2596 2801 ejus
2641 2729 2988 2785 Emmanuel.
3031 2750 3050 2782 ι
3102 2732 3224 2788 Non
3278 2735 3502 2792 vocabit

1909 2824 2134 2895 Ioseph,
2195 2831 2360 2879 autve
2391 2833 2569 2878 mater
2599 2839 2611 2876 :
2653 2837 2767 2877 non
2809 2823 2889 2880 sic
2923 2824 3206 2882 vocabunt
3246 2827 3342 2899 qui
3378 2829 3502 2899 ejus

1910 2914 2109 2971 fratres
2171 2914 2548 2970 videbantur:
2578 2929 2708 2979 nam
2752 2925 2809 2971 et
2864 2915 2944 2975 illi
2981 2915 3496 2989 oﬁ‘endebantur“;

1911 3010 2007 3066 sed
2053 3009 2336 3064 vocabunt
2377 3007 2613 3079 gentiles
2637 3047 2653 3072 ,
2688 3007 2786 3079 qui
2829 3009 3094 3067 nimirum
3140 3011 3247 3070 ﬁde
3277 3014 3500 3074 Iudaeos

1909 3100 2269 3175 praevenient.
2300 3099 2592 3156 Vocabunt
2617 3099 2655 3155 ii
2684 3101 2781 3172 qui
2820 3115 2948 3157 cum
2979 3102 3299 3177 longissime
3333 3110 3502 3167 abes.

223 3190 341 3248 Hoc
363 3190 692 3262 signiﬁcavit
731 3190 920 3255 lsaias,
955 3189 1179 3245 Davidis
1208 3188 1468 3244 familiam
1497 3187 1806 3258 increpans.
1837 3215 1880 3274 ο
1912 3202 2069 3257 sent,
2124 3207 2298 3264 prope
2353 3191 2588 3264 gratiam
2637 3202 2948 3260 venerunt,
3009 3195 3081 3251 ad
3128 3213 3268 3270 quos
3330 3201 3504 3260 etiam

221 3279 318 3336 Ait
354 3294 630 3350 namque:
666 3295 686 3329 ο
714 3278 917 3334 Audite
949 3295 1131 3343 nunc,
1165 3279 1362 3335 domus
1391 3277 1563 3334 David
1594 3295 1608 3332 :
1649 3277 1806 3334 Nun-

221 3371 356 3443 quid
387 3387 584 3444 parum
605 3371 763 3427 vobis
782 3381 867 3427 est
890 3381 1169 3428 certamen
1190 3370 1436 3442 prebere
1469 3369 1803 3435 hominibus,

219 3471 283 3519 et
330 3460 612 3533 quomodo
660 3461 894 3518 Domino
926 3464 1184 3534 praebetis
1214 3474 1491 3518 certamen
1513 3461 1627 3515 “'?
1661 3483 1678 3515 ι
1712 3463 1807 3518 Ju-

221 3551 470 3608 dmorum
518 3550 927 3623 improbitatem
983 3551 1196 3623 arguit,
1232 3565 1535 3622 eorumque
1575 3552 1804 3608 demen-

222 3643 359 3698 tiam
391 3643 487 3714 qui
515 3642 783 3700 miracula
817 3643 1069 3714 peterent
1110 3642 1177 3698 ad
1212 3641 1372 3697 ﬁdem
1410 3644 1627 3699 veritati
1661 3659 1804 3715 prae-

221 3731 652 3799 standam.Quia
682 3745 818 3788 vero
837 3747 953 3797 vos,
979 3731 1177 3803 inquit,
1208 3731 1381 3787 stadia
1417 3748 1482 3789 ac
1503 3735 1801 3790 certamina

219 3824 471 3897 quotidie
492 3824 606 3881 Deo
631 3823 969 3896 pratenditis
984 3823 1247 3878 miracula
1273 3823 1640 3894 exquirentes,
1673 3846 1689 3876 ε
1710 3827 1807 3882 da-

219 3912 309 3970 bit
328 3914 592 3970 Dominus
614 3914 732 3986 ipse
754 3914 913 3970 vobis
940 3914 1176 3986 signum.
1207 3934 1225 3966 ι
1255 3915 1372 3970 Hoc
1387 3915 1554 3975 dicto.
1577 3919 1804 3989 subjun-

222 4001 304 4074 git
329 4002 520 4060 dicens
544 4021 557 4057 :
593 4022 611 4055 ι
643 4003 786 4060 Ecce
811 4003 965 4074 virgo
991 4004 1044 4058 in
1081 4011 1238 4059 utero
1273 4004 1519 4071 habebit,
1545 4016 1603 4062 et
1624 4010 1804 4078 pariet

221 4095 419 4160 tilium,
449 4104 506 4152 et
533 4095 810 4151 vocabunt
828 4110 1029 4150 nomen
1044 4096 1164 4167 ejus
1182 4095 1508 4153 Emmanuel
1529 4097 1593 4151 ⁸³,
1635 4113 1653 4151 t
1688 4099 1803 4155 Hoc

221 4184 377 4242 dabit
413 4186 628 4258 signum
648 4226 664 4252 ,
699 4185 790 4242 cui
818 4187 1057 4243 mundus
1081 4186 1305 4258 quidem
1334 4189 1558 4255 credet,
1588 4191 1802 4262 solique

220 4280 449 4334 omnino
489 4278 663 4336 Judaei
710 4279 989 4351 negabunt
1018 4277 1214 4345 ﬁdem;
1249 4283 1396 4351 quod
1431 4291 1620 4354 gentes
1656 4285 1801 4340 reci—

219 4368 398 4442 pient,
441 4372 862 4443 repudiabitque
912 4387 1086 4442 genus
1137 4373 1325 4429 israel.
1379 4375 1536 4430 Dabit
1584 4375 1800 4445 signum

219 4463 478 4532 gentibus
504 4464 726 4534 quidem
759 4465 1021 4528 saintare,
1053 4474 1110 4521 at
1137 4466 1283 4536 quod
1316 4465 1523 4522 Judeis
1546 4469 1802 4525 ian-edu-

220 4556 289 4608 lis.
319 4569 482 4608 causa
513 4556 623 4610 erit
654 4564 716 4610 ut
754 4554 1165 4626 discere-timur.
1209 4557 1372 4613 inhit

219 4647 258 4699 ii
290 4652 540 4713 quierant
569 4646 663 4717 qui
692 4659 948 4719 pererrat,
992 4652 1252 4720 quodque
1280 4651 1508 4708 credant
1537 4657 1634 4725 qui
1665 4655 1798 4710 salvi

218 4737 379 4792 ﬁunt.
429 4736 585 4805 Quod
618 4752 752 4793 sane
788 4750 842 4793 et
871 4755 1104 4810 nmgnus
1135 4742 1337 4797 huius
1369 4742 1439 4799 de
1466 4759 1631 4799 cruce
1667 4746 1745 4800 ait
1785 4766 1796 4800 :

213 4849 244 4879 ιο
283 4829 520 4884 Verbum
547 4831 731 4885 cruris
762 4832 1363 4904 pereuntibusqnidem
1391 4836 1622 4890 stultitia
1660 4847 1749 4892 est
1783 4856 1796 4891 :

215 4920 290 4975 iis
331 4930 514 4975 autem
550 4925 642 4992 qui
676 4923 810 4977 salvi
855 4922 1013 4988 ﬁunt,
1059 4924 1112 4979 id
1157 4927 1457 4993 cstnebis,
1488 4928 1667 4986 virtus
1702 4930 1799 4986 Dei

211 5019 304 5067 est
324 5012 412 5067 ¹⁵²⁹.
453 5031 471 5062 ι
531 5013 644 5068 Hoc
694 5031 798 5070 nos
825 5031 1042 5085 quoque
1078 5018 1346 5086 disertius,
1398 5037 1602 5077 nov-nm
1643 5023 1796 5080 illum

211 5111 555 5171 exponentes
581 5113 818 5174 partum.
847 5106 1084 5177 Virginis
1110 5109 1262 5165 enim
1285 5113 1654 5170 nrmdicamus
1674 5131 1786 5187 par-

213 5198 333 5248 tum
362 5213 374 5248 :
411 5195 615 5251 iudicis
641 5197 864 5267 quidem
895 5200 1235 5266 scaiidaium,
1271 5202 1527 5261 ﬁdelibus
1563 5221 1690 5262 vero
1711 5223 1799 5263 sa-

210 5290 404 5340 lutem.
439 5287 602 5343 Dabit
638 5288 808 5360 igitur
848 5291 1008 5346 vobis
1051 5292 1354 5359 Dominus,
1391 5298 1471 5351 ait
1501 5302 1795 5370 propheta.

208 5377 484 5445 ejusmodi
517 5379 765 5450 signum;
820 5383 967 5454 quod
999 5385 1257 5456 gentibus
1298 5388 1522 5457 quidem
1569 5391 1797 5448 salutem

213 5468 498 5539 imperat.
560 5471 766 5529 Iudaeis
820 5485 1003 5531 autem
1061 5488 1212 5534 creet
1258 5481 1602 5539 scandalum.
1631 5485 1798 5543 Vides

211 5558 383 5616 fuisse
417 5572 634 5631 partum
649 5565 790 5635 signi
806 5567 1248 5625 exhibitionem?
1273 5572 1349 5627 Ex
1380 5573 1468 5628 bis
1489 5590 1622 5646 ergo
1645 5575 1796 5632 disce

286 5763 330 5796 "
354 5765 509 5822 Joan.
540 5784 610 5828 tv.
641 5768 727 5824 48.

214 5831 265 5864 ⁸⁸
297 5831 465 5894 Galat.
507 5853 582 5900 tv,
608 5837 658 5893 de.

554 5928 822 5988 Pariter...
873 5927 992 5988 Gn.
1041 5929 1259 5992 LXXV
1277 5932 1351 5992 li.

1915 3286 2118 3342 Paulus
2163 3285 2383 3341 aiebat:
2416 3305 2435 3337 ι
2465 3286 2596 3351 Vos,
2620 3287 2718 3358 qui
2763 3287 3066 3358 aliquando
3090 3292 3264 3350 cratis
3309 3294 3498 3369 longe,

1914 3375 2042 3431 facti
2079 3376 2215 3432 estis
2249 3390 2423 3447 prope
2450 3375 2508 3432 in
2535 3375 2804 3449 sanguine
2825 3376 3036 3436 Christi
3053 3381 3119 3435 ⁸⁵.
3160 3400 3180 3433 ι
3213 3383 3503 3442 Vocahunt

1913 3480 2046 3538 ergo
2089 3465 2180 3522 isti
2230 3465 2496 3522 infantem
2542 3465 2873 3523 Emmanuel
2906 3469 3124 3539 priores
3166 3472 3394 3541 ludatis,
3434 3491 3510 3533 ac

1913 3572 2040 3613 eum
2073 3556 2172 3628 qui
2201 3565 2365 3613 natus
2387 3565 2473 3613 est
2507 3556 2682 3613 Deum
2709 3557 3003 3615 nobiscum
3033 3575 3390 3634 cognoscent.

1981 3649 2072 3705 1X.
2103 3649 2230 3705 Hac
2249 3648 2475 3720 quidem
2491 3649 2761 3721 propheta
2790 3651 2888 3716 ait,
2913 3668 3026 3708 non
3051 3654 3126 3710 ita
3154 3655 3377 3726 Paulus,
3400 3662 3511 3718 sed

1911 3743 2026 3798 ait:
2071 3761 2090 3794 ‹
2128 3741 2276 3797 Misit
2305 3742 2476 3807 enim,
2513 3741 2715 3813 inquit,
2746 3743 2945 3800 Filium
2985 3761 3147 3802 suum
3194 3748 3413 3808 factum:
3429 3770 3506 3813 ex

1913 3837 2145 3891 muliere
2166 3833 2234 3888 ⁸³.
2268 3854 2287 3888 ι
2321 3833 2465 3902 Quid
2503 3835 2606 3899 ais,
2630 3834 2843 3891 Paule?
2879 3837 3156 3910 Propheta
3183 3856 3253 3899 ex
3279 3845 3506 3920 virgine

1911 3928 2085 3992 dicit,
2118 3937 2289 3998 tuque
2348 3943 2416 3983 ex
2466 3926 2704 3982 muliere
2750 3935 2971 3997 partum
3014 3945 3137 3987 esse
3188 3937 3506 4005 pradicas?

1911 4020 2099 4084 Plane,
2137 4019 2360 4090 inquit:
2397 4018 2844 4074 benedictionem
2891 4035 3249 4082 communem
3299 4028 3494 4097 reddo,

1914 4110 2085 4166 totius
2105 4125 2226 4166 eam
2256 4123 2377 4164 esse
2413 4108 2607 4167 volens
2635 4107 2859 4164 feminei
2892 4124 3077 4166 sexus.
3112 4112 3240 4170 Non
3268 4116 3396 4174 dico
3426 4136 3496 4176 ex

1911 4204 2146 4274 virgine,
2179 4219 2249 4258 ne
2292 4201 2741 4258 benedictionem
2781 4201 2930 4257 intra
2955 4203 3100 4260 solas
3128 4205 3372 4279 virgines
3401 4226 3500 4268 η-

1910 4297 2196 4367 stringam.
2212 4295 2347 4350 Dico
2367 4310 2436 4350 ex
2459 4295 2715 4359 muliere,
2737 4308 2805 4350 ex
2827 4311 2962 4351 sexu
2989 4297 3250 4356 universo
3264 4303 3496 4373 gratiam

1907 4403 2031 4443 esse
2062 4387 2371 4451 declaratis,
2423 4401 2534 4457 quo
2558 4401 2722 4441 sexus
2749 4389 2932 4444 omnis
2963 4388 3238 4449 femineus
3264 4393 3496 4452 benedi-

1907 4481 2148 4535 ctionem
2182 4479 2463 4550 decerpat,
2491 4494 2670 4549 exque
2704 4478 2811 4534 illis
2831 4480 2886 4534 in
2919 4480 3076 4537 viros
3108 4485 3279 4555 gratia
3308 4497 3493 4546 trans-

1412 4561 1624 4630 δίε-ξων
1650 4562 1798 4632 quod

1910 4580 1995 4626 eat
2022 4588 2036 4625 ς
2065 4579 2128 4626 ut
2162 4585 2233 4625 ex
2271 4586 2379 4642 qua
2411 4570 2794 4641 prievaricatio
2823 4573 3048 4639 accidit,
3067 4590 3139 4631 ex
3166 4577 3281 4648 ipsa
3299 4595 3495 4650 prove-

1901 4660 2019 4715 niat
2040 4659 2211 4716 etiam
2244 4659 2442 4730 gratia,
2484 4660 2727 4717 humano
2758 4663 2945 4732 generi
2967 4679 3195 4736 regnum
3223 4669 3491 4730 caelorum

1901 4759 2211 4821 praestans:
2248 4750 2394 4821 quod
2449 4751 2660 4807 utinam
2701 4769 2806 4808 nos
2841 4771 3036 4811 omnes
3087 4773 3495 4831 consequamur

1902 4843 2078 4913 gratia
2126 4853 2183 4898 et
2217 4843 2559 4914 benignitate
2589 4845 2806 4901 Domini
2847 4847 3023 4902 nostri
3063 4849 3196 4906 Iesu
3223 4850 3431 4910 Christi
3473 4875 3488 4909 :

1906 4951 2033 4991 cum
2075 4951 2186 5006 quo
2214 4935 2361 4991 Patri
2402 4946 2459 4990 et
2506 4935 2743 5008 Spiritui
2786 4949 2982 4995 sancto
3023 4942 3197 5012 gloria
3222 4952 3280 5001 et
3312 4945 3490 5019 impe-

1907 5027 2051 5082 rium
2087 5027 2143 5081 in
2171 5028 2367 5084 smcula
2397 5029 2746 5084 saeculorum.
2775 5031 2973 5088 Amen.

2478 5188 2761 5246 HOMILIA
2795 5193 2882 5246 Vi.

1903 5304 1966 5360 In
2010 5315 2254 5359 sanctam
2305 5302 2542 5374 Mariam
2573 5305 2667 5359 Dei
2711 5307 3037 5374 genitricem,
3075 5317 3124 5361 et
3157 5310 3213 5363 in
3245 5321 3488 5369 sanctam

2394 5373 2589 5431 Christi
2621 5373 2972 5432 nativitatem.

1974 5487 2011 5542 Ι.
2048 5487 2299 5544 Oblectet
2329 5503 2461 5544 sane
2491 5503 2556 5544 ac
2587 5499 2803 5546 recreat
2851 5493 3075 5558 oculos,
3120 5510 3246 5552 cum
3292 5515 3489 5563 recens

1900 5585 1969 5634 ab
2006 5581 2218 5636 oriente
2252 5595 2548 5652 emergens
2571 5581 2654 5636 sol
2685 5581 2788 5637 iste
2821 5583 3144 5644 sublunaria
3188 5589 3481 5662 inspectat,

840 5769 910 5801 "'
933 5771 1034 5826 ιω.
1060 5789 1153 5837 vn,
1181 5775 1265 5830 {3.
1380 5777 1423 5808 ¹²
1449 5778 1582 5835 ibid.
1617 5781 1700 5838 Η.

1939 5782 2173 5848 lCnr.t.
2208 5785 2293 5841 l8.
2402 5783 2450 5819 ⁸³
2476 5787 2630 5843 Joan.
2674 5803 2768 5852 νπ.
2806 5790 2858 5845 5.
2974 5788 3021 5822 ⁸⁸
3052 5791 3252 5864 Ephes.
3295 5811 3355 5861 ll,
3393 5795 3482 5852 l5.

3085 5954 3157 6017 45
