4078 6340
628 388 766 450 Hi9

1705 396 2048 453 TllEODOTl
2089 398 2393 456 EPISCOPI
2436 399 2780 458 ANCYRAM

3736 397 3860 454 ΗΒ

623 512 899 579 radiisque
918 527 1212 565 consonos
1241 514 1597 576 conveniens,
1637 529 1985 569 communem
2005 515 2189 569 Domi—
2220 528 2258 576 Α
2290 518 2426 571 Cum
2465 535 2701 589 namque
2724 519 2856 572 olitn
2893 518 3005 587 jam
3035 516 3180 570 Deus
3203 514 3579 585 omnipotens,
3612 528 3723 566 una
3744 529 3858 569 cui

621 618 751 657 num
778 618 878 672 pro
913 619 981 656 eo
1008 620 1070 656 ac
1107 604 1277 656 debiti
1309 605 1449 657 ratio
1483 606 1741 673 postulat,
1763 607 1985 660 laudum
2009 606 2182 661 canti-

621 696 701 749 cis
730 694 1009 749 celebrare
1031 694 1320 759 admonet;
1350 695 1445 748 sed
1469 704 1524 747 et
1554 695 1757 764 pariter
1786 701 1946 750 terrae
1970 696 2183 759 faciem,

620 804 785 857 quam
832 787 1013 856 pluvia
1062 786 1269 839 ebriam
1319 802 1383 839 ac
1416 802 1540 839 rore
1594 786 1828 840 infusam
1874 788 2082 841 invenit
2123 802 2187 841 ac

620 880 951 950 pinguedine
997 878 1216 931 imbuit.
1265 877 1543 946 Ejusmodi
1584 886 1640 930 ct
1674 878 1983 932 veneranda
2022 878 2189 932 festo-

622 987 741 1025 rum
775 971 1039 1024 solemnia
1083 969 1243 1023 nobis
1298 970 1576 1023 illucentia
1609 972 1899 1024 essistunt.
1964 971 2185 1024 Piorum

622 1078 854 1131 namque
911 1070 1123 1116 mentes
1153 1062 1385 1130 spiritali
1418 1062 1624 1115 lumine
1665 1063 2069 1126 collustrantes,
2116 1062 2187 1116 ad

621 1153 840 1207 laudum
872 1154 1084 1206 cantica
1100 1152 1375 1214 excitant;
1405 1151 1703 1221 divinoque
1727 1152 2098 1221 apostolorum
2122 1167 2188 1205 ac

616 1244 1070 1314 evangelistarum
1099 1258 1223 1297 rore
1270 1242 1658 1304 refocillantes,
1702 1242 1831 1295 boni
1860 1243 2045 1311 operis
2072 1243 2189 1296 fru-

614 1347 762 1391 ctum
789 1338 936 1406 large
958 1336 1272 1390 conciliant.
1297 1334 1435 1388 Cum
1452 1350 1582 1387 vero
1606 1334 1720 1387 haec
1736 1335 1815 1388 sic
1830 1336 1905 1388 ita
1926 1335 2184 1397 habeant,

612 1438 868 1498 vetetque
904 1430 991 1481 lex
1026 1424 1335 1481 Mosaica“
1381 1442 1584 1480 vacuos
1631 1442 1897 1496 apparere
1942 1435 2069 1480 ante
2102 1426 2185 1480 fa-

612 1522 753 1574 ciem
808 1521 1054 1582 Domini,
1107 1518 1242 1588 quid
1300 1534 1402 1571 nos
1453 1518 1653 1571 dicturi
1699 1530 1925 1581 sumus,
1981 1517 2186 1586 quidve

612 1612 810 1674 acturi,
841 1613 932 1680 qui
970 1612 1128 1678 longe
1172 1608 1675 1663 insufficientissimi
1710 1610 1903 1671 simus,
1940 1609 2185 1678 nihilque

612 1704 835 1773 ilignum
863 1703 1163 1755 habeamus
1192 1700 1336 1768 quod
1374 1714 1530 1751 sacro
1563 1698 1671 1751 diei
1701 1706 2021 1767 argumento
2047 1713 2183 1751 con-

611 1796 895 1851 feramus?
921 1796 1082 1856 Num,
1108 1809 1313 1862 quaeso,
1340 1808 1519 1861 operae
1545 1790 1803 1859 pretium,
1830 1790 2002 1857 utqui
2024 1789 2180 1859 egeni

2292 609 2609 663 celestibus
2643 609 2896 665 thalamis
2922 615 3197 662 terrenam
3226 622 3453 676 quoque
3476 620 3663 659 rerum
3691 607 3858 659 varie-

2295 708 2458 753 tatem
2505 701 2735 770 pulchre
2777 697 3073 754 admodum
3109 714 3174 753 ac
3203 698 3541 768 composite,
3584 696 3698 750 vivi
3752 698 3858 758 ssi,

2292 791 2805 856 consubstantialis,
2840 790 3221 854 subsistentia,
3248 789 3369 859 pari
3406 788 3616 843 robore
3654 787 3858 858 praditi

2292 894 2359 932 ac
2389 882 2647 935 coaeterni
2678 881 2801 934 Filii
2829 897 2893 935 ac
2918 879 3104 943 Verbi,
3122 887 3287 948 atque
3314 877 3384 932 ab
3415 879 3541 947 ejus
3564 888 3764 932 natura
3783 878 3860 932 in-

2292 970 2453 1025 divisi
2474 1012 2487 1033 ,
2522 987 2690 1041 opera
2736 972 3015 1027 communi
3048 971 3279 1027 consilio
3313 969 3696 1033 distinxisset,
3743 986 3860 1025 san-

2293 1062 2645 1131 ctissimoquc
2685 1080 2749 1118 ac
2778 1064 3230 1119 consubstantiali
3262 1062 3472 1133 Spiritu
3508 1078 3614 1119 suo
3660 1064 3861 1119 sancti-

2294 1152 2530 1217 ﬁcasset,
2554 1154 2659 1207 sub
2691 1156 2986 1209 creationis
3012 1163 3340 1218 extremum,
3362 1153 3697 1225 palmarium
3719 1154 3863 1207 illum

2292 1245 2627 1315 dignumque
2648 1245 3014 1302 admiratione
3033 1246 3312 1301 hominem
3342 1245 3619 1301 universis
3650 1246 3708 1299 in
3730 1255 3861 1299 terra

2293 1338 2527 1393 conditis
2554 1339 2841 1407 magnifice
2868 1349 3035 1409 caput
3069 1339 3485 1412 principemque
3515 1338 3860 1410 praefecerat;

2293 1446 2417 1483 cum
2443 1430 2489 1484 is
2514 1445 2706 1483 recens
2730 1438 2790 1483 ut
2810 1439 2958 1485 esset
2984 1430 3056 1485 ab
3084 1447 3155 1485 eo
3184 1432 3528 1502 accepisset;
3561 1431 3861 1485 intemera-

2295 1525 2363 1577 tis
2390 1523 2603 1577 Domini
2632 1539 2663 1577 e
2698 1532 2843 1577 terra
2874 1522 3087 1578 efﬁctus
3109 1525 3393 1591 manibus,
3420 1524 3729 1596 divinqne
3754 1524 3861 1593 spi-

2294 1616 2481 1669 racuio
2519 1615 2685 1669 vitam
2737 1632 2801 1670 ac
2864 1616 3216 1686 splendorem
3270 1598 3669 1681 consecuti,
3712 1618 3862 1687 διι-

2290 1707 2436 1774 quod
2473 1720 2700 1776 magnus
2731 1708 2820 1761 ille
2855 1707 3132 1779 Moyses"
3157 1707 3351 1763 divino
3370 1707 3712 1779 conscripsit
3743 1708 3861 1777 Spi-

2291 1799 2421 1860 ritu,
2476 1808 2539 1852 ut
2590 1799 2853 1869 subjectis
2908 1800 3015 1854 sub
3046 1800 3187 1855 cmlo
3216 1801 3419 1855 creatis
3460 1800 3861 1868 dominaretur.

611 1904 821 1952 sumus,
876 1886 942 1940 ad
1004 1873 1293 1939 Dominum
1351 1881 1687 1936 abundantia
1739 1882 2001 1935 bonitatis
2036 1882 2181 1934 ultro
2211 1880 2253 1935 Β
2282 1888 2657 1959 mundumque
2701 1892 2756 1944 in
2801 1893 3093 1947 sanctitate
3122 1901 3178 1946 et
3196 1892 3410 1963 iustitia
3458 1902 3703 1964 regeret.
3755 1892 3879 1947 ω

611 1990 892 2035 vocantem
928 1977 1208 2047 accepturi
1254 1976 1657 2045 confugiamus,
1711 1974 2179 2044 quemadmodum

610 2082 687 2127 ait
725 2092 737 2127 :
787 2092 805 2122 ι
842 2072 1015 2127 Dilata
1051 2087 1113 2124 os
1142 2078 1319 2132 tuum,
1348 2078 1403 2122 ct
1434 2068 1672 2137 implebo
1698 2068 1834 2121 illud
1859 2066 1931 2131 ",
1977 2088 1996 2119 ι
2028 2066 2183 2121 inde-

608 2182 714 2236 que
764 2165 981 2219 laticem
1041 2172 1101 2215 et
1144 2162 1439 2230 potabilem
1489 2169 1545 2215 et
1598 2159 1875 2213 vivificum
1921 2157 2182 2213 Ecclesia:

606 2259 841 2313 alumnis
900 2254 1258 2309 hauriams?
1290 2252 1403 2307 Hoc
1454 2267 1587 2306 sane
1650 2251 1816 2306 etiam
1867 2249 2179 2304 faciemus:

606 2366 733 2405 nam
767 2358 824 2404 et
861 2348 929 2401 de
966 2348 1059 2400 illo
1090 2345 1408 2400 solemnitas
1442 2345 1641 2414 agitur,
1672 2344 1837 2412 inque
1862 2357 1990 2397 eum
2013 2356 2177 2411 quam

605 2458 793 2498 sumus
811 2439 1080 2501 habituri,
1120 2438 1295 2491 oratio
1322 2436 1577 2490 refertur.

678 2535 741 2588 ll.
772 2536 884 2603 Age
926 2533 1131 2601 itaque,
1157 2528 1253 2583 Dei
1289 2528 1357 2581 ab
1388 2527 1544 2581 initio
1597 2527 1872 2583 mirabilia
1909 2528 2173 2581 memoria

605 2635 946 2696 repetamus.
1002 2638 1069 2677 ac
1121 2620 1451 2675 meditemur
1493 2620 1551 2673 in
1604 2620 1863 2673 omnibus
1913 2620 2176 2689 operibus

602 2720 753 2789 ejus,
786 2713 1250 2786 quemadmodum
1290 2714 1459 2765 etiam
1505 2711 1821 2780 apostolicis
1860 2711 2175 2781 pmipitur

603 2811 837 2880 legibus,
874 2823 1001 2862 cum
1049 2805 1213 2859 modo
1259 2804 1483 2874 quidem
1511 2803 1745 2858 dicunt:
1778 2823 1796 2853 ι
1834 2803 2172 2857 Annuntiate

602 2904 833 2956 virtutes
870 2901 990 2970 ejus
1016 2898 1111 2968 qui
1153 2897 1221 2951 de
1260 2896 1505 2950 tenebris
1541 2910 1640 2949 vos
1667 2895 1883 2950 vocavit
1910 2895 1965 2948 in
1994 2893 2171 2948 admi-

601 2996 773 3051 rabile
802 2994 986 3047 lumen
1016 2989 1277 3056 suum“;
1322 3009 1340 3041 ι
1372 2988 1537 3043 modo
1561 2997 1976 3043 contestentur:
2013 3006 2031 3038 ι
2064 2988 2171 3041 Ve-

602 3098 909 3143 rumtamen
951 3085 1019 3139 ad
1064 3082 1211 3154 quod
1249 3081 1623 3152 pervenimus,
1672 3081 1728 3135 in
1768 3096 1835 3135 eo
1859 3088 1916 3135 et
1946 3096 2170 3134 manca-

600 3176 804 3242 mus",
839 3198 856 3229 ι
887 3191 989 3232 nec
1037 3177 1097 3230 in
1133 3191 1198 3230 ea
1232 3190 1353 3245 quae
1381 3190 1493 3228 non
1548 3181 1678 3229 sunt
1718 3173 1920 3227 tradita
1962 3181 2169 3227 temere

599 3272 873 3325 irruamus
896 3310 912 3333 ,
969 3277 1227 3337 tanquam
1260 3264 1521 3319 nimirum
1556 3264 1781 3327 veritas,
1819 3278 2012 3318 eorum
2044 3280 2166 3333 quae

598 3361 933 3416 manifestari
960 3368 1149 3414 nostra
1182 3357 1475 3418 referebat,
1526 3371 1592 3410 ex
1617 3356 1684 3409 iis
1717 3370 1840 3424 quae
1874 3357 1995 3424 ejus
2035 3365 2165 3410 nota

599 3458 746 3516 sunt,
780 3450 920 3503 nihil
947 3449 1111 3502 nobis
1151 3446 1430 3501 occultum
1465 3443 1769 3513 reliquerit.
1812 3442 2167 3497 Pervenimus

595 3542 765 3606 enim,
822 3542 879 3594 in
920 3554 1044 3610 qua:
1090 3538 1248 3592 multi
1283 3536 1567 3605 propheta:
1624 3544 1681 3589 et
1708 3535 1849 3605 'justi
1891 3534 2167 3589 desiderio

596 3635 773 3690 multo
814 3632 1131 3686 inarserunt
1151 3630 1219 3682 ".
1246 3627 1388 3694 Quid
1420 3642 1553 3681 vero
1576 3628 1755 3697 justus
1783 3633 1950 3696 atque
1982 3626 2163 3679 homi-

595 3742 695 3782 nes
728 3722 1005 3780 dicimus?
1039 3740 1058 3773 t
1085 3721 1144 3775 In
1168 3734 1291 3789 quae
1314 3717 1504 3787 angeli
1526 3717 1633 3785 ipsi
1664 3716 1979 3787 prospicere
2015 3716 2164 3769 desi-

592 3816 928 3871 deraverunt
943 3814 1010 3865 ⁹¹.
1054 3831 1072 3863 ι
1097 3809 1368 3877 Quidnam
1410 3807 1587 3862 illud?
1619 3806 1701 3861 Ad
1734 3807 2020 3861 hominum
2053 3808 2162 3862 sci-

592 3909 720 3963 licet
752 3920 879 3962 cum
923 3905 1041 3960 Deo
1074 3900 1609 3965 reconciliationem;
1658 3896 1850 3953 mundi
1900 3899 2068 3953 totius
2091 3899 2161 3953 ad

592 4014 720 4054 eum
754 3997 848 4068 qui
869 3993 1123 4052 condidit
1150 3990 1600 4055 conversionem;
1626 3988 2006 4042 universorum
2026 4002 2161 4043 con-

592 4102 781 4144 sonam
806 4083 1238 4147 confessionem;
1272 4094 1444 4135 unum
1468 4080 1581 4134 bo
1598 4087 1884 4147 acceptum
1904 4093 2013 4132 una
2044 4078 2162 4132 ani.

592 4192 807 4233 morum
831 4173 1195 4231 consensione
1244 4170 1526 4241 religionis
1556 4168 1763 4224 cultum
1778 4185 1800 4233 ;Δ
1837 4168 1982 4238 piam
2023 4184 2157 4223 con-

589 4269 872 4333 cordiam;
926 4264 1228 4336 impietatis
1277 4261 1699 4332 abnegationem
1743 4277 1758 4315 :
1804 4276 1928 4331 qua:
1974 4261 2158 4315 omnia

586 4358 844 4416 salutaris
897 4356 997 4411 Dei
1053 4360 1110 4410 in
1161 4368 1328 4408 carne
1376 4351 1744 4408 manifestatio
1774 4362 2001 4423 operata
2048 4361 2155 4420 est,

584 4449 1051 4523 quemadmodum
1108 4446 1299 4503 docuit
1353 4444 1576 4499 divinus
1627 4445 1829 4500 Paulus
1854 4486 1871 4510 ,
1925 4446 2153 4501 dicens:

2280 1993 2412 2047 ergo
2442 1980 2732 2049 magniﬁco
2756 1994 2923 2049 opere
2957 1984 3283 2054 condignam
3305 1990 3604 2040 exstructis
3636 1985 3858 2056 regiam,

2277 2084 2454 2137 exque
2494 2085 2559 2124 ea
2600 2087 2722 2139 qua:
2750 2072 2856 2125 sub
2884 2073 3025 2127 ccelo
3052 2083 3139 2128 est
3171 2083 3426 2128 creatura
3459 2074 3714 2144 optimos
3735 2089 3860 2129 con-

2280 2159 2428 2214 ditor
2461 2161 2515 2214 in
2547 2162 2739 2222 Edcm.
2781 2164 2887 2217 hoc
2924 2173 3030 2225 est.
3067 2165 3355 2237 uoluptatis
3384 2164 3516 2231 loco,
3540 2180 3859 2229 secernens,

2279 2252 2486 2305 clarius
2512 2268 2542 2305 a
2580 2253 2853 2324 principio
2884 2255 3093 2311 lumine
3132 2257 3507 2312 collustratam
3553 2257 3864 2312 immensis-

2279 2359 2387 2411 qne
2412 2342 2668 2396 refertam
2699 2344 2940 2411 divitiis;
2973 2347 3339 2418 paradisoque
3370 2348 3678 2419 voluptatis
3707 2365 3864 2405 aecus

2277 2449 2542 2503 aquarum
2571 2434 2840 2492 decursus
2884 2439 3134 2508 plantato
3178 2440 3411 2500 miriﬁce
3462 2451 3748 2507 ornatam,
3801 2458 3862 2498 ac

2276 2536 2557 2596 pratorum
2598 2544 2698 2599 per
2743 2546 2935 2600 gyrum
2990 2530 3305 2588 ﬂorentium
3350 2533 3501 2589 dulci
3562 2534 3867 2605 fragrantia

2275 2618 2541 2684 affusam;
2596 2620 2782 2674 fluviis
2830 2619 3071 2691 denique
3094 2638 3165 2677 ex
3213 2623 3465 2678 interiori
3514 2624 3861 2680 abundantia

2274 2709 2541 2764 divitibus
2568 2711 2860 2766 ambitiose
2890 2710 3261 2769 luxuriantem
3278 2731 3295 2780 ;
3337 2730 3449 2785 quo
3472 2718 3743 2772 exteriori
3772 2718 3862 2772 illo

2271 2812 2537 2873 apparatu
2564 2804 2619 2857 in
2652 2804 2932 2858 hominem
2964 2820 2995 2859 a
3024 2819 3085 2860 se
3114 2805 3400 2862 conditum
3429 2809 3859 2865 convenientem

2272 2895 2733 2966 magnificentiam
2782 2895 3086 2959 abundanti
3117 2897 3363 2954 bonitate
3390 2900 3675 2955 conferret
3707 2920 3726 2954 :
3752 2903 3859 2956 cla-

2272 2999 2393 3037 rum
2420 2983 2575 3037 illum
2610 2983 2763 3037 velut
2798 2984 2855 3037 in
2884 2985 3163 3055 regalibus
3193 2987 3453 3043 thalamis
3484 2989 3602 3045 illic
3622 2991 3861 3046 colloca-

2270 3084 2446 3139 verat,
2477 3074 2639 3130 liberi
2664 3074 2927 3129 donatum
2950 3092 3153 3132 corona
3171 3079 3410 3145 arbitrii,
3426 3082 3637 3153 quique
3668 3085 3859 3139 mundi

2271 3183 2363 3222 res
2400 3183 2595 3223 omnes
2642 3165 2883 3237 pedibus
2927 3168 3206 3239 subiectas
3241 3171 3491 3229 haberet.
3536 3174 3684 3242 Quia
3730 3193 3861 3232 vero

2271 3258 2463 3327 optimi
2489 3259 2835 3329 principatus
2859 3258 2986 3313 finis
3006 3268 3149 3327 erat,
3170 3276 3292 3317 esse
3328 3253 3573 3333 aliquem
3599 3266 3702 3335 qui
3731 3266 3858 3321 duci

2269 3348 2509 3402 monitor
2532 3354 2698 3413 esset,
2745 3354 2986 3418 apteque
3030 3363 3162 3404 eum
3212 3360 3607 3422 componeret,
3646 3370 3716 3409 ae
3742 3371 3860 3411 ace-

2268 3446 2517 3507 ptrorum
2542 3478 2558 3502 ,
2593 3453 2664 3492 ne
2718 3436 3031 3509 ignorantia
3074 3454 3305 3509 peccare
3339 3442 3714 3513 ωιιιίιιεετει.
3760 3462 3859 3500 eo-

2268 3534 2382 3580 stos
2405 3528 2725 3592 exsisteret;
2768 3525 2867 3581 dat
2906 3526 3194 3597 sapientia
3219 3529 3462 3586 salutare
3513 3544 3856 3611 praereptum

2269 3632 2386 3671 rem
2430 3618 2704 3689 ejusmodi
2737 3616 3112 3689 distinguens,
3153 3626 3337 3676 tutum
3378 3621 3459 3676 illi
3489 3632 3664 3693 atque
3698 3626 3858 3682 uxori

2264 3709 2680 3776 contubernale,
2704 3710 2979 3765 bonorum
3010 3719 3301 3782 parentem
3316 3754 3333 3777 ,
3363 3721 3533 3785 atque
3552 3714 3621 3770 ad
3643 3717 3855 3787 optima

2264 3800 2542 3873 dirigens;
2575 3819 2689 3858 uno
2709 3803 2883 3859 verbo
2906 3803 3179 3859 virtutum
3209 3806 3413 3861 seriem
3442 3822 3671 3864 omnem
3696 3826 3854 3867 com-

2263 3894 2542 3963 plectens;
2573 3895 2723 3965 quod
2752 3910 2952 3965 nempe
2974 3896 3293 3952 curantium
3325 3913 3384 3953 se
3414 3914 3607 3955 curam
3638 3912 3853 3973 ageret,

2262 4000 2432 4055 seque
2467 3985 2843 4041 custodientes
2866 3987 3190 4055 custodiret,
3231 4004 3299 4044 ac
3345 3990 3631 4061 simplices
3672 4004 3854 4051 atten-

2265 4089 2353 4134 tos
2384 4078 2670 4135 ediceret:
2706 4079 2776 4134 ad
2828 4078 2946 4135 haec
2986 4095 3151 4146 vero,
3194 4095 3296 4135 eos
3337 4082 3434 4152 qui
3484 4082 3855 4143 inferioribus

2260 4181 2603 4243 praestarent,
2628 4170 2900 4227 universis
2947 4172 3276 4243 praestanti,
3324 4172 3531 4244 quique
3574 4175 3854 4234 honorem

2259 4265 2581 4320 contulisset
2603 4304 2621 4323 ,
2661 4263 2893 4318 Domino
2945 4262 3173 4319 obedire
3221 4262 3481 4328 doceret;
3528 4267 3854 4339 agensque

2257 4371 2422 4411 sensu
2470 4356 2680 4411 similes
2732 4355 2981 4411 modeste
3032 4370 3229 4426 sapere
3288 4354 3575 4424 erndiret,
3614 4368 3790 4432 atque
3819 4377 3852 4416 a

2258 4448 2544 4519 tyrannide
2578 4445 2885 4502 aﬂeetanda
2916 4445 3261 4512 deterreret,
3302 4460 3371 4501 ac
3416 4444 3647 4504 virtutis
3678 4450 3853 4505 totius

593 4565 613 4597 ι
651 4542 919 4614 Apparuit
941 4540 1114 4613 gratia
1133 4539 1229 4594 Dei
1251 4537 1788 4593 salutarisomnibus
1815 4538 2151 4604 hominibus,
2186 4557 2230 4611 ι)
2258 4540 2531 4603 mercede,
2553 4537 2801 4595 Creatori
2828 4546 3087 4609 acceptos
3114 4545 3425 4610 prastaret.

583 4634 845 4691 erudiens
874 4646 999 4697 nos,
1031 4637 1095 4684 ut
1126 4628 1461 4698 abnegantcs
1482 4626 1816 4697 impietatem
1855 4636 1912 4684 et
1933 4630 2159 4685 saculo-

584 4724 666 4779 rla
690 4721 985 4787 desideria,
1006 4720 1193 4776 sobrie
1219 4725 1278 4773 et
1294 4719 1442 4789 juste
1475 4717 1727 4773 vivamus
1756 4719 1814 4774 in
1840 4719 1947 4775 hoc
1979 4735 2155 4775 saecu-

583 4818 640 4873 lo
663 4818 737 4882 ";
768 4836 787 4868 ι
823 4815 893 4871 de
920 4828 1032 4885 qua
1048 4811 1203 4868 brevi
1232 4824 1499 4867 sermone
1517 4809 1877 4875 disseremus,
1893 4826 1996 4881 pro
2009 4826 2077 4867 eo
2090 4826 2159 4867 ac

583 4908 814 4964 facultas
844 4906 1045 4971 fuerit,
1096 4903 1190 4958 ubi
1215 4902 1547 4973 promissum
1598 4900 1911 4967 reddentes,
1955 4902 2053 4957 Dei
2096 4902 2154 4956 in

582 5016 686 5056 nos
711 5016 743 5054 a
781 4997 1051 5069 principio
1076 4996 1275 5051 electa
1304 4993 1577 5049 mirabilia
1606 4992 2145 5062 prclaudaverimus.

579 5092 698 5148 lloc
730 5090 879 5146 enim
911 5096 970 5143 et
990 5086 1249 5143 Ecclesia:
1280 5084 1529 5139 moribus
1558 5093 1840 5154 receptum
1860 5124 1877 5148 ,
1917 5092 1977 5140 ut
2008 5086 2150 5140 inter

580 5180 689 5236 diei
722 5192 877 5234 sacra
911 5174 1177 5232 solemnia
1208 5172 1399 5228 mundi
1438 5168 1642 5226 conditi
1669 5171 1956 5226 historiam
1988 5172 2148 5226 audi-

582 5274 795 5329 toribus
812 5269 1069 5334 enarret;
1110 5281 1223 5337 quo
1251 5258 1513 5321 nimirum
1555 5266 1845 5329 ostendat,
1879 5262 2071 5318 Adami
2115 5280 2148 5320 e

580 5368 703 5421 loco
755 5362 1052 5434 voluptatis
1108 5360 1166 5415 in
1217 5366 1451 5413 mortem
1494 5357 1911 5428 demigrationis
1959 5372 2145 5418 causa,

580 5463 785 5512 tantam
832 5452 1051 5509 Domini
1082 5466 1212 5523 erga
1246 5465 1350 5505 nos
1383 5449 1659 5505 exstitisse
1700 5448 2143 5505 inclinationem.

1254 5602 1302 5634 "
1329 5602 1471 5657 Psal.
1501 5619 1657 5662 Lux,
1690 5603 1775 5656 ll.

1294 5674 1339 5705 ’³
1374 5672 1509 5729 Gen.
1550 5689 1588 5734 I,
1620 5672 1709 5726 26.

646 5608 695 5641 ⁸⁸
720 5608 890 5664 Exod.
919 5622 1068 5669 χχιιι,
1094 5604 1180 5658 15.

581 5699 615 5743 ι,
650 5679 736 5739 15.
810 5680 855 5709 ’⁸
889 5678 997 5730 Tit.
1035 5692 1089 5739 ll,
1133 5675 1218 5728 ll.

2328 4629 2418 4685 ΙΙΙ.
2465 4628 2607 4696 Quia
2639 4644 2777 4685 vero
2817 4629 2901 4685 sic
2934 4624 2998 4685 se
3020 4629 3436 4697 resbahebaat,
3470 4645 3542 4687 ac
3570 4646 3849 4690 umec-

2253 4727 2379 4782 lites
2402 4724 2471 4779 ad
2501 4732 2777 4780 terrenam
2796 4723 3003 4795 regiam
3025 4722 3229 4781 choros
3248 4732 3497 4797 agerent,
3522 4725 3852 4798 tri-anque

2253 4824 2582 4887 potestatem
2627 4815 2943 4879 laudarent,
2981 4814 3189 4871 trinam
3231 4816 3707 4888 magniﬁcean
3741 4818 3849 4873 de-

2255 4914 2563 4971 cantarent,
2589 4906 2799 4962 trinum
2817 4912 3168 4976 potentatum
3187 4905 3603 4972 benedicerent,
3635 4910 3847 4965 trinam

2256 4999 2684 5055 dominationem
2702 5000 2856 5055 claro
2879 4999 3161 5068 praeconio
3180 4999 3465 5067 efferrent,
3488 5001 3640 5058 trine
3660 5004 3848 5061 subsi-

2255 5095 2487 5144 stentem
2516 5106 2679 5145 unam
2706 5090 2968 5146 deitatem
2986 5089 3304 5157 adorarent,
3331 5099 3671 5164 terrenaque
3690 5096 3846 5154 ein:

2255 5193 2440 5247 regem
2462 5194 2528 5235 ac
2564 5179 2761 5237 ducem
2781 5179 3186 5251 praesidemque
3212 5181 3481 5239 divinitus
3519 5200 3652 5241 eum
3687 5189 3843 5244 omni

2253 5270 2508 5339 aequitate
2528 5287 2594 5327 ac
2621 5273 2918 5328 concordia
2938 5273 3188 5345 subjecta
3219 5281 3427 5342 esseut,
3448 5292 3849 5351 congruasqne

2253 5361 2649 5430 appellationes
2672 5379 2776 5420 ceu
2815 5363 3009 5420 munia
3037 5364 3291 5435 quadam
3326 5368 3547 5439 placide
3580 5371 3846 5442 suseipe~

2254 5463 2419 5523 rent;
2453 5465 2641 5527 atque,
2669 5465 2734 5512 ut
2755 5459 2928 5516 verbo
2969 5459 3171 5524 dicam,
3212 5461 3471 5517 universa
3513 5463 3572 5518 in
3623 5463 3852 5520 ordinis

1884 5603 1937 5637 ⁸⁸
1959 5606 1979 5659 Ι
2003 5605 2150 5659 Petr.

2273 5608 2319 5661 ς).
2393 5608 2439 5640 υ
2463 5610 2697 5682 Philipp.
2728 5629 2808 5679 ιιι,
2836 5614 2924 5667 t6.
3002 5616 3050 5647 ιο
3072 5615 3263 5673 Matth.
3291 5632 3408 5682 xm,
3427 5618 3520 5674 θη.
3558 5620 3604 5651 οι
3635 5620 3658 5675 ι
3687 5619 3845 5678 ιιι-υ.

647 5833 723 5897 (4)
749 5832 819 5891 [λλ
851 5834 1066 5892 iiii/[iul]:
1116 5833 1332 5885 Palmm
1361 5830 1652 5885 roncimtaf.
1673 5827 1976 5894 C0!BF.FIS.,
1996 5840 2131 5885 tom.

2275 5848 2409 5904 iagg.
2444 5835 2690 5894 too-9m.
