4078 6340
237 433 367 491 Nil

863 434 1143 489 llf).\lll.|.-\
1189 436 1249 488 \‘l
1291 434 1354 488 ΙΝ
1401 437 1456 492 S.
1503 431 1822 488 DEIPARAE

1925 414 1978 486 ir
2022 434 2087 489 IN
2129 429 2596 489 NATIVITATEM
2638 425 2887 484 DO.\ll.\'l.

3357 423 3495 480 “'2!

235 552 465 622 pulchre
506 550 739 604 instituti
789 551 933 604 bono
977 549 1206 605 feliciter
1234 559 1460 621 agerent
1495 568 1507 602 :
1543 567 1652 604 non
1687 550 1811 603 tulit
1843 558 1884 610 Α
1916 550 2118 616 videat,
2150 567 2274 621 quae
2304 566 2428 604 cum
2459 547 2640 619 gladio
2682 543 2969 614 coniugem
3009 539 3264 609 expellat.
3303 539 3497 595 Cesset

237 643 636 714 imperturbato
683 658 747 697 ac
798 659 908 696 non
940 644 1180 714 maligno
1203 642 1364 696 oculo
1394 642 1638 696 hominis
1665 642 1812 696 illam

237 735 427 790 mundi
451 734 620 789 totius
645 733 927 802 obsequiis
955 734 1194 788 adultam
1212 733 1516 787 claritatem
1547 734 1811 802 aspicere,

237 827 330 896 qui
367 843 399 881 a
431 826 750 883 celestibus
779 826 1167 896 splendoribus
1199 826 1345 879 haud
1385 842 1545 880 secus
1577 842 1641 881 ac
1668 827 1814 882 scin-

238 920 354 975 tilla
403 918 653 988 lampade
698 919 929 974 decussa
985 933 1110 971 cum
1164 917 1394 988 fuligine
1445 929 1815 987 consequente

238 1011 514 1081 proiectus
529 1019 634 1074 est,
653 1027 718 1064 eo
741 1010 888 1080 quod
913 1017 1039 1062 ante
1065 1008 1356 1062 Dominum
1379 1010 1814 1079 omnipotentem

235 1109 419 1157 erecta
463 1104 679 1157 cervice
721 1101 938 1156 steterit
971 1119 985 1166 ;
1023 1101 1116 1155 sed
1155 1102 1338 1156 statim
1373 1112 1432 1156 ut
1467 1104 1707 1173 graviter
1740 1104 1817 1158 fe-

237 1207 366 1247 rens
394 1192 685 1248 adversum
711 1193 867 1256 vidit,
891 1193 1240 1248 aemulatione
1270 1210 1332 1247 ac
1361 1195 1543 1247 animo
1568 1195 1816 1248 latitante

235 1284 446 1339 invidia
494 1286 551 1339 in
607 1285 743 1338 iram
794 1283 1179 1348 exardescens,
1239 1285 1456 1338 interno
1518 1285 1610 1338 illo
1644 1286 1816 1339 livore

237 1372 398 1430 facile
449 1375 778 1430 suffocatum
836 1389 896 1428 se
953 1374 1018 1427 iri
1073 1373 1602 1436 existimavitpnisi
1653 1375 1817 1428 citius

236 1467 548 1537 splendoris
589 1467 735 1521 illius
770 1466 1076 1520 claritatem
1121 1465 1415 1536 praedatus,
1441 1476 1603 1535 atque
1625 1483 1654 1520 a
1688 1483 1818 1519 con—

238 1557 482 1614 venienti
505 1557 763 1612 mandato
780 1556 1082 1627 abripiens,
1103 1557 1159 1610 in
1181 1573 1369 1627 parem
1392 1574 1579 1612 secum
1605 1559 1815 1611 foveam

236 1649 579 1705 detruderet.
625 1649 761 1703 Cum
811 1657 996 1703 autem
1036 1648 1255 1718 sapiens
1304 1659 1450 1703 esset
1505 1649 1572 1703 ad
1613 1650 1815 1702 malum

239 1741 570 1803 faciendum,
606 1741 746 1795 sicut
773 1740 1038 1809 scriptum
1070 1748 1154 1793 est
1201 1741 1269 1803 ",
1319 1740 1594 1809 sciretque
1643 1757 1708 1794 ex
1753 1741 1816 1792 iis

236 1848 361 1902 qua:
400 1831 737 1894 acciderant,
787 1847 950 1902 quam
1001 1831 1114 1884 Deo
1161 1830 1335 1885 invisa
1363 1831 1530 1885 elatio
1561 1833 1651 1894 sit,
1677 1832 1817 1885 hanc

237 1924 408 1990 acuit,
440 1933 503 1978 ut
543 1923 610 1978 iis
653 1923 746 1993 qui
799 1921 992 1992 optimi
1028 1931 1186 1976 erant
1223 1939 1414 1977 necem
1459 1923 1703 1977 inferret.
1738 1924 1821 1976 Fi-

237 2027 385 2072 ctam
408 2015 557 2070 enim
583 2016 735 2070 velut
763 2015 819 2069 in
845 2029 1008 2069 scena
1033 2023 1338 2083 praetexens
1355 2015 1818 2077 benevolentiam,

237 2121 342 2161 ceu
373 2107 421 2161 is
441 2107 536 2176 qui
570 2121 757 2160 curam
789 2120 950 2175 agere
972 2103 1276 2169 videretur,
1303 2107 1523 2160 mulieri
1564 2115 1820 2175 tanquam

239 2199 471 2255 faciliori
508 2199 802 2254 consilium
849 2197 1110 2268 suggerit,
1157 2212 1348 2268 aperto
1373 2215 1467 2253 ore
1502 2200 1555 2253 in
1581 2201 1821 2254 salutare

238 2291 558 2346 mandatum
584 2291 919 2354 declamans,
973 2297 1140 2358 atque
1176 2289 1523 2344 mendacium
1561 2290 1823 2344 adversus

238 2385 532 2440 veritatem
568 2392 850 2442 eructans,
881 2389 1143 2450 tanquam
1176 2382 1438 2436 nimirum
1469 2382 1602 2435 illud
1635 2399 1663 2436 a
1695 2383 1822 2436 cibo

236 2476 335 2545 qui
381 2475 450 2530 ad
499 2475 596 2529 Dei
640 2473 1006 2542 aequalitatem
1061 2473 1343 2538 eveheret,
1373 2473 1581 2543 ingenti
1620 2474 1822 2527 damno

235 2577 494 2623 arceret:
526 2581 636 2636 quo
669 2565 875 2620 factum
922 2573 1006 2618 est
1033 2573 1093 2618 ut
1123 2563 1346 2620 seducta
1381 2565 1582 2619 mulier
1632 2582 1823 2636 sugge-

235 2659 474 2714 stionem
503 2657 660 2712 facile
679 2657 974 2725 arriperet,
997 2669 1060 2709 ac
1081 2655 1490 2724 promptissime
1507 2655 1574 2707 ad
1591 2653 1819 2708 vetitum

236 2747 479 2804 fructum
504 2753 838 2801 accurreret.

311 2838 398 2893 IV.
425 2837 517 2892 Sic
542 2852 693 2899 vero,
715 2837 793 2891 sic
824 2853 1022 2891 novam
1045 2836 1354 2907 eiaculatus
1381 2835 1669 2904 gloriolam
1701 2851 1818 2888 ma-

237 2929 420 2982 lorum
467 2928 558 2982 ille
608 2935 820 2991 auctor,
865 2928 1014 2981 velut
1051 2927 1422 2981 avidissimam
1479 2927 1606 2980 mali
1644 2929 1822 2979 omnis

238 3020 437 3074 rudem
471 3018 526 3072 in
567 3017 766 3072 inferni
805 3020 1062 3087 laqueum
1105 3016 1362 3080 induxit;
1400 3015 1452 3068 id
1491 3016 1668 3086 ipsum
1707 3032 1824 3070 mo-

237 3113 374 3167 litus
416 3127 481 3166 ac
521 3111 798 3175 irrisores,
826 3111 921 3180 qui
949 3125 1074 3164 cum
1115 3108 1350 3163 rudibus
1371 3109 1561 3178 pueris
1585 3108 1822 3164 illudere

236 3201 432 3261 velint,
457 3199 738 3269 quidpiam
764 3200 881 3254 esui
907 3209 1286 3269 comparatum
1312 3198 1667 3268 proiicientes
1695 3215 1822 3254 cum

235 3290 647 3352 adhortatione,
693 3288 1096 3344 vehementiori
1151 3304 1220 3343 ex
1269 3286 1531 3342 aviditate
1573 3287 1642 3342 ad
1704 3305 1822 3343 rem

237 3383 542 3454 proiectam
564 3396 753 3445 cursu,
778 3389 974 3450 sponte
1001 3394 1208 3450 pronos
1237 3378 1308 3433 ad
1329 3387 1532 3433 terram
1565 3378 1821 3434 allidunt.

241 3473 317 3529 Ut
356 3473 541 3542 itaque
591 3471 789 3526 mulier
827 3485 930 3526 ceu
970 3469 1188 3524 facilior
1217 3484 1410 3525 errore
1454 3469 1685 3539 decepta
1715 3479 1822 3535 est,

237 3563 539 3632 animoque
560 3561 629 3615 ad
661 3575 725 3615 ea
745 3575 868 3630 qua:
898 3565 1222 3614 susurrante
1246 3557 1475 3613 inimico
1504 3558 1599 3613 illo
1628 3558 1824 3614 audie-

241 3664 352 3718 rat,
389 3661 475 3710 est
504 3654 646 3708 elata
673 3652 879 3724 (sermo
907 3666 1146 3721 namque
1171 3649 1362 3705 animo
1387 3650 1699 3716 incurrens,
1721 3667 1824 3706 ceu

239 3747 372 3817 quis
412 3745 695 3810 seductor,
719 3744 1030 3801 'suadendo
1061 3759 1185 3814 quae
1228 3751 1361 3800 sunt
1385 3745 1558 3800 vetita
1579 3753 1823 3815 patrare,

241 3839 297 3893 vi
329 3840 565 3894 maxima
596 3835 828 3908 pollet);
857 3835 1204 3892 temerariam
1229 3849 1452 3905 quoque
1485 3851 1709 3891 manum
1731 3836 1828 3891 ad—

240 3945 440 3987 versus
479 3929 831 3985 tremendum
864 3937 1200 3999 praeceptum
1239 3929 1496 3994 armavit,
1527 3930 1827 4002 cibumque

242 4022 481 4079 vetitum
509 4021 659 4078 haud
685 4036 845 4077 secus
867 4035 935 4076 ac
970 4019 1213 4092 gladium
1248 4030 1484 4092 utraque
1516 4031 1670 4094 parte
1693 4039 1827 4078 acu-

241 4127 363 4172 tum
387 4114 698 4172 visceribus
724 4113 954 4186 adegit':
986 4128 1050 4169 ac
1073 4127 1237 4169 sensu
1258 4113 1533 4170 diabolico
1567 4120 1674 4179 una
1700 4131 1826 4171 cum

241 4208 397 4265 illius
425 4208 713 4263 voluntate
745 4205 930 4277 plena,
967 4203 1037 4261 ad
1067 4205 1254 4260 virum
1275 4206 1477 4277 pergit,
1504 4205 1718 4278 laqueis
1738 4207 1826 4262 in-

239 4306 457 4354 structa
483 4315 500 4364 ;
539 4297 919 4368 adversusque
942 4295 1224 4367 propriam
1256 4296 1494 4352 salutem
1513 4297 1719 4353 docens
1746 4297 1830 4352 in-

239 4389 540 4455 solescere,
589 4405 714 4459 qua:
761 4388 904 4445 male
951 4387 1115 4444 docta
1161 4387 1363 4452 fuerat,
1395 4390 1588 4445 mortis
1622 4399 1826 4445 sortem

241 4480 558 4555 protendit.
592 4481 753 4547 Veni,
786 4480 992 4551 inquit,
1019 4488 1134 4536 tota
1159 4479 1467 4545 alacritate,
1502 4480 1827 4546 vermiculo,

1917 652 2153 706 vetusta,
2205 659 2309 698 nec
2353 642 2553 697 decora
2603 636 2907 692 memoria:
2955 633 3151 688 sileant
3199 647 3323 704 qua
3371 632 3494 687 ﬁeri

1917 732 2070 787 nefas
2099 733 2299 787 fuerat.

1985 828 2049 882 ν.
2073 827 2216 894 Quid
2238 842 2370 882 vero
2388 825 2472 880 vir
2489 824 2578 879 ille
2595 821 2833 893 sapiens,
2846 819 3096 875 divinum
3113 815 3493 876 simulacrum,

1918 919 2108 973 mundi
2141 926 2309 989 caput
2351 915 2687 984 venerabile,
2730 922 2941 968 naturae
2967 910 3173 981 lingua,
3200 921 3366 962 sonos
3393 920 3495 959 an-

1917 1011 2104 1079 gelicis
2134 1011 2344 1064 similes
2359 1008 2532 1063 edens
2551 1007 2783 1070 cithara,
2809 1015 2968 1059 terra:
3000 1005 3187 1066 decor,
3213 998 3497 1054 auditione

1917 1106 2156 1172 captus?
2199 1101 2435 1158 Perinde
2475 1100 2659 1155 animo
2698 1094 2877 1152 elatus
2913 1105 3016 1150 est.
3045 1095 3182 1161 Quis
3218 1092 3368 1147 enim
3391 1105 3496 1145 no-

1918 1200 2092 1246 strum
2146 1193 2334 1262 gloria;
2380 1206 2532 1261 spem
2582 1188 2815 1244 tulerit?
2862 1187 3167 1254 relictaque
3224 1181 3496 1243 veritate,

1922 1284 2082 1338 inane
2109 1294 2386 1354 spectrum
2410 1284 2694 1338 insecutus
2721 1290 2840 1345 est;
2868 1295 2933 1334 ac
2951 1279 3258 1333 claritatem
3279 1272 3499 1330 somnio

1921 1383 2080 1426 tenus
2113 1382 2454 1428 constantem
2494 1371 2909 1440 concupiscens,
2967 1369 3216 1423 ibscurus
3237 1365 3500 1433 nullaque

1920 1462 2248 1530 conspicuus
2284 1462 2530 1516 claritate
2572 1460 2766 1513 evasit.
2800 1459 2940 1526 Atqu
2965 1475 2998 1518 ι,
3030 1465 3090 1509 ιιι
3119 1455 3419 1524 Scriptura!
3449 1452 3499 1484 "

1920 1554 2104 1607 verbis
2145 1568 2269 1622 qua:
2310 1552 2607 1622 Scriptum
2655 1559 2782 1604 sunt
2830 1549 3084 1608 referam,
3121 1547 3393 1600 obdurato
3435 1556 3503 1597 ac

1921 1660 2064 1699 caeco
2102 1646 2286 1698 animo
2317 1645 2547 1698 effectus
2567 1652 2671 1706 est,
2700 1643 2961 1711 velutque
2995 1640 3208 1693 habena
3234 1650 3500 1706 arrogan-

1922 1735 2010 1787 tiae
2061 1745 2214 1788 actus
2260 1734 2432 1788 divini
2483 1733 2845 1787 fornicatione
2898 1728 3158 1800 ιιι-περι)ιί
3202 1725 3499 1797 gaudebat.

1922 1825 2205 1894 Tanquam
2239 1835 2424 1880 autem
2448 1824 2548 1877 bos
2567 1823 2634 1877 ad
2654 1818 2931 1876 victimam
2955 1819 3284 1879 ducebatur,
3315 1815 3499 1869 velut-

1923 1934 2030 1985 que
2055 1935 2250 1972 cervus
2278 1917 2444 1972 infixo
2465 1917 2674 1986 pectori
2693 1916 2908 1985 spiculo
2928 1913 3168 1968 saucius.
3195 1909 3348 1964 Sicut
3369 1921 3504 1962 vero

1922 2011 2038 2063 avis
2073 2010 2305 2063 festinus
2338 2012 2393 2064 in
2431 2011 2687 2079 laqueum
2725 2007 2858 2071 ibat,
2897 2022 3004 2076 qua
3036 2003 3290 2073 torpebat
3323 2000 3502 2070 negli-

1923 2102 2103 2170 gentia
2145 2102 2419 2164 nesciens,
2461 2101 2608 2171 quod
2659 2101 2734 2154 ita
2772 2108 3045 2160 curreret,
3086 2097 3214 2150 vita
3245 2093 3298 2149 id
3325 2094 3502 2148 aleam

1919 2209 2062 2247 esse.
2089 2194 2354 2262 Namque,
2379 2202 2596 2264 gustato
2622 2193 2767 2256 cibo,
2800 2191 3173 2248 miserandum
3203 2189 3256 2242 in
3278 2185 3506 2241 modum

1921 2288 2242 2340 vulneratus
2264 2296 2366 2340 est.
2398 2285 2536 2339 Hinc
2559 2285 2727 2340 stulto
2741 2284 2972 2338 consilio
2989 2282 3252 2352 probrum
3269 2279 3502 2342 veritus,

1921 2375 2105 2444 fugam
2159 2376 2476 2437 meditatur,
2533 2389 2598 2430 ac
2642 2375 2735 2428 tibi
2773 2373 2982 2429 crimen
3025 2372 3302 2425 occultare
3331 2368 3507 2439 possit

1921 2483 2109 2545 secum
2156 2467 2404 2537 cogitat;
2437 2466 2552 2529 ubi,
2590 2467 2836 2536 inquam.
2867 2464 3013 2534 Quod
3066 2464 3141 2517 ita
3178 2463 3357 2516 victus
3410 2460 3505 2523 sit,

1920 2561 2168 2615 dedecus
2223 2560 2496 2616 obruerit.
2561 2559 2717 2615 Haud
2774 2574 2936 2614 secus
2975 2572 3039 2612 ac
3080 2556 3176 2626 qui
3215 2555 3271 2609 in
3316 2554 3508 2624 plagas

1924 2649 2083 2718 lapsi,
2136 2649 2341 2704 frustra
2381 2665 2441 2704 se
2483 2649 2538 2702 in
2575 2663 2795 2704 omnem
2838 2656 3074 2718 partem,
3104 2660 3215 2715 quo
3251 2659 3310 2698 se
3340 2656 3507 2718 expe-

1921 2739 2097 2803 diant,
2141 2739 2411 2805 allidunt;
2459 2741 2538 2794 sic
2580 2749 2636 2794 et
2671 2740 2863 2803 Adam,
2908 2747 3136 2808 accepto
3169 2736 3502 2793 conscientia

1925 2834 2181 2894 vulnere,
2216 2833 2439 2886 beatum
2485 2834 2590 2888 loci
2635 2833 2785 2889 illius
2819 2833 3059 2888 stadium
3094 2829 3260 2887 animi
3307 2845 3450 2884 anxv

1922 2923 2417 2988 circumcursabant,
2449 2940 2512 2977 ac
2540 2938 2734 2978 eorum
2761 2938 2885 2994 qua:
2909 2929 3244 2992 pra-sumpta
3271 2919 3456 2973 fuisse?~

1924 3014 2297 3069 sollicitudine
2326 3026 2656 3071 exaestuans.
2686 3015 2889 3071 Verum
2909 3013 3044 3084 quid
3068 3013 3249 3085 fugam
3273 3011 3504 3082 cogitas,

1921 3116 2089 3177 caput
2119 3123 2183 3162 ac
2219 3106 2374 3162 radix
2414 3107 2641 3163 humani
2668 3107 2888 3178 generis
2909 3108 2937 3162 ἲ
2966 3106 3101 3175 Quis
3125 3121 3254 3163 eum
3281 3105 3512 3175 etl’ugiet

1849 3227 1892 3285 ο
1924 3215 2088 3268 quem
2124 3215 2291 3254 nemo
2334 3215 2574 3271 unquam
2618 3199 2918 3271 effugerit?
2959 3197 3096 3267 Quis
3129 3197 3511 3254 continentem

1926 3291 2115 3347 omnia
2165 3292 2438 3348 latuerit?
2487 3312 2505 3344 ε
2552 3292 2699 3348 Deus
2739 3290 3192 3362 appropinquans
3237 3288 3514 3345 Dominus

1931 3381 2078 3439 Deus
2113 3391 2323 3450 noster,
2363 3391 2420 3438 et
2452 3397 2565 3438 non
2596 3383 2745 3438 Deus
2776 3382 2846 3438 de
2881 3382 3044 3454 longe
3071 3381 3140 3436 ’⁸.
3180 3400 3200 3434 ι
3234 3381 3380 3437 Num
3413 3380 3515 3435 ali-

1931 3463 2058 3545 quis
2109 3477 2167 3531 in
2209 3476 2444 3532 occultis
2483 3475 2793 3541 delitescet,
2833 3475 3062 3545 ipseque
3089 3488 3200 3529 non
3247 3470 3464 3527 videbit
3489 3470 3516 3526 ι

1931 3567 2195 3638 Nunquid
2231 3568 2432 3624 omium
2466 3575 2526 3624 et
2559 3577 2763 3623 terram
2799 3581 2910 3622 non
2937 3565 3132 3636 implet
3159 3564 3245 3619 "2
3267 3563 3382 3620 Cur
3408 3562 3517 3619 sub

1933 3656 2064 3722 ficu,
2091 3658 2236 3714 furis
2260 3657 2437 3714 instar
2470 3656 2851 3722 absconderis,
2875 3657 3118 3727 paradisi
3147 3656 3408 3728 princeps
3431 3654 3518 3710 ci-

1932 3749 2065 3805 vis?
2107 3748 2222 3806 Cur
2263 3750 2370 3806 sub
2424 3749 2627 3807 arbore
2673 3748 2879 3815 latitas,
2909 3757 3095 3804 rector
3120 3748 3356 3804 mundi?
3379 3748 3519 3820 Age.

1931 3841 2196 3911 procede,
2239 3841 2387 3912 bono
2419 3841 2655 3898 Domino
2684 3840 2954 3899 confitens
2983 3839 3274 3897 advenam
3298 3848 3354 3895 te
3385 3855 3520 3912 pec-

1933 3943 2118 3989 catum
2168 3942 2344 3989 tuum.
2382 3932 2736 3998 Pmnitentia,
2784 3932 3105 4005 propitiatio
3134 3932 3339 4001 citior;
3382 3949 3520 4006 sup-

1934 4023 2258 4095 plicatione,
2288 4024 2439 4082 satus
2459 4024 2728 4081 velocior.
2756 4025 2878 4081 Non
2911 4024 3100 4082 didert
3128 4035 3390 4082 exoratus
3408 4027 3520 4081 mi-

1934 4117 2176 4173 sericors
2194 4117 2460 4174 Dominus
2509 4135 2524 4172 :
2568 4117 2725 4175 novit
2754 4118 2970 4189 erigere
2996 4133 3095 4174 eos
3124 4118 3218 4189 qui
3253 4120 3522 4177 confracti

1935 4217 2097 4276 sunt;
2127 4209 2321 4281 sicque
2345 4207 2574 4264 omnino
2596 4209 2972 4280 pratandum
2999 4218 3142 4275 erat,
3166 4225 3279 4266 non
3311 4227 3446 4268 vero
3465 4210 3521 4247 ⁸⁸

1935 4302 2322 4358 excusationes
2344 4301 2403 4357 in
2428 4300 2674 4374 peccatis
2697 4307 2887 4358 texere
2918 4300 3230 4371 oportebat.

2006 4393 2094 4449 Vl.
2127 4391 2273 4461 Quid
2305 4407 2440 4464 ergo
2463 4390 2536 4448 ad
2559 4391 2678 4474 hcc
2727 4392 2913 4449 omnia
2944 4391 3257 4464 inspectam
3280 4394 3518 4466 iustitia,

1935 4485 2286 4541 velocissima
2315 4483 2410 4542 ilia
2433 4483 2503 4540 ad
2545 4483 3007 4549 misericordiam,
3030 4494 3090 4542 et
3111 4485 3426 4542 tardissima
3445 4487 3517 4542 ad

243 4589 454 4645 perlue
481 4573 724 4630 fructum
754 4581 1138 4644 percepturus,
1161 4573 1257 4643 qui
1275 4571 1443 4628 faciat
1457 4572 1646 4628 deum.
1667 4574 1830 4629 Forte
1861 4582 1908 4640 ι)
1937 4577 2077 4633 iram
2101 4575 2128 4629 ?
2147 4575 2322 4632 Vocat
2353 4590 2484 4631 cum
2519 4574 2621 4646 qui
2653 4573 2827 4630 latere
2880 4588 2941 4629 se
2983 4573 3214 4644 putabat
3255 4584 3517 4644 tanquam

241 4664 504 4724 conditor
541 4663 748 4721 invidia
791 4665 848 4719 in
887 4679 990 4720 nos
1026 4665 1263 4730 laboret,
1295 4664 1390 4734 qui
1423 4665 1534 4718 vim
1559 4666 1665 4720 sibi
1692 4664 1830 4720 infe-

247 4756 476 4813 rendam
505 4763 736 4821 metuat,
761 4756 808 4811 si
834 4754 965 4810 facti
991 4755 1266 4812 fuerimus
1294 4755 1437 4810 sicut
1463 4755 1563 4809 dii.
1601 4756 1829 4811 Frustra

219 4864 380 4915 _sane
421 4865 452 4904 a
502 4849 688 4905 fructu
719 4849 970 4903 omnium
998 4847 1378 4918 pulcherrimo
1420 4847 1693 4903 arcendos
1723 4865 1828 4918 pu-

246 4940 403 4995 tavit.
438 4939 598 5006 Veni,
626 4939 956 5009 diripiamus
993 4937 1339 5003 thesaurum,
1394 4953 1498 4994 nec
1535 4939 1828 5010 quisquam

244 5034 408 5088 nobis
451 5033 682 5088 exsistat
724 5031 1036 5086 sublimior.
1098 5030 1192 5086 Sic
1237 5047 1372 5102 ergo
1401 5031 1674 5088 seducens
1706 5051 1831 5105 quae

243 5124 374 5180 dolo
421 5124 647 5181 seducta
707 5132 848 5188 erat,
900 5138 966 5178 ac
1017 5123 1170 5178 velut
1223 5124 1345 5178 ovis
1398 5124 1671 5189 scabiosa,
1718 5143 1828 5196 qua

245 5215 534 5270 laborabat
565 5214 747 5268 labem
780 5212 849 5267 ad
882 5227 943 5267 se
981 5211 1266 5268 accedenti
1296 5227 1632 5282 aspergens,
1672 5214 1832 5268 moli-

189 5353 210 5366 ,
247 5304 418 5358 tionis
449 5303 660 5358 socium
684 5302 974 5373 coniugem
1006 5300 1238 5370 accepit.
1286 5299 1388 5354 Est
1426 5301 1576 5355 enim
1625 5303 1831 5358 animal

246 5391 602 5449 dissolvendo
646 5391 753 5447 viri
790 5392 997 5455 animo,
1042 5406 1106 5445 ac
1155 5391 1210 5445 in
1246 5406 1412 5462 quam
1450 5392 1585 5446 velit
1615 5403 1828 5462 partem

248 5482 602 5547 inclinando,
675 5497 943 5553 perquam
1003 5481 1284 5536 idoneum.
1335 5481 1498 5537 Absit
1541 5489 1724 5538 tamen
1774 5493 1838 5539 ut

247 5589 491 5646 unquam
542 5583 690 5630 terra
740 5573 979 5644 amplius
1017 5573 1188 5628 Evam
1230 5574 1501 5644 producat
1535 5575 1644 5631 viri
1678 5577 1836 5632 necis

245 5669 574 5726 auctriceml
601 5669 891 5739 Nunquam
913 5667 1056 5724 ultra
1075 5677 1330 5724 creatura
1354 5669 1644 5724 mulierem
1667 5669 1831 5725 aliam

242 5781 363 5933 μοι
401 5804 568 5860 Eccli.
616 5819 726 5868 ιιι,
763 5802 860 5867 is;
893 5802 1005 5857 Jer.
1032 5819 1102 5868 ιιι,
1126 5802 1218 5858 se.

1330 5804 1376 5836 "
1401 5804 1564 5859 Marc.
1597 5821 1675 5870 Ill,
1711 5805 1765 5862 5.

1864 5806 1911 5838 "
1935 5807 2049 5863 Jer.
2107 5825 2246 5872 ~xsn,
2283 5807 2374 5862 9.3.

1937 4669 2119 4724 bonus
2165 4675 2358 4739 pastor
2392 4680 2556 4724 ovem
2592 4675 2904 4730 errantem,
2952 4663 3158 4736 datque
3201 4675 3420 4735 tempus
3459 4675 3522 4722 ut

1937 4761 2177 4831 ingenue
2201 4757 2466 4816 delictum
2506 4756 2858 4822 conﬁteatur,
2882 4772 2986 4812 nec
3008 4755 3195 4812 statim
3220 4758 3523 4828 exstinguit

1935 4865 2064 4904 eum
2100 4849 2198 4919 qui
2236 4848 2434 4905 mortis
2468 4846 2526 4903 in
2554 4861 2615 4904 se
2643 4846 2974 4902 sententiam
3011 4845 3345 4902 ﬁrmaverat.
3381 4845 3522 4913 Quia

1939 4953 2076 4992 vero
2117 4937 2166 4992 is
2199 4937 2296 5008 qui
2318 4936 2508 4993 delicti
2535 4952 2668 4992 reus
2698 4945 2838 5001 erat,
2865 4952 2975 4991 non
3003 4934 3071 4990 ad
3107 4936 3520 4992 iamentationis

1938 5028 2130 5093 verba,
2171 5028 2270 5084 sed
2305 5027 2683 5086 excusationis
2713 5026 3025 5098 processit;
3070 5026 3254 5098 arguit
3294 5026 3522 5097 quidem

1937 5122 2132 5176 mitius
2152 5120 2497 5176 molitionem
2521 5127 2712 5184 totam,
2741 5134 2854 5190 quo
2884 5119 3022 5173 nihil
3049 5134 3109 5174 se
3136 5119 3307 5174 latere
3330 5128 3522 5174 osten-

1936 5213 2068 5278 dat;
2099 5212 2364 5284 relinquit
2392 5227 2527 5267 vero
2553 5227 2680 5266 eum
2714 5212 2769 5266 in
2800 5213 2867 5266 iis
2888 5227 3010 5280 qua;
3043 5211 3230 5281 elegit,
3267 5212 3524 5280 paradiso

1937 5304 2169 5374 eiiciens
2195 5321 2211 5370 ;
2243 5312 2410 5374 atque
2440 5310 2712 5358 utcontra
2752 5302 3133 5357 adversarium
3161 5301 3255 5372 qui
3293 5301 3523 5372 perfuga

1938 5395 2144 5461 fuerat,
2185 5411 2312 5450 cum
2358 5393 2610 5450 molestia
2649 5394 2949 5465 depugnet,
2998 5393 3228 5457 addicit,
3277 5408 3349 5448 ne
3378 5395 3524 5450 ultra

1935 5487 2253 5543 insidiantis
2273 5497 2439 5556 caput
2459 5486 2526 5541 ad
2549 5485 3014 5557 supplantandum
3053 5485 3368 5540 subiutrare
3391 5500 3521 5555 per-

1934 5579 2121 5634 mittat
2154 5597 2170 5633 :
2209 5595 2274 5634 ac
2303 5579 2528 5650 quidem
2559 5578 2682 5634 loco
2713 5588 2918 5649 parata:
2952 5578 3031 5635 illi
3065 5587 3192 5650 post
3219 5577 3371 5633 nudo
3389 5593 3524 5632 con-

1932 5672 2166 5727 veniens
2231 5679 2514 5727 certamen
2571 5672 2627 5726 in
2677 5671 2964 5741 praemium
3019 5669 3207 5735 stole,
3255 5680 3525 5725 emortua:

2479 5809 2660 5863 “Jer.
2725 5824 2871 5876 χχιιι,
2913 5809 3001 5864 24.
3116 5807 3162 5840 ’⁸
3217 5805 3359 5862 Psai.
3398 5820 3522 5871 ω..
