4128 6324
617 373 754 429 “23

1675 376 2018 439 TllEUDUTl
2052 379 2361 436 EPISCOPI
2391 383 2746 438 ANUnvA-a

3717 375 3856 433 “ﬂ

612 486 910 543 animantis
937 488 1089 543 corio
1119 487 1386 551 inducas;
1420 487 1540 541 loco
1567 496 1750 542 autem
1764 489 1913 558 ejus,
1931 489 2024 558 qui
2052 497 2174 558 post
2205 496 2246 550 Α
2275 488 2375 553 ita,
2402 473 2610 560 quéso,
2643 488 2747 544 hoc
2771 488 2973 543 sentite
2999 485 3057 565 in
3091 483 3270 549 vobis,
3302 483 3449 557 quod
3475 481 3758 540 modestis
3781 485 3856 540 sit

609 575 944 634 exercitatos
988 592 1185 632 sensus
1222 577 1468 646 perfecto
1512 577 1701 632 habitu
1746 579 2022 650 repositus
2061 587 2182 632 erat

609 668 768 722 cibus
787 667 1015 732 solidus,
1036 667 1218 723 szeculi
1237 668 1516 722 laboribus
1539 669 1976 724 excruciandum»
1994 667 2175 724 tradit.

613 760 709 817 His
736 777 870 833 ergo
907 761 1293 832 praevaricator
1312 769 1590 832 gravatus,
1635 770 1789 816 extra
1841 761 1992 832 regia
2040 765 2180 817 atria

601 855 932 918 collocatur,
963 852 1336 909 miserandum
1367 853 1628 924 subjectae
1647 854 2180 909 creaturmaﬂerens

609 946 986 1018 spectaculum
1014 963 1029 1012 ;
1073 960 1198 1018 rege
1236 944 1497 1001 nimirum
1532 953 1695 1016 atque
1725 945 1954 1016 praeside
1985 945 2178 1000 vulne-

603 1048 728 1094 rato
747 1039 801 1094 in
825 1038 964 1094 acie.
986 1097 1008 1114 ο

675 1131 785 1187 Vll.
818 1131 989 1198 Porro
1008 1131 1125 1186 haec
1148 1130 1440 1186 audiamus
1475 1130 1572 1200 qui
1608 1130 1860 1186 veritatis
1895 1139 2179 1186 amatores

602 1237 828 1287 sumus;
867 1237 1074 1292 vosque
1113 1221 1336 1292 pietatis
1359 1222 1622 1286 cultores,
1653 1220 1882 1276 auribus
1907 1221 2175 1292 percipite

576 1328 866 1386 quantum
901 1313 974 1369 sit
1022 1315 1226 1369 malum
1272 1313 1512 1370 elatione
1562 1312 1825 1384 transfigi.
1853 1311 2176 1379 Caveamus,

599 1405 821 1469 fratres,
841 1419 1134 1460 caveamus
1154 1405 1257 1461 hos
1292 1405 1516 1471 imitari,
1550 1420 1690 1476 quos
1712 1420 1776 1460 ea
1802 1397 1956 1476 parte
1985 1419 2176 1476 repro-

598 1494 759 1551 batos
785 1497 980 1566 liquet.
1025 1516 1044 1548 ι
1065 1493 1185 1552 Non
1210 1496 1334 1567 plus
1367 1496 1645 1567 sapiamus
1671 1510 1837 1566 quam
1851 1503 2070 1565 oportet
2082 1510 2174 1550 sa-

597 1589 810 1660 pere".
838 1606 962 1640 ι--ι
984 1585 1120 1643 Nam
1134 1587 1231 1658 qui
1249 1587 1531 1643 existimat
1553 1602 1614 1642 se
1643 1585 1853 1658 aliquid
1877 1601 2022 1652 esse,
2043 1601 2171 1642 cum

595 1678 736 1735 nihil
757 1677 850 1745 sit,
868 1680 984 1749 ipse
1001 1694 1059 1734 se
1077 1678 1292 1735 seducit
1307 1681 1344 1734 ³.
1370 1698 1390 1731 s
1409 1709 1479 1720 —-
1497 1697 1516 1732 ι
1540 1678 1919 1737 Humilitatem
1937 1679 2169 1736 invicem

2280 595 2345 635 ac
2377 580 2489 636 Deo
2511 581 2792 656 placitum.
2823 579 2928 647 Qui
2963 577 3113 635 enim
3166 585 3468 649 agnoscunt
3495 576 3726 646 seipsos,
3760 590 3853 632 sa-

2280 674 2495 742 pientes
2524 682 2672 728 sunt.
2695 671 2800 738 Qui
2821 671 2915 726 illa
2931 683 3126 741 sapere
3147 669 3203 723 in
3225 669 3471 724 animum
3490 666 3852 749 induxerunt.

2279 765 2420 820 alios
2441 780 2474 820 e
2499 763 2656 821 curiis
2686 763 3000 836 praecipites
3031 762 3165 833 egit,
3190 759 3329 817 alios
3353 778 3385 815 e
3414 757 3712 831 voluptatis
3724 757 3855 814 loco

2281 855 2548 927 relegavit
2581 872 2596 909 :
2625 855 2718 926 qui
2759 851 3149 926 vero.pcrinde
3173 867 3238 908 ac
3263 850 3519 908 Christus
3539 853 3856 907 maluerunt

2276 961 2492 1016 sapere,
2519 963 2616 1004 eos
2641 947 2711 1002 ad
2731 945 2971 1019 paradisi
2988 945 3219 1017 patriam
3243 944 3582 1016 postliminio
3607 951 3850 998 revocat.

2284 1057 2302 1090 1
2337 1037 2464 1095 llaec
2495 1039 2655 1094 vobis
2681 1037 2870 1094 dicere
2900 1037 3038 1093 mihi
3066 1052 3179 1092 non
3217 1036 3455 1107 pigrum,
3483 1034 3644 1090 vobis
3665 1043 3854 1090 autem

2275 1131 2646 1187 necessarium
2662 1133 2725 1185 “.
2748 1151 2871 1183 ι-α
2889 1131 3072 1188 Nolite
3100 1145 3220 1186 esse
3243 1129 3544 1201 prudentes
3565 1128 3706 1200 apud
3727 1141 3854 1184 vos-

2277 1221 2540 1292 metipsos
2569 1223 2634 1286 ¹³.
2665 1240 2684 1273 ι
2725 1237 2906 1292 neque
2932 1237 3032 1278 vos
3051 1219 3363 1278 emendatis
3386 1219 3456 1275 ad
3484 1234 3550 1275 ea
3574 1235 3697 1291 quae
3726 1233 3853 1276 mo-

2272 1311 2408 1368 dum
2423 1313 2716 1371 excedunt.
2741 1333 2759 1364 ι
2782 1313 3207 1384 Superbisenim
3224 1310 3489 1369 Dominus
3506 1311 3713 1367 resistit
3731 1312 3794 1356 ιτ.
3820 1330 3843 1364 ι

2273 1405 2655 1478 Obsequamur
2705 1404 3116 1476 Scripturarum
3169 1403 3437 1460 doctrinae
3477 1400 3690 1473 ubique
3732 1400 3850 1458 cla-

2275 1496 2577 1552 mentium:
2603 1495 2782 1552 Nolite
2813 1495 3035 1567 gloriari
3052 1503 3110 1550 et
3134 1495 3305 1551 nolite
3331 1494 3481 1566 loqui
3504 1493 3763 1550 sublimia
3789 1493 3852 1548 in

2273 1590 2534 1662 superbia
2581 1590 2665 1657 ’σς
2719 1604 2824 1645 nec
2863 1603 3046 1645 sermo
3069 1588 3456 1661 magniloquus
3481 1584 3744 1660 procedat
3774 1583 3850 1642 de

2271 1696 2369 1738 ore
2391 1690 2586 1737 vestro
2616 1680 2683 1735 ".
2715 1679 3077 1736 Ambulemus
3110 1678 3168 1734 in
3205 1678 3409 1751 quibus
3442 1676 3617 1734 renati
3655 1691 3850 1733 sumus

596 1775 998 1831 insinuemus'.
1021 1793 1039 1825 ι
1073 1772 1155 1828 Ne
1183 1773 1348 1828 stulte
1365 1771 1785 1830 Paulidoctrina
1801 1770 2174 1842 reprehenda-
2201 1839 2238 1846 _
2272 1788 2373 1846 per
2399 1773 2732 1846 baptismum
2783 1772 3144 1844 divinumque
3175 1771 3350 1827 sancti
3390 1785 3456 1827 ac
3482 1767 3687 1825 viviﬁci
3712 1768 3847 1840 Spi-

597 1879 708 1922 tur.
759 1867 931 1922 Nemo
953 1864 1108 1935 apud.
1140 1879 1242 1921 nos
1279 1864 1336 1919 in
1365 1865 1640 1922 mendacii
1667 1863 1853 1920 verbis
1865 1839 2167 1936 glorietur,
2201 1839 2242 1895 Β
2273 1839 2418 1920 ritus
2432 1839 2755 1928 adventum,
2779 1848 3039 1933 tanquam
3053 1839 3131 1917 ex
3148 1857 3306 1916 illisa
3326 1839 3845 1930 principioconditi,

594 1956 1080 2029 przexsistentiam
1097 1965 1226 2013 ante
1245 1969 1366 2013 eam
1387 1971 1510 2027 qua
1530 1956 1635 2012 hoc
1648 1949 1851 2012 sarculo
1864 1964 1950 2012 est
1966 1953 2172 2012 forma-

595 2049 802 2103 tionem
861 2045 969 2104 sibi
999 2045 1117 2119 ipse
1159 2047 1454 2106 asciscens.
1498 2046 1798 2102 Ludicrum
1839 2047 1989 2102 enim
2037 2061 2170 2117 gen-

594 2139 772 2195 tiilum
809 2137 1121 2194 fabularum
1155 2139 1405 2201 exsistat,
1446 2152 1512 2194 ac
1543 2135 1832 2193 diabolica:
1878 2137 2170 2208 pravitatis

589 2230 798 2298 illusio,
823 2230 920 2303 qui
951 2241 1112 2286 notos
1141 2245 1276 2288 suos
1289 2231 1524 2288 obscura
1553 2229 1669 2286 haec
1693 2230 1909 2297 doceat,
1940 2232 1998 2286 in
2027 2247 2168 2303 quos

590 2332 718 2394 apte
740 2323 1004 2394 scriptum
1019 2331 1135 2377 est:
1174 2339 1194 2374 ι
1225 2321 1366 2388 Quid
1382 2321 1650 2392 superbis,
1672 2331 1818 2378 terra
1830 2330 1888 2378 et
1902 2322 2046 2378 cinis
2064 2323 2122 2378 εἳ
2139 2341 2159 2377 ι

588 2413 857 2472 Obsecrat
879 2415 1064 2486 itaque
1086 2428 1188 2469 vos
1209 2428 1358 2469 nunc
1387 2428 1608 2486 quoque
1628 2431 1726 2487 per
1754 2430 1843 2470 me
1875 2415 2029 2470 chori
2053 2414 2166 2471 dux

591 2514 782 2564 noster
815 2516 982 2581 atque
1015 2505 1312 2577 magister:
1363 2523 1382 2556 ι
1413 2505 1593 2574 Nolite
1625 2506 1909 2564 ambulare
1935 2506 2079 2563 sicut
2107 2517 2166 2564 et

587 2606 783 2671 gentes
823 2595 1110 2652 ambulant
1154 2595 1211 2650 in
1251 2596 1491 2651 vanitate
1526 2611 1729 2653 sensus
1765 2598 1873 2662 sui,
1919 2597 2164 2655 tenebris

586 2687 942 2744 obscuratum
974 2686 1240 2741 habentes
1268 2685 1656 2753 intellectum,
1700 2689 1924 2745 alienati
1969 2706 2001 2746 a
2048 2690 2162 2744 vita

589 2777 711 2842 Dei,
740 2792 840 2847 per
861 2776 1223 2848 ignorantiam
1259 2791 1380 2846 quae
1408 2785 1493 2832 est
1521 2777 1578 2832 in
1604 2778 1733 2843 illis,
1759 2790 1984 2850 propter
2006 2779 2163 2835 caici-

588 2877 754 2924 tatem
779 2868 965 2924 cordis
994 2869 1240 2938 ipsorum
1266 2885 1280 2920 :
1306 2867 1400 2938 qui
1431 2868 1807 2938 desperantes,
1837 2871 2162 2942 semetipsos

587 2960 936 3016 tradiderunt
960 2960 1339 3030 impudicitiae,
1366 2959 1432 3015 in
1459 2962 1834 3030 Operationem
1860 2963 2158 3018 immundi-

586 3053 678 3107 tize
705 3053 904 3117 omnis,
940 3051 995 3106 in
1047 3052 1334 3107 avaritiam
1389 3052 1429 3104 ⁸.
1469 3073 1488 3104 υ
1544 3053 1654 3108 Nos
1698 3063 1879 3108 autem
1919 3070 2029 3110 non
2083 3054 2160 3109 ita

2264 1962 2435 2025 atque
2465 1955 2520 2010 in
2553 1953 2664 2009 illis
2695 1952 3090 2023 sempiternum
3128 1957 3332 2005 statum
3369 1949 3671 2020 accepturi,
3703 1962 3847 2020 qua-

2268 2043 2375 2101 lem
2408 2045 2630 2102 tandem
2652 2045 2800 2100 Deus
2822 2042 2995 2115 iudex
3021 2041 3302 2098 tribuerit.

2324 2135 2475 2192 λγιιι.
2500 2135 2658 2204 Quod
2683 2144 2868 2190 autem
2891 2149 3002 2189 non
3026 2145 3276 2188 essemus
3298 2140 3590 2202 antequam
3611 2143 3847 2200 corpora

2266 2227 2659 2291 formarentur,
2688 2222 3150 2296 quemadmodum
3178 2230 3469 2279 senserunt
3492 2220 3588 2292 qui
3617 2219 3843 2276 excide-

2269 2325 2399 2372 runt
2426 2332 2455 2371 a
2475 2316 2692 2387 pietate
2715 2330 2730 2380 ;
2755 2312 2989 2370 suﬁiciat
3017 2312 3198 2378 vobis,
3227 2311 3324 2383 qui
3357 2309 3656 2382 prudentes
3695 2308 3842 2373 sitis,

2266 2425 2395 2480 quae.
2414 2409 2484 2464 ad
2510 2407 2800 2478 multiplici
2831 2405 3131 2463 certamine
3156 2404 3418 2485 inclytum
3461 2401 3566 2460 Joh
3596 2416 3845 2458 commu—

2265 2506 2352 2561 nis
2377 2503 2632 2559 utilitatis
2649 2517 2782 2574 crgo
2812 2500 3000 2556 divina
3025 2485 3235 2556 exstitit
3253 2498 3575 2569 disputatio,
3597 2496 3667 2553 ab
3689 2496 3842 2552 omni

2263 2593 2776 2673 animumelatione
2807 2607 3068 2664 purgans,
3091 2589 3408 2661 ducensque
3436 2605 3538 2644 nec
3561 2589 3843 2646 exstitisse
3887 2580 3895 2588 ’

2263 2699 2391 2744 ante
2416 2701 2689 2743 terrenam
2707 2683 3139 2747 concretionem,
3163 2697 3266 2738 nec
3287 2681 3654 2737 humanarum
3677 2681 3844 2752 quid-

2263 2797 2426 2853 quam
2468 2795 2654 2836 rerum
2695 2777 3038 2850 cognovisse.
3098 2793 3118 2827 ο
3148 2773 3252 2832 Ubi
3289 2775 3461 2836 enim,
3493 2773 3694 2844 inquit,
3715 2789 3845 2832 eras

2262 2872 2485 2942 quando
2507 2870 2778 2941 ponebam
2800 2867 3155 2924 fundamenta
3184 2866 3388 2922 terra?
3413 2864 3594 2921 indica
3630 2865 3767 2921 mihi
3791 2867 3842 2921 si

2261 2963 2432 3018 habes
2474 2959 2893 3028 intelligentiam
2934 2958 3009 3016 "..
3031 2976 3050 3010 ι
3086 2958 3155 3013 At
3180 2973 3288 3013 non
3313 2955 3610 3028 respondet
3634 2956 3721 3011 vir
3744 2957 3840 3028 ju-

2262 3065 2380 3110 stus
2411 3052 2865 3124 impiissimorum
2895 3049 3048 3105 more
3095 3048 3162 3104 ad
3215 3048 3595 3120 quastionem,
3633 3047 3729 3118 qui
3767 3063 3840 3104 ea

585 3141 879 3199 didicimus
930 3143 1210 3200 conditum
1251 3159 1370 3199 esse
1405 3144 1704 3207 hominem,
1735 3146 1962 3216 ejusque
1995 3161 2157 3216 gene-
2183 3172 2225 3225 ε
2263 3147 2355 3202 illa
2401 3146 2538 3201 sciat
2579 3159 2637 3200 se
2680 3144 2957 3214 posterius
3011 3157 3176 3212 quam
3215 3150 3358 3195 terra
3382 3139 3665 3195 conditum
3692 3153 3840 3196 esse.

585 3236 853 3291 rationem
878 3253 892 3302 ;
919 3236 1015 3292 scd
1037 3251 1105 3291 co
1127 3235 1310 3299 modo,
1332 3251 1494 3305 quem
1518 3235 1666 3306 prior
1689 3235 1867 3291 Moses
1889 3238 2151 3294 narravit.

583 3325 682 3381 Sin
738 3333 922 3381 autem
973 3325 1174 3396 aliquis
1225 3324 1346 3380 falsi
1382 3324 1888 3388 Boseninsimulet,
1924 3327 1992 3383 ad
2020 3343 2155 3382 eum

584 3416 682 3486 qui
704 3415 988 3472 oraculum
1014 3415 1190 3470 edidit
1211 3416 1605 3470 convenienter
1629 3415 1878 3480 remittit,
1904 3417 2051 3472 velut
2071 3428 2155 3474 est

583 3505 966 3578 Egyptlacum
1004 3506 1136 3561 illud
1172 3506 1510 3567 scandalum.
1554 3522 1751 3577 nempe
1783 3505 2066 3579 Origenes.
2108 3509 2153 3564 0

586 3598 813 3653 multam
851 3597 1162 3652 inscitiam!
1208 3612 1240 3648 ο
1287 3596 1609 3652 immensam
1655 3597 2153 3667 impudentiamlo

579 3689 893 3745 dementem
912 3687 1188 3742 animum!
1213 3687 1486 3749 Christus,
1521 3706 1538 3736 ι
1568 3674 1662 3758 qui
1684 3696 1946 3758 estsuper
1970 3690 2154 3746 omnia

581 3780 730 3837 Deus
753 3780 797 3845 ',
832 3799 850 3830 ι
892 3778 1068 3833 fidelis
1089 3778 1177 3833 ille
1199 3787 1254 3832 et
1274 3793 1439 3833 verax
1456 3780 1511 3832 in
1530 3777 1786 3834 omnibus
1803 3780 2153 3836 sermonibus

581 3885 648 3927 ac
672 3870 932 3940 operibus
955 3869 1069 3925 suis
1093 3871 1133 3933 ⁸,
1156 3869 1248 3939 qui
1269 3868 1374 3924 sibi
1395 3869 1510 3940 ipse
1534 3870 1667 3925 satis
1685 3870 1846 3924 estin
1872 3871 2149 3933 omnibus,

583 3963 733 4018 omni
763 3961 986 4032 dignum
1040 3963 1354 4031 acceptione
1397 3970 1612 4026 testem,
1660 3962 1808 4034 quod
1855 3963 1922 4017 ad
1974 3964 2151 4033 ipsum

580 4060 814 4124 spectat,
848 4051 1010 4106 Mosis
1041 4051 1503 4122 conscriptionem
1532 4051 1684 4118 facit,
1716 4053 2150 4125 superbiuntque

579 4145 787 4216 garruli
801 4143 1052 4199 homines
1068 4142 1329 4198 adversus
1347 4144 1665 4213 prophetam
1685 4154 1848 4213 atque
1866 4145 2148 4209 insultant,

579 4235 737 4306 quasi
770 4250 878 4290 non
916 4235 1156 4305 perfecte
1190 4250 1310 4303 quce
1341 4235 1581 4289 hominis
1608 4245 1770 4291 erant
1797 4238 2145 4292 narraverit!

582 4327 660 4384 Ne
709 4329 833 4399 quis
874 4341 1004 4380 vero
1052 4327 1166 4395 (qui
1205 4325 1400 4380 malam
1431 4325 1672 4381 radicem
1705 4326 1847 4381 stolo
1874 4328 2146 4397 sequitur)

578 4414 821 4470 ulendat
852 4413 1172 4481 arrogantiae
1207 4415 1429 4477 cedens,
1461 4423 1520 4466 ut
1546 4413 1786 4468 reditum
1819 4429 1884 4470 ac
1918 4414 1974 4468 in
2010 4415 2149 4470 inte-

2261 3235 2601 3292 Mendacium
2634 3235 2835 3305 quippe
2863 3241 2990 3288 ante
3018 3232 3186 3288 Deum
3210 3247 3320 3287 non
3346 3229 3704 3302 ingredietur.
3738 3228 3838 3286 Sin

2257 3336 2440 3382 autem
2482 3337 2610 3382 ante
2641 3337 2844 3381 terram
2883 3336 2939 3380 et
2968 3341 3090 3395 qua:
3122 3334 3270 3380 terra
3309 3325 3665 3380 continentur
3695 3322 3839 3379 nihil

2258 3418 2423 3472 homo
2463 3426 2604 3480 erat,
2644 3433 2755 3472 non
2799 3432 2931 3489 ergo
2959 3416 3076 3488 pari
3109 3431 3234 3472 cum
3267 3416 3468 3471 animis
3505 3414 3840 3485 antiquitate

2255 3508 2475 3579 gaudet,
2519 3494 2794 3578 quatenus
2841 3507 3048 3579 mundo
3092 3506 3241 3578 prior
3277 3505 3582 3561 exstiterat.
3610 3503 3838 3562 Frustra

2256 3603 2420 3672 igitur
2447 3601 2656 3664 miseri,
2696 3616 2759 3656 ac
2793 3600 2886 3671 qui
2912 3601 3028 3655 hac
3074 3599 3340 3664 sentiunt,
3371 3598 3578 3654 similes
3602 3599 3839 3653 commi-

2254 3696 2542 3749 niscuntur
2556 3695 2942 3762 somniantque
2955 3691 3240 3763 procellas.
3255 3689 3522 3760 Quodque
3537 3703 3624 3746 res
3635 3699 3838 3747 creata

2252 3800 2282 3838 a
2325 3783 2435 3838 Deo
2467 3799 2576 3838 non
2610 3792 3021 3838 commutentur
3061 3781 3270 3837 vicario
3300 3779 3538 3851 quodam
3578 3794 3830 3844 recursu.

2251 3874 2415 3929 ﬁdem
2454 3874 2650 3929 astruit
2677 3873 2863 3930 divina
2898 3872 3203 3944 Scriptura,
3240 3887 3366 3927 cum
3391 3873 3471 3928 sic
3491 3873 3605 3928 ait:
3637 3891 3656 3922 α
3684 3872 3832 3928 Pr:-
3875 3912 3878 3915 -

2252 3974 2472 4035 ceptum
2518 3966 2727 4036 posuit,
2776 3975 2832 4020 et
2874 3979 2986 4019 non
3036 3963 3339 4035 praeteribit
3376 3964 3442 4020 ".
3480 3981 3499 4015 ι
3552 3963 3675 4020 Alio
3698 3964 3832 4019 item

2252 4056 2374 4111 loco
2396 4073 2410 4108 :
2443 4075 2460 4106 ι
2479 4053 2738 4125 Nunquid
2761 4070 2900 4110 vane
2922 4049 3256 4109 constituisti
3281 4069 3471 4109 omnes
3495 4052 3638 4110 ﬁlios
3653 4054 3834 4110 homi-

2251 4162 2384 4200 num
2415 4146 2492 4199 '3?
2528 4165 2546 4197 ι
2601 4129 2811 4202 Idcirco
2879 4164 2897 4197 ι
2956 4145 3292 4200 Salvatorem
3347 4152 3763 4216 exspectamus,
3802 4164 3821 4198 ο

2251 4235 2429 4305 ipsum
2455 4231 2549 4306 q'ui
2571 4234 2641 4289 ad
2661 4243 2907 4289 nostram
2932 4245 3186 4290 naturam
3209 4234 3628 4290 immutabiliter
3651 4236 3827 4300 venit,

2250 4324 2573 4389 Dominum,
2616 4339 2727 4379 non
2778 4323 2873 4394 qui
2923 4324 2978 4378 in
3027 4323 3242 4379 animos
3291 4324 3568 4388 restituat,
3611 4338 3714 4394 pro
3759 4339 3830 4381 eo

2248 4432 2312 4472 ac
2338 4416 2583 4471 haeretici
2613 4423 2911 4486 nugantur,
2946 4413 3040 4469 sed
3073 4433 3091 4464 ι
3119 4414 3211 4486 qui
3249 4429 3452 4486 corpus
3501 4415 3831 4472 humilitatis

576 4522 735 4577 grum
769 4505 1194 4569 restitutionem,
1226 4505 1404 4573 qualis
1432 4503 1743 4559 animorum
1769 4514 1874 4570 est,
1901 4505 2006 4561 sibi
2030 4507 2144 4576 ipse
2177 4500 2220 4554 D
2248 4512 2470 4567 nostrte,
2494 4511 2555 4559 ut
2575 4503 2653 4557 ait
2678 4518 2907 4574 magnus
2931 4502 3151 4567 Paulus,
3177 4503 3527 4576 transﬂguret
3545 4503 3827 4563 conformo

579 4596 870 4667 conlingat.
916 4595 993 4649 Ne
1035 4595 1159 4664 quis
1189 4596 1388 4649 sentiat
1421 4595 1478 4649 in
1505 4595 1666 4650 vobis
1696 4597 1844 4666 quod
1879 4607 2148 4668 tyrannus

579 4691 770 4755 sensit,
805 4705 930 4745 eum
967 4705 1079 4758 prae
1107 4689 1273 4744 nimia
1307 4688 1612 4743 temeritate
1636 4689 1774 4744 dixit
1803 4689 1938 4754 Deo,
1977 4709 1994 4743 ‹
2035 4692 2145 4746 Ero

580 4782 773 4837 similis
792 4781 1069 4836 Altissimo
1095 4782 1134 4834 τ.
1176 4801 1193 4832 ι
1230 4781 1308 4836 Ne
1329 4781 1598 4850 germinet
1621 4782 1676 4836 in
1703 4781 1860 4836 vobis
1886 4773 2142 4853 tanquam

579 4869 735 4926 radix
762 4868 1203 4934 amaritudinis',
1229 4868 1374 4938 quod
1409 4869 1536 4923 huic
1557 4870 1735 4926 simile
1757 4867 1813 4924 in
1839 4869 2011 4924 Adam
2044 4887 2141 4926 ει-

577 4962 738 5026 stitit,
795 4976 862 5015 eo
911 4961 1054 5030 quod
1109 4975 1396 5030 arrogans,
1437 4960 1582 5030 quod
1638 4981 1656 5012 (
1690 4961 2027 5017 abominatio
2072 4964 2145 5018 sit

579 5052 809 5107 Domino
839 5052 1018 5106 omnis
1063 5051 1316 5105 sublimis
1355 5051 1522 5106 corde
1555 5053 1575 5084 '
1625 5067 1641 5106 :
1704 5052 1800 5107 sed
1834 5052 1937 5107 hoc
1962 5054 2145 5123 potius

573 5145 774 5197 sentite
822 5143 876 5196 in
905 5141 1079 5205 vobis,
1110 5161 1129 5193 θ
1153 5151 1410 5211 tanquam
1427 5142 1933 5205 Christianissimis,
1959 5164 1976 5195 α
2003 5145 2148 5214 quod

572 5243 631 5288 et
655 5233 711 5287 in
743 5231 965 5287 Christo
989 5232 1115 5287 Jesu
1149 5248 1161 5284 :
1185 5233 1425 5301 quicum
1453 5234 1508 5289 in
1531 5234 1703 5289 forma
1724 5234 1820 5290 Dei
1846 5245 2010 5298 esset,
2039 5251 2150 5288 non

574 5324 820 5393 rapinam
851 5323 1153 5377 arbitratus
1195 5332 1279 5377 est
1309 5340 1429 5379 esse
1468 5341 1526 5380 se
1558 5326 1822 5395 aequalem
1861 5327 2011 5390 Deo:
2052 5327 2146 5380 sed

571 5415 925 5483 semetipsum
954 5414 1259 5468 exinanivit
1288 5413 1516 5472 formam
1549 5417 1694 5472 servi
1723 5417 1999 5486 accipiens
2029 5417 2092 5469 '°.
2122 5435 2138 5467 ι

643 5572 688 5603 ”
721 5571 875 5625 Rom.
898 5588 989 5632 xu,
1011 5571 1067 5627 5.
1145 5570 1353 5626 'Galat.
1376 5589 1446 5631 vt.
1472 5573 1523 5626 5.
1601 5577 1620 5605 ¹
1650 5575 1665 5626 l
1694 5575 1987 5635 Petr.v,1‘i.
2031 5575 2050 5602 ³
2072 5572 2236 5627 Eccli.
2267 5590 2316 5634 χ,
2347 5574 2396 5624 9.
2477 5574 2497 5602 ‘
2529 5573 2726 5640 Ephes.
2769 5589 2841 5634 Iv,
2885 5573 3068 5628 l7-l9.
3146 5573 3166 5605 ⁸
3201 5574 3357 5628 Rom.
3393 5590 3464 5635 ix,
3498 5573 3551 5627 Pi.

1941 5652 1961 5674 ν
1988 5645 2149 5697 Prov.
2189 5659 2364 5701 xxxvi,
2407 5644 2458 5693 .‘i.

2109 5714 2150 5742 “
2203 5713 2218 5764 Ι
2265 5712 2395 5780 lit'g.
2428 5729 2483 5768 ll.
2513 5712 2564 5765 3.

571 5657 742 5701 cxuv,
777 5641 860 5694 lli.
938 5643 954 5670 ⁷
984 5641 1082 5693 lsa.
1112 5657 1217 5702 inv,
1253 5643 1333 5695 l-l.
1413 5645 1434 5672 "
1463 5643 1625 5696 llebr.
1662 5660 1755 5701 xu.
1787 5644 1837 5695 ὕ.

574 5712 615 5741 ⁸*
653 5711 805 5762 Rom.
841 5727 933 5766 xu.
970 5711 1054 5763 lii.
1138 5712 1178 5740 ⁸³
1208 5712 1319 5765 Jac.
1356 5729 1425 5773 tv,
1460 5713 1518 5773 σς
1582 5713 1599 5765 l
1660 5714 1802 5767 Petr.
1866 5731 1915 5770 γ.

573 5781 613 5812 ³⁷
633 5780 770 5869 Psal.
796 5796 1005 5842 csum,
1031 5781 1079 5836 (3.
1162 5785 1201 5811 ”
1223 5784 1356 5837 Psal.
1393 5797 1642 5850 Lxxxvm,
1665 5784 1747 5838 68.
1829 5785 1869 5815 ’9
1889 5784 2124 5853 Philipp.
2151 5798 2227 5842 ιιι.
2257 5782 2344 5835 ‘2l.

2250 4594 2468 4664 corpori
2504 4595 2770 4649 claritatis
2806 4608 2941 4657 suae,
2961 4593 3282 4649 secundum
3313 4595 3690 4666 operationem
3717 4612 3827 4668 qua

2248 4685 2414 4740 etiam
2449 4685 2555 4741 sibi
2585 4686 2756 4756 possit
2787 4684 3058 4756 subjicere
3083 4685 3266 4741 omnia
3307 4686 3370 4751 η,
3398 4705 3416 4739 ι
3468 4695 3530 4742 ut
3555 4701 3668 4742 non
3704 4703 3822 4743 am-

2249 4778 2396 4848 plius
2432 4793 2580 4833 mors
2619 4778 2671 4834 ei
2701 4777 3055 4844 dominetur;
3083 4793 3192 4832 non
3219 4777 3455 4848 amplius
3479 4779 3822 4848 corruptionl

2248 4872 2572 4942 subjaceat;
2605 4871 2818 4940 peccati
2846 4868 3187 4943 tyrannidem
3226 4869 3371 4924 ultra
3398 4885 3510 4924 non
3536 4871 3779 4940 patiatur
3804 4888 3819 4938 ;

2247 4977 2356 5017 non
2380 4963 2616 5032 amplius
2638 4963 2920 5033 passiones
2935 4963 2990 5016 in
3013 4977 3079 5018 eo
3099 4960 3404 5024 obtineant,
3426 4960 3520 5015 sed
3541 4970 3822 5018 auctorem

2249 5053 2421 5106 Deum
2467 5052 2890 5128 habeat'omnia
2929 5053 2986 5106 in
3027 5051 3284 5105 omnibus
3323 5059 3662 5120 operantem.
3698 5051 3825 5110 Haec

2246 5154 2429 5198 autem
2467 5143 2534 5196 de
2576 5142 2644 5197 iis
2673 5142 2888 5213 loquor,
2927 5142 3022 5213 qui
3055 5142 3110 5196 in
3138 5140 3348 5211 judicio
3379 5140 3475 5196 illo
3503 5141 3824 5213 incorrupto

2244 5233 2312 5288 ad
2336 5233 2616 5288 dexteram
2648 5232 3135 5288 eruntcollocandi
3167 5233 3233 5286 ".
3269 5231 3471 5287 Iterum
3500 5247 3630 5287 vero
3656 5231 3726 5288 ad
3757 5248 3822 5289 ea

2245 5342 2364 5395 qua:
2395 5336 2523 5378 sunt
2557 5325 2791 5380 instituti
2819 5340 3130 5398 sermonem
3152 5325 3501 5378 reducamus.

2315 5415 2405 5470 ιχ.
2467 5416 2900 5484 Apprehendens
2948 5415 3135 5486 itaque
3183 5415 3412 5470 humani
3458 5415 3549 5470 ille
3603 5415 3823 5485 generis

3629 5573 3818 5631 ‘Psal.

3291 5645 3344 5683 ⁸³
3377 5643 3614 5711 Philipp.
3653 5658 3731 5707 In,
3764 5644 3818 5702 1.

2568 5644 2607 5673 ¹⁰
2659 5643 2892 5712 Philipp.
2951 5659 3007 5705 ll,
3071 5644 3182 5697 5-7.
3291 5645 3344 5683 ⁸³
3377 5643 3614 5711 Philipp.
3653 5658 3731 5707 Ilt,
3764 5644 3818 5702 1.

2683 5715 2722 5742 ’⁸
2777 5713 2975 5773 Ephos.
3014 5731 3082 5773 Iv,
3109 5715 3197 5768 29.
3305 5715 3346 5744 “
3375 5712 3477 5767 .lob
3521 5714 3819 5773 suvitud.

3557 5752 3622 5767 .ιο
3634 5752 3649 5767 V
3661 5752 3738 5779 ιιι,

2683 5715 2722 5742 ’⁸
2777 5713 2975 5781 Ephes.
3014 5731 3082 5778 Iv,
3109 5715 3197 5768 29.

2449 5784 2489 5812 ³⁸
2522 5782 2706 5837 .liattb.
2749 5799 2870 5849 xxv,
2911 5783 2999 5838 54.
