4078 6340
223 392 366 450 Νὶῐι

821 391 1103 450 ΠΟΜΙῙᾸΛ
1140 393 1208 450 γι
1243 391 1309 448 IN
1348 390 1408 449 S.
1453 386 1809 466 υΕιΡΑηΑΜ

1979 390 2043 445 ΙΝ
2085 391 2558 450 ΝΑῙΙΥῙΪΔΤΕΜ
2599 393 2851 449 ΒΟΜῙΧΙ.

3385 391 3525 452 ωδ

222 520 357 563 osor
370 507 561 577 procul
584 507 840 562 abactum
866 524 895 561 a
915 507 1266 563 rectitudinis
1283 505 1502 561 tramite
1519 503 1823 566 hominem.
1857 508 1904 566 Α
1931 508 2026 578 qui
2061 505 2255 562 dextra
2274 510 2460 564 clarus
2490 509 2649 564 erat?
2675 505 3523 578 quomodo'attritusdoloribus,

222 608 392 670 atque
413 614 443 654 a
470 599 567 655 Dei
593 597 825 654 scientia
856 598 1098 655 alienum
1127 599 1409 659 eﬁ‘ectum,
1432 595 1699 650 adversus
1726 595 1821 649 de-

223 691 402 748 victos
447 690 598 745 intus
641 690 837 761 serpit,
878 698 1056 745 totum
1091 704 1254 746 suum
1277 687 1413 743 illud
1442 701 1675 744 examen
1703 694 1817 740 tra-

225 781 406 846 hens;
448 781 617 852 inque
651 781 893 852 pectoris
938 770 1347 858 munitionibus
1391 775 1693 847 impietatis
1722 790 1820 829 ex-

225 883 436 929 tremos
463 888 630 928 sonos
656 873 810 928 velut
843 873 990 929 tuba
1015 874 1274 942 clangore
1307 871 1414 925 late
1441 868 1633 930 edens,
1666 881 1821 922 com-

225 965 469 1036 positum
517 965 755 1037 potioris
781 967 1157 1037 principatum
1191 963 1369 1019 turbae
1385 963 1598 1017 incerto
1613 960 1823 1032 princi-

221 1067 358 1131 patu
404 1057 696 1125 turbavit;
737 1059 1194 1127 adulterinosque
1234 1056 1484 1111 stolones
1514 1068 1579 1109 ac
1611 1053 1822 1108 zizania

223 1152 513 1208 seminans
555 1151 613 1206 in
665 1165 799 1223 agro
825 1149 1141 1215 Dominico,
1189 1162 1314 1218 qua:
1339 1155 1556 1202 natura:
1590 1145 1824 1200 adversa

223 1251 392 1308 sunt,
452 1258 578 1300 cum
629 1243 704 1321 iis
747 1259 872 1314 quae
925 1251 1140 1299 natura:
1191 1247 1585 1301 consentanea,
1638 1237 1825 1308 vigere

223 1335 512 1406 praeepit.
537 1334 710 1407 Cujus
746 1337 826 1392 rei
849 1351 1015 1392 causa
1034 1336 1212 1390 etiam
1234 1332 1583 1388 admirabilis
1603 1331 1827 1402 lugebat

223 1425 453 1491 Paulus,
480 1427 715 1484 dicens:
751 1446 770 1479 ε
799 1427 976 1484 Video
999 1436 1183 1483 autem
1205 1427 1369 1481 aliam
1389 1426 1564 1496 legem
1583 1422 1639 1478 in
1657 1438 1830 1479 mem-

224 1517 350 1576 bris
384 1522 548 1588 meis,
576 1530 978 1594 repugnantem
999 1519 1107 1593 legi
1145 1519 1349 1575 mentis
1376 1532 1533 1583 mete,
1563 1525 1622 1572 et
1649 1516 1828 1587 capti-

223 1621 451 1670 vantem
499 1630 591 1670 me
649 1613 708 1670 in
759 1613 882 1692 lege
923 1615 1160 1686 peccati.
1197 1631 1322 1688 qua:
1353 1623 1438 1670 est
1470 1614 1528 1668 in
1561 1610 1832 1668 membris

223 1704 370 1760 lueis
402 1707 544 1760 "4'.
590 1725 607 1756 ι
1391 1699 1393 1701 ’

297 1794 370 1853 1.
395 1796 601 1853 Verum
636 1813 747 1856 non
780 1798 991 1870 absque
1014 1797 1225 1854 doloris
1247 1813 1436 1860 sensu,
1461 1805 1830 1867 protoparen-

1929 599 2024 670 qui
2055 599 2197 658 bene
2239 617 2374 657 sano
2407 617 2640 671 corpore
2677 601 2836 656 erat?
2859 599 3142 670 quomodo
3169 599 3404 656 multum
3434 600 3522 655 lu-

1929 691 2146 762 gubris,
2171 694 2264 765 qui
2295 694 2526 748 multam
2547 692 2972 750 admirationem
2995 694 3273 748 habebat?
3290 709 3524 765 quomo-

1929 784 2003 839 do
2032 800 2251 841 sacrum
2281 786 2698 842 tabernaculum
2743 786 3024 842 latronum
3065 785 3271 841 factum
3303 794 3389 842 est
3421 785 3524 842 ha-

1930 876 2277 934 bitaculum?
2322 880 2602 950 quomodo
2634 879 2729 950 qui
2773 878 3006 950 simplex
3061 894 3128 934 ac
3165 877 3277 933 doli
3329 893 3527 949 expers

1929 979 2072 1037 erat,
2128 972 2185 1028 in
2212 972 2506 1043 plenoru-m
2552 972 2680 1028 dolo
2710 988 2775 1027 ac
2807 972 3277 1043 nequissimorum
3317 985 3523 1040 caupo-

1930 1079 2060 1120 nam
2083 1064 2289 1121 cessit?
2321 1063 2600 1136 quomodo
2644 1055 2786 1120 lucis
2839 1063 3110 1118 habitatio
3166 1061 3524 1118 tenebrarum

1931 1156 2108 1212 evasit
2150 1157 2465 1228 spelunca?
2490 1155 2773 1228 quomodo
2811 1155 3084 1211 orationis
3125 1154 3326 1209 domus
3375 1151 3525 1208 ludi-

1935 1264 2094 1304 crum
2123 1250 2344 1306 exsistit
2366 1249 2680 1305 theatrum?
2716 1247 2999 1320 quomodo
3030 1247 3374 1303 canticorum
3404 1244 3528 1299 tha-

1936 1341 2115 1397 lamus
2161 1342 2459 1397 latronum
2477 1355 2773 1396 commune
2801 1338 2984 1396 evasit
3006 1335 3358 1409 bospitium?
3386 1349 3529 1406 quo-

1937 1431 2105 1487 modo
2132 1431 2229 1502 qui
2262 1439 2450 1487 rectus
2481 1438 2604 1486 erat
2635 1429 2824 1493 corde,
2854 1428 3042 1484 animo
3073 1425 3283 1499 duplici
3333 1420 3534 1480 stetit?

1937 1525 2217 1596 quomodo
2240 1524 2541 1596 quidivino
2564 1523 2912 1594 mancipatus
2952 1521 3089 1593 juri,
3107 1521 3177 1576 ab
3200 1516 3534 1576 adversariis

1937 1615 2256 1688 decipitur?
2281 1615 2561 1686 quomodo
2589 1615 2682 1686 qui
2709 1613 2776 1669 ad
2803 1614 2898 1670 Dei
2930 1613 3228 1685 imaginem
3261 1609 3536 1666 formatus

1936 1715 2080 1773 erat,
2101 1709 2370 1780 jumentis
2405 1715 2757 1777 comparatus
2796 1707 2881 1760 est
2911 1711 3077 1774 atque
3100 1703 3183 1758 eis
3205 1700 3403 1756 similis
3454 1698 3537 1755 ef-

1938 1798 2216 1855 fectus“?
2262 1798 2545 1870 quomodo
2591 1796 2688 1868 qui
2744 1795 2813 1850 ad
2845 1794 3089 1850 divinam
3119 1791 3378 1848 conditus
3416 1795 3536 1844 erat

223 1891 304 1946 κίε
346 1897 633 1960 διυυοτθηι
683 1891 839 1946 illum
879 1892 1120 1948 transire
1153 1890 1294 1946 ῖθτο·
1341 1889 1647 1944 Commune
1679 1887 1828 1943 enim
1865 1875 1906 1933 Β
1935 1894 2252 1964 imaginem,
2282 1891 2516 1947 vanitati
2546 1890 2745 1946 similis
2767 1888 2947 1944 factus
2969 1883 3158 1943 est"?
3191 1885 3370 1954 Atque
3417 1882 3537 1938 haec

224 1981 458 2045 malum,
499 1980 754 2053 adeoque
792 1982 1107 2039 communis
1143 1975 1348 2038 luctus.
1385 1980 1599 2036 Idcirco
1633 1995 1832 2036 sensus

223 2071 416 2128 cordis
453 2071 563 2128 mei
598 2072 814 2144 depasti
848 2082 999 2128 sunt.
1040 2072 1402 2144 Emergentes
1431 2072 1689 2143 lacrymae
1707 2086 1829 2126 ser-

221 2164 413 2221 monis
445 2181 672 2222 cursum
715 2164 1079 2222 intercidunt.
1123 2165 1365 2221 Necesse
1402 2163 1550 2219 enim
1573 2172 1658 2218 est
1687 2177 1832 2232 pau-

231 2255 319 2312 eis
341 2257 662 2314 meminisse
684 2274 881 2314 eorum
913 2273 1039 2330 qua:
1069 2257 1234 2314 nobis
1267 2257 1447 2312 tristia
1484 2257 1828 2317 acciderunt,

223 2363 344 2420 quo
395 2350 593 2420 majori
633 2349 949 2415 desiderio,
994 2349 1434 2422 impensiorique
1466 2348 1829 2421 gratitudine,

226 2448 295 2497 ut
321 2441 379 2496 in
418 2441 767 2514 longioribus
792 2443 1004 2498 morbis
1029 2443 1144 2499 fere
1174 2442 1400 2506 accidit,
1436 2450 1652 2512 partam
1679 2448 1834 2511 post-

225 2529 336 2586 hac
387 2531 609 2588 Domini
662 2533 718 2589 in
767 2549 872 2589 nos
914 2534 1123 2604 pietate
1188 2536 1423 2590 salutem
1469 2534 1830 2604 aspiciamus.

223 2619 477 2707 Lugubri
519 2625 706 2695 itaque
743 2627 970 2697 planctu
1008 2642 1131 2696 quae
1171 2637 1300 2682 sunt
1333 2627 1461 2682 Adae
1495 2628 1830 2690 recolamus,

226 2722 314 2770 ut'
340 2713 410 2771 iis
441 2732 566 2787 qua:
595 2715 806 2773 Christi
834 2719 1103 2776 latemur.
1138 2720 1469 2789 Plangamus
1497 2717 1833 2772 condemna-

226 2804 464 2868 tionem,
503 2814 566 2860 ut
592 2804 809 2861 festivis
849 2807 1072 2878 gaudiis
1106 2805 1455 2862 celebremus
1485 2803 1834 2876 iustiﬁcatio-

227 2911 380 2954 nem.
428 2898 741 2968 Lugeamus
789 2901 1000 2971 peccati
1043 2899 1378 2962 mercedem,
1412 2906 1474 2952 ut
1506 2898 1698 2970 gratiae
1729 2897 1838 2953 do-

225 2991 322 3048 nis
365 2990 421 3046 in
465 2992 803 3048 hilaritatem
851 2985 1471 3048 vertamur.Ploremus
1514 3007 1727 3056 casum,
1770 2998 1834 3046 ut

228 3085 660 3141 resurrectionis
703 3085 1048 3141 excellentiis
1098 3085 1422 3155 gloriemur,
1470 3083 1839 3154 quemadmo-

227 3176 366 3233 dum
395 3178 473 3233 ait
493 3178 792 3234 Dominus:
829 3199 848 3228 ο
875 3179 1028 3234 Beati
1052 3179 1148 3250 qui
1174 3180 1383 3250 lugent,
1415 3179 1678 3250 quoniam
1717 3178 1825 3249 ipsi

224 3270 669 3327 consolabuntur
683 3271 750 3325 ⁸³.
771 3291 789 3324 ι
815 3271 952 3338 Heu,
978 3272 1159 3326 anima
1178 3275 1330 3326 mea!
1359 3270 1828 3342 obstupuitnam-

232 3377 345 3435 que
373 3365 598 3428 celum,
637 3365 1042 3435 exborruitque
1070 3373 1242 3424 terra,
1285 3364 1366 3419 sic
1407 3373 1636 3433 repente
1666 3363 1834 3434 primi

232 3455 487 3528 parentis
535 3456 704 3512 rebus
742 3457 1069 3512 immutatis.
1097 3455 1334 3511 Luctum
1381 3455 1462 3511 sol
1513 3454 1834 3526 assumpsit,

233 3563 366 3605 eum
393 3548 581 3604 divina
607 3565 773 3606 manu
821 3549 1118 3605 formatum
1143 3562 1286 3620 opus
1327 3548 1535 3604 diaboli
1572 3549 1837 3604 eﬁ'ectum

235 3638 544 3696 ludibrium
604 3641 845 3696 videret.
900 3641 1156 3697 Tristata:
1222 3647 1354 3696 sunt
1408 3654 1534 3708 quae
1589 3639 1837 3696 amiCitia

230 3731 441 3802 juncta
465 3741 627 3788 erant
659 3731 922 3798 virtutes,
963 3732 1344 3803 inexspectata
1391 3731 1483 3786 illa
1506 3732 1836 3788 mutatione.

235 3821 530 3891 Quomodo
558 3822 956 3895 deplorandus,
971 3825 1066 3895 qui
1091 3824 1363 3880 inoﬁ‘ensa
1395 3824 1663 3880 felicitate
1687 3824 1838 3880 frue-

239 3911 447 3970 batur?
469 3915 751 3988 quomodo
803 3915 1126 3981 incelebris,
1163 3916 1261 3988 qui
1291 3916 1538 3974 nominis
1584 3917 1840 3975 claritate

237 4006 581 4079 praestabat?
611 4007 893 4078 quomodo
932 4008 1057 4065 sine
1117 4008 1353 4074 honore,
1384 4008 1481 4080 qui
1532 4009 1588 4064 in
1626 4009 1839 4066 honore

239 4096 406 4154 erat?
429 4097 711 4169 quomodo
765 4097 1040 4162 inﬁrmus,
1061 4100 1158 4170 qui
1202 4100 1438 4170 potens?
1477 4099 1758 4170 quomodo
1781 4100 1839 4157 in

241 4197 492 4260 peccato,
515 4189 613 4260 qui
632 4189 854 4261 justus?
888 4189 1170 4262 quomodo
1217 4191 1276 4247 in
1333 4192 1624 4257 servitute,
1649 4191 1746 4264 qui
1767 4191 1840 4247 li-

243 4279 460 4339 bertate
501 4282 786 4352 pollebat?
813 4282 1094 4354 quomodo
1124 4283 1416 4355 tyrannide
1468 4285 1837 4357 mancipatus,

241 4373 340 4444 qui
373 4382 572 4444 potens
599 4375 754 4430 erat?
788 4375 1072 4446 quomodo
1099 4376 1238 4432 vitio
1260 4376 1585 4450 obstrictus,
1629 4377 1839 4450 quiin-

242 4461 452 4522 noceas
473 4468 630 4524 erat?
668 4468 948 4538 quomodo
985 4468 1107 4526 sine
1140 4468 1359 4534 ordine,
1395 4468 1492 4541 qui
1531 4470 1840 4542 composito

1933 1985 2161 2058 quidem
2187 1999 2362 2056 pauca
2377 1983 2629 2054 quaedam
2660 1991 2888 2047 nostra;
2919 1995 3042 2052 qua:
3069 1993 3206 2032 vero
3238 1976 3536 2032 adversum

1932 2093 2057 2143 nos,
2085 2077 2310 2132 brevior
2335 2075 2518 2130 omnis
2544 2075 2746 2137 oratio,
2784 2089 2954 2144 quam
2982 2080 3043 2128 nt
3058 2084 3321 2126 enarrare
3336 2067 3532 2140 possit.

1928 2169 2068 2226 Cum
2097 2169 2248 2225 enim
2271 2167 2434 2223 multi
2464 2169 2638 2222 multa
2669 2165 3080 2236 sugillaverint,
3109 2161 3405 2219 certamini
3448 2169 3536 2216 ta-

1932 2278 2060 2317 men
2089 2262 2329 2332 impares
2355 2260 2712 2322 exstiterunt,
2738 2256 3045 2328 propheta,
3073 2256 3230 2327 justi,
3257 2251 3535 2312 historici.

1931 2354 2046 2410 Nec
2088 2369 2223 2409 vero
2248 2352 2546 2424 quisquam
2588 2351 2764 2406 Deum
2809 2347 3092 2405 existimet
3134 2347 3408 2402 malorum
3433 2360 3535 2401 au-

1932 2457 2168 2502 ctorem.
2213 2444 2349 2517 Ejus
2389 2443 2544 2499 enim
2584 2441 2680 2512 qui
2727 2438 2983 2496 criminis
3032 2453 3165 2494 reus
3218 2445 3378 2492 actus
3424 2442 3534 2499 est,

1931 2554 2096 2595 causa
2146 2539 2366 2595 exsistit
2424 2536 2494 2592 ab
2549 2536 2701 2590 omni
2756 2531 3024 2590 immunis
3081 2531 3340 2592 crimine,
3394 2529 3539 2585 sicut

1931 2632 2203 2701 scriptum
2229 2639 2342 2685 est:
2380 2649 2397 2681 ι
2428 2629 2573 2684 Deus
2606 2635 2843 2683 mortem
2869 2641 2982 2680 non
3005 2623 3160 2686 fecit,
3183 2636 3290 2676 nec
3319 2619 3539 2676 laetatur

1933 2723 1990 2778 in
2013 2722 2326 2792 perditione
2350 2719 2600 2776 virorum
2623 2738 2636 2772 :
2661 2719 2816 2790 impii
2847 2727 3034 2773 autem
3056 2713 3316 2770 manibus
3339 2721 3397 2769 et
3409 2727 3536 2768 ver-

1932 2813 2021 2870 bis
2036 2813 2550 2870 accersierunteam
2567 2811 2636 2864 ¹⁶.
2669 2831 2687 2862 ι
2707 2809 3078 2878 Quamobrem
3104 2805 3322 2860 infenso
3347 2802 3538 2859 animo

1931 2917 2093 2964 erant
2115 2905 2378 2962 caelicolae
2407 2905 2463 2959 in
2493 2904 2801 2974 terrigenas
2825 2902 2920 2971 qui
2951 2901 3020 2956 ad
3043 2899 3242 2953 vitium
3274 2895 3540 2967 impcgis-

1932 3005 2086 3063 sent;
2115 3004 2454 3066 terrenaque
2479 3003 2740 3049 creatura
2763 3008 2875 3047 non
2906 2992 3106 3048 volens
3145 2989 3392 3059 subjecta
3421 2992 3544 3041 erat

1932 3087 2161 3144 humani
2207 3085 2430 3158 generis
2457 3085 2715 3147 vanitati,
2758 3095 2822 3138 ut
2854 3083 3081 3138 divinus
3131 3079 3429 3152 Apostolus
3458 3078 3541 3133 lo-

1932 3181 2126 3251 quitur
2150 3179 2218 3243 ⁸⁷,
2246 3177 2344 3234 sed
2371 3186 2604 3249 prapter
2626 3192 2754 3232 eum
2783 3176 2877 3246 qui
2908 3174 3240 3245 subiecisset
3265 3173 3320 3226 in
3346 3184 3544 3242 caspe-

1936 3271 2180 3328 ctatione
2212 3272 2335 3340 ejus
2384 3268 2682 3332 libertatis,
2723 3282 2848 3338 quae
2889 3266 3188 3322 videbatur
3215 3265 3272 3320 in
3318 3278 3415 3335 spe
3454 3276 3544 3318 re-

1936 3365 2138 3437 posita.
2179 3363 2388 3418 Verum
2443 3363 2716 3417 hactenus
2759 3376 2882 3430 quae
2930 3359 3215 3415 deteriora
3267 3365 3420 3422 sunt,
3474 3371 3545 3412 ne

1938 3472 2066 3514 cum
2122 3456 2245 3512 laeta
2288 3454 2411 3510 dies
2462 3453 2732 3516 illuxerit,
2757 3453 2910 3523 justo
2943 3451 3187 3522 amplius
3222 3465 3388 3505 aures
3424 3464 3548 3519 gra-

1935 3565 2154 3613 vemus,
2219 3546 2538 3604 refricando
2587 3561 2652 3601 ea
2720 3560 2843 3616 quae
2896 3543 3208 3599 molestiam
3260 3541 3542 3613 ingerunt.

1938 3644 2022 3699 Ad
2077 3643 2133 3698 id
2192 3657 2326 3714 ergo
2381 3640 2531 3713 quod
2579 3647 2740 3712 urget
2793 3654 2858 3694 ac
2913 3636 3159 3693 instituti
3218 3643 3325 3700 est,
3382 3649 3545 3692 accc-

1937 3734 2160 3790 damus.

2013 3826 2106 3883 XI.
2132 3825 2271 3894 Quia
2307 3841 2444 3898 ergo
2468 3823 2676 3880 diaboli
2732 3824 2788 3878 in
2827 3838 2932 3878 nos
2956 3820 3211 3894 tyrannis
3254 3817 3547 3877 obtinebat

1943 3918 2433 3992 grassabaturque,
2460 3935 2527 3975 ac
2559 3917 2800 3973 animam
2829 3933 3076 3981 omnem,
3103 3930 3231 3972 cum
3262 3928 3428 3970 nemo
3455 3913 3543 3969 vi-

1943 4010 2008 4066 tii
2045 4026 2270 4067 cursum
2318 4010 2575 4067 inhibere
2627 4017 2855 4080 posset,
2899 4009 3157 4065 servituti
3217 4005 3543 4072 addicebat;

1942 4103 2153 4176 placuit
2202 4104 2592 4176 potentissimo
2642 4118 2708 4160 ac
2749 4101 3164 4174 sapientissimo
3201 4115 3389 4156 rerum
3439 4099 3549 4156 Do-

1942 4196 2117 4262 mino,
2175 4207 2240 4253 ut
2283 4205 2546 4268 tanquam
2597 4195 2845 4266 optimus
2891 4193 3143 4250 medicus
3194 4191 3548 4248 inﬁrmorum

1941 4285 2317 4342 visitationem
2350 4287 2406 4342 in
2429 4286 2708 4358 adjutorio
2729 4295 3048 4358 opportuno
3066 4291 3322 4356 poneret,
3356 4299 3422 4340 ac
3445 4298 3548 4356 per

1942 4391 2066 4433 eam
2090 4378 2265 4450 ipsam
2307 4386 2566 4434 naturam
2600 4393 2724 4449 qua:
2758 4377 3102 4448 nequissimo
3134 4375 3546 4438 succubuisset,

1942 4487 2043 4528 sua
2081 4470 2140 4527 in
2185 4486 2310 4528 eam
2344 4471 2732 4536 inclinatione,
2765 4470 3153 4527 adversarium
3202 4470 3325 4542 ejus
3368 4483 3547 4540 expu-

242 4558 443 4616 ordine
503 4559 814 4632 gaudebat?
873 4559 1153 4632 quomodo
1216 4561 1434 4618 tristem
1483 4560 1656 4618 vitam
1703 4561 1838 4635 agit,
1871 4575 2162 4649 D-gnaret,
2187 4564 2355 4636 eique
2397 4564 2706 4637 subigeret,
2733 4563 2879 4619 sicut
2902 4563 3174 4635 scriptum
3201 4569 3322 4618 est:
3358 4579 3377 4608 ι
3408 4559 3547 4617 Nam

241 4654 341 4728 qui
364 4654 584 4712 beatam
633 4653 914 4711 ducebat?
941 4652 1220 4726 quomoda
1249 4653 1306 4710 in
1342 4663 1545 4719 morte,
1579 4655 1674 4727 qui
1730 4656 1840 4712 im-

244 4746 499 4804 mortalis
524 4745 685 4802 erat?
707 4745 990 4816 quomodo
1033 4747 1380 4819 corruptioni
1417 4745 1695 4813 addictus,
1742 4748 1839 4821 qui

244 4855 278 4896 a
311 4839 670 4910 corruptione
693 4837 960 4894 immunis
986 4838 1222 4909 agebat?
1249 4838 1530 4910 quomodo
1547 4838 1604 4894 in
1620 4839 1835 4904 dolore,

243 4932 341 5005 qui
369 4930 620 5004 iucundo
655 4932 844 4988 animo
884 4931 1040 4987 erat?
1060 4931 1342 5002 quomodo
1395 4931 1453 4988 in
1499 4933 1836 4996 calamitate,

243 5023 342 5097 qui
363 5023 515 5080 nulla
534 5037 670 5080 cura
696 5033 957 5096 gravatus
981 5021 1141 5077 erat?
1180 5022 1461 5093 quomodo
1509 5023 1848 5079 verecundia

244 5113 563 5188 probroque
591 5114 871 5178 laborans,
899 5113 996 5185 qui
1030 5112 1233 5169 ﬁducia
1257 5113 1847 5185 pollebati‘quomodo

242 5204 448 5268 studiis
472 5205 708 5271 divisus,
735 5207 832 5278 qui
849 5205 1254 5277 quietus-erat?
1277 5206 1560 5278 quomodo
1585 5207 1717 5262 odio
1744 5207 1848 5263 ha-

246 5296 420 5362 bitus,
442 5296 539 5370 qui
563 5311 779 5354 summe
791 5296 1183 5354 desiderabilis
1208 5305 1330 5354 erat
1345 5299 1368 5352 ?
1383 5297 1840 5370 quomodoreus,

246 5386 344 5461 qui
375 5397 499 5444 erat
513 5389 734 5461 justus?
754 5388 1036 5462 quomodo
1068 5390 1241 5445 malas
1263 5390 1421 5446 alens
1449 5391 1839 5464 cogitationes,

247 5481 346 5552 qui
385 5481 551 5538 bonis
593 5484 958 5539 assueverat?
985 5484 1267 5555 quomodo
1323 5484 1381 5540 in
1427 5484 1631 5556 penis,
1685 5485 1847 5558 cujus

247 5579 373 5630 erat
401 5575 552 5647 juris
574 5582 638 5630 ut
677 5575 858 5646 pmnis
899 5575 1223 5634 addiceret?
1244 5575 1541 5648 quomodo
1572 5575 1631 5634 in
1675 5577 1846 5645 bello,

249 5664 348 5736 qui
377 5681 568 5737 pacem
590 5665 865 5724 habebat?
881 5669 1162 5740 quomodo
1182 5668 1417 5725 sinistra-
1437 5668 1654 5728 laborat
1680 5671 1849 5747 fama,

316 5800 458 5835 """
481 5800 642 5857 Rom.
664 5817 759 5862 vn,
785 5802 876 5858 23.

250 5865 345 5929 10.
447 5871 680 5939 "Ibid,
717 5872 770 5929 5.
869 5876 914 5907 "
958 5865 1384 5944 l’sal..tauvttt,
1412 5877 1504 5933 ‘20.

1949 4655 2099 4728 quod
2153 4655 2497 4728 impossibile
2537 4663 2660 4710 erat
2696 4654 2826 4728 legi,
2874 4655 2932 4711 in
2988 4669 3102 4726 quo
3155 4652 3544 4709 inﬁrmabatur

1947 4761 2050 4819 per
2078 4761 2325 4812 carnem,
2376 4747 2526 4803 Deus
2560 4746 2960 4802 Filiumsuum
2991 4744 3222 4801 mittens
3248 4743 3305 4800 in
3343 4743 3547 4800 simili-

1947 4839 2200 4896 tudinem
2246 4839 2437 4896 carnis
2483 4837 2718 4911 peccati,
2770 4846 2828 4896 et
2877 4838 3218 4910 depeccato
3265 4837 3552 4894 damnavit

1948 4942 2240 5004 peccatum
2267 4933 2326 4989 in
2357 4948 2526 4990 carne
2561 4933 2628 4987 ⁸⁵.
2670 4952 2690 4985 ι
2734 4930 2972 5000 Quando
3001 4947 3138 5002 ergo
3158 4930 3316 4986 venit
3364 4930 3550 5002 pleni-

1942 5026 2079 5082 tudo
2107 5025 2398 5099 temporis,
2426 5033 2763 5098 tempusque
2797 5024 2936 5081 illud
2960 5025 3198 5097 appetiit
3230 5037 3342 5095 quo
3399 5023 3552 5079 Deus

1940 5119 2535 5192 propitianduserat;
2562 5125 2682 5173 tum
2710 5132 2935 5190 quoque
2981 5116 3283 5174 manifesto
3324 5115 3549 5188 prodita

1941 5216 2074 5265 sunt
2101 5205 2351 5265 remedia
2397 5222 2498 5279 per
2532 5222 2661 5263 eum
2695 5210 3019 5280 qui.potens
3074 5214 3182 5272 est,
3214 5206 3284 5262 de
3309 5207 3546 5278 quojatn

1950 5308 2080 5358 ante
2109 5299 2445 5374 prophetico
2473 5300 2703 5356 oraculo
2753 5299 3115 5373 praedicatum
3139 5308 3294 5357 erat:
3330 5320 3350 5352 ‹
3382 5300 3549 5357 Posui

1948 5394 2295 5467 adjutorium
2324 5394 2384 5451 in
2405 5403 2637 5466 potente
2651 5395 2720 5450 ”.
2740 5414 2776 5448 ,ι
2803 5395 2914 5451 Pro
2943 5395 3074 5450 mali
3119 5394 3270 5451 enim
3319 5401 3551 5452 auctore

1942 5484 2190 5542 dracone
2217 5484 2318 5556 qui
2341 5485 2553 5542 mundo
2579 5485 2763 5542 tristia
2793 5485 3119 5551 invexisset,
3145 5486 3333 5542 laetum
3359 5484 3549 5558 gaudii

1944 5576 2206 5634 nuntium
2237 5576 2428 5634 ferens
2445 5577 3129 5650 archangelusDominico
3149 5594 3184 5635 θ
3217 5577 3374 5636 cretis
3390 5576 3552 5650 praeit

1947 5667 2282 5728 descensui:
2318 5669 2553 5741 ejusque
2578 5658 2744 5735 loco.
2800 5671 2908 5742 qui.
2949 5671 3201 5743 rapinam
3243 5669 3552 5726 arbitratus

975 5805 1020 5890 ξ’
1061 5797 1253 5890 piatth.
1283 5823 1347 5869 ν,
1368 5807 1479 5890 5.“
1501 5808 1547 5841 "
1569 5809 1727 5868 Βα1,,
1743 5827 1833 5871 ιω

1969 5811 2053 5868 13.
2131 5815 2177 5847 ⁸⁵
2205 5815 2347 5872 Psal.
2384 5831 2562 5884 catur;
2591 5817 2642 5874 ι.
2719 5815 2927 5890 ψεαρ.
2949 5833 2987 5882 ι,
3014 5816 3095 5871 13.
3173 5811 3218 5845 "
3247 5809 3407 5866 Rom.
3433 5826 3550 5875 ml.
