4078 6340
610 348 746 406 ιιςι

1686 342 2031 401 ’ΠΙΕΟΟΟΤΙ
2070 344 2373 401 EPISCOPI
2412 344 2756 401 ANCYIUM

606 468 753 517 esset
791 475 913 517 esse
940 461 1202 532 aqualem
1230 460 1422 525 Deo“,
1457 460 1550 531 qui
1584 469 1780 515 natura
1809 462 1955 517 Deus
2004 471 2167 531 atque
2197 466 2241 520 Α
2270 463 2514 532 inquam,
2569 475 2625 520 et
2681 464 3089 527 benedictione,
3148 481 3247 519 ceu
3302 464 3531 520 ﬂoribus
3577 478 3847 518 corona-

606 552 890 618 Dominus,
914 568 1116 624 prases
1152 562 1452 624 auctorque
1480 554 1908 623 regenerationis
1929 557 2049 624 ejus
2073 569 2168 607 na-

607 651 745 699 tura
783 660 945 715 quam
993 644 1334 708 condiderat,
1384 644 1599 700 exsistit
1647 662 1659 697 :
1706 660 1808 714 pro
1838 660 1903 699 ea
1937 660 2059 715 qua:
2098 643 2167 698 ad

606 742 841 791 mortem
895 736 1142 791 ministra
1193 737 1475 792 exstiterat
1521 738 1673 806 virgo
1716 737 1848 800 Eva,
1900 737 2011 791 Deo
2048 751 2168 807 gra-

606 825 816 881 tissima
835 840 899 881 ac
924 826 1019 881 Dei
1046 826 1207 895 plena
1232 827 1403 897 gratia
1428 828 1595 897 Virgo
1619 828 1675 882 in
1698 828 1824 882 vita:
1840 827 2167 897 obsequium

603 916 856 987 eligitur:
891 916 1045 988 virgo
1071 917 1330 972 muliebri
1352 918 1748 988 comprehensa
1772 933 1927 982 sexu,
1961 926 2017 971 at
2038 931 2162 969 mu-

605 1006 793 1062 liebris
814 1022 1003 1063 exsors
1053 1008 1311 1077 nequitia:
1344 1026 1356 1061 :
1393 1008 1545 1078 virgo
1584 1007 1869 1071 innocens,
1904 1007 2021 1061 sine
2048 1021 2167 1060 ma-

602 1098 744 1161 cula,
796 1098 947 1153 omni
993 1100 1153 1170 culpa
1192 1115 1410 1165 vacans,
1461 1099 1808 1162 intemerata,
1854 1097 2163 1167 impolluta,

600 1196 786 1243 sancta
852 1188 1036 1244 animo
1090 1197 1150 1245 et
1208 1204 1437 1260 corpore
1468 1189 1550 1254 “,
1600 1190 1743 1245 sicut
1788 1188 1965 1243 lilium
2027 1189 2169 1243 inter

599 1278 808 1335 medias
841 1278 1026 1349 spinas
1064 1280 1375 1350 geminans
1395 1281 1474 1333 ³¹ς
1500 1296 1610 1335 non
1648 1280 1808 1335 docta
1838 1280 1965 1334 Evte
1991 1279 2168 1339 mala;

598 1385 709 1425 non
758 1370 1014 1428 muliebri
1061 1372 1300 1427 vanitate
1353 1371 1593 1437 foedata;
1645 1388 1755 1427 non
1800 1370 2043 1426 anilibus
2087 1370 2173 1424 in-

596 1462 789 1517 stituta
838 1462 1065 1528 fabulis;
1137 1480 1248 1518 non
1309 1464 1452 1519 malo
1516 1464 1707 1519 auditu
1770 1478 1933 1518 aures
1990 1461 2169 1529 sordi-

595 1552 760 1618 data;
809 1568 921 1608 non
976 1553 1270 1608 inhmesto
1335 1568 1588 1609 sermone
1648 1552 1857 1623 polluta
1905 1551 2169 1621 linguam,

599 1655 710 1694 non
766 1640 890 1696 visu
948 1641 1135 1696 illiciti:
1207 1640 1407 1697 infecta
1459 1642 1680 1706 oculos;
1739 1654 1861 1711 quae
1926 1640 2169 1693 nativum

597 1728 842 1783 colorem
896 1728 1125 1785 luxuriae
1178 1728 1431 1784 adductis
1490 1728 1770 1784 coloribus
1815 1742 1925 1783 non
1979 1727 2170 1782 detur-

598 1820 763 1889 parit,
803 1836 914 1876 non
974 1820 1117 1875 fucis
1158 1835 1326 1890 genas
1356 1820 1686 1886 obduxerit;
1744 1835 1857 1874 non
1900 1820 2045 1875 collo
2086 1818 2171 1874 ef-
2202 1794 2242 1850 Β

598 1910 849 1968 formatis
918 1910 973 1965 in
1037 1918 1262 1981 torques
1309 1910 1508 1981 lapillis
1562 1910 1827 1981 fulgorem
1887 1910 2169 1977 asciverit;

600 2015 710 2055 non
734 2016 926 2055 manus
949 2001 1198 2065 armillis,
1224 2000 1499 2071 pedesque
1524 2001 1709 2056 aureis
1733 2000 2030 2071 torquibus
2044 2001 2168 2055 vin-

600 2092 767 2157 xerit;
808 2106 917 2145 non
954 2092 1445 2162 unguentariorum
1478 2091 1769 2162 speciebus
1790 2092 2034 2147 emollita
2064 2094 2169 2157 sit;

599 2199 707 2239 non
736 2184 1076 2255 splendidam
1100 2191 1311 2240 vestem
1346 2184 1415 2239 ab
1440 2183 1759 2240 hominibus
1786 2200 1987 2255 sponsa
2014 2200 2170 2240 acce-

598 2274 778 2344 perit;
810 2291 922 2329 non
970 2276 1180 2331 erroris
1242 2274 1537 2347 simulacra
1586 2276 1739 2332 cordi
1789 2277 2169 2347 insculpserit:

599 2364 758 2435 longe
782 2364 899 2420 haec
942 2364 1236 2431 facessant,
1261 2376 1318 2421 et
1346 2366 1545 2421 similia
1582 2368 1784 2439 (neque
1828 2368 1974 2423 enim
2016 2379 2170 2423 tene-

600 2456 719 2511 bris
750 2455 817 2511 ad
851 2458 1030 2512 lucem
1054 2458 1164 2512 ulla
1199 2460 1515 2515 communio
1532 2460 1697 2530 est”)
1736 2478 1749 2513 :
1786 2459 1883 2515 sed
1906 2476 2028 2530 quae
2046 2476 2173 2515 nee-

598 2545 734 2601 dam
788 2556 915 2602 nata
965 2548 1175 2602 auctori
1227 2548 1340 2603 Deo
1373 2560 1692 2604 consecrata
1733 2550 1830 2617 sit;
1867 2560 1994 2605 nata
2039 2566 2171 2605 vero

600 2636 743 2708 grati
775 2638 941 2693 animi
971 2649 1349 2704 monumento,
1384 2656 1539 2696 sacra
1564 2642 1781 2697 alumna
1814 2651 1875 2697 ut
1904 2643 1961 2696 in
1984 2657 2169 2699 sacra-

601 2726 687 2781 rio
714 2742 779 2782 ac
800 2727 1002 2797 templo
1038 2738 1350 2785 moraretur
1381 2730 1564 2787 oblata
1602 2731 1791 2796 fuerit,
1830 2732 1967 2803 legis
2001 2731 2169 2788 disci-

598 2816 750 2887 pula,
781 2817 991 2888 Spiritu
1020 2828 1210 2875 sancto
1238 2821 1504 2886 delibuta,
1534 2822 1719 2877 divina
1745 2824 1917 2894 gratia
1949 2832 2009 2878 ut
2050 2827 2167 2895 pal-

596 2906 731 2964 liolo
753 2910 971 2975 amicta,
992 2911 1179 2967 animo
1194 2912 1377 2967 divina
1404 2914 1644 2983 sapiens,
1659 2914 1768 2968 Deo
1788 2914 1953 2970 corde
1976 2925 2166 2985 nupta,

600 3000 913 3057 sanctitatis
944 3001 1265 3071 splendores
1299 3003 1475 3057 oculis
1504 3003 1745 3073 spirans,
1786 3004 2017 3060 auribus
2041 3022 2170 3060 can—

599 3090 711 3145 tica
740 3090 1019 3157 insonans,
1054 3092 1238 3164 lingua
1283 3092 1561 3159 melliilua,
1595 3094 1755 3149 labiis
1812 3094 1995 3149 favum
2052 3096 2170 3151 stil-

601 3182 953 3250 lantibus”';
981 3184 1211 3254 pulchra
1254 3185 1555 3256 gressibus,
1579 3186 1827 3255 moribus
1848 3186 2162 3256 pulchrior;

601 3289 859 3329 sermone
895 3264 1255 3340 venerabilis}
1298 3276 1515 3331 actione
1571 3277 1969 3344 venerabilior;
2013 3294 2167 3335 man-

598 3375 759 3423 sueta
791 3366 1059 3432 moribus,
1093 3368 1429 3423 mansuetior
1454 3368 1725 3433 motibus;
1774 3368 1919 3425 bona
1961 3370 2016 3425 in
2065 3371 2167 3426 bo-

602 3458 817 3515 minum
860 3460 1055 3525 oculis,
1105 3459 1201 3515 Dei
1244 3459 1526 3515 obtutibus
1582 3461 1815 3525 melior;
1844 3477 1966 3531 qua:
1999 3463 2168 3518 Deum

594 3558 797 3605 ventre
842 3550 1170 3620 susceperit,
1218 3566 1454 3621 vereque
1496 3552 1668 3607 Deum
1711 3562 1869 3621 partu
1898 3553 2169 3623 ediderit;

602 3650 788 3712 atque,
812 3642 1054 3697 utverbo
1075 3642 1273 3708 dicam,
1301 3650 1411 3698 tota
1431 3643 1659 3713 pulchra
1692 3656 1753 3698 ut
1775 3660 2047 3715 propensa
2076 3646 2173 3702 vo-

602 3732 807 3797 luntas,
831 3741 1051 3804 totaque
1078 3734 1264 3789 suavis
1286 3743 1347 3789 ut
1372 3736 1509 3788 cella
1539 3737 1900 3806 unguentaria
1923 3737 1989 3791 “.

674 3818 791 3875 Xll.
827 3821 977 3877 Hanc
998 3822 1159 3877 nobis
1180 3822 1464 3878 conditore
1490 3823 1710 3894 dignam
1736 3824 1959 3880 donavit
1986 3822 2169 3878 divina

605 3912 972 3985 providentia,
1008 3914 1281 3971 bonorum
1312 3915 1761 3982 conciliatricem,
1812 3934 1920 3972 non
1948 3932 2070 3987 quae
2100 3917 2169 3972 ad

606 4004 1033 4061 inobedientiam
1089 4006 1301 4071 incitet,
1362 4007 1457 4061 sed
1507 4024 1629 4078 quae
1649 4009 1715 4063 ad
1762 4009 2168 4079 obsequendam

604 4096 826 4153 dnctrix
850 4098 1108 4163 exsistat;
1137 4114 1245 4153 non
1270 4114 1391 4169 quae
1440 4100 1679 4156 fructum
1712 4100 1989 4155 letiferum
2040 4118 2169 4171 por-

607 4192 766 4265 rigat,
796 4192 891 4247 sed
945 4208 1064 4263 qua!
1098 4209 1295 4263 panem
1336 4194 1555 4250 vitalem
1606 4197 1873 4265 praebeat;
1911 4211 2021 4251 non
2050 4214 2171 4268 qua:

606 4287 793 4341 animo
834 4285 990 4340 facile
1043 4285 1307 4351 lasciviat,
1343 4287 1437 4341 sed
1467 4304 1587 4359 qua:
1622 4272 1850 4344 robusto
1883 4306 2048 4345 sensu
2079 4306 2172 4345 ex-

606 4377 796 4443 sistat;
827 4392 935 4431 non
973 4378 1190 4432 mollem
1228 4380 1579 4449 cogitatione,
1626 4380 1720 4435 sed
1761 4389 1941 4436 mente
1974 4382 2169 4447 firma;

2269 562 2584 619 contexens,
2616 555 2670 609 in
2705 555 2871 625 pedes
2901 567 3119 611 erectus
3150 557 3369 611 laudem
3425 557 3612 619 odcrt,
3678 570 3845 610 nam

2268 645 2525 712 quatiens
2552 646 2831 716 verboque
2858 645 3200 700 acclamans:
3244 665 3262 697 ι
3294 647 3428 709 Ave;
3458 644 3845 717 gratiaplena;

2269 733 2531 789 Dominus
2558 745 2737 791 tecum
2759 737 2846 791 “‘.
2884 756 2903 789 ι
2935 734 3227 792 Benedicta
3254 743 3333 799 tu,
3356 735 3737 806 pulcherrima
3783 748 3851 788 ae

2269 823 2662 881 famosissima
2709 827 3022 882 mulierum.
3063 845 3082 878 ι
3134 826 3401 881 Dominus
3424 831 3633 889 tecum,
3667 844 3687 875 ι
3723 838 3851 894 «ιιι

2272 922 2386 969 tota
2413 917 2769 983 venerabilis,
2795 925 2907 973 tota
2932 918 3189 990 gloriosa,
3214 924 3331 973 tota
3354 916 3498 972 bona
3545 916 3650 972 sis.
3687 935 3707 965 ι
3736 915 3847 970 Do—

2270 1008 2455 1062 minus
2480 1016 2684 1072 tecum,
2721 1027 2740 1060 ι
2772 1010 3082 1065 veneranda
3112 1018 3194 1074 tu,
3226 1007 3703 1078 incomparabilis,
3729 1020 3849 1061 on-

2270 1114 2395 1154 nem
2420 1098 2725 1153 claritatem
2751 1114 3040 1170 superans,
3072 1108 3185 1155 tota
3211 1099 3351 1154 lucis
3374 1098 3690 1170 fulgoribus
3710 1112 3849 1152 cun-

2270 1199 2443 1253 creta,
2498 1190 2609 1244 Deo
2667 1189 2853 1261 digna,
2901 1190 3281 1247 beatificanda.
3316 1190 3543 1245 Summe
3600 1188 3851 1245 demiror

2271 1292 2419 1335 tuam
2437 1279 2781 1345 modestiam,
2794 1295 2829 1335 o
2841 1280 3164 1336 celsissima.
3182 1298 3201 1329 ι
3222 1280 3301 1335 Ne
3318 1280 3539 1343 timeas,
3554 1277 3731 1333 laria
3742 1278 3843 1341 “,i

2271 1372 2384 1427 Deo
2424 1384 2644 1440 sponsa,
2678 1370 2985 1441 pignusque
3016 1371 3073 1426 in
3115 1371 3321 1426 sanctis
3366 1369 3691 1425 educatum.
3725 1368 3850 1424 Nm

2270 1458 2688 1528 conceptionem
2735 1460 2794 1513 in
2841 1458 3229 1527 iniquitatibus
3262 1458 3329 1523 ³⁸,
3368 1467 3467 1513 aut
3512 1466 3741 1527 partum
3791 1455 3850 1510 in

2272 1550 2513 1621 peccatis
2534 1549 2634 1604 tibi
2665 1564 2785 1603 sum
2830 1549 3287 1615 annuntiaturus,
3330 1549 3426 1605 sed
3455 1549 3723 1620 gaudium
3746 1563 3847 1603 ex-

2272 1641 2553 1712 positurus
2581 1640 2726 1710 quod
2748 1640 2875 1694 Eva;
2908 1640 3188 1695 tristitiam
3209 1638 3443 1695 auferat.
3476 1639 3601 1694 Non
3626 1648 3851 1709 partum

2273 1734 2329 1787 in
2357 1732 2663 1797 doloribus,
2688 1733 2910 1788 luctuve
2944 1734 3159 1803 plenam
3186 1732 3498 1787 enixionem
3548 1730 3845 1792 annuntio,

2270 1824 2367 1878 sed
2392 1824 2733 1879 nativitatem
2756 1824 3026 1895 praesigno
3046 1839 3167 1893 quae
3187 1822 3583 1878 consoleturac
3596 1820 3850 1876 laetitiam

2268 1914 2485 1970 afferat.
2509 1914 2631 1969 Noli
2656 1930 2777 1984 quae
2825 1914 3013 1969 divina
3042 1921 3167 1969 sunt
3221 1913 3466 1967 humano
3512 1926 3671 1966 more
3704 1924 3846 1981 pm-

2269 2021 2412 2061 sarc.
2438 2007 2625 2075 Neque
2657 2006 2804 2061 enim
2834 2006 3120 2077 lugubrem
3164 2004 3565 2075 parturiginem
3585 2013 3685 2058 aut
3723 2018 3844 2057 mo-

2269 2096 2468 2153 lestum
2502 2105 2720 2169 partum
2763 2096 3031 2168 signiﬁco,
3104 2097 3201 2152 sed
3244 2096 3435 2151 mundi
3481 2097 3661 2150 totius
3704 2093 3852 2149 lucis

2269 2198 2451 2244 ortum
2485 2189 2791 2259 praedoceo.
2818 2190 3053 2259 Propter
3078 2196 3131 2243 te
3155 2188 3302 2242 enim
3329 2196 3691 2243 cessaverunt
3721 2185 3851 2239 Evt

2272 2280 2477 2347 tristia;
2521 2296 2619 2351 per
2649 2288 2701 2335 te
2724 2280 3009 2349 perierunt
3044 2280 3345 2350 mala;per
3380 2288 3433 2334 te
3469 2277 3739 2333 abscessit
3758 2291 3847 2330 er-

2274 2388 2367 2427 ror
2385 2389 2402 2437 ;
2420 2388 2517 2442 per
2535 2380 2588 2427 te
2613 2371 2930 2427 maledictio
2942 2372 3172 2437 abolita;
3197 2371 3309 2425 Eva
3329 2386 3430 2440 per
3451 2380 3504 2425 te
3530 2368 3845 2440 redempta.

2271 2462 2528 2517 Sanctum
2552 2462 2719 2526 enim,
2743 2461 2888 2532 quod
2911 2477 2978 2517 ex
2994 2470 3182 2518 sancta
3202 2468 3391 2516 natum
3412 2467 3531 2524 est;
3553 2457 3845 2519 Sanctum,

2270 2567 2334 2606 ac
2364 2552 2609 2606 omnium
2630 2552 2897 2607 Dominus
2932 2561 3276 2617 sanctorum;
3324 2549 3609 2611 Sanctum,
3643 2563 3710 2602 ac
3751 2562 3848 2601 cn—

2263 2646 2356 2716 jus
2377 2644 2449 2699 sit
2478 2652 2541 2699 ut
2582 2644 2927 2699 sanctitatem
2958 2644 3236 2715 impertiat
3275 2644 3340 2708 ³’;
3366 2642 3657 2705 eximium,
3695 2639 3845 2710 quod

2268 2752 2336 2791 ex
2349 2735 2551 2790 eximia
2568 2735 2815 2790 nascitur
2834 2752 2850 2801 ;
2878 2733 3285 2806 inexplicabile,
3300 2752 3319 2784 ι
3349 2732 3497 2804 quod
3513 2748 3583 2787 ex
3602 2730 3846 2801 inexpli-

2269 2828 2431 2884 cabili
2465 2827 2679 2898 prodit;
2710 2826 2918 2881 «Filius
2946 2824 3215 2881 Altissimi
3238 2824 3285 2856 ³⁸
3303 2864 3322 2889 ,
3345 2843 3365 2876 ι
3393 2823 3544 2894 quod
3573 2838 3644 2877 ea
3686 2821 3846 2876 altis-

2269 2920 2403 2976 sima
2423 2920 2633 2984 oritur;
2655 2933 2767 2973 non
2794 2917 2979 2972 carnis
3017 2916 3257 2972 volentis
3273 2930 3435 2985 opus,
3456 2914 3555 2969 sed
3600 2913 3851 2983 Spiritus

2268 3010 2446 3068 sancti
2474 3010 2694 3066 eﬂ‘ectio
2746 3009 2895 3080 quod
2923 3008 3407 3074 ostenditur;non
3442 3006 3551 3060 viri
3600 3006 3845 3065 cultura.

2194 3126 2237 3185 ο
2270 3102 2367 3159 sed
2397 3103 2575 3159 virtus
2618 3098 2907 3158 Altissimi.
2934 3099 3091 3169 Quod
3116 3099 3396 3181 provenit,
3441 3099 3539 3154 Dei
3565 3099 3714 3153 bona
3744 3113 3847 3152 vo-

2269 3196 2471 3251 luntas.
2506 3194 2627 3249 Non
2652 3208 2824 3264 purus
2869 3192 3036 3247 homo
3067 3180 3215 3262 quod
3260 3190 3527 3253 nascitur,
3555 3190 3654 3245 sed
3701 3189 3851 3244 Deus

2270 3288 2507 3345 Verbum
2536 3286 2899 3349 incarnatum.
2922 3281 3044 3339 Non
3068 3281 3405 3339 autumnalis
3449 3279 3595 3335 uteri
3621 3280 3705 3333 tui
3728 3278 3845 3333 fru-

2268 3387 2411 3444 ctus,
2437 3378 2533 3435 sed
2579 3360 3005 3432 immortalitatis
3031 3374 3232 3444 proles.
3262 3373 3383 3428 Non
3408 3371 3606 3426 messis
3634 3377 3852 3424 natura:

2269 3471 2415 3527 dono
2441 3482 2721 3533 concessa,
2750 3465 2846 3522 sed
2898 3465 3001 3521 llos
3041 3466 3155 3521 Deo
3208 3473 3391 3519 satore
3441 3471 3624 3518 ortus.
3654 3461 3854 3517 Paries

2272 3574 2507 3629 namque
2552 3556 2884 3628 principium
2945 3552 3205 3626 principii
3269 3564 3501 3622 expers;
3554 3550 3846 3612 infantem,

2274 3648 2616 3721 temporibus
2642 3646 3005 3718 superiorem,
3051 3643 3266 3699 seculis
3314 3643 3675 3717 anteriorem,
3726 3640 3849 3694 Vir-

2271 3742 2413 3813 ginis
2437 3741 2683 3811 prolem;
2730 3738 3152 3808 sempiternum,
3171 3735 3340 3790 ubera
3370 3743 3693 3805 sugentem;
3727 3746 3847 3785 ma—

2273 3845 2354 3890 tre
2378 3834 2672 3897 seniorem,
2702 3831 3045 3894 lactaneum;
3096 3827 3282 3882 omnia
3315 3826 3579 3889 alentem,
3604 3823 3850 3877 humana

2272 3927 2524 3982 indutum
2540 3924 2714 3979 forma
2733 3939 2748 3989 ;
2771 3920 2866 3977 Dei
2884 3919 3253 3991 splendorem,
3270 3932 3569 3989 pauperem
3581 3915 3842 3978 visum“;

2271 4034 2477 4090 regem,
2528 4017 2740 4071 nullum
2794 4013 2889 4084 qui
2964 4010 3229 4067 succedat
3282 4009 3601 4064 habentem.
3650 4025 3673 4057 ι
3731 4006 3848 4062 Ave

2272 4112 2475 4180 itaque,
2504 4108 2671 4178 Virgo
2705 4104 2877 4176 gratia
2914 4104 3110 4173 plena;
3139 4122 3157 4154 ι
3188 4102 3333 4156 inter
3362 4098 3605 4169 virgines
3646 4108 3849 4162 mater,

2272 4204 2524 4273 interque
2552 4207 2756 4255 matres
2780 4196 2977 4281 virgo;
3025 4194 3222 4249 barum
3258 4192 3588 4260 illarumque
3649 4188 3853 4260 ﬁgura,

2272 4306 2434 4365 atque
2466 4306 2727 4363 utrasque
2754 4305 2812 4344 re
2835 4290 2952 4360 ipsa
2981 4300 3354 4357 supergressa.

2344 4386 2484 4441 XIII.
2522 4385 2625 4441 Ubi
2651 4398 2783 4454 ergo
2811 4377 3193 4449 conceptionis
3239 4375 3451 4431 ratione
3492 4373 3647 4429 omni
3680 4388 3851 4444 supe-

606 4470 937 4537 arcbangelo
981 4468 1266 4540 magniﬁce
1312 4470 1733 4540 colloquentem,
1792 4487 1855 4526 ac
1884 4488 2007 4541 quze
2044 4474 2171 4527 mali
2204 4452 2249 4509 Ῑ)
2278 4478 2438 4534 rion-is
2485 4452 3193 4547 tempusﬁconsummatum
3222 4477 3328 4533 est,
3380 4467 3609 4536 ﬂetque
3662 4465 3853 4536 gloria!

608 4560 919 4616 confuderit
945 4575 1258 4625 auctorem;
1307 4561 1375 4615 ad
1425 4560 1603 4632 angeli
1624 4562 1846 4633 quidem
1892 4574 2172 4634 aspectum

613 4651 927 4715 mirantem,
978 4652 1132 4706 velut
1172 4662 1393 4717 neptem
1429 4654 1639 4710 Adamo
1664 4655 2024 4722 dissimilem;
2053 4674 2174 4729 qua:

607 4750 795 4795 tamen
823 4740 908 4794 his
921 4756 1041 4809 qua:
1059 4736 1288 4797 nuntius
1308 4742 1545 4807 aﬂ'erret,
1574 4745 1757 4798 animo
1774 4746 2016 4814 prudens
2040 4762 2173 4802 cau-

612 4841 778 4901 taque
810 4830 1132 4895 attenderet,
1162 4848 1230 4886 nc
1280 4832 1419 4887 forte
1465 4834 1665 4889 iterum
1708 4834 1843 4890 falso
1876 4837 2176 4893 benevolus

613 4924 671 4979 in
699 4922 901 4991 templo
949 4932 1220 4993 agentem,
1257 4924 1334 4977 uti
1384 4926 1437 4978 in
1464 4927 1716 4994 paradiso
1757 4927 2054 4993 inviseret;
2108 4947 2177 4985 ne

613 5030 809 5071 rursus
837 5014 1069 5081 iniurius
1095 5016 1325 5071 violator
1370 5018 1424 5072 in
1451 5018 1544 5073 Dei
1567 5019 1758 5083 aedem,
1796 5021 1873 5075 uti
1903 5023 1955 5076 in
2009 5023 2177 5078 Edent

615 5108 943 5163 temerarius
962 5107 1197 5172 insiliat;
1228 5125 1301 5164 ne
1332 5110 1506 5169 fausta
1537 5112 1881 5167 annuntiatio
1924 5113 2176 5185 deccptio

611 5197 861 5254 exsistat.
916 5196 1057 5263 Quid
1112 5213 1240 5271 ergo
1291 5200 1530 5256 caelestis
1590 5204 1852 5259 nuntius?
1899 5205 2173 5261 lnternam

614 5298 818 5346 sancta:
852 5288 1218 5353 affectionem,
1266 5291 1545 5363 animique
1605 5295 1882 5350 solertiam
1930 5313 1997 5351 ex
2045 5314 2177 5353 con-

615 5382 811 5452 apicuo
840 5389 1059 5452 aspectu
1110 5382 1428 5453 conjiciens,
1460 5385 1844 5457 admiransque
1872 5388 2180 5457 prudentiae

616 5470 1090 5540 compositionem,
1117 5480 1280 5542 atque
1314 5488 1379 5527 ex
1402 5474 1607 5544 duplici
1656 5483 1916 5539 extremo,
1959 5479 2175 5549 gaudio,

691 5628 735 5659 ³⁸
772 5628 1006 5689 Philipp.
1040 5645 1097 5689 ιι,
1124 5628 1173 5681 6.
1252 5627 1291 5658 "
1328 5630 1343 5682 I
1376 5630 1500 5683 Cor.
1532 5645 1623 5687 ut,
1664 5631 1749 5683 51.

691 5644 735 5659 "
776 5644 1006 5730 ιίιιιιρι).
1040 5645 1097 5689 ιι,
1124 5644 1173 5681 u.
1252 5644 1291 5658 "
1329 5644 1341 5682 I
1376 5644 1500 5683 lgor.
1532 5645 1623 5687 vn.
1664 5644 1749 5683 οι.

618 5697 685 5761 'l;
728 5713 800 5760 vi,
826 5696 876 5751 3.
981 5700 1017 5729 ⁵⁸
1054 5697 1184 5752 Luc.
1223 5716 1260 5760 l,
1291 5699 1377 5753 ‘28.
1454 5701 1498 5730 ³³⁵
1534 5700 1675 5754 l’sal.
1705 5717 1752 5757 ι..
1780 5702 1810 5751 7

620 5781 765 5833 ntv,
813 5768 893 5822 ΓΙ.
966 5768 1005 5799 ⁸³
1040 5769 1228 5824 Μίιιιιι.
1261 5786 1314 5823 ιι.
1421 5770 1460 5801 ⁸⁸
1483 5768 1613 5824 Luc.
1644 5786 1701 5834 ιι,
1732 5770 1809 5825 H.

1905 5706 1947 5733 ⁴¹⁵
1983 5704 2117 5757 “liti.

1865 5633 2094 5713 “fiant.
2121 5651 2175 5696 ιι,
2283 5704 2297 5713 _
2344 5633 2453 5687 ³³11
2481 5633 2606 5713 cor.
2639 5633 2847 5713 γει-μ..

2200 5706 2239 5736 ³⁷
2281 5704 2415 5758 Luc.
2460 5720 2496 5769 ι,
2536 5704 2621 5761 55.
2704 5700 2933 5766 "lbid.,
2973 5698 3061 5754 32.
3139 5700 3184 5734 "
3218 5697 3383 5753 Hebr.
3418 5697 3534 5759 ι,5.

2276 4587 2437 4627 carne
2461 4578 2623 4625 natus
2643 4577 2748 4632 est,
2786 4564 3095 4621 caelestium
3117 4560 3573 4629 terrestriumque
3592 4574 3697 4628 par
3721 4573 3853 4612 con—

2275 4678 2471 4719 cursus
2485 4660 2717 4718 exsistit.
2743 4656 2936 4727 Angeli
2966 4669 3205 4725 namque
3233 4668 3265 4708 e
3291 4651 3514 4707 sublimi
3534 4650 3731 4705 oculos
3749 4649 3850 4703 de-

2276 4756 2576 4815 mittentes,
2632 4751 2847 4806 stellam
2896 4746 3086 4802 vident
3109 4762 3178 4801 ex
3222 4744 3482 4807 Jacob“;
3518 4742 3659 4813 Magi
3719 4756 3852 4795 vero

2278 4844 2506 4901 sublatis
2538 4845 2592 4897 in
2623 4842 2794 4896 altum
2829 4838 3096 4902 vultibus,
3123 4836 3336 4891 stellam
3364 4850 3485 4905 quae
3531 4834 3588 4888 in
3636 4833 3855 4887 Bethle-

2280 4940 2404 4992 liem
2438 4946 2523 4991 est
2576 4933 2987 5002 conspicantur,
3030 4929 3302 4998 simulque
3334 4928 3390 4981 in
3432 4926 3694 4995 spelunca
3741 4924 3850 4978 col-

2279 5028 2427 5091 lecti,
2456 5026 2570 5096 pari
2596 5039 2720 5080 cum
2746 5023 2920 5077 tribus
2944 5019 3285 5091 spiritalibus
3311 5015 3721 5084 sensilibusque
3748 5014 3849 5066 do.

2280 5120 2366 5174 nis
2406 5133 2655 5177 numero,
2692 5112 2983 5169 adorandae
3028 5126 3199 5166 unum
3241 5106 3529 5162 Trinitatis
3560 5120 3854 5159 muneran-

2282 5215 2375 5261 tur
2396 5206 2436 5237 “
2465 5221 2478 5257 :
2508 5204 2838 5273 quibuscum
2858 5215 2959 5255 nos
2974 5213 3194 5269 quoque
3214 5205 3518 5267 opportune
3528 5195 3849 5249 laudemus:

2290 5317 2308 5349 ι
2350 5297 2533 5353 Gloria
2584 5297 2641 5350 in
2672 5294 2955 5350 altissimis
2990 5292 3124 5354 Deo,
3155 5299 3213 5345 et
3241 5290 3467 5344 interra
3497 5304 3635 5358 pax;
3663 5288 3721 5341 in
3749 5288 3852 5341 bo-

2284 5389 2525 5444 minibus
2551 5387 2694 5442 bona
2723 5385 2979 5440 voluntas
3003 5383 3068 5436 ".
3096 5380 3474 5437 Confiteantur
3493 5379 3731 5435 Domino
3753 5380 3856 5433 mi-

2285 5478 2600 5536 sericordiae
2615 5480 2756 5550 ejus,
2796 5485 2855 5532 et
2884 5474 3158 5534 mirabilia
3195 5474 3316 5545 ejus
3348 5470 3477 5526 filiis
3525 5470 3852 5531 hominum;

2924 5629 2988 5662 ³³⁹
3013 5628 3172 5684 Cant.
3230 5643 3303 5688 tv,
3344 5626 3430 5680 ΙΙ.
3507 5624 3554 5654 ³³
3588 5623 3745 5678 Cant.
3779 5639 3853 5685 ιν,

2344 5633 2453 5687 ³³11
2481 5633 2606 5687 Cor.
2639 5648 2711 5694 vt,
2752 5631 2835 5685 Η.
2924 5631 2988 5662 ³³⁸
3013 5631 3172 5684 Cant.
3230 5643 3303 5688 Iv,
3344 5631 3430 5680 ΙΙ.
3507 5631 3554 5654 ³⁵
3588 5631 3745 5678 Cant.
3779 5639 3853 5685 ιν,

2347 5720 2414 5748 ιιι-
2460 5720 2493 5748 ι-
2536 5704 2620 5748 55-
2704 5700 2932 5748 “Ibid”
2973 5698 3061 5748 39..
3139 5700 3184 5734 ”
3219 5697 3383 5748 Hebr.
3418 5693 3534 5748 L3.
3610 5693 3655 5724 ³⁸
3691 5692 3853 5748 Νη.
