4078 6340
262 340 401 400 ηεθ

862 338 1147 397 ΠΟΜῐιῐΑ
1184 341 1250 398 Vl
1286 338 1353 396 IN
1394 342 1451 399 S.
1500 334 1850 396 DEIPARAM
1898 330 1986 388 ET
2029 331 2093 385 IN
2135 325 2606 385 NATIVITATEM
2649 324 2909 383 DOMINI.

3412 316 3553 375 “’50

258 465 393 537 quia
415 464 567 520 misit
591 462 833 519 Verbum
880 480 1042 520 suum
1077 474 1135 521 et
1168 464 1388 531 Filium,
1419 474 1476 521 et
1519 461 1726 534 eripuit
1752 476 1854 515 nos
1882 463 1925 518 Α
1959 456 2191 510 salutem
2211 469 2432 518 novam,
2462 454 2516 507 in
2538 468 2643 523 qua
2657 451 2834 505 salute
2870 444 3189 503 circuibth
3224 441 3494 497 homines.
3526 461 3546 490 ι

257 558 331 616 de
354 558 767 625 mteritionibus
810 559 1020 616 nostris
1057 560 1126 613 ".
1156 558 1263 627 Qui
1287 560 1496 615 timetis
1531 558 1843 618 Dominum,

1950 546 2091 603 Vere
2109 565 2127 598 ι
2156 561 2416 617 magnum
2432 558 2769 613 omnemque
2790 540 3259 611 magniﬁcentiam
3284 524 3553 605 superans

257 648 479 706 laudate
494 650 714 716 eum“;
736 669 755 701 ι
788 650 921 720 quia
948 650 1087 706 nihil
1112 625 1381 707 recedens
1405 650 1656 705 apart-et
1690 648 1847 703 incli-
1946 638 2200 693 veritatis
2259 636 2603 707 mysterium,
2658 635 2809 703 quod
2880 630 3296 686 manifestatum
3353 636 3440 681 est
3493 625 3548 679 in

257 744 413 798 navit
431 742 622 808 ctelos,
646 753 704 798 et
734 742 1028 800 descendit
1042 744 1089 777 “
1114 762 1131 811 ;
1158 763 1177 795 ι
1199 743 1521 815 placuitque
1548 751 1608 797 ut
1636 741 1692 796 in
1719 739 1845 795 Vir-

254 834 402 906 ginis
431 842 592 892 utero
620 852 744 907 quae
778 851 888 894 non
914 844 1097 908 potest
1122 836 1244 907 capi
1282 834 1504 891 deitatis
1556 833 1846 905 plenitudo

256 938 571 999 caperetur.
614 947 635 981 ο
674 927 908 985 Cantate
960 929 1197 984 Domino
1268 929 1547 985 canticum
1604 942 1842 989 novum,

253 1021 389 1092 quia
411 1018 687 1076 mirabilia
710 1019 842 1077 fecit
879 1020 946 1075 “.
975 1039 995 1072 ι
1026 1019 1301 1090 Splendor
1353 1021 1503 1075 enim
1558 1018 1747 1090 gloria:
1788 1024 1847 1074 et

256 1111 429 1183 figura
464 1112 787 1167 occultioris
810 1122 1054 1183 paterna
1094 1113 1419 1169 substantia;
1434 1112 1478 1143 "
1510 1127 1578 1166 ex
1608 1112 1845 1173 inteme-

253 1212 373 1259 rata
393 1199 616 1276 Virgine
632 1220 856 1261 carnem
877 1206 1052 1261 voluit
1076 1220 1376 1262 assumere.
1403 1224 1422 1254 ι
1443 1204 1683 1259 Jubiiate
1705 1203 1841 1269 Deo,

250 1296 436 1351 omnis
452 1306 637 1353 terra:
664 1296 834 1353 dicite
851 1298 987 1363 Deo,
1011 1296 1185 1365 Quam
1223 1297 1495 1352 terribilia
1520 1304 1650 1351 sunt
1674 1311 1842 1366 opera

252 1397 347 1447 tua
365 1388 412 1420 “
434 1406 451 1455 ;
474 1409 493 1441 ι
516 1391 611 1463 qui
626 1391 775 1447 enim
791 1400 877 1447 est
899 1390 953 1447 in
971 1391 1148 1447 forma
1170 1389 1371 1454 Patris,
1388 1390 1549 1443 nobis
1574 1388 1629 1442 in
1652 1395 1843 1442 nostra

248 1490 578 1551 paupertate
617 1478 917 1537 conformis
970 1482 1207 1538 indivise
1231 1480 1361 1551 fieri
1387 1479 1599 1545 voluit;
1638 1478 1843 1549 quippe

248 1580 379 1627 ante
406 1573 703 1630 luciferum
729 1574 949 1646 genitus
969 1583 1057 1630 est
1070 1574 1136 1638 δ’,
1163 1572 1478 1629 novissimis
1501 1572 1843 1642 temporibus

245 1665 355 1721 sibi
398 1674 634 1723 matrem
674 1667 905 1734 ascivit;
947 1675 1123 1737 atque
1173 1666 1487 1721 subsistens
1511 1665 1691 1721 Patris
1744 1664 1842 1719 Sa-

246 1760 477 1830 pientia,
506 1762 773 1831 templum
801 1761 910 1817 sibi
947 1762 1005 1816 in
1045 1758 1377 1815 venerabilis
1405 1758 1645 1829 Virginis
1679 1765 1841 1812 utero

247 1869 373 1910 non.
397 1852 773 1912 manufactum
816 1851 1130 1917 aedificavit,
1180 1860 1238 1907 et
1292 1872 1310 1903 ι
1345 1852 1615 1906 habitavit
1649 1850 1703 1905 in
1738 1866 1839 1903 no~

247 1941 445 2008 δῆμ’..
472 1958 540 1998 eo
560 1941 709 2013 quod
736 1962 755 1995 ι
774 1958 883 1997 non
920 1943 1135 1998 habitet
1156 1941 1494 2006 Altissimus,
1533 1940 1832 1996 sicutscri-

248 2041 402 2103 ptum
428 2042 513 2089 est
550 2035 619 2100 ",
657 2054 676 2086 ι
716 2035 774 2089 in
808 2034 1177 2089 manufactis:
1229 2053 1248 2085 ι
1278 2033 1537 2103 venitque
1572 2040 1632 2086 ut
1690 2040 1836 2086 esset

248 2124 562 2191 nobiscum,
585 2126 682 2195 qui
710 2142 741 2180 a
765 2135 998 2197 paterno
1021 2126 1146 2181 sinu
1186 2142 1296 2181 non
1332 2126 1703 2198 disjnngitur;
1739 2125 1833 2195 qui

247 2233 416 2288 super
456 2218 818 2274 eherubicum
870 2219 1133 2274 thronum
1178 2218 1417 2283 sedet",
1471 2226 1635 2288 atque
1669 2232 1699 2272 a
1725 2233 1835 2273 co:-

248 2309 479 2365 testibus
502 2311 791 2367 ordinibus
844 2311 1133 2377 laudatur;
1186 2312 1447 2382 Princeps
1499 2312 1590 2365 ille
1630 2310 1836 2380 princi-

247 2417 401 2471 pum,
427 2422 445 2453 ‹
474 2403 740 2458 Dominus
753 2404 1180 2468 dominantium,
1209 2423 1226 2455 ι
1244 2405 1553 2473 potentium
1570 2409 1831 2473 potestas,

248 2492 422 2548 libera
453 2493 683 2549 facultas
722 2510 876 2551 mero
917 2496 1045 2565 jure
1092 2496 1391 2558 utentium,
1445 2496 1831 2549 universorum

248 2584 380 2649 vita,
406 2587 503 2656 qui
550 2587 703 2642 solus
735 2603 861 2642 eum
908 2587 1123 2657 Spiritu
1166 2596 1359 2642 sancto
1389 2588 1607 2641 Patrem
1628 2602 1832 2656 cogno-

248 2677 352 2734 scit
372 2670 439 2743 η,
474 2687 641 2748 atque
684 2695 716 2734 a
756 2682 874 2735 solo
897 2681 1062 2735 Patre
1089 2696 1155 2735 ac
1198 2679 1405 2751 Spiritu
1450 2678 1829 2749 cognoscitur:

246 2767 344 2837 qui
392 2769 510 2838 pari
545 2770 702 2823 sedet
734 2770 888 2841 regni
915 2771 1075 2835 solio,
1119 2786 1278 2840 aequa
1332 2770 1502 2839 pollet
1537 2778 1829 2839 potestate,

158 2868 185 2885 “
246 2860 440 2916 eadem
476 2862 706 2917 honoris
761 2863 1013 2919 claritate
1042 2862 1267 2933 gaudet,
1304 2861 1576 2916 indivisus
1610 2871 1829 2938 natura,

247 2953 344 3022 qui
391 2952 448 3007 in
476 2954 754 3019 omnibus,
779 2970 843 3009 ac
872 2970 1040 3024 super
1086 2955 1271 3009 omnia
1300 2962 1387 3009 est
1409 2954 1478 3019 ",
1526 2973 1545 3005 ‹
1602 2955 1714 3008 Rex
1746 2970 1833 3009 re-

248 3058 398 3111 gum,
412 3044 680 3100 Dominus
705 3044 1110 3101 dominantium
1123 3046 1192 3112 ⁸³,
1212 3066 1334 3097 ›-«
1361 3046 1511 3100 solus
1526 3062 1651 3100 eum
1668 3045 1834 3101 Geni-

1875 1804 1915 1860 Β

248 3145 370 3191 tore
418 3136 630 3192 habens
681 3137 1175 3203 immortalitatem,
1231 3152 1297 3192 ac
1346 3137 1529 3191 lucem
1578 3137 1835 3191 habitans
1865 3168 1907 3225 Ο

247 3228 693 3285 inaccessibilem
712 3231 794 3297 ⁸⁶·;
830 3249 849 3282 ›
875 3246 1039 3301 quem
1072 3236 1238 3286 nemo
1287 3230 1438 3285 nuda
1464 3229 1669 3284 deitate
1699 3228 1841 3283 vidit

247 3336 430 3391 neque
451 3320 642 3377 videre
668 3324 933 3392 potest",
956 3339 1083 3379 cum
1110 3324 1291 3381 servis
1313 3322 1430 3378 suis
1458 3322 1643 3376 venit:
1676 3340 1695 3373 ‹
1727 3336 1838 3375 non

248 3414 396 3470 sicut
440 3414 728 3481 delictum,
778 3416 853 3471 ita
894 3424 951 3472 et
991 3416 1200 3473 donum
1232 3435 1250 3467 ι
1286 3414 1599 3486 rependens
1617 3415 1685 3481 ⁸⁸,
1740 3413 1844 3469 sed

248 3508 481 3579 gratiam
534 3510 696 3582 longe
750 3510 911 3565 malis
958 3511 1278 3566 uberiorem
1329 3508 1639 3573 inducens,
1674 3516 1843 3580 atque

250 3600 507 3656 Infaustis
532 3602 693 3673 longe
738 3602 1078 3659 faustissima
1104 3602 1365 3672 largiens,
1402 3601 1654 3656 scelestis
1712 3616 1843 3655 san-

248 3692 819 3764 ctissima-magnifice
858 3695 1128 3749 tribuens.
1161 3694 1417 3749 Nostram
1437 3710 1484 3748 er
1514 3692 1587 3749 im
1607 3693 1840 3747 inﬁrmi-

249 3784 557 3841 tatemsibi
585 3786 791 3840 uniens
808 3786 903 3856 qui
930 3793 1129 3856 potens
1167 3796 1273 3851 est,
1317 3794 1496 3842 morte
1518 3786 1841 3841 validiorem

250 3877 466 3945 effecit,
493 3894 559 3933 ac
590 3887 845 3933 naturam
878 3895 1001 3949 quae
1032 3880 1375 3951 corruptioni
1408 3880 1555 3935 victa
1607 3887 1847 3934 cesserat

252 3971 310 4025 in
350 3986 410 4026 se
432 3986 745 4037 assumens,
761 3972 1030 4031 adversus
1060 3975 1477 4045 corruptionem
1502 3974 1718 4029 viribus
1741 3990 1844 4027 au-

252 4059 367 4126 xit;
395 4069 562 4131 atque
608 4078 758 4116 ream
810 4062 942 4121 Adze
990 4063 1282 4135 imaginem
1310 4068 1569 4135 "gestans,
1634 4065 1847 4133 peccati

1949 746 2117 785 carne
2140 731 2207 793 ⁶¹,
2239 748 2259 780 ι
2297 743 2608 797 novamque
2630 727 2868 782 salutem
2892 731 3184 794 operatum
3218 729 3305 775 est
3340 720 3397 773 in
3431 734 3547 773 me-

1948 823 2042 878 dio
2080 830 2243 878 terra:
2265 822 2364 885 ;,in
2391 837 2500 891 qua
2528 820 2874 876 circuierunt
2897 817 3158 873 homines
3183 814 3376 869 relicta
3412 829 3549 868 con-

1949 915 2264 970 versatione
2290 914 2343 967 in
2372 925 2614 984 paterno
2638 926 2829 965 errore
2854 911 2923 976 η,
2959 917 3125 980 atque
3150 908 3218 962 ad
3254 907 3430 961 Deum
3463 905 3547 959 vi-

1947 1023 2077 1062 vum
2110 1006 2389 1061 conversi.
2425 1004 2471 1060 0
2496 1020 2586 1059 res
2617 1002 3004 1058 admirandas!
3064 1000 3110 1065 Ο
3150 1009 3354 1071 quanta
3384 997 3547 1053 Chri-

1947 1093 2139 1156 stianze
2170 1098 2395 1169 pietatis
2428 1098 2533 1163 vis,
2558 1105 2621 1152 ut
2653 1104 2711 1152 et
2744 1095 2908 1150 valde
2943 1092 3287 1149 contentioni
3322 1090 3548 1145 studen-

1946 1201 2033 1247 tes
2075 1191 2144 1245 ad
2178 1207 2239 1245 se
2282 1190 2460 1260 possit
2518 1187 2817 1243 transferre
2845 1189 2858 1240 l
2898 1186 3017 1241 Hoc
3050 1200 3206 1248 sane,
3239 1182 3348 1237 hoc
3372 1182 3542 1255 veteri

1946 1284 2026 1339 illi
2061 1284 2279 1338 Balaam
2320 1283 2520 1353 legitur
2553 1280 2823 1335 accidisse
2862 1297 2874 1332 :
2915 1278 3013 1349 qui
3050 1294 3119 1333 ex
3152 1276 3385 1347 profano
3419 1285 3544 1329 vate

1946 1375 2004 1432 in
2059 1376 2451 1446 propheticum
2510 1374 2796 1428 oraculum
2851 1372 3251 1426 transmutatus
3298 1376 3404 1432 est,
3462 1368 3546 1422 sic

1944 1472 2065 1541 eius
2096 1470 2208 1524 Deo
2265 1468 2594 1521 immutante
2628 1465 2897 1536 linguam,
2946 1471 3007 1518 ut
3058 1462 3358 1534 gentilibus
3406 1476 3542 1514 vera

1944 1565 2364 1637 praenuntiaret.
2392 1583 2410 1614 ε
2432 1562 2660 1617 Orietur
2675 1561 2847 1623 enim,
2868 1559 3068 1629 inquit,
3090 1557 3243 1611 stella
3262 1572 3328 1609 ex
3350 1555 3545 1619 Jacoh,

1943 1663 2005 1711 et
2035 1664 2334 1726 consurget
2352 1654 2440 1707 vir
2464 1654 2533 1708 de
2563 1652 2753 1715 Israel,
2772 1660 2829 1705 et
2856 1648 3134 1720 percutiet
3157 1647 3329 1700 duces
3362 1644 3553 1707 Moab,

1944 1749 2294 1816 vastabitque
2319 1747 2465 1802 ﬁlios
2481 1746 2720 1801 Ammon
2741 1744 2811 1798 ".
2839 1763 2857 1794 ι
2886 1743 2956 1796 Et
2975 1740 3109 1811 quid
3127 1739 3253 1793 dico
3285 1738 3542 1791 Balaam?

1943 1839 2269 1904 Considera,
2294 1853 2502 1908 quaeso,
2542 1836 2763 1900 dilecte,
2800 1834 2968 1888 etiam
3004 1830 3058 1884 in
3083 1827 3291 1885 Graecia
3314 1836 3372 1882 et
3396 1826 3553 1895 apud

1946 1930 2213 1986 barbaros
2231 1927 2655 1998 praenuntiatam
2694 1924 3026 1980 Christianae
3060 1918 3186 1974 fidei
3223 1916 3538 1979 veritatem,

1944 2024 2013 2079 ad
2067 2037 2261 2077 eorum
2314 2019 2410 2089 qui
2461 2018 2610 2072 illam
2676 2002 2947 2089 spernunt
2998 2008 3557 2066 condemnationem-

1944 2116 2117 2171 Aiunt
2146 2115 2297 2170 enim
2334 2127 2461 2167 cum
2513 2108 2686 2180 pestis
2719 2084 3039 2177 gravissima
3072 2101 3297 2159 Graeciaa
3331 2100 3541 2154 incum—

1945 2210 2102 2264 heret
2135 2208 2563 2272 universam'que
2599 2200 2883 2270 regionem
2938 2202 3313 2256 consumeret,
3360 2207 3425 2247 ac
3459 2191 3540 2245 ci—

1944 2318 2041 2356 ves
2076 2296 2577 2371 supplicationibus
2599 2300 2766 2362 atque
2791 2289 2995 2345 hostiis
3028 2288 3319 2342 uberiores
3368 2286 3541 2339 insta-

1944 2402 2089 2459 rent,
2128 2393 2336 2464 quibus
2379 2391 2516 2445 falsa
2546 2404 2646 2443 sua
2679 2384 2909 2441 numina
2940 2382 3213 2454 placanda
3254 2381 3540 2435 existima-

1944 2494 2099 2540 rent:
2136 2500 2261 2539 eum
2309 2484 2495 2551 itaque
2529 2496 2641 2534 non
2676 2485 2826 2533 esset
2850 2493 2977 2541 vox,
3020 2485 3117 2530 aut
3152 2475 3261 2529 ulla
3308 2471 3539 2534 auditio,

1944 2587 2005 2633 ut
2057 2571 2304 2647 loquitur
2355 2572 2727 2644 Scriptura“,
2778 2570 3074 2625 consilium
3136 2566 3286 2621 aliud
3350 2566 3544 2619 ineunt

1942 2671 2089 2726 haud
2144 2686 2278 2725 sane
2318 2668 2589 2722 absonum
2636 2666 2890 2720 minusve
2950 2661 3223 2733 prudens;
3259 2666 3321 2711 ut
3382 2656 3546 2711 nimi-

1941 2780 2067 2817 rum
2112 2762 2266 2832 pacis
2298 2759 2507 2815 foedera
2542 2757 2598 2812 in
2639 2757 2888 2827 ignotum
2935 2754 3110 2808 Deum
3144 2748 3543 2815 transferrent;

1943 2862 2004 2909 ut
2038 2853 2132 2923 qui
2160 2858 2309 2907 esset
2333 2848 2580 2920 quidem,
2608 2846 2709 2902 sed
2736 2861 2901 2916 quem
2923 2842 3136 2919 indigni
3158 2856 3266 2894 non
3294 2845 3541 2892 nossent.

1942 2947 2046 3003 Ubi
2078 2954 2263 3000 autem
2298 2941 2447 3014 quod
2475 2941 2795 2996 consultum
2827 2945 2950 2992 erat
3007 2936 3267 2991 effectum
3309 2941 3416 2996 est,
3455 2945 3543 2986 se-

1941 3046 2067 3092 cuta
2115 3042 2200 3090 est
2252 3043 2311 3089 et
2352 3032 2694 3104 propitiatio,
2742 3028 3233 3084 exterminatorem
3279 3024 3545 3093 vivosque

1942 3130 2089 3184 inter
2114 3128 2259 3182 viam
2302 3125 2650 3181 discernens.
2702 3122 2979 3189 Quidnam
3024 3135 3159 3174 vero
3198 3125 3316 3171 tum
3347 3116 3545 3171 fecisse

1940 3221 2138 3275 aiunt?
2165 3220 2375 3289 Nempe
2405 3218 2725 3272 obsecratos
2775 3229 2906 3269 eum
2947 3227 3115 3282 quem
3146 3210 3352 3264 frustra
3386 3207 3548 3279 prius

1944 3314 2142 3367 hostiis
2183 3313 2571 3375 honorassent,
2628 3322 2961 3378 responsum
3021 3305 3201 3367 daret,
3250 3318 3361 3373 quo
3393 3318 3544 3357 aram

1947 3408 2137 3477 ignoto
2166 3406 2280 3459 Deo
2300 3411 2545 3459 erectam
2570 3417 2673 3456 ceu
2706 3399 2871 3455 titulo
2903 3405 3262 3463 exornarem.
3294 3394 3360 3449 Hi
3380 3410 3547 3464 porro

1946 3497 2319 3552 Athenienses
2346 3501 2525 3559 erant,
2559 3493 2662 3547 viri
2692 3492 2749 3546 in
2803 3494 2909 3545 hoc
2933 3489 3034 3544 toti
3062 3489 3301 3549 hiantes.
3326 3495 3386 3540 ul
3418 3485 3545 3540 novi

1948 3587 2237 3657 quidpiam
2268 3596 2364 3638 aut
2392 3583 2667 3644 dicerent.
2692 3589 2789 3636 aut
2826 3578 3105 3633 audirent.
3154 3578 3323 3647 llujus
3360 3583 3545 3629 autem

1946 3696 2057 3733 arae
2089 3676 2300 3732 mentio
2350 3683 2437 3731 cst
2490 3675 2547 3729 in
2579 3674 2844 3729 Actorum
2898 3672 3044 3726 libro
3062 3670 3129 3721 ".
3181 3666 3548 3743 Interrogatio

1949 3788 2085 3829 vero
2123 3772 2199 3824 ita
2226 3768 2428 3824 habet:

2021 3884 2289 3955 Propheta
2338 3881 2505 3955 nobis,
2562 3882 2847 3955 propheta,
2896 3879 3052 3933 Titan
3101 3878 3287 3933 Phoebe
3333 3864 3573 3950 Apollo,-

2021 3952 2326 4027 Cujusnam
2353 3954 2538 4006 domus
2568 3955 2673 4005 ista
2697 3955 2798 4006 erit
2824 3952 2850 4005 .7
3460 4000 3467 4007 ,

1950 4068 2073 4123 Non
2122 4066 2341 4121 sinente
2395 4074 2581 4120 autem
2639 4064 2825 4127 silere,
2869 4080 2993 4133 quae
3042 4071 3307 4131 utrosque
3356 4063 3411 4116 in
3443 4062 3557 4117 hoc

254 4151 541 4209 victricem
560 4154 842 4209 reddidit:
874 4164 1043 4226 utque
1076 4158 1251 4212 verbo
1281 4157 1483 4221 dicam,
1519 4158 1850 4212 criminibus

252 4244 516 4299 omnibus
552 4245 823 4305 obnoxios
860 4247 1142 4306 adoranda
1200 4248 1291 4303 illa
1349 4264 1451 4303 sua
1486 4249 1850 4304 inclinatione

252 4333 599 4447 liberav.it,.c
636 4346 694 4392 ut
720 4337 866 4393 sicut
883 4341 1134 4447 regnavit
1152 4346 1442 4442 peccatum
1461 4340 1517 4394 in
1540 4351 1743 4404 morte,
1769 4341 1850 4395 sic
2025 4376 2361 4447 Quacum”
2400 4373 2614 4431 verna“
2673 4390 2739 4426 ac
2788 4372 3397 4442 honestatiwngmum,
3441 4373 3551 4430 Im

253 4436 315 4482 et
334 4428 508 4498 gratia
529 4429 650 4498 ejus
673 4439 867 4500 regnet
896 4430 952 4485 in
974 4430 1137 4486 nobis
1158 4430 1216 4485 in
1238 4430 1410 4485 vitam
1439 4440 1705 4501 mternam
1722 4433 1788 4486 ".
1826 4454 1844 4485 ι
2025 4412 2360 4517 κ”ωωᾶἓῗέ
2374 4412 2477 4500 :W
2495 4412 2614 4431 mm
2673 4412 2735 4426 ψ
2788 4412 3051 4431 "mum"
3079 4412 3227 4442 wn”.
3245 4412 3397 4435 mu",

330 4520 467 4576 Xlll.
511 4520 611 4577 Sin
636 4530 824 4577 autem
864 4523 1067 4593 aliquis
1098 4523 1445 4578 contentioni
1480 4523 1846 4589 studentium,
1886 4540 1933 4599 θ’
2028 4520 2144 4590 Ego
2193 4513 2334 4640 e129:
2395 4516 2564 4571 Deum
2615 4530 2939 4586 supremum
2971 4513 3165 4585 Regem
3198 4514 3335 4566 trino
3383 4529 3574 4566 unum.

348 4615 480 4640 λη..-
512 4614 723 4640 -....-.:-..
777 4614 1091 4640 summa”...
1153 4631 1462 4640 --.....,........
1497 4632 1552 4640 ,η
1603 4616 1818 4640 ---ιθημ
2212 4606 2239 4640 ε
2278 4605 2399 4640 ισοξ

257 4630 325 4670 ac
343 4615 483 4670 dura
509 4614 725 4671 cervice
771 4614 1093 4671 Judazomm
1152 4631 1467 4671 sermonem
1495 4632 1555 4672 se
1597 4616 1853 4673 confuta-
2212 4605 2399 4651 εητσθὶ

259 4717 449 4762 unum
497 4708 777 4766 existimet
848 4716 941 4761 tan
1100 4658 1114 4682 ’
1808 4728 1817 4737 ,
2036 4659 2205 4729 Cujus
2234 4659 2455 4712 Verbum
2492 4653 3128 4727 incorruptum-placidae
3150 4654 3343 4725 puella:
3373 4669 3544 4706 concc-

781 4749 796 4766 .
944 4723 1110 4766 ouam
1158 4724 1269 4763 non
1320 4724 1536 4766 verum.
1580 4709 1857 4766 habetonc
2213 4738 2358 4766 κρυ...
2379 4738 2530 4766 ,.,,,,.,,

781 4749 796 4773 ,
848 4716 1110 4777 tanquam
1158 4724 1269 4763 non
1320 4724 1536 4772 verum,
1580 4709 1857 4779 habetque
2043 4709 2361 4798 "”"',,‘n‘.',,'.
2379 4709 2530 4780 κιαι-⁷ο

257 4814 427 4854 aures
470 4798 755 4865 audiendi,
790 4798 980 4854 audiat
1002 4798 1368 4854 recentiorem
1392 4814 1554 4853 suum
1584 4801 1857 4870 interprc-
2033 4801 2198 4870 Igniti
2223 4798 2313 4852 teli
2350 4800 2528 4870 instar.
2561 4798 2791 4854 medium
2825 4805 3223 4870 transcurrens,

264 4903 375 4951 tem
408 4892 792 4966 Aquilam,_sic
832 4892 948 4949 fere
973 4893 1268 4949 Ieremiam
1306 4893 1639 4948 Christianis
1667 4864 1841 4962 patro-

2039 4864 2351 4966 ξῖηὲυεηξηι
2384 4868 2538 4922 Patri
2570 4870 2783 4966 captivus
2809 4867 2945 4925 dono
2971 4868 3149 4936 oﬂ‘eret
3182 4864 3455 4918 mundum.

2067 4950 2109 4966 ,ι
2155 4958 2221 4966 ..-
2295 4956 2439 4966 -....._
2474 4941 2570 4966 -..ἐι
2593 4956 2604 4966 .
2693 4939 2805 4966 παὶ-
2848 4946 3021 4966 ...ιιι-ν..
3056 4937 3099 4966 ηὸ
3124 4951 3312 4966 ..ιηηηυ
3333 4936 3507 4966 ιιι-ρρέοοὶ

832 4941 1855 5040 ᾗιᾷ-
2034 4943 2221 4996 Isthmo
2253 4941 2439 4993 domus
2469 4941 2604 4992 erit:
2630 4941 2808 4991 Maria
2844 4946 3023 4990 autem
3052 4941 3099 4989 ei
3124 4951 3312 4989 nomen
3330 4941 3551 4989 exsistit.

262 5094 395 5131 vum
430 5077 487 5132 in
515 5077 720 5133 femina
738 5078 808 5145 ⁶⁰;
837 5078 957 5133 haec
991 5085 1179 5133 autem
1228 5086 1416 5132 creata
1437 5086 1525 5133 est
1559 5078 1612 5130 in
1637 5077 1854 5153 planta-
1964 5070 2091 5129 Haec
2116 5071 2298 5141 plane,
2356 5069 2473 5123 haec
2512 5068 2746 5125 Athenis
2800 5067 3033 5136 lapideis
3059 5066 3273 5121 .tabulis
3302 5066 3369 5120 ad
3414 5081 3556 5121 sem-

266 5168 475 5223 tionem
507 5169 701 5253 salutis
759 5185 937 5231 novae.
975 5177 1035 5226 et
1084 5186 1195 5225 non
1219 5168 1444 5226 veteris.
1482 5189 1501 5221 ›
1538 5171 1715 5239 Atque
1742 5169 1859 5223 base
1960 5165 2236 5235 piternam
2280 5178 2386 5233 pro
2423 5162 2635 5215 foribus
2665 5161 2937 5230 insculpta
2972 5160 3317 5213 memoriam.
3361 5158 3467 5213 Sed
3498 5165 3554 5212 et

265 5259 493 5331 quidem
535 5250 753 5331 Aquila.
812 5263 1172 5335 Septuaginta
1224 5273 1411 5321 autem
1457 5264 1728 5335 expositio
1781 5262 1862 5320 sic
1962 5258 2109 5315 aliud
2143 5256 2230 5311 his
2253 5272 2378 5326 qua:
2399 5255 2730 5313 dictasunt.
2760 5252 3145 5323 adiungemus,
3170 5250 3382 5321 Virgilii
3408 5250 3553 5321 apud

268 5364 387 5405 rem
404 5349 743 5409 declaravit:
784 5372 803 5403 ι
839 5353 1062 5410 Creavit
1094 5355 1361 5410 Dominus
1384 5354 1780 5425 plantationem
1808 5353 1863 5409 in
1965 5351 2244 5405 Romanos
2274 5357 2452 5420 poeta:
2473 5347 2703 5413 eruditi,
2742 5347 2843 5402 viri
2885 5344 3036 5403 haud
3082 5344 3331 5409 obscuri,
3390 5352 3553 5400 autve

1954 4160 2295 4230 impellebat,
2326 4158 2514 4212 divina
2539 4158 2767 4218 virtute,
2792 4156 2885 4209 illa
2903 4155 3120 4210 sincere
3152 4155 3378 4209 oraculo
3408 4155 3546 4218 edit,

1952 4268 2077 4322 qua:
2090 4250 2343 4305 veritatis
2370 4247 2655 4321 prophetis
2675 4245 2965 4320 praedicata
2986 4244 3254 4310 audisset,
3271 4244 3546 4301 itaaiens:

2678 5531 2722 5559 "
2749 5530 2915 5583 Hebr.
2966 5545 3004 5587 l,
3030 5528 3083 5580 5.
3185 5525 3229 5558 ⁵⁸
3257 5527 3398 5580 Psal.
3431 5542 3551 5589 va,

2734 5600 2781 5631 ⁸³
2830 5600 3019 5653 Matth.
3052 5599 3247 5661 δικ-27,
3320 5598 3548 5651 “llom.

2668 5669 2714 5701 ⁵³
2753 5672 2909 5725 llum.
2945 5688 2995 5731 γ,
3037 5671 3122 5722 lii.
3193 5669 3239 5700 ⁸⁸
3268 5667 3430 5730 lbid.,
3458 5667 3550 5722 ‘Zl.

2671 5741 2714 5770 "‘
2743 5742 2808 5796 lll
2836 5743 2966 5809 lleg.
2999 5757 3143 5803 wn,
3174 5740 3261 5794 ‘26.
3356 5740 3400 5770 ’⁸
3428 5739 3550 5793 Act.

345 5527 391 5560 “
424 5530 576 5586 Psal.
596 5548 700 5591 ert.
726 5535 778 5594 8,
805 5533 895 5588 9.0.
960 5533 1007 5567 ³⁵
1031 5536 1172 5591 Psal.
1204 5553 1312 5598 XXI,
1339 5535 1429 5589 Si.
1482 5534 1554 5565 ·⁸⁵
1592 5534 1732 5588 Psal.
1773 5551 1899 5593 xm,
1930 5532 2013 5586 lO.
2092 5532 2139 5563 “
2168 5530 2309 5584 Psal.
2340 5547 2505 5594 cxvn,
2532 5530 2579 5585 l.

274 5596 394 5652 1-3.
500 5601 545 5631 δ’
567 5602 706 5658 Psal.
736 5621 842 5665 Clx.
874 5606 926 5659 5.
1028 5608 1075 5639 ⁸⁰
1097 5607 1255 5663 Joan.
1286 5596 1323 5667 ι’.
1369 5607 1452 5661 Η.
1527 5606 1568 5634 ⁵¹
1608 5605 1725 5659 Act.
1764 5622 1841 5658 xw

1947 5604 2017 5657 Μ.
2119 5602 2165 5631 ⁹¹
2202 5602 2340 5655 Psal.
2379 5618 2555 5661 nxrx,
2582 5600 2635 5652 2.

275 5669 447 5746 ty};
481 5671 682 5741 Ephes.
712 5692 782 5736 Iv,
810 5678 862 5731 6.
939 5678 985 5709 ⁵⁵
1014 5676 1181 5746 Apoc.
1210 5694 1319 5739 six,
1350 5677 1430 5729 με.
1509 5677 1557 5707 ⁸⁵
1586 5676 1601 5728 I
1639 5676 1779 5729 Tim.
1815 5692 1838 5727 ν

1953 5676 2004 5734 ti.
2084 5673 2126 5704 ⁵⁷
2152 5672 2351 5746 l_.|oan.
2381 5689 2452 5731 Iv,
2486 5671 2565 5746 lg.

274 5737 543 5795 “Jerem-
578 5760 721 5807 xxxr.
751 5748 840 5802 2‘3.
951 5750 993 5778 "
1023 5737 1209 5805 lil'im.
1233 5737 1315 5812 tn,
1348 5749 1426 5802 lti.
1540 5748 1583 5777 "
1610 5747 1626 5800 l
1656 5747 1837 5800 Ρι·1ι·.ι

278 5821 411 5867 mi.
435 5810 523 5867 25.
1148 5819 1155 5825 '

1947 5748 1973 5797 ς.
2083 5745 2127 5771 ⁸³³
2150 5742 2310 5795 Num.
2340 5759 2480 5805 xxiv,
2512 5742 2590 5797 Π.

396 5832 523 5873 οἵη).
