4078 6340
637 406 772 466 ηιξ)

1659 403 1859 458 ΡΑιέΙᾸ
1901 400 2194 456 ENESENI
2237 399 2536 454 EPiSCOl‘l
2574 399 2889 454 IIOMILIE.

3726 395 3860 452 ιιιι

631 528 890 598 possibile
913 535 1017 586 est.
1040 534 1326 580 transeata
1355 537 1440 577 me
1470 523 1610 577 calix
1635 524 1774 587 iste;
1813 530 2190 595 verumtamen

2296 535 2413 588 τερ,
2453 519 2770 589 παρελθέτω
2804 518 2897 572 ἀπ’
2940 515 3075 586 ἐμοῦ
3102 518 3161 570 τὸ
3192 517 3446 588 ποτήριον
3487 516 3648 569 τοῦτο
3724 515 3863 586 πλὴν

529 633 537 640 '
629 635 737 673 non
763 618 906 688 quod
933 634 1032 687 ego
1061 617 1202 680 volo,
1229 614 1322 669 sed
1343 613 1490 684 quod
1516 624 1572 669 tu
1601 614 1643 646 “
1667 633 1679 666 :
1711 635 1728 664 ι
1760 629 1885 667 cum
1940 613 2096 667 vides
2138 613 2193 665 in

627 727 850 765 crucem
876 719 1080 770 actum,
1108 710 1276 761 clavis
1325 721 1519 760 manus
1557 716 1614 760 et
1665 704 1834 776 pedes
1861 706 2008 758 illius
2038 704 2193 765 fixos,

629 802 883 868 latusque
929 798 1271 860 confossum;
1327 805 1442 848 tum
1483 794 1661 865 cogita
1723 795 1893 848 Deum
1951 792 2194 847 Verbum

628 889 994 958 permansisse
1049 885 1387 955 impatibile;
1443 886 1559 940 haec
1607 891 1791 938 autem
1833 883 2038 946 omnia,
2074 897 2194 952 qua:

627 994 729 1031 suo
754 979 897 1031 illata
918 983 1045 1030 sunt
1072 977 1314 1045 corpori,
1344 975 1447 1030 sibi
1471 973 1876 1044 appropriasse.
1903 972 1973 1027 Ut
2006 980 2191 1025 autem

626 1066 963 1129 ostenderet,
987 1065 1134 1134 quod
1183 1081 1253 1119 ne
1301 1065 1574 1135 passionis
1615 1063 1838 1132 quidem
1888 1070 2134 1132 tempore
2163 1077 2194 1114 a

629 1159 850 1228 proprio
876 1159 1194 1212 recessisset
1217 1157 1440 1227 templo,
1462 1156 1682 1226 quando
1721 1156 1894 1211 Judaei
1940 1157 2056 1210 haec
2086 1165 2194 1208 tra-

624 1248 742 1312 gica
774 1253 965 1298 contra
997 1246 1284 1300 Dominum
1314 1246 1567 1316 agebant,
1600 1257 1856 1315 tanquam
1878 1247 2023 1300 Deus
2045 1261 2194 1301 com-

623 1336 824 1403 pressit
853 1336 985 1388 solis
1020 1336 1224 1400 radios,
1255 1336 1476 1391 diffudit
1498 1336 1764 1390 tenebras
1785 1352 1882 1406 per
1915 1346 2190 1391 terrarum

621 1428 833 1490 orbem,
859 1428 1083 1483 discidit
1114 1429 1301 1498 templi
1328 1431 1532 1495 velum,
1577 1429 1820 1500 disrupit
1857 1437 2066 1499 petras,
2096 1444 2192 1484 ex-

618 1519 808 1572 citavit
837 1528 1083 1573 mortuos
1116 1520 1178 1574 ³⁵.
1211 1521 1332 1574 Haec
1355 1522 1537 1575 omnia
1565 1530 1826 1590 operatus
1847 1529 1952 1584 est,
2003 1531 2062 1573 ut
2104 1521 2192 1574 in-

622 1610 900 1680 telligeres
926 1611 1165 1665 adfuisse
1194 1612 1345 1664 illum
1379 1611 1632 1681 patienti,
1668 1621 1724 1666 et
1750 1610 2019 1682 ejusmodi
2062 1625 2191 1680 pas-

620 1702 804 1756 siones
862 1703 966 1756 sibi
998 1705 1402 1773 appropriasse,
1452 1704 1550 1759 sed
1600 1703 1776 1774 ipsum
1825 1703 2187 1773 impatibilem

619 1796 806 1847 omnia
834 1794 948 1850 haec
979 1794 1294 1864 perfecisse.

2296 611 2393 679 οὐχ
2422 610 2497 671 ὡς
2543 609 2652 678 ἐγὼ
2679 608 2836 670 θέλω,
2887 608 3002 662 ἀλλ’
3034 608 3110 670 ὡς
3135 607 3218 660 σύ.
3251 626 3270 658 ι
3305 608 3475 661 Ὅταν
3528 608 3648 678 ἴδῃς
3695 607 3862 659 αὑτὸν

2294 701 2852 772 ἀνασκολοπιζόμενον
2871 717 2882 730 ·
2915 702 3044 754 ὅταν
3069 699 3187 772 ἴδῃς
3207 700 3370 770 ἥλους
3398 701 3492 752 ἐπὶ
3517 701 3630 752 τῶν
3662 699 3862 769 χειρῶν

2293 797 2387 847 καὶ
2416 796 2526 845 τῶν
2554 795 2755 858 ποδῶν,
2790 794 2883 846 καὶ
2901 792 3296 862 κεκεντημένον
3322 791 3420 861 τὴν
3438 790 3704 861 πλευρὰν,
3740 792 3860 844 τότε

2293 883 2422 945 νόει,
2454 884 2536 936 ὅτι
2565 885 2593 935 6
2637 884 2768 947 Θεὸς
2803 883 2977 950 Λόγος
3004 882 3220 952 ἀπαθὴς
3251 883 3552 952 μεμένηκε,
3587 880 3767 935 ταῦτα
3804 882 3860 934 61

2293 975 2470 1027 πάντα
2516 975 2810 1028 οἰκειοῦται
2861 974 2932 1028 τὰ
2977 975 3238 1043 γινόμενα
3275 975 3356 1037 είς
3390 973 3450 1026 τὺ
3506 974 3641 1026 ἴδιον
3692 972 3861 1026 αὐτοῦ

2296 1063 2476 1132 σῶμα.
2510 1064 2629 1117 ἰνα
2660 1065 2715 1118 δὲ
2756 1064 2924 1136 δείξῃ,
2969 1065 3050 1118 ὅτι
3078 1063 3204 1118 οὔτε
3230 1067 3287 1119 ὲν
3315 1064 3392 1134 τῷ
3425 1064 3601 1133 καιρῷ
3630 1063 3727 1116 τοῦ
3756 1066 3834 1118 πά

2294 1153 2420 1216 θους
2442 1154 2655 1224 ἀπέστη
2677 1154 2771 1208 τοῦ
2793 1156 2924 1208 ἰδίου
2945 1155 3097 1218 ναοῦ,
3123 1157 3212 1210 ὅτε
3241 1155 3396 1209 καὶοί
3420 1154 3665 1208 Ἰουδαῖοι
3687 1154 3860 1208 ταῦτα

2293 1244 2774 1315 ὲδραματοὺρτουν
2803 1246 2945 1300 κατὰ
2980 1247 3076 1300 τοῦ
3115 1247 3407 1310 Δεσπότου,
3439 1246 3749 1300 ἀτιέσῆεσεν
3786 1247 3858 1310 ὡς

2291 1336 2426 1399 Θεὸς
2475 1337 2666 1389 ἀκτῖνα
2702 1336 2950 1408 ἡλιακὴν,
2977 1338 3176 1413 Σκότον
3220 1339 3444 1408 κατέχεε
3474 1337 3574 1391 τοῦ
3615 1339 3856 1408 κόσμου·

2293 1427 2477 1497 ἔσχισε
2509 1428 2569 1480 τὸ
2595 1427 2995 1497 καταπέτασμα
3024 1427 3116 1481 τοῦ
3148 1428 3301 1484 “0'3-
3332 1429 3543 1500 Πέτρας
3571 1429 3855 1500 Matini?

2293 1521 2522 1588 νεκροὺς
2559 1519 2767 1589 ἧγειρε.
2790 1520 2974 1574 Ταῦτα
3007 1519 3188 1574 πάντα
3228 1520 3545 1592 εἰργάσατο,
3575 1522 3665 1575 ἶνα
3691 1537 3855 1590 γνῳς.

2290 1607 2373 1660 ὅτι
2410 1609 2573 1677 συνῆν
2612 1609 2689 1679 τῷ
2725 1610 3008 1680 πάσχοντι,
3041 1610 3138 1664 καὶ
3170 1609 3236 1662 τὰ
3268 1609 3370 1680 μὲν
3396 1609 3542 1682 πάθη
3574 1610 3853 1683 ᾠκειοῦτο,

2291 1699 2454 1763 αὐτὸς
2481 1701 2538 1753 δὲ
2577 1701 2792 1772 ἀπαθὴς
2821 1703 3036 1756 ἅπαντα
3059 1702 3360 1773 εἰργάζετο.

692 1884 823 1948 Qua:
849 1894 1028 1938 vestra
1057 1892 1181 1936 sunt
1210 1883 1365 1938 vobis
1387 1884 1761 1953 apposuimus,
1785 1884 1901 1939 haec
1928 1885 2075 1939 enim
2108 1893 2190 1938 est

2360 1875 2440 1928 Τὰ
2462 1876 2613 1945 ὑμῶν
2641 1876 2768 1944 ὑμῖν
2788 1876 3201 1948 παρεθήκαμεν⁹
3223 1876 3361 1948 αὕτη
3391 1878 3500 1949 γὰρ
3522 1879 3618 1931 τοῦ
3649 1878 3855 1950 Πατρδς

623 1975 803 2029 Patris
822 1978 992 2029 vestri
1016 1974 1284 2036 doctrina,
1320 1975 1408 2029 hic
1440 1976 1731 2029 thesaurus
1767 1984 1852 2030 est
1895 1976 2050 2030 vobis
2076 1975 2187 2028 avi-

622 2075 731 2127 tus,
770 2067 885 2118 haec
914 2065 1059 2119 beati
1093 2065 1375 2120 Athanasii
1403 2076 1532 2121 sunt
1563 2067 1834 2138 dogmata,
1863 2067 1978 2122 hazc
2006 2067 2186 2138 magni

618 2157 909 2226 Theophili
967 2168 1051 2211 est
1105 2158 1389 2222 doctrina,
1438 2159 1818 2214 columnarum
1873 2161 2191 2215 orthodoxa:

617 2252 900 2306 doctrinae.
940 2250 1047 2305 Sed
1097 2251 1357 2320 quoniam
1387 2251 1663 2320 patienter
1705 2260 1945 2305 nostram
1987 2253 2191 2306 tulistis

617 2345 944 2406 balbutiem,
965 2351 1278 2413 exspectate
1309 2359 1455 2397 nunc
1477 2344 1662 2398 Patris
1689 2345 2014 2413 sapientiam
2040 2361 2053 2396 :
2095 2356 2191 2397 au—

617 2435 789 2490 distis.
818 2436 1088 2488 calamum
1118 2434 1464 2503 pastoralem,
1499 2434 1686 2488 audite
1725 2449 1872 2488 nunc
1905 2443 1960 2488 et
2003 2435 2189 2489 tubam

615 2525 763 2579 clare
801 2530 1212 2592 personantem.

691 2615 932 2684 Populus
964 2614 1100 2668 dixit
1127 2631 1139 2666 :
1172 2613 1273 2667 Fili
1301 2613 1585 2668 Athanasii
1637 2623 1693 2668 et
1723 2613 2039 2684 Theophili,
2087 2613 2190 2684 Cy-

618 2704 728 2758 rilli
791 2703 1115 2773 sapientiam
1171 2702 1617 2759 audiamus.......
1667 2704 1960 2775 episcopus
1989 2705 2190 2759 Paulus

615 2796 752 2850 dixit
785 2813 797 2847 :

687 2887 817 2953 Quae
833 2895 1049 2940 nostras
1068 2885 1291 2955 quidem
1309 2886 1740 2940 orthodoxorum
1767 2895 1982 2942 mentes
2001 2902 2190 2942 exsus-

618 2978 773 3042 citat,
830 2977 1073 3032 bostium
1105 2993 1234 3031 vero
1263 2976 1519 3031 Ecclesiae
1552 2977 1700 3032 acies
1722 2979 2042 3048 prosternit.
2078 2979 2192 3032 Deo

618 3068 803 3135 itaque
852 3066 1081 3137 gloriam
1125 3066 1422 3121 reddamus
1457 3082 1605 3122 nunc
1649 3076 1706 3122 et
1737 3082 1956 3138 semper
1980 3109 1996 3133 ,
2032 3077 2090 3124 et
2133 3069 2189 3123 in

618 3157 816 3213 secula
844 3158 1188 3214 saeculorum.
1221 3159 1395 3212 Amen
1422 3157 1520 3230 (l).

1353 3335 1441 3391 HI.

617 3425 776 3482 Pauli
809 3427 1035 3498 episcopi
1075 3426 1282 3482 Emesa:
1304 3427 1523 3482 homilia
1551 3427 1692 3482 dicta
1726 3428 2089 3498 Alexandria,
2121 3433 2187 3486 de

1335 3514 1484 3568 pace.

688 3606 1018 3662 Benedictus
1051 3606 1123 3661 sit
1165 3606 1331 3671 Deus,
1362 3606 1511 3676 quod
1542 3622 1645 3678 ego
1679 3625 1827 3664 nunc
1857 3609 2096 3680 primum
2119 3611 2187 3665 ad

618 3714 716 3752 vos
746 3699 976 3768 loquens
1009 3713 1107 3767 per
1132 3699 1283 3768 pacis
1307 3700 1727 3768 appellationem
1748 3741 1763 3764 ,
1791 3701 2051 3771 pietatem
2092 3719 2190 3758 ve-

616 3800 787 3845 stram
815 3792 1054 3845 salutare
1079 3791 1276 3861 dignus
1303 3791 1524 3849 habitus
1543 3807 1701 3857 sum;
1735 3793 1830 3862 qui
1849 3809 2037 3863 pacem
2065 3812 2193 3866 par-

619 3882 718 3937 tim
751 3881 1020 3944 dederim,
1049 3889 1108 3934 et
1140 3895 1329 3950 pacem
1355 3880 1597 3936 vicissim
1623 3881 1962 3951 acceperim;
1998 3898 2190 3952 pacem

617 3973 867 4026 onmium
929 3972 1203 4027 bonorum
1253 3986 1508 4038 causam;
1558 3987 1746 4041 pacem
1794 3973 2084 4028 amabilem
2130 3985 2188 4031 et

618 4060 732 4113 Deo
759 4060 979 4112 cliaram
1003 4076 1019 4121 ;
1053 4074 1216 4129 quam
1234 4059 1355 4112 orbi
1369 4062 1638 4114 terrarum
1667 4061 2042 4131 perSpiritum
2062 4081 2188 4120 san-

617 4159 765 4206 ctum
807 4150 1034 4221 largitus
1088 4157 1175 4205 est
1232 4150 1498 4205 Dominus
1541 4151 1817 4208 Christus.
1874 4155 1983 4224 Ipsi
2012 4157 2187 4226 gloria

619 4256 726 4294 una
745 4251 800 4295 et
824 4241 994 4306 Patri,
1030 4255 1156 4296 cum
1181 4248 1372 4296 sancto
1395 4240 1624 4312 Spiritu,
1660 4243 1715 4298 in
1739 4245 1958 4302 secula.
1985 4247 2182 4304 Amen.

691 4459 736 4489 ³⁸
779 4458 966 4514 Matth.
1005 4475 1148 4524 xxvr,
1175 4457 1266 4514 39.
1341 4458 1386 4490 ³³
1412 4458 1619 4518 Matth.
1647 4474 1809 4524 xxvii,
1835 4462 2000 4518 51-53

2293 1968 2699 2037 ήδιδασκαλίαο
2739 1961 2894 2031 οὗτος
2920 1970 2949 2021 6
2982 1968 3256 2039 θησαυρὸς
3297 1970 3626 2040 προτονικδς
3663 1970 3815 2040 ὑμῶν
3839 1987 3851 2000 ·

2293 2057 2387 2109 τοῦ
2417 2057 2685 2126 μακαρίου
2732 2056 3047 2110 Ἀθανασίου
3073 2057 3144 2111 τὰ
3170 2056 3418 2127 δόγματα
3439 2074 3455 2089 ο
3489 2056 3588 2110 τοῦ
3616 2059 3849 2128 μεγάλου

2288 2151 2545 2217 Θεοφίλου
2579 2151 2648 2203 τὰ
2677 2149 3003 2219 διδάγματα,
3027 2149 3135 2203 τῶν
3163 2148 3372 2203 στύλων
3397 2150 3500 2221 τῆς
3525 2149 3854 2220 ὀρθοδοξίας.

2302 2241 2441 2292 Ἀλλ’
2474 2241 2663 2312 ἐπειδὴ
2696 2240 3062 2312 μακροθύμως
3091 2240 3199 2295 τιῖιν
3226 2240 3513 2312 ἡμετέρων
3559 2242 3856 2314 ἠνέσχεσθε

2287 2333 2702 2403 ψελλισμάτων,
2743 2335 3068 2406 ἀναμείνατε
3110 2335 3205 2389 τοῦ
3252 2333 3455 2407 πατρὸς
3510 2335 3605 2407 τὴν
3649 2337 3859 2405 σοφίαν,

2301 2424 2601 2476 Ἠκούσατε
2629 2425 2874 2496 καλάμου
2906 2425 3254 2496 ποιμενικοῦ,
3291 2426 3565 2482 ἀκούσατε
3599 2429 3702 2483 καὶ
3736 2430 3860 2483 σάλ-

2291 2529 2485 2580 πιγγος
2524 2516 3065 2588 μεγαλοφωνοτάτης.

2360 2605 2417 2659 Ὀ
2458 2605 2585 2668 λαὸς
2635 2601 2821 2661 εἶπεν·
2867 2608 2963 2660 Υἱὲ
3016 2609 3277 2678 Θεοφίλου
3299 2649 3316 2676 ,
3357 2611 3452 2665 καὶ
3494 2612 3824 2667 ’ΔΘανασίου
3845 2651 3862 2673 .

2290 2696 2566 2767 Κορίλλου
2638 2697 2831 2766 σοφίας
2881 2697 3206 2772 ἀκούσωμεν
3255 2739 3272 2756 .
3320 2740 3336 2756 .
3366 2741 3382 2757 .
3423 2739 3438 2757 .
3478 2704 3509 2756 6
3561 2703 3864 2768 ἐπίσκοπος

2291 2788 2504 2851 Παῦλος
2530 2785 2683 2840 εἶπεν
2701 2805 2715 2818 ·

2373 2879 2560 2950 Ἦμῶν
2597 2880 2698 2949 μὲν
2727 2879 2838 2934 τῶν
2873 2880 3170 2950 ὀρθοδόξων
3200 2884 3272 2938 τὰ
3305 2902 3634 2957 φρονηματα
3667 2886 3862 2953 διετει-

2293 2969 2513 3040 ρούσης,
2545 2969 2654 3022 τῶν
2703 2970 2759 3024 δὲ
2796 2973 3053 3025 ἐναντίων
3080 2973 3182 3044 τῆς
3231 2975 3559 3046 Ἐκκλησίας
3603 2977 3678 3030 τὰ
3700 2978 3860 3047 στίφη

2291 3057 2758 3128 καταϐαλλούσης.
2796 3060 2886 3131 τῷ
2923 3061 3044 3134 Θεῷ
3074 3062 3256 3117 τοίνυν
3279 3063 3436 3128 δόξαν
3467 3065 3865 3134 ἀναπέμψομεν

2295 3153 2411 3217 νῦν,
2471 3153 2567 3208 καὶ
2600 3152 2690 3209 ἀεὶ
2719 3192 2736 3218 ,
2785 3155 2879 3208 καὶ
2918 3153 3000 3219 εἰς
3041 3155 3170 3218 τοὺς
3209 3155 3414 3219 αἰῶνας
3455 3157 3566 3210 τῶν
3621 3155 3853 3212 αἰώνων.

2215 3216 2259 3274 C
2302 3245 2497 3316 ’Δμήνο

3045 3336 3123 3392 Γ.

2300 3425 2531 3496 Ὀμιλίσ
2582 3427 2822 3482 Παύλου
2874 3428 3220 3496 ἐπισκόπου
3266 3427 3518 3496 Ἐμέσης
3559 3427 3635 3483 ἐν
3675 3428 3867 3495 Ἀλεξα

2651 3497 2895 3566 ανδρσιᾳ
2924 3496 3058 3566 περι
3096 3495 3342 3569 am
3362 3499 3466 3569 (ι).

2359 3609 2662 3684 Εὐλογητὸς
2691 3611 2721 3664 6
2746 3610 2879 3675 Θεὸς
2907 3612 2936 3665 6
2969 3611 3145 3666 τοίνυν
3162 3617 3195 3649 ι
3224 3610 3440 3684 πρῶτον
3476 3611 3610 3684 θμῐν
3635 3612 3867 3682 φθεγγό-

2293 3723 2454 3776 μενος
2481 3709 2546 3778 τῇ
2578 3707 2678 3777 τῆς
2703 3706 2924 3776 εἰρήνης
2949 3707 3271 3778 προσρήσει,
3300 3706 3401 3777 τὴν
3427 3706 3707 3777 ὑμετέραν
3737 3723 3866 3761 κατ-

2287 3796 2586 3867 αξιωθῆναι
2635 3796 2714 3867 (2)
2754 3795 3211 3850 κατασπάσασθαι
3267 3795 3556 3852 εὐλάϐειαν
3575 3813 3594 3829 ·
3645 3797 3866 3870 εἰρήνην

2289 3887 2350 3938 ἐν
2373 3885 2452 3956 τῷ
2483 3885 2639 3958 μέρει
2667 3884 2920 3949 δεδωκὼς
2939 3926 2956 3953 ,
2985 3887 3081 3940 καὶ
3133 3886 3362 3958 εἰρήνην
3399 3885 3706 3940 ἀντιλαϐὼν
3730 3903 3749 3920 ο
3789 3888 3860 3941 εἰσ

2297 3978 2474 4049 ρήνην
2501 3977 2601 4046 τὴν
2625 3977 2844 4032 πάντων
2867 3978 2977 4033 τῶν
2999 3977 3221 4047 ἀγαθῶν
3247 3977 3447 4032 αἰτίαν·
3477 3978 3579 4050 τὴν
3602 3978 3865 4049 ιράσμιον

2293 4066 2388 4121 καὶ
2410 4066 2488 4137 τῷ
2521 4066 2641 4138 Θεῷ
2661 4067 2824 4139 φίλην
2851 4085 2868 4100 ⁸
2913 4069 2983 4141 ἢν
3024 4071 3054 4124 6
3081 4069 3357 4140 Δεσπότης
3392 4068 3630 4140 Χριστὸς
3651 4068 3741 4123 διὰ
3768 4067 3862 4122 τσῦ

2289 4156 2446 4225 ἁγίου
2469 4156 2794 4230 Πνεύματος
2814 4197 2833 4224 ,
2863 4161 2932 4233 τῇ
2952 4156 3247 4232 οἰκουμένῃ
3277 4159 3595 4231 ἐχαρίσατο.
3635 4159 3796 4231 Αὐτῷ
3825 4161 3861 4232 ἡ

2285 4246 2415 4313 δόξα
2448 4247 2567 4320 ἅμα
2589 4248 2670 4320 τῷ
2692 4249 2870 4325 Πατρι
2892 4251 2992 4307 σὺν
3013 4251 3093 4321 τῷ
3121 4249 3265 4323 ἁγίῳ
3285 4250 3588 4323 Πνεύμιατι,
3621 4251 3704 4318 ιις
3733 4252 3861 4316 τοὺς

2287 4338 2509 4404 αἰῶνας.
2545 4341 2739 4414 Ἀμήν.

1721 4599 1892 4656 Varia:
1920 4601 2184 4656 lectiones
2205 4602 2410 4658 codicis
2443 4601 2808 4677 Segnieriani.

695 4695 720 4722 ⁸³
753 4688 834 4740 ὅτι
867 4686 980 4741 νῦν.
1059 4695 1085 4724 ν
1113 4685 1474 4758 κατηξιώθην.

2129 4777 2356 4834 ΝΟΤΛΕ.

697 4890 774 4965 (l)
807 4889 994 4965 erilli
1020 4893 1241 4948 homilia
1276 4894 1351 4948 De
1383 4893 1837 4965 Paufo_quimite
1860 4902 2204 4965 emeruerat,
2237 4901 2416 4965 exsta_t
2443 4909 2609 4965 supra
2641 4899 2746 4952 col.
2774 4898 2896 4954 990.

692 4962 769 5033 (2)
808 4961 919 5014 Hoc
951 4964 1310 5032 fragmentum
1346 4965 1521 5020 edidit
1551 4961 1858 5019 Cbtelerius
1892 4964 1947 5016 in
1983 4962 2336 5017 Honumentis
2370 4961 2621 5022 Εσείέείαι
2645 4967 2858 5032 (ἕνωσιν,
2887 4979 2928 5024 t.
2964 4971 3007 5036 1,
3043 4975 3223 5048 βίω.

627 5147 3858 5190 .__..___...___._._.__.___—_____.._____________

1841 5286 2156 5366 PAULI
2223 5288 2668 5368 EMESENI

1409 5458 1740 5516 EPISTOLA
1775 5461 1867 5516 AD
1902 5458 2308 5516 ANATOLIUM
2350 5462 2752 5520 MAGISTRUM
2790 5465 3088 5524 ΜΙΗΤῘΑΞ.

1779 5595 1852 5644 De
1879 5607 2003 5656 pace
2027 5594 2392 5646 eccclesiastica
2424 5597 2672 5650 restituta.
2689 5640 2700 5653 .

686 5716 850 5766 Exstat
875 5714 922 5766 in
945 5717 1186 5782 Synodico
1204 5716 1456 5773 Casirmtsi
1479 5721 1713 5775 adversus
1740 5724 2072 5791 Trngmdiaml
2086 5725 2283 5788 frenari,
2305 5742 2412 5793 cap.
2436 5729 2541 5792 107,
2563 5729 2687 5784 inter
2706 5735 2868 5798 Opera
2891 5737 3199 5802 Theodoreti,
3221 5738 3367 5805 infra,
3395 5748 3508 5794 tom.
3539 5747 3614 5794 LI
3619 5746 3658 5794 Ι
3664 5746 3702 5795 ι
3709 5745 3736 5795 1
3745 5744 3806 5800 Υ.
