4078 6340
250 420 3534 476 W

547 1176 1966 1321 BERB‘HGEENSIS

1671 1179 1966 1318 SIS
2170 1181 3248 1319 EPISCOPUS

1610 1596 2162 1689 NOTITIA.

1345 1791 1540 1851 (Oriens
1580 1788 1904 1848 Clu-istimms,
1935 1793 2049 1836 tom.
2085 1787 2145 1846 ll,
2177 1790 2273 1838 cnl.
2317 1790 2449 1849 782.)

320 2201 404 2258 Ab
432 2197 670 2255 Eusebio
701 2191 1093 2256 Samosatensi,
1139 2191 1234 2260 qui
1276 2189 1382 2244 sub
1413 2188 1637 2243 Valente
1671 2188 2002 2258 imperatore
2037 2187 2312 2242 Ecclesias
2350 2185 2596 2241 Orientis
2633 2187 2781 2242 clam
2809 2188 3084 2245 lustrabat
3113 2198 3178 2244 et
3219 2191 3538 2259 ordinabat,

247 2293 484 2352 Aeacius
525 2305 594 2344 ex
635 2301 908 2342 monacno
948 2285 1244 2354 episcopus
1276 2281 1659 2336 Berrhmensis
1702 2289 2062 2334 consecratus
2106 2279 2240 2342 fuit,
2274 2279 2689 2348 Ecclesiamque
2735 2295 2890 2335 suam
2935 2282 3335 2354 quinquaginta
3365 2299 3544 2339 annos

248 2391 484 2453 curavit,
517 2385 836 2441 monasticz
871 2391 1054 2436 tamen
1089 2381 1215 2435 vita:
1245 2395 1437 2434 norma
1475 2393 1586 2432 non
1614 2377 1835 2440 omissa,
1865 2377 1961 2432 sed
1991 2377 2140 2431 civili
2164 2378 2369 2431 virtute
2399 2385 2724 2447 temperata,
2752 2378 2832 2431 ait
2863 2377 3248 2434 Theodoretus
3278 2379 3332 2434 in
3365 2381 3543 2434 Histo—

249 2489 332 2540 ria
366 2483 641 2554 religiosa,
678 2495 728 2533 c.
765 2480 821 2541 2,
854 2478 951 2547 qui
981 2485 1038 2531 et
1063 2475 1310 2546 ejusdem
1343 2473 1595 2529 meminit
1628 2473 1726 2528 lib.
1756 2491 1788 2527 v
1816 2473 2020 2529 Histor.
2075 2473 2282 2538 coclea,
2313 2489 2434 2543 cap.
2460 2474 2512 2527 4.
2542 2474 2741 2528 Annon
2767 2473 3005 2528 Aeacius
3041 2474 3132 2530 ille
3162 2476 3451 2548 presbyter
3483 2488 3543 2536 et

246 2577 574 2640 monachus,
606 2590 636 2628 a
671 2589 783 2644 quo
807 2572 1043 2627 Basilius
1069 2571 1302 2641 epistola
1333 2570 1455 2635 144,
1481 2586 1605 2640 qua:
1627 2579 1711 2624 est
1737 2569 1805 2623 ad
1831 2569 2042 2623 clerum
2078 2569 2524 2633 Berrhmenscm,
2561 2571 2735 2625 multa
2771 2586 2829 2625 se
2857 2571 3117 2627 didicisse
3143 2575 3372 2630 scribit?
3391 2575 3540 2630 Con-

248 2671 754 2742 stantinopolitanae
779 2667 990 2740 synodo
1023 2667 1268 2737 generali
1297 2665 1469 2736 priori
1509 2665 1780 2720 interfuit.
1812 2665 2043 2720 Romam
2079 2665 2314 2719 subinde
2345 2664 2414 2718 ad
2453 2663 2712 2718 Siricium
2750 2681 2946 2737 papam
2978 2669 3181 2723 missus
3211 2679 3316 2734 est,
3350 2679 3409 2725 ut
3434 2670 3540 2725 Ec-

247 2770 476 2825 clesiam
505 2767 806 2822 Romanam
835 2772 892 2818 et
923 2761 1354 2817 Alexandrinam
1386 2759 1649 2814 Flaviano
1687 2761 1910 2814 tandem
1937 2759 2286 2814 Antiocheno
2327 2759 2682 2824 conciliaret;
2725 2760 2930 2830 quippe
2960 2761 3049 2815 cui
3089 2763 3204 2832 ipse
3241 2779 3368 2818 cum
3407 2765 3540 2819 Dio-

247 2865 388 2920 doro
413 2862 689 2933 imprimis
717 2857 976 2913 Tarsensi
1018 2872 1216 2910 manus
1249 2856 1590 2925 imposuerat
1631 2865 1824 2912 contra
1857 2864 2016 2926 pacta
2045 2863 2316 2910 conventa
2358 2871 2481 2924 qua:
2524 2866 2871 2911 sacramento
2913 2857 3236 2914 conﬁrmata
3270 2860 3486 2916 fuerant
3525 2882 3538 2916 :

245 2976 370 3031 qua
394 2959 502 3014 fert
531 2956 870 3013 Sozomenus
900 2953 999 3008 lib.
1034 2969 1111 3018 vi,
1138 2968 1261 3023 cap.
1287 2953 1377 3006 21.
1411 2952 1708 3012 Postvero
1741 2966 1936 3022 graves
1968 2951 2024 3004 in
2061 2950 2326 3006 Joannem
2355 2949 2808 3022 Chrysostomum
2840 2952 3160 3009 inimicitias
3189 2955 3459 3018 exercuit,
3487 2967 3544 3014 et

248 3055 307 3110 in
337 3061 614 3109 conventu
644 3050 712 3105 ad
747 3049 1026 3116 Quercum
1061 3046 1394 3117 depositioni
1423 3047 1573 3101 illius
1614 3046 1950 3117 suffragatus
1989 3055 2096 3112 est,
2141 3061 2284 3101 unus
2309 3062 2340 3100 e
2365 3047 2664 3117 pmipuis
2695 3049 2954 3118 procella:
2986 3050 3150 3122 hujus
3193 3053 3540 3110 auctoribus.

244 3152 407 3206 Anno
433 3149 532 3204 451
560 3145 801 3202 Nestorii
823 3158 1048 3199 causam
1070 3142 1337 3198 adversus
1357 3141 1623 3213 Cyrillum
1646 3142 2080 3197 Alexandrinum
2109 3141 2400 3212 praafracte
2429 3140 2699 3208 defendit,
2723 3144 2826 3199 etsi
2855 3153 3083 3216 propter
3109 3155 3327 3204 etatem
3356 3149 3544 3222 Ephe-

242 3259 372 3300 sum
402 3243 470 3297 ad
501 3240 798 3297 concilium
823 3238 1078 3310 generale
1108 3239 1301 3293 venire
1329 3253 1440 3292 non
1471 3238 1674 3308 potuit.
1703 3240 1864 3293 Anno
1897 3239 2004 3293 452
2027 3238 2273 3309 episcopi
2301 3237 2565 3303 Orientis,
2596 3239 2896 3296 Theodosii
2921 3242 3171 3300 iunioris
3193 3245 3547 3316 imperatoris

239 3348 410 3404 nutu,
445 3337 768 3393 Berrbmam
805 3336 875 3390 ad
911 3335 1093 3405 ipsum
1119 3349 1454 3399 convenere,
1481 3333 1552 3388 de
1578 3333 2033 3389 reconciliatione
2069 3335 2394 3399 tractaturi,
2421 3334 2570 3405 quod
2609 3336 2894 3406 negotium
2934 3354 3047 3393 non
3077 3339 3186 3395 nisi
3218 3355 3368 3396 anno
3393 3340 3545 3398 inse-

241 3431 440 3502 quenti
466 3429 782 3486 confectum
804 3437 910 3484 est.
936 3426 1077 3482 Cum
1109 3425 1258 3481 circa
1288 3441 1497 3481 annum
1525 3425 1630 3481 379
1661 3426 1749 3480 vel
1779 3408 1885 3482 38⁸0
1913 3427 2233 3498 episcopatu
2264 3427 2424 3492 inito,
2476 3427 2876 3500 quinquaginta
2902 3437 2959 3485 et
2985 3438 3116 3486 octo
3144 3447 3321 3487 annos
3346 3441 3546 3497 tenue-

241 3520 344 3585 rit,
371 3520 574 3575 obierit
590 3527 809 3591 oportet
829 3533 978 3574 anno
1005 3518 1134 3582 457,
1157 3516 1427 3588 producta
1448 3516 1561 3572 vita
1588 3516 1656 3572 ad
1687 3517 2054 3572 centesimum
2075 3518 2354 3573 decimum
2385 3529 2624 3574 sextum.
2649 3519 2787 3574 Nam
2814 3536 2960 3576 anno
2984 3522 3083 3577 431
3112 3523 3200 3579 vel
3222 3525 3418 3580 saltem
3437 3525 3548 3580 452

240 3613 493 3671 Orientis
519 3614 766 3684 episcopi
790 3615 848 3670 in
877 3629 977 3670 sua
1017 3612 1086 3669 ad
1115 3604 1490 3667 Theodosium
1517 3613 1652 3682 imp.
1680 3613 1940 3684 synodica
1975 3613 2325 3668 scribebant:
2362 3614 2473 3668 Deo
2507 3617 2937 3672 amantissimum
2967 3628 3126 3690 atque
3148 3622 3546 3679 sanctissimam

244 3709 472 3767 Patrem
497 3719 548 3764 et
573 3713 873 3782 episcopum:
904 3710 1157 3765 Acacium
1194 3717 1440 3765 sanctam
1471 3709 1731 3781 synodum
1765 3708 2144 3780 (Ephesinam)
2174 3726 2268 3780 per
2300 3709 2507 3764 litteras
2540 3710 2826 3773 edocuisse,
2856 3715 2998 3784 quod
3024 3715 3287 3787 (capitula
3325 3715 3543 3788 Cyrilli)

245 3803 572 3876 Apollinarii
600 3803 860 3874 impietati
883 3802 1241 3856 convenirent.
1267 3800 1393 3856 Haec
1425 3818 1548 3856 vero
1577 3809 1704 3855 nota
1727 3816 1849 3872 esse
1875 3802 1988 3854 viro
2019 3800 2242 3875 ouillo
2265 3802 2387 3855 vita:
2425 3817 2594 3854 annos
2625 3801 2873 3872 explevit,
2904 3819 3112 3859 omnem
3144 3821 3268 3860 sero
3294 3809 3458 3862 vitam
3485 3809 3543 3862 in

245 3894 565 3966 euangelicis
592 3894 970 3948 certaminibus
992 3893 1300 3946 desudando
1329 3893 1611 3964 transegit,
1663 3900 1713 3945 et
1738 3893 1958 3962 synodis
1987 3891 2168 3946 multis
2196 3892 2456 3962 interfuit.
2483 3890 2728 3962 Legendi
2755 3891 3143 3949 Theodonetus
3169 3895 3267 3950 lib.
3299 3912 3352 3951 tv
3376 3896 3541 3963 Hist,

247 4008 304 4049 c.
338 3992 438 4059 25;
471 3993 571 4048 lib.
607 4009 662 4056 ν,
683 4008 747 4046 .c.
781 3991 838 4055 2,
873 3989 1012 4044 Hist.
1039 3988 1220 4060 relig.;
1247 3989 1592 4044 Sozomenus
1616 3988 1715 4043 lib.
1741 4004 1839 4055 vn,
1871 4005 1925 4044 c.
1947 3989 2055 4054 Ὧς
2083 3988 2380 4053 Palladius,
2406 3986 2552 4042 Dial.
2583 3987 2648 4041 de
2683 3991 2794 4044 vita
2816 3987 2875 4044 S.
2899 3989 3127 4046 Joannis
3151 3990 3542 4065 Chrysostonsi,

248 4096 374 4143 acta
396 4089 547 4143 varia
576 4088 644 4144 ad
670 4086 940 4159 synodum
967 4083 1299 4154 Ephesinam
1335 4084 1662 4155 spectantia.

273 4297 3525 4340 Μ

1201 4481 1688 4600 ACACII
1796 4478 2584 4599 EPISTOL/E.

1840 4726 1913 4739 ἒ

1721 4853 2054 4911 EPISTOLA
2094 4855 2134 4910 Ι.

1247 5037 1311 5074 ΑΙ)
1345 5033 1601 5074 (ῖγιιιηυι
1636 5032 2036 5073 Αιειλκυιιικυιι
2072 5032 2533 5072 Αιιεηιενιεεοιιιτιι.

1105 5180 1294 5234 Exstat
1355 5195 1540 5250 supra,
1574 5177 1676 5233 col.
1718 5176 1810 5239 99,
1867 5176 2006 5230 inter
2054 5176 2117 5232 S.
2169 5176 2357 5248 Cyrilli
2411 5175 2683 5247 epistolas.

1713 5465 2044 5521 ISPISTOIA
2086 5464 2151 5518 11.

808 5640 872 5679 Δί)
911 5637 1250 5677 ALEXANDRI'N
1293 5637 1745 5674 ιιιπιιλιιυιλτλκνδι
1789 5636 2160 5675 ΕΙΪΡΙΙΒΑΤῈΒΙᾹΞ
2195 5637 2665 5678 μετηοιδουτλκιτν
2692 5638 3004 5680 ειηςιεορωι.

622 5781 813 5867 Exstat
845 5785 897 5836 in
934 5780 1190 5852 Synodiro
1215 5786 1509 5849 Cusim'ttsi,
1547 5804 1664 5857 mp.
1711 5785 1791 5846 il.
1831 5787 1968 5839 inter
2002 5785 2172 5857 Opera
2201 5785 2526 5852 Theodoreti,
2555 5789 2719 5859 infra,
2747 5797 2872 5844 tom.
2901 5789 3172 5845 LXXXIV.
