4128 6324
560 425 689 481 “Si

1649 412 1934 469 JOANNIS
1971 411 2392 468 ANTIOCHEM
2431 413 2744 471 EPISCOPL

3680 417 3825 473 μοι

561 539 730 591 Deum
759 544 864 596 est,
895 547 1040 587 cura
1071 530 1231 584 nobis
1268 529 1360 592 sit,
1413 528 1750 599 perspicere.
1785 525 1959 591 Quam
2009 541 2140 579 sane

2253 526 2304 578 ού
2342 527 2517 597 μικρά
2555 530 2653 597 τῆς
2692 527 2832 580 κατὰ
2877 527 3011 579 θεὸν
3041 529 3298 598 ἀγάπηςο
3329 531 3396 599 ήν
3428 531 3477 582 οι
3502 529 3821 599 τηροῦντες,

558 628 883 680 ιπὴατὶιαιριη
911 628 1005 694 qui
1030 631 1434 683 consectantur,
1468 620 1545 673 illi
1572 619 1778 672 divinis
1803 617 2019 687 legibus
2041 617 2141 670 ob-

560 728 871 786 temperant
907 735 920 776 ;
949 715 1044 786 qui
1075 729 1228 778 vero,
1264 728 1328 767 ea
1359 714 1626 780 neglecta,
1673 711 1996 780 imposturis
2023 715 2142 762 stu-

559 810 713 872 dem,
751 810 787 862 ii
835 809 950 862 suis
984 823 1040 859 se
1086 805 1212 859 telis
1257 803 1413 872 prius
1455 802 1784 864 conﬁciunt,
1831 816 1998 870 quam
2047 814 2144 854 eos

559 916 700 970 quos
719 900 1064 955 adoriuntur.
1085 896 1212 951 Hec
1227 896 1410 965 itaque
1432 903 1764 964 opportune,
1786 900 1847 945 ut
1866 891 2141 954 existimo,

561 993 838 1063 pmfatus,
875 1001 925 1044 tc
946 990 1111 1044 etiam
1139 997 1305 1058 atque
1330 987 1496 1040 etiam
1526 1001 1678 1054 rogo,
1709 994 1770 1038 ut
1799 999 1885 1038 me
1921 982 2142 1038 consul-

565 1095 737 1138 torem
766 1081 906 1134 haud
949 1080 1150 1132 malum
1173 1080 1270 1132 tibi
1297 1080 1545 1132 futurum
1570 1077 1834 1130 benevole
1863 1075 2141 1137 admittas,

565 1188 742 1244 neque
779 1173 828 1226 si
851 1169 984 1241 quid
1013 1170 1168 1234 utile,
1195 1177 1291 1222 aut
1326 1167 1528 1222 divina:
1553 1167 1811 1221 charitati
1851 1172 2141 1236 cognatum

568 1266 622 1318 in
652 1263 811 1318 dictis
831 1268 965 1316 meis
985 1260 1317 1327 occurrerit,
1340 1259 1580 1328 idipsum
1612 1273 1860 1328 respuas.

634 1356 686 1408 2.
715 1355 782 1409 Et
803 1353 1025 1424 quidem
1049 1352 1340 1424 oportebat
1385 1360 1447 1405 ut
1495 1352 1562 1407 de
1595 1351 1945 1406 rebus-bouis
1977 1359 2144 1420 atque

566 1446 795 1501 utilibus
842 1446 987 1499 inter
1026 1459 1128 1500 nos
1171 1442 1572 1499 conferremus.
1608 1443 1809 1498 Verum
1848 1441 1977 1510 quia
2020 1455 2147 1510 pec-

566 1550 688 1592 cata
733 1546 920 1592 nostra
967 1534 1484 1607 perturbationibus
1527 1533 1922 1588 ecclesiasticis
1955 1533 2146 1602 ingens

564 1630 768 1684 ostium
795 1630 1191 1700 patefecerunt,
1218 1628 1342 1683 ideo
1360 1643 1426 1682 ea
1452 1627 1707 1682 charitati
1727 1636 1833 1680 tua:
1855 1625 2145 1694 explanare

566 1736 733 1790 cogor
773 1736 894 1789 qua:
928 1719 1244 1788 nuperrime
1283 1734 1352 1773 ex
1399 1717 1642 1772 Romana
1687 1728 1743 1770 ct
1782 1714 2146 1770 Alexandrina

570 1814 705 1866 urbe
735 1812 804 1865 ad
848 1826 935 1864 me
973 1811 1281 1880 perscripta
1338 1818 1485 1864 sunt.
1524 1807 1738 1862 Etenim
1785 1806 1973 1861 clerici
2021 1805 2144 1859 Ale-

2243 618 2370 677 τοὺς
2394 617 2571 680 θείους
2602 618 2938 689 ἐκπληροῦσι
2983 620 3216 690 νόμους’
3259 622 3310 673 οἱ
3355 623 3413 674 δέ
3451 621 3780 692 ἀμελοῦντες
3802 663 3822 687 ,

2245 707 2341 760 καὶ
2373 707 2698 778 πανούργως
2723 709 3162 778 προσφερόμενοι
3193 713 3304 774 τοῖς
3328 712 3551 775 οἰκείας
3577 711 3824 782 μέλεσιν,

2245 797 2471 860 ἑαυτοὺς
2509 801 2774 871 πρότερον
2823 799 3177 870 βλάπτουσιν,
3209 803 3242 870 ἦ
3274 803 3396 854 καθ’
3425 796 3504 857 ὧν
3538 803 3825 875 ἐγχειροῦ-

2246 907 2352 944 σιν.
2397 890 2550 944 Ἐπεὶ
2601 886 2698 945 οὖν
2746 891 2921 947 ταῦτά
2959 909 3054 964 μοι
3099 894 3282 958 καλῶς
3316 896 3826 968 πεπροοιμίασται,

2243 982 2320 1046 ὡς
2352 981 2525 1050 ἔγωγε
2563 977 2720 1053 οἶμαι
2739 1024 2756 1048 ,
2787 983 2934 1049 δέεαι
2970 1001 3038 1055 με
3059 1025 3076 1049 ,
3121 985 3431 1055 παρακαλῶ
3452 1026 3467 1048 ,
3502 985 3710 1054 ἀγαθόν
3739 1003 3827 1041 σοι

2246 1076 2503 1144 ἐσόμενον
2544 1077 2872 1147 σύμϐουλον,
2922 1079 2998 1149 μὴ
3030 1077 3455 1149 παρωθούμενος
3495 1077 3559 1130 τδ
3601 1080 3664 1130 ἐν
3707 1081 3828 1141 τοῖς

2245 1168 2376 1236 παρ’
2404 1168 2537 1235 ἐμοῦ
2567 1167 2881 1239 λεγομένοις
2911 1172 3202 1241 χρήσιμον,
3235 1171 3332 1222 καὶ
3355 1167 3497 1240 μετὰ
3522 1169 3705 1239 πάσης
3723 1170 3825 1240 τῆς

2244 1257 2388 1308 κατὰ
2413 1258 2545 1311 Θεὸν
2581 1258 2876 1323 διαθέσεως
2904 1260 3215 1331 λεγόμενον.

2317 1346 2382 1416 β’.
2424 1347 2571 1400 Ἔδει
2605 1348 2705 1417 μὲν
2735 1343 2830 1400 οὖν
2864 1350 3010 1418 ἡμᾶς
3037 1350 3167 1420 περὶ
3192 1349 3448 1420 χρηστιῖιν
3473 1349 3823 1420 πραγμάτων

2244 1438 2314 1490 τὰ
2351 1440 2642 1509 σκέμματα
2690 1441 2826 1511 πρὸς
2856 1441 3121 1507 ἀλλήλους
3167 1442 3459 1494 ποιεῖσθαι.
3514 1443 3734 1513 Ἐπειδὴ
3760 1442 3822 1496 δὲ

2246 1530 2302 1580 al
2338 1531 2608 1600 ἁμαρτίαι
2645 1530 2807 1600 ἡμῶν
2847 1531 3050 1601 πολλὴν
3097 1533 3347 1598 ἐξουσίαν
3373 1535 3493 1596 ταῖς
3524 1534 3823 1604 ἐκκλησια-

2248 1626 2459 1682 omni;
2494 1626 2762 1692 ταραχαῖς
2823 1624 3183 1693 ἐποιήσαντο,
3219 1624 3409 1678 τούτου
3443 1625 3631 1679 ῑνεκεν
3661 1627 3827 1695 ἠπεί-

2248 1712 2382 1782 χοην
2413 1713 2480 1765 τὰ
2509 1716 2821 1783 πρόσφατον
2866 1716 3000 1785 ἡμῖν
3033 1717 3314 1786 γραφέντα
3348 1717 3459 1770 άπό
3490 1734 3551 1770 τε
3602 1717 3826 1787 Ῥώμης

2250 1805 2341 1856 καὶ
2382 1805 2804 1874 Ἀλεξανδρείας,
2828 1812 2893 1877 τῇ
3015 1808 3276 1878 γνωρίσαι
3298 1807 3561 1878 ὁσιότητι.
3605 1809 3828 1879 ’Δθρόοῡ

571 1903 820 1958 xandrini
852 1903 1100 1967 diversas
1142 1900 1209 1955 de
1248 1909 1341 1954 tua
1370 1900 1574 1970 pietate
1605 1899 1817 1952 litteras
1854 1912 2051 1967 magno
2076 1897 2143 1950 ad

2253 1896 2355 1963 γὰρ
2398 1895 2792 1966 Ἀλεξανδρέων
2846 1899 3100 1970 κληρικοὶ
3144 1901 3502 1965 ἐπιστάντες,
3535 1900 3826 1962 ἐπιστολὰς

521 2003 528 2010 ’
570 2011 672 2048 nos
695 1994 876 2048 studio
907 1992 1287 2061 pertulerunt;
1338 2006 1476 2044 unas
1501 1989 1726 2060 quidem
1760 1989 1993 2058 piissimi
2026 1989 2146 2059 epi-

568 2087 718 2157 scOpi
747 2083 1049 2146 leestini,
1078 2082 1317 2152 reliquas
1335 2096 1528 2136 omnes
1553 2079 1886 2134 sanctissimi
1902 2078 2148 2150 episcopi

568 2178 776 2249 Cyrilli.
807 2175 1010 2230 Harum
1040 2185 1222 2229 autem
1252 2174 1500 2243 exempla
1535 2174 1792 2238 mittens,
1824 2171 2150 2227 charitatein

571 2277 718 2322 tuam
762 2266 962 2320 obnixe
1017 2273 1262 2335 rogatam
1311 2263 1496 2333 cupio,
1531 2273 1594 2316 ut
1624 2264 1700 2317 ita
1739 2279 1835 2318 eas
1879 2264 2040 2333 legat,
2081 2278 2151 2316 ne

569 2376 676 2430 qua
707 2359 838 2413 hinc
871 2357 1040 2412 animi
1072 2355 1416 2427 perturbatio
1441 2363 1757 2426 consurgat,
1785 2370 1853 2409 ex
1888 2369 1996 2424 qua
2017 2369 2151 2408 con-

572 2452 851 2506 tentiones
895 2447 1309 2517 seditionesque
1355 2446 1654 2500 admodum
1699 2446 1876 2500 noxia
1904 2460 2151 2513 saepenu-

571 2557 726 2597 mero
749 2540 1098 2596 exoriuntur.
1131 2538 1238 2592 Sed
1259 2552 1436 2606 neque
1454 2552 1571 2591 rem
1598 2538 1740 2590 hanc
1763 2544 1968 2589 tantam
1997 2535 2149 2604 parvi

571 2647 790 2704 quoque
815 2630 1004 2696 ducas,
1037 2638 1134 2684 aut
1155 2639 1494 2683 contemnas.
1525 2627 1786 2682 Diabolus
1803 2642 2038 2696 namque
2063 2642 2152 2680 res

577 2724 738 2779 initio
781 2723 963 2777 minus
992 2729 1140 2776 recte
1180 2720 1449 2774 habentes
1492 2735 1592 2789 per
1637 2720 1951 2790 superbiam
1996 2719 2150 2773 novit

572 2815 906 2885 amplificare
933 2855 948 2877 ,
997 2815 1055 2868 in
1102 2827 1336 2882 eamque
1393 2812 1831 2883 magnitudinem
1887 2812 2150 2882 paulatim

571 2908 828 2971 evehere,
861 2916 923 2961 ut
962 2915 1152 2976 postea
1180 2920 1402 2961 omnem
1451 2920 1642 2959 curam
1677 2919 2007 2973 omnemque
2037 2919 2153 2958 me-

571 2993 809 3048 dicinam
838 3007 1118 3063 respuant.
1152 2990 1332 3058 Quare
1371 2991 1702 3046 benevolum
1735 3008 1800 3046 ac
1841 2992 2149 3046 studiosum

2251 1988 2385 2056 ἡμῖν
2413 1986 2676 2042 δεδώκασι
2707 1990 3033 2061 διαφόρους,
3069 1991 3199 2062 ’περὶ
3245 1991 3346 2061 τῆς
3385 1989 3697 2055 θεοσεϐείας
3732 1993 3827 2045 ἐκ·

2253 2077 2598 2146 πεμφθείσας
2625 2097 2639 2110 ο
2669 2080 2768 2151 τὴν
2805 2082 2904 2150 μὲν
2932 2081 3028 2135 τοῦ
3059 2083 3368 2152 ἁγιωτάτου
3393 2083 3697 2135 ἐπισκόπου
3719 2085 3828 2135 Κε-

2251 2172 2515 2233 λεστίνου,
2544 2171 2641 2235 τὰς
2683 2174 2740 2226 δὲ
2769 2176 2862 2226 τοῦ
2905 2173 3324 2244 θεοφιλεστάτου
3359 2175 3662 2230 ἐπισκόπου
3712 2177 3828 2230 Κυ-

2260 2265 2462 2334 ρίλὶου.
2502 2259 2602 2319 Ὧν
2653 2268 2720 2320 τὰ
2755 2267 3066 2340 ἀντίγραφα
3099 2269 3428 2333 ἀποστείλας
3455 2309 3472 2335 ,
3523 2269 3835 2342 παρακαλῶ

2255 2358 2349 2410 σοῦ
2378 2359 2476 2428 τὴν
2515 2358 2780 2426 διάθεσιν,
2808 2360 2984 2425 οὓτως
3010 2363 3194 2425 αὐτοῖς
3226 2364 3491 2434 ἐντυχεῖν,
3519 2361 3665 2416 ὥστε
3689 2363 3828 2433 μήτε

2250 2452 2498 2520 ταραχήν
2528 2468 2648 2504 τινα
2673 2452 2816 2505 κατὰ
2847 2453 3088 2509 διάνοιαν
3118 2455 3445 2525 ὑποστῆναι,
3480 2456 3575 2524 ἀφ’
3598 2449 3670 2528 ἧς
3700 2455 3831 2508 πολι-

2251 2542 2408 2605 λάκις
2443 2543 2764 2611 φιλονεικίαι
2812 2547 2906 2600 καὶ
2929 2549 3214 2611 ἐνστάονεις
3239 2547 3555 2612 smmum,-
3595 2547 3832 2620 συμϐαί-

2251 2651 2400 2686 νουσι
2419 2653 2431 2664 ·
2461 2638 2597 2705 μήτε
2619 2636 2726 2706 μὴν
2755 2639 3172 2709 καταφρονῆσαι
3191 2639 3286 2692 τοῦ
3307 2640 3665 2711 πράγματοςο
3688 2639 3831 2694 εἰδό-

2251 2742 2341 2788 τος
2366 2726 2459 2779 τοῦ
2485 2727 2730 2780 διαϐόλου
2749 2729 2818 2781 δι’
2833 2729 3138 2800 ὑπεροψίαν
3163 2729 3334 2784 πολλὰ
3354 2729 3465 2785 τῶν
3495 2731 3558 2783 οὐ
3575 2729 3834 2802 χρηστῶν

2253 2816 2595 2886 πραγμάτων
2645 2819 2940 2889 κορυφῶν,
2991 2819 3089 2873 καὶ
3136 2823 3217 2883 είς
3263 2820 3397 2890 ὕψος
3450 2822 3650 2892 αῐρειν,
3687 2821 3831 2875 ὥστε

2257 2907 2558 2977 ἀδιόρθωτα
2612 2909 2752 2962 αὐτὰ
2806 2911 3030 2982 ποιῆσαι
3073 2911 3366 2978 γενεσθαιο
3410 2912 3527 2968 ἀλλ’
3571 2911 3830 2984 ἐμμελῶς

2257 2998 2439 3060 αὐτοῖς
2473 2999 2715 3070 ἐντυχεῖν
2739 3016 2754 3031 ·
2782 3001 3120 3073 παραλαϐεῖν
3152 3002 3207 3056 δέ
3227 3019 3385 3066 τινας
3407 3002 3522 3057 τῶν
3540 3003 3832 3075 όμοψύχων

571 3085 828 3140 affectum
884 3084 952 3138 ad
1000 3083 1307 3138 litterarum
1359 3083 1654 3138 lectionem
1699 3083 1897 3138 afferas
1943 3101 1957 3137 :
2004 3085 2153 3141 viros

2259 3106 2342 3141 σοι
2379 3091 2516 3160 πρὸς
2540 3091 2640 3162 τήν
2670 3091 2781 3144 τῶν
2811 3093 3191 3164 προκειμένων
3219 3095 3504 3164 διάσκεψιν
3527 3111 3544 3128 ο
3565 3095 3750 3149 δοῦναι
3769 3094 3830 3149 δέ

570 3189 790 3244 quoque
838 3173 1128 3227 nonnullos
1159 3173 1438 3238 cordatos,
1483 3189 1549 3228 ac
1593 3175 1690 3228 tibi
1730 3174 2048 3237 benevolos,
2081 3176 2148 3230 ad

2257 3182 2442 3242 αὐτοῖς
2476 3183 2572 3234 καὶ
2605 3182 2854 3249 ἐξουσίαν
2882 3185 2944 3238 τὸ
2974 3185 3278 3256 συμφέρον,
3319 3185 3456 3239 ἀλλα
3487 3185 3564 3258 μή
3597 3186 3834 3258 τερπνὸν

571 3266 977 3335 propositarum
1005 3279 1188 3319 rerum
1210 3264 1707 3320 considerationem
1731 3267 1912 3320 socios
1935 3267 2036 3321 tibi
2061 3269 2153 3321 ad-

2255 3269 2672 3338 είσηγήσασθαι.
2708 3271 2934 3336 Πάντως
2973 3274 3083 3346 γὰρ
3121 3277 3172 3327 εί
3199 3274 3374 3345 ἔχοιεν
3406 3259 3620 3342 ἄδειαν,
3645 3277 3834 3331 πολλοί

564 3355 789 3425 jungas;
821 3353 1036 3424 illisque
1063 3369 1173 3408 non
1204 3369 1327 3424 qua:
1344 3362 1519 3423 grata,
1549 3353 1645 3408 sed
1669 3370 1792 3424 quae
1829 3355 1985 3408 utilia
2002 3365 2152 3422 sunt,

2253 3377 2313 3412 τε
2367 3361 2517 3424 ὄντες
2566 3364 2659 3416 καί
2707 3365 2924 3433 γνήσιοι
2971 3368 3022 3418 οί
3066 3365 3160 3418 τοῦ
3207 3369 3526 3439 σκέμματος
3570 3380 3598 3410 ι
3642 3386 3836 3423 κοινω-

567 3445 772 3501 eﬂ‘andi
814 3453 1140 3516 potestatem
1191 3445 1380 3500 facias.
1411 3445 1648 3500 Omnino
1695 3447 1845 3500 enim
1878 3447 1923 3500 si
1962 3448 2153 3502 arbitri

2255 3453 2492 3516 νοῦντες,
2527 3456 2727 3526 ῥᾳδίως
2760 3457 2854 3509 ἐπὶ
2883 3459 2983 3528 τὴν
3007 3459 3347 3530 συμϐουλίαν
3384 3461 3603 3532 ἥξουσι,
3635 3462 3738 3516 καὶ
3770 3463 3835 3516 τὸ

569 3540 780 3610 plures,
814 3539 1148 3608 minimeque
1174 3536 1366 3602 fucati,
1393 3551 1459 3592 ac
1482 3537 1713 3592 liberam
1740 3539 1887 3608 quod
1919 3541 2153 3594 sentiunt

2257 3543 2611 3615 νομιζόμενον
2659 3547 2928 3619 ὑπάρχειν
2980 3550 3308 3621 σκυθρωπὸν
3353 3551 3701 3623 παραχρῆμα
3744 3552 3833 3624 είη

572 3629 793 3684 dicendi
817 3629 1132 3684 facultatem
1155 3629 1326 3694 nacti,
1348 3629 1639 3699 praesentis
1667 3629 1870 3700 negotii
1896 3629 2158 3701 disquisi-

2259 3638 2505 3708 φαιδρὸν.

573 3725 710 3781 tioni
747 3726 1132 3787 adhibeantur,
1175 3723 1435 3813 facillime
1479 3724 1614 3779 illud
1657 3740 1722 3779 ea
1782 3725 2178 3781 deliberatione
2221 3745 2649 3803 consequentur,
2715 3746 2776 3791 ut
2821 3737 2874 3793 id
2901 3738 3050 3808 quod
3075 3755 3224 3796 nunc
3259 3743 3602 3813 perplexum,
3633 3741 3836 3799 durum

571 3834 637 3872 ac
656 3819 812 3872 triste
836 3824 1114 3882 censetur,
1137 3803 1265 3870 mox
1282 3816 1402 3871 leve
1428 3825 1486 3872 et
1509 3816 1692 3871 laetum
1726 3817 1817 3871 sit.

642 3908 696 3963 5.
720 3909 1016 3964 Enimvero
1043 3907 1174 3963 licet
1198 3907 1457 3964 dominus
1485 3925 1643 3964 meus
1667 3908 2021 3975 leestinus,
2051 3909 2163 3965 Deo

572 4001 961 4056 devotissimus
987 3999 1302 4071 episcopus,
1345 4005 1537 4055 decem
1569 4009 1781 4055 tantum
1829 4001 2044 4056 dierum
2075 4003 2161 4055 in-

576 4090 884 4154 tervallum,
916 4091 1212 4144 terminum
1240 4105 1416 4160 usque
1460 4091 1804 4160 responsioni
1835 4093 2162 4161 praeﬁnitum

575 4184 732 4240 valde
778 4193 1092 4255 angustum,
1118 4184 1320 4240 litteris
1359 4185 1474 4240 suis
1509 4185 1942 4255 interposuerit;
1981 4195 2163 4241 tamen

576 4293 668 4333 res
688 4292 752 4333 ea
778 4277 1048 4348 ejusmodi
1081 4286 1187 4342 est,
1216 4286 1297 4343 ut,
1325 4294 1436 4332 non
1463 4279 1588 4332 dico
1611 4277 1800 4332 decem
1827 4279 2044 4343 diebus,
2063 4279 2160 4334 sed

577 4383 707 4434 uno,
735 4369 846 4424 imo
886 4384 1020 4424 vero
1041 4371 1230 4440 paucis
1274 4370 1425 4425 horis
1457 4371 1657 4424 confici
1699 4385 1857 4439 posse
1888 4371 2157 4424 videatur.

576 4463 710 4517 Nam
759 4461 893 4532 quid
942 4461 1158 4517 facilius
1205 4471 1308 4527 est,
1365 4477 1530 4532 quam
1579 4462 1802 4515 nomine
1847 4460 2158 4524 commodo,

576 4555 873 4624 multisque
917 4554 1118 4609 sanctis
1147 4554 1404 4609 Patrihus
1433 4555 1655 4616 usitato,
1697 4562 1753 4607 et
1790 4568 1922 4607 vero
1956 4553 2160 4607 nihilo-

577 4647 778 4712 minus,
811 4647 1148 4716 salutarique
1184 4662 1251 4700 ex
1276 4647 1500 4717 Virgine
1520 4646 1668 4700 ortui
1704 4660 2068 4715 percongruo,
2104 4645 2159 4698 in

2332 3918 2402 3979 γ’.
2447 3913 2555 3966 Καὶ
2601 3913 2710 3985 γὰρ
2741 3916 2791 3968 εί
2837 3918 2931 3969 καὶ
2968 3917 3311 3990 προθεσμίαν
3358 3925 3702 3998 στενωτάτην
3723 3931 3838 3996 τοῖς

2258 4005 2584 4073 γράμμασιν
2613 4007 2875 4075 ἐνέθηκεν
2909 4010 2940 4061 ό
2978 4010 3171 4081 κύριός
3221 4029 3324 4082 μου
3353 4015 3382 4066 ό
3422 4014 3838 4088 θεοφιλέστατος

2260 4095 2580 4155 Κελεστῖνος
2606 4098 2632 4147 ὁ
2653 4097 2973 4161 ἐπίσκοπος,
2999 4099 3134 4153 δέκα
3169 4101 3362 4170 μόναις
3383 4104 3637 4175 ήμέραις,
3659 4108 3739 4170 ὡς
3770 4110 3839 4164 τὰ

2262 4185 2564 4254 γράμματα
2598 4185 2764 4238 αὑτοῦ
2816 4189 3085 4259 περίεχει,
3123 4192 3441 4260 accepi“;
3465 4194 3568 4264 τὴν
3596 4195 3837 4268 ἀπόκρι-

2262 4293 2346 4330 σιν
2371 4293 2382 4304 °
2431 4276 2546 4330 ἀλλ’
2598 4278 2806 4342 ἔξεστιν
2848 4281 3011 4352 ἔργον
3052 4285 3185 4336 αὐτὸ
3221 4285 3445 4353 ποιῆσαι
3478 4289 3570 4340 καὶ
3620 4289 3837 4360 ἡμέρας

2262 4369 2429 4438 μόνης
2465 4373 2612 4438 μιᾶς,
2637 4372 2775 4442 τάχα
2804 4373 2860 4426 δὲ
2898 4375 2993 4426 καὶ
3025 4375 3184 4445 ὡρῶν
3214 4376 3430 4444 ὀλίγων.
3468 4378 3542 4431 To
3566 4379 3678 4452 γὰρ
3701 4384 3840 4454 χρή-

2261 4460 2458 4513 σασθαι
2490 4465 2786 4535 προσφόρῳ
2815 4465 3037 4534 ὀνόματι
3071 4469 3129 4519 ἐν
3156 4470 3219 4537 τῇ
3257 4469 3398 4521 κατά
3433 4471 3526 4522 τὸν
3551 4473 3837 4542 παμϐασι-

2259 4551 2357 4605 λέα
2386 4554 2621 4624 Χριστὸν
2655 4556 2794 4630 ὺπέρ
2823 4559 2979 4627 ήμῶν
3011 4559 3322 4630 οἰκονομίᾳ,
3352 4562 3704 4635 τετριμμένῳ
3739 4565 3838 4636 μὲν

2261 4643 2474 4710 πολλοῖς
2526 4647 2635 4699 τῶν
2673 4646 2974 4718 Πατέρων,
3008 4649 3402 4720 ἐπαληθεύοντι
3437 4652 3494 4704 δέ
3548 4655 3646 4708 καὶ
3689 4659 3760 4728 τῇ
3809 4658 3838 4698 δ

577 4737 780 4792 Christi
820 4737 1067 4792 omnium
1107 4736 1256 4808 regis
1289 4736 1701 4807 dispensatione
1732 4736 1811 4789 uti
1836 4737 1858 4788 ?
1880 4736 2016 4790 Cum
2054 4737 2153 4790 hoc

2264 4738 2521 4806 σωτηρίῳ
2542 4741 2604 4791 ἐκ
2640 4739 2918 4809 Παρθένου
2948 4741 3223 4809 γεννήσει,
3254 4741 3416 4796 τοῦτο
3447 4743 3632 4816 ῥᾴδιον
3658 4765 3672 4778 ·
3702 4749 3840 4820 ὅπερ

577 4844 709 4898 ergo
749 4829 1118 4897 periculosum
1160 4844 1272 4882 non
1305 4828 1396 4892 sit,
1426 4845 1644 4898 aequum
1677 4844 1786 4881 non
1819 4837 1904 4881 est
1945 4838 2005 4882 ut
2032 4844 2161 4882 san-

578 4919 738 4973 ctitas
773 4927 862 4972 tua
897 4919 1030 4973 illud
1066 4919 1289 4974 refutet.
1316 4919 1505 4988 Neque
1553 4920 1605 4973 id
1641 4935 1788 4973 nunc
1817 4920 1965 4989 apud
1990 4936 2046 4974 se
2072 4936 2163 4974 ρος

577 5011 712 5079 gitet
767 5018 924 5078 turpe
963 5024 1086 5064 esse
1131 5011 1236 5065 sibi
1281 5009 1579 5080 pugnantia
1629 5009 1849 5064 docere.
1904 5010 1960 5064 Si
2014 5011 2161 5064 enim

577 5115 734 5154 mens
770 5107 863 5154 tua
901 5100 1092 5154 eadem
1133 5102 1278 5172 sapit
1306 5110 1363 5156 et
1389 5101 1576 5163 sentit,
1601 5117 1724 5170 qua
1763 5101 1936 5157 sancti
1971 5103 2162 5158 Patres

576 5191 944 5261 Ecclesiaaque
973 5191 1227 5248 doctores
1261 5195 1506 5249 sentiunt
1529 5203 1585 5250 et
1615 5194 1836 5262 sapiunt
1860 5194 2006 5263 (nam
2030 5193 2156 5258 hoc,

577 5283 799 5340 domine
829 5286 924 5349 mi,
956 5294 1013 5339 et
1039 5301 1106 5340 ea
1143 5287 1350 5352 multis,
1377 5296 1435 5342 et
1459 5305 1528 5343 ex
1555 5288 1946 5343 communibus
1967 5289 2162 5342 amicis

577 5377 646 5432 de
671 5387 724 5432 te
753 5377 1114 5447 accepimus),
1171 5393 1436 5448 quorsum
1475 5380 1688 5435 vereris
1734 5380 1887 5450 pium
1938 5395 2162 5435 sensum

578 5470 928 5524 convenienti
958 5485 1094 5526 voce
1121 5470 1436 5541 publicare?
1456 5473 1761 5542 praesertim
1793 5487 1921 5528 cum
1944 5481 2024 5528 tot
2045 5483 2164 5528 tan-

578 5561 728 5632 tique
756 5563 1026 5619 tumultus
1046 5579 1110 5618 ac
1132 5563 1561 5638 disceptationes
1579 5581 1647 5620 ex
1677 5573 1730 5620 te
1757 5574 1905 5620 nata
1934 5565 2008 5621 ob
2031 5581 2183 5621 ocur

2260 4825 2386 4879 οὔτε
2438 4828 2515 4891 ὼς
2563 4829 2903 4882 ἐπικίνδυνον
2938 4830 3046 4901 χρὴ
3090 4832 3537 4904 παραιτήσασθαι
3587 4835 3690 4906 τὴν
3740 4840 3840 4910 σὴν

2259 4920 2517 4991 ὁσιότητα
2543 4961 2556 4984 ,
2599 4920 2725 4974 οὔτε
2782 4923 2960 4974 ἐκεῖνο
2993 4923 3462 4991 ὑπολογίσασθαι,
3493 4927 3571 4990 ὡς
3622 4927 3687 4980 οὐ
3733 4931 3840 5001 χρὴ

2261 5012 2474 5082 σεαυτῷ
2503 5014 2762 5067 τάναντία
2792 5015 3072 5069 ἐκθέσθαι.
3104 5016 3168 5070 El
3195 5016 3306 5086 γὰρ
3327 5017 3361 5086 ή
3386 5017 3597 5073 διάνοιά
3621 5036 3719 5072 σου
3743 5021 3838 5074 τοῦ

2259 5103 2425 5156 αὐτοῦ
2463 5107 2572 5166 τοῖς
2602 5105 2851 5175 Πατράσι
2879 5106 2976 5159 καὶ
3003 5107 3103 5177 τῆς
3139 5106 3465 5178 Ἐκκλησίας
3496 5109 3842 5177 διδασκάλοις

2261 5195 2604 5264 φρονήματος
2633 5194 2818 5264 ἔχεται
2839 5210 2854 5223 ο
2893 5193 3053 5247 τοῦτο
3077 5193 3188 5265 γὰρ
3224 5194 3310 5247 διὰ
3349 5194 3563 5249 πολλῶν
3596 5197 3696 5252 καὶ
3727 5216 3841 5252 κοι-

2258 5285 2366 5338 νῶν
2386 5286 2558 5354 φίλων
2580 5287 2708 5358 περὶ
2727 5286 2843 5351 σοῦ,
2867 5287 3126 5351 δέσποτα,
3149 5287 3555 5358 μεμαθήκαμεν
3573 5306 3587 5320 ·
3609 5289 3667 5342 τί
3681 5289 3841 5344 λυπεῐ

2260 5378 2322 5430 τὸ
2354 5379 2574 5441 εύσεσές
2617 5379 2876 5450 φρόνημα
2921 5377 3241 5450 καταλλήλῳ
3279 5379 3508 5450 ὀνόματι
3548 5379 3843 5451 δημοσιεῦ-

2261 5485 2375 5534 σαι;
2405 5471 2498 5523 καὶ
2522 5470 2645 5522 τότε
2679 5468 2947 5540 τοσαύτης
2976 5469 3372 5540 περικειμένης
3393 5481 3417 5509 ε
3444 5470 3718 5549 ταραχῆς,
3745 5472 3842 5526 καὶ

2259 5563 2530 5634 τοσαύτης
2560 5562 2841 5635 ζητήσεως
2871 5563 2938 5616 ἐκ
2980 5561 3100 5617 σοῦ.
3131 5561 3306 5616 Τοῦτο
3331 5561 3445 5636 γάρ
3475 5562 3619 5632 (dt,
3656 5564 3847 5636 θεοφο-

1648 5720 1822 5778 Variae
1849 5721 2112 5776 lectiones
2142 5720 2350 5775 codicis
2384 5718 2747 5792 Seguieriani.

645 5851 675 5883 ι
715 5837 1056 5909 πράγματος.
1133 5835 1160 5876 δ
1200 5836 1282 5889 la.
1313 5836 1402 5889 ἐπὶ
1435 5837 1502 5907 τῇ

1601 5846 1622 5874 ι
1668 5835 1755 5889 Ia.
1793 5835 1884 5889 irai
1911 5832 2069 5889 τοῦτο
2098 5832 2388 5904 τοσαύτης.
