4128 6324
285 428 424 484 ηδε

1744 419 2121 477 EPISTULA}.

3416 429 3549 485 1454

280 549 531 615 λέστατε,
572 550 854 620 κεκίνηται
891 549 953 602 τὸ
984 548 1299 616 κεςάλαιον,
1326 546 1420 599 καὶ
1449 540 1532 607 οἷς
1550 558 1611 597 τε
1639 542 1855 613 μακρὰν

1958 541 2046 597 los
2071 544 2185 613 jam
2228 542 2562 600 versentur?
2604 540 2710 598 Eas
2745 557 2985 615 namque
3014 543 3176 618 (mihi
3215 544 3403 609 crede.
3438 548 3551 604 Deo

280 639 375 693 καὶ
400 634 485 705 οἷς
510 641 702 709 ἐγγὺς,
726 638 931 710 σφόδρα
957 636 1467 709 περιτεθρύλληται.
1493 635 1604 689 Καὶ
1630 632 1859 702 πλείστη

277 732 380 801 δση
404 733 536 803 περὶ
561 730 755 784 τούτου
791 730 931 801 ζάλη
962 730 1240 800 ἀδοκήτως
1265 730 1366 790 τὰς
1410 726 1736 797 Ἑκκλησίας
1778 726 1860 778 δι-

283 821 451 874 έλαϐε
475 862 493 886 ,
526 821 635 873 τῶν
664 820 936 891 πανταχοῦ
974 818 1183 873 πιστῶν
1212 818 1417 887 ταύτης
1451 818 1616 870 ἕνεκα
1648 818 1747 885 τῆς
1777 818 1859 869 αξ-

277 915 402 978 τὶας
426 914 679 984 ἀλλήλοις
711 908 832 966 καθ’
856 915 1094 982 ἑκάστην
1118 910 1590 981 συρρηγνυμένων
1605 907 1705 979 τὴν
1728 907 1859 978 mtt-

284 1021 409 1077 ραν.
464 1004 579 1058 Καὶ
608 1005 691 1058 δτι
721 1002 878 1057 τοῦτό
921 1005 1069 1056 ἐστιν
1112 1000 1312 1071 ἀληθὲς
1340 1041 1355 1063 ,
1403 1000 1501 1053 ἀπ’
1536 1000 1718 1053 αὐτῶν
1747 998 1859 1051 τῶν

282 1096 629 1166 πραγμάτων
655 1096 739 1165 είη
770 1093 937 1163 σαφές
953 1098 1001 1147 d.
1018 1093 1085 1147 Ἦ
1114 1092 1224 1161 γὰρ
1248 1090 1410 1155 Δύσις
1442 1092 1538 1146 καὶ
1556 1091 1855 1159 Αἴγυπτος,

280 1186 427 1256 τάχα
462 1186 524 1239 δὲ
564 1188 660 1240 καὶ
702 1184 1013 1240 Μακεδονία
1063 1182 1283 1254 ἔκριναν
1336 1182 1721 1253 ἀπορραγῆναι
1756 1180 1857 1249 τῆς

279 1275 553 1339 ἕνώσεως,
597 1274 666 1346 ἢν
692 1273 880 1345 ἱδρῶσι
932 1270 1148 1335 πολλοῖς
1174 1271 1271 1325 καὶ
1320 1272 1507 1336 πόνοις
1550 1271 1727 1339 ἁγίων
1760 1270 1859 1323 καὶ

278 1367 571 1437 ἐπισήμων
591 1367 927 1430 ἐπισκόπων,
944 1365 1042 1418 καὶ
1057 1364 1295 1434 μάλιστα
1309 1363 1405 1416 τοῦ
1417 1365 1485 1416 τὰ
1502 1364 1679 1416 πάντα
1697 1362 1856 1430 ἁγίου

278 1457 377 1511 καὶ
408 1456 593 1510 κοινοῦ
618 1456 778 1527 ἡμῶν
817 1453 1033 1525 Πατρὸς
1076 1454 1173 1508 τοῦ
1213 1453 1452 1524 μεγάλου
1496 1453 1754 1507 Ἀκακίον
1774 1494 1788 1517 ,
1819 1454 1853 1524 ἠ

276 1550 373 1604 τοῦ
424 1550 561 1605 Θεοῦ
613 1550 775 1620 χάρις
817 1547 898 1619 τῷ
942 1545 1108 1617 κοινῷ
1151 1545 1260 1599 τῶν
1298 1543 1636 1615 Ἐκκλησιῶν
1691 1543 1856 1613 κεχάο

279 1660 483 1714 ρισται.
514 1641 612 1706 Τίς
639 1642 750 1713 γὰρ
780 1640 1078 1711 μέμψαιτο,
1118 1640 1167 1693 εί
1199 1635 1371 1701 δόξεις
1402 1636 1607 1705 λέγειν,
1658 1635 1694 1690 ἃ
1724 1653 1857 1707 φρο-

274 1736 422 1801 νιϊςς
454 1733 673 1787 Μᾶλλον
713 1732 773 1786 δὲ
804 1731 888 1795 τίς
924 1730 1024 1784 οὐκ
1065 1729 1133 1784 ἂν
1166 1728 1523 1794 ἀποδέξαιτο,
1556 1730 1607 1781 εἰ
1644 1728 1857 1793 δέξεται

274 1825 676 1897 προσηγορίαν,
698 1820 767 1897 ἦς
795 1824 893 1895 τὴν
918 1824 1177 1887 διάνοιαν,
1206 1820 1282 1884 ὡς
1305 1819 1572 1891 ἔγνωμεν.
1607 1822 1641 1891 ἡ
1668 1821 1736 1891 σὴ
1760 1821 1853 1873 εὑ-

270 1888 485 1967 λάὸειά
510 1888 771 1984 imiimi:
795 1955 811 1978 ,
850 1888 965 1967 ’καὶ
1009 1911 1167 1967 τοῦτο
1210 1888 1355 1982 ὑπὲρ
1390 1888 1734 1974 εὐσταθείας-
1758 1912 1853 1966 καὶ
1888 1888 1928 1943 Β

269 2009 500 2079 εἰρήνης
550 2006 970 2077 οἰκουμενικῆςς
1016 2005 1079 2059 El
1130 2005 1277 2059 δοκεῖ
1330 2006 1411 2069 δὲ,
1450 2004 1620 2059 καλοῦ
1676 2022 1857 2075 παρα·

268 2098 567 2169 δείγματος
598 2099 678 2161 εἰς
700 2096 898 2167 καιρὸν
935 2098 1242 2169 άπομνήσω
1269 2113 1328 2150 σε
1356 2136 1372 2159 ,
1401 2088 1464 2149 οὗ
1491 2095 1751 2166 βούλομαί
1792 2112 1851 2151 σε

268 2193 369 2243 καὶ
402 2180 731 2260 μεμνῆσθαι.
772 2188 907 2242 Οὐδὲ
934 2189 1044 2259 γὰρ
1074 2188 1266 2258 χρόνος
1288 2188 1456 2251 πολύς
1501 2189 1673 2253 ἔστιν,
1704 2187 1765 2251 ἐξ
1789 2180 1852 2240 οὗ

268 2282 403 2351 παρ’
441 2282 575 2351 ἡμῖν
620 2278 988 2359 συμδέϐηκεν,
1033 2279 1175 2335 ὥστε
1202 2280 1335 2335 αὐτὸ
1364 2281 1460 2333 καὶ
1500 2278 1642 2352 λήθῃ
1676 2296 1853 2350 παρα-

265 2372 510 2441 δοθῆναι.
543 2370 840 2441 Μέμνησαί
868 2388 969 2424 που
1000 2372 1220 2435 πάντως
1262 2370 1358 2426 τοῦ
1386 2371 1658 2442 μακαρίου
1704 2370 1854 2427 Παύ-

268 2463 364 2515 λου
396 2474 421 2502 ο
444 2462 539 2515 τοῦ
569 2454 895 2523 ἐπισκόπου.
925 2465 984 2517 ὲν
1012 2464 1270 2535 ἐξηγήσει
1302 2466 1551 2527 είπόντος
1576 2482 1629 2518 τι
1649 2466 1761 2518 τῶν
1788 2464 1851 2517 οὐ

266 2556 541 2621 δοξάντων
586 2555 768 2615 καλῶς
811 2555 1064 2626 εἰρῆσθαι
1116 2556 1318 2627 πρώτῳ
1369 2558 1430 2611 τέ
1465 2576 1575 2625 σοι,
1625 2557 1704 2629 τῷ
1755 2559 1851 2611 καὶ

269 2646 785 2718 παῤῥησιασαμένῳ
831 2648 955 2701 κατ’
994 2649 1201 2701 ἐκεῖνον
1232 2649 1322 2701 τὸν
1373 2649 1564 2721 καιρὸν
1588 2691 1605 2714 ,
1657 2650 1850 2703 ἔπειτα

270 2738 371 2791 καὶ
401 2740 537 2792 πᾶσι
565 2740 678 2801 τοῖς
710 2740 980 2793 ἀκούσασι
1001 2754 1017 2770 ·
1050 2742 1142 2793 καὶ
1170 2741 1319 2803 ὅπως
1362 2743 1571 2805 ἐκεῖνος
1600 2742 1855 2812 αἰσθόμε-

270 2847 363 2893 νος
396 2830 500 2899 τῆς
530 2830 735 2901 βλάϐης
776 2833 868 2884 καὶ
902 2832 1001 2900 τῆς
1039 2834 1319 2904 ταραχῆς,
1353 2834 1419 2905 ῆν
1446 2836 1474 2887 ό
1522 2835 1719 2905 μικρὸς
1746 2836 1849 2897 ’ὲν-

276 2918 508 2990 εποίησε
538 2919 786 2991 θόρυϐος,
823 2922 1086 2991 ἐννοήσας
1108 2922 1232 2991 ὼςὴ
1260 2923 1472 2993 ταραχὴ
1498 2925 1714 2995 ποιήσει
1737 2926 1853 2978 διά-

271 3028 492 3078 στασιν,
536 3012 739 3083 μᾶλλον
770 3013 827 3066 δὲ
865 3013 961 3066 καὶ
1008 3014 1327 3067 ἀντίστασιν
1350 3054 1366 3078 ,
1413 3014 1712 3082 φιλούντων
1740 3016 1850 3069 τῶν

268 3104 617 3176 ἀνθρώπων..
652 3106 703 3158 εἰ
756 3104 1015 3176 τοιαύτης
1056 3104 1339 3175 δράξοιντο
1384 3107 1676 3177 ἀφορμῆς.
1721 3108 1849 3177 τῇδε

1960 632 2207 705 dilecte),
2242 648 2369 690 cum
2401 634 2547 706 apud
2568 634 2853 698 ﬁnitimos.
2884 644 3002 690 tum
3036 634 3183 707 apud
3212 635 3374 708 longe
3400 651 3547 707 quo-

1958 740 2069 797 que
2096 726 2309 796 positos
2345 724 2538 782 turbas
2564 726 2879 791 concitasti,
2913 741 3037 798 qua
3058 725 3335 797 ingentem
3360 743 3428 783 ex
3463 727 3550 784 in-

1957 824 2180 887 sperato
2234 815 2496 888 Ecclesiis
2538 824 2922 888 tempestatem
2978 832 3265 888 peperere.
3316 816 3550 876 Constat

1958 885 2107 963 enim
2135 885 2341 965 ﬁdeles.
2377 885 2807 981 circumquaque
2854 885 3141 983 degentes.
3184 912 3352 984 huius
3389 926 3542 982 quas-

1958 999 2157 1055 stionis
2183 1007 2243 1054 et
2290 999 2681 1055 controversiae
2708 1014 2877 1057 causa
2921 1001 3067 1058 inter
3105 1018 3166 1059 se
3207 1001 3541 1067 conﬂictari,

1957 1090 2317 1162 quotidieque
2345 1106 2377 1147 a
2400 1106 2460 1149 se
2484 1091 2720 1149 invicem
2740 1088 2949 1147 divelli.
2974 1094 3181 1150 Verum
3201 1104 3386 1151 autem
3416 1108 3541 1149 esse

1957 1181 2105 1251 quod
2161 1181 2424 1246 dicimus,
2476 1196 2549 1238 ex
2592 1179 2846 1252 ipsismet
2896 1182 3061 1237 rebus
3106 1182 3256 1237 haud
3315 1182 3541 1238 diﬂicile

1956 1273 2271 1344 perspicere
2300 1273 2453 1331 licet.
2477 1272 2618 1328 Nam
2639 1280 2699 1327 et
2722 1271 2995 1329 Occidens
3016 1314 3031 1338 ,
3070 1283 3129 1329 et
3158 1272 3447 1347 Egyptus,
3481 1284 3542 1330 et

1958 1364 2077 1434 ipsa
2098 1364 2329 1421 fortasse
2358 1363 2698 1432 lacedonia.
2724 1364 2796 1419 ab
2830 1378 2897 1419 ea
2927 1365 3131 1421 unione
3154 1380 3275 1421 sese
3310 1366 3541 1422 abrum-

1957 1470 2089 1525 pere
2116 1455 2500 1520 decreverunt,
2532 1470 2702 1527 quam
2731 1454 3030 1527 singularis
3056 1456 3153 1512 Dei
3178 1454 3541 1529 beneficentia

1955 1561 2056 1617 per
2091 1549 2296 1603 multos
2326 1555 2646 1603 sanctorum
2685 1547 2933 1613 Patrum,
2982 1548 3396 1619 celebriumque
3421 1549 3541 1620 epi-

1956 1653 2272 1710 scoporum,
2303 1648 2359 1695 et
2406 1640 2686 1711 pmcipue
2724 1656 2825 1711 per
2873 1641 3211 1699 sanctissimi
3247 1640 3541 1712 magnique

1959 1729 2107 1785 illius
2166 1729 2348 1786 Patris
2391 1731 2568 1785 nostri
2620 1729 2805 1787 Acacii
2866 1729 3099 1786 sudores
3147 1730 3541 1801 molestiasque

1959 1820 2237 1876 communi
2266 1820 2525 1877 Ecclesia:
2549 1820 2776 1877 utilitati
2802 1812 3128 1893 impertivit.
3149 1820 3304 1890 Quis.
3328 1837 3538 1893 quaeso.

1957 1912 2353 1982 reprehendat,
2409 1914 2456 1969 si
2506 1929 2572 1968 ea
2600 1929 2725 1984 quae
2773 1915 2970 1980 scutis,
3020 1915 3198 1971 libere
3254 1906 3542 1990 exponas?

1956 2004 2071 2059 lmo
2099 2020 2231 2059 vero
2259 2005 2383 2075 quis
2406 2004 2666 2062 laudibus
2693 2022 2802 2063 non
2822 2006 3041 2073 eﬂ'erst,
3070 2009 3120 2064 si
3145 2022 3351 2068 nomen
3380 2008 3541 2081 cujus

1956 2112 2178 2153 sensum
2211 2099 2393 2167 pietas
2432 2105 2548 2162 tua,
2579 2108 2643 2153 ut
2662 2099 3051 2170 cognovimus,
3087 2098 3363 2171 possidet,
3410 2114 3541 2171 pro-

1954 2199 2077 2258 pter
2102 2187 2377 2258 publicam
2398 2188 2642 2258 quietem
2674 2204 3133 2261 communemque
3160 2189 3315 2245 orbis
3346 2204 3538 2261 pacem

1954 2280 2239 2336 admittat?
2259 2278 2416 2346 Quod
2439 2280 2487 2333 si
2513 2279 2756 2344 videtur,
2780 2280 3196 2351 perpulchrum,
3219 2289 3278 2337 et
3301 2281 3372 2337 ad
3394 2297 3527 2351 pra-

1954 2382 2165 2428 sentem
2222 2372 2657 2428 controversiam
2705 2379 3182 2443 peropportunum
3226 2375 3537 2444 exemplum

1954 2464 2054 2520 tibi
2085 2464 2191 2521 hoc
2215 2465 2338 2520 loco
2367 2463 2424 2519 in
2454 2473 2698 2520 mentem
2733 2462 3016 2527 reducam,
3044 2463 3203 2535 cujus
3230 2470 3286 2520 te
3316 2478 3537 2535 quoque

1952 2556 2268 2613 meminisse
2290 2554 2479 2613 velim.
2504 2554 2795 2626 Temporis
2814 2554 2987 2620 enim,
3006 2568 3072 2610 ex
3093 2570 3205 2625 quo
3223 2555 3358 2612 illud
3376 2556 3536 2626 apud

1952 2665 2055 2705 nos
2083 2650 2307 2714 accidit,
2358 2648 2498 2704 adeo
2534 2648 2773 2703 multum
2816 2663 2928 2703 non
2954 2648 3288 2712 intercessit.
3320 2658 3380 2705 ut
3422 2650 3537 2721 jam

1950 2743 2136 2797 animo
2162 2741 2418 2796 excidere
2451 2740 2721 2811 potuerit.
2757 2740 3019 2796 Memoria
3056 2739 3206 2796 haud
3252 2740 3421 2798 dubie
3450 2750 3535 2795 ιε-
3642 2774 3651 2783 ~

1952 2849 2071 2897 nes,
2098 2848 2224 2888 cum
2268 2832 2431 2889 beato
2465 2831 2637 2887 Paulo
2688 2829 2766 2899 (l)
2816 2830 2873 2885 in
2916 2830 3261 2901 expositione
3298 2830 3535 2901 quadam

1950 2925 2247 2979 excidisset
2280 2923 2566 2993 quiddam,
2591 2920 2741 2993 quod
2770 2921 2871 2978 tibi
2900 2920 2960 2977 in
2986 2923 3201 2993 primis,
3228 2923 3326 2996 qui
3350 2938 3451 2995 per
3478 2923 3535 2980 id

1951 3026 2170 3086 tempus
2216 3015 2431 3070 caeteris
2484 3014 2716 3070 liberius
2744 3012 2941 3084 egisti,
2976 3023 3096 3069 tum
3137 3014 3265 3072 aliis
3313 3030 3535 3085 quoque

1950 3108 2209 3162 omnibus
2238 3108 2332 3177 qui
2355 3104 2663 3169 audierant,
2692 3120 2803 3161 non
2827 3114 2977 3162 recte
2996 3105 3205 3161 dictum
3220 3105 3533 3173 videbatur;

270 3196 500 3249 κάκεῖσε
532 3195 889 3267 διαιρεῖσθαι,
928 3197 1022 3250 καὶ
1047 3198 1146 3267 τὴν
1172 3198 1488 3252 ἀντίστασιν
1517 3197 1721 3266 αὔξειν,
1756 3201 1849 3254 τὸν

1953 3212 2062 3268 quo
2106 3206 2268 3267 pacto
2322 3197 2435 3260 ille,
2483 3206 2845 3267 posteaquam
2896 3196 3158 3253 damnum
3211 3196 3536 3269 turbamque

266 3285 532 3339 δοκοῦντα
566 3285 777 3357 βραχὺν
814 3282 957 3340 εἶναι
989 3286 1084 3340 τοῦ
1128 3286 1429 3341 σκανδάλου
1476 3288 1751 3360 σπινθῆρα
1777 3306 1790 3321 ο
1821 3289 1849 3342 ὃ

270 3377 338 3449 δὴ
380 3378 479 3432 καὶ
508 3381 639 3450 παρ’
673 3382 807 3451 ἡμῖν
854 3379 949 3433 νῦν
976 3381 1267 3449 γεγένηται
1294 3396 1307 3409 ο
1349 3381 1500 3443 ὅπως
1532 3381 1562 3433 ὁ
1602 3383 1849 3449 γενναῖος

270 3470 483 3534 ὲκείνος
527 3470 770 3535 ἀναστάς
814 3471 876 3525 οὺ
926 3472 1067 3541 μετά
1101 3472 1306 3537 πολλὰς
1326 3472 1548 3545 ἡμέρας
1570 3513 1585 3537 ,
1618 3474 1678 3527 τὸ
1713 3474 1847 3546 παρ’

268 3564 440 3618 αὐτοῦ
475 3558 755 3636 παραχθὲν
804 3563 826 3604 ἲ
858 3566 1298 3637 ἀνερνθριάστως
1334 3567 1430 3620 ἐπὶ
1459 3566 1716 3638 χρησίμῳ
1748 3569 1849 3635 τῆς

282 3653 613 3725 Ἐκκλησὶας
642 3656 991 3729 διωρθώσατο
1008 3674 1021 3687 ·
1045 3659 1139 3711 καὶ
1154 3657 1611 3729 διορθωσάμενος,
1636 3676 1849 3727 παραυ-

268 3744 401 3798 τίκα
423 3747 769 3817 ἀπετρίψατο
792 3748 893 3819 τὴν
924 3749 1047 3802 καθ’
1077 3748 1241 3801 αὐτοῦ
1264 3750 1550 3817 γεγονυῖαν
1574 3748 1848 3821 διαῦολὴν,

268 3834 334 3887 οὐ
362 3834 728 3906 λογισάμενος
752 3833 893 3893 εἶναι
921 3857 973 3893 τι
1015 3840 1214 3911 σαθρὸν
1240 3840 1339 3911 τὴν
1369 3839 1678 3910 δίορθωσιν.
1713 3842 1851 3895 Καί-

265 3941 353 3979 τοι
380 3924 603 3981 πάντων
624 3927 845 3982 εἰδότων
875 3933 994 3999 μὲν,
1016 3931 1091 3995 ὼς
1122 3930 1339 4003 σαθρῶς
1368 3931 1502 4001 παρ’
1528 3930 1692 3986 αὑτοῦ
1723 3931 1845 3985 ἐλέ-

267 4016 371 4087 χθη
402 4016 466 4070 τὺ
496 4016 706 4087 λεχθὲν,
741 4018 1164 4085 ἀποδεξαμένων
1198 4020 1255 4073 δὲ
1300 4022 1465 4077 αὐτὸν
1506 4022 1610 4093 τῆς
1635 4040 1848 4095 παραυ-

268 4106 402 4160 τίκα
429 4106 824 4177 μεταστάσεως
849 4107 899 4159 6.

1954 3304 2077 3359 qua:
2096 3289 2327 3359 exiguus
2348 3296 2530 3344 motus
2546 3299 2861 3359 pepererat,
2876 3288 3306 3355 considerasset,
3331 3303 3537 3361 expen-

1954 3379 2259 3450 dissetque,
2299 3378 2573 3450 ejusmodi
2624 3378 3088 3434 tumultuationes
3132 3387 3335 3443 sectas,
3372 3379 3536 3436 dissi-

1953 3475 2152 3545 diaque
2178 3485 2445 3543 generare
2475 3484 2640 3540 posse
2665 3468 2868 3542 (solent
2890 3484 3129 3540 namque
3153 3468 3409 3526 homines
3432 3469 3537 3526 hu-

1947 3563 2188 3637 jusmodi
2203 3571 2421 3631 arrepta
2436 3561 2724 3617 occasione
2747 3560 2896 3616 ultro
2911 3560 3162 3631 citroque
3186 3560 3533 3628 tumultuari,

1952 3668 2115 3727 atque
2152 3672 2184 3709 a
2230 3669 2289 3709 se
2336 3661 2532 3708 mutuo
2583 3651 2856 3723 sejungi);
2902 3652 3195 3723 cogitasset
3239 3661 3532 3724 praetcrea,

1942 3762 2163 3818 parvam
2193 3744 2514 3800 oﬂensionis
2539 3742 2838 3799 scintillam
2884 3758 3141 3814 magnum
3185 3757 3331 3814 saepe
3368 3742 3533 3800 fomi-

1944 3849 2055 3894 tem
2098 3835 2394 3891 discordiis
2439 3835 2862 3890 subministrare
2925 3832 3114 3905 (quod
3164 3834 3332 3890 etiam
3378 3850 3531 3891 nune

1942 3925 2088 3998 apud
2122 3942 2223 3981 nos
2257 3940 2361 3980 usu
2388 3924 2606 3980 venisse
2647 3924 2948 3994 cernimus)
2971 3964 2986 3989 ,
3016 3940 3128 3981 non
3157 3936 3281 3997 post
3323 3930 3529 3986 multos

1943 4018 2065 4075 dies
2089 4030 2356 4088 generose
2385 4014 2442 4071 in
2477 4013 2722 4069 medium
2766 4028 3112 4085 progressus,
3148 4014 3202 4069 id
3237 4017 3383 4087 quod
3406 4033 3441 4075 a
3467 4034 3529 4075 se

1943 4110 2153 4165 dictum
2170 4105 2368 4169 fuerat,
2396 4104 2454 4160 in
2481 4104 2714 4176 gratiam
2750 4104 3029 4169 Ecclesiae,
3056 4105 3196 4161 nihil
3223 4108 3530 4180 quidquam

268 4201 482 4254 veritus
518 4200 856 4267 correxerit;
925 4202 1181 4277 factaque
1241 4202 1657 4270 emendatione,
1700 4222 1918 4263 onmem
1956 4219 2081 4261 mox
2130 4198 2461 4257 calumniam
2514 4198 2806 4254 adversum
2860 4214 2917 4254 sc
2973 4200 3263 4256 excitatam
3307 4203 3530 4271 penitus

266 4291 616 4348 exstinxerit.
652 4291 721 4347 Et
746 4292 997 4363 quamvis
1026 4306 1187 4366 nemo
1208 4292 1455 4352 nesciret
1479 4296 1625 4361 quod
1649 4297 1719 4351 ab
1756 4300 1849 4354 illo
1886 4298 2099 4353 dictum
2118 4300 2260 4357 erat,
2285 4277 2472 4347 minus
2531 4299 2679 4345 recte
2710 4289 3035 4360 sinceraque
3094 4290 3303 4347 dictum
3326 4292 3526 4359 fuisse;

265 4396 512 4442 attamen
534 4387 681 4457 quod
715 4396 967 4457 prompte
1000 4388 1055 4442 id
1083 4398 1404 4445 retractaret
1428 4390 1575 4461 quod
1607 4391 1842 4458 dixerat,
1881 4392 2160 4450 hominem
2188 4387 2377 4444 statim
2394 4385 2673 4458 complexi
2706 4394 2837 4441 sunt
2865 4400 3078 4441 omnes.

335 4483 401 4537 δ’.
447 4481 591 4550 Ἐγὼ
620 4481 678 4534 δέ
706 4499 800 4535 σου
830 4484 930 4554 τὴν
959 4484 1271 4537 θεοσέϐειαν
1306 4486 1407 4539 οὐκ
1436 4488 1529 4540 ἐπὶ
1556 4488 1843 4562 διαϐεϐλη-

2022 4489 2077 4544 4.
2111 4487 2224 4556 Ego
2241 4498 2376 4541 vero
2402 4498 2516 4539 non
2538 4482 2606 4539 ad
2638 4482 2965 4555 probrosam
2997 4484 3235 4553 aliquam
3260 4485 3529 4542 orationis

269 4572 407 4645 μένῃ
452 4574 782 4644 μεταστάσει
830 4573 926 4627 τοῦ
976 4575 1137 4644 λόγου
1190 4576 1485 4647 προτρέπω
1510 4618 1525 4645 ,
1558 4577 1685 4632 οὔτε
1735 4581 1843 4651 μὴν

1953 4578 2348 4634 correctionem
2374 4616 2390 4639 ,
2423 4590 2604 4645 neque
2649 4574 2719 4629 ad
2764 4574 3035 4645 puerilem
3067 4575 3426 4646 palinodiam,
3466 4587 3528 4631 ut

266 4664 605 4734 ἑναντιότητι
631 4662 1003 4734 μειρακιώδει,
1028 4668 1104 4729 ὡς
1122 4668 1188 4722 ἄν
1208 4686 1295 4732 τις
1319 4669 1463 4722 sim:
1481 4685 1495 4699 '
1524 4670 1840 4745 ἀλλ’ὲπειδή

1953 4672 2029 4727 sic
2062 4671 2273 4740 loquar,
2303 4668 2562 4740 pietatem
2612 4677 2761 4724 tuam
2810 4667 2984 4723 invito
3010 4686 3023 4722 :
3048 4668 3143 4724 sed
3178 4669 3305 4740 quia
3330 4668 3522 4731 multi,

268 4773 351 4809 σοι
385 4755 651 4819 πολλάκις
688 4756 797 4826 πρὸ
825 4756 1024 4811 πολλοῦ
1064 4759 1089 4798 ιι
1122 4760 1338 4831 εἴρηται
1360 4800 1376 4827 ,
1406 4760 1482 4824 ὡς
1515 4761 1840 4832 μεμαθήκα-

1953 4772 2009 4818 ut
2032 4760 2299 4830 intelligo.
2324 4774 2434 4814 non
2473 4758 2852 4828 infrequenter
2876 4776 2945 4814 ex
2980 4767 3032 4814 te
3059 4759 3353 4814 audierunt
3373 4760 3523 4829 quod

269 4864 390 4917 μιν,
416 4846 494 4910 ὡς
534 4847 636 4900 οὐκ
679 4820 1083 4919 ἐκτρεπόμενος
1117 4820 1686 4923 τῆνΙεὺσεὸῆτταύτην
1725 4820 1840 4907 διά-

1953 4856 2118 4924 ipsam
2149 4854 2321 4908 solam
2344 4866 2557 4914 vocem,
2592 4864 2704 4904 non
2729 4850 2875 4920 piam
2898 4866 3119 4922 quoque
3153 4851 3327 4921 ipsius
3368 4851 3523 4905 vocis

265 4956 436 5003 νοιαν,
468 4939 631 5007 μόνον
668 4937 729 4991 τὸ
752 4939 923 5008 ὄνομα
952 4943 1227 5010 παραιτῇ·
1255 4943 1305 4994 εἰ
1336 4942 1394 4995 δέ
1419 4942 1500 4995 σοί
1535 4960 1682 5006 τινες
1726 4944 1838 4999 τῶν

1953 4945 2227 5000 notionem
2273 4942 2547 4998 averseris
2582 4960 2595 4995 :
2623 4941 2668 4996 si
2696 4942 2793 5011 qui
2836 4957 2971 4997 vero
3014 4941 3334 4997 celebrioris
3363 4941 3520 4997 famae

265 5032 323 5083 ὲν
343 5033 410 5102 τῇ
451 5029 745 5100 Ἐκκλησία
774 5030 1061 5100 ἐπισήμων
1089 5032 1183 5084 καὶ
1210 5030 1368 5085 τοῦτο
1394 5032 1697 5097 ὑπόθοιντο,
1740 5035 1841 5088 οὐκ

1953 5034 2295 5093 ἐριθείαςιὶοἰ
2342 5045 2597 5090 auctores
2643 5034 2740 5089 tibi
2786 5034 2993 5089 fuerint
3038 5042 3098 5089 ut
3139 5033 3260 5103 ipso
3298 5050 3517 5104 quoque

264 5124 338 5195 ἂν
358 5123 727 5196 παραιτήσαιο
746 5124 1135 5186 ἀνενδοιάστως
1155 5126 1250 5192 καὶ
1275 5123 1537 5179 θεοτόκον
1558 5127 1657 5197 τὴν
1676 5124 1840 5195 ἁγίαν

1953 5127 2158 5183 iomine
2190 5127 2453 5187 admisso.
2491 5140 2704 5181 sacram
2728 5125 2999 5195 virginem
3049 5124 3271 5179 Mariam
3315 5126 3515 5195 Deipa-

263 5217 541 5285 Παρθένον
568 5218 768 5270 εἰπεῖν.
811 5215 1017 5273 Τούτου
1048 5218 1212 5273 ’ἑνεκα
1238 5217 1333 5269 ἐπὶ
1356 5217 1515 5270 τόσον
1558 5219 1575 5259 ί
1610 5235 1667 5271 σε
1699 5236 1836 5291 προ-

1953 5234 2053 5273 'am
2080 5218 2344 5289 appelles,
2370 5211 2420 5273 te
2444 5215 2590 5272 istud
2615 5216 2933 5286 neutiquam
2965 5226 3347 5272 recusaturum
3369 5232 3511 5273 esse.

260 5310 447 5378 τρέε-λυ
475 5312 865 5380 προσενεγκεῖν
891 5308 937 5370 i,
969 5308 1367 5379 ἐκκαλούμενος
1407 5308 1546 5378 ὅπερ
1581 5311 1835 5381 μεμαθή-

1953 5311 2085 5367 iane
2104 5313 2175 5366 ob
2202 5326 2317 5366 rem
2340 5321 2393 5365 te
2419 5324 2617 5364 moneo
2669 5310 2989 5377 hortorque.
3017 5317 3078 5363 ut
3101 5309 3273 5363 libera
3306 5307 3358 5361 id
3378 5323 3515 5363 voce
3574 5348 3579 5351 -

1337 5472 1512 5529 Varia:
1534 5472 1799 5528 lectiones
1831 5474 2040 5529 codicis
2072 5471 2436 5541 Sentiet-iani.

1350 5584 1369 5622 ί
1412 5583 1623 5655 λεχθὲν.
1723 5587 1748 5625 ⁸
1785 5584 2106 5655 μεταϐολῆς.
2205 5586 2229 5624 ι·
2274 5583 2407 5655 πρὸς
2459 5580 2703 5646 πολλοὺς.
2868 5582 2929 5636 τὸ
2982 5584 3088 5637 σὺν.
3256 5594 3513 5650 προενεγ-

326 5575 355 5664 ξι
394 5577 514 5649 εἴσῃ
574 5579 778 5647 σαφῶς.

260 5664 395 5701 κειν.

882 5593 906 5621 ⁸
944 5582 1241 5655 θεοδώρου.
1350 5584 1369 5622 ί
1412 5583 1623 5655 λεχθὲν.
1723 5587 1748 5625 ⁸
1785 5584 2106 5657 μεταϐολῆς.

1767 5735 1995 5800 ΝΟΤᾹᾈ

327 5828 403 5899 (ί)
431 5826 713 5888 Theodoro,
746 5842 810 5881 ex
839 5843 939 5882 ms.
974 5823 1328 5895 Segne-riam.
