  <div class='ocr_page' id='page_1' title='image "/cluster/home/n/w/nwhite01/storage/ocr_20150623/77/pst.000004029045/735.png"; bbox 0 0 4078 6340; ppageno 0'>
   <div class='ocr_carea' id='block_1_1' title="bbox 600 418 738 472">
    <p class='ocr_par' dir='ltr' id='par_1_1' title="bbox 600 418 738 472">
     <span class='ocr_line' id='line_1_1' title="bbox 600 418 738 472; baseline 0.007 -1"><span class='ocrx_word' id='word_1_1' title='bbox 600 418 738 472; x_wconf 75' lang='lat' dir='ltr'><strong>H55</strong></span> 
     </span>
    </p>
   </div>
   <div class='ocr_carea' id='block_1_2' title="bbox 1688 402 2765 466">
    <p class='ocr_par' dir='ltr' id='par_1_2' title="bbox 1688 402 2765 466">
     <span class='ocr_line' id='line_1_2' title="bbox 1688 402 2765 466; baseline -0.007 -1"><span class='ocrx_word' id='word_1_2' title='bbox 1688 409 1967 466; x_wconf 71' lang='lat' dir='ltr'><strong>JUANNIS</strong></span> <span class='ocrx_word' id='word_1_3' title='bbox 2006 405 2420 462; x_wconf 72' lang='lat' dir='ltr'><strong>ANTIOCIIENI</strong></span> <span class='ocrx_word' id='word_1_4' title='bbox 2460 402 2765 461; x_wconf 73' lang='lat' dir='ltr'><strong>EPISCON</strong></span> 
     </span>
    </p>
   </div>
   <div class='ocr_carea' id='block_1_3' title="bbox 3693 391 3831 448">
    <p class='ocr_par' dir='ltr' id='par_1_3' title="bbox 3693 391 3831 448">
     <span class='ocr_line' id='line_1_3' title="bbox 3693 391 3831 448; baseline -0.036 0"><span class='ocrx_word' id='word_1_5' title='bbox 3693 395 3719 448; x_wconf 73' lang='grc'>1</span> <span class='ocrx_word' id='word_1_6' title='bbox 3729 391 3831 447; x_wconf 67' lang='grc' dir='ltr'><strong>ιεο</strong></span> 
     </span>
    </p>
   </div>
   <div class='ocr_carea' id='block_1_4' title="bbox 596 512 2169 612">
    <p class='ocr_par' dir='ltr' id='par_1_4' title="bbox 596 530 2162 612">
     <span class='ocr_line' id='line_1_4' title="bbox 596 530 2162 612; baseline -0.01 -15"><span class='ocrx_word' id='word_1_7' title='bbox 596 551 908 612; x_wconf 81' lang='lat' dir='ltr'><strong>depromas,</strong></span> <span class='ocrx_word' id='word_1_8' title='bbox 935 539 1082 609; x_wconf 81' lang='lat' dir='ltr'><strong>quod</strong></span> <span class='ocrx_word' id='word_1_9' title='bbox 1115 539 1251 594; x_wconf 84' lang='lat' dir='ltr'><strong>citra</strong></span> <span class='ocrx_word' id='word_1_10' title='bbox 1291 553 1536 591; x_wconf 78' lang='lat' dir='ltr'><strong>errorem</strong></span> <span class='ocrx_word' id='word_1_11' title='bbox 1566 550 1758 604; x_wconf 83' lang='lat' dir='ltr'><strong>sapere</strong></span> <span class='ocrx_word' id='word_1_12' title='bbox 1787 531 1940 588; x_wconf 83' lang='lat' dir='ltr'><strong>certo</strong></span> <span class='ocrx_word' id='word_1_13' title='bbox 1965 530 2162 600; x_wconf 83' lang='lat' dir='ltr'><strong>digno-</strong></span> 
     </span>
    </p>
   </div>
   <div class='ocr_carea' id='block_1_5' title="bbox 2268 512 3834 612">
    <p class='ocr_par' dir='ltr' id='par_1_5' title="bbox 2268 512 3834 598">
     <span class='ocr_line' id='line_1_5' title="bbox 2268 512 3834 598; baseline -0.011 -17"><span class='ocrx_word' id='word_1_14' title='bbox 2268 544 2442 598; x_wconf 82' lang='grc' dir='ltr'>κάμεν</span> <span class='ocrx_word' id='word_1_15' title='bbox 2475 527 2548 597; x_wconf 79' lang='grc' dir='ltr'>μὴ</span> <span class='ocrx_word' id='word_1_16' title='bbox 2574 523 2994 593; x_wconf 80' lang='grc' dir='ltr'>διασφάλλεσθαί</span> <span class='ocrx_word' id='word_1_17' title='bbox 3024 538 3080 574; x_wconf 89' lang='grc' dir='ltr'><strong>τε</strong></span> <span class='ocrx_word' id='word_1_18' title='bbox 3118 520 3440 592; x_wconf 80' lang='grc' dir='ltr'>φρονοῦντα.</span> <span class='ocrx_word' id='word_1_19' title='bbox 3471 512 3834 587; x_wconf 69' lang='grc' dir='ltr'><strong>προστιθέντα</strong></span> 
     </span>
    </p>
   </div>
   <div class='ocr_carea' id='block_1_6' title="bbox 597 629 2163 702">
    <p class='ocr_par' dir='ltr' id='par_1_6' title="bbox 597 629 2163 702">
     <span class='ocr_line' id='line_1_6' title="bbox 597 629 2163 702; baseline -0.009 -14"><span class='ocrx_word' id='word_1_20' title='bbox 597 633 796 688; x_wconf 83' lang='lat' dir='ltr'><strong>seeris.</strong></span> <span class='ocrx_word' id='word_1_21' title='bbox 824 639 958 702; x_wconf 81' lang='lat' dir='ltr'><strong>Age,</strong></span> <span class='ocrx_word' id='word_1_22' title='bbox 995 630 1237 699; x_wconf 81' lang='lat' dir='ltr'><strong>inquam,</strong></span> <span class='ocrx_word' id='word_1_23' title='bbox 1270 629 1347 683; x_wconf 98' lang='lat' dir='ltr'><strong>rei</strong></span> <span class='ocrx_word' id='word_1_24' title='bbox 1372 643 1537 698; x_wconf 88' lang='lat' dir='ltr'><strong>quam</strong></span> <span class='ocrx_word' id='word_1_25' title='bbox 1585 635 1732 680; x_wconf 89' lang='lat' dir='ltr'><strong>recte</strong></span> <span class='ocrx_word' id='word_1_26' title='bbox 1764 634 1938 687; x_wconf 87' lang='lat' dir='ltr'><strong>tenes,</strong></span> <span class='ocrx_word' id='word_1_27' title='bbox 1963 638 2163 678; x_wconf 84' lang='lat' dir='ltr'><strong>nomen</strong></span> 
     </span>
    </p>
   </div>
   <div class='ocr_carea' id='block_1_7' title="bbox 596 715 2162 794">
    <p class='ocr_par' dir='ltr' id='par_1_7' title="bbox 596 715 2162 794">
     <span class='ocr_line' id='line_1_7' title="bbox 596 715 2162 794; baseline -0.008 -15"><span class='ocrx_word' id='word_1_28' title='bbox 596 724 743 794; x_wconf 85' lang='lat' dir='ltr'><strong>quod</strong></span> <span class='ocrx_word' id='word_1_29' title='bbox 770 739 800 778; x_wconf 89' lang='lat' dir='ltr'><strong>a</strong></span> <span class='ocrx_word' id='word_1_30' title='bbox 828 723 1016 778; x_wconf 88' lang='lat' dir='ltr'><strong>multis</strong></span> <span class='ocrx_word' id='word_1_31' title='bbox 1040 735 1181 791; x_wconf 70' lang='lat' dir='ltr'><strong>saspe</strong></span> <span class='ocrx_word' id='word_1_32' title='bbox 1222 720 1476 774; x_wconf 86' lang='lat' dir='ltr'><strong>Patribus</strong></span> <span class='ocrx_word' id='word_1_33' title='bbox 1521 727 1863 787; x_wconf 85' lang='lat' dir='ltr'><strong>usurpatum,</strong></span> <span class='ocrx_word' id='word_1_34' title='bbox 1900 715 2162 785; x_wconf 89' lang='lat' dir='ltr'><strong>scriptum</strong></span> 
     </span>
    </p>
   </div>
   <div class='ocr_carea' id='block_1_8' title="bbox 597 806 2162 883">
    <p class='ocr_par' dir='ltr' id='par_1_8' title="bbox 597 806 2162 883">
     <span class='ocr_line' id='line_1_8' title="bbox 597 806 2162 883; baseline -0.006 -17"><span class='ocrx_word' id='word_1_35' title='bbox 597 829 662 867; x_wconf 87' lang='lat' dir='ltr'><strong>ac</strong></span> <span class='ocrx_word' id='word_1_36' title='bbox 686 812 1094 883; x_wconf 89' lang='lat' dir='ltr'><strong>pronuntiatum</strong></span> <span class='ocrx_word' id='word_1_37' title='bbox 1123 818 1226 873; x_wconf 92' lang='lat' dir='ltr'><strong>est,</strong></span> <span class='ocrx_word' id='word_1_38' title='bbox 1257 809 1552 879; x_wconf 86' lang='lat' dir='ltr'><strong>adjungerc</strong></span> <span class='ocrx_word' id='word_1_39' title='bbox 1576 823 1644 862; x_wconf 88' lang='lat' dir='ltr'><strong>ne</strong></span> <span class='ocrx_word' id='word_1_40' title='bbox 1674 806 1914 877; x_wconf 78' lang='lat' dir='ltr'><strong>graveris</strong></span> <span class='ocrx_word' id='word_1_41' title='bbox 1946 823 1959 858; x_wconf 92' lang='lat'><strong>:</strong></span> <span class='ocrx_word' id='word_1_42' title='bbox 1986 819 2162 873; x_wconf 91' lang='lat' dir='ltr'><strong>neque</strong></span> 
     </span>
    </p>
   </div>
   <div class='ocr_carea' id='block_1_9' title="bbox 597 887 2163 972">
    <p class='ocr_par' dir='ltr' id='par_1_9' title="bbox 597 887 2163 972">
     <span class='ocr_line' id='line_1_9' title="bbox 597 887 2163 972; baseline -0.006 -13"><span class='ocrx_word' id='word_1_43' title='bbox 597 904 922 959; x_wconf 79' lang='lat' dir='ltr'><strong>vocabulum</strong></span> <span class='ocrx_word' id='word_1_44' title='bbox 941 942 956 964; x_wconf 98' lang='lat'><strong>,</strong></span> <span class='ocrx_word' id='word_1_45' title='bbox 983 887 1140 971; x_wconf 41' lang='lat' dir='ltr'><strong>quod.</strong></span> <span class='ocrx_word' id='word_1_46' title='bbox 1169 900 1313 972; x_wconf 86' lang='lat' dir='ltr'><strong>piam</strong></span> <span class='ocrx_word' id='word_1_47' title='bbox 1343 910 1655 970; x_wconf 89' lang='lat' dir='ltr'><strong>rectamque</strong></span> <span class='ocrx_word' id='word_1_48' title='bbox 1689 899 1970 954; x_wconf 88' lang='lat' dir='ltr'><strong>notionem</strong></span> <span class='ocrx_word' id='word_1_49' title='bbox 1995 897 2163 952; x_wconf 89' lang='lat' dir='ltr'><strong>animi</strong></span> 
     </span>
    </p>
   </div>
   <div class='ocr_carea' id='block_1_10' title="bbox 598 988 2160 1064">
    <p class='ocr_par' dir='ltr' id='par_1_10' title="bbox 598 988 2160 1064">
     <span class='ocr_line' id='line_1_10' title="bbox 598 988 2160 1064; baseline -0.004 -15"><span class='ocrx_word' id='word_1_50' title='bbox 598 994 884 1064; x_wconf 87' lang='lat' dir='ltr'><strong>exprimit,</strong></span> <span class='ocrx_word' id='word_1_51' title='bbox 945 991 1182 1047; x_wconf 74' lang='lat' dir='ltr'><strong>refutare</strong></span> <span class='ocrx_word' id='word_1_52' title='bbox 1239 1006 1450 1062; x_wconf 88' lang='lat' dir='ltr'><strong>pergas.</strong></span> <span class='ocrx_word' id='word_1_53' title='bbox 1515 991 1730 1044; x_wconf 86' lang='lat' dir='ltr'><strong>Etenim</strong></span> <span class='ocrx_word' id='word_1_54' title='bbox 1783 1003 1982 1045; x_wconf 86' lang='lat' dir='ltr'><strong>nomen</strong></span> <span class='ocrx_word' id='word_1_55' title='bbox 2036 988 2160 1051; x_wconf 90' lang='lat' dir='ltr'><strong>hoc,</strong></span> 
     </span>
    </p>
   </div>
   <div class='ocr_carea' id='block_1_11' title="bbox 599 1079 2165 1151">
    <p class='ocr_par' dir='ltr' id='par_1_11' title="bbox 599 1079 2165 1151">
     <span class='ocr_line' id='line_1_11' title="bbox 599 1079 2165 1151; baseline -0.006 -9"><span class='ocrx_word' id='word_1_56' title='bbox 599 1086 893 1148; x_wconf 74' lang='lat' dir='ltr'><strong>Theotocos,</strong></span> <span class='ocrx_word' id='word_1_57' title='bbox 922 1083 1107 1138; x_wconf 89' lang='lat' dir='ltr'><strong>nullus</strong></span> <span class='ocrx_word' id='word_1_58' title='bbox 1152 1096 1394 1151; x_wconf 85' lang='lat' dir='ltr'><strong>unquam</strong></span> <span class='ocrx_word' id='word_1_59' title='bbox 1432 1081 1934 1136; x_wconf 76' lang='lat' dir='ltr'><strong>ecclesiasticarum</strong></span> <span class='ocrx_word' id='word_1_60' title='bbox 1976 1079 2165 1134; x_wconf 89' lang='lat' dir='ltr'><strong>docto-</strong></span> 
     </span>
    </p>
   </div>
   <div class='ocr_carea' id='block_1_12' title="bbox 600 1166 2161 1243">
    <p class='ocr_par' dir='ltr' id='par_1_12' title="bbox 600 1166 2161 1243">
     <span class='ocr_line' id='line_1_12' title="bbox 600 1166 2161 1243; baseline -0.006 -13"><span class='ocrx_word' id='word_1_61' title='bbox 600 1190 722 1230; x_wconf 90' lang='lat' dir='ltr'><strong>rum</strong></span> <span class='ocrx_word' id='word_1_62' title='bbox 766 1171 1097 1243; x_wconf 78' lang='lat' dir='ltr'><strong>repudiavit.</strong></span> <span class='ocrx_word' id='word_1_63' title='bbox 1124 1171 1229 1238; x_wconf 86' lang='lat' dir='ltr'><strong>Qui</strong></span> <span class='ocrx_word' id='word_1_64' title='bbox 1271 1171 1420 1226; x_wconf 89' lang='lat' dir='ltr'><strong>enim</strong></span> <span class='ocrx_word' id='word_1_65' title='bbox 1467 1169 1564 1224; x_wconf 92' lang='lat' dir='ltr'><strong>illo</strong></span> <span class='ocrx_word' id='word_1_66' title='bbox 1589 1170 1676 1225; x_wconf 90' lang='lat' dir='ltr'><strong>usi</strong></span> <span class='ocrx_word' id='word_1_67' title='bbox 1707 1178 1856 1234; x_wconf 90' lang='lat' dir='ltr'><strong>sunt,</strong></span> <span class='ocrx_word' id='word_1_68' title='bbox 1907 1175 1963 1223; x_wconf 91' lang='lat' dir='ltr'><strong>et</strong></span> <span class='ocrx_word' id='word_1_69' title='bbox 2005 1166 2161 1222; x_wconf 90' lang='lat' dir='ltr'><strong>multi</strong></span> 
     </span>
    </p>
   </div>
   <div class='ocr_carea' id='block_1_13' title="bbox 601 1255 2162 1335">
    <p class='ocr_par' dir='ltr' id='par_1_13' title="bbox 601 1255 2162 1335">
     <span class='ocr_line' id='line_1_13' title="bbox 601 1255 2162 1335; baseline -0.006 -15"><span class='ocrx_word' id='word_1_70' title='bbox 601 1264 972 1335; x_wconf 87' lang='lat' dir='ltr'><strong>reperiuntur,</strong></span> <span class='ocrx_word' id='word_1_71' title='bbox 1007 1269 1065 1317; x_wconf 88' lang='lat' dir='ltr'><strong>et</strong></span> <span class='ocrx_word' id='word_1_72' title='bbox 1104 1261 1350 1332; x_wconf 89' lang='lat' dir='ltr'><strong>apprime</strong></span> <span class='ocrx_word' id='word_1_73' title='bbox 1392 1259 1639 1316; x_wconf 87' lang='lat' dir='ltr'><strong>celebres</strong></span> <span class='ocrx_word' id='word_1_74' title='bbox 1671 1277 1684 1313; x_wconf 94' lang='lat'>:</span> <span class='ocrx_word' id='word_1_75' title='bbox 1717 1258 1811 1328; x_wconf 89' lang='lat' dir='ltr'><strong>qui</strong></span> <span class='ocrx_word' id='word_1_76' title='bbox 1853 1273 1982 1314; x_wconf 88' lang='lat' dir='ltr'><strong>vero</strong></span> <span class='ocrx_word' id='word_1_77' title='bbox 2025 1255 2162 1310; x_wconf 90' lang='lat' dir='ltr'><strong>illud</strong></span> 
     </span>
    </p>
   </div>
   <div class='ocr_carea' id='block_1_14' title="bbox 597 1347 2161 1424">
    <p class='ocr_par' dir='ltr' id='par_1_14' title="bbox 597 1347 2161 1424">
     <span class='ocr_line' id='line_1_14' title="bbox 597 1347 2161 1424; baseline -0.007 -13"><span class='ocrx_word' id='word_1_78' title='bbox 597 1371 709 1410; x_wconf 92' lang='lat' dir='ltr'><strong>non</strong></span> <span class='ocrx_word' id='word_1_79' title='bbox 743 1363 1099 1424; x_wconf 80' lang='lat' dir='ltr'><strong>usurparunt,</strong></span> <span class='ocrx_word' id='word_1_80' title='bbox 1143 1368 1426 1422; x_wconf 83' lang='lat' dir='ltr'><strong>nunquam</strong></span> <span class='ocrx_word' id='word_1_81' title='bbox 1448 1351 1660 1407; x_wconf 88' lang='lat' dir='ltr'><strong>erroris</strong></span> <span class='ocrx_word' id='word_1_82' title='bbox 1696 1351 1930 1421; x_wconf 83' lang='lat' dir='ltr'><strong>alicujus</strong></span> <span class='ocrx_word' id='word_1_83' title='bbox 1954 1364 2050 1404; x_wconf 90' lang='lat' dir='ltr'><strong>eos</strong></span> <span class='ocrx_word' id='word_1_84' title='bbox 2075 1347 2161 1401; x_wconf 84' lang='lat' dir='ltr'><strong>in-</strong></span> 
     </span>
    </p>
   </div>
   <div class='ocr_carea' id='block_1_15' title="bbox 599 1441 2162 1517">
    <p class='ocr_par' dir='ltr' id='par_1_15' title="bbox 599 1441 2162 1517">
     <span class='ocr_line' id='line_1_15' title="bbox 599 1441 2162 1517; baseline -0.008 -13"><span class='ocrx_word' id='word_1_85' title='bbox 599 1448 950 1511; x_wconf 85' lang='lat' dir='ltr'><strong>simularunt,</strong></span> <span class='ocrx_word' id='word_1_86' title='bbox 975 1445 1070 1517; x_wconf 90' lang='lat' dir='ltr'><strong>qui</strong></span> <span class='ocrx_word' id='word_1_87' title='bbox 1101 1444 1195 1499; x_wconf 93' lang='lat' dir='ltr'><strong>illo</strong></span> <span class='ocrx_word' id='word_1_88' title='bbox 1220 1444 1304 1499; x_wconf 90' lang='lat' dir='ltr'><strong>usi</strong></span> <span class='ocrx_word' id='word_1_89' title='bbox 1329 1452 1478 1498; x_wconf 90' lang='lat' dir='ltr'><strong>sunt.</strong></span> <span class='ocrx_word' id='word_1_90' title='bbox 1507 1441 1649 1496; x_wconf 85' lang='lat' dir='ltr'><strong>Sane</strong></span> <span class='ocrx_word' id='word_1_91' title='bbox 1675 1441 1805 1495; x_wconf 90' lang='lat' dir='ltr'><strong>dum</strong></span> <span class='ocrx_word' id='word_1_92' title='bbox 1832 1452 2162 1510; x_wconf 88' lang='lat' dir='ltr'><strong>supervaca-</strong></span> 
     </span>
    </p>
   </div>
   <div class='ocr_carea' id='block_1_16' title="bbox 598 1531 2162 1609">
    <p class='ocr_par' dir='ltr' id='par_1_16' title="bbox 598 1531 2162 1609">
     <span class='ocr_line' id='line_1_16' title="bbox 598 1531 2162 1609; baseline -0.008 -15"><span class='ocrx_word' id='word_1_93' title='bbox 598 1554 702 1594; x_wconf 88' lang='lat' dir='ltr'><strong>nea</strong></span> <span class='ocrx_word' id='word_1_94' title='bbox 739 1538 975 1609; x_wconf 86' lang='lat' dir='ltr'><strong>quadam</strong></span> <span class='ocrx_word' id='word_1_95' title='bbox 1016 1537 1084 1592; x_wconf 87' lang='lat' dir='ltr'><strong>ad</strong></span> <span class='ocrx_word' id='word_1_96' title='bbox 1129 1551 1299 1591; x_wconf 90' lang='lat' dir='ltr'><strong>vanas</strong></span> <span class='ocrx_word' id='word_1_97' title='bbox 1338 1533 1728 1590; x_wconf 71' lang='lat' dir='ltr'><strong>haereticorum</strong></span> <span class='ocrx_word' id='word_1_98' title='bbox 1754 1531 2041 1601; x_wconf 88' lang='lat' dir='ltr'><strong>opiniones</strong></span> <span class='ocrx_word' id='word_1_99' title='bbox 2069 1544 2162 1583; x_wconf 91' lang='lat' dir='ltr'><strong>so-</strong></span> 
     </span>
    </p>
   </div>
   <div class='ocr_carea' id='block_1_17' title="bbox 597 1620 2164 1701">
    <p class='ocr_par' dir='ltr' id='par_1_17' title="bbox 597 1620 2164 1701">
     <span class='ocr_line' id='line_1_17' title="bbox 597 1620 2164 1701; baseline -0.006 -16"><span class='ocrx_word' id='word_1_100' title='bbox 597 1630 712 1686; x_wconf 80' lang='lat' dir='ltr'><strong>lum</strong></span> <span class='ocrx_word' id='word_1_101' title='bbox 764 1638 1048 1701; x_wconf 83' lang='lat' dir='ltr'><strong>spectante</strong></span> <span class='ocrx_word' id='word_1_102' title='bbox 1095 1627 1417 1683; x_wconf 83' lang='lat' dir='ltr'><strong>curiositate</strong></span> <span class='ocrx_word' id='word_1_103' title='bbox 1475 1626 1708 1688; x_wconf 89' lang='lat' dir='ltr'><strong>incitati,</strong></span> <span class='ocrx_word' id='word_1_104' title='bbox 1763 1638 1964 1679; x_wconf 87' lang='lat' dir='ltr'><strong>nomen</strong></span> <span class='ocrx_word' id='word_1_105' title='bbox 2005 1620 2164 1691; x_wconf 86' lang='lat' dir='ltr'><strong>cujus</strong></span> 
     </span>
    </p>
   </div>
   <div class='ocr_carea' id='block_1_18' title="bbox 597 1711 2160 1787">
    <p class='ocr_par' dir='ltr' id='par_1_18' title="bbox 597 1711 2160 1787">
     <span class='ocr_line' id='line_1_18' title="bbox 597 1711 2160 1787; baseline -0.007 -11"><span class='ocrx_word' id='word_1_106' title='bbox 597 1720 928 1776; x_wconf 87' lang='lat' dir='ltr'><strong>sententiam</strong></span> <span class='ocrx_word' id='word_1_107' title='bbox 968 1728 1118 1775; x_wconf 88' lang='lat' dir='ltr'><strong>recte</strong></span> <span class='ocrx_word' id='word_1_108' title='bbox 1143 1727 1393 1774; x_wconf 86' lang='lat' dir='ltr'><strong>tenemus</strong></span> <span class='ocrx_word' id='word_1_109' title='bbox 1412 1758 1426 1782; x_wconf 90' lang='lat'><strong>,</strong></span> <span class='ocrx_word' id='word_1_110' title='bbox 1449 1716 1804 1787; x_wconf 87' lang='lat' dir='ltr'><strong>pertinaciter</strong></span> <span class='ocrx_word' id='word_1_111' title='bbox 1831 1711 2160 1783; x_wconf 83' lang='lat' dir='ltr'><strong>respuimus;</strong></span> 
     </span>
    </p>
   </div>
   <div class='ocr_carea' id='block_1_19' title="bbox 597 1803 2162 1877">
    <p class='ocr_par' dir='ltr' id='par_1_19' title="bbox 597 1803 2162 1877">
     <span class='ocr_line' id='line_1_19' title="bbox 597 1803 2162 1877; baseline -0.008 -10"><span class='ocrx_word' id='word_1_112' title='bbox 597 1811 750 1867; x_wconf 83' lang='lat' dir='ltr'><strong>aliud</strong></span> <span class='ocrx_word' id='word_1_113' title='bbox 767 1811 927 1877; x_wconf 85' lang='lat' dir='ltr'><strong>nihil,</strong></span> <span class='ocrx_word' id='word_1_114' title='bbox 956 1820 1018 1866; x_wconf 91' lang='lat' dir='ltr'><strong>ut</strong></span> <span class='ocrx_word' id='word_1_115' title='bbox 1041 1810 1278 1875; x_wconf 86' lang='lat' dir='ltr'><strong>videtur,</strong></span> <span class='ocrx_word' id='word_1_116' title='bbox 1305 1808 1554 1872; x_wconf 78' lang='lat' dir='ltr'><strong>facimus,</strong></span> <span class='ocrx_word' id='word_1_117' title='bbox 1575 1821 1739 1876; x_wconf 91' lang='lat' dir='ltr'><strong>quam</strong></span> <span class='ocrx_word' id='word_1_118' title='bbox 1767 1803 1914 1875; x_wconf 93' lang='lat' dir='ltr'><strong>quod</strong></span> <span class='ocrx_word' id='word_1_119' title='bbox 1930 1804 2162 1858; x_wconf 81' lang='lat' dir='ltr'><strong>fratrum</strong></span> 
     </span>
    </p>
   </div>
   <div class='ocr_carea' id='block_1_20' title="bbox 599 1870 2237 1961">
    <p class='ocr_par' dir='ltr' id='par_1_20' title="bbox 599 1870 2237 1961">
     <span class='ocr_line' id='line_1_20' title="bbox 599 1870 2237 1961; baseline -0.009 -4"><span class='ocrx_word' id='word_1_120' title='bbox 599 1870 924 1957; x_wconf 29' lang='lat' dir='ltr'><strong>nostrorum,</strong></span> <span class='ocrx_word' id='word_1_121' title='bbox 952 1870 1316 1954; x_wconf 78' lang='lat' dir='ltr'><strong>conscientias</strong></span> <span class='ocrx_word' id='word_1_122' title='bbox 1348 1905 1407 1951; x_wconf 91' lang='lat' dir='ltr'><strong>et</strong></span> <span class='ocrx_word' id='word_1_123' title='bbox 1441 1870 1670 1958; x_wconf 74' lang='lat' dir='ltr'><strong>temere,</strong></span> <span class='ocrx_word' id='word_1_124' title='bbox 1724 1870 2018 1961; x_wconf 47' lang='lat' dir='ltr'><strong>et-absque</strong></span> <span class='ocrx_word' id='word_1_125' title='bbox 2051 1888 2163 1944; x_wconf 90' lang='lat' dir='ltr'><strong>ulla</strong></span> <span class='ocrx_word' id='word_1_126' title='bbox 2197 1870 2237 1928; x_wconf 74' lang='grc' dir='ltr'><strong>Β</strong></span> 
     </span>
    </p>
   </div>
   <div class='ocr_carea' id='block_1_21' title="bbox 599 1981 2166 2062">
    <p class='ocr_par' dir='ltr' id='par_1_21' title="bbox 599 1981 2166 2062">
     <span class='ocr_line' id='line_1_21' title="bbox 599 1981 2166 2062; baseline -0.008 -13"><span class='ocrx_word' id='word_1_127' title='bbox 599 1993 835 2049; x_wconf 86' lang='lat' dir='ltr'><strong>utilitate</strong></span> <span class='ocrx_word' id='word_1_128' title='bbox 881 1990 1122 2062; x_wconf 74' lang='lat' dir='ltr'><strong>graviter</strong></span> <span class='ocrx_word' id='word_1_129' title='bbox 1155 1987 1361 2045; x_wconf 72' lang='lat' dir='ltr'><strong>offendi</strong></span> <span class='ocrx_word' id='word_1_130' title='bbox 1406 2001 1520 2042; x_wconf 89' lang='lat' dir='ltr'><strong>non</strong></span> <span class='ocrx_word' id='word_1_131' title='bbox 1559 1999 1723 2056; x_wconf 86' lang='lat' dir='ltr'><strong>grave</strong></span> <span class='ocrx_word' id='word_1_132' title='bbox 1759 1983 2034 2039; x_wconf 88' lang='lat' dir='ltr'><strong>ducimus.</strong></span> <span class='ocrx_word' id='word_1_133' title='bbox 2070 1981 2166 2037; x_wconf 81' lang='lat' dir='ltr'><strong>Et-</strong></span> 
     </span>
    </p>
   </div>
   <div class='ocr_carea' id='block_1_22' title="bbox 597 2074 2166 2153">
    <p class='ocr_par' dir='ltr' id='par_1_22' title="bbox 597 2074 2166 2153">
     <span class='ocr_line' id='line_1_22' title="bbox 597 2074 2166 2153; baseline -0.008 -13"><span class='ocrx_word' id='word_1_134' title='bbox 597 2085 744 2141; x_wconf 87' lang='lat' dir='ltr'><strong>enim</strong></span> <span class='ocrx_word' id='word_1_135' title='bbox 766 2085 812 2139; x_wconf 88' lang='lat' dir='ltr'><strong>si</strong></span> <span class='ocrx_word' id='word_1_136' title='bbox 844 2081 898 2138; x_wconf 87' lang='lat' dir='ltr'><strong>id</strong></span> <span class='ocrx_word' id='word_1_137' title='bbox 924 2080 1070 2153; x_wconf 88' lang='lat' dir='ltr'><strong>quod</strong></span> <span class='ocrx_word' id='word_1_138' title='bbox 1085 2079 1326 2136; x_wconf 88' lang='lat' dir='ltr'><strong>nominis</strong></span> <span class='ocrx_word' id='word_1_139' title='bbox 1346 2076 1749 2150; x_wconf 78' lang='lat' dir='ltr'><strong>signiﬁcatione</strong></span> <span class='ocrx_word' id='word_1_140' title='bbox 1779 2074 2035 2138; x_wconf 80' lang='lat' dir='ltr'><strong>oﬂertur,</strong></span> <span class='ocrx_word' id='word_1_141' title='bbox 2053 2087 2166 2128; x_wconf 91' lang='lat' dir='ltr'><strong>non</strong></span> 
     </span>
    </p>
   </div>
   <div class='ocr_carea' id='block_1_23' title="bbox 600 2168 2168 2247">
    <p class='ocr_par' dir='ltr' id='par_1_23' title="bbox 600 2168 2168 2247">
     <span class='ocr_line' id='line_1_23' title="bbox 600 2168 2168 2247; baseline -0.01 -15"><span class='ocrx_word' id='word_1_142' title='bbox 600 2176 915 2247; x_wconf 83' lang='lat' dir='ltr'><strong>recipimus,</strong></span> <span class='ocrx_word' id='word_1_143' title='bbox 950 2182 1121 2228; x_wconf 88' lang='lat' dir='ltr'><strong>restat</strong></span> <span class='ocrx_word' id='word_1_144' title='bbox 1157 2180 1219 2228; x_wconf 94' lang='lat' dir='ltr'><strong>ut</strong></span> <span class='ocrx_word' id='word_1_145' title='bbox 1255 2171 1312 2226; x_wconf 91' lang='lat' dir='ltr'><strong>in</strong></span> <span class='ocrx_word' id='word_1_146' title='bbox 1339 2168 1725 2242; x_wconf 86' lang='lat' dir='ltr'><strong>gravissimum</strong></span> <span class='ocrx_word' id='word_1_147' title='bbox 1751 2180 2000 2222; x_wconf 88' lang='lat' dir='ltr'><strong>errorem</strong></span> <span class='ocrx_word' id='word_1_148' title='bbox 2040 2178 2168 2235; x_wconf 90' lang='lat' dir='ltr'><strong>pro-</strong></span> 
     </span>
    </p>
   </div>
   <div class='ocr_carea' id='block_1_24' title="bbox 598 2255 2170 2343">
    <p class='ocr_par' dir='ltr' id='par_1_24' title="bbox 598 2255 2170 2343">
     <span class='ocr_line' id='line_1_24' title="bbox 598 2255 2170 2343; baseline -0.008 -19"><span class='ocrx_word' id='word_1_149' title='bbox 598 2269 874 2343; x_wconf 86' lang='lat' dir='ltr'><strong>labamur;</strong></span> <span class='ocrx_word' id='word_1_150' title='bbox 908 2265 1020 2320; x_wconf 91' lang='lat' dir='ltr'><strong>imo</strong></span> <span class='ocrx_word' id='word_1_151' title='bbox 1049 2277 1202 2329; x_wconf 85' lang='lat' dir='ltr'><strong>vero,</strong></span> <span class='ocrx_word' id='word_1_152' title='bbox 1237 2271 1300 2318; x_wconf 90' lang='lat' dir='ltr'><strong>ut</strong></span> <span class='ocrx_word' id='word_1_153' title='bbox 1334 2259 1777 2331; x_wconf 78' lang='lat' dir='ltr'><strong>inexplicabilem</strong></span> <span class='ocrx_word' id='word_1_154' title='bbox 1803 2257 1951 2312; x_wconf 80' lang='lat' dir='ltr'><strong>illam</strong></span> <span class='ocrx_word' id='word_1_155' title='bbox 1977 2255 2170 2326; x_wconf 84' lang='lat' dir='ltr'><strong>unige-</strong></span> 
     </span>
    </p>
   </div>
   <div class='ocr_carea' id='block_1_25' title="bbox 597 2346 2168 2422">
    <p class='ocr_par' dir='ltr' id='par_1_25' title="bbox 597 2346 2168 2422">
     <span class='ocr_line' id='line_1_25' title="bbox 597 2346 2168 2422; baseline -0.008 -8"><span class='ocrx_word' id='word_1_156' title='bbox 597 2359 701 2415; x_wconf 87' lang='lat' dir='ltr'><strong>niti</strong></span> <span class='ocrx_word' id='word_1_157' title='bbox 725 2358 848 2414; x_wconf 86' lang='lat' dir='ltr'><strong>Filii</strong></span> <span class='ocrx_word' id='word_1_158' title='bbox 882 2348 1369 2413; x_wconf 48' lang='lat' dir='ltr'><strong>Dei&#39;mconomiam</strong></span> <span class='ocrx_word' id='word_1_159' title='bbox 1403 2352 1738 2422; x_wconf 85' lang='lat' dir='ltr'><strong>abnegemus</strong></span> <span class='ocrx_word' id='word_1_160' title='bbox 1770 2367 1784 2403; x_wconf 86' lang='lat'><strong>:</strong></span> <span class='ocrx_word' id='word_1_161' title='bbox 1819 2346 2168 2420; x_wconf 87' lang='lat' dir='ltr'><strong>quandoqui-</strong></span> 
     </span>
    </p>
   </div>
   <div class='ocr_carea' id='block_1_26' title="bbox 598 2438 2169 2515">
    <p class='ocr_par' dir='ltr' id='par_1_26' title="bbox 598 2438 2169 2515">
     <span class='ocr_line' id='line_1_26' title="bbox 598 2438 2169 2515; baseline -0.008 -9"><span class='ocrx_word' id='word_1_162' title='bbox 598 2449 747 2515; x_wconf 90' lang='lat' dir='ltr'><strong>dem,</strong></span> <span class='ocrx_word' id='word_1_163' title='bbox 779 2448 1002 2504; x_wconf 90' lang='lat' dir='ltr'><strong>nomine</strong></span> <span class='ocrx_word' id='word_1_164' title='bbox 1020 2447 1136 2502; x_wconf 84' lang='lat' dir='ltr'><strong>&#39;hoc</strong></span> <span class='ocrx_word' id='word_1_165' title='bbox 1167 2445 1402 2508; x_wconf 89' lang='lat' dir='ltr'><strong>sublato,</strong></span> <span class='ocrx_word' id='word_1_166' title='bbox 1425 2443 1512 2499; x_wconf 85' lang='lat' dir='ltr'><strong>vel</strong></span> <span class='ocrx_word' id='word_1_167' title='bbox 1533 2443 1698 2514; x_wconf 90' lang='lat' dir='ltr'><strong>hujus</strong></span> <span class='ocrx_word' id='word_1_168' title='bbox 1718 2441 1904 2513; x_wconf 87' lang='lat' dir='ltr'><strong>potius</strong></span> <span class='ocrx_word' id='word_1_169' title='bbox 1927 2438 2169 2494; x_wconf 86' lang='lat' dir='ltr'><strong>nominis</strong></span> 
     </span>
    </p>
   </div>
   <div class='ocr_carea' id='block_1_27' title="bbox 599 2531 2168 2610">
    <p class='ocr_par' dir='ltr' id='par_1_27' title="bbox 599 2531 2168 2610">
     <span class='ocr_line' id='line_1_27' title="bbox 599 2531 2168 2610; baseline -0.01 -14"><span class='ocrx_word' id='word_1_170' title='bbox 599 2541 826 2596; x_wconf 90' lang='lat' dir='ltr'><strong>notione</strong></span> <span class='ocrx_word' id='word_1_171' title='bbox 870 2537 1178 2610; x_wconf 87' lang='lat' dir='ltr'><strong>repudiata,</strong></span> <span class='ocrx_word' id='word_1_172' title='bbox 1228 2535 1479 2606; x_wconf 90' lang='lat' dir='ltr'><strong>sequitur</strong></span> <span class='ocrx_word' id='word_1_173' title='bbox 1519 2547 1647 2587; x_wconf 84' lang='lat' dir='ltr'><strong>mox</strong></span> <span class='ocrx_word' id='word_1_174' title='bbox 1694 2531 1850 2585; x_wconf 91' lang='lat' dir='ltr'><strong>illum</strong></span> <span class='ocrx_word' id='word_1_175' title='bbox 1892 2544 2003 2584; x_wconf 90' lang='lat' dir='ltr'><strong>non</strong></span> <span class='ocrx_word' id='word_1_176' title='bbox 2044 2542 2168 2583; x_wconf 88' lang='lat' dir='ltr'><strong>esse</strong></span> 
     </span>
    </p>
   </div>
   <div class='ocr_carea' id='block_1_28' title="bbox 601 2621 2169 2701">
    <p class='ocr_par' dir='ltr' id='par_1_28' title="bbox 601 2621 2169 2701">
     <span class='ocr_line' id='line_1_28' title="bbox 601 2621 2169 2701; baseline -0.008 -15"><span class='ocrx_word' id='word_1_177' title='bbox 601 2631 796 2694; x_wconf 89' lang='lat' dir='ltr'><strong>Deum,</strong></span> <span class='ocrx_word' id='word_1_178' title='bbox 831 2629 926 2701; x_wconf 89' lang='lat' dir='ltr'><strong>qui</strong></span> <span class='ocrx_word' id='word_1_179' title='bbox 956 2626 1335 2682; x_wconf 87' lang='lat' dir='ltr'><strong>admirabilem</strong></span> <span class='ocrx_word' id='word_1_180' title='bbox 1371 2625 1519 2680; x_wconf 84' lang='lat' dir='ltr'><strong>illam</strong></span> <span class='ocrx_word' id='word_1_181' title='bbox 1559 2621 2025 2694; x_wconf 83' lang='lat' dir='ltr'><strong>dispensationem</strong></span> <span class='ocrx_word' id='word_1_182' title='bbox 2063 2633 2169 2674; x_wconf 81' lang='lat' dir='ltr'><strong>no-</strong></span> 
     </span>
    </p>
   </div>
   <div class='ocr_carea' id='block_1_29' title="bbox 600 2712 2169 2787">
    <p class='ocr_par' dir='ltr' id='par_1_29' title="bbox 600 2712 2169 2787">
     <span class='ocr_line' id='line_1_29' title="bbox 600 2712 2169 2787; baseline -0.008 -10"><span class='ocrx_word' id='word_1_183' title='bbox 600 2730 728 2777; x_wconf 68' lang='lat' dir='ltr'><strong>atrae</strong></span> <span class='ocrx_word' id='word_1_184' title='bbox 768 2720 1154 2776; x_wconf 64' lang='lat' dir='ltr'><strong>salutis‘causa</strong></span> <span class='ocrx_word' id='word_1_185' title='bbox 1185 2716 1461 2787; x_wconf 82' lang='lat' dir='ltr'><strong>suscepit;</strong></span> <span class='ocrx_word' id='word_1_186' title='bbox 1493 2725 1610 2770; x_wconf 88' lang='lat' dir='ltr'><strong>tum</strong></span> <span class='ocrx_word' id='word_1_187' title='bbox 1656 2713 1754 2769; x_wconf 88' lang='lat' dir='ltr'><strong>Dei</strong></span> <span class='ocrx_word' id='word_1_188' title='bbox 1785 2712 2026 2767; x_wconf 90' lang='lat' dir='ltr'><strong>Verbum</strong></span> <span class='ocrx_word' id='word_1_189' title='bbox 2071 2726 2169 2766; x_wconf 87' lang='lat' dir='ltr'><strong>ne-</strong></span> 
     </span>
    </p>
   </div>
   <div class='ocr_carea' id='block_1_30' title="bbox 2263 603 3833 688">
    <p class='ocr_par' dir='ltr' id='par_1_30' title="bbox 2263 603 3833 688">
     <span class='ocr_line' id='line_1_30' title="bbox 2263 603 3833 688; baseline -0.013 -17"><span class='ocrx_word' id='word_1_190' title='bbox 2263 617 2320 670; x_wconf 84' lang='grc' dir='ltr'>δὲ</span> <span class='ocrx_word' id='word_1_191' title='bbox 2353 618 2504 688; x_wconf 78' lang='grc' dir='ltr'>ῥῆμα</span> <span class='ocrx_word' id='word_1_192' title='bbox 2533 619 2816 686; x_wconf 81' lang='grc' dir='ltr'><strong>πράγματι</strong></span> <span class='ocrx_word' id='word_1_193' title='bbox 2859 614 2954 667; x_wconf 75' lang='grc' dir='ltr'>καὶ</span> <span class='ocrx_word' id='word_1_194' title='bbox 2995 614 3165 682; x_wconf 73' lang='grc' dir='ltr'>δνομα</span> <span class='ocrx_word' id='word_1_195' title='bbox 3191 611 3402 672; x_wconf 84' lang='grc' dir='ltr'>πολλοῖς</span> <span class='ocrx_word' id='word_1_196' title='bbox 3434 609 3542 663; x_wconf 84' lang='grc' dir='ltr'><strong>τῶν</strong></span> <span class='ocrx_word' id='word_1_197' title='bbox 3574 603 3833 675; x_wconf 77' lang='grc' dir='ltr'>Πατέρῶν</span> 
     </span>
    </p>
   </div>
   <div class='ocr_carea' id='block_1_31' title="bbox 2264 696 3835 772">
    <p class='ocr_par' dir='ltr' id='par_1_31' title="bbox 2264 696 3835 772">
     <span class='ocr_line' id='line_1_31' title="bbox 2264 696 3835 772; baseline -0.009 -11"><span class='ocrx_word' id='word_1_198' title='bbox 2264 707 2358 761; x_wconf 76' lang='grc' dir='ltr'>καὶ</span> <span class='ocrx_word' id='word_1_199' title='bbox 2393 707 2661 768; x_wconf 78' lang='grc' dir='ltr'>συντεθὲν,</span> <span class='ocrx_word' id='word_1_200' title='bbox 2685 708 2777 758; x_wconf 68' lang='grc' dir='ltr'>καὶ</span> <span class='ocrx_word' id='word_1_201' title='bbox 2807 704 3036 772; x_wconf 73' lang='grc' dir='ltr'>γραφὲν,</span> <span class='ocrx_word' id='word_1_202' title='bbox 3067 702 3157 754; x_wconf 78' lang='grc' dir='ltr'>καὶ</span> <span class='ocrx_word' id='word_1_203' title='bbox 3181 700 3374 770; x_wconf 70' lang='grc' dir='ltr'><strong>ῥηθέν·</strong></span> <span class='ocrx_word' id='word_1_204' title='bbox 3397 699 3489 752; x_wconf 73' lang='grc' dir='ltr'><strong>καὶ</strong></span> <span class='ocrx_word' id='word_1_205' title='bbox 3526 696 3602 768; x_wconf 80' lang='grc' dir='ltr'>μὴ</span> <span class='ocrx_word' id='word_1_206' title='bbox 3627 710 3835 765; x_wconf 82' lang='grc' dir='ltr'>παραι-</span> 
     </span>
    </p>
   </div>
   <div class='ocr_carea' id='block_1_32' title="bbox 2262 783 3836 871">
    <p class='ocr_par' dir='ltr' id='par_1_32' title="bbox 2262 783 3836 871">
     <span class='ocr_line' id='line_1_32' title="bbox 2262 783 3836 871; baseline -0.01 -19"><span class='ocrx_word' id='word_1_207' title='bbox 2262 799 2530 869; x_wconf 80' lang='grc' dir='ltr'>τήσασθαι</span> <span class='ocrx_word' id='word_1_208' title='bbox 2553 800 2704 871; x_wconf 66' lang='grc' dir='ltr'>ῥῆμα</span> <span class='ocrx_word' id='word_1_209' title='bbox 2725 798 2858 859; x_wconf 77' lang='grc' dir='ltr'>ὅλως</span> <span class='ocrx_word' id='word_1_210' title='bbox 2888 797 2986 865; x_wconf 74' lang='grc' dir='ltr'>τὴν</span> <span class='ocrx_word' id='word_1_211' title='bbox 3017 794 3155 847; x_wconf 64' lang='grc' dir='ltr'>κατὰ</span> <span class='ocrx_word' id='word_1_212' title='bbox 3179 793 3355 862; x_wconf 71' lang='grc' dir='ltr'>ψυχὴν</span> <span class='ocrx_word' id='word_1_213' title='bbox 3381 790 3601 859; x_wconf 69' lang='grc' dir='ltr'>ἐλέγχον</span> <span class='ocrx_word' id='word_1_214' title='bbox 3629 783 3836 853; x_wconf 71' lang='grc' dir='ltr'>εὐσεϐῆ</span> 
     </span>
    </p>
   </div>
   <div class='ocr_carea' id='block_1_33' title="bbox 2262 877 3836 958">
    <p class='ocr_par' dir='ltr' id='par_1_33' title="bbox 2262 877 3836 958">
     <span class='ocr_line' id='line_1_33' title="bbox 2262 877 3836 958; baseline -0.009 -15"><span class='ocrx_word' id='word_1_215' title='bbox 2262 890 2520 944; x_wconf 86' lang='grc' dir='ltr'>διάνοιαν.</span> <span class='ocrx_word' id='word_1_216' title='bbox 2558 889 2726 942; x_wconf 87' lang='grc' dir='ltr'>Τοῦτο</span> <span class='ocrx_word' id='word_1_217' title='bbox 2751 889 2860 958; x_wconf 85' lang='grc' dir='ltr'><strong>γάρ</strong></span> <span class='ocrx_word' id='word_1_218' title='bbox 2882 886 2942 940; x_wconf 79' lang='grc' dir='ltr'>τὸ</span> <span class='ocrx_word' id='word_1_219' title='bbox 2981 887 3154 954; x_wconf 78' lang='grc' dir='ltr'>δνομα</span> <span class='ocrx_word' id='word_1_220' title='bbox 3178 884 3354 945; x_wconf 70' lang='grc' dir='ltr'>οὐδεὶς</span> <span class='ocrx_word' id='word_1_221' title='bbox 3394 881 3505 934; x_wconf 87' lang='grc' dir='ltr'><strong>τῶν</strong></span> <span class='ocrx_word' id='word_1_222' title='bbox 3535 877 3836 946; x_wconf 76' lang='grc' dir='ltr'>εκκλησια-</span> 
     </span>
    </p>
   </div>
   <div class='ocr_carea' id='block_1_34' title="bbox 2267 968 3839 1049">
    <p class='ocr_par' dir='ltr' id='par_1_34' title="bbox 2267 968 3839 1049">
     <span class='ocr_line' id='line_1_34' title="bbox 2267 968 3839 1049; baseline -0.008 -15"><span class='ocrx_word' id='word_1_223' title='bbox 2267 981 2466 1034; x_wconf 81' lang='grc' dir='ltr'>στικῶν</span> <span class='ocrx_word' id='word_1_224' title='bbox 2507 980 2842 1034; x_wconf 72' lang='grc' dir='ltr'><strong>διδασκάλων</strong></span> <span class='ocrx_word' id='word_1_225' title='bbox 2892 977 3227 1049; x_wconf 68' lang='grc' dir='ltr'>παρῄτηται.</span> <span class='ocrx_word' id='word_1_226' title='bbox 3267 974 3338 1026; x_wconf 73' lang='grc' dir='ltr'><strong>Οἵ</strong></span> <span class='ocrx_word' id='word_1_227' title='bbox 3361 990 3422 1026; x_wconf 89' lang='grc' dir='ltr'><strong>τε</strong></span> <span class='ocrx_word' id='word_1_228' title='bbox 3475 972 3586 1042; x_wconf 76' lang='grc' dir='ltr'>γὰρ</span> <span class='ocrx_word' id='word_1_229' title='bbox 3619 968 3839 1041; x_wconf 76' lang='grc' dir='ltr'>χρησάο</span> 
     </span>
    </p>
   </div>
   <div class='ocr_carea' id='block_1_35' title="bbox 2268 1063 3841 1143">
    <p class='ocr_par' dir='ltr' id='par_1_35' title="bbox 2268 1063 3841 1143">
     <span class='ocr_line' id='line_1_35' title="bbox 2268 1063 3841 1143; baseline -0.008 -18"><span class='ocrx_word' id='word_1_230' title='bbox 2268 1089 2420 1143; x_wconf 86' lang='grc' dir='ltr'>μενοι</span> <span class='ocrx_word' id='word_1_231' title='bbox 2450 1070 2600 1141; x_wconf 83' lang='grc' dir='ltr'><strong>αὑτῷ</strong></span> <span class='ocrx_word' id='word_1_232' title='bbox 2625 1071 2812 1123; x_wconf 77' lang='grc' dir='ltr'>πολλοὶ</span> <span class='ocrx_word' id='word_1_233' title='bbox 2842 1072 2935 1123; x_wconf 76' lang='grc' dir='ltr'>καὶ</span> <span class='ocrx_word' id='word_1_234' title='bbox 2964 1071 3249 1138; x_wconf 72' lang='grc' dir='ltr'>ἐπίσημοι,</span> <span class='ocrx_word' id='word_1_235' title='bbox 3280 1066 3413 1119; x_wconf 78' lang='grc' dir='ltr'>οἵτε</span> <span class='ocrx_word' id='word_1_236' title='bbox 3444 1065 3520 1138; x_wconf 81' lang='grc' dir='ltr'>μὴ</span> <span class='ocrx_word' id='word_1_237' title='bbox 3549 1063 3841 1134; x_wconf 81' lang='grc' dir='ltr'>χρησάμε-</span> 
     </span>
    </p>
   </div>
   <div class='ocr_carea' id='block_1_36' title="bbox 2263 1153 3840 1229">
    <p class='ocr_par' dir='ltr' id='par_1_36' title="bbox 2263 1153 3840 1229">
     <span class='ocr_line' id='line_1_36' title="bbox 2263 1153 3840 1229; baseline -0.01 -12"><span class='ocrx_word' id='word_1_238' title='bbox 2263 1180 2346 1217; x_wconf 88' lang='grc' dir='ltr'><strong>νοι</strong></span> <span class='ocrx_word' id='word_1_239' title='bbox 2401 1164 2501 1216; x_wconf 75' lang='grc' dir='ltr'>οὐκ</span> <span class='ocrx_word' id='word_1_240' title='bbox 2541 1163 2870 1214; x_wconf 76' lang='grc' dir='ltr'>ἐπελάϐοντο</span> <span class='ocrx_word' id='word_1_241' title='bbox 2910 1159 3020 1212; x_wconf 89' lang='grc' dir='ltr'><strong>τῶν</strong></span> <span class='ocrx_word' id='word_1_242' title='bbox 3070 1158 3452 1229; x_wconf 81' lang='grc' dir='ltr'>χρησαμένων.</span> <span class='ocrx_word' id='word_1_243' title='bbox 3495 1155 3606 1208; x_wconf 76' lang='grc' dir='ltr'><strong>Καὶ</strong></span> <span class='ocrx_word' id='word_1_244' title='bbox 3655 1153 3840 1223; x_wconf 81' lang='grc' dir='ltr'>μάτην</span> 
     </span>
    </p>
   </div>
   <div class='ocr_carea' id='block_1_37' title="bbox 2263 1244 3843 1325">
    <p class='ocr_par' dir='ltr' id='par_1_37' title="bbox 2263 1244 3843 1325">
     <span class='ocr_line' id='line_1_37' title="bbox 2263 1244 3843 1325; baseline -0.007 -17"><span class='ocrx_word' id='word_1_245' title='bbox 2263 1256 2460 1325; x_wconf 79' lang='grc' dir='ltr'>ἡμεῖς,</span> <span class='ocrx_word' id='word_1_246' title='bbox 2501 1253 2576 1316; x_wconf 83' lang='grc' dir='ltr'>ὡς</span> <span class='ocrx_word' id='word_1_247' title='bbox 2615 1253 2758 1305; x_wconf 72' lang='grc' dir='ltr'>ἔοικε</span> <span class='ocrx_word' id='word_1_248' title='bbox 2783 1291 2798 1314; x_wconf 98' lang='grc'><strong>,</strong></span> <span class='ocrx_word' id='word_1_249' title='bbox 2838 1253 3000 1320; x_wconf 73' lang='grc' dir='ltr'>δῆθεν</span> <span class='ocrx_word' id='word_1_250' title='bbox 3037 1249 3322 1320; x_wconf 81' lang='grc' dir='ltr'>ἀκριϐείας</span> <span class='ocrx_word' id='word_1_251' title='bbox 3361 1246 3626 1316; x_wconf 77' lang='grc' dir='ltr'><strong>περιττῆς</strong></span> <span class='ocrx_word' id='word_1_252' title='bbox 3671 1244 3843 1297; x_wconf 68' lang='grc' dir='ltr'>ἕνεκα</span> 
     </span>
    </p>
   </div>
   <div class='ocr_carea' id='block_1_38' title="bbox 2265 1336 3844 1420">
    <p class='ocr_par' dir='ltr' id='par_1_38' title="bbox 2265 1336 3844 1420">
     <span class='ocr_line' id='line_1_38' title="bbox 2265 1336 3844 1420; baseline -0.008 -21"><span class='ocrx_word' id='word_1_253' title='bbox 2265 1347 2401 1420; x_wconf 78' lang='grc' dir='ltr'>πρὸς</span> <span class='ocrx_word' id='word_1_254' title='bbox 2447 1343 2728 1416; x_wconf 75' lang='grc' dir='ltr'>αἰρετικὴν</span> <span class='ocrx_word' id='word_1_255' title='bbox 2772 1343 3093 1407; x_wconf 78' lang='grc' dir='ltr'>κακοδοξίαν</span> <span class='ocrx_word' id='word_1_256' title='bbox 3139 1342 3300 1412; x_wconf 80' lang='grc' dir='ltr'>μόνον</span> <span class='ocrx_word' id='word_1_257' title='bbox 3356 1336 3702 1409; x_wconf 70' lang='grc' dir='ltr'>βλεπούσης,</span> <span class='ocrx_word' id='word_1_258' title='bbox 3739 1338 3844 1398; x_wconf 79' lang='grc' dir='ltr'><strong>τάς</strong></span> 
     </span>
    </p>
   </div>
   <div class='ocr_carea' id='block_1_39' title="bbox 2266 1427 3843 1507">
    <p class='ocr_par' dir='ltr' id='par_1_39' title="bbox 2266 1427 3843 1507">
     <span class='ocr_line' id='line_1_39' title="bbox 2266 1427 3843 1507; baseline -0.007 -17"><span class='ocrx_word' id='word_1_259' title='bbox 2266 1437 2600 1507; x_wconf 83' lang='grc' dir='ltr'>συνειδήσεις</span> <span class='ocrx_word' id='word_1_260' title='bbox 2623 1435 2734 1488; x_wconf 91' lang='grc' dir='ltr'><strong>τῶν</strong></span> <span class='ocrx_word' id='word_1_261' title='bbox 2765 1433 3012 1503; x_wconf 83' lang='grc' dir='ltr'>ἀδελφῶν</span> <span class='ocrx_word' id='word_1_262' title='bbox 3036 1436 3118 1497; x_wconf 87' lang='grc' dir='ltr'><strong>εἰς</strong></span> <span class='ocrx_word' id='word_1_263' title='bbox 3135 1433 3284 1487; x_wconf 81' lang='grc' dir='ltr'>οὐδὲν</span> <span class='ocrx_word' id='word_1_264' title='bbox 3305 1431 3425 1484; x_wconf 71' lang='grc' dir='ltr'>διον</span> <span class='ocrx_word' id='word_1_265' title='bbox 3451 1427 3843 1499; x_wconf 70' lang='grc' dir='ltr'>πληττομένας</span> 
     </span>
    </p>
   </div>
   <div class='ocr_carea' id='block_1_40' title="bbox 2265 1516 3845 1599">
    <p class='ocr_par' dir='ltr' id='par_1_40' title="bbox 2265 1516 3845 1599">
     <span class='ocr_line' id='line_1_40' title="bbox 2265 1516 3845 1599; baseline -0.006 -18"><span class='ocrx_word' id='word_1_266' title='bbox 2265 1527 2631 1599; x_wconf 77' lang='grc' dir='ltr'><strong>περιορῶμεν,</strong></span> <span class='ocrx_word' id='word_1_267' title='bbox 2675 1525 2845 1596; x_wconf 71' lang='grc' dir='ltr'>ὄνομα</span> <span class='ocrx_word' id='word_1_268' title='bbox 2889 1525 3340 1597; x_wconf 86' lang='grc' dir='ltr'>παραιτούμενοι,</span> <span class='ocrx_word' id='word_1_269' title='bbox 3380 1516 3442 1576; x_wconf 81' lang='grc' dir='ltr'><strong>οῦ</strong></span> <span class='ocrx_word' id='word_1_270' title='bbox 3472 1522 3570 1592; x_wconf 79' lang='grc' dir='ltr'>τὴν</span> <span class='ocrx_word' id='word_1_271' title='bbox 3595 1521 3845 1575; x_wconf 75' lang='grc' dir='ltr'>διάνοιαν</span> 
     </span>
    </p>
   </div>
   <div class='ocr_carea' id='block_1_41' title="bbox 2264 1609 3842 1688">
    <p class='ocr_par' dir='ltr' id='par_1_41' title="bbox 2264 1609 3842 1688">
     <span class='ocr_line' id='line_1_41' title="bbox 2264 1609 3842 1688; baseline -0.006 -15"><span class='ocrx_word' id='word_1_272' title='bbox 2264 1616 2324 1673; x_wconf 78' lang='grc' dir='ltr'>εὖ</span> <span class='ocrx_word' id='word_1_273' title='bbox 2370 1619 2463 1673; x_wconf 78' lang='grc' dir='ltr'>καὶ</span> <span class='ocrx_word' id='word_1_274' title='bbox 2513 1616 2694 1681; x_wconf 86' lang='grc' dir='ltr'>καλῶς</span> <span class='ocrx_word' id='word_1_275' title='bbox 2737 1615 3177 1688; x_wconf 75' lang='grc' dir='ltr'><strong>παραδεχόμεθα.</strong></span> <span class='ocrx_word' id='word_1_276' title='bbox 3213 1616 3276 1668; x_wconf 82' lang='grc' dir='ltr'>Εἰ</span> <span class='ocrx_word' id='word_1_277' title='bbox 3325 1615 3434 1685; x_wconf 82' lang='grc' dir='ltr'><strong>γάρ</strong></span> <span class='ocrx_word' id='word_1_278' title='bbox 3479 1614 3542 1666; x_wconf 78' lang='grc' dir='ltr'>τὸ</span> <span class='ocrx_word' id='word_1_279' title='bbox 3575 1613 3637 1678; x_wconf 76' lang='grc' dir='ltr'>ἐξ</span> <span class='ocrx_word' id='word_1_280' title='bbox 3671 1609 3842 1665; x_wconf 80' lang='grc' dir='ltr'>αὐτοῦ</span> 
     </span>
    </p>
   </div>
   <div class='ocr_carea' id='block_1_42' title="bbox 2267 1703 3845 1784">
    <p class='ocr_par' dir='ltr' id='par_1_42' title="bbox 2267 1703 3845 1784">
     <span class='ocr_line' id='line_1_42' title="bbox 2267 1703 3845 1784; baseline -0.005 -20"><span class='ocrx_word' id='word_1_281' title='bbox 2267 1713 2666 1784; x_wconf 77' lang='grc' dir='ltr'><strong>σημαινόμενον</strong></span> <span class='ocrx_word' id='word_1_282' title='bbox 2689 1709 2764 1780; x_wconf 82' lang='grc' dir='ltr'>μὴ</span> <span class='ocrx_word' id='word_1_283' title='bbox 2781 1707 3223 1782; x_wconf 75' lang='grc' dir='ltr'>παραδεχόμεθα,</span> <span class='ocrx_word' id='word_1_284' title='bbox 3245 1707 3488 1761; x_wconf 78' lang='grc' dir='ltr'>λείπεται</span> <span class='ocrx_word' id='word_1_285' title='bbox 3512 1705 3647 1777; x_wconf 76' lang='grc' dir='ltr'>περὶ</span> <span class='ocrx_word' id='word_1_286' title='bbox 3669 1703 3845 1758; x_wconf 68' lang='grc' dir='ltr'>πολλὰ</span> 
     </span>
    </p>
   </div>
   <div class='ocr_carea' id='block_1_43' title="bbox 2264 1798 3848 1876">
    <p class='ocr_par' dir='ltr' id='par_1_43' title="bbox 2264 1798 3848 1876">
     <span class='ocr_line' id='line_1_43' title="bbox 2264 1798 3848 1876; baseline -0.006 -17"><span class='ocrx_word' id='word_1_287' title='bbox 2264 1805 2414 1876; x_wconf 79' lang='grc' dir='ltr'>ἡμᾶς</span> <span class='ocrx_word' id='word_1_288' title='bbox 2465 1801 2886 1873; x_wconf 84' lang='grc' dir='ltr'>διασφάλλεσθαι</span> <span class='ocrx_word' id='word_1_289' title='bbox 2912 1839 2928 1866; x_wconf 89' lang='grc'><strong>,</strong></span> <span class='ocrx_word' id='word_1_290' title='bbox 2965 1799 3165 1870; x_wconf 77' lang='grc' dir='ltr'>μᾶλλον</span> <span class='ocrx_word' id='word_1_291' title='bbox 3223 1798 3282 1853; x_wconf 71' lang='grc' dir='ltr'>δὲ</span> <span class='ocrx_word' id='word_1_292' title='bbox 3325 1798 3663 1854; x_wconf 77' lang='grc' dir='ltr'>κινδυνεύειν</span> <span class='ocrx_word' id='word_1_293' title='bbox 3715 1800 3848 1869; x_wconf 73' lang='grc' dir='ltr'>περὶ</span> 
     </span>
    </p>
   </div>
   <div class='ocr_carea' id='block_1_44' title="bbox 2266 1888 3844 1965">
    <p class='ocr_par' dir='ltr' id='par_1_44' title="bbox 2266 1888 3844 1965">
     <span class='ocr_line' id='line_1_44' title="bbox 2266 1888 3844 1965; baseline -0.004 -18"><span class='ocrx_word' id='word_1_294' title='bbox 2266 1894 2364 1965; x_wconf 81' lang='grc' dir='ltr'>τὴν</span> <span class='ocrx_word' id='word_1_295' title='bbox 2398 1893 2636 1964; x_wconf 76' lang='grc' dir='ltr'>ἄρρητον</span> <span class='ocrx_word' id='word_1_296' title='bbox 2685 1890 2998 1962; x_wconf 78' lang='grc' dir='ltr'>οἰκονομίαν</span> <span class='ocrx_word' id='word_1_297' title='bbox 3049 1889 3144 1944; x_wconf 89' lang='grc' dir='ltr'><strong>τοῦ</strong></span> <span class='ocrx_word' id='word_1_298' title='bbox 3185 1889 3514 1960; x_wconf 80' lang='grc' dir='ltr'>μονογενοῦς</span> <span class='ocrx_word' id='word_1_299' title='bbox 3556 1889 3695 1943; x_wconf 85' lang='grc' dir='ltr'>Υίοῦ</span> <span class='ocrx_word' id='word_1_300' title='bbox 3745 1888 3844 1941; x_wconf 83' lang='grc' dir='ltr'><strong>τοῦ</strong></span> 
     </span>
    </p>
   </div>
   <div class='ocr_carea' id='block_1_45' title="bbox 2266 1981 3844 2056">
    <p class='ocr_par' dir='ltr' id='par_1_45' title="bbox 2266 1981 3844 2056">
     <span class='ocr_line' id='line_1_45' title="bbox 2266 1981 3844 2056; baseline -0.004 -16"><span class='ocrx_word' id='word_1_301' title='bbox 2266 1984 2423 2041; x_wconf 89' lang='grc' dir='ltr'>Θεοῦ.</span> <span class='ocrx_word' id='word_1_302' title='bbox 2462 1983 2845 2056; x_wconf 81' lang='grc' dir='ltr'>Ἀκολουθήσει</span> <span class='ocrx_word' id='word_1_303' title='bbox 2871 1984 2979 2056; x_wconf 82' lang='grc' dir='ltr'><strong>γάρ</strong></span> <span class='ocrx_word' id='word_1_304' title='bbox 3004 1982 3166 2047; x_wconf 81' lang='grc' dir='ltr'>εὐθὺς</span> <span class='ocrx_word' id='word_1_305' title='bbox 3193 1984 3262 2055; x_wconf 69' lang='grc' dir='ltr'>τῇ</span> <span class='ocrx_word' id='word_1_306' title='bbox 3291 1982 3386 2036; x_wconf 89' lang='grc' dir='ltr'><strong>τοῦ</strong></span> <span class='ocrx_word' id='word_1_307' title='bbox 3414 1983 3686 2054; x_wconf 84' lang='grc' dir='ltr'>ὀνόματος</span> <span class='ocrx_word' id='word_1_308' title='bbox 3714 1981 3844 2035; x_wconf 79' lang='grc' dir='ltr'>τού-</span> 
     </span>
    </p>
   </div>
   <div class='ocr_carea' id='block_1_46' title="bbox 2265 2072 3850 2149">
    <p class='ocr_par' dir='ltr' id='par_1_46' title="bbox 2265 2072 3850 2149">
     <span class='ocr_line' id='line_1_46' title="bbox 2265 2072 3850 2149; baseline -0.006 -14"><span class='ocrx_word' id='word_1_309' title='bbox 2265 2097 2361 2134; x_wconf 90' lang='grc' dir='ltr'><strong>του</strong></span> <span class='ocrx_word' id='word_1_310' title='bbox 2392 2077 2696 2149; x_wconf 77' lang='grc' dir='ltr'>ἀναιρέσει,</span> <span class='ocrx_word' id='word_1_311' title='bbox 2722 2077 2818 2130; x_wconf 76' lang='grc' dir='ltr'>εἴτ’</span> <span class='ocrx_word' id='word_1_312' title='bbox 2837 2072 2930 2131; x_wconf 77' lang='grc' dir='ltr'>οὖν</span> <span class='ocrx_word' id='word_1_313' title='bbox 2952 2074 3029 2147; x_wconf 84' lang='grc' dir='ltr'>τῷ</span> <span class='ocrx_word' id='word_1_314' title='bbox 3060 2075 3124 2141; x_wconf 76' lang='grc' dir='ltr'><strong>ιε</strong></span> <span class='ocrx_word' id='word_1_315' title='bbox 3151 2074 3321 2128; x_wconf 84' lang='grc' dir='ltr'>αὑτοῦ</span> <span class='ocrx_word' id='word_1_316' title='bbox 3342 2072 3759 2146; x_wconf 81' lang='grc' dir='ltr'>σημαινομένφ,</span> <span class='ocrx_word' id='word_1_317' title='bbox 3784 2072 3850 2126; x_wconf 75' lang='grc' dir='ltr'>τὸ</span> 
     </span>
    </p>
   </div>
   <div class='ocr_carea' id='block_1_47' title="bbox 2272 2164 3852 2243">
    <p class='ocr_par' dir='ltr' id='par_1_47' title="bbox 2272 2164 3852 2243">
     <span class='ocr_line' id='line_1_47' title="bbox 2272 2164 3852 2243; baseline -0.003 -19"><span class='ocrx_word' id='word_1_318' title='bbox 2272 2172 2410 2243; x_wconf 76' lang='grc' dir='ltr'>μήτε</span> <span class='ocrx_word' id='word_1_319' title='bbox 2459 2169 2590 2224; x_wconf 73' lang='grc' dir='ltr'>Θεὸν</span> <span class='ocrx_word' id='word_1_320' title='bbox 2635 2164 2776 2224; x_wconf 84' lang='grc' dir='ltr'>εἶναι</span> <span class='ocrx_word' id='word_1_321' title='bbox 2799 2169 2890 2222; x_wconf 77' lang='grc' dir='ltr'><strong>τδν</strong></span> <span class='ocrx_word' id='word_1_322' title='bbox 2922 2167 3021 2240; x_wconf 79' lang='grc' dir='ltr'>τὴν</span> <span class='ocrx_word' id='word_1_323' title='bbox 3068 2167 3305 2240; x_wconf 76' lang='grc' dir='ltr'>ἄρρητον</span> <span class='ocrx_word' id='word_1_324' title='bbox 3351 2167 3672 2237; x_wconf 71' lang='grc' dir='ltr'>οἰκονομίαν</span> <span class='ocrx_word' id='word_1_325' title='bbox 3704 2167 3852 2237; x_wconf 69' lang='grc' dir='ltr'>ὑπερ</span> 
     </span>
    </p>
   </div>
   <div class='ocr_carea' id='block_1_48' title="bbox 2269 2256 3848 2332">
    <p class='ocr_par' dir='ltr' id='par_1_48' title="bbox 2269 2256 3848 2332">
     <span class='ocr_line' id='line_1_48' title="bbox 2269 2256 3848 2332; baseline -0.003 -18"><span class='ocrx_word' id='word_1_326' title='bbox 2269 2261 2428 2331; x_wconf 79' lang='grc' dir='ltr'>ήμῶν</span> <span class='ocrx_word' id='word_1_327' title='bbox 2455 2260 2874 2332; x_wconf 78' lang='grc' dir='ltr'>ἀναδεξάμενον,</span> <span class='ocrx_word' id='word_1_328' title='bbox 2899 2259 3036 2330; x_wconf 84' lang='grc' dir='ltr'>μήτε</span> <span class='ocrx_word' id='word_1_329' title='bbox 3073 2258 3180 2329; x_wconf 77' lang='grc' dir='ltr'>μὴν</span> <span class='ocrx_word' id='word_1_330' title='bbox 3199 2257 3293 2311; x_wconf 75' lang='grc' dir='ltr'><strong>τὸν</strong></span> <span class='ocrx_word' id='word_1_331' title='bbox 3316 2256 3450 2312; x_wconf 79' lang='grc' dir='ltr'>Θεὸν</span> <span class='ocrx_word' id='word_1_332' title='bbox 3473 2258 3654 2326; x_wconf 79' lang='grc' dir='ltr'>Λόγον</span> <span class='ocrx_word' id='word_1_333' title='bbox 3671 2256 3848 2310; x_wconf 80' lang='grc' dir='ltr'>κενώ-</span> 
     </span>
    </p>
   </div>
   <div class='ocr_carea' id='block_1_49' title="bbox 2271 2349 3850 2424">
    <p class='ocr_par' dir='ltr' id='par_1_49' title="bbox 2271 2349 3850 2424">
     <span class='ocr_line' id='line_1_49' title="bbox 2271 2349 3850 2424; baseline -0.003 -17"><span class='ocrx_word' id='word_1_334' title='bbox 2271 2369 2443 2407; x_wconf 88' lang='grc' dir='ltr'>σαντα</span> <span class='ocrx_word' id='word_1_335' title='bbox 2475 2354 2666 2407; x_wconf 76' lang='grc' dir='ltr'>ἑαυτὸν</span> <span class='ocrx_word' id='word_1_336' title='bbox 2703 2354 2785 2417; x_wconf 86' lang='grc' dir='ltr'><strong>είς</strong></span> <span class='ocrx_word' id='word_1_337' title='bbox 2812 2351 2910 2424; x_wconf 78' lang='grc' dir='ltr'>τὴν</span> <span class='ocrx_word' id='word_1_338' title='bbox 2933 2349 3025 2406; x_wconf 86' lang='grc' dir='ltr'><strong>τοῦ</strong></span> <span class='ocrx_word' id='word_1_339' title='bbox 3053 2350 3242 2404; x_wconf 87' lang='grc' dir='ltr'>δούλου</span> <span class='ocrx_word' id='word_1_340' title='bbox 3270 2350 3508 2424; x_wconf 81' lang='grc' dir='ltr'>μορφὴν,</span> <span class='ocrx_word' id='word_1_341' title='bbox 3538 2350 3753 2419; x_wconf 74' lang='grc' dir='ltr'>άφατόν</span> <span class='ocrx_word' id='word_1_342' title='bbox 3798 2367 3850 2403; x_wconf 87' lang='grc' dir='ltr'><strong>τι</strong></span> 
     </span>
    </p>
   </div>
   <div class='ocr_carea' id='block_1_50' title="bbox 2269 2441 3848 2514">
    <p class='ocr_par' dir='ltr' id='par_1_50' title="bbox 2269 2441 3848 2514">
     <span class='ocr_line' id='line_1_50' title="bbox 2269 2441 3848 2514; baseline -0.001 -18"><span class='ocrx_word' id='word_1_343' title='bbox 2269 2443 2398 2514; x_wconf 79' lang='grc' dir='ltr'>περὶ</span> <span class='ocrx_word' id='word_1_344' title='bbox 2454 2445 2602 2514; x_wconf 75' lang='grc' dir='ltr'>ἡμᾶς</span> <span class='ocrx_word' id='word_1_345' title='bbox 2668 2443 3024 2514; x_wconf 66' lang='grc' dir='ltr'>ἐπιδεδεῖχθαι</span> <span class='ocrx_word' id='word_1_346' title='bbox 3079 2442 3492 2514; x_wconf 79' lang='grc' dir='ltr'>φιλανθρωπίας</span> <span class='ocrx_word' id='word_1_347' title='bbox 3551 2441 3792 2512; x_wconf 67' lang='grc' dir='ltr'>μέγεθος</span> <span class='ocrx_word' id='word_1_348' title='bbox 3833 2457 3848 2470; x_wconf 91' lang='grc'><strong>·</strong></span> 
     </span>
    </p>
   </div>
   <div class='ocr_carea' id='block_1_51' title="bbox 2269 2534 3850 2607">
    <p class='ocr_par' dir='ltr' id='par_1_51' title="bbox 2269 2534 3850 2607">
     <span class='ocr_line' id='line_1_51' title="bbox 2269 2534 3850 2607; baseline -0.002 -17"><span class='ocrx_word' id='word_1_349' title='bbox 2269 2535 2414 2606; x_wconf 71' lang='grc' dir='ltr'>άπερ</span> <span class='ocrx_word' id='word_1_350' title='bbox 2434 2534 2459 2575; x_wconf 75' lang='grc' dir='ltr'>ιι</span> <span class='ocrx_word' id='word_1_351' title='bbox 2485 2535 2696 2590; x_wconf 89' lang='grc' dir='ltr'>αἰθεῖαι</span> <span class='ocrx_word' id='word_1_352' title='bbox 2718 2536 2935 2607; x_wconf 79' lang='grc' dir='ltr'>Γραφαὶ</span> <span class='ocrx_word' id='word_1_353' title='bbox 2954 2535 3192 2606; x_wconf 84' lang='grc' dir='ltr'>μάλιστα</span> <span class='ocrx_word' id='word_1_354' title='bbox 3220 2534 3444 2607; x_wconf 89' lang='grc' dir='ltr'>κυροῦσι</span> <span class='ocrx_word' id='word_1_355' title='bbox 3463 2534 3571 2606; x_wconf 83' lang='grc' dir='ltr'>τὴν</span> <span class='ocrx_word' id='word_1_356' title='bbox 3593 2536 3680 2598; x_wconf 85' lang='grc' dir='ltr'><strong>εἰς</strong></span> <span class='ocrx_word' id='word_1_357' title='bbox 3700 2535 3850 2605; x_wconf 66' lang='grc' dir='ltr'>ἡμᾶς</span> 
     </span>
    </p>
   </div>
   <div class='ocr_carea' id='block_1_52' title="bbox 2269 2625 3848 2700">
    <p class='ocr_par' dir='ltr' id='par_1_52' title="bbox 2269 2625 3848 2700">
     <span class='ocr_line' id='line_1_52' title="bbox 2269 2625 3848 2700; baseline 0.001 -21"><span class='ocrx_word' id='word_1_358' title='bbox 2269 2625 2699 2697; x_wconf 70' lang='grc' dir='ltr'>φιλανθριιητίαν,</span> <span class='ocrx_word' id='word_1_359' title='bbox 2745 2627 2876 2681; x_wconf 81' lang='grc' dir='ltr'>ὅταν</span> <span class='ocrx_word' id='word_1_360' title='bbox 2921 2627 3014 2680; x_wconf 76' lang='grc' dir='ltr'><strong>τὸν</strong></span> <span class='ocrx_word' id='word_1_361' title='bbox 3054 2628 3384 2700; x_wconf 82' lang='grc' dir='ltr'>προαιώνιον</span> <span class='ocrx_word' id='word_1_362' title='bbox 3419 2629 3517 2682; x_wconf 70' lang='grc' dir='ltr'>καὶ</span> <span class='ocrx_word' id='word_1_363' title='bbox 3567 2628 3848 2681; x_wconf 71' lang='grc' dir='ltr'>ωναῖδων</span> 
     </span>
    </p>
   </div>
   <div class='ocr_carea' id='block_1_53' title="bbox 2270 2716 3848 2790">
    <p class='ocr_par' dir='ltr' id='par_1_53' title="bbox 2270 2716 3848 2790">
     <span class='ocr_line' id='line_1_53' title="bbox 2270 2716 3848 2790; baseline -0.001 -19"><span class='ocrx_word' id='word_1_364' title='bbox 2270 2717 2364 2771; x_wconf 77' lang='grc' dir='ltr'>καὶ</span> <span class='ocrx_word' id='word_1_365' title='bbox 2398 2718 2664 2788; x_wconf 87' lang='grc' dir='ltr'>μονογενῆ</span> <span class='ocrx_word' id='word_1_366' title='bbox 2695 2716 2790 2772; x_wconf 84' lang='grc' dir='ltr'><strong>τοῦ</strong></span> <span class='ocrx_word' id='word_1_367' title='bbox 2841 2717 2977 2771; x_wconf 87' lang='grc' dir='ltr'>Θεοῦ</span> <span class='ocrx_word' id='word_1_368' title='bbox 3026 2717 3155 2772; x_wconf 82' lang='grc' dir='ltr'>Υίδν</span> <span class='ocrx_word' id='word_1_369' title='bbox 3182 2719 3275 2772; x_wconf 71' lang='grc' dir='ltr'><strong>ἐπὶ</strong></span> <span class='ocrx_word' id='word_1_370' title='bbox 3311 2719 3412 2788; x_wconf 80' lang='grc' dir='ltr'>τὴν</span> <span class='ocrx_word' id='word_1_371' title='bbox 3442 2720 3510 2772; x_wconf 70' lang='grc' dir='ltr'><strong>εκ</strong></span> <span class='ocrx_word' id='word_1_372' title='bbox 3557 2717 3848 2790; x_wconf 71' lang='grc' dir='ltr'>Παρθὶνου</span> 
     </span>
    </p>
   </div>
   <div class='ocr_carea' id='block_1_54' title="bbox 599 2800 2169 2877">
    <p class='ocr_par' dir='ltr' id='par_1_54' title="bbox 599 2800 2169 2877">
     <span class='ocr_line' id='line_1_54' title="bbox 599 2800 2169 2877; baseline -0.004 -16"><span class='ocrx_word' id='word_1_373' title='bbox 599 2821 707 2877; x_wconf 89' lang='lat' dir='ltr'><strong>que</strong></span> <span class='ocrx_word' id='word_1_374' title='bbox 750 2819 809 2861; x_wconf 86' lang='lat' dir='ltr'><strong>se</strong></span> <span class='ocrx_word' id='word_1_375' title='bbox 839 2805 1242 2868; x_wconf 78' lang='lat' dir='ltr'><strong>exina&#39;nivisse,</strong></span> <span class='ocrx_word' id='word_1_376' title='bbox 1294 2818 1472 2873; x_wconf 88' lang='lat' dir='ltr'><strong>neque</strong></span> <span class='ocrx_word' id='word_1_377' title='bbox 1509 2802 1566 2857; x_wconf 92' lang='lat' dir='ltr'><strong>in</strong></span> <span class='ocrx_word' id='word_1_378' title='bbox 1597 2801 1742 2857; x_wconf 88' lang='lat' dir='ltr'><strong>servi</strong></span> <span class='ocrx_word' id='word_1_379' title='bbox 1789 2800 2019 2855; x_wconf 77' lang='lat' dir='ltr'><strong>formam</strong></span> <span class='ocrx_word' id='word_1_380' title='bbox 2049 2815 2169 2855; x_wconf 87' lang='lat' dir='ltr'><strong>sese</strong></span> 
     </span>
    </p>
   </div>
   <div class='ocr_carea' id='block_1_55' title="bbox 599 2891 2170 2963">
    <p class='ocr_par' dir='ltr' id='par_1_55' title="bbox 599 2891 2170 2963">
     <span class='ocr_line' id='line_1_55' title="bbox 599 2891 2170 2963; baseline -0.004 -11"><span class='ocrx_word' id='word_1_381' title='bbox 599 2893 917 2960; x_wconf 83' lang='lat' dir='ltr'><strong>demittens,</strong></span> <span class='ocrx_word' id='word_1_382' title='bbox 959 2893 1292 2950; x_wconf 78' lang='lat' dir='ltr'><strong>inell’abilem</strong></span> <span class='ocrx_word' id='word_1_383' title='bbox 1319 2893 1610 2963; x_wconf 85' lang='lat' dir='ltr'><strong>quamdam</strong></span> <span class='ocrx_word' id='word_1_384' title='bbox 1655 2891 2014 2961; x_wconf 77' lang='lat' dir='ltr'><strong>benignitatis</strong></span> <span class='ocrx_word' id='word_1_385' title='bbox 2051 2907 2170 2946; x_wconf 86' lang='lat' dir='ltr'><strong>ma-</strong></span> 
     </span>
    </p>
   </div>
   <div class='ocr_carea' id='block_1_56' title="bbox 2269 2809 3848 2881">
    <p class='ocr_par' dir='ltr' id='par_1_56' title="bbox 2269 2809 3848 2881">
     <span class='ocr_line' id='line_1_56' title="bbox 2269 2809 3848 2881; baseline -0.001 -18"><span class='ocrx_word' id='word_1_386' title='bbox 2269 2810 2521 2881; x_wconf 79' lang='grc' dir='ltr'>γέννησιν</span> <span class='ocrx_word' id='word_1_387' title='bbox 2554 2810 2778 2875; x_wconf 80' lang='grc' dir='ltr'>ἀπαθῶς</span> <span class='ocrx_word' id='word_1_388' title='bbox 2801 2809 2880 2880; x_wconf 82' lang='grc' dir='ltr'>τῷ</span> <span class='ocrx_word' id='word_1_389' title='bbox 2909 2809 3053 2880; x_wconf 82' lang='grc' dir='ltr'>λόγῳ</span> <span class='ocrx_word' id='word_1_390' title='bbox 3079 2810 3384 2877; x_wconf 85' lang='grc' dir='ltr'>κατάγωσι,</span> <span class='ocrx_word' id='word_1_391' title='bbox 3419 2810 3564 2864; x_wconf 85' lang='grc' dir='ltr'>κο.τά</span> <span class='ocrx_word' id='word_1_392' title='bbox 3598 2810 3663 2862; x_wconf 76' lang='grc' dir='ltr'>τὸ</span> <span class='ocrx_word' id='word_1_393' title='bbox 3688 2812 3848 2880; x_wconf 82' lang='grc' dir='ltr'>εἰρη-</span> 
     </span>
    </p>
   </div>
   <div class='ocr_carea' id='block_1_57' title="bbox 2275 2899 3848 2973">
    <p class='ocr_par' dir='ltr' id='par_1_57' title="bbox 2275 2899 3848 2973">
     <span class='ocr_line' id='line_1_57' title="bbox 2275 2899 3848 2973; baseline 0 -19"><span class='ocrx_word' id='word_1_394' title='bbox 2275 2901 2435 2973; x_wconf 81' lang='grc' dir='ltr'>μένον</span> <span class='ocrx_word' id='word_1_395' title='bbox 2463 2900 2541 2972; x_wconf 83' lang='grc' dir='ltr'>τῷ</span> <span class='ocrx_word' id='word_1_396' title='bbox 2583 2900 2715 2970; x_wconf 86' lang='grc' dir='ltr'>θείῳ</span> <span class='ocrx_word' id='word_1_397' title='bbox 2748 2899 3057 2971; x_wconf 79' lang='grc' dir='ltr'>Ἀποστόλῳ</span> <span class='ocrx_word' id='word_1_398' title='bbox 3080 2917 3096 2934; x_wconf 78' lang='grc' dir='ltr'><strong>ο</strong></span> <span class='ocrx_word' id='word_1_399' title='bbox 3145 2919 3163 2952; x_wconf 81' lang='grc' dir='ltr'><strong>ι</strong></span> <span class='ocrx_word' id='word_1_400' title='bbox 3218 2900 3635 2966; x_wconf 71' lang='grc' dir='ltr'>Ἐξαπέστειλεν</span> <span class='ocrx_word' id='word_1_401' title='bbox 3657 2902 3688 2954; x_wconf 81' lang='grc' dir='ltr'><strong>δ</strong></span> <span class='ocrx_word' id='word_1_402' title='bbox 3713 2900 3848 2964; x_wconf 75' lang='grc' dir='ltr'>Θεὸς</span> 
     </span>
    </p>
   </div>
   <div class='ocr_carea' id='block_1_58' title="bbox 600 2984 2169 3064">
    <p class='ocr_par' dir='ltr' id='par_1_58' title="bbox 600 2984 2169 3059">
     <span class='ocr_line' id='line_1_58' title="bbox 600 2984 2169 3059; baseline -0.003 -17"><span class='ocrx_word' id='word_1_403' title='bbox 600 2985 944 3059; x_wconf 86' lang='lat' dir='ltr'><strong>guitudinem</strong></span> <span class='ocrx_word' id='word_1_404' title='bbox 970 2986 1210 3042; x_wconf 79' lang='lat' dir='ltr'><strong>humano</strong></span> <span class='ocrx_word' id='word_1_405' title='bbox 1241 2985 1428 3056; x_wconf 88' lang='lat' dir='ltr'><strong>generi</strong></span> <span class='ocrx_word' id='word_1_406' title='bbox 1453 2984 1770 3040; x_wconf 87' lang='lat' dir='ltr'><strong>exhibuisse</strong></span> <span class='ocrx_word' id='word_1_407' title='bbox 1791 3025 1807 3050; x_wconf 95' lang='lat'><strong>,</strong></span> <span class='ocrx_word' id='word_1_408' title='bbox 1839 3000 1966 3040; x_wconf 91' lang='lat' dir='ltr'><strong>cum</strong></span> <span class='ocrx_word' id='word_1_409' title='bbox 1987 2995 2169 3040; x_wconf 89' lang='lat' dir='ltr'><strong>tamen</strong></span> 
     </span>
    </p>
   </div>
   <div class='ocr_carea' id='block_1_59' title="bbox 2268 2984 3851 3064">
    <p class='ocr_par' dir='ltr' id='par_1_59' title="bbox 2273 2988 3851 3064">
     <span class='ocr_line' id='line_1_59' title="bbox 2273 2988 3851 3064; baseline -0.002 -17"><span class='ocrx_word' id='word_1_410' title='bbox 2273 2994 2363 3048; x_wconf 77' lang='grc' dir='ltr'>τὸν</span> <span class='ocrx_word' id='word_1_411' title='bbox 2399 2993 2528 3046; x_wconf 74' lang='grc' dir='ltr'>Υίδν</span> <span class='ocrx_word' id='word_1_412' title='bbox 2560 2990 2726 3046; x_wconf 76' lang='grc' dir='ltr'>αὐτοῦ</span> <span class='ocrx_word' id='word_1_413' title='bbox 2769 2990 3107 3064; x_wconf 83' lang='grc' dir='ltr'>γεννώμενον</span> <span class='ocrx_word' id='word_1_414' title='bbox 3143 2988 3164 3031; x_wconf 75' lang='grc' dir='ltr'><strong>ι</strong></span> <span class='ocrx_word' id='word_1_415' title='bbox 3209 2991 3275 3046; x_wconf 74' lang='grc' dir='ltr'>ὲκ</span> <span class='ocrx_word' id='word_1_416' title='bbox 3301 2993 3560 3062; x_wconf 82' lang='grc' dir='ltr'>γυναικός</span> <span class='ocrx_word' id='word_1_417' title='bbox 3582 3009 3598 3024; x_wconf 86' lang='grc'><strong>·</strong></span> <span class='ocrx_word' id='word_1_418' title='bbox 3641 3012 3662 3046; x_wconf 75' lang='grc' dir='ltr'><strong>ι</strong></span> <span class='ocrx_word' id='word_1_419' title='bbox 3712 2993 3851 3046; x_wconf 87' lang='grc' dir='ltr'>ἀπο-</span> 
     </span>
    </p>
   </div>
   <div class='ocr_carea' id='block_1_60' title="bbox 600 3077 2169 3165">
    <p class='ocr_par' dir='ltr' id='par_1_60' title="bbox 600 3077 2169 3165">
     <span class='ocr_line' id='line_1_60' title="bbox 600 3077 2169 3165; baseline -0.001 -30"><span class='ocrx_word' id='word_1_420' title='bbox 600 3079 699 3136; x_wconf 89' lang='lat' dir='ltr'><strong>Dei</strong></span> <span class='ocrx_word' id='word_1_421' title='bbox 731 3095 862 3151; x_wconf 90' lang='lat' dir='ltr'><strong>erga</strong></span> <span class='ocrx_word' id='word_1_422' title='bbox 911 3094 1011 3135; x_wconf 89' lang='lat' dir='ltr'><strong>nos</strong></span> <span class='ocrx_word' id='word_1_423' title='bbox 1055 3077 1400 3165; x_wconf 88' lang='lat' dir='ltr'><strong>clementiam</strong></span> <span class='ocrx_word' id='word_1_424' title='bbox 1448 3077 1650 3133; x_wconf 70' lang='lat' dir='ltr'><strong>divina:</strong></span> <span class='ocrx_word' id='word_1_425' title='bbox 1701 3077 2001 3148; x_wconf 73' lang='lat' dir='ltr'><strong>Scriptura:</strong></span> <span class='ocrx_word' id='word_1_426' title='bbox 2037 3077 2169 3133; x_wconf 89' lang='lat' dir='ltr'><strong>hinc</strong></span> 
     </span>
    </p>
   </div>
   <div class='ocr_carea' id='block_1_61' title="bbox 2268 3077 3848 3165">
    <p class='ocr_par' dir='ltr' id='par_1_61' title="bbox 2272 3081 3848 3154">
     <span class='ocr_line' id='line_1_61' title="bbox 2272 3081 3848 3154; baseline -0.001 -17"><span class='ocrx_word' id='word_1_427' title='bbox 2272 3081 2549 3137; x_wconf 82' lang='grc' dir='ltr'>δεικνύντι</span> <span class='ocrx_word' id='word_1_428' title='bbox 2603 3082 2792 3152; x_wconf 83' lang='grc' dir='ltr'>σαφῶς</span> <span class='ocrx_word' id='word_1_429' title='bbox 2849 3083 2948 3152; x_wconf 79' lang='grc' dir='ltr'>τὴν</span> <span class='ocrx_word' id='word_1_430' title='bbox 2985 3081 3078 3137; x_wconf 83' lang='grc' dir='ltr'><strong>τοῦ</strong></span> <span class='ocrx_word' id='word_1_431' title='bbox 3108 3084 3444 3152; x_wconf 81' lang='grc' dir='ltr'>Μονογενοῦς</span> <span class='ocrx_word' id='word_1_432' title='bbox 3474 3085 3540 3137; x_wconf 83' lang='grc' dir='ltr'>ὲκ</span> <span class='ocrx_word' id='word_1_433' title='bbox 3565 3083 3848 3154; x_wconf 74' lang='grc' dir='ltr'>Παρθένου</span> 
     </span>
    </p>
   </div>
   <div class='ocr_carea' id='block_1_62' title="bbox 601 3169 2169 3264">
    <p class='ocr_par' dir='ltr' id='par_1_62' title="bbox 601 3170 2169 3264">
     <span class='ocr_line' id='line_1_62' title="bbox 601 3170 2169 3264; baseline -0.003 -34"><span class='ocrx_word' id='word_1_434' title='bbox 601 3170 1250 3264; x_wconf 34' lang='lat' dir='ltr'><strong>praecipue‘conﬁrrnent,</strong></span> <span class='ocrx_word' id='word_1_435' title='bbox 1274 3170 1420 3241; x_wconf 89' lang='lat' dir='ltr'><strong>quod</strong></span> <span class='ocrx_word' id='word_1_436' title='bbox 1447 3171 1672 3226; x_wconf 89' lang='lat' dir='ltr'><strong>unicum</strong></span> <span class='ocrx_word' id='word_1_437' title='bbox 1701 3171 1857 3226; x_wconf 87' lang='lat' dir='ltr'><strong>illum</strong></span> <span class='ocrx_word' id='word_1_438' title='bbox 1879 3171 2169 3238; x_wconf 85' lang='lat' dir='ltr'><strong>sempiter-</strong></span> 
     </span>
    </p>
   </div>
   <div class='ocr_carea' id='block_1_63' title="bbox 2268 3169 3853 3264">
    <p class='ocr_par' dir='ltr' id='par_1_63' title="bbox 2271 3169 3853 3245">
     <span class='ocr_line' id='line_1_63' title="bbox 2271 3169 3853 3245; baseline 0.001 -20"><span class='ocrx_word' id='word_1_439' title='bbox 2271 3171 2524 3242; x_wconf 72' lang='grc' dir='ltr'>γὲννησιν</span> <span class='ocrx_word' id='word_1_440' title='bbox 2543 3173 2795 3244; x_wconf 74' lang='grc' dir='ltr'>ἀρρήτως</span> <span class='ocrx_word' id='word_1_441' title='bbox 2827 3183 2886 3235; x_wconf 73' lang='grc' dir='ltr'>ω,</span> <span class='ocrx_word' id='word_1_442' title='bbox 2911 3171 2986 3235; x_wconf 81' lang='grc' dir='ltr'>ὡς</span> <span class='ocrx_word' id='word_1_443' title='bbox 3013 3171 3226 3242; x_wconf 80' lang='grc' dir='ltr'>φθάσας</span> <span class='ocrx_word' id='word_1_444' title='bbox 3249 3173 3409 3244; x_wconf 72' lang='grc' dir='ltr'>ἔφην.</span> <span class='ocrx_word' id='word_1_445' title='bbox 3426 3175 3544 3243; x_wconf 73' lang='grc' dir='ltr'><strong>Ἀφ’</strong></span> <span class='ocrx_word' id='word_1_446' title='bbox 3569 3169 3639 3244; x_wconf 86' lang='grc' dir='ltr'>ἦς</span> <span class='ocrx_word' id='word_1_447' title='bbox 3660 3174 3853 3245; x_wconf 77' lang='grc' dir='ltr'>γεννή-</span> 
     </span>
    </p>
   </div>
   <div class='ocr_carea' id='block_1_64' title="bbox 601 3249 2169 3337">
    <p class='ocr_par' dir='ltr' id='par_1_64' title="bbox 601 3249 2169 3333">
     <span class='ocr_line' id='line_1_64' title="bbox 601 3249 2169 3333; baseline -0.001 -13"><span class='ocrx_word' id='word_1_448' title='bbox 601 3279 842 3333; x_wconf 90' lang='lat' dir='ltr'><strong>numque</strong></span> <span class='ocrx_word' id='word_1_449' title='bbox 880 3249 977 3318; x_wconf 72' lang='lat' dir='ltr'><strong>bet</strong></span> <span class='ocrx_word' id='word_1_450' title='bbox 1001 3249 1197 3317; x_wconf 80' lang='lat' dir='ltr'><strong>Filium</strong></span> <span class='ocrx_word' id='word_1_451' title='bbox 1224 3271 1350 3317; x_wconf 90' lang='lat' dir='ltr'><strong>ante</strong></span> <span class='ocrx_word' id='word_1_452' title='bbox 1375 3262 1559 3316; x_wconf 88' lang='lat' dir='ltr'><strong>omnia</strong></span> <span class='ocrx_word' id='word_1_453' title='bbox 1586 3262 1788 3317; x_wconf 69' lang='lat' dir='ltr'><strong>saecula</strong></span> <span class='ocrx_word' id='word_1_454' title='bbox 1823 3256 2035 3328; x_wconf 79' lang='lat' dir='ltr'><strong>nattlin,</strong></span> <span class='ocrx_word' id='word_1_455' title='bbox 2062 3261 2169 3318; x_wconf 89' lang='lat' dir='ltr'><strong>im-</strong></span> 
     </span>
    </p>
   </div>
   <div class='ocr_carea' id='block_1_65' title="bbox 2268 3249 3853 3337">
    <p class='ocr_par' dir='ltr' id='par_1_65' title="bbox 2276 3262 3853 3337">
     <span class='ocr_line' id='line_1_65' title="bbox 2276 3262 3853 3337; baseline 0.001 -20"><span class='ocrx_word' id='word_1_456' title='bbox 2276 3279 2414 3326; x_wconf 85' lang='grc' dir='ltr'>σεως</span> <span class='ocrx_word' id='word_1_457' title='bbox 2434 3264 2482 3316; x_wconf 87' lang='grc' dir='ltr'><strong>εἰ</strong></span> <span class='ocrx_word' id='word_1_458' title='bbox 2509 3262 2969 3335; x_wconf 79' lang='grc' dir='ltr'>προσαγορεύοιτο</span> <span class='ocrx_word' id='word_1_459' title='bbox 2992 3264 3026 3334; x_wconf 78' lang='grc' dir='ltr'>ἠ</span> <span class='ocrx_word' id='word_1_460' title='bbox 3050 3263 3326 3335; x_wconf 78' lang='grc' dir='ltr'>Παρθένος</span> <span class='ocrx_word' id='word_1_461' title='bbox 3346 3266 3500 3337; x_wconf 84' lang='grc' dir='ltr'>παρὰ</span> <span class='ocrx_word' id='word_1_462' title='bbox 3536 3265 3645 3318; x_wconf 84' lang='grc' dir='ltr'><strong>τῶν</strong></span> <span class='ocrx_word' id='word_1_463' title='bbox 3675 3265 3853 3319; x_wconf 70' lang='grc' dir='ltr'>Πατέ-</span> 
     </span>
    </p>
   </div>
   <div class='ocr_carea' id='block_1_66' title="bbox 599 3347 2169 3428">
    <p class='ocr_par' dir='ltr' id='par_1_66' title="bbox 599 3351 2169 3428">
     <span class='ocr_line' id='line_1_66' title="bbox 599 3351 2169 3428; baseline -0.001 -17"><span class='ocrx_word' id='word_1_464' title='bbox 599 3355 814 3428; x_wconf 85' lang='lat' dir='ltr'><strong>patibili</strong></span> <span class='ocrx_word' id='word_1_465' title='bbox 839 3354 1003 3410; x_wconf 91' lang='lat' dir='ltr'><strong>modo</strong></span> <span class='ocrx_word' id='word_1_466' title='bbox 1021 3370 1088 3410; x_wconf 80' lang='lat' dir='ltr'><strong>ex</strong></span> <span class='ocrx_word' id='word_1_467' title='bbox 1115 3369 1267 3410; x_wconf 89' lang='lat' dir='ltr'><strong>sacra</strong></span> <span class='ocrx_word' id='word_1_468' title='bbox 1293 3369 1512 3426; x_wconf 90' lang='lat' dir='ltr'><strong>quoque</strong></span> <span class='ocrx_word' id='word_1_469' title='bbox 1534 3354 1754 3425; x_wconf 81' lang='lat' dir='ltr'><strong>Virgine</strong></span> <span class='ocrx_word' id='word_1_470' title='bbox 1779 3363 1962 3409; x_wconf 89' lang='lat' dir='ltr'><strong>ortum</strong></span> <span class='ocrx_word' id='word_1_471' title='bbox 1985 3351 2169 3410; x_wconf 85' lang='lat' dir='ltr'><strong>osten-</strong></span> 
     </span>
    </p>
   </div>
   <div class='ocr_carea' id='block_1_67' title="bbox 2268 3347 3850 3428">
    <p class='ocr_par' dir='ltr' id='par_1_67' title="bbox 2273 3347 3850 3428">
     <span class='ocr_line' id='line_1_67' title="bbox 2273 3347 3850 3428; baseline 0.002 -21"><span class='ocrx_word' id='word_1_472' title='bbox 2273 3370 2407 3426; x_wconf 88' lang='grc' dir='ltr'>ρων,</span> <span class='ocrx_word' id='word_1_473' title='bbox 2427 3351 2617 3425; x_wconf 82' lang='grc' dir='ltr'>ὥσπερ</span> <span class='ocrx_word' id='word_1_474' title='bbox 2634 3347 2701 3406; x_wconf 81' lang='grc' dir='ltr'>αὖ</span> <span class='ocrx_word' id='word_1_475' title='bbox 2729 3347 2823 3407; x_wconf 80' lang='grc' dir='ltr'>οὖν</span> <span class='ocrx_word' id='word_1_476' title='bbox 2844 3354 2938 3407; x_wconf 78' lang='grc' dir='ltr'>καὶ</span> <span class='ocrx_word' id='word_1_477' title='bbox 2953 3354 3420 3427; x_wconf 81' lang='grc' dir='ltr'>προσαγορεύεται</span> <span class='ocrx_word' id='word_1_478' title='bbox 3441 3355 3617 3426; x_wconf 77' lang='grc' dir='ltr'>τούτῳ</span> <span class='ocrx_word' id='word_1_479' title='bbox 3631 3355 3709 3428; x_wconf 79' lang='grc' dir='ltr'>τῷ</span> <span class='ocrx_word' id='word_1_480' title='bbox 3724 3357 3850 3410; x_wconf 76' lang='grc' dir='ltr'>ὀνό-</span> 
     </span>
    </p>
   </div>
   <div class='ocr_carea' id='block_1_68' title="bbox 601 3441 2169 3519">
    <p class='ocr_par' dir='ltr' id='par_1_68' title="bbox 601 3445 2169 3517">
     <span class='ocr_line' id='line_1_68' title="bbox 601 3445 2169 3517; baseline 0 -15"><span class='ocrx_word' id='word_1_481' title='bbox 601 3449 759 3503; x_wconf 77' lang='grc' dir='ltr'>ιιιιιιι.</span> <span class='ocrx_word' id='word_1_482' title='bbox 798 3445 918 3502; x_wconf 85' lang='lat' dir='ltr'><strong>ﬂuc</strong></span> <span class='ocrx_word' id='word_1_483' title='bbox 957 3461 1195 3517; x_wconf 90' lang='lat' dir='ltr'><strong>namque</strong></span> <span class='ocrx_word' id='word_1_484' title='bbox 1224 3446 1447 3502; x_wconf 87' lang='lat' dir='ltr'><strong>divinus</strong></span> <span class='ocrx_word' id='word_1_485' title='bbox 1482 3447 1658 3501; x_wconf 88' lang='lat' dir='ltr'><strong>tendit</strong></span> <span class='ocrx_word' id='word_1_486' title='bbox 1695 3447 2014 3517; x_wconf 84' lang='lat' dir='ltr'><strong>Apostolus,</strong></span> <span class='ocrx_word' id='word_1_487' title='bbox 2039 3447 2169 3502; x_wconf 89' lang='lat' dir='ltr'><strong>dum</strong></span> 
     </span>
    </p>
   </div>
   <div class='ocr_carea' id='block_1_69' title="bbox 2268 3441 3849 3519">
    <p class='ocr_par' dir='ltr' id='par_1_69' title="bbox 2272 3441 3849 3519">
     <span class='ocr_line' id='line_1_69' title="bbox 2272 3441 3849 3519; baseline 0.002 -22"><span class='ocrx_word' id='word_1_488' title='bbox 2272 3461 2424 3514; x_wconf 87' lang='grc' dir='ltr'>ματι,</span> <span class='ocrx_word' id='word_1_489' title='bbox 2464 3444 2564 3498; x_wconf 80' lang='grc' dir='ltr'>οὐκ</span> <span class='ocrx_word' id='word_1_490' title='bbox 2597 3441 2695 3498; x_wconf 79' lang='grc' dir='ltr'>οἶδ’</span> <span class='ocrx_word' id='word_1_491' title='bbox 2716 3444 2841 3498; x_wconf 85' lang='grc' dir='ltr'>δτου</span> <span class='ocrx_word' id='word_1_492' title='bbox 2859 3444 3018 3516; x_wconf 82' lang='grc' dir='ltr'>χάριν</span> <span class='ocrx_word' id='word_1_493' title='bbox 3050 3446 3148 3517; x_wconf 76' lang='grc' dir='ltr'>τὴν</span> <span class='ocrx_word' id='word_1_494' title='bbox 3183 3446 3283 3500; x_wconf 78' lang='grc' dir='ltr'>οὐκ</span> <span class='ocrx_word' id='word_1_495' title='bbox 3316 3446 3625 3516; x_wconf 80' lang='grc' dir='ltr'>ἀναγκαίαν</span> <span class='ocrx_word' id='word_1_496' title='bbox 3643 3445 3849 3519; x_wconf 69' lang='grc' dir='ltr'>ταύτην</span> 
     </span>
    </p>
   </div>
   <div class='ocr_carea' id='block_1_70' title="bbox 603 3535 2169 3612">
    <p class='ocr_par' dir='ltr' id='par_1_70' title="bbox 603 3535 2169 3612">
     <span class='ocr_line' id='line_1_70' title="bbox 603 3535 2169 3612; baseline -0.002 -19"><span class='ocrx_word' id='word_1_497' title='bbox 603 3537 679 3593; x_wconf 80' lang='lat' dir='ltr'><strong>ita</strong></span> <span class='ocrx_word' id='word_1_498' title='bbox 701 3537 779 3593; x_wconf 89' lang='lat' dir='ltr'><strong>ait</strong></span> <span class='ocrx_word' id='word_1_499' title='bbox 811 3555 825 3592; x_wconf 89' lang='lat'><strong>:</strong></span> <span class='ocrx_word' id='word_1_500' title='bbox 861 3555 879 3590; x_wconf 82' lang='grc' dir='ltr'><strong>ι</strong></span> <span class='ocrx_word' id='word_1_501' title='bbox 913 3536 1060 3593; x_wconf 83' lang='lat' dir='ltr'><strong>Misit</strong></span> <span class='ocrx_word' id='word_1_502' title='bbox 1103 3537 1250 3592; x_wconf 88' lang='lat' dir='ltr'><strong>Deus</strong></span> <span class='ocrx_word' id='word_1_503' title='bbox 1283 3535 1487 3612; x_wconf 21' lang='lat' dir='ltr'><strong>Filium.</strong></span> <span class='ocrx_word' id='word_1_504' title='bbox 1520 3551 1682 3591; x_wconf 88' lang='lat' dir='ltr'><strong>suum</strong></span> <span class='ocrx_word' id='word_1_505' title='bbox 1722 3536 1926 3592; x_wconf 78' lang='lat' dir='ltr'><strong>factum</strong></span> <span class='ocrx_word' id='word_1_506' title='bbox 1952 3552 2021 3592; x_wconf 89' lang='lat' dir='ltr'><strong>ex</strong></span> <span class='ocrx_word' id='word_1_507' title='bbox 2045 3551 2169 3591; x_wconf 88' lang='lat' dir='ltr'><strong>mu-</strong></span> 
     </span>
    </p>
   </div>
   <div class='ocr_carea' id='block_1_71' title="bbox 2268 3535 3850 3612">
    <p class='ocr_par' dir='ltr' id='par_1_71' title="bbox 2269 3535 3850 3608">
     <span class='ocr_line' id='line_1_71' title="bbox 2269 3535 3850 3608; baseline 0.003 -18"><span class='ocrx_word' id='word_1_508' title='bbox 2269 3535 2500 3608; x_wconf 80' lang='grc' dir='ltr'>ζήτησιν</span> <span class='ocrx_word' id='word_1_509' title='bbox 2538 3551 2552 3564; x_wconf 84' lang='lat'><strong><em>°</em></strong></span> <span class='ocrx_word' id='word_1_510' title='bbox 2613 3536 2708 3589; x_wconf 88' lang='grc' dir='ltr'><strong>καί</strong></span> <span class='ocrx_word' id='word_1_511' title='bbox 2768 3553 2892 3606; x_wconf 76' lang='grc' dir='ltr'>μοιι</span> <span class='ocrx_word' id='word_1_512' title='bbox 2922 3535 3200 3606; x_wconf 83' lang='grc' dir='ltr'>σύγγνωθι</span> <span class='ocrx_word' id='word_1_513' title='bbox 3235 3553 3253 3570; x_wconf 87' lang='grc'><strong>·</strong></span> <span class='ocrx_word' id='word_1_514' title='bbox 3301 3537 3426 3591; x_wconf 83' lang='grc' dir='ltr'>καθ’</span> <span class='ocrx_word' id='word_1_515' title='bbox 3478 3538 3685 3594; x_wconf 76' lang='grc' dir='ltr'>ἑαυτῶν</span> <span class='ocrx_word' id='word_1_516' title='bbox 3757 3541 3850 3595; x_wconf 73' lang='grc' dir='ltr'><strong>καὶ</strong></span> 
     </span>
    </p>
   </div>
   <div class='ocr_carea' id='block_1_72' title="bbox 601 3624 2169 3703">
    <p class='ocr_par' dir='ltr' id='par_1_72' title="bbox 601 3624 2169 3698">
     <span class='ocr_line' id='line_1_72' title="bbox 601 3624 2169 3698; baseline -0.001 -15"><span class='ocrx_word' id='word_1_517' title='bbox 601 3627 740 3683; x_wconf 89' lang='lat' dir='ltr'><strong>liere</strong></span> <span class='ocrx_word' id='word_1_518' title='bbox 759 3627 799 3679; x_wconf 78' lang='grc'>⁸.</span> <span class='ocrx_word' id='word_1_519' title='bbox 828 3643 849 3678; x_wconf 75' lang='grc' dir='ltr'><strong>ι</strong></span> <span class='ocrx_word' id='word_1_520' title='bbox 877 3624 1037 3682; x_wconf 88' lang='lat' dir='ltr'><strong>Clare</strong></span> <span class='ocrx_word' id='word_1_521' title='bbox 1064 3626 1154 3680; x_wconf 92' lang='lat' dir='ltr'><strong>hic</strong></span> <span class='ocrx_word' id='word_1_522' title='bbox 1174 3624 1436 3690; x_wconf 86' lang='lat' dir='ltr'><strong>ostendit,</strong></span> <span class='ocrx_word' id='word_1_523' title='bbox 1463 3626 1757 3695; x_wconf 83' lang='lat' dir='ltr'><strong>ipsummet</strong></span> <span class='ocrx_word' id='word_1_524' title='bbox 1785 3625 1882 3680; x_wconf 89' lang='lat' dir='ltr'><strong>Dei</strong></span> <span class='ocrx_word' id='word_1_525' title='bbox 1911 3626 2169 3698; x_wconf 84' lang='lat' dir='ltr'><strong>Unigeni-</strong></span> 
     </span>
    </p>
   </div>
   <div class='ocr_carea' id='block_1_73' title="bbox 2268 3624 3849 3703">
    <p class='ocr_par' dir='ltr' id='par_1_73' title="bbox 2274 3625 3849 3703">
     <span class='ocr_line' id='line_1_73' title="bbox 2274 3625 3849 3703; baseline -0.004 -22"><span class='ocrx_word' id='word_1_526' title='bbox 2274 3627 2378 3697; x_wconf 76' lang='grc' dir='ltr'>τῆς</span> <span class='ocrx_word' id='word_1_527' title='bbox 2413 3625 2885 3696; x_wconf 66' lang='grc' dir='ltr'>ἐκκλησιαστικῆς</span> <span class='ocrx_word' id='word_1_528' title='bbox 2932 3628 3192 3700; x_wconf 83' lang='grc' dir='ltr'>εἰρήνης,</span> <span class='ocrx_word' id='word_1_529' title='bbox 3239 3627 3318 3692; x_wconf 84' lang='grc' dir='ltr'>ὠς</span> <span class='ocrx_word' id='word_1_530' title='bbox 3342 3631 3476 3702; x_wconf 82' lang='grc' dir='ltr'>δρᾷς</span> <span class='ocrx_word' id='word_1_531' title='bbox 3499 3669 3515 3694; x_wconf 90' lang='grc'><strong>,</strong></span> <span class='ocrx_word' id='word_1_532' title='bbox 3556 3631 3849 3703; x_wconf 69' lang='grc' dir='ltr'>ἀναδεδέγ.</span> 
     </span>
    </p>
   </div>
   <div class='ocr_carea' id='block_1_74' title="bbox 604 3713 2169 3797">
    <p class='ocr_par' dir='ltr' id='par_1_74' title="bbox 604 3713 2168 3785">
     <span class='ocr_line' id='line_1_74' title="bbox 604 3713 2168 3785; baseline -0.001 -14"><span class='ocrx_word' id='word_1_533' title='bbox 604 3725 720 3771; x_wconf 89' lang='lat' dir='ltr'><strong>tum</strong></span> <span class='ocrx_word' id='word_1_534' title='bbox 745 3714 1056 3771; x_wconf 82' lang='lat' dir='ltr'><strong>admirabili</strong></span> <span class='ocrx_word' id='word_1_535' title='bbox 1087 3723 1213 3769; x_wconf 91' lang='lat' dir='ltr'><strong>ortu</strong></span> <span class='ocrx_word' id='word_1_536' title='bbox 1245 3729 1314 3769; x_wconf 88' lang='lat' dir='ltr'><strong>ex</strong></span> <span class='ocrx_word' id='word_1_537' title='bbox 1343 3714 1566 3785; x_wconf 78' lang='lat' dir='ltr'><strong>Virgine</strong></span> <span class='ocrx_word' id='word_1_538' title='bbox 1589 3713 1648 3771; x_wconf 67' lang='lat' dir='ltr'><strong>in</strong></span> <span class='ocrx_word' id='word_1_539' title='bbox 1673 3715 1850 3770; x_wconf 88' lang='lat' dir='ltr'><strong>lucem</strong></span> <span class='ocrx_word' id='word_1_540' title='bbox 1876 3713 2168 3784; x_wconf 90' lang='lat' dir='ltr'><strong>prodiisse,</strong></span> 
     </span>
    </p>
   </div>
   <div class='ocr_carea' id='block_1_75' title="bbox 2268 3713 3849 3797">
    <p class='ocr_par' dir='ltr' id='par_1_75' title="bbox 2282 3717 3849 3797">
     <span class='ocr_line' id='line_1_75' title="bbox 2282 3717 3849 3797; baseline 0.006 -27"><span class='ocrx_word' id='word_1_541' title='bbox 2282 3717 2443 3788; x_wconf 87' lang='grc' dir='ltr'>μεθα.</span> <span class='ocrx_word' id='word_1_542' title='bbox 2478 3717 2736 3782; x_wconf 82' lang='grc' dir='ltr'>Κίνδυνος</span> <span class='ocrx_word' id='word_1_543' title='bbox 2758 3717 2867 3790; x_wconf 83' lang='grc' dir='ltr'>γὰρ</span> <span class='ocrx_word' id='word_1_544' title='bbox 2894 3719 3071 3782; x_wconf 75' lang='grc' dir='ltr'>οὐδεὶς</span> <span class='ocrx_word' id='word_1_545' title='bbox 3097 3721 3274 3774; x_wconf 85' lang='grc' dir='ltr'>ταύτά</span> <span class='ocrx_word' id='word_1_546' title='bbox 3295 3721 3479 3789; x_wconf 78' lang='grc' dir='ltr'>λέγειν</span> <span class='ocrx_word' id='word_1_547' title='bbox 3507 3740 3564 3776; x_wconf 89' lang='grc' dir='ltr'><strong>τε</strong></span> <span class='ocrx_word' id='word_1_548' title='bbox 3591 3725 3689 3778; x_wconf 70' lang='grc' dir='ltr'>καὶ</span> <span class='ocrx_word' id='word_1_549' title='bbox 3716 3740 3849 3797; x_wconf 81' lang='grc' dir='ltr'>φρο-</span> 
     </span>
    </p>
   </div>
   <div class='ocr_carea' id='block_1_76' title="bbox 604 3805 2169 3888">
    <p class='ocr_par' dir='ltr' id='par_1_76' title="bbox 604 3805 2169 3880">
     <span class='ocr_line' id='line_1_76' title="bbox 604 3805 2169 3880; baseline -0.002 -16"><span class='ocrx_word' id='word_1_550' title='bbox 604 3817 668 3864; x_wconf 84' lang='grc' dir='ltr'><strong>ιιι</strong></span> <span class='ocrx_word' id='word_1_551' title='bbox 692 3809 858 3880; x_wconf 87' lang='lat' dir='ltr'><strong>paulo</strong></span> <span class='ocrx_word' id='word_1_552' title='bbox 884 3815 1013 3862; x_wconf 87' lang='lat' dir='ltr'><strong>ante</strong></span> <span class='ocrx_word' id='word_1_553' title='bbox 1035 3805 1336 3872; x_wconf 83' lang='lat' dir='ltr'><strong>dixi.Quod</strong></span> <span class='ocrx_word' id='word_1_554' title='bbox 1362 3805 1409 3860; x_wconf 90' lang='lat' dir='ltr'><strong>si</strong></span> <span class='ocrx_word' id='word_1_555' title='bbox 1439 3805 1606 3876; x_wconf 88' lang='lat' dir='ltr'><strong>Virgo</strong></span> <span class='ocrx_word' id='word_1_556' title='bbox 1633 3820 1664 3860; x_wconf 93' lang='lat' dir='ltr'><strong>a</strong></span> <span class='ocrx_word' id='word_1_557' title='bbox 1689 3805 1894 3862; x_wconf 88' lang='lat' dir='ltr'><strong>sanctis</strong></span> <span class='ocrx_word' id='word_1_558' title='bbox 1919 3805 2169 3862; x_wconf 87' lang='lat' dir='ltr'><strong>Patribus</strong></span> 
     </span>
    </p>
   </div>
   <div class='ocr_carea' id='block_1_77' title="bbox 2268 3805 3848 3888">
    <p class='ocr_par' dir='ltr' id='par_1_77' title="bbox 2278 3808 3848 3888">
     <span class='ocr_line' id='line_1_77' title="bbox 2278 3808 3848 3888; baseline 0.009 -30"><span class='ocrx_word' id='word_1_559' title='bbox 2278 3810 2391 3861; x_wconf 86' lang='grc' dir='ltr'>νεῖν</span> <span class='ocrx_word' id='word_1_560' title='bbox 2423 3811 2536 3870; x_wconf 90' lang='grc' dir='ltr'>τοῖς</span> <span class='ocrx_word' id='word_1_561' title='bbox 2580 3810 2637 3860; x_wconf 80' lang='grc' dir='ltr'>ὲν</span> <span class='ocrx_word' id='word_1_562' title='bbox 2675 3811 2740 3880; x_wconf 85' lang='grc' dir='ltr'>τῇ</span> <span class='ocrx_word' id='word_1_563' title='bbox 2789 3808 3090 3883; x_wconf 73' lang='grc' dir='ltr'>Ἐκκλησία</span> <span class='ocrx_word' id='word_1_564' title='bbox 3136 3810 3232 3864; x_wconf 88' lang='grc' dir='ltr'><strong>τοῦ</strong></span> <span class='ocrx_word' id='word_1_565' title='bbox 3279 3812 3416 3867; x_wconf 83' lang='grc' dir='ltr'>Θεοῦ</span> <span class='ocrx_word' id='word_1_566' title='bbox 3455 3815 3848 3888; x_wconf 74' lang='grc' dir='ltr'>εὐδοκιμήσασι</span> 
     </span>
    </p>
   </div>
   <div class='ocr_carea' id='block_1_78' title="bbox 602 3893 2169 3980">
    <p class='ocr_par' dir='ltr' id='par_1_78' title="bbox 602 3895 2169 3972">
     <span class='ocr_line' id='line_1_78' title="bbox 602 3895 2169 3972; baseline -0.002 -18"><span class='ocrx_word' id='word_1_567' title='bbox 602 3909 831 3972; x_wconf 89' lang='lat' dir='ltr'><strong>propter</strong></span> <span class='ocrx_word' id='word_1_568' title='bbox 857 3899 1000 3954; x_wconf 87' lang='lat' dir='ltr'><strong>hanc</strong></span> <span class='ocrx_word' id='word_1_569' title='bbox 1035 3897 1442 3970; x_wconf 87' lang='lat' dir='ltr'><strong>generationem</strong></span> <span class='ocrx_word' id='word_1_570' title='bbox 1475 3895 1709 3968; x_wconf 87' lang='lat' dir='ltr'><strong>Deipara</strong></span> <span class='ocrx_word' id='word_1_571' title='bbox 1737 3896 2075 3963; x_wconf 68' lang='lat' dir='ltr'><strong>nominatur;</strong></span> <span class='ocrx_word' id='word_1_572' title='bbox 2112 3907 2169 3951; x_wconf 88' lang='lat' dir='ltr'><strong>ut</strong></span> 
     </span>
    </p>
   </div>
   <div class='ocr_carea' id='block_1_79' title="bbox 2268 3893 3848 3980">
    <p class='ocr_par' dir='ltr' id='par_1_79' title="bbox 2276 3893 3848 3980">
     <span class='ocr_line' id='line_1_79' title="bbox 2276 3893 3848 3980; baseline 0.007 -30"><span class='ocrx_word' id='word_1_573' title='bbox 2276 3895 2615 3963; x_wconf 81' lang='grc' dir='ltr'>διδασκάλοις</span> <span class='ocrx_word' id='word_1_574' title='bbox 2639 3938 2654 3964; x_wconf 95' lang='grc'><strong>,</strong></span> <span class='ocrx_word' id='word_1_575' title='bbox 2689 3893 2764 3953; x_wconf 81' lang='grc' dir='ltr'>ὧν</span> <span class='ocrx_word' id='word_1_576' title='bbox 2807 3901 3064 3970; x_wconf 83' lang='grc' dir='ltr'>περιττὸν</span> <span class='ocrx_word' id='word_1_577' title='bbox 3099 3901 3197 3972; x_wconf 74' lang='grc' dir='ltr'>μὲν</span> <span class='ocrx_word' id='word_1_578' title='bbox 3240 3902 3311 3956; x_wconf 82' lang='grc' dir='ltr'>τὰ</span> <span class='ocrx_word' id='word_1_579' title='bbox 3343 3903 3586 3975; x_wconf 81' lang='grc' dir='ltr'>ὀνόματα</span> <span class='ocrx_word' id='word_1_580' title='bbox 3617 3907 3848 3980; x_wconf 78' lang='grc' dir='ltr'>ἀπαριθ-</span> 
     </span>
    </p>
   </div>
   <div class='ocr_carea' id='block_1_80' title="bbox 604 3988 2169 4068">
    <p class='ocr_par' dir='ltr' id='par_1_80' title="bbox 604 3988 2169 4060">
     <span class='ocr_line' id='line_1_80' title="bbox 604 3988 2169 4060; baseline -0.003 -13"><span class='ocrx_word' id='word_1_581' title='bbox 604 4004 736 4047; x_wconf 83' lang='lat' dir='ltr'><strong>vere</strong></span> <span class='ocrx_word' id='word_1_582' title='bbox 767 3989 871 4045; x_wconf 90' lang='lat' dir='ltr'><strong>hoc</strong></span> <span class='ocrx_word' id='word_1_583' title='bbox 895 3989 1116 4046; x_wconf 87' lang='lat' dir='ltr'><strong>nomine</strong></span> <span class='ocrx_word' id='word_1_584' title='bbox 1159 3989 1228 4044; x_wconf 90' lang='lat' dir='ltr'><strong>ab</strong></span> <span class='ocrx_word' id='word_1_585' title='bbox 1281 3988 1392 4045; x_wconf 89' lang='lat' dir='ltr'><strong>illis</strong></span> <span class='ocrx_word' id='word_1_586' title='bbox 1420 3989 1760 4054; x_wconf 87' lang='lat' dir='ltr'><strong>nominatur,</strong></span> <span class='ocrx_word' id='word_1_587' title='bbox 1790 3989 1977 4045; x_wconf 90' lang='lat' dir='ltr'><strong>nescio</strong></span> <span class='ocrx_word' id='word_1_588' title='bbox 2011 4003 2169 4060; x_wconf 89' lang='lat' dir='ltr'><strong>quor-</strong></span> 
     </span>
    </p>
   </div>
   <div class='ocr_carea' id='block_1_81' title="bbox 2268 3988 3847 4068">
    <p class='ocr_par' dir='ltr' id='par_1_81' title="bbox 2278 3988 3847 4068">
     <span class='ocr_line' id='line_1_81' title="bbox 2278 3988 3847 4068; baseline 0.007 -28"><span class='ocrx_word' id='word_1_589' title='bbox 2278 3988 2516 4059; x_wconf 78' lang='grc' dir='ltr'>μεῖσθαι·</span> <span class='ocrx_word' id='word_1_590' title='bbox 2541 3989 2835 4044; x_wconf 65' lang='grc' dir='ltr'>ἐπίστασαι</span> <span class='ocrx_word' id='word_1_591' title='bbox 2856 3990 2964 4062; x_wconf 87' lang='grc' dir='ltr'>γὰρ</span> <span class='ocrx_word' id='word_1_592' title='bbox 2995 3991 3193 4057; x_wconf 79' lang='grc' dir='ltr'>αὐτοὺς</span> <span class='ocrx_word' id='word_1_593' title='bbox 3216 3992 3429 4058; x_wconf 72' lang='grc' dir='ltr'>οὐδενὸς</span> <span class='ocrx_word' id='word_1_594' title='bbox 3452 3991 3638 4068; x_wconf 84' lang='grc' dir='ltr'>ἦττον,</span> <span class='ocrx_word' id='word_1_595' title='bbox 3665 3998 3847 4068; x_wconf 70' lang='grc' dir='ltr'>ἐπειδὴ</span> 
     </span>
    </p>
   </div>
   <div class='ocr_carea' id='block_1_82' title="bbox 605 4075 2169 4160">
    <p class='ocr_par' dir='ltr' id='par_1_82' title="bbox 605 4079 2168 4154">
     <span class='ocr_line' id='line_1_82' title="bbox 605 4079 2168 4154; baseline -0.001 -18"><span class='ocrx_word' id='word_1_596' title='bbox 605 4096 730 4136; x_wconf 80' lang='lat' dir='ltr'><strong>sum</strong></span> <span class='ocrx_word' id='word_1_597' title='bbox 774 4079 1082 4145; x_wconf 83' lang='lat' dir='ltr'><strong>attinuerit,</strong></span> <span class='ocrx_word' id='word_1_598' title='bbox 1114 4087 1176 4134; x_wconf 89' lang='lat' dir='ltr'><strong>ut</strong></span> <span class='ocrx_word' id='word_1_599' title='bbox 1224 4081 1588 4154; x_wconf 67' lang='lat' dir='ltr'><strong>quaestionem</strong></span> <span class='ocrx_word' id='word_1_600' title='bbox 1636 4080 1776 4137; x_wconf 89' lang='lat' dir='ltr'><strong>hanc</strong></span> <span class='ocrx_word' id='word_1_601' title='bbox 1821 4096 2168 4152; x_wconf 88' lang='lat' dir='ltr'><strong>nequaquam</strong></span> 
     </span>
    </p>
   </div>
   <div class='ocr_carea' id='block_1_83' title="bbox 2268 4075 3846 4160">
    <p class='ocr_par' dir='ltr' id='par_1_83' title="bbox 2273 4075 3846 4160">
     <span class='ocr_line' id='line_1_83' title="bbox 2273 4075 3846 4160; baseline 0.006 -28"><span class='ocrx_word' id='word_1_602' title='bbox 2273 4078 2352 4152; x_wconf 80' lang='grc' dir='ltr'>τῷ</span> <span class='ocrx_word' id='word_1_603' title='bbox 2382 4075 2521 4134; x_wconf 75' lang='grc' dir='ltr'>εἶναι</span> <span class='ocrx_word' id='word_1_604' title='bbox 2550 4081 2728 4135; x_wconf 80' lang='grc' dir='ltr'>αὐτῶν</span> <span class='ocrx_word' id='word_1_605' title='bbox 2764 4081 3013 4156; x_wconf 79' lang='grc' dir='ltr'>μαθητὴς</span> <span class='ocrx_word' id='word_1_606' title='bbox 3037 4084 3198 4148; x_wconf 85' lang='grc' dir='ltr'>αὐτός</span> <span class='ocrx_word' id='word_1_607' title='bbox 3220 4101 3282 4138; x_wconf 88' lang='grc' dir='ltr'><strong>τε</strong></span> <span class='ocrx_word' id='word_1_608' title='bbox 3321 4086 3418 4140; x_wconf 83' lang='grc' dir='ltr'>καὶ</span> <span class='ocrx_word' id='word_1_609' title='bbox 3450 4088 3654 4153; x_wconf 86' lang='grc' dir='ltr'>πάντες</span> <span class='ocrx_word' id='word_1_610' title='bbox 3690 4090 3846 4160; x_wconf 68' lang='grc' dir='ltr'>ἡμεῖς</span> 
     </span>
    </p>
   </div>
   <div class='ocr_carea' id='block_1_84' title="bbox 603 4171 2169 4244">
    <p class='ocr_par' dir='ltr' id='par_1_84' title="bbox 603 4171 2168 4244">
     <span class='ocr_line' id='line_1_84' title="bbox 603 4171 2168 4244; baseline -0.001 -15"><span class='ocrx_word' id='word_1_611' title='bbox 603 4171 969 4229; x_wconf 76' lang='lat' dir='ltr'><strong>necessariam</strong></span> <span class='ocrx_word' id='word_1_612' title='bbox 993 4171 1156 4242; x_wconf 89' lang='lat' dir='ltr'><strong>(bona</strong></span> <span class='ocrx_word' id='word_1_613' title='bbox 1187 4171 1347 4227; x_wconf 87' lang='lat' dir='ltr'><strong>venia</strong></span> <span class='ocrx_word' id='word_1_614' title='bbox 1393 4181 1485 4228; x_wconf 87' lang='lat' dir='ltr'><strong>tua</strong></span> <span class='ocrx_word' id='word_1_615' title='bbox 1514 4173 1725 4228; x_wconf 90' lang='lat' dir='ltr'><strong>dictum</strong></span> <span class='ocrx_word' id='word_1_616' title='bbox 1773 4173 1866 4244; x_wconf 89' lang='lat' dir='ltr'><strong>sit)</strong></span> <span class='ocrx_word' id='word_1_617' title='bbox 1891 4181 1947 4227; x_wconf 89' lang='lat' dir='ltr'><strong>et</strong></span> <span class='ocrx_word' id='word_1_618' title='bbox 1976 4181 2168 4228; x_wconf 88' lang='lat' dir='ltr'><strong>contra</strong></span> 
     </span>
    </p>
   </div>
   <div class='ocr_carea' id='block_1_85' title="bbox 2268 4171 2673 4244">
    <p class='ocr_par' dir='ltr' id='par_1_85' title="bbox 2276 4172 2673 4244">
     <span class='ocr_line' id='line_1_85' title="bbox 2276 4172 2673 4244; baseline 0.008 -18"><span class='ocrx_word' id='word_1_619' title='bbox 2276 4172 2673 4244; x_wconf 81' lang='grc' dir='ltr'>σεμνύνομεθα.</span> 
     </span>
    </p>
   </div>
   <div class='ocr_carea' id='block_1_86' title="bbox 602 4263 3850 4337">
    <p class='ocr_par' dir='ltr' id='par_1_86' title="bbox 602 4263 3850 4337">
     <span class='ocr_line' id='line_1_86' title="bbox 602 4263 3850 4337; baseline 0.003 -19"><span class='ocrx_word' id='word_1_620' title='bbox 602 4263 892 4335; x_wconf 80' lang='lat' dir='ltr'><strong>nosipaos,</strong></span> <span class='ocrx_word' id='word_1_621' title='bbox 927 4271 985 4319; x_wconf 92' lang='lat' dir='ltr'><strong>et</strong></span> <span class='ocrx_word' id='word_1_622' title='bbox 1019 4272 1209 4319; x_wconf 89' lang='lat' dir='ltr'><strong>contra</strong></span> <span class='ocrx_word' id='word_1_623' title='bbox 1239 4264 1668 4322; x_wconf 86' lang='lat' dir='ltr'><strong>ecclesiasticam</strong></span> <span class='ocrx_word' id='word_1_624' title='bbox 1701 4281 1894 4336; x_wconf 89' lang='lat' dir='ltr'><strong>pacem</strong></span> <span class='ocrx_word' id='word_1_625' title='bbox 1924 4282 2164 4337; x_wconf 90' lang='lat' dir='ltr'><strong>quoque,</strong></span> <span class='ocrx_word' id='word_1_626' title='bbox 2207 4273 2270 4320; x_wconf 91' lang='lat' dir='ltr'><strong>ut</strong></span> <span class='ocrx_word' id='word_1_627' title='bbox 2324 4264 2499 4330; x_wconf 88' lang='lat' dir='ltr'><strong>vides,</strong></span> <span class='ocrx_word' id='word_1_628' title='bbox 2529 4264 2841 4336; x_wconf 79' lang='lat' dir='ltr'><strong>agitandum</strong></span> <span class='ocrx_word' id='word_1_629' title='bbox 2898 4266 3317 4337; x_wconf 88' lang='lat' dir='ltr'><strong>susceperimus.</strong></span> <span class='ocrx_word' id='word_1_630' title='bbox 3352 4269 3570 4325; x_wconf 83' lang='lat' dir='ltr'><strong>Etenim</strong></span> <span class='ocrx_word' id='word_1_631' title='bbox 3591 4274 3730 4329; x_wconf 89' lang='lat' dir='ltr'><strong>nulli</strong></span> <span class='ocrx_word' id='word_1_632' title='bbox 3753 4287 3850 4329; x_wconf 86' lang='lat' dir='ltr'><strong>nos</strong></span> 
     </span>
    </p>
   </div>
   <div class='ocr_carea' id='block_1_87' title="bbox 605 4356 3851 4430">
    <p class='ocr_par' dir='ltr' id='par_1_87' title="bbox 605 4356 3851 4430">
     <span class='ocr_line' id='line_1_87' title="bbox 605 4356 3851 4430; baseline 0.003 -19"><span class='ocrx_word' id='word_1_633' title='bbox 605 4356 850 4430; x_wconf 88' lang='lat' dir='ltr'><strong>periculo</strong></span> <span class='ocrx_word' id='word_1_634' title='bbox 900 4359 1226 4427; x_wconf 80' lang='lat' dir='ltr'><strong>exponimus</strong></span> <span class='ocrx_word' id='word_1_635' title='bbox 1293 4358 1339 4414; x_wconf 89' lang='lat' dir='ltr'><strong>si</strong></span> <span class='ocrx_word' id='word_1_636' title='bbox 1385 4374 1448 4414; x_wconf 88' lang='lat' dir='ltr'><strong>ea</strong></span> <span class='ocrx_word' id='word_1_637' title='bbox 1525 4360 1795 4416; x_wconf 87' lang='lat' dir='ltr'><strong>sentimus</strong></span> <span class='ocrx_word' id='word_1_638' title='bbox 1830 4369 1887 4415; x_wconf 93' lang='lat' dir='ltr'><strong>et</strong></span> <span class='ocrx_word' id='word_1_639' title='bbox 1928 4360 2236 4430; x_wconf 89' lang='lat' dir='ltr'><strong>loquimur,</strong></span> <span class='ocrx_word' id='word_1_640' title='bbox 2276 4373 2399 4429; x_wconf 72' lang='lat' dir='ltr'><strong>qua:</strong></span> <span class='ocrx_word' id='word_1_641' title='bbox 2420 4357 2679 4413; x_wconf 86' lang='lat' dir='ltr'><strong>doctores</strong></span> <span class='ocrx_word' id='word_1_642' title='bbox 2707 4359 2761 4412; x_wconf 92' lang='lat' dir='ltr'><strong>in</strong></span> <span class='ocrx_word' id='word_1_643' title='bbox 2798 4358 3044 4413; x_wconf 85' lang='lat' dir='ltr'><strong>Ecclesia</strong></span> <span class='ocrx_word' id='word_1_644' title='bbox 3073 4359 3168 4414; x_wconf 90' lang='lat' dir='ltr'><strong>Dei</strong></span> <span class='ocrx_word' id='word_1_645' title='bbox 3193 4360 3589 4419; x_wconf 87' lang='lat' dir='ltr'><strong>celeberrimos</strong></span> <span class='ocrx_word' id='word_1_646' title='bbox 3614 4367 3851 4423; x_wconf 77' lang='lat' dir='ltr'><strong>sensisse</strong></span> 
     </span>
    </p>
   </div>
   <div class='ocr_carea' id='block_1_88' title="bbox 603 4449 3849 4528">
    <p class='ocr_par' dir='ltr' id='par_1_88' title="bbox 603 4449 3849 4528">
     <span class='ocr_line' id='line_1_88' title="bbox 603 4449 3849 4528; baseline 0.004 -23"><span class='ocrx_word' id='word_1_647' title='bbox 603 4458 663 4505; x_wconf 89' lang='lat' dir='ltr'><strong>et</strong></span> <span class='ocrx_word' id='word_1_648' title='bbox 681 4449 934 4506; x_wconf 81' lang='lat' dir='ltr'><strong>docuisse</strong></span> <span class='ocrx_word' id='word_1_649' title='bbox 979 4460 1132 4506; x_wconf 90' lang='lat' dir='ltr'><strong>certo</strong></span> <span class='ocrx_word' id='word_1_650' title='bbox 1167 4454 1441 4508; x_wconf 89' lang='lat' dir='ltr'><strong>novimus.</strong></span> <span class='ocrx_word' id='word_1_651' title='bbox 1479 4453 1959 4526; x_wconf 87' lang='lat' dir='ltr'><strong>Supervacaneum</strong></span> <span class='ocrx_word' id='word_1_652' title='bbox 1988 4467 2175 4511; x_wconf 84' lang='lat' dir='ltr'><strong>autem</strong></span> <span class='ocrx_word' id='word_1_653' title='bbox 2211 4461 2298 4510; x_wconf 93' lang='lat' dir='ltr'><strong>est</strong></span> <span class='ocrx_word' id='word_1_654' title='bbox 2367 4453 2587 4509; x_wconf 88' lang='lat' dir='ltr'><strong>illorum</strong></span> <span class='ocrx_word' id='word_1_655' title='bbox 2641 4453 2867 4508; x_wconf 88' lang='lat' dir='ltr'><strong>nomina</strong></span> <span class='ocrx_word' id='word_1_656' title='bbox 2945 4455 3049 4509; x_wconf 88' lang='lat' dir='ltr'><strong>hoc</strong></span> <span class='ocrx_word' id='word_1_657' title='bbox 3110 4455 3232 4510; x_wconf 90' lang='lat' dir='ltr'><strong>loco</strong></span> <span class='ocrx_word' id='word_1_658' title='bbox 3276 4472 3607 4528; x_wconf 82' lang='lat' dir='ltr'><strong>percensere</strong></span> <span class='ocrx_word' id='word_1_659' title='bbox 3652 4479 3665 4514; x_wconf 89' lang='lat'><strong>:</strong></span> <span class='ocrx_word' id='word_1_660' title='bbox 3708 4465 3849 4519; x_wconf 80' lang='lat' dir='ltr'><strong>nosti</strong></span> 
     </span>
    </p>
   </div>
   <div class='ocr_carea' id='block_1_89' title="bbox 605 4537 3592 4620">
    <p class='ocr_par' dir='ltr' id='par_1_89' title="bbox 605 4537 3592 4620">
     <span class='ocr_line' id='line_1_89' title="bbox 605 4537 3592 4620; baseline 0.003 -22"><span class='ocrx_word' id='word_1_661' title='bbox 605 4537 753 4598; x_wconf 69' lang='lat' dir='ltr'><strong>enim</strong></span> <span class='ocrx_word' id='word_1_662' title='bbox 785 4544 908 4600; x_wconf 84' lang='lat' dir='ltr'><strong>illos</strong></span> <span class='ocrx_word' id='word_1_663' title='bbox 931 4559 1087 4614; x_wconf 66' lang='lat' dir='ltr'><strong>teque</strong></span> <span class='ocrx_word' id='word_1_664' title='bbox 1121 4560 1183 4600; x_wconf 88' lang='lat' dir='ltr'><strong>ac</strong></span> <span class='ocrx_word' id='word_1_665' title='bbox 1217 4562 1335 4611; x_wconf 92' lang='lat' dir='ltr'><strong>nos,</strong></span> <span class='ocrx_word' id='word_1_666' title='bbox 1371 4555 1430 4602; x_wconf 93' lang='lat' dir='ltr'><strong>ut</strong></span> <span class='ocrx_word' id='word_1_667' title='bbox 1459 4549 1552 4617; x_wconf 91' lang='lat' dir='ltr'><strong>qui</strong></span> <span class='ocrx_word' id='word_1_668' title='bbox 1600 4548 1745 4603; x_wconf 90' lang='lat' dir='ltr'><strong>haud</strong></span> <span class='ocrx_word' id='word_1_669' title='bbox 1789 4564 1952 4604; x_wconf 91' lang='lat' dir='ltr'><strong>secus</strong></span> <span class='ocrx_word' id='word_1_670' title='bbox 1973 4565 2038 4604; x_wconf 88' lang='lat' dir='ltr'><strong>ac</strong></span> <span class='ocrx_word' id='word_1_671' title='bbox 2068 4564 2171 4604; x_wconf 90' lang='lat' dir='ltr'><strong>nos</strong></span> <span class='ocrx_word' id='word_1_672' title='bbox 2206 4561 2421 4612; x_wconf 89' lang='lat' dir='ltr'><strong>omnes,</strong></span> <span class='ocrx_word' id='word_1_673' title='bbox 2451 4547 2600 4616; x_wconf 91' lang='lat' dir='ltr'><strong>quod</strong></span> <span class='ocrx_word' id='word_1_674' title='bbox 2630 4547 2708 4601; x_wconf 90' lang='lat' dir='ltr'><strong>sis</strong></span> <span class='ocrx_word' id='word_1_675' title='bbox 2732 4545 3036 4616; x_wconf 89' lang='lat' dir='ltr'><strong>discipulus</strong></span> <span class='ocrx_word' id='word_1_676' title='bbox 3061 4547 3280 4602; x_wconf 89' lang='lat' dir='ltr'><strong>illorum</strong></span> <span class='ocrx_word' id='word_1_677' title='bbox 3319 4549 3592 4620; x_wconf 88' lang='lat' dir='ltr'><strong>glorieris.</strong></span> 
     </span>
    </p>
   </div>
   <div class='ocr_carea' id='block_1_90' title="bbox 678 4634 2169 4716">
    <p class='ocr_par' dir='ltr' id='par_1_90' title="bbox 678 4634 2169 4710">
     <span class='ocr_line' id='line_1_90' title="bbox 678 4634 2169 4710; baseline 0.005 -20"><span class='ocrx_word' id='word_1_678' title='bbox 678 4635 729 4690; x_wconf 82' lang='lat'><strong>5.</strong></span> <span class='ocrx_word' id='word_1_679' title='bbox 756 4634 870 4691; x_wconf 85' lang='lat' dir='ltr'><strong>Hoc</strong></span> <span class='ocrx_word' id='word_1_680' title='bbox 898 4648 1170 4702; x_wconf 90' lang='lat' dir='ltr'><strong>nostrum,</strong></span> <span class='ocrx_word' id='word_1_681' title='bbox 1201 4640 1734 4708; x_wconf 46' lang='lat' dir='ltr'><strong>quaeso,‘consilium</strong></span> <span class='ocrx_word' id='word_1_682' title='bbox 1759 4642 2022 4708; x_wconf 87' lang='lat' dir='ltr'><strong>admitte;</strong></span> <span class='ocrx_word' id='word_1_683' title='bbox 2057 4639 2169 4710; x_wconf 69' lang='lat' dir='ltr'><strong>haec</strong></span> 
     </span>
    </p>
   </div>
   <div class='ocr_carea' id='block_1_91' title="bbox 2268 4634 3847 4716">
    <p class='ocr_par' dir='ltr' id='par_1_91' title="bbox 2351 4637 3847 4716">
     <span class='ocr_line' id='line_1_91' title="bbox 2351 4637 3847 4716; baseline 0.007 -26"><span class='ocrx_word' id='word_1_684' title='bbox 2351 4637 2413 4693; x_wconf 86' lang='grc' dir='ltr'>ε’.</span> <span class='ocrx_word' id='word_1_685' title='bbox 2449 4638 2632 4692; x_wconf 87' lang='grc' dir='ltr'>Ταῦτα</span> <span class='ocrx_word' id='word_1_686' title='bbox 2683 4638 2814 4709; x_wconf 79' lang='grc' dir='ltr'>παρ’</span> <span class='ocrx_word' id='word_1_687' title='bbox 2837 4641 2869 4708; x_wconf 76' lang='grc' dir='ltr'>ἡ</span> <span class='ocrx_word' id='word_1_688' title='bbox 2880 4640 2998 4709; x_wconf 89' lang='grc' dir='ltr'><strong>μῶν</strong></span> <span class='ocrx_word' id='word_1_689' title='bbox 3025 4641 3258 4710; x_wconf 79' lang='grc' dir='ltr'>συμϐου)</span> <span class='ocrx_word' id='word_1_690' title='bbox 3271 4641 3477 4712; x_wconf 86' lang='grc' dir='ltr'>εύθητι,</span> <span class='ocrx_word' id='word_1_691' title='bbox 3505 4647 3811 4716; x_wconf 82' lang='grc' dir='ltr'>παρακαλῶ</span> <span class='ocrx_word' id='word_1_692' title='bbox 3833 4667 3847 4682; x_wconf 79' lang='grc' dir='ltr'><strong><em>ο</em></strong></span> 
     </span>
    </p>
   </div>
   <div class='ocr_carea' id='block_1_92' title="bbox 609 4729 2171 4798">
    <p class='ocr_par' dir='ltr' id='par_1_92' title="bbox 609 4729 2171 4798">
     <span class='ocr_line' id='line_1_92' title="bbox 609 4729 2171 4798; baseline 0.006 -20"><span class='ocrx_word' id='word_1_693' title='bbox 609 4739 708 4796; x_wconf 87' lang='lat' dir='ltr'><strong>per</strong></span> <span class='ocrx_word' id='word_1_694' title='bbox 730 4740 831 4782; x_wconf 89' lang='lat' dir='ltr'><strong>nos</strong></span> <span class='ocrx_word' id='word_1_695' title='bbox 865 4736 1087 4797; x_wconf 84' lang='lat' dir='ltr'><strong>rogatus</strong></span> <span class='ocrx_word' id='word_1_696' title='bbox 1108 4742 1430 4798; x_wconf 79' lang='lat' dir='ltr'><strong>exsequare,</strong></span> <span class='ocrx_word' id='word_1_697' title='bbox 1456 4729 1668 4784; x_wconf 90' lang='lat' dir='ltr'><strong>nullum</strong></span> <span class='ocrx_word' id='word_1_698' title='bbox 1694 4731 1936 4786; x_wconf 88' lang='lat' dir='ltr'><strong>dissidiis</strong></span> <span class='ocrx_word' id='word_1_699' title='bbox 1967 4732 2171 4798; x_wconf 89' lang='lat' dir='ltr'><strong>locum,</strong></span> 
     </span>
    </p>
   </div>
   <div class='ocr_carea' id='block_1_93' title="bbox 610 4817 2178 4894">
    <p class='ocr_par' dir='ltr' id='par_1_93' title="bbox 610 4817 2178 4894">
     <span class='ocr_line' id='line_1_93' title="bbox 610 4817 2178 4894; baseline 0.006 -24"><span class='ocrx_word' id='word_1_700' title='bbox 610 4817 823 4872; x_wconf 91' lang='lat' dir='ltr'><strong>nullum</strong></span> <span class='ocrx_word' id='word_1_701' title='bbox 853 4818 1100 4889; x_wconf 86' lang='lat' dir='ltr'><strong>gliscenti</strong></span> <span class='ocrx_word' id='word_1_702' title='bbox 1127 4821 1355 4876; x_wconf 87' lang='lat' dir='ltr'><strong>novitati</strong></span> <span class='ocrx_word' id='word_1_703' title='bbox 1387 4820 1688 4877; x_wconf 78' lang='lat' dir='ltr'><strong>fomentum</strong></span> <span class='ocrx_word' id='word_1_704' title='bbox 1710 4823 2046 4894; x_wconf 87' lang='lat' dir='ltr'><strong>suppedites.</strong></span> <span class='ocrx_word' id='word_1_705' title='bbox 2073 4822 2178 4879; x_wconf 85' lang='lat' dir='ltr'><strong>Co-</strong></span> 
     </span>
    </p>
   </div>
   <div class='ocr_carea' id='block_1_94' title="bbox 610 4907 2174 4980">
    <p class='ocr_par' dir='ltr' id='par_1_94' title="bbox 610 4907 2174 4980">
     <span class='ocr_line' id='line_1_94' title="bbox 610 4907 2174 4980; baseline 0.006 -19"><span class='ocrx_word' id='word_1_706' title='bbox 610 4907 746 4979; x_wconf 87' lang='lat' dir='ltr'><strong>gita,</strong></span> <span class='ocrx_word' id='word_1_707' title='bbox 780 4908 826 4962; x_wconf 88' lang='lat' dir='ltr'><strong>si</strong></span> <span class='ocrx_word' id='word_1_708' title='bbox 861 4911 1178 4980; x_wconf 88' lang='lat' dir='ltr'><strong>priusquam</strong></span> <span class='ocrx_word' id='word_1_709' title='bbox 1210 4912 1334 4967; x_wconf 70' lang='lat' dir='ltr'><strong>ulla:</strong></span> <span class='ocrx_word' id='word_1_710' title='bbox 1358 4913 1581 4967; x_wconf 92' lang='lat' dir='ltr'><strong>omnino</strong></span> <span class='ocrx_word' id='word_1_711' title='bbox 1616 4914 1812 4969; x_wconf 60' lang='lat' dir='ltr'><strong>littera;</strong></span> <span class='ocrx_word' id='word_1_712' title='bbox 1859 4915 2040 4970; x_wconf 71' lang='lat' dir='ltr'><strong>missae</strong></span> <span class='ocrx_word' id='word_1_713' title='bbox 2090 4915 2174 4970; x_wconf 80' lang='lat' dir='ltr'><strong>fo-</strong></span> 
     </span>
    </p>
   </div>
   <div class='ocr_carea' id='block_1_95' title="bbox 2274 4728 3848 4805">
    <p class='ocr_par' dir='ltr' id='par_1_95' title="bbox 2274 4728 3848 4805">
     <span class='ocr_line' id='line_1_95' title="bbox 2274 4728 3848 4805; baseline 0.004 -22"><span class='ocrx_word' id='word_1_714' title='bbox 2274 4728 2448 4783; x_wconf 89' lang='grc' dir='ltr'>ταῦτα</span> <span class='ocrx_word' id='word_1_715' title='bbox 2498 4729 2704 4799; x_wconf 72' lang='grc' dir='ltr'>πρᾶξαι</span> <span class='ocrx_word' id='word_1_716' title='bbox 2755 4729 3179 4800; x_wconf 78' lang='grc' dir='ltr'>παρακλήθητι·</span> <span class='ocrx_word' id='word_1_717' title='bbox 3239 4732 3315 4805; x_wconf 83' lang='grc' dir='ltr'>μὴ</span> <span class='ocrx_word' id='word_1_718' title='bbox 3354 4732 3460 4802; x_wconf 79' lang='grc' dir='ltr'>δῷς</span> <span class='ocrx_word' id='word_1_719' title='bbox 3508 4736 3698 4805; x_wconf 82' lang='grc' dir='ltr'>χώραν</span> <span class='ocrx_word' id='word_1_720' title='bbox 3757 4739 3848 4791; x_wconf 81' lang='grc' dir='ltr'>καὶ</span> 
     </span>
    </p>
   </div>
   <div class='ocr_carea' id='block_1_96' title="bbox 2275 4820 3848 4898">
    <p class='ocr_par' dir='ltr' id='par_1_96' title="bbox 2275 4820 3848 4898">
     <span class='ocr_line' id='line_1_96' title="bbox 2275 4820 3848 4898; baseline 0.006 -24"><span class='ocrx_word' id='word_1_721' title='bbox 2275 4820 2446 4890; x_wconf 82' lang='grc' dir='ltr'>νομὴν</span> <span class='ocrx_word' id='word_1_722' title='bbox 2479 4831 2504 4857; x_wconf 73' lang='grc' dir='ltr'>ιι</span> <span class='ocrx_word' id='word_1_723' title='bbox 2533 4821 2775 4891; x_wconf 78' lang='grc' dir='ltr'>ὲρπούσῃ</span> <span class='ocrx_word' id='word_1_724' title='bbox 2828 4820 3104 4874; x_wconf 84' lang='grc' dir='ltr'>διαστάσει</span> <span class='ocrx_word' id='word_1_725' title='bbox 3152 4826 3518 4892; x_wconf 87' lang='grc' dir='ltr'>καινοτομεῖν.</span> <span class='ocrx_word' id='word_1_726' title='bbox 3562 4827 3848 4898; x_wconf 76' lang='grc' dir='ltr'>Ἐννόησον</span> 
     </span>
    </p>
   </div>
   <div class='ocr_carea' id='block_1_97' title="bbox 2273 4912 3846 4988">
    <p class='ocr_par' dir='ltr' id='par_1_97' title="bbox 2273 4912 3846 4988">
     <span class='ocr_line' id='line_1_97' title="bbox 2273 4912 3846 4988; baseline 0.005 -21"><span class='ocrx_word' id='word_1_727' title='bbox 2273 4915 2404 4985; x_wconf 73' lang='grc' dir='ltr'>γὰρ,</span> <span class='ocrx_word' id='word_1_728' title='bbox 2433 4915 2506 4977; x_wconf 82' lang='grc' dir='ltr'>ὡς</span> <span class='ocrx_word' id='word_1_729' title='bbox 2541 4914 2588 4965; x_wconf 84' lang='grc' dir='ltr'>εξ</span> <span class='ocrx_word' id='word_1_730' title='bbox 2622 4913 2728 4983; x_wconf 85' lang='grc' dir='ltr'>πρὸ</span> <span class='ocrx_word' id='word_1_731' title='bbox 2769 4912 2878 4966; x_wconf 85' lang='grc' dir='ltr'><strong>τῶν</strong></span> <span class='ocrx_word' id='word_1_732' title='bbox 2909 4913 3002 4966; x_wconf 90' lang='grc' dir='ltr'><strong>νῦν</strong></span> <span class='ocrx_word' id='word_1_733' title='bbox 3049 4916 3462 4969; x_wconf 77' lang='grc' dir='ltr'>ἀποσταλέντων</span> <span class='ocrx_word' id='word_1_734' title='bbox 3503 4923 3846 4988; x_wconf 77' lang='grc' dir='ltr'>γραμμάτων</span> 
     </span>
    </p>
   </div>
   <div class='ocr_carea' id='block_1_98' title="bbox 611 4998 2169 5082">
    <p class='ocr_par' dir='ltr' id='par_1_98' title="bbox 611 4998 2169 5076">
     <span class='ocr_line' id='line_1_98' title="bbox 611 4998 2169 5076; baseline 0.007 -27"><span class='ocrx_word' id='word_1_735' title='bbox 611 5005 756 5059; x_wconf 87' lang='lat' dir='ltr'><strong>rent,</strong></span> <span class='ocrx_word' id='word_1_736' title='bbox 785 4998 940 5050; x_wconf 89' lang='lat' dir='ltr'><strong>multi</strong></span> <span class='ocrx_word' id='word_1_737' title='bbox 967 5009 1155 5054; x_wconf 89' lang='lat' dir='ltr'><strong>contra</strong></span> <span class='ocrx_word' id='word_1_738' title='bbox 1200 5016 1300 5055; x_wconf 90' lang='lat' dir='ltr'><strong>nos</strong></span> <span class='ocrx_word' id='word_1_739' title='bbox 1331 5002 1588 5056; x_wconf 81' lang='lat' dir='ltr'><strong>exstitere</strong></span> <span class='ocrx_word' id='word_1_740' title='bbox 1620 5002 1891 5068; x_wconf 78' lang='lat' dir='ltr'><strong>infrenes,</strong></span> <span class='ocrx_word' id='word_1_741' title='bbox 1927 5019 2169 5076; x_wconf 86' lang='lat' dir='ltr'><strong>peneque</strong></span> 
     </span>
    </p>
   </div>
   <div class='ocr_carea' id='block_1_99' title="bbox 2268 4998 3845 5082">
    <p class='ocr_par' dir='ltr' id='par_1_99' title="bbox 2273 5000 3845 5082">
     <span class='ocr_line' id='line_1_99' title="bbox 2273 5000 3845 5082; baseline 0.005 -22"><span class='ocrx_word' id='word_1_742' title='bbox 2273 5009 2321 5060; x_wconf 91' lang='grc' dir='ltr'><strong>οἰ</strong></span> <span class='ocrx_word' id='word_1_743' title='bbox 2365 5006 2546 5058; x_wconf 83' lang='grc' dir='ltr'>πολλοὶ</span> <span class='ocrx_word' id='word_1_744' title='bbox 2581 5005 2793 5076; x_wconf 84' lang='grc' dir='ltr'>ἄσχετοι</span> <span class='ocrx_word' id='word_1_745' title='bbox 2842 5000 2983 5076; x_wconf 81' lang='grc' dir='ltr'>ἦσαν</span> <span class='ocrx_word' id='word_1_746' title='bbox 3019 5006 3142 5060; x_wconf 88' lang='grc' dir='ltr'>καθ’</span> <span class='ocrx_word' id='word_1_747' title='bbox 3177 5007 3354 5077; x_wconf 76' lang='grc' dir='ltr'>ἡμῶν,</span> <span class='ocrx_word' id='word_1_748' title='bbox 3383 5007 3478 5061; x_wconf 88' lang='grc' dir='ltr'><strong>νῦν</strong></span> <span class='ocrx_word' id='word_1_749' title='bbox 3518 5008 3845 5082; x_wconf 81' lang='grc' dir='ltr'>δραξάμενοι</span> 
     </span>
    </p>
   </div>
   <div class='ocr_carea' id='block_1_100' title="bbox 612 5086 2176 5159">
    <p class='ocr_par' dir='ltr' id='par_1_100' title="bbox 612 5086 2176 5159">
     <span class='ocr_line' id='line_1_100' title="bbox 612 5086 2176 5159; baseline 0.006 -19"><span class='ocrx_word' id='word_1_750' title='bbox 612 5086 1019 5156; x_wconf 89' lang='lat' dir='ltr'><strong>intolerabiles;</strong></span> <span class='ocrx_word' id='word_1_751' title='bbox 1044 5093 1234 5159; x_wconf 87' lang='lat' dir='ltr'><strong>quales</strong></span> <span class='ocrx_word' id='word_1_752' title='bbox 1267 5109 1413 5148; x_wconf 89' lang='lat' dir='ltr'><strong>nunc</strong></span> <span class='ocrx_word' id='word_1_753' title='bbox 1449 5093 1620 5148; x_wconf 79' lang='lat' dir='ltr'><strong>futuri</strong></span> <span class='ocrx_word' id='word_1_754' title='bbox 1654 5096 1785 5158; x_wconf 92' lang='lat' dir='ltr'><strong>sint,</strong></span> <span class='ocrx_word' id='word_1_755' title='bbox 1817 5104 1968 5151; x_wconf 88' lang='lat' dir='ltr'><strong>tanta</strong></span> <span class='ocrx_word' id='word_1_756' title='bbox 2003 5111 2071 5151; x_wconf 84' lang='lat' dir='ltr'><strong>ex</strong></span> <span class='ocrx_word' id='word_1_757' title='bbox 2099 5095 2176 5152; x_wconf 90' lang='lat' dir='ltr'><strong>al-</strong></span> 
     </span>
    </p>
   </div>
   <div class='ocr_carea' id='block_1_101' title="bbox 612 5176 2178 5257">
    <p class='ocr_par' dir='ltr' id='par_1_101' title="bbox 612 5176 2178 5257">
     <span class='ocr_line' id='line_1_101' title="bbox 612 5176 2178 5257; baseline 0.008 -29"><span class='ocrx_word' id='word_1_758' title='bbox 612 5176 738 5230; x_wconf 89' lang='lat' dir='ltr'><strong>latis</strong></span> <span class='ocrx_word' id='word_1_759' title='bbox 767 5176 965 5231; x_wconf 90' lang='lat' dir='ltr'><strong>litteris</strong></span> <span class='ocrx_word' id='word_1_760' title='bbox 1003 5179 1413 5236; x_wconf 87' lang='lat' dir='ltr'><strong>subministrata</strong></span> <span class='ocrx_word' id='word_1_761' title='bbox 1450 5179 1667 5250; x_wconf 82' lang='lat' dir='ltr'><strong>ﬂdueia,</strong></span> <span class='ocrx_word' id='word_1_762' title='bbox 1707 5183 1965 5254; x_wconf 76' lang='lat' dir='ltr'><strong>qualique</strong></span> <span class='ocrx_word' id='word_1_763' title='bbox 1994 5185 2051 5240; x_wconf 91' lang='lat' dir='ltr'><strong>in</strong></span> <span class='ocrx_word' id='word_1_764' title='bbox 2077 5202 2178 5257; x_wconf 91' lang='lat' dir='ltr'><strong>po-</strong></span> 
     </span>
    </p>
   </div>
   <div class='ocr_carea' id='block_1_102' title="bbox 612 5267 2172 5348">
    <p class='ocr_par' dir='ltr' id='par_1_102' title="bbox 612 5267 2172 5348">
     <span class='ocr_line' id='line_1_102' title="bbox 612 5267 2172 5348; baseline 0.008 -28"><span class='ocrx_word' id='word_1_765' title='bbox 612 5275 819 5321; x_wconf 88' lang='lat' dir='ltr'><strong>sterqu</strong></span> <span class='ocrx_word' id='word_1_766' title='bbox 853 5267 1118 5323; x_wconf 83' lang='lat' dir='ltr'><strong>adversus</strong></span> <span class='ocrx_word' id='word_1_767' title='bbox 1138 5285 1237 5324; x_wconf 89' lang='lat' dir='ltr'><strong>nos</strong></span> <span class='ocrx_word' id='word_1_768' title='bbox 1275 5272 1500 5326; x_wconf 86' lang='lat' dir='ltr'><strong>audacia</strong></span> <span class='ocrx_word' id='word_1_769' title='bbox 1532 5273 1643 5328; x_wconf 87' lang='lat' dir='ltr'><strong>sint</strong></span> <span class='ocrx_word' id='word_1_770' title='bbox 1681 5275 1852 5330; x_wconf 88' lang='lat' dir='ltr'><strong>usuri.</strong></span> <span class='ocrx_word' id='word_1_771' title='bbox 1887 5275 2012 5331; x_wconf 70' lang='lat' dir='ltr'><strong>Haec</strong></span> <span class='ocrx_word' id='word_1_772' title='bbox 2048 5292 2172 5348; x_wconf 88' lang='lat' dir='ltr'><strong>ego,</strong></span> 
     </span>
    </p>
   </div>
   <div class='ocr_carea' id='block_1_103' title="bbox 611 5358 2172 5439">
    <p class='ocr_par' dir='ltr' id='par_1_103' title="bbox 611 5358 2172 5439">
     <span class='ocr_line' id='line_1_103' title="bbox 611 5358 2172 5439; baseline 0.011 -31"><span class='ocrx_word' id='word_1_773' title='bbox 611 5359 920 5425; x_wconf 89' lang='lat' dir='ltr'><strong>complures</strong></span> <span class='ocrx_word' id='word_1_774' title='bbox 952 5358 1411 5430; x_wconf 87' lang='lat' dir='ltr'><strong>religiosissimos,</strong></span> <span class='ocrx_word' id='word_1_775' title='bbox 1450 5375 1665 5439; x_wconf 68' lang='lat' dir='ltr'><strong>tuaeque</strong></span> <span class='ocrx_word' id='word_1_776' title='bbox 1712 5365 1930 5435; x_wconf 87' lang='lat' dir='ltr'><strong>pietatis</strong></span> <span class='ocrx_word' id='word_1_777' title='bbox 1961 5370 2172 5425; x_wconf 87' lang='lat' dir='ltr'><strong>studio-</strong></span> 
     </span>
    </p>
   </div>
   <div class='ocr_carea' id='block_1_104' title="bbox 2279 5096 3846 5171">
    <p class='ocr_par' dir='ltr' id='par_1_104' title="bbox 2279 5096 3846 5171">
     <span class='ocr_line' id='line_1_104' title="bbox 2279 5096 3846 5171; baseline 0.003 -19"><span class='ocrx_word' id='word_1_778' title='bbox 2279 5096 2377 5166; x_wconf 79' lang='grc' dir='ltr'>τῆς</span> <span class='ocrx_word' id='word_1_779' title='bbox 2403 5097 2510 5150; x_wconf 80' lang='grc' dir='ltr'>άπὸ</span> <span class='ocrx_word' id='word_1_780' title='bbox 2549 5097 2656 5149; x_wconf 85' lang='grc' dir='ltr'><strong>τῶν</strong></span> <span class='ocrx_word' id='word_1_781' title='bbox 2698 5098 3042 5166; x_wconf 75' lang='grc' dir='ltr'>γραμμάτων</span> <span class='ocrx_word' id='word_1_782' title='bbox 3068 5098 3270 5151; x_wconf 83' lang='grc' dir='ltr'>τούτων</span> <span class='ocrx_word' id='word_1_783' title='bbox 3305 5101 3617 5171; x_wconf 73' lang='grc' dir='ltr'>παρρησίας</span> <span class='ocrx_word' id='word_1_784' title='bbox 3643 5142 3657 5164; x_wconf 86' lang='grc'><strong>,</strong></span> <span class='ocrx_word' id='word_1_785' title='bbox 3702 5105 3846 5166; x_wconf 86' lang='grc' dir='ltr'>τίνες</span> 
     </span>
    </p>
   </div>
   <div class='ocr_carea' id='block_1_105' title="bbox 2277 5187 3844 5268">
    <p class='ocr_par' dir='ltr' id='par_1_105' title="bbox 2277 5187 3844 5268">
     <span class='ocr_line' id='line_1_105' title="bbox 2277 5187 3844 5268; baseline 0.006 -28"><span class='ocrx_word' id='word_1_786' title='bbox 2277 5189 2378 5241; x_wconf 73' lang='grc' dir='ltr'>οὐκ</span> <span class='ocrx_word' id='word_1_787' title='bbox 2403 5187 2635 5254; x_wconf 76' lang='grc' dir='ltr'>ἔσονται,</span> <span class='ocrx_word' id='word_1_788' title='bbox 2667 5189 2759 5243; x_wconf 73' lang='grc' dir='ltr'>καὶ</span> <span class='ocrx_word' id='word_1_789' title='bbox 2786 5189 2914 5259; x_wconf 68' lang='grc' dir='ltr'>ποίᾳ</span> <span class='ocrx_word' id='word_1_790' title='bbox 2946 5190 3006 5242; x_wconf 76' lang='grc' dir='ltr'>οὐ</span> <span class='ocrx_word' id='word_1_791' title='bbox 3038 5191 3332 5261; x_wconf 81' lang='grc' dir='ltr'>χρήσονται</span> <span class='ocrx_word' id='word_1_792' title='bbox 3369 5191 3492 5245; x_wconf 78' lang='grc' dir='ltr'>καθ’</span> <span class='ocrx_word' id='word_1_793' title='bbox 3519 5194 3680 5265; x_wconf 76' lang='grc' dir='ltr'>ἡμῶν</span> <span class='ocrx_word' id='word_1_794' title='bbox 3706 5198 3844 5268; x_wconf 76' lang='grc' dir='ltr'>παρ-</span> 
     </span>
    </p>
   </div>
   <div class='ocr_carea' id='block_1_106' title="bbox 2279 5281 3842 5354">
    <p class='ocr_par' dir='ltr' id='par_1_106' title="bbox 2279 5281 3842 5354">
     <span class='ocr_line' id='line_1_106' title="bbox 2279 5281 3842 5354; baseline 0.003 -21"><span class='ocrx_word' id='word_1_795' title='bbox 2279 5281 2462 5354; x_wconf 75' lang='grc' dir='ltr'>ρησία.</span> <span class='ocrx_word' id='word_1_796' title='bbox 2497 5283 2680 5338; x_wconf 83' lang='grc' dir='ltr'>Ταῦτα</span> <span class='ocrx_word' id='word_1_797' title='bbox 2717 5282 2829 5350; x_wconf 76' lang='grc' dir='ltr'><strong>ἑγὼ</strong></span> <span class='ocrx_word' id='word_1_798' title='bbox 2860 5284 3090 5346; x_wconf 75' lang='grc' dir='ltr'>πολλοὺς</span> <span class='ocrx_word' id='word_1_799' title='bbox 3118 5283 3224 5337; x_wconf 87' lang='grc' dir='ltr'><strong>τῶν</strong></span> <span class='ocrx_word' id='word_1_800' title='bbox 3268 5283 3703 5353; x_wconf 74' lang='grc' dir='ltr'>θεοφιλεστάτων</span> <span class='ocrx_word' id='word_1_801' title='bbox 3730 5288 3842 5340; x_wconf 67' lang='grc' dir='ltr'>επι-</span> 
     </span>
    </p>
   </div>
   <div class='ocr_carea' id='block_1_107' title="bbox 2278 5374 3845 5450">
    <p class='ocr_par' dir='ltr' id='par_1_107' title="bbox 2278 5374 3845 5450">
     <span class='ocr_line' id='line_1_107' title="bbox 2278 5374 3845 5450; baseline 0.006 -26"><span class='ocrx_word' id='word_1_802' title='bbox 2278 5374 2514 5435; x_wconf 80' lang='grc' dir='ltr'>σκόπων,</span> <span class='ocrx_word' id='word_1_803' title='bbox 2567 5377 2659 5427; x_wconf 75' lang='grc' dir='ltr'>καὶ</span> <span class='ocrx_word' id='word_1_804' title='bbox 2701 5375 2808 5428; x_wconf 81' lang='grc' dir='ltr'><strong>τῶν</strong></span> <span class='ocrx_word' id='word_1_805' title='bbox 2845 5377 2944 5446; x_wconf 78' lang='grc' dir='ltr'>τῆς</span> <span class='ocrx_word' id='word_1_806' title='bbox 2998 5375 3096 5445; x_wconf 74' lang='grc' dir='ltr'>σῆς</span> <span class='ocrx_word' id='word_1_807' title='bbox 3138 5375 3413 5443; x_wconf 81' lang='grc' dir='ltr'>φιλοθεῖας</span> <span class='ocrx_word' id='word_1_808' title='bbox 3451 5376 3699 5447; x_wconf 76' lang='grc' dir='ltr'>ἐραστῶν</span> <span class='ocrx_word' id='word_1_809' title='bbox 3728 5379 3845 5450; x_wconf 71' lang='grc' dir='ltr'>παρ’</span> 
     </span>
    </p>
   </div>
   <div class='ocr_carea' id='block_1_108' title="bbox 611 5449 2169 5543">
    <p class='ocr_par' dir='ltr' id='par_1_108' title="bbox 611 5449 2169 5529">
     <span class='ocr_line' id='line_1_108' title="bbox 611 5449 2169 5529; baseline 0.012 -30"><span class='ocrx_word' id='word_1_810' title='bbox 611 5449 857 5501; x_wconf 86' lang='lat' dir='ltr'><strong>sissimos</strong></span> <span class='ocrx_word' id='word_1_811' title='bbox 913 5449 1200 5516; x_wconf 82' lang='lat' dir='ltr'><strong>episcopos</strong></span> <span class='ocrx_word' id='word_1_812' title='bbox 1251 5453 1393 5522; x_wconf 89' lang='lat' dir='ltr'><strong>apud</strong></span> <span class='ocrx_word' id='word_1_813' title='bbox 1446 5471 1529 5508; x_wconf 91' lang='lat' dir='ltr'><strong>me</strong></span> <span class='ocrx_word' id='word_1_814' title='bbox 1583 5457 1808 5523; x_wconf 85' lang='lat' dir='ltr'><strong>habens,</strong></span> <span class='ocrx_word' id='word_1_815' title='bbox 1860 5475 2000 5529; x_wconf 86' lang='lat' dir='ltr'><strong>quos</strong></span> <span class='ocrx_word' id='word_1_816' title='bbox 2048 5474 2169 5517; x_wconf 82' lang='lat' dir='ltr'><strong>tunc</strong></span> 
     </span>
    </p>
   </div>
   <div class='ocr_carea' id='block_1_109' title="bbox 2268 5449 3847 5543">
    <p class='ocr_par' dir='ltr' id='par_1_109' title="bbox 2275 5467 3847 5543">
     <span class='ocr_line' id='line_1_109' title="bbox 2275 5467 3847 5543; baseline 0.006 -26"><span class='ocrx_word' id='word_1_817' title='bbox 2275 5467 2512 5535; x_wconf 74' lang='grc' dir='ltr'>ἐμαυτὸν</span> <span class='ocrx_word' id='word_1_818' title='bbox 2539 5474 2561 5500; x_wconf 81' lang='grc' dir='ltr'><strong>ο</strong></span> <span class='ocrx_word' id='word_1_819' title='bbox 2595 5467 2754 5536; x_wconf 71' lang='grc' dir='ltr'>ἔχων,</span> <span class='ocrx_word' id='word_1_820' title='bbox 2789 5467 2838 5518; x_wconf 81' lang='grc' dir='ltr'>οἳ</span> <span class='ocrx_word' id='word_1_821' title='bbox 2875 5467 3061 5535; x_wconf 74' lang='grc' dir='ltr'>ἔτυχον</span> <span class='ocrx_word' id='word_1_822' title='bbox 3085 5471 3341 5538; x_wconf 77' lang='grc' dir='ltr'>παρεῖναι</span> <span class='ocrx_word' id='word_1_823' title='bbox 3367 5473 3500 5538; x_wconf 74' lang='grc' dir='ltr'>ἡμῖν</span> <span class='ocrx_word' id='word_1_824' title='bbox 3527 5470 3640 5525; x_wconf 83' lang='grc' dir='ltr'><strong>τῶν</strong></span> <span class='ocrx_word' id='word_1_825' title='bbox 3669 5488 3847 5543; x_wconf 72' lang='grc' dir='ltr'>γραμο</span> 
     </span>
    </p>
   </div>
   <div class='ocr_carea' id='block_1_110' title="bbox 685 5604 1101 5669">
    <p class='ocr_par' dir='ltr' id='par_1_110' title="bbox 685 5604 1101 5669">
     <span class='ocr_line' id='line_1_110' title="bbox 685 5604 1101 5669; baseline 0.007 -11"><span class='ocrx_word' id='word_1_826' title='bbox 685 5605 700 5635; x_wconf 77' lang='grc'><strong>⁸</strong></span> <span class='ocrx_word' id='word_1_827' title='bbox 734 5604 906 5660; x_wconf 81' lang='lat' dir='ltr'><strong>Galat.</strong></span> <span class='ocrx_word' id='word_1_828' title='bbox 942 5624 1012 5669; x_wconf 79' lang='lat' dir='ltr'><strong>xv,</strong></span> <span class='ocrx_word' id='word_1_829' title='bbox 1048 5611 1101 5663; x_wconf 72' lang='grc'>4.</span> 
     </span>
    </p>
   </div>
   <div class='ocr_carea' id='block_1_111' title="bbox 1679 5698 2766 5778">
    <p class='ocr_par' dir='ltr' id='par_1_111' title="bbox 1679 5698 2766 5778">
     <span class='ocr_line' id='line_1_111' title="bbox 1679 5698 2766 5778; baseline 0.009 -24"><span class='ocrx_word' id='word_1_830' title='bbox 1679 5698 1848 5754; x_wconf 76' lang='lat' dir='ltr'><strong>Varia:</strong></span> <span class='ocrx_word' id='word_1_831' title='bbox 1880 5701 2143 5758; x_wconf 88' lang='lat' dir='ltr'><strong>lectiones</strong></span> <span class='ocrx_word' id='word_1_832' title='bbox 2179 5704 2383 5760; x_wconf 79' lang='lat' dir='ltr'><strong>codicis</strong></span> <span class='ocrx_word' id='word_1_833' title='bbox 2415 5705 2766 5778; x_wconf 84' lang='lat' dir='ltr'><strong>Seguieriaui</strong></span> 
     </span>
    </p>
   </div>
   <div class='ocr_carea' id='block_1_112' title="bbox 686 5803 1939 5882">
    <p class='ocr_par' dir='ltr' id='par_1_112' title="bbox 686 5803 1939 5882">
     <span class='ocr_line' id='line_1_112' title="bbox 686 5803 1939 5882; baseline 0.006 -23"><span class='ocrx_word' id='word_1_834' title='bbox 686 5803 715 5848; x_wconf 66' lang='grc' dir='ltr'>ι</span> <span class='ocrx_word' id='word_1_835' title='bbox 755 5807 838 5862; x_wconf 67' lang='lat' dir='ltr'><strong>iv.</strong></span> <span class='ocrx_word' id='word_1_836' title='bbox 879 5806 1095 5879; x_wconf 75' lang='grc' dir='ltr'>καίπερ.</span> <span class='ocrx_word' id='word_1_837' title='bbox 1173 5810 1188 5840; x_wconf 77' lang='grc'>⁸</span> <span class='ocrx_word' id='word_1_838' title='bbox 1227 5809 1533 5879; x_wconf 82' lang='grc' dir='ltr'>γενόμενον.</span> <span class='ocrx_word' id='word_1_839' title='bbox 1608 5821 1646 5850; x_wconf 71' lang='grc'><strong><em>⁸</em></strong></span> <span class='ocrx_word' id='word_1_840' title='bbox 1685 5810 1939 5882; x_wconf 71' lang='grc' dir='ltr'>ἄρρητον.</span> 
     </span>
    </p>
   </div>
   <div class='ocr_carea' id='block_1_113' title="bbox 2020 5816 2344 5885">
    <p class='ocr_par' dir='ltr' id='par_1_113' title="bbox 2020 5816 2344 5885">
     <span class='ocr_line' id='line_1_113' title="bbox 2020 5816 2344 5885; baseline 0.009 -17"><span class='ocrx_word' id='word_1_841' title='bbox 2020 5824 2044 5851; x_wconf 76' lang='grc'><em>³</em></span> <span class='ocrx_word' id='word_1_842' title='bbox 2093 5816 2124 5885; x_wconf 78' lang='grc' dir='ltr'>ἢ</span> <span class='ocrx_word' id='word_1_843' title='bbox 2157 5817 2344 5885; x_wconf 79' lang='grc' dir='ltr'>νομὴν.</span> 
     </span>
    </p>
   </div>
   <div class='ocr_carea' id='block_1_114' title="bbox 2426 5823 2820 5883">
    <p class='ocr_par' dir='ltr' id='par_1_114' title="bbox 2426 5823 2820 5883">
     <span class='ocr_line' id='line_1_114' title="bbox 2426 5823 2820 5883; baseline 0.01 -10"><span class='ocrx_word' id='word_1_844' title='bbox 2426 5831 2450 5855; x_wconf 81' lang='grc' dir='ltr'><strong>ν</strong></span> <span class='ocrx_word' id='word_1_845' title='bbox 2497 5823 2622 5883; x_wconf 74' lang='grc' dir='ltr'>παρ’</span> <span class='ocrx_word' id='word_1_846' title='bbox 2652 5823 2820 5883; x_wconf 74' lang='grc' dir='ltr'>αὑτῶ.</span> 
     </span>
    </p>
   </div>
  </div>
