4078 6340
226 388 254 441 ι
268 386 368 456 tos

1211 383 1572 444 MEMNONIS
1605 387 1942 444 EPISTOLA
1990 388 2081 449 AD
2118 389 2404 446 CLERUM
2439 388 2546 447 ΟΡ.

3369 387 3392 440 1
3406 384 3509 441 ιω

224 510 592 581 γενήσεσθαι,
643 509 861 581 τιμῶσα
889 552 903 576 ,
977 511 1074 566 καὶ⁴
1108 512 1168 566 τὸ
1210 512 1697 583 κεχρεωστημένον
1748 513 1816 582 τῇ

1928 529 2088 583 quam
2127 513 2374 585 oportuit
2408 509 2680 568 sacerdoti
2715 507 3123 565 observantiam
3156 503 3512 576 impendens,

227 602 498 676 ἱερωσύνῃ
517 613 545 652 (ι
575 602 889 674 πληροῦσα.
937 604 1228 658 ἀπέστειλέ
1258 620 1412 666 τινας
1451 612 1472 641 τ
1496 603 1604 656 τῶν
1633 603 1818 674 θεοφιοε

225 695 502 750 λεστάτων
525 695 842 750 ἐπισκόπων
882 696 1024 768 μετὰ
1054 697 1147 752 καὶ
1174 694 1591 750 εὐλαϐεστάτων
1624 696 1821 767 κληρι-

227 788 344 842 κῶν
381 789 462 851 είς
495 786 801 858 ὑπάντησιν
830 785 1000 844 αὐτοῦ
1033 797 1082 826 ³ο
1115 787 1210 842 δύο
1242 785 1417 842 ταῦτα
1444 787 1697 852 ποιοῦσα,
1724 791 1822 842 καὶ⁸

224 878 329 951 τὴν
354 879 851 952 κεχρεωστημινην
885 877 1172 952 πληροῦσα
1216 880 1405 950 τιμὴν,
1452 879 1550 935 καὶ
1591 878 1823 934 ποιοῦσα

227 967 486 1037 φανερὸν,
534 967 612 1033 ὡς
637 969 844 1039 ὀφείλει
885 969 996 1042 τὴν,
1017 968 1151 1041 πρὸς
1183 969 1480 1040 Νεστόριον
1530 967 1822 1039 συντυχίαν

225 1057 594 1148 Macen,
626 1059 716 1114 διὰ
741 1061 804 1114 τι
824 1060 1105 1132 παρὲετῆς
1132 1061 1296 1148 ἁγίας
1326 1061 1547 1114 συνόδου
1575 1058 1824 1132 καθῃρῆ-

227 1144 357 1204 σθαι
382 1151 545 1205 αὑτὸν
570 1152 671 1224 τῆς
695 1151 949 1217 ἁσεδείας
977 1152 1174 1217 ἕνεκα,
1203 1144 1272 1224 ἦς
1307 1152 1639 1224 ὲμελέτησεν
1666 1153 1712 1205 ι.
1746 1151 1822 1208 0ιῦ

226 1243 679 1314 συγχωρηθέντες
710 1245 766 1298 δὲ
816 1245 966 1316 παρὰ
997 1243 1108 1298 τῶν
1149 1244 1434 1315 ἑπομένων
1469 1244 1619 1315 αὐτῷ
1656 1260 1822 1314 στρα-

220 1329 438 1386 τιωτῶν
471 1333 616 1386 κατά
641 1335 742 1403 τὴν
769 1332 887 1386 ὁδον
920 1332 1072 1405 αὐτῷ
1102 1337 1432 1405 περιτυχεῖν,
1473 1334 1628 1387 οὐδὲν
1659 1329 1824 1406 ἦττον

221 1421 627 1496 ἠκολούθησαν,
658 1424 752 1478 καὶ
779 1423 878 1491 τὴν
915 1425 1093 1479 οίκίαν
1117 1424 1258 1500 ,ἔνθα
1302 1425 1570 1479 κατέλυσε
1590 1467 1605 1492 ,
1639 1443 1827 1480 κατει-

222 1514 435 1588 λήφασι
458 1555 474 1582 ,
502 1515 597 1570 καὶ
643 1515 846 1581 πολλὰς
891 1516 1482 1588 προσκαρτερήσαντες
1510 1515 1661 1589 ὥρας
1684 1557 1700 1582 ,
1729 1518 1825 1572 καὶ

228 1607 309 1680 μὴ
341 1605 793 1679 συγχωρηθέντες
830 1606 933 1678 τὴν
968 1606 1107 1680 πρὸς
1134 1604 1298 1661 αὑτὸν
1327 1607 1664 1678 ποιήσασθαι
1699 1625 1826 1661 συν-

220 1699 438 1772 τυχίαν,
463 1698 689 1770 εμειναν
712 1697 902 1770 ὕϐρεις
926 1697 1314 1770 ὑπομένοντες.
1343 1699 1501 1752 Μετὰ
1528 1699 1586 1752 δὲ
1619 1699 1824 1764 πολλάς

222 1791 399 1866 ὥρας,
426 1789 589 1845 τοῦτο
609 1789 768 1855 δόξαν
792 1789 962 1861 αὐτῷ,
1001 1789 1385 1862 μετεστείλατο
1415 1792 1544 1855 τοὺς
1571 1791 1825 1845 θεοσεϐε-

1921 605 2188 675 ηυοεόοω
2215 604 2326 660 Deo
2353 602 2744 659 dilectissimos
2791 599 3083 671 episcopos
3124 610 3250 653 cum
3276 593 3516 650 nonnul-

1921 695 1989 751 lis
2014 710 2235 768 quoque
2268 692 2695 767 religiosissimis
2726 688 2949 749 clericis
2979 688 3199 745 obviam
3228 686 3306 742 illi
3342 686 3512 751 misit,

1922 784 2042 841 hec
2079 785 2191 840 duo
2230 784 2470 847 faciens,
2499 797 2698 855 nempe
2736 790 2798 838 et
2836 779 3084 837 debitum
3129 777 3211 834 illi
3246 777 3516 832 honorem

1920 875 2201 937 deferens,
2230 873 2504 944 simulque
2532 883 2594 930 ut
2639 889 2670 930 a
2712 872 2979 936 Nestorii,
3008 879 3236 942 propter
3261 868 3516 939 impieta-

1923 974 2035 1021 tem
2074 983 2239 1038 quam
2267 966 2552 1038 professus
2591 966 2794 1028 fuerat,
2816 980 2849 1020 a
2873 972 3063 1020 sancta
3097 961 3307 1034 synodo
3341 959 3515 1031 depo—

1923 1058 2015 1113 siti
2057 1058 2336 1129 colloquio
2370 1073 2429 1113 se
2465 1057 2792 1122 abstineret,
2823 1070 2952 1112 eum
2991 1051 3514 1111 commonefaciens.

1922 1148 2061 1206 Cum
2109 1158 2295 1206 autem
2346 1150 2583 1205 militum
2629 1149 2896 1205 comitatu
2944 1145 3197 1218 impediti
3243 1159 3372 1201 eum
3418 1159 3520 1215 per

1923 1242 2067 1296 viam
2091 1240 2298 1311 alloqui
2331 1255 2442 1295 non
2472 1249 2727 1310 possent;
2755 1238 3124 1294 nihilominus
3161 1243 3347 1292 tamen
3375 1249 3520 1306 pone

1924 1332 1994 1388 ad
2027 1331 2177 1388 illius
2216 1331 2588 1387 diversorium
2635 1346 2813 1402 usque
2846 1328 3133 1386 consecuti
3159 1336 3309 1387 sunt.
3335 1325 3525 1382 Multis

1926 1438 2110 1484 autem
2133 1427 2288 1482 horis
2313 1425 2388 1481 ibi
2409 1424 2814 1498 praestolantes,
2841 1437 3025 1494 neque
3050 1421 3219 1476 ullam
3241 1421 3363 1493 ejus
3383 1434 3522 1476 con-

1925 1520 2181 1576 veniendi
2212 1519 2427 1590 copiam
2464 1517 2720 1574 obtinere
2746 1516 3016 1580 valentes,
3050 1513 3292 1570 militum
3321 1520 3522 1569 contu-

1925 1605 2110 1668 meliis
2155 1611 2380 1668 interim
2417 1609 2665 1676 onerati,
2700 1607 2895 1665 tandiu
2937 1611 3298 1671 manserunt,
3346 1603 3527 1660 donec

1927 1712 2053 1776 post
2071 1704 2386 1759 diuturnam
2421 1717 2656 1768 moram,
2681 1716 2810 1757 cum
2835 1698 3099 1755 videlicet
3127 1697 3203 1752 ita
3236 1695 3316 1752 illi
3343 1695 3525 1751 visum

1922 1799 2036 1869 jam
2067 1803 2234 1860 esset,
2278 1794 2560 1866 piissimos
2600 1777 2914 1864 episcopos,
2965 1789 3528 1862 religiosissimosqpe

225 1885 462 1949 στὰτους
483 1883 841 1948 ιπισκόπους,
870 1884 965 1937 καὶ
1002 1881 1133 1946 τοὺς
1165 1881 1598 1949 εὐλαϐεστάτους
1628 1883 1819 1954 κληριο

1928 1889 2161 1946 clericos
2206 1887 2540 1951 accersitos,
2587 1901 2690 1957 per
2737 1884 2944 1940 milites
2986 1881 3058 1938 ad
3107 1897 3166 1938 se
3201 1881 3524 1938 introducit.

222 1979 382 2042 ποὺς,
434 1976 674 2046 είσάγων
715 1976 915 2038 αὐτοὺς
958 1974 1050 2029 διὰ
1098 1975 1471 2047 στρατιωτῶν.
1512 1976 1604 2040 Ὠς
1651 1977 1709 2031 δὲ
1751 1975 1823 2030 τά

226 2069 385 2142 παρὰ
415 2051 510 2140 τῆς
535 2068 698 2137 ἁγίας
727 2066 950 2121 συνόδου
985 2067 1198 2138 φανερὰ
1233 2069 1607 2139 πεποιήκασιν
1638 2067 1818 2139 αὐτῷ,

226 2158 577 2233 συνεχώρησε
609 2158 702 2212 τὸν
758 2158 1351 2230 μεγαλοπρεπέστατον
1386 2160 1696 2230 Είρηναϊον,
1729 2161 1825 2213 καὶ

221 2253 355 2317 τοὺς
386 2252 483 2305 σὺν
520 2249 671 2321 αὐτῷ
713 2249 1050 2313 ἐπισκόπους
1077 2267 1139 2303 τε
1172 2251 1269 2305 καὶ
1316 2250 1651 2321 κληρικοῦς,
1682 2252 1822 2322 ἀφο-

225 2344 431 2416 ρήτους
453 2339 721 2395 ἐπιθεῖναι
749 2339 967 2412 πληγάς
1003 2342 1122 2404 τοῖς
1149 2340 1445 2412 ἡμετέροις
1476 2341 1823 2413 συλλειτουρ⁶

196 2432 368 2502 τοῖς,
402 2430 497 2485 καὶ
528 2432 644 2495 τοῖς
694 2429 1014 2501 κληρικοίς,
1047 2430 1124 2493 ὡς
1166 2431 1264 2485 καὶ⁵
1305 2430 1576 2497 κινδύνοις
1623 2429 1824 2497 αὐτοὺς

224 2520 652 2596 προσομιλῆσαι.
686 2519 907 2575 Τούτων
929 2521 1111 2574 τοίνυν
1138 2520 1548 2592 γεγενημένων,
1576 2539 1825 2594 παραγε-

222 2614 442 2686 νόμενοι
468 2614 549 2677 είς
568 2612 668 2683 τὴν
698 2611 862 2682 ἁγίαν
888 2611 1108 2666 σύνοδον
1132 2615 1181 2666 oi
1211 2612 1612 2675 ἀποσταλέντες
1642 2613 1826 2668 θεοσε-

222 2706 481 2762 “erant
523 2704 850 2771 ἐπίσκοποι,
892 2706 988 2760 καὶ
1023 2703 1125 2769 τὰς
1162 2704 1380 2778 πληγάς
1416 2705 1782 2773 ἐπιδείξαντες
1804 2745 1822 2772 ,

222 2795 326 2852 καὶ
347 2795 420 2850 τά
448 2795 796 2867 γεγενημένα
819 2794 1239 2868 διηγησάμενοι,
1272 2797 1368 2850 ἐπὶ
1402 2797 1657 2870 πράξεως
1684 2798 1825 2852 ὑπο-

229 2887 536 2962 μνημάτων
580 2886 678 2942 τοῦ
713 2887 873 2956 ἁγίου
911 2887 1245 2958 Εὑαγγελίου
1291 2888 1662 2960 προκειμένου
1687 2930 1702 2953 ,
1745 2890 1827 2951 είς

225 2979 606 3052 ἀγανάκτησιν
635 2981 996 3052 διανέστησαν
1016 2981 1116 3053 τὴν
1140 2980 1309 3050 ἁγίαν
1340 2981 1584 3035 σύνοδον·
1620 2982 1714 3034 καὶ
1743 2998 1829 3052 μι-

225 3065 364 3145 κρὸν
407 3073 572 3127 αὑτὸν
609 3071 1076 3145 σωφρονίζοντες,
1117 3069 1488 3143 ἀκοινώνητον
1517 3071 1682 3127 αὐτὸν
1725 3088 1827 3125 πε-

225 3165 519 3271 πριήκασιο
541 3165 639 3218 καὶ
661 3164 955 3237 γεγένηται
977 3162 1127 3235 αὺτῷ
1145 3165 1179 3234 ἡ
1203 3164 1573 3234 άκοινωνησία
1583 3165 1825 3235 φανερά.
1857 3213 1900 3271 c

229 3257 528 3330 Ἐγνωμεν
554 3256 666 3330 γὰρ
688 3298 704 3320 ,
749 3257 826 3320 ὡς
866 3255 1154 3327 ἁνώνυμόν
1193 3273 1250 3310 τι
1297 3256 1396 3310 καὶ
1441 3257 1832 3329 ἁνυπόγραφον

224 3350 379 3406 κατά
415 3365 469 3403 τι
507 3348 674 3420 μέρος
710 3347 812 3419 τῆς
844 3347 1059 3412 πόλεως
1096 3346 1368 3420 προετέθη
1389 3387 1406 3412 ,
1433 3347 1633 3419 δηλοῦν
1663 3347 1830 3402 αὑτοῦ

223 3440 333 3515 τὴν
355 3439 584 3508 ἀταξίαν
612 3439 712 3495 καὶ
742 3439 1098 3494 ἁκανόνιστον
1126 3438 1356 3512 γνώμην
1392 3456 1407 3471 ο
1435 3438 1561 3494 καθ’
1592 3438 1832 3510 ἑκάστην

225 3532 292 3589 εδ
324 3531 808 3604 προσκαλούμενος
833 3531 896 3586 τὸ
922 3530 1122 3602 σεμνὸν
1151 3530 1560 3602 βουλευτήριον,
1591 3533 1835 3596 καὶτοὺς

225 3623 677 3697 λαμπροτάτους,
712 3625 807 3677 καὶ
836 3623 899 3688 ιε
933 3621 1117 3676 αὐτῶν
1149 3631 1178 3661 ιι
1219 3622 1360 3694 μετὰ
1388 3623 1636 3693 ἀνάγκης
1665 3622 1837 3694 ψηφί-

230 3731 444 3788 σματα,
491 3713 634 3769 ὥστε
668 3715 750 3780 είς
789 3716 885 3769 τὸν
922 3714 1092 3768 τόπον
1137 3714 1232 3769 τὸν
1263 3713 1401 3787 εμδν
1427 3715 1832 3786 χειροτονῆσαι.

243 3807 342 3874 Ὣς
370 3808 582 3871 πάντας
603 3808 733 3872 τοὺς
755 3805 1152 3872 κατοικοῦντας
1174 3807 1276 3879 τὴν
1304 3808 1485 3874 πόλιν,
1516 3807 1834 3881 ὀρθοδόξους

228 3904 626 3977 ⁴τυγχάνοντας,
651 3904 780 3968 τοὺς
803 3902 1130 3975 εὐκτηρίους
1162 3902 1552 3974 κατειληφέναι
1573 3903 1754 3966 οἴκους
1783 3912 1836 3969 ν,

220 3996 360 4070 -καὶ,
391 3997 454 4050 ιν
494 3997 680 4060 αὐτοῖς
710 3996 904 4050 οίκείν’
939 3995 1030 4050 ἴνα
1076 3993 1154 4067 μὴ
1199 3996 1234 4067 ή
1270 3995 1481 4050 ἐκείνου
1535 3996 1838 4066 προπέτεια

231 4091 336 4145 καὶ
362 4089 716 4148 ἁκανόνιστος
744 4075 1024 4159 θρασύτης
1052 4089 1087 4159 ἡ
1113 4085 1205 4142 διά
1231 4085 1346 4141 τῶν
1369 4087 1735 4159 προθεμάτων
1757 4092 1839 4153 είς

232 4183 400 4256 ιργον
420 4182 563 4255 ἁχθῇ
585 4182 686 4252 τῆς
709 4182 922 4253 φήμης.
949 4179 1116 4234 Ὅθεν
1137 4181 1236 4235 καὶ
1256 4183 1316 4236 εν
1340 4180 1419 4252 τῷ
1438 4180 1580 4252 ἁγίῳ
1617 4181 1841 4253 Ἰωάννῃ

1924 1983 2291 2053 Posteaquam
2323 1995 2456 2036 vero
2481 1993 2604 2050 quae
2631 1994 2662 2033 a
2689 1986 2882 2034 sancta
2919 1974 3131 2050 synodo
3154 1974 3212 2030 in
3247 1971 3530 2030 mandatis

1924 2074 2228 2137 habebant,
2261 2072 2341 2128 illi
2365 2071 2771 2142 exposuissent,
2793 2085 2894 2141 per
2916 2064 3529 2140 magniﬁcentiSsimum

1925 2165 2187 2222 comitem
2230 2164 2522 2228 Irenaeum,
2552 2169 2893 2232 ceterosque
2922 2161 3020 2231 qui
3080 2175 3209 2216 cum
3259 2160 3381 2230 ipso
3423 2157 3527 2214 ad-

1925 2256 2409 2328 erant,episcopos
2432 2263 2598 2326 atque
2615 2252 2872 2316 clericos,
2894 2251 3273 2307 intolerabiles
3297 2249 3530 2306 commi-

1925 2349 2119 2406 nistris
2139 2348 2350 2404 nostris
2377 2345 2601 2403 clericis
2624 2344 2811 2416 plagas
2838 2342 3030 2399 inferri
3061 2340 3440 2414 permisit,'ita
3465 2352 3530 2396 ut

1927 2445 1986 2500 in
2012 2441 2183 2518 (vitae)
2211 2455 2435 2513 quoque
2457 2438 2760 2495 discrimen
2786 2434 3011 2492 adducti
3040 2433 3270 2489 fuerint.
3298 2431 3398 2489 Bis
3421 2432 3530 2487 ita-

1927 2553 2037 2608 que
2067 2535 2382 2595 transactis.
2413 2531 2649 2606 piissimi
2678 2528 2928 2602 episcopi
2952 2527 3050 2598 qui
3090 2525 3161 2582 ad
3189 2526 3346 2581 illum
3374 2523 3531 2580 missi

1926 2629 2168 2692 fuerant,
2198 2627 2266 2682 ad
2306 2633 2552 2681 sanctam
2585 2621 2860 2696 synodum
2885 2619 3206 2683 redeuntes,
3233 2617 3532 2689 plagasque

1927 2719 2037 2776 sibi
2062 2717 2348 2790 impositas
2370 2714 2750 2778 ostendentes,
2781 2720 2840 2768 et
2861 2727 2986 2783 qua:
3014 2710 3333 2767 acciderant
3355 2723 3531 2778 expo-

1929 2821 2160 2877 nentes,
2211 2808 2281 2865 ad
2335 2795 2864 2865 commentariorum
2915 2801 3192 2858 actionem
3246 2797 3533 2870 proposito

1931 2910 2122 2958 sancto
2154 2897 2474 2970 Evangelia,
2511 2904 2756 2950 sanctam
2790 2891 3063 2964 synodum
3095 2891 3164 2946 ad
3195 2888 3533 2960 indignatio-

1929 3007 2058 3048 nem
2085 2994 2526 3046 commoverunt.
2559 2984 2680 3040 lam
2724 2997 2859 3038 vero
2884 2979 3159 3048 nonnihil
3192 2979 3343 3035 illius
3383 2978 3536 3034 inso-

1930 3082 2158 3139 lentiam
2193 3080 2556 3140 refrenantes,
2599 3090 2726 3130 eum
2752 3070 3316 3130 excommunicationi
3344 3069 3537 3140 subje-

1933 3183 2152 3236 cerunt,
2177 3187 2301 3242 quae
2330 3179 2389 3225 et
2411 3167 2516 3240 ipsi
2540 3168 2864 3223 denuntiata
2892 3174 2999 3221 est.
3029 3162 3363 3234 Accepimus
3385 3162 3535 3218 enim

1931 3266 2200 3338 scriptum
2230 3261 2531 3334 quoddam,
2565 3267 2783 3315 certum
2827 3257 2980 3313 illius
3026 3254 3356 3312 temeritatis
3411 3253 3535 3310 ille-

1933 3357 2249 3429 gitimzeque
2284 3351 2536 3425 ejusdem
2577 3348 2868 3406 sententiae
2914 3355 3301 3419 argumentum
3325 3386 3340 3412 ,
3382 3346 3539 3404 nullo

1934 3456 2090 3506 certo
2112 3455 2337 3503 auctore
2359 3443 2594 3507 editum,
2619 3442 2770 3498 nulla
2795 3439 3207 3510 subscriptione
3236 3437 3537 3502 munitum,

1936 3545 1995 3600 in
2024 3543 2263 3615 quadam
2295 3539 2538 3596 civitatis
2569 3545 2729 3608 parte
2762 3536 2934 3591 fuisse
2966 3533 3342 3606 propositum.
3385 3530 3538 3600 Quo-

1937 3635 2072 3690 tidie
2091 3641 2279 3690 autem
2299 3629 2683 3687 venerandum
2716 3633 2972 3684 senatum
3021 3625 3541 3695 illustrissimosque

1938 3723 2131 3798 (cives)
2158 3723 2226 3778 ad
2257 3738 2317 3778 se
2351 3735 2611 3784 evocans,
2641 3734 2838 3790 magna
2867 3717 3288 3789 importunitate
3325 3715 3541 3787 ﬂagita-

1937 3819 2054 3882 bat,
2084 3824 2148 3872 ut
2168 3830 2364 3871 eorum
2398 3810 2679 3882 sun‘ragiis
2711 3809 2853 3865 alius
2879 3810 2937 3864 in
2964 3824 3152 3866 meum
3177 3808 3364 3863 locum
3392 3804 3544 3863 ordi-

1937 3917 2169 3965 naretur
2215 3901 2576 3978 (episcopus),
2629 3910 2692 3957 ut
2731 3916 2926 3958 omnes
2957 3899 3253 3955 orthodoxi
3299 3898 3544 3954 civitatis

1938 3999 2136 4056 incolae
2159 3997 2399 4054 oratoria
2420 4000 2780 4064 occuparent,
2801 3992 2993 4063 ibique
3018 4007 3142 4048 sese
3161 3990 3541 4055 continerent,

1938 4108 2010 4147 ne
2041 4090 2192 4147 illius
2216 4087 2502 4145 temeritas
2525 4093 2582 4142 et
2607 4084 2855 4141 nelarius
2885 4098 3059 4140 ausus
3082 4082 3306 4154 publice
3341 4094 3548 4152 propo-

1939 4183 2083 4239 situs
2102 4181 2274 4254 (quod
2293 4180 2443 4252 vulgi
2463 4193 2723 4238 sermone
2745 4172 3268 4247 circumferebatur)
3283 4173 3548 4229 ell‘ectum

231 4269 318 4339 τῷ
362 4268 726 4341 εὐαγγελιστῇ
786 4268 1068 4332 ἀνελθὼν,
1120 4268 1282 4324 τοῦτο
1340 4270 1710 4342 ὑπεμφήνας,
1763 4269 1840 4334 ὡς

231 4360 447 4430 ὀφείλει
474 4373 502 4411 ι
542 4360 704 4414 αὐτὸν
731 4362 848 4414 ἐκεῖ
870 4361 1271 4431 χειροτονῆσαι,
1306 4361 1518 4426 στάσιν,
1551 4361 1645 4415 καὶ
1665 4378 1829 4433 ταρα-

1941 4366 2155 4422 silicam
2179 4365 2503 4430 ascendens,
2529 4371 2587 4418 et
2615 4360 2763 4432 quod
2793 4359 3001 4416 ibidem
3028 4358 3391 4414 ordinaturus
3416 4373 3548 4416 eum

235 4453 344 4527 χὴν
364 4461 392 4502 1
413 4452 493 4524 τῷ
515 4454 669 4526 τύπῳ
696 4454 922 4525 εποίησε
948 4462 996 4517 ι,
1031 4456 1126 4507 καὶ
1161 4455 1299 4526 μετὰ
1329 4454 1562 4525 ,πλήθους
1590 4456 1829 4511 άτάκτωι

1941 4466 2108 4524 esset,
2143 4457 2454 4527 divulgans,
2486 4454 2818 4510 seditionem
2847 4450 3451 4521 tumultuationemque
3478 4466 3550 4507 eo

233 4544 610 4616 ὡπλισμένων
637 4544 902 4607 ἀνελθὼν,
934 4546 1012 4609 ὡς
1034 4545 1130 4599 καί
1158 4563 1314 4611 τινας
1341 4547 1455 4601 τῶν
1476 4547 1660 4601 ἐκεῖσε
1691 4564 1829 4600 πτω-

1942 4551 2001 4608 in
2030 4551 2156 4608 loco
2178 4547 2497 4606 concitavit.
2527 4546 2701 4602 Tanta
2734 4559 2975 4616 namque
3005 4551 3350 4598 armatorum
3393 4541 3548 4597 inso-

237 4634 358 4710 χῶν
386 4635 674 4707 ἡμιθανεῖς
704 4637 930 4708 ποιῆσαι
955 4653 971 4669 ο
1006 4637 1102 4692 καὶ
1130 4635 1208 4700 ὡς
1234 4637 1518 4709 ὑϐρισθεὶς
1547 4638 1704 4711 παρὰ
1725 4637 1829 4692 τῶν

1937 4644 2173 4699 lentium
2201 4640 2558 4698 multitudine
2592 4639 2891 4696 comitatus
2931 4635 3205 4700 ascendit,
3240 4643 3304 4690 ut
3331 4634 3552 4704 aliquos

239 4729 459 4793 ικεῖσε,
494 4729 799 4802 ἀνήνεγκεν
848 4730 945 4782 ἐπὶ
991 4728 1171 4800 φθόνῳ
1216 4729 1317 4801 τῆς
1371 4731 1538 4800 ἁγίας
1588 4730 1829 4787 συνόδου.

1937 4737 2023 4794 ibi
2055 4733 2492 4792 mendicantium
2539 4731 2851 4788 semineces
2895 4727 3190 4798 reliquerit
3227 4742 3242 4781 :
3284 4733 3344 4780 et
3388 4726 3553 4796 quasi

205 4899 208 4902 ῃ
239 4819 636 4886 Καταξιώαατε
642 4820 848 4886 τοίνυν,
859 4819 1166 4887 δσιὼτατοι,
1183 4821 1366 4876 πᾶσαν
1379 4821 1616 4894 σπουδὴν
1628 4821 1829 4887 θέσθαι1

1943 4827 2178 4883 an‘ectus
2218 4825 2416 4881 fuisset
2448 4821 2650 4896 injuria
2684 4821 2756 4878 ab
2787 4819 2858 4878 iis
2890 4819 2986 4890 qui
3034 4817 3110 4875 ibi
3144 4817 3353 4890 reperti
3395 4823 3554 4881 sunt,

241 4915 343 4968 καὶ
361 4913 464 4985 τήν
485 4913 766 4977 ἀπόνοιαν.
793 4913 889 4970 καὶ
915 4914 1273 4970 ἁκανόνιστον
1296 4915 1528 4988 γνώμην
1563 4917 1829 4982 Ἰωάννου,

1941 4925 2006 4973 ut
2029 4914 2241 4988 synodo
2266 4913 2532 4969 invidiam
2567 4911 2746 4982 possit
2768 4910 3010 4967 conflare
3044 4908 3212 4979 (apud
3245 4908 3551 4978 imperato—

244 5005 347 5060 καὶ
374 5005 485 5059 τῶν
513 5007 614 5060 σὺν
645 5005 796 5077 αὐτῷ
822 5004 1210 5077 δημοσιεῦσαι,
1242 5007 1382 5080 πρὸς
1408 5007 1474 5061 τὸ
1493 5019 1521 5049 ι
1569 5010 1664 5062 καὶ
1709 5008 1829 5074 τοὺς

1945 5023 2038 5064 res
2058 5015 2115 5063 et
2130 5006 2312 5079 alios),
2331 5014 2673 5076 conquestus
2693 5014 2799 5060 est.
2826 5003 3032 5072 Quare,
3060 5000 3397 5057 sanctissimi
3422 4999 3554 5065 viri,

249 5095 871 5169 μεγαλοπρεπεστάτους
897 5094 1148 5167 κόμητας
1181 5093 1435 5150 ιντεῦθεν
1460 5095 1829 5167 ἀναχωρῆσαι,

1947 5100 2099 5156 omni
2130 5098 2382 5154 adhibito
2410 5097 2596 5154 studio
2629 5097 2883 5168 satagite,
2919 5104 2983 5150 ut
3025 5111 3228 5150 vesana
3269 5109 3334 5150 ac
3377 5103 3554 5148 teme-

246 5191 381 5258 τοὺς
407 5188 530 5253 καθ’
580 5189 798 5262 ἡμέραν
839 5186 1209 5261 ταράττοντας
1254 5188 1358 5261 τὴν
1405 5188 1563 5242 πόλιν
1599 5188 1692 5242 καλ⁵
1744 5189 1829 5260 rip

1944 5192 2087 5246 raria
2132 5188 2361 5246 Joannis
2407 5187 2798 5258 sociorumque
2847 5186 3001 5242 illius
3053 5171 3327 5241 sententia
3371 5184 3554 5254 palam

251 5282 458 5346 πίστιν,
493 5281 581 5342 ἵνα
624 5281 701 5354 μὴ
752 5282 820 5336 εκ
851 5280 1217 5353 ωναρπαγῆς
1260 5279 1469 5336 τούτων
1515 5280 1829 5336 νοθεύωνταπ

1943 5279 2040 5335 fiat
2059 5320 2073 5341 ,
2112 5276 2759 5350 magniﬁcentissimique
2790 5275 3044 5339 comites,
3072 5275 3168 5345 qui
3194 5273 3446 5345 quotidie
3468 5273 3552 5328 ci-

250 5377 322 5429 τὰ
352 5376 452 5446 τῆς
487 5375 747 5439 πίστεως.

1945 5373 2172 5428 vitatem
2215 5380 2273 5428 et
2319 5370 2485 5428 iidem
2518 5369 2890 5435 conturbant,
2939 5368 3073 5425 hinc
3115 5366 3434 5434 discedant;
3481 5382 3552 5421 no

252 5467 449 5524 callida
484 5482 676 5529 eorum
710 5465 1089 5537 subreptione,
1126 5480 1250 5537 qua
1279 5464 1408 5521 iidei
1448 5474 1600 5531 sunt,
1629 5463 1932 5521 adulterari
1972 5465 2277 5535 contingat.

1940 4273 2255 4331 sortiretur.
2299 4271 2458 4330 Unde
2487 4270 2558 4326 ad
2597 4269 2772 4326 sancti
2801 4268 3032 4325 Joannis
3062 4266 3416 4338 evangelista
3443 4264 3547 4320 ba-

1339 5620 1512 5678 Variae
1539 5621 1807 5678 lectiones
1840 5619 2051 5677 codicis
2077 5619 2445 5691 Seguieriani.

329 5769 373 5841 τ.
395 5761 493 5829 τῆς
525 5756 855 5841 ἱερωσύνης,
883 5756 917 5828 ἢ
945 5758 1190 5841 εἰρήνης.
1221 5829 1251 5841 η
1270 5768 1292 5797 ι’
1329 5760 1408 5823 είς
1437 5758 1760 5841 ἁπάντησιν.
1832 5769 1864 5841 1⁸
1943 5758 2024 5820 εἰς
2053 5755 2364 5841 ύπόμνῃσιν
2394 5753 2562 5841 αὐτῷ.

226 5840 289 5915 γ’
315 5825 533 5895 τόπους.
579 5825 639 5870 ἰ
680 5825 976 5901 omam,
1000 5825 1086 5895 ’ὡς
1111 5825 1369 5900 ὀφείλειν.
1447 5837 1474 5877 7
1505 5825 1724 5894 στάσεις
1760 5831 1856 5883 καὶ
1886 5827 2154 5898 ταραχὰς.
2234 5837 2257 5864 ι
2289 5825 2598 5896 ἐνεποίησε.

2647 5756 2665 5789 ⁸
2742 5750 3117 5823 ὡμολόγησεν.
3194 5764 3217 5792 υ

3299 5751 3546 5821 ἐξαιτῶν.

2676 5835 2698 5864 ⁸
2739 5823 2873 5896 πρὸς
2909 5823 3007 5896 τῷ.
