4078 6340
213 333 344 389 μσς

1235 326 1458 377 ΔιὶΑιιιι
1501 330 1894 370 sinuin-Msa
1929 327 2142 370 unus.
2188 323 2492 375 IIUMILIA.

3343 315 3480 372 M70

213 451 506 519 φωστῆρας
559 445 851 500 ἑπιτοαυτὸ
897 445 1226 514 συνδραμεῖν
1273 437 1688 508 παρεσκεύασεν
1736 431 1834 494 ιολ

1912 442 2128 493 :xcitata
2154 441 2466 497 videbatur.
2497 449 2770 494 terrarum
2799 436 2952 492 orbis
2982 437 3194 492 lumina
3225 434 3278 489 in
3308 451 3479 489 unum

213 534 288 593 ὧν
331 542 360 594 6
390 540 488 610 μὲν
523 538 638 609 βίος
680 538 920 609 Χριστοῦ
957 536 1157 590 εὑωδία
1187 536 1303 586 ἐστὶ
1337 530 1414 600 τῷ
1460 528 1598 598 Θεῷ,
1644 528 1678 598 ἡ
1729 527 1786 578 δὲ

213 633 421 687 διάνοια
447 630 590 703 πρὸς
620 629 752 702 μίαν
780 630 879 684 καὶ
919 629 1016 700 τὴν
1048 627 1220 697 αὐτὴν
1250 625 1349 695 τῆς
1379 622 1638 693 ἀληθείας
1666 637 1790 671 συν-

216 727 384 794 ῆπται
418 721 748 794 ἑκφώνησιν,
778 724 854 776 Οὑ
890 722 999 792 γὰρ
1030 719 1168 773 ἄλλα
1200 718 1299 786 μὲν
1326 718 1452 778 τοὺς
1485 729 1788 784 προσερχο-

219 816 414 884 μένους
446 813 796 884 διδάσκομεν,
837 813 971 867 ἄλλα
999 812 1055 864 δὲ
1085 810 1212 880 περὶ
1243 808 1355 860 τῶν
1390 804 1792 872 διδασκομένων

216 906 577 977 πιστεύομεν
605 905 722 960 ἀλλ’
760 907 892 977 ἡμῖν
928 899 1010 966 εἷς
1036 902 1242 970 Κύριος
1289 898 1495 970 Ἰησοῦς
1534 895 1790 965 Χριστὸς,

215 999 247 1050 6
294 997 592 1068 μονογενὴς
623 997 747 1060 Υἱὸς
786 994 882 1047 τοῦ
921 993 1081 1056 Θεοῦ,
1111 993 1246 1055 Θεὸς
1287 992 1459 1059 Λόγος
1513 990 1540 1040 6
1594 988 1788 1049 αὐτός’

216 1087 360 1158 πρὸι
402 1087 504 1157 μὲν
526 1087 748 1141 πάντων
767 1086 878 1138 τῶν
899 1083 1112 1138 αἰώνων
1147 1085 1211 1135 ἐκ
1246 1082 1410 1154 μόνου
1436 1080 1674 1151 Πατρὸς,
1704 1077 1791 1129 ἐπ’

217 1177 467 1248 ἐσχάτων
496 1179 555 1232 δὲ
594 1178 704 1232 τῶν
737 1175 962 1248 ἡμερῶν
1004 1177 1063 1228 ἑν
1103 1177 1172 1245 τῇ
1203 1173 1297 1227 τοῦ
1343 1173 1530 1225 δούλου
1570 1171 1753 1240 μορφῇ
1776 1184 1790 1197 ⁸

218 1269 330 1322 ἄνω
378 1270 540 1340 μόνος
583 1271 650 1322 ἑκ
700 1268 888 1338 μόνου,
929 1267 1082 1321 κάτω
1145 1267 1306 1337 μόνος
1349 1267 1413 1317 ἑκ
1479 1263 1667 1334 μόνης.
1714 1260 1794 1313 Τά

215 1361 360 1415 αὑτὰ
387 1361 675 1432 ἀμφότερα
693 1358 721 1397 ι
743 1358 963 1423 θεῐκῶς,
983 1359 1340 1431 ἀνθρωπίνως
1376 1357 1433 1409 δὲ
1454 1359 1520 1426 τῇ
1553 1355 1798 1423 ἡμετέρᾳ

219 1454 388 1525 σαρκὶ
416 1454 513 1507 καὶ
544 1452 836 1522 νηπιότητι
864 1451 1120 1522 τεχθῆναι
1141 1467 1156 1480 ·
1189 1451 1217 1502 6
1244 1449 1410 1510 αὑτὸς
1436 1445 1655 1515 ἀπαθὴς
1680 1445 1798 1497 θεό-

213 1560 364 1613 τητι,
414 1542 604 1597 παθὼν
638 1543 700 1597 δὲ
730 1542 873 1613 ὑπὲρ
930 1541 1090 1613 ήμῶν
1134 1539 1398 1602 ἑκουσίως
1445 1538 1648 1608 σαρκίο
1697 1539 1798 1590 οὑκ

215 1635 494 1699 ἀκουσίως
540 1634 644 1707 τὴν
691 1636 1006 1706 οἰκονομίαν
1067 1632 1384 1703 δεξάμενος,
1435 1614 1562 1684 ἀλλ”
1607 1630 1799 1683 ἑαυτὸν

217 1726 468 1791 κενώσας
486 1727 774 1794 ἑκουσίως,
821 1726 1006 1780 λαϐὼν
1051 1725 1152 1795 τὴν
1189 1723 1286 1777 τοῦ
1329 1723 1517 1776 δούλου
1560 1723 1796 1793 μορφήν.

221 1820 330 1873 Καὶ
355 1818 560 1886 λαϐὼν,
604 1819 695 1875 διά
719 1792 775 1874 τί
795 1836 810 1884 ;
845 1819 932 1872 ἵνα
963 1834 1025 1870 σε
1061 1792 1385 1887 σύμμορφον
1422 1814 1435 1852 ι
1470 1792 1568 1883 τῆς
1593 1813 1800 1876 οἰκείας
1833 1792 1876 1846 Β

217 1909 381 1981 δόξης
443 1911 784 1982 ἐργάσηται·
826 1909 922 1964 καὶ
978 1910 1254 1980 μαρτυρεῖ
1322 1908 1534 1970 Παῦλος
1587 1907 1799 1973 λέγων’

227 2023 249 2056 ι
287 2001 633 2071 Ἦμῶνδὲτὸ
659 2001 965 2072 πολίτευμα
995 2003 1055 2053 ἑν
1077 2000 1326 2071 οὐρανοῖς
1357 1998 1595 2070 ὑπάρχει
1618 2014 1633 2027 ’
1654 1997 1712 2063 ἐξ
1740 1990 1802 2050 οὗ

121 2163 130 2177 I
220 2098 316 2151 καὶ
338 2097 570 2169 Σωτῆρα
588 2096 1002 2167 ἀπεκδεχόμεθα
1041 2096 1249 2167 Κύριον
1290 2093 1500 2169 ζιησοῦν
1528 2093 1764 2164 Χριστόν
1783 2109 1798 2122 ο

222 2187 282 2252 6;
313 2189 789 2260 μετασχηματίσει
816 2189 878 2243 τὸ
910 2189 1070 2260 πῶμα
1102 2189 1205 2260 τῆς
1229 2186 1614 2250 ταπεινώσεως
1646 2184 1806 2256 ήμῶν

223 2279 302 2342 εἰς
355 2278 419 2330 τὸ
469 2276 726 2345 γενέσθαι
780 2277 878 2331 καὶ
927 2278 1064 2331 αὑτὸ
1109 2277 1436 2348 σύμμορφον
1470 2274 1548 2346 τῷ
1589 2274 1806 2345 σώματι

225 2370 322 2440 τῆς
349 2370 509 2442 δόξης
538 2378 578 2407 ¹³
600 2367 789 2426 αὑτοῦ.
821 2388 842 2423 ι
888 2368 949 2423 Ὀ
976 2369 1157 2424 τοίνυν
1183 2370 1448 2433 ἑκουσίως
1488 2367 1671 2423 λαϐὼν
1704 2367 1808 2438 τὴν

225 2460 320 2518 τοῦ
344 2461 533 2515 δούλου
567 2461 805 2534 μορφὴν,
845 2463 875 2515 6
905 2462 1006 2534 τὴν
1037 2461 1234 2516 ἑνωσιν
1277 2461 1352 2532 μὴ
1383 2461 1807 2533 παραιτησάμε-

226 2567 338 2613 νος,
387 2549 507 2613 πῶς
541 2551 610 2606 τὰ
647 2549 743 2604 τοῦ
789 2549 978 2604 δούλου
1019 2553 1375 2624 παρῃτήσατο
1407 2553 1588 2624 πάθη;
1641 2552 1707 2605 El
1750 2551 1809 2604 δὲ

227 2643 610 2714 παρῃτήσατο,
659 2643 810 2706 τίνος
838 2642 1029 2697 ἕνεκεν
1077 2643 1328 2716 παθητὴν
1355 2639 1524 2697 οὖσαν
1562 2644 1664 2715 τὴν
1714 2643 1808 2698 τοῦ

221 2728 417 2784 δούλου
453 2731 673 2806 μορφὴν
692 2731 1099 2803 ἀνελάμϐανενς
1136 2734 1279 2788 Ἀλλ’
1318 2729 1473 2798 οὗτος
1504 2743 1532 2772 υ
1567 2737 1630 2788 οὐ
1665 2753 1812 2807 παρ-

221 2819 490 2895 ῃτήσατο,
511 2819 594 2873 ὃτι
615 2818 803 2873 λαϐὼν
835 2822 934 2893 τὴν
962 2821 1058 2875 τοῦ
1101 2822 1288 2875 δούλου
1324 2823 1538 2894 μορφὴν
1569 2825 1812 2893 ὑπήκοος

224 2909 476 2977 γίνεται·
500 2911 531 2963 6
576 2912 690 2967 ἄνω
737 2909 1116 2982 ἑξουσιαστὴς,
1148 2913 1300 2967 κάτω
1327 2915 1573 2985 ὑπήκοος
1593 2932 1604 2943 ·
1638 2916 1667 2967 6
1699 2915 1813 2968 ἀνω

225 3000 385 3067 Υἱὸς,
423 3002 578 3056 κάτω
600 3003 834 3060 παιδίον.
875 3003 987 3059 Καὶ
1010 3005 1414 3074 ἀναμιμνήσκω
1452 3023 1512 3058 σε
1539 3008 1639 3075 τῆς
1674 3023 1812 3077 προ-

228 3093 487 3162 φητείας.
525 3094 592 3148 Τί
634 3094 765 3148 ἑϐόα
809 3095 839 3149 6
883 3096 1156 3166 μακάριος
1206 3097 1466 3160 Ἡσαΐαςς
1517 3115 1536 3147 ι
1596 3098 1813 3151 Παιδίον

228 3186 501 3256 ἐγεννήθη
529 3186 685 3256 ήμῖν,
730 3185 850 3250 υίὸς
885 3187 983 3240 καὶ
1009 3186 1166 3256 ἐδόθη
1196 3187 1348 3256 ἡμῖν.
1385 3188 1450 3240 Τί
1483 3189 1620 3250 ἑστι,
1663 3206 1682 3238 ι
1723 3190 1817 3241 καὶ

229 3276 419 3346 ἰδόοης
461 3295 481 3329 ι
515 3279 592 3330 (l6
623 3278 785 3348 μόνον
813 3278 1105 3350 ἐγεννήθη,
1137 3278 1277 3331 ἀλλά
1310 3278 1405 3331 καὶ
1431 3279 1590 3348 ἐδόθη
1612 3297 1625 3308 ο
1653 3282 1681 3332 6
1708 3280 1818 3350 γὰρ

231 3368 313 3422 ὢν
349 3369 542 3439 ὲδόθηο
581 3389 601 3422 ι
639 3364 714 3424 Οῦ
748 3374 781 3442 ή
818 3372 962 3446 ἀρχὴ
1003 3372 1236 3443 ἐγενήθη
1277 3373 1369 3426 ἐπὶ
1402 3375 1496 3426 τοῦ
1534 3373 1687 3444 ὤμου
1716 3378 1816 3426 αύο

231 3460 352 3514 ⁴τοῦ.
394 3481 412 3512 ι
463 3461 530 3514 Τί
571 3463 724 3516 ἐστιν
762 3465 797 3539 ἡ
835 3465 980 3540 ἀρχὴ
1010 3465 1104 3517 τοῦ
1141 3464 1278 3517 Θεοῦ
1317 3467 1493 3533 Λόγου
1521 3468 1820 3537 γενομένου

232 3551 565 3623 ἀνθρώπους
611 3555 676 3606 Ἡ
715 3555 1046 3623 Ἐκκλησία·
1089 3557 1184 3609 καὶ
1228 3557 1392 3621 αὑτός
1427 3567 1452 3594 ο
1483 3561 1687 3627 ἑστινὴ
1725 3577 1820 3611 κε-

236 3646 385 3717 φαλὴ
417 3646 515 3700 τοῦ
559 3646 813 3719 σώματος
861 3649 960 3716 τῆς
1008 3649 1377 3720 Ἐκκλησίας·
1431 3649 1552 3713 πῶς
1587 3647 1682 3704 οὖν
1728 3654 1820 3704 ἐπὶ

235 3740 335 3794 ⁴τοῦ
355 3739 508 3810 ὤμου
539 3741 747 3813 ταύτην
769 3745 929 3813 φορεῖ
953 3760 968 3807 ;
1003 3741 1075 3796 Τὸ
1111 3743 1579 3814 συντετριμμένον
1606 3745 1700 3796 ἐπὶ
1728 3743 1821 3798 τοῦ

235 3829 395 3900 ὤμου
428 3829 721 3900 βαστάζειν
753 3851 772 3884 ι
812 3827 886 3887 Οὗ
915 3836 1008 3886 καὶ
1049 3837 1081 3903 ή
1114 3835 1256 3905 ἀρχὴ
1292 3837 1384 3888 ἐπὶ
1413 3836 1508 3889 τοῦ
1543 3837 1698 3907 ὤμου
1725 3838 1824 3890 αὑ-

235 3920 371 3975 τοῦο
405 3921 503 3974 καὶ
527 3923 774 3976 καλεῖται
817 3923 878 3976 τὸ
905 3924 1079 3994 ὄνομα
1121 3926 1292 3979 αὑτοῦ
1336 3927 1583 3997 μεγάλης
1628 3928 1824 3998 βουλῆς

238 4011 516 4081 Αγγελος.
559 4033 577 4063 ι
613 4013 880 4072 Καλετται
923 4015 978 4067 δὲ
1015 4015 1104 4068 διὰ
1151 4017 1250 4086 τὴν
1291 4019 1627 4089 οἰκονομίαν.
1663 4020 1730 4073 Τί
1765 4021 1823 4074 δέ

237 4107 374 4204 ἑστι.
407 4104 490 4171 τὸ,
531 4123 570 4204 -ι
596 4104 932 4175 Σύμϐουλος,
967 4105 1101 4170 Θεὸς
1156 4109 1400 4178 ἰσχυρὸς,
1442 4109 1821 4204 ἑξουσιαστὴςέ

239 4196 429 4267 πατὴρ
463 4196 558 4250 τοῦ
607 4197 892 4267 μέλλοντος
937 4199 1167 4265 αἰῶνος;
1209 4200 1266 4253 ’0
1293 4196 1387 4254 οὖν
1417 4202 1531 4256 ἄνω
1573 4196 1823 4266 ἑξουσιαξ

243 4285 401 4356 στὴς,
432 4288 586 4341 κάτω
615 4288 861 4358 ὑπήκοος
881 4305 895 4318 ⁸
926 4291 955 4341 6
987 4289 1101 4346 ἄνω
1130 4291 1279 4354 Υἱὸς.
1327 4292 1480 4347 κάτω
1521 4295 1766 4352 παιδίον⁹
1795 4298 1824 4349 6

238 4377 358 4432 ἄνω
391 4378 705 4450 θαυμαστὸς
732 4380 1059 4445 σύμϐουλος,
1107 4381 1259 4435 κάτω
1293 4383 1614 4454 ἄνθρωπος’
1653 4387 1683 4438 6
1711 4386 1823 4440 ἄνω

237 4467 376 4531 Θεὸς
408 4469 650 4540 ἰσχυρὸς,
683 4471 834 4523 κάτω
854 4470 1143 4539 ἄνθρωπος
1175 4474 1203 4525 6
1225 4471 1592 4544 ραπιζόμενός
1626 4493 1683 4527 τε
1725 4476 1820 4528 καὶ
1850 4474 1900 4530 D

239 4557 626 4630 ὑϐριζόμενος,
662 4562 759 4614 καί⁵
790 4561 869 4631 τῷ
901 4562 1123 4634 σταυρῷ
1144 4564 1590 4634 προσηλωμένος,
1620 4568 1822 4621 καὶτὸν

238 4655 331 4708 διὰ
360 4654 555 4708 τούτου
583 4655 875 4726 δεξάμενος
904 4657 1137 4711 θάνατον
1160 4673 1176 4690 ο
1207 4660 1386 4712 πάντα
1405 4659 1514 4730 γὰρ
1531 4661 1706 4714 ταῦτα
1724 4663 1823 4732 τῆς

239 4746 336 4802 τοῦ
364 4746 551 4799 δούλου
576 4746 706 4800 ὄντα
741 4748 978 4818 μορφῆς,
1012 4748 1316 4821 οὑδαμῶςή
1346 4751 1554 4821 ταύτην
1586 4731 1827 4807 λαϐοῦσα

240 4834 433 4904 θεότης
452 4837 745 4902 ἐξέκλινεν,
778 4838 867 4891 ἵνα
887 4838 955 4891 δι’
973 4839 1206 4893 ἑκάστου
1227 4840 1335 4892 τῶν
1353 4843 1661 4912 εἰρημένων
1691 4844 1826 4915 λύσῃ

245 4924 348 4994 μὲν
372 4927 509 4994 ήμῖν
533 4926 599 4980 τὰ
635 4927 773 4997 πρὸς
802 4928 1080 4999 σωτηρίαν
1103 4929 1424 4999 κωλύματα,
1459 4933 1616 4996 ἀξίαν
1651 4935 1707 4986 δὲ
1729 4937 1828 5002 τῆς

240 5016 518 5086 τοσαύτης
553 5019 839 5082 κενώσεως
868 5018 968 5090 τὴν
1001 5020 1323 5092 εὐεργεσίαν
1351 5025 1482 5094 ἡμῖν
1510 5027 1824 5098 χαρίσηται.

243 5110 360 5162 Οὐκ
395 5110 577 5164 ἀθετῶ
625 5112 724 5181 τὴν
776 5112 939 5182 χάριν
984 5113 1079 5167 τοῦ
1121 5113 1291 5167 Θεοῦ·
1335 5117 1396 5168 οὑ
1451 5120 1825 5190 παραιτοῦμαι

243 5202 474 5256 εἰπεῖνᾶ
499 5205 708 5265 ἐκεῖνος
735 5205 1032 5274 ὑπέμεινεν
1067 5207 1209 5278 ὑπὲρ
1239 5208 1399 5278 ἐμοῦ.
1442 5211 1684 5283 Ἀπαθὴς
1715 5215 1823 5287 γὰρ
1850 5250 1857 5258 .

244 5297 321 5349 ὢν
352 5297 413 5349 οὑ
452 5299 832 5370 παρῃτήσατο,
867 5299 1004 5352 ἀλλὰ
1036 5299 1116 5370 τῷ
1147 5302 1376 5372 παθητῷ
1408 5306 1649 5374 συνάψας
1693 5311 1823 5363 ἑαυο

318 5420 417 5496 ξι]
441 5418 567 5473 Cor.
601 5419 831 5496 u_,_I6.__
911 5421 930 5474 I
971 5421 1115 5496 Petr_.
1151 5422 1319 5496 IVLI:
1385 5425 1405 5454 ‘
1428 5425 1665 5496 Philipp.
1708 5445 1763 5492 ιι,
1799 5432 1851 5485 7.

247 5491 516 5546 "Coloss.
559 5490 712 5552 1,48.
795 5491 834 5521 ¹¹
859 5489 960 5545 Isa.
987 5508 1058 5556 IX,
1085 5493 1134 5545 6.
1218 5493 1262 5523 ¹⁹
1301 5493 1403 5547 Isa.
1437 5512 1510 5558 Ix,
1535 5489 1585 5550 ϐξ

1891 535 2071 603 coegit
2097 551 2108 586 :
2135 548 2372 602 quorum
2393 531 2617 602 quidem
2650 531 2760 585 vita
2788 531 2968 584 bonus
2994 539 3078 583 est
3107 528 3312 583 Christi
3344 526 3483 580 odor

1890 624 2005 678 Deo
2027 623 2078 687 ες
2111 623 2386 677 sententia
2406 638 2539 677 vero
2567 621 2636 676 ad
2659 636 2823 675 unam
2844 619 3209 687 eamdemque
3231 616 3484 671 veritatis

1892 717 2340 786 praedicationem
2382 715 2705 785 conspirans
2771 713 2962 782 Neque
2998 712 3148 766 enim
3191 711 3342 765 aliud
3386 724 3485 764 eos

1895 809 1988 878 qui
2026 825 2127 863 nos
2159 807 2365 863 adeunt
2389 807 2673 866 docemus,
2712 804 2862 859 aliud
2892 805 2960 859 de
2992 804 3160 858 rebus
3195 802 3328 871 ipsis
3359 817 3484 855 cre-

1895 907 2080 958 dimus
2122 922 2135 956 :
2168 902 2214 956 si
2247 901 2471 971 quidem
2523 918 2665 955 unus
2698 910 2782 956 est
2822 901 2984 955 nobis
3017 897 3286 953 Dominus
3327 895 3486 950 Jesus

1894 997 2178 1059 Christus,
2227 994 2546 1062 unigenitus
2602 994 2700 1047 Dei
2750 992 2951 1056 Filius,
2992 992 3140 1045 Deus
3201 987 3483 1042 Verbum:

1897 1090 2044 1143 idem
2073 1095 2200 1141 ante
2229 1085 2415 1139 omnia
2455 1084 2654 1139 saecula
2693 1100 2762 1137 ex
2794 1084 2910 1137 solo
2943 1083 3136 1146 Patre,
3170 1079 3319 1134 idem
3356 1093 3487 1130 rur-

1897 1198 2020 1236 sum
2043 1181 2099 1235 in
2132 1177 2450 1233 novissimis
2482 1177 2680 1231 diebus
2709 1176 2764 1229 in
2811 1174 2957 1228 servi
3002 1173 3206 1236 forma;
3240 1169 3391 1225 solus
3421 1185 3489 1222 ex

1899 1276 2017 1329 solo
2037 1289 2300 1345 superne,
2335 1272 2487 1326 solus
2525 1284 2746 1324 rursum
2770 1284 2838 1322 ex
2861 1267 2975 1321 sola
3002 1264 3244 1327 inferne;
3278 1270 3492 1316 utrum-

1898 1382 2006 1436 que
2030 1375 2215 1420 autem
2253 1364 2463 1426 divine,
2499 1360 2822 1416 humanitus
2851 1373 3006 1423 vero,
3040 1354 3189 1426 quod
3220 1354 3275 1407 in
3303 1360 3490 1406 nostra

1900 1473 2064 1512 carne
2087 1466 2144 1512 et
2170 1458 2400 1512 infantia
2432 1457 2652 1527 genitus
2691 1453 2764 1507 sit
2802 1469 2816 1505 :
2851 1451 2998 1505 idem
3025 1443 3383 1518 impassibilis
3409 1443 3494 1497 di-

1901 1550 2150 1613 vinitate,
2188 1566 2287 1619 pro
2313 1548 2477 1603 nobis
2503 1563 2634 1602 vero
2659 1551 2854 1615 sponte
2894 1558 3087 1613 passus
3109 1554 3276 1594 carne
3310 1539 3355 1600 ‘,
3379 1552 3492 1590 non

1901 1625 2272 1693 involuntaric
2294 1636 2761 1708 dispensationem
2780 1631 3107 1702 suscipiens,
3125 1627 3220 1682 sed
3247 1626 3493 1695 seipsum

1903 1731 2216 1786 voluntarie
2244 1730 2589 1792 exinaniens,
2619 1731 2873 1793 suscepta
2899 1711 3047 1777 {servi
3093 1719 3269 1773 forma
3306 1718 3347 1770 ⁸.
3385 1715 3494 1770 Sed

1904 1842 2004 1881 cur
2037 1824 2323 1893 suscepta?
2351 1831 2412 1876 ut
2455 1837 2567 1876 sua:
2601 1828 2654 1873 te
2693 1817 2880 1889 glorire
2904 1813 3246 1870 conformem
3269 1824 3499 1864 consor-

1904 1929 2128 1986 temque
2156 1916 2434 1970 redderet.
2469 1912 2527 1966 Id
2566 1908 2714 1980 quod
2748 1907 3044 1977 Apostolus
3071 1902 3342 1975 ejusmodi
3375 1915 3498 1956 ora-

1906 2011 2058 2065 tione
2090 2008 2251 2062 nobis
2279 2011 2544 2059 testatum
2569 2001 2698 2056 facit
2726 2019 2739 2054 :
2776 2019 2794 2050 ι
2833 1999 3050 2062 Nostra,
3078 1997 3175 2059 ait,
3205 2009 3500 2048 conversa-

1908 2101 1986 2155 tio
2004 2100 2060 2154 in
2082 2099 2238 2154 caelis
2257 2105 2363 2152 est.
2380 2095 2537 2152 Unde
2558 2095 2723 2148 etiam
2756 2091 3093 2146 Salvatorem
3115 2095 3502 2156 exspectamus

1906 2187 2202 2243 Dominum
2234 2186 2425 2241 Jesum
2458 2182 2768 2245 Christum,
2805 2180 2902 2248 qui
2939 2177 3263 2234 reformabit
3295 2161 3502 2243 corpus

1909 2279 2240 2337 humilitatis
2271 2286 2497 2342 nostrae,
2532 2274 2936 2346 conﬁguratum
2977 2270 3198 2340 corpori
3233 2267 3502 2323 claritatis

1908 2389 2024 2429 suae
2049 2373 2095 2427 ⁷.
2124 2392 2144 2425 ι
2169 2370 2277 2438 Qui
2305 2371 2474 2442 igitur
2497 2368 2696 2424 servile
2727 2381 2928 2436 corpus
2955 2371 3151 2434 sponte
3177 2360 3499 2429 assumpsit,

1908 2482 2092 2536 neque
2125 2463 2280 2520 carni
2311 2462 2462 2517 uniri
2503 2461 2780 2515 ullatenus
2820 2455 3116 2518 recusavit,
3146 2451 3424 2523 quomodo
3457 2451 3504 2504 is

1911 2559 2144 2614 serviles
2164 2559 2530 2613 detrectasset
2552 2550 2874 2623 passiones?
2898 2548 3055 2616 Quod
3077 2547 3124 2601 si
3148 2545 3502 2607 detrectavit,

1911 2657 2177 2721 quorsum
2207 2646 2491 2718 patibilem
2514 2643 2658 2699 servi
2679 2645 2911 2696 formam
2941 2637 3219 2706 suscepit?
3244 2635 3351 2690 Sed
3383 2634 3507 2688 ideo

1911 2760 2026 2798 non
2056 2740 2352 2802 recusavit,
2375 2737 2505 2807 quia
2539 2743 2795 2803 suscepta
2827 2732 2972 2787 servi
3005 2730 3201 2793 forma,
3237 2727 3509 2782 obediens

1913 2835 1975 2889 ﬁt
1999 2853 2012 2887 :
2039 2834 2089 2888 is
2117 2832 2212 2903 qui
2236 2839 2322 2885 est
2349 2830 2407 2884 in
2433 2829 2575 2883 caelo
2603 2825 2936 2889 dominator,
2959 2823 3014 2876 in
3040 2821 3202 2877 terris
3225 2820 3402 2875 factus
3423 2827 3510 2874 est

1915 2927 2176 2983 subditus
2201 2943 2216 2978 :
2242 2923 2337 2994 qui
2363 2937 2602 2992 superne
2627 2928 2747 2974 erat
2765 2919 2971 2982 Filius,‘
2985 2915 3198 2970 inferne
3224 2914 3409 2968 factus
3424 2923 3512 2968 est

1916 3035 2086 3091 puer:
2117 3032 2243 3071 nam
2280 3026 2334 3071 te
2358 3013 2662 3085 prophetiae
2687 3013 2833 3066 illius
2867 3010 3159 3065 admoneo.
3183 3006 3325 3074 Quid
3359 3007 3510 3061 enim

1841 3126 1887 3184 (ς
1918 3110 2193 3164 clamabat
2223 3109 2419 3163 beatus
2448 3106 2618 3161 Isaias
2650 3105 2706 3157 '?
2740 3123 2757 3155 ι
2801 3104 2946 3158 Puer
2997 3111 3162 3156 natus
3199 3107 3287 3154 est
3325 3099 3510 3164 nobis,

1925 3201 2073 3255 ﬁlius
2093 3200 2262 3254 etiam
2279 3198 2442 3253 datus
2461 3205 2547 3252 est
2564 3194 2745 3266 nobis.
2773 3211 2794 3246 ι
2829 3191 2971 3260 Quid
2995 3190 3131 3246 illud
3146 3200 3264 3245 est:
3293 3209 3312 3240 ι
3331 3189 3511 3244 Etiam

1920 3295 2083 3348 datus
2112 3290 2229 3344 est?
2257 3309 2275 3341 ι
2304 3289 2427 3344 Non
2455 3287 2634 3341 solum
2665 3291 2828 3338 natus
2860 3290 2963 3347 est,
2993 3281 3088 3335 sed
3127 3280 3294 3334 etiam
3328 3278 3514 3334 datus.

1923 3386 1974 3439 Is
2009 3383 2156 3438 enim
2200 3381 2294 3452 qui
2324 3388 2429 3444 est,
2464 3379 2626 3433 datus
2650 3376 2754 3430 fuit
2785 3394 2797 3427 :
2832 3398 2848 3426 ι
2887 3375 3058 3445 Cujus
3101 3371 3393 3442 imperium
3431 3369 3515 3424 fa—

1921 3487 2073 3531 ctum
2102 3484 2187 3530 est
2213 3489 2380 3543 super
2409 3473 2704 3526 humerum
2729 3469 2849 3539 ejus
2890 3469 2940 3534 9.,
2968 3486 2985 3518 ι
3016 3467 3086 3521 Ει
3124 3464 3404 3535 quodnam
3431 3463 3518 3517 in-o

1923 3567 2134 3621 carnali
2167 3566 2264 3620 Dei
2287 3563 2456 3618 Verbi
2486 3562 2778 3632 imperium
2803 3561 2919 3614 est?
2953 3558 3218 3613 Ecclesia.
3246 3556 3388 3623 Quid
3417 3573 3517 3613 au—

1923 3668 2033 3712 tem
2072 3657 2223 3726 ipse?
2245 3655 2423 3724 Caput
2450 3653 2697 3722 corporis
2741 3651 3001 3705 Ecclesia:
3035 3651 3098 3703 “.
3134 3649 3205 3704 At
3239 3648 3519 3719 quomodo

1924 3748 2060 3802 illud
2092 3763 2258 3816 super
2288 3747 2582 3799 humerum
2607 3739 2826 3812 portat?
2849 3739 3005 3805 Quod
3046 3740 3350 3794 contritum
3387 3754 3522 3793 con-

1923 3850 2353 3911 quassatumque
2399 3837 2598 3900 fuerat,
2637 3835 2692 3890 id
2722 3833 2974 3889 humeris
3009 3833 3329 3902 impositum
3360 3831 3522 3902 baju-

1924 3934 2018 3988 lat.
2049 3954 2068 3983 ι
2094 3931 2267 4001 Cujus
2283 3929 2577 4000 imperium
2595 3942 2762 3996 super
2783 3927 3075 3980 humerum
3095 3926 3217 3995 ejus
3241 3940 3254 3977 :
3279 3930 3337 3978 et
3357 3938 3522 3977 voca-

1924 4035 2016 4079 tur
2039 4039 2239 4079 nomen
2261 4024 2404 4094 ejus,
2430 4023 2613 4095 magni
2633 4017 2850 4075 consilii
2871 4018 3113 4088 Angelus
3141 4018 3204 4070 “.
3228 4037 3246 4068 »
3276 4016 3522 4070 Vocatur

1922 4126 2108 4171 autem
2147 4124 2376 4185 propter
2395 4114 2884 4184 dispensationem.
2912 4111 3057 4177 Quid
3083 4118 3268 4164 autem
3295 4107 3400 4163 sibi
3424 4123 3512 4162 v0-

1923 4208 2046 4262 lunt
2073 4225 2088 4261 :
2121 4227 2140 4258 ι
2169 4206 2556 4271 Consiliarius,
2580 4207 2727 4262 Deus
2764 4203 3321 4271 fortis,»dominator,
3354 4200 3519 4254 Pater

1923 4302 2097 4356 futuri
2119 4301 2308 4356 δεουιί
2336 4299 2421 4353 ιιι
2449 4320 2467 4351 ι
2495 4299 2770 4354 Nimirum
2796 4298 2889 4352 ille
2911 4310 3150 4367 superne
3179 4292 3519 4354 dominator,

1927 4395 2139 4450 inferne
2173 4393 2462 4448 subditus:
2497 4406 2738 4462 superne
2783 4390 2988 4454 Filius,
3020 4387 3288 4458 puerulus
3320 4386 3375 4439 in
3412 4392 3525 4439 ter-

1926 4488 2038 4551 ris;
2062 4501 2302 4555 superne
2322 4484 2668 4539 admirabilis
2687 4483 3058 4545 consiliarius,
3081 4480 3298 4535 inferne
3319 4479 3486 4532 homo
3504 4495 3521 4544 ;

1925 4594 2164 4648 superne
2207 4579 2356 4634 Deus
2390 4578 2582 4641 fortis,
2626 4577 2683 4631 in
2730 4576 2893 4630 terris
2937 4575 3107 4629 homo
3147 4573 3242 4644 qui
3277 4569 3527 4639 colaphis

1927 4671 2178 4735 caeditur,
2203 4669 2505 4741 ignominia
2525 4667 2782 4732 afﬁcitur,
2804 4667 2958 4722 cruci
2978 4665 3236 4737 afﬁgitur,
3260 4670 3526 4717 mortem-

1929 4779 2038 4832 que
2063 4779 2162 4832 per
2190 4761 2340 4816 illam
2367 4760 2693 4831 perpetitur.
2733 4760 2871 4814 Nam
2907 4758 3025 4814 haec
3051 4757 3236 4812 omnia
3277 4754 3343 4809 ad
3379 4753 3524 4808 servi

1930 4852 2165 4905 formam
2190 4849 2527 4920 pertinentia
2548 4849 2702 4903 nullo
2732 4845 2898 4902 modo
2927 4847 3072 4900 Deus
3097 4843 3193 4913 qui
3218 4843 3368 4896 illam
3401 4855 3523 4893 sus-

1933 4948 2178 5011 ceperat,
2201 4937 2553 5004 detrectavit,
2579 4946 2642 4992 ut
2662 4953 2762 5007 per
2795 4933 3084 5005 quodlibet
3101 4931 3213 5001 jam
3247 4928 3526 4983 dictorum

1929 5051 1996 5089 ea
2018 5032 2403 5097 demoliretur,
2424 5047 2547 5102 qua:
2569 5030 2764 5086 salutis
2789 5029 2932 5082 viam
2957 5025 3119 5080 nobis
3139 5020 3524 5081 obstruebant,

1929 5128 2264 5197 dignamque
2293 5132 2443 5178 tanta
2474 5121 2853 5178 exinanitione
2888 5114 3310 5172 beneficentiam
3339 5111 3394 5165 in
3425 5125 3529 5163 nos

1928 5216 2365 5273 transfunderet.
2389 5213 2662 5284 Equidem
2691 5211 2788 5266 Dei
2816 5210 3044 5280 gratiam
3071 5223 3180 5260 non
3205 5203 3426 5274 abjicio.
3449 5201 3526 5255 Ea

1931 5330 2056 5385 qum
2091 5330 2212 5369 mea
2246 5327 2412 5367 causa
2438 5309 2684 5382 perferre
2711 5307 3039 5376 dedignatus
3062 5318 3171 5356 non
3197 5309 3303 5362 est,
3331 5300 3384 5352 in
3413 5313 3528 5351 me-

1965 5434 1985 5464 ’
2020 5433 2263 5502 Philipp.
2294 5447 2374 5495 ιιι,
2400 5429 2491 5495 20,
2553 5428 2647 5482 ἳΙ.
2746 5426 2766 5456 ⁸
2792 5426 2896 5480 lsa.
2937 5439 3008 5484 |\',
3073 5421 3124 5476 6.
3242 5422 3262 5449 ν
3298 5411 3435 5471 Ibid.
3469 5415 3521 5470 9.

1347 5609 1520 5664 Varize
1555 5613 1819 5668 lectiones
1851 5615 2059 5670 codicis
2097 5611 2462 5681 Seguieriani.

321 5693 765 5767 ίμσυνεκάλεσεν.
811 5766 822 5767 7
875 5705 888 5743 J
923 5699 964 5767 6
982 5697 1148 5767 αὑτὸς
1180 5700 1302 5767 πρ“ι.

239 5764 376 5826 αὐτὸ
424 5765 748 5835 σύμμορφον
776 5766 870 5836 τῆς
914 5765 1090 5837 δόξης.
1193 5764 1233 5806 η’
1260 5769 1449 5834 οὕτως.

1406 5701 1890 5807 ξτὰοάμφότερα,
1973 5704 1990 5742 ι
2056 5705 2181 5758 add.
2239 5721 2302 5756 cx
2369 5703 2430 5756 L.
2492 5703 2580 5754 καὶ
2639 5701 2938 5771 σύμμορον.

1624 5792 1672 5826 τι
1710 5791 1876 5842 εστιν;

3041 5706 3074 5732 σθ
3129 5691 3377 5758 γενέσθαι
3429 5689 3521 5745 καὶ
