4128 6324
586 363 718 421 14Ἱί

1503 360 1726 417 ACACH
1767 358 2160 414 ΜΕῌΤΕΝΕΞ
2198 355 2500 412 EPISCOPI
2525 353 2914 410 'EPISTOL:E.

3694 347 3717 401 1
3735 344 3837 400 £72

581 477 736 533 dium
767 475 1094 547 depromere
1128 491 1239 531 non
1263 489 1478 530 vereor.
1505 475 1638 529 Nam
1665 474 2018 545 impassibilis
2041 488 2163 526 cor-

2267 467 2542 531 τὸν,οὓτω
2556 467 2623 520 τὰ
2645 467 2784 536 ὑπὲρ
2811 463 2943 534 ἐμοῦ
2971 463 3186 529 ἐδέξατο
3211 462 3376 532 πάθη.
3405 461 3518 516 Οὐκ
3549 458 3845 528 ἀποστερῶ

581 567 704 640 pori
735 568 948 639 patibili
973 568 1328 638 semetipsum
1360 568 1718 638 conjungens,
1745 567 2026 636 passiones
2057 581 2166 620 non

581 659 881 722 recusavit,
909 657 1005 713 sed
1040 645 1234 713 salutis
1271 672 1409 713 mea:
1449 658 1622 729 gratia
1657 657 1921 713 sustinuit
1949 659 2012 711 ".
2040 657 2165 712 Dei-

581 762 774 818 param
817 749 1095 820 Virginem
1143 763 1212 804 eo
1253 749 1465 805 honore
1501 765 1617 813 non
1648 750 1825 820 privo,
1861 765 2025 820 quem
2051 749 2166 805 dis-

581 838 922 908 pensationis
963 839 1335 894 ministerium
1392 839 1633 911 gratuito
1693 840 1799 910 ipsi
1843 839 2162 910 impertivit.

583 929 823 996 Etenim,
849 930 1181 995 charissimi,
1217 931 1518 987 absurdum
1543 933 1730 997 fuerit,
1762 948 1982 988 crucem
2016 933 2169 1003 igno-

582 1021 897 1086 miniosam,
929 1037 1051 1092 quas
1083 1022 1365 1079 Christum
1415 1025 1687 1095 portavit,
1731 1040 1855 1081 cum
1902 1025 2168 1080 altaribus

580 1109 786 1182 Christi
844 1111 1283 1182 congloriiicari.
1352 1123 1518 1184 atque
1570 1114 1626 1170 in
1679 1115 1859 1171 fronte
1920 1115 2167 1171 ecclesiae

581 1202 964 1274 splendentem
1011 1221 1312 1276 apparere;
1351 1223 1474 1263 eam
1518 1224 1650 1264 vero
1679 1224 1800 1280 quae
1839 1208 1906 1263 ad
1955 1216 2167 1263 tantum

569 1294 914 1352 ‘beneﬁcium
948 1294 1209 1352 deitatem
1243 1300 1506 1372 suscepit,
1537 1301 1780 1372 Deipara:
1816 1301 2022 1356 honore
2051 1301 2166 1371 pri-

489 1421 494 1425 -
580 1387 723 1444 vari.
744 1388 976 1460 Deipara
999 1390 1167 1462 igitur
1196 1400 1281 1447 est
1310 1401 1498 1448 sancta
1523 1393 1710 1464 Virgo.
1743 1394 1886 1448 Deus
1913 1393 2061 1448 enim
2082 1402 2170 1449 est

580 1475 678 1546 qui
699 1492 768 1532 ex
791 1492 857 1533 ea
885 1485 1048 1534 natus
1069 1488 1173 1544 est,
1200 1494 1310 1534 non
1338 1480 1485 1550 quod
1513 1480 1730 1536 initium
1755 1489 1816 1535 ut
1838 1489 1984 1535 esset
2011 1495 2079 1535 ex
2101 1495 2167 1534 ea

581 1569 904 1639 sumpserit,
938 1569 1033 1624 scd
1068 1570 1213 1640 quod
1246 1579 1306 1626 ut
1339 1571 1504 1626 homo
1533 1569 2005 1643 ﬂeret,principia
2039 1569 2166 1626 inde

582 1658 853 1715 hauserit.
894 1659 974 1714 Ne
1022 1659 1207 1731 igitur,
1247 1677 1282 1716 o
1323 1661 1601 1728 haretice,
1638 1662 2018 1732 impunitatem
2065 1661 2165 1716 tibi

580 1747 900 1818 polliceare,
926 1749 1084 1819 quasi
1113 1750 1168 1804 in
1195 1750 1480 1806 hominem
1511 1751 1857 1822 blasphemas
1887 1767 2050 1808 voces
2072 1752 2167 1808 de-

2267 558 2369 627 τῆς
2401 559 2566 629 τιμῆς
2596 559 2696 629 τὴν
2745 557 3008 610 Θεοτόκον
3046 553 3341 623 Παρθένον,
3381 553 3449 624 ην
3481 551 3617 620 αὐτῇ
3666 551 3699 620 ἠ
3742 548 3847 617 τῆς

2267 650 2581 721 οἰκονομίας
2610 648 2884 721 ὑπηρεσία
2913 647 3257 718 κεχάρισται.
3291 645 3402 699 Καὶ
3428 645 3536 714 γὰρ
3566 644 3661 698 καὶ
3705 642 3836 696 ἀτο-

2268 758 2392 805 πον,
2432 743 2730 812 ἀγαπητοὶ,
2768 739 3000 811 σταυρὸν
3032 739 3130 810 μὲν
3157 738 3248 790 τὸν
3285 736 3611 808 ἐφύδριστον
3640 733 3850 805 βαστά-

2270 849 2444 889 σαντα
2487 836 2600 897 τοῖς
2651 831 3062 903 θυσιαστηρίοις
3112 828 3349 899 Χριστοῦ
3399 826 3846 894 συνδοξάξεσθαι,

2267 925 2362 978 καὶ
2393 926 2486 978 ἰπὶ
2545 925 2641 978 τοῦ
2696 924 2949 995 μετώπου
3000 924 3100 995 τῆς
3147 921 3444 993 ἐκκλησίας
3487 920 3850 992 meum“;

2268 1017 2579 1086 φαίνεσθαι,
2607 1017 2708 1089 τὴν
2736 1018 2794 1072 δὲ
2824 1018 2923 1071 ἐπὶ
2952 1016 3190 1090 τοσαύτῃ
3219 1014 3509 1086 εὐεργεσίᾳ
3537 1012 3851 1084 δεξαμένην

2271 1109 2524 1181 θεότητα,
2557 1109 2656 1178 τῆς
2702 1109 2970 1163 Θεοτόκου
3011 1105 3452 1178 ἀποστερηθῆναι
3493 1103 3686 1174 τιμῆς.
3720 1101 3853 1156 Θεο-

2266 1202 2426 1266 τόκος
2450 1197 2609 1272 οὖνὴ
2646 1200 2776 1268 ἁγία
2809 1199 3104 1272 Παρθένος.
3155 1197 3288 1262 Θεὸς
3333 1196 3442 1268 γὰρ
3489 1197 3520 1250 ό
3562 1195 3622 1262 te
3672 1191 3850 1264 αὐτῆς

2271 1294 2505 1365 τεχθεὶς,
2540 1295 2642 1347 ούκ
2673 1293 2885 1347 ικεῖθεν
2926 1293 3022 1346 τοῦ
3071 1287 3212 1345 εἶναι
3254 1290 3356 1358 τὴν
3408 1287 3584 1360 ἀρχὴν
3635 1283 3846 1346 λαὸὼνο

2269 1381 2410 1436 ἀλλά
2439 1381 2650 1436 ἐκεῖθεν
2680 1381 2782 1451 τὴν
2806 1382 2982 1453 ἀρχὴν
3031 1381 3136 1450 τῆς
3167 1378 3638 1452 ὲνανθρωπήσεως
3683 1375 3848 1443 δεξά-

2271 1490 2453 1544 μενος.
2504 1473 2595 1546 Μὴ
2651 1468 2745 1528 οὖν
2793 1472 3098 1543 ἀμέριμνος
3148 1471 3262 1538 ἔσο,
3312 1467 3581 1542 αἰρετικὲ,
3638 1467 3718 1530 ὡς
3767 1465 3852 1529 εἰς

2267 1565 2557 1638 ἄνθρωπον
2583 1564 2685 1642 τὰς
2715 1563 3066 1635 βλασφημίας
3098 1561 3378 1616 ἐκτείνων.
3414 1559 3528 1616 οὐκ
3555 1557 3851 1630 ἄνθρωπός

2267 1658 2437 1718 ἐστιν.
2469 1657 2497 1710 ὁ
2526 1657 2631 1710 ὑπὸ
2666 1655 2760 1710 σού
2785 1658 2866 1716 εἰς
2883 1655 2984 1725 τὴν
3010 1652 3106 1707 τού
3142 1652 3334 1708 δούλου
3359 1651 3457 1708 καὶ
3476 1650 3575 1705 τοῦ
3606 1653 3850 1721 κτίσμα-

2266 1767 2359 1815 τος
2422 1749 2576 1816 τάξιν
2633 1749 3025 1820 καταγόμενος.
3079 1746 3172 1819 Mi)
3207 1757 3236 1797 ν
3283 1744 3540 1816 ἀνορθοῦ,
3598 1745 3850 1808 Ἰουδαῖε,

581 1846 861 1909 torqueas.
896 1839 1015 1894 Non
1055 1840 1203 1895 enim
1247 1840 1413 1896 homo
1458 1849 1564 1906 est,
1596 1857 1758 1912 quem
1792 1852 1851 1898 tu
1887 1844 1940 1898 in
1976 1859 2166 1900 servo-

2268 1843 2401 1897 ώσεὶ
2429 1851 2458 1893 s
2477 1841 2767 1913 ἄνθρωπον
2792 1841 2948 1912 ψιλὸν
2970 1839 3313 1910 σταυρώσας.
3329 1839 3445 1910 Οὐχ
3470 1839 3614 1909 ὑπὲρ
3645 1836 3858 1909 ἀνθρώ-

581 1947 708 1987 rum
749 1939 805 1987 et
831 1939 1210 1986 creaturarum
1239 1931 1492 1988 ordinem
1524 1933 1730 2004 rejicis.
1764 1936 1840 1990 Ne
1879 1936 2162 2002 extollare,

580 2021 786 2085 Iudaee,
819 2019 1046 2092 perinde
1087 2036 1152 2076 ac
1177 2020 1223 2076 si
1256 2036 1466 2077 merum
1498 2022 1774 2077 hominem
1802 2024 2162 2081 cruciﬁaeris.

580 2113 702 2169 Non
727 2129 827 2183 pro
855 2129 995 2184 puro
1037 2113 1260 2170 homine
1291 2113 1485 2170 beatus
1519 2115 1688 2171 David
1717 2116 2006 2187 indignans
2039 2133 2168 2173 con-

583 2212 667 2262 ira
696 2205 844 2260 illam
866 2215 1085 2277 gentem
1109 2207 1374 2262 exclamat
1401 2224 1414 2260 :
1449 2226 1467 2259 ι
1495 2206 1878 2264 Ohscurentur
1904 2209 2047 2265 oculi
2075 2225 2169 2265 eo-

579 2311 705 2352 rum
744 2313 814 2352 ne
871 2297 1130 2365 videant,
1168 2307 1223 2353 et
1277 2299 1503 2354 dorsum
1557 2314 1750 2355 eorum
1808 2315 2026 2371 semper
2080 2301 2165 2357 in-

578 2403 748 2443 curva
788 2388 852 2444 “.
905 2408 923 2441 ι
973 2389 1092 2444 Νοη
1127 2389 1382 2445 concidat
1420 2390 1680 2446 Ecclesiae
1729 2390 1962 2456 fiducia,
2009 2392 2166 2462 quasi

577 2497 734 2552 spem
767 2497 923 2537 suam
961 2483 1019 2538 in
1061 2483 1283 2538 homine
1319 2491 1530 2538 tantum
1572 2483 1853 2552 posuerit;
1878 2483 1973 2538 sed
2003 2483 2166 2540 beato

578 2574 751 2630 Paulo
795 2573 956 2630 ﬁdem
999 2575 1219 2640 habeat,
1271 2573 1367 2644 qui
1411 2573 1486 2628 ita
1531 2575 1607 2629 ait
1651 2592 1663 2628 :
1698 2592 1717 2624 ι
1756 2572 1812 2628 Si
1859 2575 2165 2630 secundum

580 2665 862 2722 hominem
888 2666 956 2722 ad
992 2667 1199 2722 bestias
1225 2666 1461 2738 pugnavi
1491 2667 1714 2737 Ephesi,
1744 2682 1866 2737 qua:
1897 2667 2032 2721 mihi
2060 2667 2168 2721 uti-

580 2759 709 2814 litas
733 2759 812 2813 "?
841 2777 859 2810 ι
893 2758 1015 2814 Non
1048 2758 1351 2814 secundum
1383 2758 1684 2821 hominem,
1718 2773 1897 2828 neque
1934 2773 2036 2829 pro
2063 2758 2165 2813 ho-

579 2851 730 2906 mine
756 2851 902 2907 beati
940 2851 1172 2922 apostoii
1211 2853 1267 2906 in
1303 2851 1496 2922 plagis,
1521 2849 1577 2905 in
1612 2849 1949 2915 carceribus,
1979 2849 2036 2903 in
2067 2848 2165 2904 ﬂa-

579 2942 738 3014 gellis
774 2943 1051 3012 pr0priam
1075 2942 1244 2996 vitam
1272 2942 1686 3012 insumpserunt
1711 2941 1754 2972 ¹⁶
1781 2960 1793 2994 :
1822 2955 1934 2994 non
1970 2955 2169 2996 secun-

2269 1953 2374 1989 που
2409 1933 2567 2006 ψιλοῦ
2610 1932 2792 2002 ἀλγῶν
2818 1934 2846 1987 ό
2878 1932 3146 2004 μακάριος
3187 1928 3352 1984 Δαυῒδ
3396 1927 3527 1982 ἐϐόα
3579 1928 3726 1981 κατά
3755 1927 3855 1982 τοῦ

2267 2026 2454 2090 ἔθνους
2476 2025 2651 2094 λόγων
2671 2039 2682 2051 ·
2720 2045 2740 2078 ι
2797 2023 3238 2097 Σκοτισθήτωσαν
3283 2023 3333 2075 οἰ
3366 2020 3642 2092 ὀφθαλμοὶ
3669 2020 3856 2075 αὐτῶν

2265 2117 2358 2174 τοῦ
2408 2117 2482 2191 μὴ
2535 2117 2778 2188 βλέπειν,
2832 2117 2927 2171 καὶ
2967 2116 3062 2170 τὸν
3096 2113 3265 2169 νῶτον
3311 2113 3493 2169 αὐτῶν
3549 2112 3857 2177 διαπαντὸς

2269 2209 2614 2281 σύγκαμψον.
2655 2228 2674 2261 ι
2711 2211 2803 2280 Μὴ
2849 2207 3242 2263 καταπιπτέτω
3279 2207 3379 2278 τῆς
3419 2204 3758 2276 Ἕκκλησίας
3789 2205 3858 2259 es

2268 2302 2546 2374 φρόνημα,
2576 2303 2652 2365 ώς
2699 2302 2780 2368 εἰς
2810 2300 3100 2371 ἄνθρωπον
3130 2298 3290 2371 μόνον
3319 2296 3674 2367 ἐλπιζούσης,
3715 2296 3854 2350 ἀλλὰ

2267 2392 2538 2447 πειθέσθω
2569 2391 2646 2462 τῷ
2694 2391 2952 2464 μακαρίῳ
2996 2389 3196 2461 Παύλῳ
3246 2387 3495 2456 λέγοντι·
3535 2406 3555 2440 ι
3613 2388 3676 2440 Εἰ
3710 2386 3857 2440 κατά

2266 2481 2553 2554 ἄνθρωπον
2601 2482 3019 2554 ιθηριομάχησα
3054 2482 3114 2534 ἐν
3153 2479 3386 2550 Ἐφέσῳ,
3425 2477 3480 2530 τί
3509 2495 3602 2549 μοι
3633 2477 3698 2530 τὸ
3731 2477 3858 2543 6;:-

2266 2576 2356 2640 λος
2386 2584 2408 2613 ι’
2435 2591 2450 2640 ;
2491 2594 2510 2626 ι
2539 2576 2614 2629 Οὐ
2655 2576 2798 2630 κατά
2827 2573 3141 2646 ἄνθρωπον,
3169 2571 3292 2626 οὐδὲ
3311 2569 3454 2641 ὑπὲρ
3474 2567 3772 2642 ἀνθρώπου
3802 2569 3856 2620 εἰ

2271 2665 2532 2739 μακάριοι
2579 2665 2873 2720 ἀπόστολοι
2903 2666 2962 2718 ὲν
2991 2663 3250 2736 πληγαῖς,
3280 2662 3377 2716 καὶ
3413 2661 3713 2730 φυλακαῖς,
3758 2660 3858 2714 καὶ
3899 2691 3918 2706 -

2265 2760 2547 2830 αἰκισμοῖς
2583 2757 2686 2830 τὴν
2730 2756 2942 2812 ἑαυτῶν
2981 2755 3128 2828 ζωὴν
3159 2753 3582 2824 κατηνάλωσανο
3613 2752 3678 2805 οὐ
3708 2751 3858 2805 κατά

2267 2853 2573 2926 ἄνθρωπον,
2599 2853 2634 2924 ἢ
2665 2854 2805 2925 ὑπὲρ
2835 2843 3124 2924 ἀνθρώπου
3150 2851 3201 2904 οἰ
3223 2849 3369 2919 ἅγιοι
3393 2849 3677 2920 μάρτυρες
3708 2847 3856 2902 κατά

2267 2949 2449 3001 πᾶσαν
2497 2946 2599 3017 τὴν
2653 2945 2978 3016 οἰκουμένην
3033 2942 3391 3014 ἀθλήσαντες,
3445 2940 3505 2993 ἰν
3557 2942 3855 3008 κατατομῇ

579 3031 712 3086 dum
755 3031 1055 3095 hominem,
1089 3046 1267 3102 neque
1308 3047 1407 3102 pro
1436 3031 1659 3086 homine
1693 3028 1869 3085 sancti
1900 3037 2166 3102 martyres

2267 3037 2379 3092 τῶν
2408 3037 2625 3092 οἰκείων
2650 3035 2833 3109 μελῶν
2863 3037 2958 3090 καὶ
2982 3031 3229 3088 κακώσει
3259 3031 3361 3104 τὴν
3388 3031 3676 3102 παροῦσαν
3707 3029 3860 3100 ζωὴν

579 3137 681 3194 per
730 3131 1000 3178 terrarum
1048 3122 1238 3178 orbem
1286 3123 1488 3193 passim
1539 3123 1915 3183 decertantes,
1963 3124 2166 3178 concisi

2272 3130 2561 3186 κατέλιπον
2583 3143 2596 3158 °
2629 3129 2769 3184 ἀλλά
2798 3127 2938 3200 ὑπὲρ
2970 3125 3066 3180 τοῦ
3104 3125 3311 3196 Κυρίου
3358 3123 3518 3195 ἡμῶν
3551 3123 3648 3176 καὶ
3691 3122 3857 3200 ῷεοῦ,

579 3214 876 3286 ainictique
934 3225 1262 3285 praesentem
1312 3217 1492 3271 lucem
1544 3202 1916 3286 reliquerunt;
1970 3229 2163 3271 verum

2270 3222 2365 3276 τοῦ
2389 3221 2498 3293 πρὸ
2523 3221 2738 3275 αἰώνων
2754 3197 3118 3291 ὑπάρχοντος,
3141 3217 3238 3272 καὶ
3268 3216 3411 3288 μετά
3433 3214 3610 3269 ταῦτα
3629 3197 3730 3268 sui.
3755 3215 3861 3286 τῆς

579 3318 682 3375 pro
705 3304 938 3362 Domino
971 3316 1158 3362 nostro
1183 3323 1248 3364 ac
1281 3309 1426 3375 Deo;
1451 3309 1546 3379 qui
1576 3323 1702 3363 cum
1742 3311 1924 3365 omnia
1966 3309 2165 3365 sarcula

2273 3313 2378 3382 γῆς
2392 3311 2556 3383 sese».
2568 3329 2670 3377 cog,
2687 3312 2784 3365 καὶ
2805 3313 2918 3374 τοῖς
2945 3309 3255 3380 ἀνθρώποις
3285 3307 3859 3379 συναναστραφίντος,

579 3399 985 3467 antecessisset,
1019 3401 1316 3457 novissime
1341 3401 1399 3456 in
1439 3402 1604 3458 terris
1632 3403 1782 3459 visus
1820 3412 1925 3467 est,
1951 3410 2007 3458 et
2037 3417 2163 3459 cum

2273 3406 2369 3460 καὶ
2393 3406 2468 3469 ὡς
2498 3405 2771 3477 πρόϐατον
2798 3405 2892 3458 ἐπὶ
2923 3404 3139 3474 σφαγὴν
3170 3401 3451 3478 ἀχθέντος,
3479 3401 3576 3457 καὶ
3597 3405 3670 3474 τῇ
3693 3401 3861 3475 τρίτῃ

580 3485 901 3545 hominibus
931 3500 1284 3548 conversatus
1313 3493 1378 3558 ",
1409 3501 1466 3548 et
1492 3501 1554 3548 ut
1579 3493 1800 3550 ovisad
1833 3494 2164 3550 occisionem

2273 3495 2460 3569 ἡμέρᾳ
2486 3494 2848 3558 ἀναστάντος.
2875 3495 2971 3549 καὶ
2999 3496 3079 3559 εἰς
3110 3493 3376 3566 οὐρανοὺς
3421 3492 3861 3564 ἀναληφθέντος,

429 3591 458 3609 ι
575 3577 784 3634 ductus
806 3587 894 3634 est
917 3579 982 3646 ",
1009 3588 1066 3636 et
1092 3581 1251 3636 tertia
1275 3581 1366 3638 die
1384 3583 1753 3638 exsuscitatus
1775 3592 1879 3648 est,
1905 3591 1961 3638 et
1981 3583 2034 3637 in
2059 3598 2166 3638 cos-

2270 3590 2366 3644 καί
2398 3587 2778 3651 πεντακοσίοις
2808 3588 2892 3656 ἐφ’
2924 3586 3073 3652 ἅπαξ
3104 3598 3126 3625 ³
3165 3586 3446 3655 ὀφθέντος,
3477 3586 3575 3639 καὶ
3604 3587 3664 3639 ὲν
3697 3586 3864 3657 ὄψεσι

579 3667 698 3724 lum
757 3680 1108 3751 assumptus,
1181 3681 1239 3727 et
1293 3673 1612 3745 quingentis
1683 3673 1946 3730 fratribus
2006 3675 2166 3729 simul

2267 3681 2378 3734 τῶν
2411 3678 2668 3751 μαθητῶν
2695 3680 2774 3742 εἰς
2795 3674 3062 3749 ουρανοὺς
3091 3675 3438 3749 ἀναχθέντος,
3476 3677 3574 3730 καὶ
3607 3675 3689 3747 τῷ
3707 3673 3865 3748 αὐτῷ

577 3757 735 3815 visus
752 3761 890 3825 ",et
918 3761 975 3817 in
1004 3773 1304 3835 conspectu
1337 3765 1734 3838 discipulorum
1759 3767 1815 3822 in
1846 3767 2016 3823 cmlos
2039 3769 2166 3823 sub-

2267 3771 2456 3843 τρόπῳ
2495 3770 2794 3843 ἐρχομένου
2837 3773 3019 3844 κρῖναι
3060 3770 3266 3836 ζῶντας
3299 3770 3395 3824 καὶ
3419 3781 3671 3840 νεκρούς.
3706 3773 3862 3834 Δῠτη

580 3849 748 3917 latus,
781 3853 929 3908 unde
956 3854 1124 3911 etiam
1146 3856 1277 3912 olim
1304 3857 1453 3913 haud
1480 3858 1732 3914 dissimili
1767 3859 1933 3915 modo
1972 3856 2166 3915 véntu-

2270 3861 2428 3933 ⁴ἡμῶν
2461 3862 2495 3927 ἡ
2536 3861 2756 3924 πίστις’
2788 3861 2882 3913 ἐπὶ
2919 3859 3098 3932 τούτῳ
3130 3859 3209 3932 τῷ
3249 3859 3487 3932 θεμελίω
3523 3860 3860 3932 ᾠκοδομήθη

580 3959 681 4000 rus
716 3945 786 4000 ad
824 3946 980 4002 vivos
1011 3947 1174 4004 simul
1214 3965 1279 4006 ac
1320 3961 1568 4007 mortuos
1589 3951 1916 4023 iudicandos
1941 3953 2007 4007 ’°.
2039 3951 2166 4008 Haec

2271 3953 2305 4022 ἠ
2341 3951 2660 4023 Ἐκκλησία,
2687 3951 2784 4007 καί
2821 3951 2988 4007 πύλαι
3020 3950 3147 4023 ᾅδου
3185 3951 3246 4006 ού
3285 3951 3719 4023 κατισχύσουσιν
3754 3952 3861 4007 αὖ·

579 4042 669 4091 est
698 4034 833 4092 ﬁdes
874 4047 1093 4107 nostra;
1117 4056 1286 4112 super
1318 4042 1427 4098 hoc
1466 4042 1887 4098 fundamentum
1917 4045 2163 4100 Ecclesia

2270 4041 2392 4112 τῆς.
2439 4041 2653 4095 Γένοιτο
2683 4041 2741 4096 δί
2783 4042 3004 4096 πάντων
3049 4040 3203 4112 ὑμῶν
3237 4041 3426 4112 εὐχαῖς
3473 4041 3863 4114 φυλαχθέντας

578 4123 843 4182 αἰίίίαιιε
869 4134 975 4196 est,
1004 4128 1269 4188 adversus
1292 4146 1459 4204 quam
1486 4142 1660 4204 portae
1697 4132 1858 4188 inferi
1885 4149 1997 4189 non
2025 4149 2166 4206 pra!-

2272 4133 2443 4204 ἡμᾶς,
2482 4131 2644 4197 δόξαν
2673 4131 2996 4204 ἀναπέμψαι
3019 4129 3098 4202 τῷ
3121 4130 3374 4204 παναγίῳ
3394 4130 3517 4205 Θεῷ
3539 4151 3552 4164 ·
3586 4126 3633 4203 ᾧ
3661 4134 3698 4204 ἡ
3727 4131 3861 4201 δόξα

578 4213 844 4272 valebunt
863 4218 927 4274 ".
954 4219 1172 4276 Utinam
1195 4221 1396 4279 vestris
1420 4220 1680 4292 precibus
1700 4216 1948 4279 munitus
1971 4221 2164 4294 dignas

2271 4226 2352 4289 εἰς
2372 4223 2500 4288 τοὺς
2527 4222 2734 4287 αἰῶνας
2761 4223 2870 4277 τῶν
2900 4221 3134 4278 αἰώνων.
3177 4221 3374 4294 Ἀμην.

580 4309 910 4382 quandoque
931 4311 1125 4370 laudes
1153 4314 1504 4372 sanctissimo
1556 4316 1670 4372 Deo
1713 4315 2038 4387 depromere
2059 4315 2290 4370 valeam.
2315 4315 2417 4372 Cui
2447 4315 2520 4372 sit
2559 4315 2732 4387 gloria
2763 4314 2818 4369 in
2866 4315 3060 4370 saecula
3086 4314 3438 4372 saeculorum.
3472 4314 3676 4372 Amen.

1263 4545 1648 4638 ACACII
1742 4543 2437 4636 MELITENES
2512 4540 3174 4632 EPISTOLIE.

2028 4779 2367 4838 EPISTOLA
2404 4779 2447 4834 1.

1573 4891 1639 4934 Δ)
1674 4890 1934 4933 οτιιιιυι
1965 4889 2370 4931 Αιειλιηωιικωι
2395 4885 2857 4927 Αηοιιιειιιειῑοιιωι.

589 4961 806 5038 (Exstat
839 4970 895 5025 in
926 4969 1186 5044 Synods'co
1231 4971 1486 5032 aduersus
1529 4971 1867 5051 Tragcdiast
1895 4971 2111 5038 ινεηωί,
2141 4989 2262 5043 cap.
2292 4969 2381 5033 85,
2411 4969 2549 5022 inter
2588 4965 2765 5038 Opera
2795 4966 3120 5035 Theodoreti,
3162 4969 3331 5042 infra,
3377 4979 3513 5029 tam.
3551 4972 3870 5052 LXXXIV.)

2030 5152 2368 5210 EPISTOLA
2405 5149 2469 5206 ll.

1497 5267 1562 5308 ΑΒ
1594 5265 1806 5308 εωωειι
1829 5263 2041 5305 θειιρτλ
2065 5262 2189 5301 P051
2222 5262 2458 5301 SYNODUI
2489 5260 2670 5301 EPBESI
2706 5259 2948 5299 ιιΑΒιτιυι.

1928 5341 2054 5397 Vide
2076 5342 2225 5407 ibid.,
2253 5360 2377 5428 cap.‘
2397 5343 2522 5398 215.

663 5455 904 5514 "Galat.
939 5475 998 5524 ιι,
1036 5458 1128 5526 «ιο,
1159 5460 1249 5516 2|.
1330 5461 1373 5494 “
1406 5459 1546 5516 Psal.
1585 5460 1880 5525 LXVIII,%.
1997 5457 2095 5513 "l
2147 5456 2274 5511 Cor.
2322 5474 2408 5519 xv,
2446 5458 2535 5512 5‘2.
2653 5457 2696 5486 "
2765 5453 2808 5509 11
2867 5456 2993 5510 Cor.
3048 5472 3120 5519 xl,
3167 5455 3238 5511 5‘2

590 5540 669 5592 nt,
701 5526 788 5582 38.
852 5530 894 5561 ¹⁸
918 5530 1019 5586 lsa.
1053 5548 1163 5597 un,
1190 5534 1240 5588 7.
1326 5531 1410 5588 "l
1437 5531 1564 5588 Cor.
1600 5548 1686 5597 xv,
1712 5530 1828 5586 4-6.
1906 5531 1953 5564 ⁸⁵
1981 5527 2100 5584 Act.
2125 5543 2161 5592 ι,
2192 5527 2340 5583 9-H.
2417 5529 2457 5560 "
2483 5528 2670 5583 Matth.
2703 5541 2808 5589 xu,
2851 5527 2930 5580 lx.

1671 5647 1845 5703 Varia:
1879 5647 2143 5702 lectiones
2174 5641 2378 5700 codicis
2412 5641 2774 5713 Soguicrieni.

3317 5473 3475 5532 seqq.
3555 5466 3567 5493 '

665 5764 691 5806 Ρ
721 5757 814 5809 καὶ
845 5758 936 5830 μὴ·
1015 5770 1041 5812 'l
1070 5759 1164 5825 ὡς.
1257 5770 1276 5799 τ
1315 5760 1365 5816 τί
1391 5762 1449 5816 τὸ
1477 5761 1700 5832 δρελος,
1781 5769 1802 5798 ³
1838 5758 2074 5832 ἐσάπαξ.
