4078 6340
282 372 3435 416 W

1465 499 1633 545 ANNO
1673 495 1897 542 DOMINI
1939 474 2245 556 cum“!

1259 653 2412 843 BABBULAS

835 961 1786 1086 EDESSENUS
1900 952 2864 1072 EPISCOPUS.

1551 1274 2104 1366 NOTI'I‘IA.

1306 1428 1505 1496 (Oriens
1533 1423 1856 1485 Christianus,
1879 1429 1999 1475 tom.
2032 1424 2100 1486 ll,
2138 1426 2234 1478 col.
2268 1426 2405 1492 959.)

277 1633 410 1690 Post
441 1630 736 1701 Diogenem
764 1627 830 1684 ad
857 1627 1192 1683 Edessenam
1223 1623 1408 1680 sedem
1440 1633 1668 1680 evectus
1696 1633 1782 1680 est
1820 1623 2104 1680 Rabbulas
2130 1640 2199 1679 ex
2227 1623 2494 1679 chronica
2521 1637 2678 1679 num.
2703 1622 2768 1679 5i
2804 1639 2819 1677 :
2850 1623 3005 1679 Anno
3035 1623 3500 1701 septingentesimo

204 1728 450 1784 uicesimo
479 1695 631 1778 ter'tio
665 1722 932 1778 Rabbulas
962 1723 1285 1778 Edessenwm
1318 1721 1674 1791 episcopatum
1707 1722 2002 1792 capessivit.
2045 1718 2144 1776 Hic
2177 1720 2515 1792 imperatoris
2531 1718 2686 1790 jussu
2714 1717 2996 1788 adiﬁcaoit
3035 1695 3291 1790 templum
3316 1715 3502 1775 Sancti

207 1799 468 1892 Stephani
491 1818 631 1888 quod
661 1825 821 1871 antea
845 1817 1028 1871 domus
1051 1813 1270 1870 Sabbati
1292 1813 1487 1884 fuerat,
1513 1814 1567 1867 id
1591 1822 1667 1869 est
1689 1832 1962 1887 synagoga
1982 1813 2312 1870 Judaeum.
2337 1813 2531 1870 Annus
2555 1813 2877 1870 Grecorum
2903 1811 3009 1867 723
3035 1820 3122 1868 est
3141 1811 3350 1869 Christi
3371 1811 3500 1868 412.

207 1910 479 1966 ltabhulaz
510 1910 667 1965 initia
698 1909 1094 1965 describuntur
1128 1906 1186 1962 in
1215 1907 1339 1961 Vita
1374 1907 1550 1962 sancti
1584 1907 1884 1962 Alexandri
1929 1908 2218 1974 Accemeti,
2253 1923 2379 1979 qua;
2407 1907 2604 1962 Latine
2635 1905 2787 1962 edita
2817 1916 2905 1962 est
2944 1905 3092 1963 inter
3128 1905 3264 1962 Acta
3302 1905 3403 1962 SS.
3432 1904 3503 1960 ad

205 2005 360 2062 diem
392 2006 462 2061 15
490 2005 762 2062 Januarii.
790 2005 867 2060 Ea
892 2003 1072 2059 fertur
1098 2002 1414 2057 Rabbulum
1452 2002 1569 2057 sive
1607 2003 1942 2068 Rabbulam,
1981 2004 2077 2074 qui
2107 2001 2684 2087 nescio.cujus.urbis
2718 2000 3014 2073 praefectus
3044 2003 3276 2066 el'at,«ex
3311 1998 3506 2072 gentili

205 2097 590 2156 Christianum
632 2097 857 2163 factum,
887 2096 1009 2152 viso
1039 2095 1306 2150 miraculo
1343 2095 1492 2165 quod
1532 2095 1678 2150 Deus
1715 2095 2014 2151 Alexandri
2038 2096 2298 2167 precibus
2329 2103 2590 2150 exoratus
2625 2093 2901 2159 ediderat,
2927 2095 3050 2165 ejus
3081 2109 3141 2150 se
3173 2109 3303 2149 mox
3333 2092 3506 2148 disci-

208 2189 382 2262 plina:
403 2188 739 2249 subdidisse,
765 2195 881 2242 tum
907 2189 1084 2242 altero
1110 2201 1331 2241 rursum
1362 2195 1598 2256 patrato,
1627 2187 1950 2257 reipublicae
1976 2201 2178 2242 munus
2209 2185 2357 2256 quod
2389 2184 2636 2256 gerebat,
2662 2183 2993 2256 resignasse,
3026 2182 3187 2238 uxori
3216 2182 3359 2238 bona
3385 2196 3510 2254 qua:

208 2283 288 2340 ab
311 2297 377 2340 ea
401 2292 710 2354 acceperat,
751 2283 1080 2349 restituisse,
1119 2283 1447 2353 ﬁliabusque
1475 2286 1611 2348 suis,
1648 2300 1839 2340 servos
1864 2285 1996 2340 item
2030 2299 2161 2340 suos
2197 2283 2457 2339 libertate
2487 2281 2723 2340 donasse
2753 2297 2768 2337 :
2798 2295 3049 2347 uxorem,
3079 2288 3362 2336 annuente
3395 2293 3514 2334 ma-

211 2375 348 2442 rito,
373 2376 429 2431 in
459 2377 853 2432 monasterium
882 2377 1029 2448 quod
1056 2377 1353 2443 exstruxit,
1400 2393 1505 2432 una
1551 2394 1680 2446 cum
1709 2379 1930 2434 filiabus
1949 2386 2007 2434 et
2033 2377 2252 2434 ancillis
2281 2376 2395 2431 Deo
2425 2374 2708 2439 serviisse.
2729 2389 2860 2430 cum
2887 2372 2980 2428 ille
3011 2371 3237 2428 interim
3261 2385 3513 2427 eremum

213 2467 492 2538 petiisset.
533 2467 662 2523 Post
693 2482 846 2532 vero,
882 2467 1157 2523 Edessena
1197 2469 1326 2524 sede
1361 2480 1581 2541 pastore
1610 2472 1858 2538 viduata,
1885 2473 1955 2527 ab
1986 2471 2244 2526 universa
2273 2469 2499 2526 civitate
2522 2465 3031 2537 circumvicinaque
3063 2465 3288 2538 regione
3316 2472 3514 2536 postu-

215 2559 366 2615 latus
387 2567 475 2614 est
501 2560 816 2631 episcopus,
855 2575 1090 2632 moxque
1121 2563 1322 2619 divinae
1354 2565 1690 2636 cognitionis
1729 2566 1994 2636 magister
2034 2579 2157 2620 esse
2195 2563 2374 2620 factus
2411 2561 2640 2628 dicitur,
2673 2577 2786 2617 non
2825 2561 3004 2618 solum
3046 2557 3218 2632 Syris,
3256 2557 3520 2614 Armenia

216 2653 515 2718 acPersis,
554 2653 650 2709 sed
691 2656 789 2711 toti
828 2656 944 2712 fere
990 2657 1111 2712 orbi
1145 2668 1439 2714 terrarum.
1473 2659 1669 2714 Erecta
1705 2661 1816 2731 jam
1852 2660 1985 2714 olim
2014 2660 2234 2715 Edessa:
2279 2667 2401 2715 erat
2433 2658 2670 2731 Syriacae
2712 2656 2936 2714 disiecti
2971 2653 3162 2711 schola
3200 2655 3256 2711 in
3291 2653 3517 2709 urbium

222 2746 538 2801 vicinarum
569 2749 942 2815 commodum,
979 2751 1046 2805 ad
1080 2765 1245 2820 quam
1277 2751 1380 2805 viri
1413 2752 1694 2822 principes
1718 2763 1775 2807 et
1799 2752 2104 2823 locupletes
2144 2752 2238 2807 alii
2267 2751 2409 2807 filios
2451 2765 2583 2807 suos
2609 2749 2976 2806 institutionis
2995 2748 3517 2822 gratiagmittebant.

222 2838 512 2894 Rabbulas
543 2855 678 2895 vero
709 2841 998 2911 gentilium
1039 2843 1247 2898 liberos
1286 2843 1354 2897 ad
1396 2859 1454 2898 se
1495 2843 1584 2898 bis
1611 2844 1842 2915 singulis
1883 2843 2173 2900 mensibus
2214 2844 2558 2908 accersebat,
2585 2859 2728 2915 quos
2759 2843 3010 2900 veritatis
3033 2842 3221 2898 verbis
3246 2843 3521 2901 erudiret.

221 2930 286 2988 Id
320 2931 467 3002 quod
513 2932 641 2987 totis
669 2933 890 3004 triginta
925 2935 1086 2988 annis
1114 2935 1291 3005 egisse
1320 2934 1527 2990 dicitur
1567 2934 1624 2989 in
1667 2935 1724 2990 S.
1757 2934 2058 2990 Alexandri
2093 2935 2238 2990 Vita.
2270 2935 2477 2990 Verum
2510 2951 2624 2992 non
2662 2943 2745 2991 tot
2782 2935 2875 2991 ille
2904 2934 3066 2991 annis
3098 2949 3328 3006 prorsus
3353 2936 3522 3004 sedit,

227 3024 328 3080 sed
361 3025 558 3095 viginti
588 3026 770 3081 tribus
795 3027 1081 3083 duntaxat.
1116 3029 1238 3096 Quo
1271 3039 1520 3100 tempore
1549 3030 1840 3085 Nestorius
1867 3030 2352 3102 Constantinopoli
2381 3030 2725 3102 impietatem
2750 3031 3064 3103 propalavit
3091 3031 3529 3099 suam,»Babbn-

229 3114 316 3172 las
343 3131 471 3171 cum
507 3117 717 3174 Joanne
755 3119 1103 3176 Antiocheno
1133 3129 1191 3176 et
1214 3121 1592 3177 Orientalibus
1629 3121 1754 3177 aliis
1780 3122 2064 3193 Ephesum
2094 3138 2206 3193 quo
2243 3123 2488 3196 synodus
2537 3123 2812 3196 generalis
2840 3124 3161 3197 cogebatur,
3196 3123 3387 3192 venit;
3425 3125 3527 3182 sed

227 3209 429 3268 Joanni
459 3215 690 3286 ejusque
718 3217 885 3272 sociis
915 3217 1155 3288 primum
1184 3218 1494 3285 adharens,
1518 3218 1851 3290 quihusdam
1880 3234 2076 3275 eorum
2105 3220 2278 3292 gestis
2304 3222 2638 3295 suﬂragatus
2667 3230 2773 3288 est,
2798 3238 2830 3278 a
2858 3222 3103 3295 legitima
3137 3221 3348 3296 synodo
3371 3237 3534 3282 sece-

228 3305 392 3363 dens.
432 3308 736 3375 Moxvero,
773 3326 964 3366 errore
999 3311 1208 3382 agnito,
1235 3311 1306 3367 ab
1333 3312 1417 3368 eis
1441 3312 1694 3376 descivit,
1732 3311 2074 3379 Nestorium,
2103 3313 2241 3384 quin
2269 3315 2440 3370 etiam
2473 3316 2828 3372 Theodorum
2858 3316 3330 3388 Mopsuestenum,
3356 3335 3387 3375 a
3416 3334 3533 3391 quo

230 3397 364 3453 mali
409 3399 564 3456 labes
601 3412 722 3457 orta
761 3411 900 3468 erat,
935 3403 1295 3474 proscindere
1336 3420 1449 3460 non
1483 3405 1776 3463 dubitavit.
1821 3408 2063 3466 Joannes
2101 3409 2504 3475 Antiochenus,
2547 3417 2742 3465 coacto
2781 3407 3101 3466 Osrhoenes
3141 3409 3532 3484 episcoporum

230 3493 490 3558 concilio,
520 3495 962 3552 animadvertere
1001 3498 1058 3552 in
1090 3499 1398 3555 Babbulam
1439 3505 1750 3574 proposuit,
1778 3505 1929 3575 quod
1958 3514 2142 3561 tamen
2171 3506 2401 3561 minime
2433 3507 2709 3578 praestitit.
2742 3506 2894 3574 Post,
2927 3506 3138 3563 sancita
3171 3523 3310 3580 pace
3331 3508 3533 3566 Antio-

233 3585 468 3642 chenam
498 3587 645 3644 inter
672 3599 729 3645 et
753 3591 1180 3648 Alexandrinam
1211 3593 1537 3661 Ecclesium,
1582 3596 1832 3653 Andreas
1869 3597 2295 3664 Samosatensis,
2320 3599 2416 3671 qui
2455 3599 2723 3657 Rabhnlze
2751 3600 2870 3667 diu,
2897 3610 2959 3656 ut
2993 3610 3050 3656 et
3083 3600 3402 3658 concordia
3433 3600 3536 3658 ad-

233 3685 491 3778 versatus
531 3677 731 3778 fuerat,
772 3694 898 3734 eum
936 3696 1004 3736 eo
1049 3683 1456 3750 reconciliatus,
1496 3686 1675 3755 palam
1721 3689 2065 3760 gloriabatur
2103 3705 2162 3746 se
2204 3707 2330 3746 cum
2373 3691 2526 3748 Sixto
2566 3692 2838 3759 Romano,
2881 3693 3088 3767 Cyrillo
3132 3693 3534 3778 Alexandrino.

234 3765 572 3824 Maximiano
611 3769 1248 3845 Constantinopolitano,
1277 3785 1335 3832 et
1376 3778 1630 3834 Rabbula
1663 3780 1947 3836 Edesseno
1985 3783 2420 3838 communicare.
2465 3782 2624 3852 Quod
2651 3799 2719 3840 ex
2747 3799 2869 3856 cap.
2916 3765 2970 3852 'J,
3000 3786 3089 3852 i5,
3125 3786 3219 3853 35,
3248 3786 3443 3853 κυρῶ
3470 3765 3540 3845 ὶι

364 3861 716 3954 collectionis
739 3880 807 3920 ex
837 3868 1104 3938 tragtedia
1130 3869 1322 3926 lrenaai
1354 3869 1510 3939 Tyrii
1547 3883 1892 3945 compertum
1927 3874 2008 3931 tit.
2035 3875 2120 3931 Ad
2155 3876 2465 3933 Rabhulam
2495 3887 2718 3935 exstant
2741 3880 2925 3952 magni
2952 3879 3144 3954 C'yrilli
3172 3881 3444 3952 epistola,
3467 3895 3540 3941 ao

239 3951 509 4009 Rabhnla:
541 3954 611 4009 ad
643 3954 932 4027 Cyrillum.
961 3959 1079 4026 Qua
1118 3960 1496 4018 sollicitudine
1525 3980 1670 4020 vera:
1707 3963 1836 4021 ﬁdei
1866 3965 2244 4022 sinceritatem
2279 3968 2489 4024 servari
2517 3968 2770 4032 curabat.
2799 3951 2907 4027 una
2933 3951 3061 4028 cum
3087 3951 3293 4030 Acacio
3319 3970 3539 4030 Melite-

151 4085 158 4092 .
237 4046 400 4102 nensi
439 4047 698 4105 Armenis
747 4051 962 4109 litteras
995 4055 1151 4111 dedit
1189 4056 1258 4112 de
1296 4073 1409 4114 non
1451 4059 1705 4132 legendis
1741 4060 2018 4120 Theodori
2065 4064 2438 4135 Mopsuesteni
2488 4067 2886 4124 voluminibus.
2930 4065 3112 4131 Obiit,
3149 4081 3218 4122 ex
3267 4065 3539 4124 Chronico

239 4137 544 4206 Edessena,
568 4158 723 4198 num.
755 4144 843 4210 59,
873 4163 1014 4201 anno
1038 4150 1498 4222 septingentesimo
1524 4153 1934 4225 quadragesimo
1968 4164 2136 4220 sexto,
2161 4155 2246 4210 die
2271 4156 2304 4211 8
2329 4158 2523 4213 mensis
2556 4158 2657 4224 Ab,
2682 4158 2800 4214 sive
2825 4158 3083 4230 Augusti,
3114 4156 3364 4228 adeoque
3389 4169 3541 4214 anno

239 4231 448 4288 Christi
471 4235 577 4290 456
600 4253 613 4289 :
639 4236 926 4294 enimvero
951 4240 1234 4297 Rahbulas
1262 4258 1410 4300 anno
1437 4244 1544 4301 455
1569 4245 1626 4301 in
1652 4246 1794 4302 vivis
1813 4256 2098 4317 superstes
2119 4258 2261 4314 erat,
2288 4265 2400 4321 quo
2428 4264 2630 4322 nempe
2654 4249 2932 4307 Theodori
2964 4249 3340 4322 Mopsuesteni
3362 4249 3542 4308 libros

241 4323 470 4417 heresis
513 4331 827 4386 accusabat.
874 4332 1203 4392 Theodorus
1244 4335 1447 4396 Lector
1485 4338 1796 4396 Rabbulam
1836 4350 1966 4395 ante
2006 4339 2220 4399 obitum
2261 4342 2443 4400 oculis
2479 4353 2701 4416 captum
2743 4343 2917 4401 fuisse
2957 4343 3146 4417 prodit
3179 4351 3240 4400 et
3273 4353 3539 4400 aecum":

250 4414 590 4485 Ῥαδϐουλᾶς
621 4420 885 4494 Ἐδέσσης
921 4426 1123 4495 τυφλὸς
1155 4422 1244 4499 ἦν.

283 4573 3516 4625 W—H

778 4705 1361 4799 RABBULIE
1436 4711 2030 4809 EPISTOLA
2099 4719 2253 4808 AD
2325 4719 3000 4812 CYRILLUM.

726 4882 897 4930 Exstat
916 4880 966 4933 in
984 4882 1233 4947 Synodico
1260 4886 1532 4950 Casinensi,
1558 4902 1668 4955 cap.
1690 4890 1786 4941 200
1808 4888 1937 4945 inter
1961 4892 2124 4957 Opera
2150 4891 2468 4957 Theodoreti,
2491 4891 2643 4959 infra,
2665 4899 2782 4946 tom.
2811 4895 2982 4947 L1H
2989 4894 3010 4946 ι
3019 4893 3083 4947 Υ.

763 5130 1452 5248 RABBULAZ
1544 5137 2220 5256 EDESSENI
2305 5146 3024 5262 CANONES.

256 5305 1542 5396 i5.‘3£'.“‘:?..§.‘3.‘.‘°€‘239§_.§?"£'"'P-.Ffi":°°3¥t9"’
1562 5332 1613 5396 3
1652 5319 1895 5383 οτθεοτίο
1940 5322 2337 5396 Αβιιιρὴξιῑιείο.
2357 5328 2695 5396 Bst-Hebrive
2737 5331 2946 5396 Syriaca.
2980 5328 3304 5396 ωωρουίωέν
3333 5336 3388 5380 οι
3410 5345 3436 5381 ³
3460 5330 3550 5380 δυ’

449 5371 661 5496 :llpysio
701 5371 973 5424 Assemano
1017 5375 1068 5424 in
1123 5377 1346 5427 Latinam
1386 5371 1610 5444 linguam
1647 5371 3306 5457 conv'ersusaApuilﬂbia'i’,‘
3331 5371 3546 5458 [3:17.],

256 5007 3535 5056 ____________________________________

400 5653 476 5750 De
505 5660 770 5727 primitiis,
793 5662 1230 5722 benedictionibus
1255 5679 1304 5723 et
1329 5670 1696 5746 eleemosynis.
1951 5679 2213 5750 episcopo
2237 5679 2460 5745 faciant,
2480 5688 2536 5734 ct
2571 5694 2686 5734 non
2707 5675 2951 5734 indicant
2971 5675 3234 5733 collectas
3264 5672 3550 5730 saeculari-

330 5747 406 5803 Ex
437 5748 523 5814 iis,
552 5766 674 5822 qua:
708 5765 836 5809 sunt
874 5755 1153 5826 Ecclesia,
1189 5763 1496 5836 presbyteri
1527 5769 1844 5825 convivium
1955 5747 2059 5825 bus
2079 5747 2182 5826 sub
2206 5773 2428 5827 nomine
2449 5773 2716 5844 episcopi,
2748 5771 2972 5844 quando
2988 5770 3056 5826 ad
3092 5769 3242 5841 ipsos
3271 5766 3548 5838 procedit.
