4078 6340
600 414 738 468 H75

1165 525 1244 581 De
1278 529 1575 580 trconomis.

669 617 972 674 Saeculares
1019 634 1128 673 non
1173 619 1285 673 sint
1333 616 1627 682 meonomi,
1665 617 1775 672 nisi
1819 617 1912 671 ubi
1945 634 2054 672 non
2089 627 2175 672 est

597 711 907 780 presbyter,
936 721 1032 765 aut
1055 711 1344 765 diaconus.

1118 822 1197 876 De
1228 825 1366 876 vasis
1401 822 1611 877 altaris.

671 912 864 966 Nullus
912 914 1216 983 presbyter,
1251 923 1346 967 aut
1399 913 1666 968 diaconus
1719 914 1922 970 audeat
1971 929 2176 985 ponere

601 1017 729 1056 vasa
774 1003 998 1072 profana
1043 1019 1169 1059 cum
1212 1005 1360 1058 vasis
1405 1005 1761 1059 sanctiticatis
1803 1005 1857 1058 in
1904 1015 2052 1071 arca,
2082 1014 2178 1059 aut

604 1095 886 1162 paradisco
919 1095 1075 1166 (cella
1105 1097 1372 1164 sacrarii).

747 1205 823 1257 De
855 1208 1206 1258 anathematis
1240 1206 1494 1259 altarium
1526 1222 1644 1274 quae
1676 1216 2071 1261 consecrantur.

676 1298 732 1350 Si
761 1306 979 1351 exstent
1003 1297 1206 1350 alicubi
1236 1297 1481 1365 reliquiae
1521 1299 1712 1368 templi
1734 1300 1939 1363 idolici,
1966 1299 2173 1361 statim,

603 1390 648 1443 si
677 1390 794 1441 tieri
833 1389 1025 1458 possit,
1056 1388 1414 1452 subruantnr,
1447 1398 1502 1442 et
1526 1390 1580 1442 in
1611 1390 1913 1459 Ecclesiam
1943 1405 2174 1444 conver-

605 1489 809 1542 tantur,
849 1480 895 1533 si
944 1479 1178 1533 ecclesia
1221 1479 1488 1535 ardificata
1533 1496 1643 1535 non
1687 1482 1876 1538 fuerit.
1919 1482 2178 1536 Ecclesia:

603 1578 787 1621 autem
826 1567 1128 1633 aedificatae,
1174 1568 1524 1638 dealbentur,
1559 1581 1615 1625 et
1653 1572 1765 1626 sint
1804 1572 1860 1625 in
1899 1572 2007 1626 illis
2041 1587 2176 1626 con-

603 1658 721 1711 cha:
761 1657 862 1726 (l),
898 1666 954 1710 et
988 1658 1148 1712 atria.

709 1771 1098 1823 Admonitiones
1125 1772 1263 1824 circa
1291 1774 1635 1842 sumptionem
1665 1775 2051 1844 mysteriorum.

677 1856 1000 1912 Ricerdotes
1039 1875 1109 1914 ne
1159 1858 1292 1912 dent
1333 1845 1665 1914 oblationem
1711 1861 1959 1926 tentatis,

608 1958 808 2002 sancta
830 1964 937 2002 non
962 1947 1268 2003 aﬂiciantur
1291 1950 1668 2006 irreverentia.

676 2057 752 2110 De
787 2030 1182 2113 transiuissione
1210 2061 1579 2140 mysteriorum
1618 2069 1669 2115 et
1701 2067 2108 2123 contrectatione

1260 2147 1513 2199 ipsorum.

673 2217 844 2272 Nemo
896 2218 1316 2291 presbyteratu,
1385 2230 1480 2275 aut
1536 2221 1829 2278 diaconatu
1882 2225 2181 2282 destitutus

604 2309 802 2363 audeat
829 2309 1161 2365 oblationem
1197 2312 1407 2366 homini
1435 2313 1588 2367 dare.

678 2401 1004 2472 Presbyteri,
1031 2411 1088 2457 et
1123 2403 1361 2468 diaconi,
1389 2405 1484 2474 qui
1524 2406 1659 2460 dant
1695 2408 2179 2476 sanctificationes,

606 2507 716 2546 non
743 2493 947 2547 idcirco
971 2495 1239 2563 recipiant
1265 2495 1492 2550 donum.

954 2585 1032 2638 De
1063 2587 1386 2658 negtigentiis
1419 2591 1826 2644 occurrentibus.

677 2696 1086 2766 Fragmentum,
1116 2701 1263 2768 quod
1296 2702 1442 2754 cadit
1487 2701 1556 2756 de
1593 2717 1826 2772 corpore
1862 2715 2054 2760 sancto
2082 2723 2180 2762 su-

607 2803 705 2857 per
745 2798 980 2853 terram,
1011 2799 1266 2845 accurate
1313 2805 1613 2860 quaeratur,
1655 2802 1714 2849 et
1759 2795 1806 2850 si
1839 2796 2175 2864 inveniatur,

601 2879 861 2932 eradatur
887 2880 1039 2934 locus
1061 2882 1200 2951 ejus,
1232 2883 1275 2937 si
1305 2891 1518 2939 terrens
1557 2886 1650 2950 sit,
1677 2893 1734 2941 et
1761 2888 1877 2958 ipsa
1911 2888 2003 2943 illa
2031 2899 2178 2946 terra

601 2985 744 3039 aqua
770 2971 1157 3037 confundatur,
1181 2985 1237 3028 et
1262 2977 1477 3030 hanana
1502 2978 1578 3047 (2)
1603 2979 1766 3033 detur
1798 2980 2054 3036 ﬁdelibus
2080 3001 2093 3036 :
2121 2992 2179 3036 et

603 3063 648 3116 si
674 3077 780 3115 non
805 3062 1135 3129 inveniatur,
1163 3066 1414 3120 similiter
1439 3070 1715 3139 scalpatur
1737 3072 1913 3136 locus,
1943 3085 2003 3127 ut
2037 3074 2179 3128 dixi-

603 3168 746 3208 mus.
778 3154 983 3208 Eodem
1013 3157 1198 3221 modo,
1225 3167 1281 3212 et
1323 3159 1367 3212 si
1400 3175 1430 3214 e
1461 3163 1727 3231 sanguine
1763 3165 2088 3230 eﬂunditur,
2127 3167 2174 3222 si

602 3243 854 3314 lapideus
878 3246 950 3299 sit
979 3246 1152 3313 locus,
1177 3249 1445 3303 carbones
1472 3254 1992 3324 superimponantur
2017 3257 2091 3313 ei.

1198 3362 1274 3416 De
1307 3366 1563 3419 oratione.

675 3471 798 3527 Sint
841 3486 1257 3543 perseverantes
1298 3476 1356 3532 in
1397 3480 1667 3545 oratione,
1696 3490 1753 3536 et
1791 3483 2081 3555 diligentes
2117 3487 2172 3542 in

603 3563 912 3619 ministerio
936 3581 1126 3622 omnes
1150 3568 1245 3621 ﬁlii
1271 3569 1551 3633 Ecclesiae,
1570 3588 1673 3628 nec
1695 3584 1910 3629 cessent
1931 3577 1999 3631 ab
2026 3578 2177 3632 horis

603 3657 912 3710 orationum
940 3668 998 3712 et
1018 3660 1352 3728 psalmorum
1380 3673 1540 3717 nocte
1563 3672 1619 3718 et
1647 3663 1758 3719 die.

1059 3769 1133 3824 De
1161 3779 1294 3824 coztu
1319 3775 1713 3828 monachorum.

672 3879 920 3935 Monaclii
963 3883 1157 3938 inclusi
1212 3874 1482 3941 duntaxat
1524 3889 1776 3945 nutriant
1820 3880 2074 3962 capillos,
2117 3907 2176 3950 et

602 3971 748 4027 ferro
782 3974 1100 4029 induantur.

671 4063 920 4118 Monachi
962 4068 1293 4132 visitatores,
1323 4078 1381 4123 et
1414 4085 1606 4127 omnes
1643 4072 1842 4128 fratres
1866 4084 2019 4130 extra
2052 4092 2173 4130 mo-

604 4157 856 4220 nasteria,
895 4167 1075 4212 vestes
1105 4159 1287 4229 nigras
1322 4176 1389 4214 ex
1427 4161 1552 4230 pilis
1579 4179 1688 4217 non
1731 4165 1961 4220 induant
1987 4169 2086 4238 (5),
2112 4181 2174 4224 ut

601 4260 710 4298 non
736 4247 1104 4316 vilipendatur
1133 4248 1308 4303 honor
1336 4251 1651 4308 schematis.

673 4335 842 4388 Nemo
871 4337 1134 4405 suscipiat
1163 4338 1409 4403 fratrem,
1444 4341 1538 4409 qui
1572 4343 1770 4412 migrat
1797 4344 1865 4398 de
1895 4359 2171 4404 monaste—

602 4427 684 4479 rio
711 4428 765 4481 in
797 4431 1209 4497 monasterium,
1237 4433 1339 4486 nisi
1368 4443 1557 4504 rogatu
1589 4437 1832 4506 praefecti
1859 4441 2028 4509 priori
2059 4459 2172 4497 mo-

602 4517 860 4572 nasterio.

672 4607 989 4670 Monachus,
1022 4609 1116 4678 qui
1158 4611 1443 4682 presbyter
1481 4630 1592 4668 non
1626 4617 1718 4681 sit,
1751 4628 1847 4672 aut
1881 4618 2167 4687 diaconus,

602 4710 710 4748 non
737 4697 935 4751 audeat
960 4698 1357 4755 Eucharistiam
1388 4706 1692 4776 porrigere.

673 4787 916 4842 Monachi
952 4806 1022 4844 ne
1063 4806 1228 4861 pagos
1262 4795 1535 4865 urbesque
1573 4798 1801 4864 adeant,
1844 4801 1938 4856 sed
1977 4803 2168 4856 visita-

602 4887 749 4932 tores
791 4880 1052 4935 duntaxat
1083 4900 1095 4934 :
1126 4884 1276 4954 iique
1322 4887 1376 4940 in
1421 4889 1675 4956 ecclesia,
1702 4891 1811 4947 aut‘
1839 4897 2170 4950 monasterio

601 4970 846 5033 sedeant,
888 4983 943 5028 et
978 4987 1408 5045 commorentur,
1462 4998 1641 5052 neque
1696 5001 1796 5054 per
1836 4985 2030 5041 domos
2079 5004 2169 5042 va-

599 5071 819 5132 geritur.

670 5155 919 5211 Monachi
955 5160 1186 5216 multum
1217 5165 1404 5220 vinum
1431 5183 1541 5224 non
1572 5170 1784 5237 bibart,
1813 5189 1884 5227 ne
1914 5174 2171 5245 blasphe-

599 5254 771 5301 ment.
816 5248 1066 5305 Monachi
1100 5257 1498 5322 possessionem
1543 5263 1752 5328 ovium,
1776 5274 1872 5318 aut
1901 5281 2168 5336 equorum

598 5353 710 5392 non
758 5343 1105 5410 possideant,
1158 5349 1255 5404 sed
1299 5353 1473 5406 solum
1519 5353 1722 5420 asinos,
1768 5365 1825 5411 et
1865 5365 2052 5412 tauros
2101 5360 2168 5414 ad

601 5433 892 5489 arandum.

771 5609 1252 5705 liii“
1269 5629 1350 5705 est
1367 5661 1379 5681 ,
1400 5621 1503 5705 ‘ubi
1533 5626 1950 5705 coquiturxata.

671 5679 743 5746 ('2)
771 5679 822 5731 Id
847 5692 949 5756 est,
975 5679 1072 5751 pro
1096 5688 1265 5756 gratia
1288 5701 1341 5742 et
1365 5679 1654 5750 clementia
1671 5679 1970 5753 obtinenda
1990 5717 2167 5756 massa

605 5746 695 5799 illa
725 5746 1052 5820 porrigatur.

1517 410 1851 468 RABBULAS
1892 410 2224 468 EDESSENI
2296 411 2598 468 EPISCOPI
2638 412 2971 470 CANONES.

3718 420 3849 476 1476

2201 540 2249 593 Α
2349 527 2546 581 Libros
2588 539 2879 584 extraneos
2917 544 3028 583 non
3078 529 3316 585 habeant
3365 532 3419 584 in
3464 533 3847 595 monasteriis,

2277 633 2456 688 neque
2491 630 2733 689 qnzestus
2753 637 2822 675 ex
2852 622 3135 690 emptione
3163 638 3227 676 ac
3250 624 3587 680 venditione.

2346 713 2517 768 Nemo
2547 731 2611 768 ex
2650 715 2912 770 fratribus
2956 714 3258 784 quidquam
3281 715 3386 770 sibi
3411 719 3701 787 proprium
3726 732 3848 786 pos-

2276 803 2474 869 sideat,
2511 808 2607 861 sed
2639 809 2820 863 omnia
2845 808 3161 863 communia
3191 809 3322 874 sint,
3359 821 3416 864 et
3445 811 3546 864 sub
3571 800 3846 881 potestate

2276 896 2518 966 praefecti
2553 902 2906 956 monasterio.

2349 987 2645 1046 Praefectus
2677 992 3009 1048 monasterio
3045 1008 3115 1048 ne
3153 992 3418 1047 fratribus
3452 993 3757 1062 permittat,
3791 1003 3854 1046 ut

2277 1081 2715 1150 consanguineos
2769 1084 3004 1150 adeant,
3063 1100 3132 1140 ne
3199 1085 3489 1154 mlloquiis
3537 1085 3698 1140 vanis
3761 1101 3848 1139 re-

2278 1170 2551 1225 laxentur.

2348 1260 2425 1314 Ne
2460 1260 2794 1318 infirmitatis
2824 1280 2987 1319 causa
3028 1264 3279 1318 monachi
3313 1263 3625 1332 relinquant
3663 1279 3852 1319 caeno-

2279 1351 2368 1405 bia
2421 1369 2539 1414 sua.
2585 1363 2642 1406 et
2687 1369 2786 1422 per
2836 1355 3085 1410 civitates
3138 1371 3202 1410 ac
3251 1356 3368 1410 loca
3421 1363 3718 1425 vagentur,
3757 1357 3848 1409 sed

2279 1445 2586 1499 sustineant
2618 1448 2899 1516 angustias
2933 1457 3159 1519 propter
3183 1449 3470 1503 Dominum
3503 1456 3781 1503 nostmm.

2347 1536 2519 1590 Nemo
2551 1533 2782 1591 fratrum
2831 1541 3134 1594 solitariam
3170 1540 3336 1594 vitam
3370 1539 3555 1605 ducat,
3590 1541 3698 1595 nisi
3739 1541 3850 1602 ille,

2278 1627 2437 1698 cujus
2471 1643 2638 1697 Opera
2671 1628 2765 1682 diu
2805 1631 3033 1699 probata
3065 1630 3251 1686 fuerit.

2349 1717 2648 1772 Prmfectus
2681 1723 3016 1774 monasterio
3048 1722 3416 1776 constituatur
3453 1722 3565 1787 ille,
3597 1722 3692 1793 qui
3729 1737 3853 1793 pos-

2279 1809 2352 1862 sit
2385 1808 2692 1878 gubernare
2727 1809 3146 1866 fraternitatem.

2001 1871 2062 1916 m
2090 1877 2251 1930 ’⁸⁸⁸
2349 1871 2661 1972 Presbyteri
2724 1912 2780 1956 et
2851 1902 3069 1956 diaconi
3135 1903 3387 1957 monachi
3456 1913 3690 1973 possunt
3755 1905 3855 1960 mi-

2280 1993 2516 2048 nistrare
2547 1995 2704 2064 jussu
2746 1995 2990 2066 episcopi
3037 1997 3093 2051 in
3135 1997 3290 2061 locis,
3337 1997 3394 2051 iu
3417 1997 3628 2067 quibus
3666 1998 3857 2057 clerici

2279 2101 2388 2141 non
2423 2094 2570 2140 sunt.

2348 2181 2521 2242 Arce,
2559 2182 2614 2232 in
2660 2179 2865 2248 quibus
2911 2181 3165 2236 monachi
3203 2181 3570 2251 sepeliuntur,
3611 2183 3670 2238 in
3710 2193 3857 2239 tem

2280 2270 2609 2324 condantur.

2352 2361 2648 2416 Praefectus
2681 2364 3035 2428 monasterio,
3061 2381 3185 2420 cum
3223 2366 3462 2432 decedit,
3493 2364 3701 2425 fratres
3731 2384 3857 2424 eum

2281 2451 2547 2521 sepeliant
2580 2468 2706 2506 cum
2742 2454 2985 2519 silentio,
3019 2464 3077 2510 et
3107 2472 3216 2511 non
3254 2469 3662 2530 congregentr
3685 2477 3856 2517 saecu-

2281 2542 2425 2597 lares
2454 2543 2522 2597 ad
2558 2546 2679 2615 ejus
2709 2544 2922 2600 funeris
2954 2562 3228 2617 pompam.

2350 2655 2623 2722 Monachi,
2657 2666 2715 2712 et
2745 2658 3013 2713 moniales
3033 2675 3104 2715 ne
3128 2661 3443 2719 cohabitent
3465 2680 3594 2720 cum
3628 2666 3854 2722 samia-

2281 2748 2454 2804 ribus.

2350 2862 2650 2919 Saeculares
2685 2881 2754 2921 ne
2789 2869 3242 2926 sustentationem
3278 2873 3623 2942 corporalem
3670 2890 3830 2930 mons

2278 2954 2509 3009 chorum
2538 2957 2837 3028 "negligant.

2348 3059 2605 3116 Mulieres
2650 3063 2791 3119 intra
2840 3067 2988 3122 fores
3037 3073 3498 3128 monasteriorum
3549 3091 3622 3130 ne
3677 3076 3854 3148 ingre-

2278 3144 2523 3201 diantur.

2203 3231 2248 3288 θ
2353 3255 2634 3324 loniales,
2659 3277 2780 3342 qua:
2815 3265 2870 3318 in
2917 3266 3149 3323 urbibus
3181 3272 3442 3342 pagisqne
3475 3283 3628 3330 sunt.
3661 3277 3709 3331 si
3746 3293 3848 3332 non

2278 3345 2517 3400 habeant
2548 3331 2966 3417 monasterium,
2991 3364 3086 3409 aut
3117 3331 3428 3414 cmnobium
3465 3359 3540 3430 (4)
3576 3377 3848 3426 sororum,

2275 3435 2398 3492 duae
2430 3439 2593 3494 simul
2627 3443 2856 3498 sedeant
2892 3445 2946 3499 in
2986 3462 3094 3502 una
3132 3448 3316 3515 domo,
3351 3462 3405 3506 et
3437 3453 3602 3507 simul
3626 3466 3756 3511 eant
3783 3455 3848 3509 ad

2275 3532 2586 3587 ecclesiam.

2347 3643 2594 3700 Honachi
2629 3647 2869 3717 psalmos
2899 3649 3104 3719 dicant,
3130 3664 3188 3710 et
3221 3657 3487 3713 moniales
3517 3659 3684 3716 etiam
3717 3676 3847 3717 can—

2279 3734 2403 3789 tica.

2347 3845 2618 3914 Monachi,
2653 3859 2709 3905 et
2754 3853 3022 3909 moniales
3078 3855 3242 3912 horas
3291 3875 3517 3929 precum
3567 3862 3845 3934 impleant,

2275 3939 2622 4010 psalmosque
2658 3943 2896 4000 recitent
2927 3945 3021 3999 diu
3055 3953 3357 4019 noctuque.

2346 4055 2668 4118 Saecularis,
2732 4060 2827 4128 qui
2862 4059 3030 4116 ﬁliam
3086 4062 3310 4119 foederis
3363 4064 3693 4141 (moniafem)
3743 4070 3845 4127 sibi

2275 4142 2712 4214 desponsaverit,
2747 4149 3265 4208 anathematizetur.

2342 4257 2612 4324 Monachi,
2649 4273 2705 4317 et
2747 4265 3035 4332 moniales,
3068 4268 3164 4337 qui
3208 4270 3428 4326 schema
3465 4285 3697 4338 exuunt,
3736 4292 3848 4346 pm-

2274 4349 2562 4406 nitentiam
2612 4365 2807 4424 agant,
2862 4358 3109 4428 alioquin
3162 4362 3694 4421 anathematizentur
3743 4386 3843 4424 una

2273 4456 2398 4494 cum
2436 4459 2627 4498 eorum
2658 4446 2935 4514 amnibus,
2973 4451 3019 4504 si
3055 4452 3190 4522 ipsis
3223 4456 3590 4514 consentiant.

2205 4601 2245 4655 υ
2343 4555 2538 4611 Mulier
2568 4570 2761 4629 nupta,
2795 4562 3004 4632 absque
3051 4567 3232 4621 mariti
3267 4569 3350 4623 sui
3395 4571 3704 4638 voluntate,
3740 4590 3844 4630 non

2273 4648 2535 4717 suscipiat
2586 4650 2985 4709 institutionem
3044 4657 3484 4733 (monasticam),
3537 4680 3721 4735 neque
3768 4669 3847 4720 vir

2275 4736 2482 4806 absque
2517 4741 2799 4796 voluntate
2833 4745 3081 4815 conjugis
3115 4764 3247 4803 suae.

2346 4849 2593 4904 Monachi
2630 4853 2747 4908 sine
2782 4855 3125 4928 presbytero,
3171 4869 3227 4915 et
3281 4862 3544 4920 moniales
3577 4865 3700 4922 sine
3733 4866 3846 4920 dia-

2274 4943 2508 5007 conissa,
2530 4960 2600 4999 ne
2636 4955 2864 5017 pergant
2893 4949 2959 5004 ad
2993 4966 3247 5023 synaxes.

2345 5053 2647 5111 Haereticus
2692 5074 2760 5113 ne
2807 5061 2998 5116 sedeat
3029 5063 3084 5118 in
3120 5075 3308 5121 nostro
3350 5072 3706 5136 monasterio,
3755 5089 3844 5127 ne-

2271 5163 2380 5216 que
2414 5150 2639 5205 accedat
2675 5151 2746 5206 ad
2783 5167 2873 5209 res
2907 5155 3298 5213 sanetificatas.

2343 5257 2591 5315 Monachi
2618 5278 2686 5317 ne
2711 5264 3010 5320 ascendant
3033 5266 3104 5321 ad
3125 5268 3331 5339 gradus
3360 5271 3570 5328 altaris.

2338 5371 2587 5428 Monachi
2622 5386 2679 5430 et
2716 5378 2982 5433 moniales
3025 5380 3096 5434 ab
3143 5396 3245 5435 usu
3289 5384 3471 5439 carnis
3506 5385 3834 5448 abstineant.

2268 5462 2396 5519 vino
2437 5478 2620 5521 autem
2664 5469 2881 5525 modico
2917 5482 3148 5542 propter
3183 5475 3552 5533 inﬁrmitatem
3599 5490 3836 5535 utantur.

2349 5639 2425 5705 (5)
2450 5639 2508 5692 in
2526 5644 2793 5719 margine,
2809 5645 2863 5699 id
2885 5656 2968 5701 est
2989 5649 3211 5704 schema
3231 5652 3578 5708 saeularium
3597 5656 3836 5719 induat,

2276 5719 2573 5789 autvestes
2593 5713 2746 5789 albas
2776 5716 2958 5770 laneas
2979 5719 3184 5789 absque
3205 5725 3443 5778 cucullo.

2347 5780 2422 5847 (ι)
2463 5779 2519 5834 In
2554 5785 2794 5854 margine
2829 5789 3046 5843 arabice
3079 5779 3280 5862 l'egitur
3302 5793 3567 5868 (cellam).
