4078 6340
612 380 751 434 μιν

1707 367 1914 427 Flllll
1949 364 2425 424 CESARIENSIS
2459 361 2766 422 EPISCOPI

3725 354 3870 419 μω

610 468 917 550 doctrinam
940 488 1393 563 propugnandam
1409 486 1954 557 conﬁrmandaqu
1969 484 2188 556 scriptis
2214 487 2258 544 Δ
2354 482 2593 557 Cyrillus
2613 482 2908 555 episcopus
2931 478 3159 555 (Alcm),
3189 496 3368 537 xxxvi.

611 581 806 654 procul
829 580 1000 636 dubio
1028 580 1385 652 consignarit.
1408 577 1567 634 Nunc
1591 585 1803 633 tantum
1841 577 1961 648 ejus
1983 574 2190 646 epistoa

613 676 683 731 lis
711 690 812 729 xcv
839 673 1098 737 fruimur,
1139 686 1375 742 quarum
1404 668 1642 726 lectione
1676 667 2068 737 comperimus,
2106 663 2189 719 in-

613 768 738 838 quit
780 766 868 820 vir
902 763 1154 820 eruditus
1177 764 1281 834 (ιι).
1313 761 1557 816 Firmum
1588 767 1649 814 ut
1680 757 1994 836 litterarum
2023 754 2189 812 Chri-

612 854 940 918 stianarum,
966 851 1042 907 ita
1063 860 1122 907 et
1147 851 1491 908 sacularium
1513 848 1746 905 scientia
1775 846 2062 903 claruisse.
2079 844 2190 901 Has

611 961 747 1002 vero
774 944 1038 1017 epistolas
1075 959 1144 998 ex
1182 951 1400 1000 vetusto
1439 941 1632 998 codice
1671 939 2023 996 bibliotheca
2053 937 2189 992 Am-

612 1035 883 1095 brosiam
929 1036 1239 1107 descriptas
1282 1050 1349 1090 ac
1399 1032 1596 1089 Latine
1645 1032 1891 1088 redditas
1935 1030 2189 1100 notisque

612 1129 932 1194 illustratas,
977 1125 1190 1185 Patavii
1228 1120 1510 1198 evolgavit
1558 1123 1666 1180 hoc
1713 1123 1915 1179 seculo
1959 1122 2190 1204 ineunte

613 1220 678 1278 ν.
727 1219 789 1276 C.
829 1217 1147 1276 Ludovicus
1174 1217 1447 1275 Antonius
1471 1215 1808 1272 Iuratorius
1830 1214 1925 1285 (ο).
1951 1213 2026 1268 De
2060 1212 2190 1282 qui-

614 1311 720 1367 bus
748 1311 804 1366 in
839 1309 1248 1382 Prolegomenis
1278 1309 1395 1365 hac
1445 1307 1614 1364 habet
1651 1324 1666 1362 :
1721 1326 1740 1358 ι
1776 1306 2021 1362 Firmum
2063 1303 2185 1374 epi-

612 1417 843 1476 scopum
895 1401 1291 1459 Casariensem
1336 1400 1395 1456 in
1443 1414 1638 1456 eorum
1672 1397 1844 1454 fastos
1880 1390 1976 1468 qui
2001 1395 2187 1466 aliqua

611 1493 946 1550 eruditionis
1004 1508 1119 1550 sua
1171 1491 1513 1549 monimenta
1563 1489 1804 1562 posteris
1854 1487 2186 1551 mandarint,

611 1585 846 1656 primus,
891 1583 1041 1657 quod
1075 1583 1269 1651 sciam,
1297 1582 1498 1640 infero.
1537 1582 1621 1639 En
1646 1583 1769 1654 ejus
1786 1580 2035 1653 epistola
2059 1597 2184 1645 xu,

612 1690 726 1735 non
765 1677 942 1733 multo
983 1675 1210 1748 quidem
1255 1691 1445 1732 rerum
1487 1674 1759 1748 pondere,
1796 1674 1896 1730 sed
1928 1671 2188 1730 familiari

612 1767 886 1841 elegantia
913 1766 1405 1824 commendabiles.
1454 1767 1702 1824 Brevitas
1737 1767 1794 1823 in
1839 1767 1923 1823 eis
1967 1772 2192 1838 praestat

2358 573 2658 651 Cytherius
2687 573 2958 646 sophista,
2990 589 3050 630 ιι.

2358 666 2550 723 Daniel
2574 665 2890 738 episcopus,
2913 680 3041 720 xui.

2337 757 2615 824 .Didnius,
2641 773 2764 818 νιι..

2358 848 2742 923 Dometianus,
2757 862 2946 905 xxxm.

2359 937 2641 1005 Ecdicius,
2667 952 2833 996 xxxn.

2359 1031 2674 1088 Evandrius
2703 1031 3020 1103 episcopus,
3048 1046 3137 1098 xv,
3170 1045 3352 1089 xxxiv.
3388 1059 3400 1070 -

2362 1123 2706 1189 Eleusinius,
2731 1140 2880 1180 xxxi.

2361 1216 2632 1287 Eupnius,
2650 1231 2739 1270 XL.

2360 1306 2737 1373 Eustrathius,
2772 1319 2932 1361 xxxix
2955 1321 2972 1372 ;
3005 1320 3212 1372 comes,
3232 1321 3310 1361 ιιι.

2360 1399 2682 1465 Eutherius,
2701 1412 2855 1455 xxm.

2366 1489 2702 1557 Florentius,
2739 1505 2886 1546 xxix.

2359 1581 2661 1639 Gerontius
2681 1583 2992 1656 presbyter,
3023 1598 3078 1638 x.

2361 1672 2588 1730 Gessius
2605 1673 2995 1739 scholasticus,
3018 1689 3093 1729 νι.

2363 1764 2543 1832 Helio,
2565 1781 2750 1821 xxvm.
2781 1819 2787 1824 .

615 1873 682 1914 ac
717 1854 979 1924 eruditio,
1019 1868 1186 1930 prout
1227 1865 1619 1936 argumentum
1660 1866 1718 1912 et
1747 1871 1944 1913 eorum
1983 1866 2195 1927 tempo-
2222 1845 2267 1902 Β
2365 1858 2668 1926 Helladius,
2698 1875 2794 1925 χιι,
2819 1875 2944 1914 xxv:
2972 1877 2990 1926 ;
3015 1858 3330 1931 episcopus,
3356 1874 3461 1914 xu.

618 1966 741 2006 rum
787 1950 1128 2008 consuetudo
1157 1949 1437 2022 poscebat.
1485 1947 1752 2021 Quodque
1779 1964 1890 2004 non
1931 1947 2085 2020 parvi
2108 1947 2192 2003 fa-

613 2042 894 2108 ciendum,
929 2041 1022 2098 hic
1061 2042 1256 2099 saltem
1291 2043 1476 2115 legere
1509 2042 1663 2109 licet,
1697 2040 1794 2114 qui
1833 2057 2037 2109 mores,
2072 2055 2196 2114 qua

613 2134 790 2192 oﬂcia
839 2133 986 2191 inter
1031 2133 1333 2192 familiam
1372 2135 1505 2193 olim
1557 2145 1767 2204 essent,
1813 2137 2024 2194 nostris
2062 2151 2195 2215 sane

614 2243 885 2305 perquam
914 2227 1135 2284 similia.
1162 2227 1518 2301 Conscriptas
1536 2229 1657 2301 pari
1685 2229 1956 2287 brevitate
1983 2228 2194 2303 episto-

615 2324 699 2375 las
741 2317 1223 2390 familiares,apud
1265 2317 1405 2374 alios
1441 2317 1663 2376 Graecos
1711 2319 2013 2392 scriptores
2044 2320 2198 2376 inve-

615 2409 756 2475 nias,
788 2409 981 2482 quales
1023 2417 1246 2466 sanctus
1284 2408 1583 2482 Gregorius
1621 2410 2018 2476 Nazianzenus,
2073 2427 2198 2468 san-

614 2510 738 2560 ctus
799 2504 1048 2562 Isidorus
1106 2505 1418 2574 Pelusiota,
1473 2513 1696 2562 sanctus
1747 2505 1938 2572 Nilus,
1993 2513 2053 2562 ut
2110 2519 2199 2560 re-

615 2593 800 2667 liquos
855 2597 1126 2654 omittam.
1159 2617 1179 2651 »
1260 2597 1390 2655 liae
1459 2597 1546 2652 vir
1601 2596 1989 2663 doctissimus,
2039 2597 2199 2668 cujus

617 2683 918 2742 editionem
966 2687 1037 2742 ad
1079 2688 1345 2745 amussim
1385 2687 1779 2760 expressimus.
1813 2687 2047 2745 Nomina
2065 2703 2200 2744 vero

618 2790 814 2832 eorum
847 2777 916 2834 ad
951 2793 1094 2850 quos
1122 2779 1346 2852 scripsit
1376 2779 1621 2845 Firmus,
1661 2788 1830 2849 prout
1856 2788 1927 2838 'ea
1969 2779 2202 2854 digessit

618 2868 907 2927 Fabricius
931 2871 1034 2942 (ρ),
1067 2870 1161 2927 hic
1193 2871 1539 2944 subiicimus.

688 2958 926 3016 Aeacius
948 2961 1266 3034 episcopus,
1295 2963 1462 3035 epist.
1483 2980 1598 3032 xix,
1632 2980 1793 3021 xxxv.

685 3048 955 3117 Achilles,
988 3068 1029 3108 ι.

689 3137 918 3211 Alypius
938 3140 1392 3215 chorepiscopus,
1417 3159 1472 3201 v.

688 3229 987 3288 Armenius
1015 3233 1314 3303 archiater,
1341 3251 1458 3292 vni.

689 3320 907 3379 Atticus
932 3323 1248 3398 episcopus,
1282 3342 1398 3385 xm.

691 3413 972 3474 Ausonius
991 3419 1302 3493 presbyter,
1327 3435 1405 3477 ιι.

654 3571 662 3580 ,
690 3505 853 3567 Chilo
881 3509 1200 3583 episcopus,
1223 3527 1368 3568 xxiv.

694 3597 1067 3668 Colossianus,
1093 3618 1241 3660 xviii.

691 3686 967 3762 Cyneglus
983 3672 1190 3749 comes.
1219 3708 1294 3751 xv.

695 3843 775 3988 δὲ
795 3842 1598 3976 ’ἱιῗθτξῗξτζιῖἰιεᾉξῗᾮωα
1663 3914 2010 3988 p.381-591,
2054 3916 2190 3973 edit.

2343 1950 2646 2017 ,lnachius,
2691 1965 2819 2007 xun
2855 1960 2913 2007 et
2944 1967 3089 2018 xuv,
3130 1951 3236 2007 nisi
3265 1951 3540 2023 posterior
3569 1953 3761 2026 potius
3793 1971 3878 2014 re-

2297 2041 2584 2114 sponsoria
2634 2041 2708 2098 sit
2753 2041 2822 2098 ad
2866 2042 3148 2114 priorem;
3189 2042 3374 2114 itaque
3421 2044 3492 2100 ab
3538 2045 3766 2103 Inachio
3808 2045 3877 2103 ad

2299 2133 2570 2198 Firmum,
2604 2149 2718 2189 non
2741 2149 2773 2189 a
2807 2134 2998 2191 Firmo
3025 2134 3095 2192 ad
3120 2135 3406 2192 lnachium
3435 2138 3662 2209 scripta.

2370 2225 2636 2292 Isidorus,
2686 2242 2812 2282 xxx.
2867 2225 3028 2283 Hunc
3073 2241 3190 2283 non
3238 2225 3516 2287 diversum
3561 2230 3818 2302 suspicor
3847 2246 3878 2287 a

2299 2317 2597 2374 Pelusiota.

2372 2410 2604 2476 Lausus,
2635 2427 2711 2477 rx,
2750 2427 2841 2466 xx.
2882 2411 2904 2434 '
2946 2410 3098 2469 Idem
3134 2411 3277 2470 forte
3299 2429 3424 2472 eum
3446 2430 3535 2482 eo,
3569 2416 3662 2473 cui
3694 2416 3876 2474 Theo-

2299 2501 2466 2558 dotus
2486 2502 2812 2575 Ancyranus
2841 2501 3000 2558 libros
3019 2520 3114 2558 sea:
3141 2513 3328 2560 contra
3348 2505 3653 2562 Nestorium
3678 2508 3875 2566 inscri-

2299 2594 2409 2664 psit
2443 2612 2458 2648 :
2489 2601 2552 2648 ut
2576 2593 2818 2650 diximus
2841 2593 2897 2650 in
2919 2593 3178 2652 Theodoto
3213 2596 3517 2669 Ancyram,
3549 2614 3740 2671 supra.

2369 2685 2636 2743 Leontius
2655 2687 2972 2759 episcopus,
3008 2704 3187 2744 xxxvr.

2367 2775 2673 2850 Olympius,
2698 2795 2862 2834 xxvn.
2886 2779 3064 2852 Hujus
3090 2779 3443 2851 prudentiam
3468 2781 3866 2854 eloquentiam.

2299 2884 2408 2941 que
2429 2880 2544 2941 qua
2566 2869 2996 2927 Themistoclem
3021 2887 3086 2927 ac
3107 2871 3377 2928 Periclem
3411 2882 3657 2944 superet,
3691 2874 3874 2931 laudat

2301 2963 2520 3019 Firmus
2541 2964 2774 3034 epistola
2797 2980 2913 3028 vm.
2936 2963 3021 3021 Ad
3037 2965 3272 3021 Atticam
3299 2967 3616 3040 episcopum.

2373 3057 2672 3128 Pergamus
2691 3057 3143 3129 ehorepiscopus,
3166 3073 3288 3113 xcv.

2228 3181 2272 3239 ο
2375 3147 2640 3213 Plietbas,
2669 3146 2931 3219 Πλιήθας,
2950 3163 3061 3203 ω.

2377 3239 2717 3304 Soterichus,
2761 3255 2890 3294 xvn.

2376 3328 2714 3394 Thalassius,
2751 3343 2860 3384 xvi.
2891 3331 2907 3349 '
2937 3326 3109 3384 Firmi
3135 3327 3277 3385 forte
3310 3327 3366 3384 in
3395 3328 3717 3400 episcopatu
3755 3344 3876 3387 suo

2305 3437 2695 3565 ωεῖιῖἓιάοιιιε
2718 3509 3035 3580 episcopus.
3063 3525 3192 3564 xxu.
3223 3513 3240 3532 θ
3272 3508 3435 3566 Forte
3463 3508 3808 3582 Anqranus.

2374 3600 2628 3657 Valerius
2647 3601 2961 3672 episcopus,
2987 3617 3205 3657 xxxvm.

2375 3692 2729 3760 Volusianus,
2753 3709 2878 3748 xxv.

2314 3848 2502 3904 Patav.
2537 3846 2694 3902 1709.

2371 3920 2449 3988 (ρ)
2481 3917 2694 3974 Fabric.
2728 3914 2863 3974 Bibl.
2895 3914 3012 3986 Cn,
3041 3925 3175 3975 tom.
3212 3915 3328 3986 VII,
3356 3933 3415 3991 p.
3444 3918 3554 3977 ΜΞ
3572 3933 3730 3991 seqq.
