4128 6324
266 372 283 425 i
307 370 393 425 197

1714 373 2087 429 EPIS'I’OLIE.

3394 381 3530 437 I493

261 490 317 540 iv
358 491 421 557 τῇ
473 486 627 539 πόλει
673 486 929 551 γενέσθαι
984 489 1369 559 περίϐλεπτος,
1401 490 1573 560 δῶρον
1617 491 1714 558 τῆς
1748 492 1843 560 σῆς

1951 492 2258 548 maritimos
2295 494 2607 564 superaret,
2640 501 2696 548 et
2733 509 2762 547 a
2809 494 3024 549 civibus
3055 497 3313 550 omnibus
3348 514 3531 566 susp»

261 584 340 644 1L;
370 583 515 652 ήμές
540 579 853 651 φιλοτιμίας
871 580 1040 645 ἄξιον.

861 783 946 835 ις’.
983 783 1231 851 narro.

330 891 457 954 Τοῖς
489 893 778 963 συντυχίας
806 896 1003 965 ἐρῶσιν
1030 892 1188 964 ίκανὴ
1225 896 1319 947 καὶ
1361 893 1513 957 ἡδεῖα
1540 893 1647 945 τῶν
1662 911 1844 964 γραμ-

263 985 450 1055 μάτων
482 983 689 1052 γίνεται
718 986 923 1056 ὁμιλία,
963 986 1091 1039 ὅταν
1126 984 1307 1057 πολλῷ
1342 984 1419 1055 τῷ
1449 985 1598 1057 μέσῳ
1622 985 1843 1053 διαστή-

264 1092 392 1147 ματι
422 1077 626 1147 τύχωσι
673 1077 1048 1149 χωριζόμενος..
1116 1079 1183 1130 Ὃ
1225 1077 1290 1147 δὴ
1317 1078 1412 1131 καὶ
1460 1078 1581 1145 ἐμοὶ
1624 1076 1717 1130 ἐπὶ
1742 1076 1842 1146 τῆς

263 1165 538 1237 ὑμετέρας
596 1168 906 1240 συμϐέϐηκε
958 1170 1459 1242 μεγαλοπρεπείας.
1530 1170 1843 1239 Ἐφιέμενος

260 1258 371 1328 γὰρ
401 1259 502 1330 τῆς
553 1262 835 1326 συνουσίας
877 1262 975 1331 τῆς
1005 1263 1276 1334 ὑμετέρας
1311 1262 1555 1332 ἐπέθηκα
1587 1262 1685 1331 τὴν
1721 1252 1844 1314 επι-

258 1352 473 1423 στολὴν,
507 1354 736 1407 ἐπινοῶν
767 1354 1017 1408 ἐντεῦθεν
1051 1355 1273 1427 ἐμαυτῷ
1293 1356 1391 1423 τῆς
1414 1352 1707 1425 ἐπιθυμίας
1737 1370 1843 1407 πα·
1872 1396 1875 1397 ν

260 1447 529 1517 ραψυχήν.
564 1449 624 1500 Εἰ
654 1444 747 1501 οὖν
780 1448 928 1518 παρὰ
955 1452 1021 1520 τῇ
1049 1448 1445 1519 θαυμασιότητι
1482 1446 1635 1515 ὑμῶν
1665 1446 1842 1500 τοιοῦ-

254 1553 345 1600 τος
373 1540 503 1607 περὶ
528 1539 686 1608 ἡμῶν
716 1541 745 1592 ὁ
766 1540 924 1608 λόγος
948 1581 960 1600 .
987 1540 1304 1602 διατελεῖτε,
1342 1540 1437 1592 καὶ
1476 1539 1840 1609 μεμνημένοι,

256 1630 349 1682 καὶ
396 1630 723 1698 γράφοντες·
766 1631 953 1701 ἐπειδὴ
1004 1633 1217 1695 τούτοις
1250 1629 1508 1696 αὔξεσθαι
1544 1631 1693 1696 φιλία
1745 1633 1844 1685 πέ-

253 1737 392 1790 φυκε
401 1742 446 1773 ν.

822 1836 954 1888 KA'.
988 1834 1271 1906 ΠΛΙΗΘᾼ.

330 1937 400 1996 Ὀ
432 1942 545 2004 τοῖς
591 1941 993 2013 δανειζομένοις
1028 1945 1117 1997 διὰ
1145 1944 1339 1999 πενίαν
1380 1946 1609 2013 γίνεται,
1635 1947 1696 1999 τὸ
1729 1949 1843 2009 τοῖς

252 2035 497 2106 πρώτοις
539 2036 852 2109 ὀφλήμασιν
906 2038 1204 2093 ἐπιτιθέναι
1262 2039 1355 2093 καὶ
1387 2039 1637 2113 δεύτερα,
1687 2040 1844 2093 τοῦτο

252 2126 425 2195 κάμοὶ
456 2127 574 2181 νυνὶ
619 2126 708 2181 διὰ
739 2126 835 2199 τὴν
862 2128 1173 2200 ἀρρωστίαν
1216 2128 1554 2199 συμϐέϐηκε,
1586 2129 1680 2181 καὶ
1711 2129 1845 2198 πρός

251 2233 412 2289 τερον
438 2219 540 2288 τῆς
584 2220 873 2289 συντυχίας
901 2220 1343 2289 διαμαρτάνοντι,
1396 2221 1491 2274 καὶ
1528 2220 1623 2275 νῦν
1656 2222 1714 2274 οὐ
1757 2221 1847 2273 δυ-

251 2310 471 2382 νηθέντι
504 2311 593 2363 τὸν
645 2311 742 2383 τῆς
776 2312 1086 2383 ὁδοιπορίας
1119 2313 1419 2383 ὑποστῆναι
1454 2313 1642 2367 κόπον.
1685 2311 1846 2365 Ἀλλὰ

254 2402 569 2473 συγγνῶναι
614 2406 647 2475 ἠ
706 2404 1154 2475 μεγαλοπρέπειά
1209 2421 1303 2458 σου
1337 2405 1725 2472 καταξιώσασα
1755 2406 1847 2458 καὶ

253 2497 482 2567 μνήμης
515 2496 664 2565 ἡμᾶς
694 2495 948 2562 ἀξιούτω,
985 2498 1078 2549 καὶ
1124 2498 1450 2567 γράμμασιν
1498 2498 1842 2567 ἀμειψάσθω,

254 2586 344 2640 ἵνα
369 2587 445 2657 μὴ
474 2587 575 2657 τὴν
613 2586 797 2657 φιλίαν
834 2588 933 2660 τῆς
978 2588 1319 2658 ἀπολείψεως
1362 2587 1686 2659 ἀμαυρώσει
1714 2589 1847 2659 χρό-

252 2693 365 2744 νος.

503 2811 633 2868 KB'.
699 2811 1007 2882 ΘΕΟΔΟΤῼ
1053 2815 1407 2885 ΕΠΙΣΚΟΠῼ
1436 2816 1567 2883 (εδ).

327 2922 440 2977 Καὶ
455 2924 555 2994 τὴν
574 2924 821 2993 γλῶτταν
855 2924 1298 2994 Ἐλληνισμένον,
1326 2924 1421 2977 καὶ
1443 2924 1607 2994 ἤθους
1631 2940 1846 2993 μετριο-

254 3029 384 3087 τητι
412 3015 717 3087 χρώμενον,
741 3016 1071 3086 εὐπατρίδην
1100 3033 1158 3069 τε
1184 3016 1336 3079 ὄντα,
1362 3017 1457 3070 καὶ
1480 3016 1696 3078 πολλοῖς
1718 3016 1846 3086 τρό-

260 3123 387 3171 ποις
414 3107 701 3160 δεικνύντα
733 3108 833 3177 τῆς
863 3108 1142 3175 εὐγενείας
1170 3108 1468 3178 τεκμήρια,
1498 3108 1562 3160 ὲκ
1585 3108 1683 3177 τῆς
1706 3106 1849 3176 ἑῴας

1946 592 2196 649 ceretur;
2233 602 2435 641 munus
2467 596 2563 641 tuo
2589 588 2643 642 in
2669 602 2773 641 nos
2820 586 3006 642 studio
3036 596 3091 643 et
3137 588 3527 646 benevolentia

1945 677 2193 747 dignum.

2545 793 2662 847 XX.
2706 793 2950 851 LAUSO.

2014 906 2088 963 Iis
2118 904 2214 976 qui
2249 906 2567 962 conversari
2619 921 2805 961 coram
2855 908 3109 978 cupiunt,
3151 910 3446 970 succurrit,
3474 920 3533 966 et

1945 1000 2105 1055 dulce
2132 1006 2218 1054 est
2242 1014 2339 1069 per
2363 997 2580 1053 litteras
2615 1000 2877 1070 colloqui,
2904 1016 3031 1055 cum
3060 1001 3222 1071 longo
3258 1010 3530 1057 terrarum

1945 1090 2124 1161 spatio
2147 1097 2276 1144 sunt
2302 1089 2448 1143 inter
2468 1103 2526 1143 se
2545 1087 2829 1157 disjuncti.
2861 1090 3010 1145 ldem
3041 1106 3207 1161 porro
3236 1092 3371 1145 mihi
3402 1107 3531 1162 erga

1944 1181 2410 1253 magniﬁcentiam
2443 1191 2678 1236 vestram
2709 1182 2929 1237 accidit.
2965 1182 3265 1239 Enimvero
3293 1184 3533 1255 colloqui

1943 1272 2232 1327 vobiscum
2286 1271 2628 1337 desiderans,
2658 1272 2949 1343 epistolam
2999 1273 3069 1329 ad
3117 1290 3214 1329 vos
3256 1274 3405 1340 dedi,
3444 1290 3536 1330 ra-

1948 1366 2153 1421 tionem
2184 1367 2499 1437 excogitans
2532 1382 2638 1436 qua
2677 1366 3016 1422 desiderium
3042 1367 3149 1423 hoc
3173 1384 3355 1423 meum
3386 1368 3536 1423 leva-

1946 1475 2084 1513 rem.
2113 1458 2272 1526 Quod
2312 1460 2355 1514 si
2382 1476 2412 1514 a
2447 1458 2796 1515 miriﬁcentia
2828 1470 3016 1516 vestra
3052 1461 3121 1517 de
3149 1461 3310 1517 nobis
3341 1461 3536 1532 hujus-

1945 1552 2094 1607 modi
2146 1553 2286 1607 ratio
2340 1552 2606 1618 habetur,
2654 1553 2956 1609 identidem
3013 1553 3186 1610 nostri
3240 1569 3533 1623 memores,

1946 1646 2173 1703 scribite
2212 1666 2223 1700 :
2262 1646 2351 1701 his
2383 1648 2531 1701 enim
2567 1645 2810 1701 amicitia
2846 1645 3034 1717 augeri
3069 1645 3228 1701 solet.

2446 1824 2587 1878 XXI.
2630 1822 2971 1879 PLIETHIE.

2017 1940 2171 2007 Quod
2239 1939 2421 1994 fenori
2486 1937 2891 2008 accipientibus
2951 1944 3181 2007 prOpter
3238 1944 3537 2006 egestatem

1947 2033 2245 2087 usuvenire
2273 2032 2436 2095 solet,
2462 2040 2523 2085 ut
2544 2046 2740 2100 nempe
2766 2029 2970 2086 debitis
2993 2028 3276 2100 prioribus
3298 2027 3540 2084 secunda

1946 2125 2243 2196 adjiciam;
2304 2124 2452 2178 idem
2502 2137 2653 2177 nunc
2704 2121 2842 2176 mihi
2892 2130 3119 2191 propter
3163 2120 3539 2176 infirmitatem

1947 2216 2197 2287 corporis
2226 2215 2449 2279 accidit,
2477 2222 2538 2269 ut
2573 2228 2904 2285 congressus
2934 2223 3098 2282 atque
3140 2212 3399 2282 colloquii
3444 2226 3541 2282 spe

1947 2318 2107 2365 antea
2150 2309 2465 2371 frustratus,
2500 2323 2652 2363 nunc
2698 2306 2915 2363 itineris
2955 2306 3199 2361 laborem
3243 2305 3389 2361 ferre
3426 2319 3537 2359 non

1948 2418 2187 2473 possem.
2233 2400 2339 2457 Sed
2380 2400 2516 2455 mihi
2556 2400 2773 2456 veniam
2821 2398 2953 2454 dare
2995 2397 3403 2469 magniﬁcentia
3448 2403 3541 2451 tua

1947 2494 2225 2565 dignetur,
2264 2509 2374 2549 non
2414 2493 2682 2548 memoria
2722 2501 2936 2547 tantum
2979 2506 3075 2547 sua
3106 2490 3301 2561 dignos
3333 2503 3434 2545 nos
3458 2488 3539 2543 fa-

1949 2586 2123 2648 ciens,
2157 2585 2251 2640 sed
2295 2594 2488 2640 mutuo
2520 2585 2832 2641 litterarum
2862 2583 3042 2640 oﬂicio
3077 2580 3440 2652 respondens,
3471 2596 3542 2638 ne

1950 2678 2251 2733 amicitiam
2287 2687 2505 2749 tempus
2543 2694 2655 2750 quo
2690 2678 2977 2742 absumus,
3009 2676 3292 2732 obliteret.

2272 2808 2437 2863 XXII.
2476 2808 2849 2867 THEODO'I‘O
2887 2806 3241 2864 EPISCOPO.

2023 2920 2091 2974 Et
2142 2919 2326 2989 lingua
2366 2921 2557 2977 Graeca
2602 2922 2774 2991 probe
2811 2924 3166 2996 instructum,
3197 2930 3255 2976 et
3294 2918 3547 2975 moribus

1954 3012 2425 3067 modestissimum
2478 3028 2544 3068 ac
2586 3030 2955 3084 generosum,
3014 3016 3313 3083 multisque
3366 3012 3548 3068 modis

1954 3105 2262 3161 nobilitatis
2297 3116 2448 3163 certa
2487 3107 2639 3178 signa
2664 3109 3070 3173 ostendentem,
3097 3108 3166 3163 ab
3193 3108 3420 3163 Oriente
3446 3123 3545 3162 ve-

257 3199 468 3271 ἦκοντα
491 3199 640 3253 τόνδε
675 3199 836 3263 αὑτός
881 3217 940 3253 τε
990 3200 1336 3271 ὑπεδεξάμην
1369 3200 1508 3271 μετὰ
1541 3200 1846 3271 μαρτυρίας

1953 3197 2198 3253 nientem
2249 3198 2447 3263 istum,
2492 3214 2604 3254 non
2649 3201 2827 3255 solum
2878 3201 2995 3272 ipse
3040 3201 3281 3272 hospitio
3330 3202 3544 3270 excepi,

256 3291 366 3346 τῶν
396 3294 580 3346 ἐκεῖσε
612 3293 951 3355 ἐπισκόπων,
977 3292 1071 3344 καὶ
1092 3294 1157 3363 τῇ
1182 3292 1421 3363 ὀσιότητί
1441 3309 1534 3347 σου
1555 3292 1777 3362 συνίστη
1787 3310 1847 3361 μι

255 3384 351 3438 ἐπὶ
389 3384 489 3454 τὴν
546 3383 788 3455 μεγάλην
831 3383 1135 3438 σπεύδοντα
1181 3383 1357 3444 πόλιν.
1397 3382 1483 3435 ἵνα
1516 3383 1643 3435 ἰδεῖν
1685 3381 1848 3435 αὐτὸν

256 3476 602 3542 καταξιώσας
638 3478 903 3547 εὐμενῶς,
941 3479 1035 3531 καὶ
1064 3478 1138 3539 ὡς
1169 3480 1233 3548 τῇ
1276 3476 1559 3549 θεοσεϐείᾳ
1594 3493 1688 3530 σου
1723 3477 1849 3530 σύνα

255 3568 411 3640 ηθες,
445 3570 845 3641 εύπετεστέραν
869 3569 1019 3639 αύτῷ
1048 3569 1281 3640 ποιήσῃς
1309 3567 1408 3638 τὴν
1447 3568 1537 3621 ἐπὶ
1566 3570 1678 3629 τοῖς
1715 3585 1846 3639 προσ

260 3664 538 3734 κειμένοις
571 3662 712 3717 ὁδόν.

808 3881 935 3935 Kl".
974 3883 1292 3956 εγθΗΡιᾳ.

328 3999 589 4068 Χρήστης
611 3997 722 4050 τισὶ
745 3997 854 4051 τῶν
887 3998 991 4050 ὑπὸ
1024 3998 1120 4068 τὴν
1152 3997 1465 4053 θεοσέϐειαν
1496 4015 1591 4052 σου
1623 4000 1849 4067 γέγονεν

256 4091 287 4144 ὁ
320 4091 489 4155 δεῖνα,
552 4091 648 4145 καὶ
702 4091 908 4146 τούτων
952 4090 1129 4162 τυχὼν
1180 4093 1517 4163 ἀγνωμόνων
1568 4093 1690 4146 ἀντὶ
1739 4093 1849 4146 τῶν

258 4186 559 4256 χρημάτων
588 4184 743 4249 δίκας
778 4185 891 4256 ἔχει
910 4186 1005 4238 καὶ
1026 4185 1348 4255 πράγματα.
1372 4179 1471 4238 Ὧν
1494 4184 1657 4239 ἕνεκα
1686 4187 1851 4257 πρόσ-

257 4293 399 4330 εισιν
456 4276 715 4331 ἱκετεύων
752 4278 860 4330 τῶν
911 4274 1136 4330 δικαίων
1192 4280 1395 4348 τυχεῖν.
1450 4278 1689 4343 Τούτους
1734 4296 1849 4333 συν-

254 4367 515 4438 ιλαθῆναι
550 4368 685 4439 πρὸς
737 4367 1158 4439 εὐγνωμοσύνην
1206 4368 1517 4423 κελευσέιτω
1555 4371 1587 4440 ἡ
1634 4370 1850 4441 ὁσιότης

260 4477 375 4521 σου,
414 4461 546 4530 ἡμῖν
598 4477 657 4513 τε
712 4460 1067 4531 χαριζομένη,
1116 4461 1211 4514 καὶ
1245 4462 1334 4513 τὸν
1388 4463 1479 4515 ἐπὶ
1532 4462 1611 4532 τῷ
1655 4463 1849 4533 δικαίῳ

255 4552 496 4607 ἀνύοντα
526 4551 745 4623 δρόμον.

1952 3306 2144 3345 eorum
2179 3291 2274 3361 qui
2315 3292 2430 3347 illic
2472 3302 2601 3347 sunt
2644 3294 3031 3364 episcoporum
3067 3294 3385 3349 testimonio
3420 3309 3545 3348 mu-

1953 3385 2151 3449 nitum,
2187 3399 2382 3439 verum
2407 3392 2464 3439 et
2489 3384 2768 3439 sanctitati
2801 3393 2907 3440 tua:
2932 3384 3260 3441 commendo
3285 3384 3548 3440 festinan-

1954 3485 2064 3531 tem
2101 3476 2170 3532 ad
2212 3492 2464 3548 magnam
2512 3478 2732 3542 urbem,
2775 3485 2836 3531 ut
2866 3485 2923 3532 et
2964 3477 3145 3547 ipsum
3182 3477 3416 3549 benigne
3452 3476 3538 3531 di—

1951 3570 2135 3639 gneris
2182 3571 2454 3639 accipere,
2489 3578 2676 3639 atque,
2709 3570 2790 3625 uti
2829 3570 3019 3640 pietati
3069 3577 3174 3625 tua:
3217 3577 3542 3625 consuetum

1952 3677 2015 3715 ac
2048 3661 2319 3715 familiare
2349 3670 2453 3723 est,
2483 3661 2587 3730 ipsi
2618 3662 2683 3715 ad
2716 3679 2779 3716 ea
2809 3679 2934 3731 qua:
2974 3662 3080 3716 sibi
3120 3661 3428 3732 proposuit,
3459 3659 3547 3715 fa-

1952 3752 2202 3807 ciliorem
2226 3751 2372 3805 viam
2408 3760 2613 3807 struas.

2442 3884 2631 3940 XXIII.
2675 3884 3049 3941 EUTIIERIO.

2026 3998 2403 4066 Quorumdam
2438 3999 2532 4069 qui
2580 3998 2770 4068 pietati
2812 4008 2920 4053 tua:
2964 3997 3201 4069 subjecti
3235 4006 3384 4061 sunt,
3421 4012 3549 4053 cre-

1952 4092 2101 4146 ditor
2146 4092 2372 4163 quidam
2418 4103 2503 4147 est
2549 4092 2749 4157 factus,
2793 4100 2960 4161 atque
3012 4090 3115 4145 hos
3158 4090 3401 4160 ingratos
3437 4087 3549 4144 sibi

1952 4184 2261 4249 oll‘endens,
2289 4200 2392 4255 pro
2434 4186 2679 4239 nummis
2711 4185 2838 4240 lites
2872 4194 2929 4239 et
2956 4184 3265 4240 molestiam
3305 4183 3410 4239 sibi
3454 4199 3547 4239 re-

1954 4279 2121 4334 tribui
2164 4279 2333 4334 videt.
2377 4278 2585 4334 Horum
2630 4294 2795 4334 causa
2840 4278 2908 4333 ad
2941 4293 3041 4333 vos
3084 4277 3291 4333 accedit
3334 4277 3545 4347 suppli-

1952 4388 2105 4436 cans,
2141 4380 2201 4425 ut
2241 4372 2331 4442 jus
2361 4371 2639 4426 --obtinere
2685 4371 2881 4441 possit.
2927 4370 3038 4426 Eos
3080 4369 3247 4441 igitur
3289 4366 3544 4437 compelli

1952 4463 2020 4518 ad
2056 4464 2370 4535 aequitatem
2406 4465 2601 4535 jubeat
2639 4464 2902 4519 sanctitas
2932 4472 3047 4528 tua,
3079 4478 3166 4518 me
3196 4475 3548 4531 summopere

1881 4553 1925 4609 Ι)
1954 4557 2059 4613 sibi
2091 4558 2181 4612 det
2201 4558 2416 4612 iactura
2446 4567 2501 4611 et
2521 4557 2749 4627 iustitia:
2774 4571 2998 4610 cursum
3026 4554 3367 4626 expeditum.

1364 4734 1517 4789 ΗΠ).
1559 4735 1718 4789 ΑΝΤ.
1764 4733 2145 4791 MUBATORII
2185 4732 2410 4789 ΧΟΤΛΞ.

333 4890 444 4961 (23)
487 4889 773 4961 Theodoto
811 4891 1071 4960 episcopo
1109 4892 1401 4959 quemdam
1443 4892 1658 4946 Firmus
1695 4908 1847 4946 com—

257 4959 487 5018 mendat
523 4976 590 5015 ex
626 4959 849 5015 Oriente
902 4959 1249 5025 venientem,
1294 4972 1352 5016 ut
1398 4963 1447 5017 ei
1496 4962 1565 5017 sit
1612 4973 1845 5031 praasto,

265 5033 709 5103 benevolumque
741 5047 797 5086 se
826 5032 1105 5096 exhibeat,
1158 5041 1321 5103 atque
1373 5035 1493 5103 ejus
1550 5034 1849 5103 negotiain

262 5104 391 5160 urbe
421 5119 616 5172 magna
643 5102 835 5174 juvet,
856 5102 960 5157 hoc
986 5111 1201 5174 estaut
1235 5102 1716 5174 Constdntinopbli,
1754 5113 1850 5159 aut

260 5174 570 5229 Antioclziw.
622 5173 704 5227 Ab
754 5173 1028 5243 episcopis
1070 5172 1445 5230 Orientalibus
1481 5172 1743 5242 epistolas
1780 5176 1847 5230 ad

263 5245 508 5299 Firmum
543 5243 742 5298 tulerat
780 5244 891 5307 ille,
933 5259 1131 5313 nempe
1174 5244 1374 5297 litteras
1429 5246 1708 5313 formatus,
1748 5262 1847 5314 per

262 5330 401 5384 quas
432 5314 616 5368 clerici
648 5315 701 5368 in
731 5314 867 5368 alias
899 5314 1164 5368 dimceses
1199 5315 1494 5384 profecturi
1532 5316 1599 5368 ab
1629 5316 1844 5384 cpisco-

264 5386 348 5455 pis
368 5385 486 5439 suis
507 5385 929 5447 muniebantur,
964 5385 1036 5438 ita
1063 5394 1172 5438 uta
1198 5386 1425 5455 reliquis
1452 5386 1712 5440 Ecclesiis
1735 5403 1843 5441 non

260 5459 329 5509 ad
358 5456 803 5510 communionem
839 5465 1048 5510 tantum
1082 5471 1363 5510 sacrorum
1394 5456 1842 5520 admitterentur,

264 5525 361 5597 sed
404 5525 591 5587 etiam,
622 5525 715 5597 ubi
757 5528 1055 5581 necessitas
1094 5536 1363 5596 posceret,
1392 5528 1733 5597 juvarentur.
1771 5528 1845 5582 De

264 5594 463 5651 harum
512 5596 872 5666 epistularum
921 5598 1029 5651 ritu
1078 5594 1464 5653 ecclesiastica:
1512 5598 1847 5652 eruditionis

261 5668 510 5725 cultores
532 5668 689 5736 plura
719 5666 1011 5721 tradidere.
1043 5666 1461 5723 Animadvertas
1487 5669 1673 5727 etiam.
1703 5670 1846 5723 inter

265 5737 435 5808 hujus
484 5737 672 5793 cierici
730 5739 928 5805 (talem
984 5737 1130 5792 enim
1176 5754 1301 5793 eum
1356 5740 1522 5794 fuisse
1572 5740 1842 5805 arbitror)

265 5807 458 5863 laudes
486 5808 790 5879 computari
822 5808 1021 5862 Chron:
1066 5808 1262 5878 lingum
1291 5811 1562 5879 peritiam.
1597 5811 1841 5864 Fortasse

1950 4890 2391 4957 indevvcniebat,
2413 4891 2506 4945 ubi
2539 4891 2787 4946 (int-cum
2818 4892 3019 4946 idioma
3043 4908 3149 4945 non
3185 4900 3303 4945 erat
3333 4890 3384 4944 in
3419 4907 3542 4952 usu,

1950 4973 2044 5016 aut
2097 4963 2190 5015 ubi
2242 4962 2413 5015 moris
2453 4978 2562 5015 non
2610 4972 2731 5015 erat
2781 4972 2930 5017 recte
2973 4962 3124 5031 loqui
3170 4961 3542 5015 Grtecanicam

1950 5033 2213 5102 linguam.
2258 5034 2325 5087 At
2365 5032 2490 5102 quis
2523 5033 2613 5087 ille
2652 5032 2974 5088 Theodotus
3004 5033 3333 5102 episcottus?
3365 5032 3544 5086 Firmo

1950 5104 2006 5158 in
2049 5103 2305 5157 humanis
2341 5104 2591 5165 ﬂorente,
2626 5105 2812 5171 plures
2852 5103 3101 5171 ejusdem
3145 5104 3384 5157 nominis
3422 5103 3543 5171 epi-

1951 5175 2101 5244 scopi
2135 5175 2310 5235 fuere,
2338 5174 2599 5228 nimirum
2630 5174 2938 5245 Antiochia},
2976 5174 3198 5245 Ancyra:
3220 5178 3274 5226 tu
3303 5172 3539 5245 Galatia.

1954 5243 2117 5314 Myso:
2153 5255 2208 5300 et
2241 5245 2422 5316 Nysam
2461 5244 2724 5315 episcopi.
2768 5243 3174 5299 Antiochenam
3226 5252 3407 5316 tamen
3454 5243 3543 5298 hic

1956 5315 2303 5386 signiﬁcari,
2341 5316 2456 5369 veri
2505 5316 2638 5369 mihi
2688 5315 2917 5386 videtur
2963 5315 3439 5386 simile,_quippe,
3484 5326 3544 5369 ut

1955 5384 2191 5449 aiebam,
2228 5386 2331 5441 sub
2371 5403 2578 5456 magna:
2610 5385 2753 5440 urbis
2785 5387 3007 5441 nomine
3044 5397 3137 5440 aut
3169 5384 3543 5456 Constantino—

1956 5458 2139 5528 polim,
2175 5466 2270 5511 aut
2301 5455 2632 5528 Antiochiam
2665 5456 2881 5528 Firmus
2909 5459 3101 5527 procul
3126 5455 3539 5528 dubiogintelli-

1954 5526 2049 5598 git.
2084 5529 2422 5583 Postremum
2461 5527 2651 5582 urbem
2696 5526 3014 5583 Theodotus
3052 5526 3349 5597 episcopali
3388 5526 3535 5598 virga

1957 5596 2197 5668 regebat.
2233 5599 2292 5653 In
2330 5600 2517 5668 priore
2552 5614 2705 5663 vero,
2733 5615 2857 5653 cum
2889 5600 2954 5653 Α.
2984 5600 3044 5653 C.
3087 5596 3213 5661 2426,
3244 5596 3536 5653 concilium

1954 5686 1982 5722 a
2022 5668 2265 5725 Sisinnio
2296 5670 2904 5739 Constantinopolitano
2938 5670 3198 5740 episcopo
3231 5668 3540 5740 celebrare-

1958 5751 2064 5801 tur,
2097 5749 2153 5793 et
2185 5740 2300 5811 ipse
2331 5741 2524 5805 adfuit,
2561 5738 2699 5795 teste
2741 5740 2937 5795 Pltotio
2971 5738 3071 5795 rod
3113 5738 3200 5801 tu,
3228 5747 3278 5791 et
3312 5738 3537 5791 Baluzio

1956 5812 2007 5864 in
2042 5812 2189 5865 ,κήν-η
2227 5812 2407 5865 t'nHt‘rt
2460 5811 2818 5864 ronrilinrum.
