4128 6324
607 344 729 397 ibi!

1710 340 1899 396 Filllll
1937 334 2404 396 (JALSAIHENSIS
2446 333 2741 392 lil’lSCOi‘l

3706 335 3849 395 1312

600 472 745 523 nam,
780 456 1046 511 bellorum
1096 456 1398 519 materiem,
1432 457 1588 525 cujus
1612 456 2022 525 pulchritudine
2062 474 2166 510 non

2281 474 2366 509 ναν
2403 455 2655 524 πολέμων
2698 454 2972 517 ὑπόθεσιν,
3011 449 3076 524 ἧς
3112 454 3204 505 τοῦ
3240 453 3465 518 κάλλους
3498 456 3554 507 ἐν
3600 455 3833 508 ἀπολαύο

598 548 692 601 diu
726 563 811 601 me
836 547 1136 612 oblectans,
1172 563 1312 617 saepe
1354 562 1475 601 eam
1524 547 1591 601 ad
1634 556 1685 601 te
1729 550 2008 604 remittere
2039 565 2169 603 con-

599 637 774 701 stitui,
811 637 1002 692 eadem
1028 650 1186 693 utens
1210 637 1626 702 deliberatione,
1657 638 1819 708 quam
1845 639 2064 710 Trojani
2103 640 2170 693 de

599 726 845 795 ejusdem
888 728 1123 782 nominis
1155 727 1355 782 femina
1387 727 1648 781 habuere.
1684 729 1954 798 Equidem
1992 730 2046 783 in
2074 746 2173 800 pu-

600 837 704 889 gna
731 820 1100 881 diuturniora,
1128 836 1290 889 quam
1322 835 1444 888 quae
1475 819 1543 872 ab
1566 819 1700 889 ipsis
1727 829 1881 889 gesta
1921 829 2026 883 est,
2066 822 2173 874 huc

602 928 777 985 usque
822 916 1164 984 perseveravi
1198 932 1210 966 :
1244 914 1467 985 quidam
1502 915 1682 974 enim,
1722 929 1845 967 cum
1883 916 2021 968 hanc
2055 915 2173 983 pul—

602 1005 969 1059 chritudinem
995 1015 1293 1074 expeteret.
1319 1008 1623 1061 molestiam
1648 1007 1782 1060 mihi
1813 1017 1868 1062 et
1895 1008 2173 1076 negotium

602 1096 872 1159 exhibuit,
909 1097 1089 1151 nullas
1113 1097 1168 1151 in
1208 1096 1444 1166 petendo
1482 1098 1667 1152 ferens
1696 1097 1965 1160 inducias,
1996 1112 2173 1165 neque

604 1188 826 1242 brevem
888 1188 1349 1242 intermissionem
1395 1188 1533 1242 dans
1578 1204 1772 1259 pugnm
1816 1198 2011 1243 :tanto
2046 1204 2174 1258 erga

603 1277 749 1332 illam
781 1279 1013 1348 quisque
1051 1280 1448 1334 incendebatur
1480 1295 1685 1334 amore.
1722 1281 1830 1333 Nec
1864 1280 2171 1333 immerito:

601 1369 695 1437 qui
738 1371 885 1423 enim
927 1385 1036 1423 non
1073 1362 1216 1440 capti
1255 1370 1491 1425 fuissent
1537 1370 1607 1424 ab
1660 1370 1821 1440 hujus
1866 1369 2175 1439 pulchritu-

602 1459 749 1525 dine,
779 1476 899 1530 quac
935 1459 1104 1515 forma
1146 1462 1282 1516 adeo
1323 1471 1562 1530 prastat,
1600 1462 1899 1531 habituque
1928 1461 2177 1529 corporis

600 1560 657 1605 et
682 1553 882 1622 pedum
913 1552 1239 1622 pernicitate
1263 1562 1514 1617 ornatur,
1547 1561 1607 1607 ut
1650 1569 1755 1607 una
1784 1552 1940 1606 ruina
1986 1567 2177 1606 omnes

603 1646 805 1716 ubique
834 1648 1049 1715 lepores
1069 1646 1444 1705 conciderent.
1476 1647 1732 1701 timentes
1761 1661 1825 1700 ac
1854 1653 2173 1708 trementes,

601 1739 819 1810 quoties
848 1738 1060 1793 Helenae
1084 1738 1347 1794 adversus
1373 1740 1518 1807 ipsos
1540 1738 1945 1807 espeditionem
1970 1737 2177 1792 audiis—

2275 563 2356 599 σει
2384 546 2619 614 γεγονὼς
2656 543 2882 617 βραχείᾳ
2919 546 2999 607 εἰς
3029 543 3129 605 τὰς
3170 543 3267 606 σὰς
3298 546 3557 607 πολλάκις
3592 547 3849 614 ἀναπέμ-

2275 653 2396 689 πειν
2440 637 2675 707 ὥρμησα
2724 639 2940 706 χεῖρας,
2986 630 3072 687 οἶα
3115 635 3179 705 δὴ
3215 636 3401 706 Τρῶες
3456 636 3853 688 ἐϐουλεύσαντο

2275 722 2400 791 περὶ
2429 724 2528 790 τῆς
2556 723 2868 794 ὁμωνύμου.
2917 722 3060 789 Ἐγὼ
3102 722 3200 793 μὲν
3233 725 3570 794 μακρότερον
3608 725 3851 792 πόλεμον

2274 809 2305 877 ἣ
2347 810 2464 861 κατ’
2505 812 2703 873 αὐτοὺς
2752 813 3156 883 πολεμούμενος
3198 815 3359 885 μέχρι
3410 814 3505 869 νῦν
3544 816 3849 868 διετέλεσα.

2276 898 2370 960 T‘t;
2408 903 2515 970 γὰρ
2550 904 2607 952 ἐν
2638 905 2820 970 ἐφέσει
2854 905 2949 972 τῆς
2988 904 3186 974 ταύτης
3236 904 3568 975 ὡραιότητυς
3606 905 3851 973 γεγονὼς

2276 992 2335 1056 ὃς
2367 994 2443 1061 ια)
2468 994 2667 1059 κόπους
2694 999 2817 1067 ἐμοὶ
2845 1000 3086 1069 παρέσχε
3117 1000 3205 1054 καὶ
3234 1001 3559 1071 πράγματα,
3589 1002 3852 1071 οὐδεμίαν

2276 1086 2586 1155 ἐκεχειρίαν
2628 1088 3045 1160 ἀσπαζόμενος,
3092 1093 3212 1145 οὐδὲ
3254 1091 3511 1163 βραχεῖαν
3555 1095 3853 1163 ἀνακωχὴ-ι

2276 1177 2449 1239 διδοὺς
2479 1178 2557 1246 τῷ
2587 1179 2803 1248 πολέμῳ
2827 1198 2838 1209 -
2870 1183 3123 1246 τοσοῦτος
3161 1180 3227 1241 ἦν
3260 1186 3287 1236 ὁ
3318 1178 3522 1248 πάντας
3555 1185 3642 1237 ἐπ’
3675 1186 3853 1257 αὐτὴν

2279 1271 2442 1324 κινῶν
2471 1272 2671 1344 θερμὸς
2700 1274 2857 1343 ἔρως.
2890 1274 3144 1340 Εἰκότως.
3183 1279 3246 1330 Τί
3276 1279 3331 1331 δὲ
3358 1280 3455 1331 οὐκ
3485 1278 3711 1347 ἔμελλον
3741 1277 3851 1330 τῶν

2277 1361 2480 1431 ταύτης
2515 1362 2775 1432 ἡττᾶσθαι
2812 1363 3012 1427 καλῶν,
3059 1366 3178 1437 ὥρᾳ
3210 1367 3459 1435 σώματος
3510 1368 3809 1438 εύεχούσης
3831 1411 3847 1431 ,

2282 1450 2481 1533 σχέσει,
2518 1453 2611 1504 καὶ
2638 1454 2907 1524 ποδωκείᾳ
2935 1451 2993 1507 εὖ
3034 1458 3177 1525 μάλα
3209 1460 3609 1528 κοσμουμένης,
3641 1460 3717 1523 ὡς
3750 1462 3853 1530 μιᾷ

2280 1544 2481 1596 πτώσει
2534 1546 2854 1616 κατέχεσθαι
2907 1549 3115 1612 πάντας
3158 1554 3282 1614 τοὺς
3324 1554 3573 1621 πανταχῆ
3626 1553 3854 1617 πτῶκας

2279 1634 2585 1700 δεδοικότας
2612 1677 2627 1698 ,
2662 1640 2751 1691 καὶ
2782 1640 3081 1711 τρέμοντας
3103 1681 3117 1701 ,
3164 1643 3349 1706 ὁσάκις
3380 1644 3445 1696 ἂν
3501 1645 3718 1714 Ἑλένης
3751 1644 3855 1715 τὴν

2281 1726 2402 1778 κατ’
2452 1729 2633 1784 αὐτῶν
2690 1733 2980 1800 στρατείαν
3030 1732 3340 1797 πύθωνται;
3392 1734 3591 1787 Τούτου
3652 1736 3709 1789 δὲ
3757 1735 3855 1789 τοῦ

603 1828 769 1887 senti
803 1829 917 1884 [Ioc
958 1836 1140 1883 autem
1180 1836 1328 1881 metu
1358 1828 1479 1881 illos
1503 1829 1596 1898 qui
1627 1829 1771 1898 apud
1804 1844 1905 1883 nos
1938 1829 1993 1884 in
2024 1844 2177 1883 mon—

2281 1818 2431 1880 δέους
2456 1820 2743 1890 ἀπήλλαξα
2769 1824 2892 1886 τοὺς
2921 1824 3048 1893 παρ’
3072 1826 3206 1901 ἡμὶν
3231 1826 3287 1876 ἐν
3312 1828 3426 1887 τοῖς
3456 1825 3605 1895 ὄρεσι
3644 1827 3859 1894 διάὶόνο

603 1921 753 1975 tibus
780 1921 1001 1989 degunt,
1028 1918 1279 1983 liberavi,
1313 1918 1358 1973 si
1386 1919 1512 1988 quis
1554 1918 1784 1974 fortasse
1811 1929 2059 1989 superest
2082 1921 2177 1991 qui

603 2011 821 2068 latendo
849 2010 1011 2079 hujus
1030 2009 1370 2064 celeritatem
1399 2011 1643 2080 effugere
1678 2011 1940 2079 potuerit.
1975 2011 2055 2066 Tu
2080 2013 2181 2082 igi-

603 2111 715 2165 tur,
767 2101 914 2154 omni
956 2115 1022 2155 ex
1064 2109 1217 2170 parte
1265 2099 1351 2153 vir
1402 2094 1790 2171 integerrime,
1850 2104 1979 2157 totis
2046 2103 2179 2157 viri-

602 2189 706 2245 bus
739 2192 881 2244 hanc
912 2190 1186 2245 demirare
1208 2207 1221 2243 :
1244 2191 1440 2260 exigua
1474 2193 1643 2256 enim,
1672 2202 1731 2247 ut
1766 2193 2029 2260 arbitrer,
2062 2195 2185 2253 laus

601 2283 781 2336 omnis
808 2284 936 2347 erit,
967 2296 1284 2351 quanquam
1312 2282 1367 2337 in
1399 2300 1521 2338 eam
1569 2295 1743 2339 totum
1775 2288 2032 2342 intendas
2066 2289 2183 2342 ani—

602 2388 773 2439 mum,
828 2373 875 2429 si
930 2373 1155 2444 quidem
1213 2389 1337 2429 cum
1384 2378 1505 2447 ejus
1548 2386 1900 2446 comparetur
1942 2380 2180 2433 dotibus.

602 2465 787 2520 Lauda
830 2476 1016 2520 autem
1043 2466 1265 2536 eloquio
1301 2483 1428 2522 eum
1461 2468 1555 2537 qui
1590 2469 1759 2532 misit,
1802 2469 2022 2533 blando,
2052 2471 2185 2524 sim-

604 2559 755 2628 plici.
790 2560 1057 2623 laconico,
1094 2560 1321 2614 concise
1353 2568 1409 2614 et
1444 2563 1593 2614 claro
1626 2579 1637 2612 :
1669 2577 1789 2630 qua:
1830 2578 1917 2617 res
1949 2564 2183 2617 maxime

603 2653 915 2706 orationem
954 2652 1423 2722 pulchritudinem
1472 2651 1689 2708 edicere
1727 2654 1926 2708 solent.
1983 2654 2183 2709 Verum

524 2782 533 2791 .
606 2746 792 2807 timeo,
826 2760 892 2798 ne
930 2745 1146 2814 lepores
1182 2745 1326 2799 hanc
1368 2744 1563 2799 adesse
1602 2746 1715 2816 jam
1756 2746 2187 2809 sentientes,fu-

604 2851 723 2905 gam
777 2844 1114 2905 capessant:
1160 2850 1383 2906 sagaces
1434 2837 1582 2891 enim
1631 2853 1755 2891 cum
1803 2838 1935 2902 sint,
1978 2839 2187 2893 malitia

603 2925 1005 2996 quodammodo
1030 2926 1107 2981 uti
1140 2936 1532 2987 consuescunt,
1573 2937 1631 2983 et
1671 2942 1738 2981 ex
1775 2938 2064 2983 ventorum
2091 2946 2187 2983 an-

606 3017 681 3069 ris
717 3031 812 3085 per
849 3031 977 3071 suos
1024 3032 1217 3071 sensus
1242 3032 1684 3087 praecognoscere
1711 3027 1948 3073 structas
1985 3020 2088 3074 sibi
2116 3020 2183 3074 ab

605 3105 881 3174 aliquibus
907 3106 1151 3161 insidias.
1195 3106 1273 3159 Ne
1308 3107 1413 3160 hoc
1440 3108 1605 3177 igitur
1634 3108 1874 3171 eveniat,
1914 3124 2051 3164 neve
2078 3110 2183 3164 illis

604 3209 673 3247 ex
696 3196 968 3249 sententia
1006 3197 1267 3250 succedat
1305 3206 1557 3261 conatus,
1594 3206 1810 3268 tempus
1837 3206 1940 3259 est,
1966 3210 2021 3253 ut
2046 3200 2189 3254 cele—

607 3290 720 3344 rior
751 3304 941 3344 eorum
980 3292 1390 3360 exspectatione
1436 3290 1492 3343 in
1524 3292 1649 3345 illos
1672 3293 1894 3361 eruptio
1936 3294 2026 3347 fiat
2070 3294 2189 3350 :sic

604 3382 749 3435 enim
792 3380 927 3434 mihi
959 3388 1215 3450 tanquam
1257 3379 1391 3434 tanti
1441 3381 1594 3434 exitii
1636 3383 1844 3436 auctori
1878 3384 2185 3437 convicium

605 3471 835 3537 facient;
866 3481 917 3526 te
944 3486 1097 3535 vero,
1122 3472 1325 3541 quippe
1349 3472 1443 3540 qui
1481 3487 1593 3525 rem
1619 3472 1758 3526 adeo
1784 3473 2037 3527 eximiam
2062 3490 2188 3544 pos-

607 3562 807 3625 sideas,
839 3561 1209 3615 mirabuntur.

1161 3697 1347 3754 XLIV.
1375 3698 1606 3753 EIDEM.

673 3812 916 3868 Venusta
953 3828 1106 3878 sane,
1144 3813 1396 3882 elegans,
1433 3813 1819 3884 eharitumque
1860 3816 2183 3885 plena.epi-

604 3902 763 3955 stola.
821 3902 967 3955 Illam
1006 3900 1235 3956 forsitan
1290 3903 1407 3972 ipsa
1455 3918 1703 3961 amorum
1753 3912 1927 3958 mater
1975 3906 2180 3958 variam

604 3992 888 4045 nominum
920 3991 1321 4060 compositione
1345 4007 1408 4047 ac
1428 3992 1687 4046 sensibus
1715 4001 1966 4046 ornatam
1995 3992 2183 4046 elabo-

607 4081 768 4137 ravit.
792 4081 1007 4135 Etenim
1033 4097 1157 4135 cum
1181 4098 1211 4136 a
1234 4084 1519 4137 nominum
1539 4083 1898 4137 similitudine
1927 4099 1957 4136 a
1984 4085 2178 4153 patria,

605 4181 770 4241 atque
819 4187 850 4227 a
903 4172 1107 4228 femina
1159 4190 1282 4243 qua:
1334 4174 1537 4229 bellum
1576 4175 1891 4237 concitavit,
1949 4191 2179 4244 quaeque

605 4272 829 4334 propter
869 4265 1101 4320 formam
1133 4282 1198 4321 ac
1246 4274 1591 4321 venustatem
1641 4267 1914 4321 celebrata
1947 4276 2052 4330 est,
2079 4267 2180 4321 du-

605 4360 754 4407 ctum
778 4355 847 4408 sit
878 4355 1189 4408 encomium
1220 4354 1522 4423 cineripedi
1549 4373 1559 4406 :
1595 4355 1719 4424 quis
1743 4357 1861 4425 ejus
1896 4364 2175 4409 auctorem

606 4456 715 4496 non
744 4444 1089 4498 admiretur?
1118 4444 1318 4498 Verum
1350 4445 1493 4497 inter
1513 4444 1707 4498 heroes
1735 4454 1783 4498 te
1812 4446 1987 4513 ipsum
2010 4445 2172 4498 etiam

607 4534 1007 4587 numerandum
1057 4533 1216 4587 nobis
1265 4532 1589 4595 exhibuisti,
1640 4542 1791 4587 tanto
1831 4534 1935 4588 illis
1979 4534 2174 4588 robore

608 4634 891 4694 praestans,
930 4635 1137 4695 quanto
1195 4624 1366 4693 magis
1404 4624 1612 4679 eisdem
1654 4626 1876 4679 fortium
1931 4626 2176 4679 virorum

606 4714 935 4783 suppetebat
969 4715 1159 4783 capia,
1210 4728 1334 4766 cum
1369 4713 1435 4766 ad
1473 4730 1705 4783 pugnam
1756 4716 1899 4768 acies
1940 4716 2177 4784 integras

2283 1928 2417 1972 τας,
2454 1910 2507 1961 εἴ
2541 1930 2624 1974 τις
2669 1914 2777 1983 ἄρα
2828 1932 2929 1966 που
2970 1912 3064 1968 καὶ
3110 1915 3510 1987 πριλέλειπται
3556 1918 3634 1988 τῷ
3670 1919 3857 1973 λαϐεῖν

2284 2003 2509 2071 ἰσχύσας
2537 2002 2818 2073 διαδρᾶναι
2851 2008 2945 2075 τὴν
2974 2006 3175 2075 ταύτης
3208 2007 3504 2078 ταχύτητα.
3535 2009 3605 2062 Σὺ
3632 2009 3711 2074 δὲ,
3745 2014 3859 2074 τοῖς

2285 2096 2471 2155 πᾶσιν,
2498 2096 2778 2157 ὁσιώτατε,
2811 2096 3057 2164 Θαύμαζε
3086 2100 3182 2169 μὲν
3208 2100 3413 2171 ταύτην
3444 2102 3567 2155 ὅσον
3597 2101 3741 2171 ἔχεις
3768 2104 3861 2157 δυ-

2283 2186 2519 2257 νείιμεως⁸
2547 2188 2738 2258 μικρὸς
2772 2190 2900 2260 γὰρ,
2925 2186 3095 2260 οἶμαι,
3130 2193 3222 2245 καὶ
3243 2194 3272 2245 ὁ
3302 2193 3464 2245 παντὶ
3498 2193 3676 2246 σθένει
3704 2194 3858 2261 γινό-

2289 2297 2448 2349 μενος
2500 2278 2759 2343 επαινος,
2812 2283 2863 2333 ετ
2908 2300 2973 2349 γε
3040 2287 3151 2347 τοῖς
3198 2284 3401 2354 ταύτης
3455 2286 3860 2350 ἀντεξετάξοιτο

2285 2372 2486 2435 καλοῖς.
2544 2372 2784 2427 Ἐπαίνει
2815 2374 2871 2426 δὲ
2901 2374 3014 2445 (58)
3048 2376 3266 2449 γλώττῃ
3305 2378 3397 2429 τὸν
3440 2378 3733 2447 πέμψαντα
3765 2378 3859 2429 καὶ

2282 2467 2350 2534 τῇ
2377 2466 2694 2535 προσφιλεῖ,
2730 2469 2795 2537 τῇ
2839 2467 3139 2539 ἀπερίττῳ,
3177 2472 3243 2539 τῇ
3276 2470 3601 2540 Λακωνικῇ,
3636 2473 3700 2539 τῇ
3737 2487 3860 2522 συν.

2284 2558 2433 2625 τὸμῳ
2458 2556 2552 2608 καὶ
2581 2558 2761 2624 σαφεῖ,
2788 2555 2815 2607 ὃ
2842 2556 3075 2625 μάλιστα
3098 2557 3270 2626 λόγων
3297 2557 3487 2623 κάλλος
3510 2558 3858 2631 δημιουργεῖν

2286 2644 2545 2711 πέφυκεν.
2601 2644 2761 2697 Ἀλλὰ
2792 2646 3004 2699 δέδοικα
3052 2649 3127 2718 μή
3182 2666 3296 2711 πως
3326 2648 3581 2719 αἴσθησις
3613 2651 3713 2720 ἠδη
3759 2646 3857 2721 τῆς

2286 2738 2485 2807 ταύτης
2510 2739 2808 2807 παρουσίας
2832 2744 2939 2804 τοῖς
2962 2742 3089 2810 παρ’
3117 2741 3247 2810 ὑμῖν
3269 2742 3501 2809 λαγωοῖς
3532 2744 3855 2813 ἐγγινομένη

2286 2829 2460 2899 τρέψῃ
2499 2830 2728 2890 τούτους
2775 2833 2909 2902 προς
2956 2834 3163 2903 φυγήν·
3202 2836 3527 2904 κακουργεῖν
3556 2836 3664 2905 γὰρ
3709 2836 3858 2897 ὄντες

2290 2922 2441 2986 σοφοὶ
2462 2962 2477 2985 ,
2526 2922 2749 2976 εἰώθασί
2786 2940 2903 2987 πως
2945 2926 3040 2977 καὶ
3066 2914 3186 2989 ταῖς
3212 2926 3270 2992 ἐξ
3298 2928 3512 2997 ἀνέμων
3547 2926 3745 2995 αὔραις
3772 2926 3858 2979 διὰ

2287 3010 2394 3065 τῶν
2420 3015 2637 3067 οίκείων
2667 3017 2969 3087 αἰσθήσεων
3002 3020 3097 3082 τὰς
3125 3020 3276 3089 παρά
3304 3036 3466 3071 τινων
3490 3020 3675 3082 αὐτοῖς
3708 3019 3859 3087 μελε-

2288 3105 2537 3175 τωμένας
2556 3106 2845 3174 γινώσκειν
2870 3109 3180 3174 ἐπιϐουλάς.
3199 3113 3294 3164 Ἶν¹
3319 3108 3410 3165 οὖν
3429 3110 3504 3182 μὴ
3519 3111 3677 3164 τοῦτο
3700 3110 3857 3181 γένη-

2290 3214 2397 3263 ται,
2430 3199 2563 3269 μηδέ
2595 3200 2809 3265 τούτοις
2862 3203 2998 3273 ἐκϐῇ
3035 3204 3176 3256 κατὰ
3213 3204 3415 3256 σκοπὸν
3441 3204 3503 3255 τὸ
3528 3204 3855 3274 ἐγχείρημα,

2290 3287 2409 3358 ὥρα
2438 3291 2741 3360 ταχυτέραν
2781 3293 2880 3362 τῆς
2904 3294 3083 3345 αὐτῶν
3122 3294 3447 3365 προσδοκίας
3478 3295 3576 3364 τὴν
3606 3295 3727 3347 κατ’
3759 3294 3854 3346 αὖ·

2288 3380 2394 3433 τῶν
2415 3380 2589 3447 ἔξοδον
2611 3384 2880 3450 γενέσθαι·
2909 3385 3051 3438 οὕτω
3074 3386 3181 3457 γὰρ
3204 3387 3303 3456 ἐμὲ
3332 3387 3431 3457 μὲν
3456 3387 3860 3457 λοιδορήσονται

2286 3474 2376 3526 τὸν
2410 3473 2485 3536 ώς
2527 3476 2790 3546 τοσαύτης
2832 3478 3013 3541 αὐτοῖς
3052 3477 3228 3547 λύμης
3257 3480 3427 3532 αἴτιον
3453 3482 3758 3550 γινόμενον,
3802 3478 3860 3530 σὲ

2284 3562 2339 3615 δὲ
2372 3563 2749 3633 θαυμάσονται
2777 3562 2863 3621 οἷα
2894 3568 2958 3639 δὴ
2985 3570 3225 3623 τοιούτου
3254 3572 3529 3641 κτήματος
3560 3573 3772 3643 κύριον.

2742 3680 2873 3736 MA'.
2917 3683 3004 3754 To
3039 3684 3221 3755 arra
3260 3686 3391 3754 (39).

2368 3790 2755 3861 Ἐπαφρόδιτος
2807 3794 3023 3863 ἀληθῶς
3067 3798 3100 3866 η
3151 3797 3438 3868 ἐπιστολὴ,
3487 3797 3580 3850 καὶ
3619 3798 3857 3870 χαρίτων

2287 3881 2481 3953 μεστὴ,
2513 3884 2682 3952 αὐτῆς
2712 3884 2851 3953 τάχα
2883 3886 2981 3955 τῆς
3006 3881 3111 3937 τῶν
3142 3887 3359 3957 ἐρώτων
3392 3888 3597 3959 μητρὸς
3625 3890 3858 3959 ἐργασα-

2287 3976 2453 4045 μένης
2504 3975 2673 4044 αὐτὴν
2708 3976 2956 4046 ποικίλην
2996 3981 3063 4047 τῇ
3114 3978 3223 4030 τῶν
3269 3979 3549 4047 ὀνομάτων
3579 3979 3853 4054 συνθήκῃ,

2284 4072 2377 4121 καὶ
2412 4073 2523 4133 τοῖς
2554 4074 2810 4140 νοήμασι.
2849 4071 2921 4123 Τὸ
2955 4071 3064 4141 γὰρ
3096 4070 3203 4123 ἀπὸ
3239 4072 3558 4142 ὁμωνυμίας
3579 4114 3593 4135 ,
3631 4074 3727 4127 καὶ
3757 4092 3857 4127 πα-

2281 4161 2494 4231 τρίδος,
2542 4165 2635 4215 καὶ
2688 4163 3064 4232 περιμαχήτου
3122 4162 3377 4229 γυναικὸς
3420 4166 3499 4227 είς
3540 4165 3712 4236 ὤραν,
3768 4165 3856 4219 καὶ

2282 4254 2475 4317 κάλλος
2525 4254 2862 4325 βεεοημένης
2888 4294 2902 4319 ,
2951 4254 3218 4309 συνθεῖναι
3266 4265 3486 4309 ἐπαινον
3528 4258 3595 4328 τῇ
3645 4258 3856 4311 κονίπο-

2279 4349 2329 4400 δι
2362 4348 2494 4415 (40).
2527 4348 2606 4410 τίς
2637 4350 2735 4401 οὐκ
2767 4350 2832 4401 ἂν
2866 4348 3128 4419 ἀγασθείη
3161 4350 3249 4401 τὸν
3279 4351 3715 4420 τεχνησάμενον;
3744 4350 3854 4405 ἁλλ’

2279 4440 2358 4492 ὅτι
2394 4439 2484 4491 καὶ
2510 4439 2703 4490 σαυτὸν
2726 4441 2859 4508 ημῖν
2893 4437 3128 4500 δέδωκας
3151 4442 3205 4491 ἐν
3230 4443 3334 4503 τοῖς
3356 4439 3561 4509 ἥρωσιν
3582 4441 3851 4511 ἀριθμεῖν,

2286 4529 2537 4581 τοσοῦτον
2585 4531 2807 4582 ἐκείνων
2848 4530 3006 4606 ῥώμῃ
3044 4534 3345 4601 κρατήσας,
3383 4534 3506 4585 ὅσον
3539 4536 3639 4603 μὲν
3674 4537 3855 4596 αὐτοῖς

2286 4622 2482 4691 περιῆν
2512 4622 2782 4692 ἀριστέων
2810 4622 3033 4691 πλῆῧος,
3066 4625 3157 4675 καὶ
3186 4626 3413 4695 στρατὸν
3441 4626 3562 4678 ὅλον
3593 4628 3726 4697 πρὸς
3759 4628 3855 4697 τὴν

2288 4713 2467 4784 μάχην
2491 4716 2719 4784 ἐγεῖραι.
2744 4714 2913 4777 Αὐτὸς
2939 4713 2996 4766 δὲ
3018 4716 3256 4785 ἦρκεσας
3300 4716 3389 4787 τὴν
3431 4718 3627 4770 causa;
3669 4722 3855 4789 ῥώμην

1708 4870 1862 4925 LUD.
1907 4872 2064 4925 ANT.
2110 4870 2493 4926 MURATORII
2532 4870 2758 4928 NOTAE.

675 5010 785 5082 (38)
820 5009 1056 5082 'Erraivet
1085 5011 1161 5074 δέ,
1190 5020 1319 5073 etc.,
1340 5011 1523 5065 Lauda
1550 5021 1742 5074 autent,
1770 5012 1901 5082 etc]
1927 5012 2039 5066 Hoc
2064 5015 2179 5067 vult

603 5080 789 5137 dicere
838 5080 1097 5153 :llelena
1135 5082 1357 5153 minime
1399 5095 1498 5151 pro
1547 5083 1760 5135 meritis
1815 5080 2025 5136 laudari
2080 5099 2174 5153 po-

604 5162 727 5213 test,
779 5166 1013 5221 namque
1054 5151 1170 5219 ejus
1208 5152 1429 5205 dotibus
1465 5152 1550 5205 vix
1595 5168 1694 5221 par
1739 5154 2017 5206 invenitur
2054 5151 2174 5207 ora-

603 5223 698 5276 tio.
726 5221 907 5274 Lauda
946 5220 1114 5289 igitur
1142 5236 1266 5291 eum
1295 5223 1385 5289 qui
1420 5220 1712 5283 misit,’etc.
1735 5224 1836 5275 Pro
1853 5224 2171 5291 διακωνικῇ,

604 5292 744 5361 quod
768 5301 884 5345 erat
904 5294 955 5344 in
984 5290 1534 5362 nisuuihilegendum
1559 5293 1846 5346 videbatur
1861 5290 2169 5362 Λακωνικῇ.

675 5362 982 5431 (59)llujus
1004 5361 1248 5428 epistolae
1282 5371 1559 5415 auctorem
1591 5364 1781 5415 titulus
1806 5363 2028 5431 quidem
2058 5361 2172 5415 Fir-

603 5446 750 5483 mum
786 5430 951 5493 facit;
990 5431 1083 5483 sed
1124 5446 1242 5482 eam
1278 5446 1397 5484 esse
1424 5431 1642 5484 Inachio
1677 5430 2045 5492 tribuendam.
2088 5434 2171 5486 fa-

601 5502 703 5554 cile
740 5500 1048 5568 cuicunque
1084 5501 1305 5567 patebit.
1345 5502 1665 5568 Responsio,
1708 5502 1950 5570 inquam.
1988 5513 2071 5556 est
2106 5503 2171 5556 ad

644 5570 1020 5623 rmcedentmn.
1044 5570 1317 5631 Inachius,
1342 5579 1396 5623 et
1420 5571 1533 5638 ipse
1558 5570 1622 5625 ad
1649 5571 1907 5626 Helenam
1930 5574 2169 5627 Graecam

625 5640 911 5707 velintnque
955 5640 1248 5706 Trojanum
1303 5641 1572 5700 alludens,
1613 5656 1802 5696 canem
1838 5643 2172 5697 venatoriam

604 5710 666 5780 ad
700 5724 754 5761 se
784 5711 1024 5770 missam,
1057 5711 1326 5780 simulque
1357 5710 1598 5764 Firmum
1630 5711 1935 5766 mittentem
1968 5714 2170 5765 laudat.

606 5778 743 5834 llinc
767 5780 928 5832 etiam
965 5781 1172 5834 discere
1198 5778 1326 5832 mihi
1370 5780 1579 5843 videor,
1622 5781 1896 5837 Inachium
1936 5800 1962 5836 a
1994 5783 2174 5838 Firmo

2278 5024 2471 5068 nostro
2498 5016 2817 5087 _aceipurem
2846 5024 3003 5071 antea
3026 5018 3319 5087 accepisse,
3344 5034 3455 5087 quo
3488 5034 3546 5072 se
3580 5020 3632 5073 in
3662 5021 3854 5076 avibus

2279 5085 2587 5159 capiendis
2618 5086 2937 5159 oblectaret.
2998 5085 3293 5155 Propterea
3328 5085 3558 5159 inquit:
3600 5090 3849 5146 Nondum

2277 5153 2481 5227 lli-lena
2525 5156 2588 5227 ad
2638 5172 2724 5209 me
2764 5156 3026 5227 profecta,
3059 5153 3179 5211 eam
3224 5153 3486 5227 accipiter
3527 5167 3657 5213 tuus
3681 5162 3850 5216 conii-

2277 5223 2514 5301 tlentiam
2533 5223 3105 5301 leporibusattulerat.
3141 5234 3201 5281 ut
3223 5223 3477 5298 tanquam
3502 5245 3617 5285 sua:
3644 5242 3851 5285 natura:

2276 5297 2624 5349 immemores
2647 5298 2805 5349 nobis
2826 5297 3174 5350 insultarent.

2350 5364 2456 5438 (40)
2481 5368 2788 5438 [for-iacet.
2822 5366 2879 5419 In
2900 5382 3001 5419 ms.
3032 5366 3218 5421 codice
3244 5368 3507 5438 scriptum
3543 5381 3631 5425 est
3678 5373 3846 5423 κονώ-

2275 5434 2405 5505 πιᾼδι,
2441 5435 2697 5489 vitiosum
2730 5438 2888 5505 plane
2907 5437 3156 5490 verbum.
3183 5434 3372 5505 Itaque
3427 5440 3667 5493 κονίποδι
3722 5442 3848 5495 sub—

2272 5503 2503 5577 stituere
2533 5503 2751 5574 placuit]
2784 5522 2888 5577 qua
2921 5522 3053 5560 voce
3083 5508 3234 5562 cauis
3269 5503 3419 5577 pedes
3455 5511 3725 5564 cinericios
3754 5515 3848 5564 ha-

2275 5574 2396 5649 bens
2431 5574 2877 5649 significaturgld
2922 5592 2988 5630 ex
3016 5574 3373 5649 sequentibus
3418 5595 3636 5649 quoque
3664 5580 3849 5635 verbis

2274 5645 2587 5722 colligitur;
2629 5647 2867 5715 appellat
2893 5649 3040 5699 enim
3071 5645 3326 5722 inachius
3384 5645 3645 5703 Helenam
3675 5652 3847 5722 ἀργυ-

2278 5714 2513 5787 ρόπεζαν
2531 5757 2543 5776 ,
2575 5714 2679 5770 hoc
2700 5714 2804 5778 est,
2829 5728 3100 5784 argenteos
3132 5719 3279 5787 partes
3304 5721 3595 5773 habentem.

2342 5786 2412 5841 in)
2454 5787 2726 5834 Delemlum
2756 5788 2951 5835 videtur
2978 5797 3035 5841 ὅς.
