4058 6434
372 382 433 438 Η
1402 380 1459 435 S.
1502 380 1779 436 CYRlLLI
1820 381 2293 438 ALEXANDRINI
2333 382 2652 440 ARCIllEP.
3580 381 3649 440 19

371 504 697 562 lescentum,
714 512 849 568 quos
869 498 921 551 in
940 498 1193 568 palaestra
1221 500 1558 555 exercendos
1582 513 1944 572 susceperunt

2071 504 2125 556 εί
2143 521 2193 557 τι
2216 504 2444 574 γένηται
2470 507 2602 577 παρ’
2620 505 2800 561 αὐτῶν
2821 504 2929 560 τῶν
2959 508 3036 569 είς
3059 504 3315 569 ἐπαίνους
3339 499 3650 558 συντελούν-

371 590 654 645 alacritate
688 598 745 644 et
777 590 975 643 robore
1008 589 1346 660 voluptatem
1377 606 1596 661 capere,
1631 609 1695 647 ac
1741 596 1787 647 si
1831 595 1963 663 quid

369 687 510 742 forte
545 686 1020 742 commendatione
1068 687 1294 758 dignum
1342 690 1480 745 artis
1520 690 1788 747 industria
1823 708 1963 762 ιιι-ιε-

368 777 630 842 stiterint,
664 777 771 832 hoc
816 778 994 849 ipsum
1025 779 1196 834 veluti
1242 796 1504 836 coronam
1538 783 1831 853 quamdam
1867 800 1952 839 ca-

366 870 575 940 pitibus
601 872 716 926 suis
747 871 1064 942 adiungere,
1093 879 1259 943 atque
1290 874 1428 930 adeo
1455 891 1577 945 quae
1606 876 1716 931 illis
1738 885 1965 948 prOpter

365 961 747 1017 fortitudinem
777 964 898 1019 laus
927 963 1216 1030 tribuitur,
1252 979 1374 1020 eam
1409 980 1571 1021 suum
1609 965 1781 1023 decus
1811 967 1963 1022 arbi-

367 1050 502 1105 trari
546 1070 559 1105 :
602 1068 705 1107 nos
731 1060 915 1111 autem
960 1062 1144 1124 patres
1191 1056 1502 1135 Spiritales,
1551 1059 1655 1133 qui
1695 1058 1966 1127 doctrinis

364 1157 488 1212 qua:
519 1143 588 1198 ad
631 1144 804 1200 animi
851 1145 1039 1201 cultus
1075 1146 1336 1220 viresque
1383 1150 1785 1221 comparandas
1814 1136 1963 1206 haud

364 1248 559 1303 parum
603 1235 830 1303 faciunt,
859 1252 958 1293 vos
998 1230 1318 1307 imbuimus,
1346 1256 1457 1311 quo
1489 1242 1751 1298 nimirum
1777 1242 1964 1299 carnis

366 1325 696 1380 tumultibus
738 1325 964 1389 sedatis,
1008 1327 1306 1400 vitatisque
1350 1332 1614 1401 peccatis,
1663 1342 1963 1404 quantum-

361 1428 583 1485 cunque
627 1416 840 1472 laboret
885 1416 1115 1475 Satanas
1160 1429 1223 1475 ut
1273 1422 1389 1476 suis
1434 1423 1532 1478 v’os
1580 1424 1963 1482 molitionibus

2063 614 2172 651 των
2205 599 2269 667 τῇ
2303 597 2487 670 τέχνῃ,
2513 597 2671 652 τοῦτο
2704 601 2824 662 ταῖς
2851 598 3003 668 σφῶν
3032 597 3213 654 αὐτῶν
3241 591 3331 651 οἷά
3362 611 3487 649 τινα
3522 595 3646 647 στέ-

2064 703 2233 755 φανον
2268 688 2533 743 ἀνάπτειν
2562 689 2847 758 κεφαλαῖς,
2880 690 2974 744 καὶ
3005 690 3102 760 τῆς
3132 687 3357 742 ἐκείνων
3397 685 3651 758 ἀνδρείας

2067 780 2390 851 μερίζεσθαι
2438 782 2509 835 τά
2547 783 2842 853 αὐχήματα
2867 800 2881 814 ·
2916 784 3064 854 ἡμᾶς
3109 782 3166 835 δὲ
3198 780 3446 852 πατέρας
3478 794 3647 831 πνευ-

2066 875 2331 946 ματικοὺς
2375 875 2557 942 ὄντας,
2594 878 2688 930 καὶ
2721 877 2901 946 λόγοις
2926 878 3073 948 ὑμᾶς
3106 874 3506 944 ἐπαλείφοντας
3535 871 3651 935 τοῖς

2061 969 2143 1032 είς
2169 969 2383 1041 ἀγαθὴν
2427 969 2742 1041 εὐτολμίαν,
2781 969 2870 1024 ἱνα
2916 967 3363 1038 καταθλήσαντες
3396 965 3494 1035 μὲν
3537 961 3648 1015 τῶν

2059 1061 2158 1132 τῆς
2192 1062 2394 1133 σαρκὸς
2419 1064 2757 1133 κινημάτων,
2794 1059 3222 1133 παραιτούμενοι
3253 1057 3309 1111 δὲ
3335 1055 3397 1110 τὸ
3428 1056 3649 1108 πίπτειν

2062 1154 2144 1218 είς
2184 1154 2460 1227 ἁμαρτίαν
2492 1153 2519 1194 ά
2542 1194 2557 1219 ,
2602 1153 2700 1207 καὶ
2736 1153 2842 1224 μὴν
2878 1153 2973 1205 καὶ
3022 1148 3291 1220 ἡττᾶσθαι
3329 1144 3647 1218 πειράζοντι

2058 1244 2137 1317 τῷ
2168 1246 2383 1317 Σατανᾷ
2403 1285 2417 1310 ,
2465 1244 2770 1316 κομίσησθε
2798 1243 2861 1297 τὸ
2898 1240 3151 1314 βραϐεῖον
3172 1281 3186 1305 ,
3230 1238 3323 1292 κα)⁸
3362 1247 3386 1276 θ
3419 1233 3543 1305 οὐχὶ
3578 1231 3646 1307 δὴ

2080 1335 2289 1408 μᾶλλον
2328 1337 2362 1408 ἢ
2399 1337 2641 1401 ἐκείνους
2683 1334 2968 1405 θεοφιλοῦς
3012 1328 3467 1403 ἀναπίμπλασθαι
3513 1325 3653 1394 θυμς

2057 1427 2235 1498 ηδίας.

363 1520 696 1582 prosternat,
750 1514 1051 1585 gloriosum
1100 1517 1443 1589 triumphum
1482 1521 1817 1592 reportetis,
1863 1538 1974 1580 non
2015 1524 2401 1597 magisquam
2446 1524 2569 1581 illos
2612 1524 2703 1596 pia
2760 1522 2995 1596 quadam
3046 1518 3249 1576 mentis
3301 1513 3649 1587 iucunditate

358 1603 640 1673 perfundi.

433 1701 622 1772 igitur,
645 1709 705 1754 ut
725 1700 929 1758 Christi
965 1704 1267 1760 Salvatoris
1293 1705 1469 1760 nostri
1500 1705 1807 1778 discipulus
1832 1723 1953 1762 mo-

362 1801 456 1846 net
487 1796 524 1858 ',
564 1814 582 1844 ι
617 1809 805 1849 curam
838 1811 1057 1851 omnem
1100 1797 1529 1865 subinferentes,
1559 1800 1868 1855 ministrate
1898 1801 1955 1857 in

362 1883 469 1938 fide
497 1895 678 1940 vestra
710 1886 992 1951 virtutem,
1025 1887 1080 1941 in
1108 1888 1310 1944 virtute
1337 1899 1523 1945 autem
1555 1890 1865 1956 scientiam,
1898 1891 1953 1946 in

361 1977 589 2034 scientia
638 1986 822 2033 autem
873 1980 1284 2045 abstinentiam,
1316 1982 1371 2036 in
1406 1982 1738 2038 abstinentia
1770 1992 1953 2038 autem

360 2067 703 2136 patientiam,
736 2069 791 2123 in
835 2070 1095 2140 patientia
1128 2078 1311 2126 autem
1343 2071 1625 2142 pietatem,
1660 2073 1717 2126 in
1751 2073 1957 2142 pietate

360 2164 541 2211 autem
571 2173 813 2212 amorem
850 2158 1230 2226 fraternitatis,
1260 2160 1314 2215 in
1339 2176 1527 2215 amore
1552 2170 1737 2217 autem
1762 2161 1958 2217 frater-

361 2249 553 2303 nitatis
576 2250 919 2306 cbaritatem.
948 2251 1073 2307 llaec
1111 2261 1297 2308 autem
1326 2253 1485 2309 vobis
1513 2268 1638 2308 cum
1676 2255 1861 2310 adsint
1900 2261 1959 2309 et

361 2347 646 2409 superent,
676 2355 786 2394 non
818 2356 1023 2394 vacuos
1047 2356 1229 2411 neque
1256 2342 1376 2398 sine
1404 2341 1588 2397 fructu
1618 2343 1959 2397 constituent

360 2446 460 2486 vos
492 2431 547 2484 in
574 2431 788 2485 Domini
814 2433 990 2486 nostri
1014 2433 1144 2488 Jcsu
1171 2431 1373 2488 Christi
1398 2433 1734 2503 cognitione.
1770 2452 1788 2485 ι
1820 2434 1956 2488 Nam

357 2537 455 2576 eos
470 2522 563 2591 qui
584 2522 854 2577 internam
878 2522 1295 2593 spiritalemque
1312 2523 1600 2578 inChristo
1610 2523 1777 2578 vitam
1794 2522 1958 2578 laude

268 2657 279 2667 .
357 2610 817 2681 annulationeque
838 2610 1055 2681 dignam
1076 2612 1223 2667 serio
1245 2612 1386 2668 inire
1404 2614 1618 2678 volunt,
1637 2612 1744 2667 fide
1766 2611 1821 2666 in
1845 2612 1960 2682 pri—

358 2701 464 2775 mis
488 2701 702 2755 sincera
739 2711 904 2772 atque
944 2702 1152 2773 integra
1183 2713 1409 2758 ornatos
1443 2719 1564 2759 esse
1595 2703 1787 2769 decet;
1830 2702 1957 2757 ﬁdei

358 2806 526 2859 porro
552 2789 871 2861 integritati,
893 2792 1115 2848 virtutis
1142 2809 1362 2864 quoque
1389 2793 1634 2849 studium
1657 2793 1958 2865 adjungant

356 2891 595 2953 oportet;
616 2883 721 2937 hoc
736 2891 917 2939 autem
932 2885 1079 2957 jacto
1095 2884 1476 2952 fundamento,
1492 2886 1806 2957 cognitione
1820 2901 1959 2957 mys-

358 2974 481 3028 terii
510 2973 714 3029 Christi
746 2990 805 3030 se
823 2974 1184 3047 locupletent,
1202 2986 1261 3034 et
1285 2977 1355 3032 ad
1380 2978 1688 3033 absolutam
1708 2978 1956 3049 ejusdem

357 3066 777 3137 intelligentiam
805 3068 1162 3133 contendant,
1190 3084 1479 3124 necessum
1504 3078 1607 3125 est.
1632 3069 1807 3139 Quam
1833 3071 1958 3126 vitae

356 3157 628 3214 rationem
665 3166 874 3225 tenere,
895 3166 1001 3224 est,
1029 3166 1090 3214 ut
1117 3146 1251 3232 puto
1269 3200 1284 3226 ,
1321 3179 1338 3212 ι
1366 3160 1429 3215 ln
1448 3144 1628 3215 virum
1651 3160 1956 3231 perfectum

353 3264 673 3315 occurrere,
686 3258 743 3304 et
756 3249 823 3305 ad
842 3266 1158 3307 mensuram
1174 3252 1352 3307 aetatis
1375 3251 1955 3323 plenitudinisChristi

2132 1709 2372 1776 Οὐκοῦν,
2424 1710 2569 1764 καθά
2619 1727 2754 1782 φησι
2806 1707 2901 1762 τοῦ
2959 1707 3214 1778 Σωτῆρος
3273 1706 3302 1759 ὁ
3355 1703 3647 1777 μαθητὴς,

2070 1821 2088 1856 ι
2126 1803 2362 1873 σπουδὴν
2391 1803 2572 1856 πᾶσαν
2589 1800 3108 1872 παρεισενεγκόντες
3137 1798 3181 1860 τ,
3209 1798 3650 1869 ἐπιχορηγήσατε

2060 1896 2119 1948 ἐν
2148 1898 2214 1966 τῇ
2245 1894 2424 1948 πίστει
2462 1893 2619 1965 ὑμῶν
2650 1894 2749 1965 τὴν
2783 1892 3010 1965 ἀρετὴν,
3053 1893 3111 1944 ἐν
3153 1891 3207 1944 δὲ
3240 1893 3307 1961 τῇ
3353 1891 3522 1962 ἀρετῇ
3552 1892 3650 1959 τὴν

2061 1982 2293 2051 γνῶσιν,
2333 1985 2391 2037 ἐν
2424 1983 2482 2036 δὲ
2522 1986 2592 2056 τῇ
2624 1983 2822 2052 γνώσει
2850 1982 2948 2055 τὴν
2988 1981 3353 2053 ἐγκράτειαν,
3409 1982 3467 2033 ἐν
3496 1980 3553 2034 δὲ
3580 1982 3649 2051 τῇ

2058 2075 2360 2148 ἐγκρατείᾳ
2389 2075 2489 2148 τὴν
2513 2076 2816 2147 ὑπομονὴν,
2850 2077 2906 2128 ἐν
2938 2075 2995 2128 δὲ
3009 2078 3076 2147 τῇ
3100 2074 3344 2145 ὑπομονῇ
3369 2073 3467 2145 τὴν
3500 2074 3641 2126 εὐσέο

2059 2170 2233 2233 δειαν,
2267 2171 2325 2223 ἐν
2343 2168 2401 2222 δέ
2425 2171 2492 2241 τῇ
2522 2169 2778 2239 εὐσεϐείᾳ
2804 2168 2904 2239 τὴν
2922 2167 3295 2237 φιλαδελφίαν,
3315 2167 3373 2220 ἐν
3389 2166 3444 2219 δὲ
3464 2167 3530 2237 τῇ
3563 2183 3650 2234 φι-

2057 2260 2319 2331 λαδελφίᾳ
2354 2260 2453 2333 τὴν
2485 2262 2727 2334 ἀγάπην.
2765 2260 2952 2315 Ταῦτα
2977 2259 3086 2333 γὰρ
3116 2261 3243 2331 ὑμῖν
3273 2258 3520 2329 παρόντα
3557 2258 3650 2311 καὶ⁵

2060 2351 2553 2417 πλεονάζοντα,οὐκ
2573 2352 2779 2424 ἀργοὺς
2793 2351 2913 2404 οὐδὲ
2929 2351 3212 2421 ἀκάρπους
3230 2349 3551 2419 καθίστησιν
3568 2351 3647 2411 εἰς

2057 2446 2156 2517 τὴν
2191 2443 2286 2500 τοῦ
2327 2444 2534 2514 Κυρίου
2564 2443 2724 2514 ἡμῶν
2766 2441 2940 2512 Ἰησοῦ
2986 2440 3222 2513 Χριστοῦ
3271 2439 3586 2507 ἐπίγνωσιν.
3624 2460 3642 2490 ι

2058 2538 2270 2610 Χρῆναι
2291 2536 2401 2606 γὰρ
2417 2533 2594 2603 ἐγωγέ
2621 2550 2765 2604 φημι
2796 2532 2924 2595 τοὺς
2951 2532 3112 2601 οἵπερ
3150 2530 3216 2583 ἂν
3244 2530 3448 2583 ἕλοιντο
3470 2531 3566 2601 τῆς
3589 2533 3648 2585 ἐν

2057 2625 2280 2697 Χριστῷ
2297 2624 2594 2696 νοουμένης
2624 2621 2771 2693 ζωῆς
2798 2623 2897 2693 τὴν
2924 2621 3121 2679 εὐκλεᾶ
3140 2639 3198 2675 τε
3209 2621 3304 2675 καὶ
3328 2621 3647 2693 ἀξιέραστον

2057 2718 2262 2786 διάγειν
2288 2719 2312 2758 ⁸
2327 2718 2466 2782 ὁδὸν,
2486 2715 2702 2786 πρῶτον
2727 2714 2825 2786 μὲν
2839 2715 2982 2786 ἁπλῇ
3004 2731 3062 2767 τε
3079 2715 3174 2768 καὶ
3190 2713 3453 2785 ἀλωΰήτῳ
3474 2731 3643 2767 κατα-

2060 2807 2423 2879 σεμνύνεσθαι
2455 2806 2660 2875 πίστει,
2701 2805 3075 2877 προσεπάγειν
3095 2804 3149 2857 δὲ
3182 2803 3354 2866 οὕτως
3378 2805 3514 2875 αὐτῇ
3544 2803 3646 2875 τὴν

2060 2902 2285 2973 ἀρετήν·
2309 2895 2371 2956 οὗ
2397 2899 2461 2972 δὴ
2488 2899 2793 2968 γεγονότος,
2824 2896 3119 2970 πειρᾶσθαι
3142 2895 3536 2951 καταπλουτιεῖν
3549 2895 3643 2950 τοῦ

2057 2993 2201 3048 κατά
2218 2992 2453 3066 Χριστὸν
2478 2991 2781 3063 μυστηρίου
2797 2991 2897 3062 τὴν
2910 2988 3133 3059 γνῶσιν,
3154 2990 3249 3043 καὶ
3266 2989 3563 3060 ἁναφοιτᾷν
3582 2983 3643 3042 εὖ

2063 3087 2211 3159 μάλα
2258 3086 2398 3158 πρὸς
2439 3084 2786 3155 τελεωτάτην
2818 3082 3057 3136 σύνεσιν.
3094 3080 3269 3135 Τοῦτο
3304 3080 3437 3153 γὰρ,
3465 3077 3641 3152 οἶμαι,

2058 3181 2174 3234 ἔστι
2198 3178 2280 3244 τὸ,
2321 3199 2339 3231 ι
2370 3179 2465 3241 Είς
2486 3176 2657 3248 ἄνδρα
2679 3176 2884 3229 τέλειον
2922 3174 3280 3243 καταντῆσαι,
3311 3173 3405 3227 καὶ
3435 3173 3514 3236 είς
3544 3170 3642 3240 μέ-

2064 3286 2195 3341 τρον
2240 3266 2459 3339 ἡλικίας
2487 3265 2663 3319 ἐλθεῖν
2685 3264 2782 3319 τοῦ
2816 3262 3184 3335 πληρώματος
3215 3260 3310 3314 τοῦ
3344 3259 3635 3333 Χριστοῦ.»

354 3342 649 3415 pervenire
675 3344 717 3396 ⁸.
758 3362 776 3394 ι
807 3341 1114 3398 Sobrietate
1138 3342 1372 3413 proinde
1395 3351 1451 3398 et
1472 3344 1817 3410 castimonia,
1843 3360 1951 3414 qua

2065 3360 2248 3431 Νήψει
2292 3358 2358 3430 δὴ
2396 3353 2489 3413 οὖν
2527 3360 2595 3430 τῇ
2633 3355 2921 3444 πρεπούσῃ
2956 3356 3247 3426 μονασταῖς
3287 3353 3386 3417 τὰς
3433 3353 3643 3407 ἐαυτῶν

354 3435 655 3490 solitariam
674 3434 842 3490 vitam
862 3444 1086 3507 agentes
1109 3436 1354 3491 excultos
1374 3452 1495 3492 esse
1510 3437 1790 3502 convenit,
1807 3438 1950 3491 lum-

354 3529 456 3583 bos
477 3535 689 3583 vestros
715 3528 944 3599 pulchre
975 3528 1254 3599 praecincti
1281 3528 1496 3596 ',virile
1521 3539 1714 3584 contra
1741 3530 1949 3584 animo-

353 3636 476 3674 rum
490 3634 892 3690 corporumque
908 3619 1353 3689 perturbationes
1364 3629 1642 3674 certamen
1660 3620 1940 3689 suscipite.

353 3712 444 3767 Sic
463 3712 611 3766 enim
642 3711 778 3767 clari
805 3718 861 3766 et
885 3709 936 3783 3
967 3710 1023 3765 in
1053 3709 1198 3765 bono
1226 3710 1343 3781 spei
1386 3725 1507 3780 quae
1530 3710 1733 3765 sanctis
1757 3717 1947 3779 parata

352 3813 457 3869 est,
484 3804 727 3859 illustres
759 3802 1024 3858 evadetis.
1047 3802 1188 3857 Ante
1216 3802 1422 3868 omnia,
1453 3810 1603 3857 recta
1630 3802 1687 3857 in
1713 3801 1871 3856 vobis
1890 3811 1947 3856 et

351 3894 596 3957 sincera,
663 3892 913 3962 nullique
960 3906 1188 3961 prorsus
1231 3891 1650 3962 reprehensioni
1706 3890 1946 3946 obnoxia

351 3985 489 4040 fides
506 3985 751 4040 exsistat.
769 3983 847 4039 Ita
867 3999 1126 4054 namque,
1149 3984 1246 4049 ita,
1267 3983 1513 4054 inquam,
1534 3991 1590 4039 et
1608 3998 1706 4038 vos
1724 3999 1944 4054 quoque

349 4085 665 4132 sanctorum
701 4075 925 4130 Patrum
964 4076 1223 4145 pietatem
1252 4074 1446 4130 iisdem
1472 4074 1717 4146 vestigiis
1748 4091 1943 4146 prose-

348 4177 603 4240 quentes,
640 4166 694 4221 in
731 4181 995 4237 supernas
1020 4167 1141 4221 illas
1169 4167 1456 4222 beatorum
1492 4169 1651 4223 sedes
1677 4168 1807 4224 olim
1844 4169 1945 4223 im-

348 4259 681 4331 migra‘bitis,
724 4258 1077 4329 caelestiaque
1110 4258 1466 4315 tabernacula
1513 4275 1623 4314 una
1666 4275 1791 4314 cum
1836 4259 1943 4313 illis

348 4353 621 4408 incoletis.
647 4352 764 4420 Qua
792 4352 860 4407 de
884 4368 943 4407 re
966 4350 1188 4406 divinus
1215 4350 1483 4420 propheta
1512 4350 1678 4405 Isaias
1709 4351 1782 4405 ita
1806 4350 1944 4406 scri-

348 4445 468 4499 bit:
502 4462 521 4495 (
556 4445 713 4499 Oculi
748 4444 828 4498 tui
877 4444 1145 4499 videbunt
1175 4442 1503 4509 Jerusalem,
1542 4442 1940 4498 habitationem

347 4535 689 4605 opulentam,
719 4534 1075 4589 tabernacula
1103 4548 1224 4602 qum
1253 4549 1365 4588 non
1414 4533 1805 4588 concutientur
1832 4538 1873 4586 ⁵.
1914 4553 1933 4586 ι

415 4625 549 4680 Esse
594 4625 763 4697 igitur
805 4626 972 4680 vitam
1002 4634 1242 4679 vestram
1280 4624 1442 4695 plane
1488 4625 1837 4699 conspicuam
1884 4632 1940 4678 et

2053 3450 2261 3522 ὀσφύας
2284 3446 2341 3505 εὖ
2377 3449 2521 3521 μάλα
2554 3440 2908 3519 διεζωσμένοι
2951 3444 3375 3517 κατανδρίζεσθε
3405 3444 3512 3498 τῶν
3542 3462 3643 3497 πα-

2051 3543 2160 3597 θῶν
2171 3543 2417 3614 ψυχικῶν
2432 3558 2488 3594 τε
2511 3542 2625 3609 ἅμα
2644 3540 2737 3594 καὶ
2755 3536 3349 3610 σωματικῶν.Ἕσεσθε
3377 3535 3485 3607 γάρ
3498 3534 3643 3588 οῦτω

2048 3635 2292 3708 λαμπροὶ
2324 3636 2419 3690 καὶ
2455 3635 2751 3704 εὐδόκιμοι,
2787 3632 2880 3686 καὶ
2907 3632 2965 3685 ἐν
2995 3628 3144 3700 καλῷ
3166 3630 3264 3700 τῆς
3294 3627 3504 3690 ἐλπίδος
3540 3627 3639 3696 τῆς

2049 3731 2160 3791 τοῖς
2194 3728 2372 3797 ἁγίοις
2412 3726 2874 3800 ηύτρεπισμένης.
2927 3725 3107 3777 Ἔστω
3139 3722 3195 3776 δὲ
3248 3723 3379 3792 ὑμῖν
3410 3721 3504 3774 καὶ
3530 3721 3640 3790 πρό

2047 3837 2112 3889 γε
2154 3821 2262 3875 τῶν
2294 3820 2470 3874 ἄλλων
2509 3822 2540 3889 ἡ
2592 3818 2774 3881 πίστις
2802 3816 2937 3888 ὀρθὴ
2976 3816 3070 3870 καὶ
3099 3814 3495 3885 ἁκαπήλευτος,
3547 3812 3640 3865 καὶ

2047 3911 2109 3964 τὸ
2162 3908 2573 3979 ἀνεπίπληκτον
2603 3905 2629 3945 ιι
2686 3906 2888 3977 ἔχουσα
2938 3904 3240 3966 παντελῶς.
3300 3902 3458 3956 υῦτω
3505 3902 3635 3973 γὰρ,

2046 4002 2192 4056 οῦτω
2226 4003 2323 4056 καὶ
2357 4002 2518 4071 ὑμεῖς
2546 3998 2702 4055 αὐτοὶ
2746 3999 2844 4071 τὴν
2875 3997 2985 4052 τῶν
3030 3996 3201 4067 ἁγίων
3239 3993 3494 4064 πατέρων
3526 3995 3639 4064 ίχνο

2047 4093 2375 4166 ηλατοῦντες
2390 4092 2694 4156 εὐσέϐειαν,
2715 4087 3172 4160 ἐναυλισθήσεσθε
3193 4087 3291 4143 σὺν
3314 4088 3500 4150 αὐτοῖς
3515 4086 3635 4149 ταῖς

2046 4185 2160 4238 ἄνω
2202 4186 2413 4255 μοναῖς,
2463 4184 2560 4236 καὶ
2594 4182 2803 4252 σκηνὰς
2852 4181 3104 4251 οἰκήσετε
3137 4177 3235 4242 τάς
3269 4181 3327 4233 ἐν
3363 4178 3630 4249 οὐρανοῖς.

2045 4269 2146 4328 Ὧν
2181 4276 2197 4315 ί
2245 4277 2337 4329 καὶ
2365 4266 2401 4328 δ’
2425 4274 2719 4336 θεσπέσιος
2759 4273 2991 4335 Ἠσαίας
3016 4270 3387 4341 διαμέμνηται
3413 4268 3590 4338 λέγων
3616 4282 3629 4297 '

2051 4384 2070 4417 ι
2107 4366 2169 4419 Οί
2194 4363 2463 4436 ὀφθαλμοί
2496 4380 2590 4416 σου
2615 4363 2858 4435 ὄψονται,
2907 4361 3262 4433 Ἰερουσαλὴμ
3292 4359 3444 4424 πόλις
3472 4360 3634 4414 πλου-

2046 4455 2138 4510 σία
2170 4454 2216 4523 i,
2254 4454 2459 4526 σκηνὰς
2493 4452 2549 4509 αἳ
2585 4454 2645 4506 οὐ
2680 4451 2755 4524 μὴ
2788 4451 3066 4506 σεισθῶσι.
3108 4470 3127 4504 ι

2116 4627 2384 4699 Λαμπρὸς
2424 4627 2524 4697 μὲν
2557 4622 2653 4681 οῦν
2681 4627 2764 4680 ὅτι
2798 4627 2895 4679 καὶ
2922 4626 3252 4693 ἁξιὰγαστος
3280 4624 3409 4695 ὑμῖν
3435 4624 3463 4677 ὁ
3494 4621 3628 4692 βίος,

343 4719 712 4776 admiratione
739 4720 982 4793 dignam,
1015 4720 1288 4790 fidemque
1316 4721 1493 4775 modis
1518 4721 1775 4776 omnibus
1802 4722 1941 4776 inte-

2055 4720 2178 4791 Βρθή
2221 4736 2283 4771 τε
2333 4719 2430 4774 καὶ
2488 4717 2871 4789 ἁκαπήλευτος
2924 4716 3197 4786 ἐνίδρυται
3256 4714 3478 4780 πίστις,
3533 4712 3634 4767 οὐκ

344 4827 497 4883 grani
541 4820 598 4868 et
654 4813 1027 4884 incorruptam
1054 4813 1214 4868 vobis
1242 4821 1535 4883 suppetere
1564 4829 1674 4868 non
1708 4813 1935 4885 ignoro;

343 4905 648 4960 conturbor
666 4915 850 4961 tamen
871 4921 981 4960 non
1000 4921 1195 4975 parum
1209 4906 1590 4961 vehementer:
1609 4906 1774 4961 audio
1789 4907 1938 4963 enim

341 4995 593 5051 exitiales
618 4997 886 5066 quosdam
917 5013 1168 5052 rumores
1196 4996 1343 5052 inter
1371 5013 1468 5053 vos
1498 4999 1935 5069 proseminatos;

340 5095 399 5142 et
426 5090 722 5144 nonnullos
745 5089 1026 5153 oberrare,
1056 5088 1151 5159 qui
1183 5088 1455 5143 sinceram
1499 5096 1737 5144 vestram
1770 5089 1934 5144 fidem

340 5178 593 5235 demoliri
616 5182 894 5246 studeant,
913 5190 969 5237 et
992 5182 1237 5236 inanium
1254 5184 1572 5237 vocularum
1599 5184 1791 5238 turbas
1809 5199 1937 5238 eru-

341 5278 577 5338 ctantes,
625 5281 811 5327 utrum
860 5273 1147 5343 Dciparam
1178 5274 1457 5345 appellare
1512 5274 1675 5329 liceat
1721 5291 1933 5329 sacram

337 5357 645 5428 Virginem,
662 5361 717 5414 in
736 5369 1146 5417 controversum
1160 5379 1355 5417 vocare
1369 5364 1627 5417 audeant.
1641 5364 1936 5421 Praestaret

414 5518 434 5549 ¹
474 5515 520 5571 ll
556 5518 704 5573 Petr.
736 5533 773 5582 ι,
802 5517 921 5573 5-8.
999 5520 1019 5550 ²
1062 5519 1278 5612 Ephesi
1318 5536 1391 5586 tv,
1421 5520 1503 5574 15.
1581 5520 1602 5552 ³
1639 5519 1772 5574 Luc.
1826 5534 1921 5583 xn,
1962 5518 2050 5573 55.

2042 4811 2292 4883 ὴγνόηκά
2323 4810 2506 4865 ποθεν·
2542 4810 2895 4882 τετάραγμαι
2921 4808 2979 4862 δέ
3005 4809 3065 4862 οὐ
3093 4807 3349 4880 μετρίως,
3380 4803 3633 4876 ἀκηκοὼς

2044 4907 2126 4959 ὅτι
2170 4903 2389 4976 θρύλλοι
2422 4903 2566 4968 τινὲς
2609 4904 2690 4967 είς
2737 4903 2883 4974 ὑμᾶς
2932 4902 3197 4971 ἀφίκοντο
3234 4898 3485 4970 χαλεποὶ,
3536 4895 3633 4951 καὶ

2045 4999 2431 5073 περινοστοῦσί
2473 5016 2651 5061 τινες,
2686 4997 2787 5067 τὴν
2826 4996 3008 5065 ἁπλῆν
3056 4993 3212 5065 ὑμῶν
3256 4992 3631 5062 παραλύοντες

2045 5091 2249 5156 πίστιν,
2276 5089 2371 5146 καὶ
2404 5088 2690 5161 ῥηματίων
2722 5086 2946 5139 είκαίων
2983 5083 3354 5147 ὑπο-πτύοντες
3386 5084 3413 5122 ιι
3450 5082 3607 5153 ὄχλον

2049 5179 2557 5252 ἀναπυνθανόμενοί
2588 5195 2650 5230 τε
2680 5178 2774 5231 καὶ
2803 5177 3076 5245 λέγοντες,
3107 5175 3204 5246 τὴν
3226 5176 3386 5245 ἁγίαν
3420 5173 3625 5245 Παρθέ-

2044 5289 2136 5325 νον
2168 5271 2389 5342 Μαρίαν
2420 5269 2648 5341 πότερόν
2681 5285 2811 5321 ποτε
2846 5268 3185 5338 Θεοτόκον,ἢ
3224 5269 3298 5339 μὴ
3325 5264 3625 5333 ιιατονομά⁹

2045 5364 2235 5429 ζεσθαι
2258 5363 2402 5434 ςχρή.
2432 5362 2544 5416 Καὶ
2569 5358 2635 5433 ἦν
2667 5361 2765 5433 μὲν
2809 5361 3031 5433 ἄμεινον
3068 5361 3178 5417 τῶν
3203 5359 3456 5415 τοιούτων
3480 5356 3623 5425 ὑμᾶς

2174 5516 2197 5549 ⁸
2246 5518 2348 5575 lsa.
2378 5534 2562 5584 χχχιιι,
2589 5517 2679 5574 20.

1451 5635 1626 5689 Varia:
1655 5635 1921 5689 lectiones
1945 5633 2154 5692 codicis
2177 5633 2535 5706 Seguieriani.

409 5750 435 5789 ἀ
460 5752 753 5826 ἁμαρτίας.
833 5767 856 5796 e
881 5756 976 5826 μή.
1065 5754 1081 5793 ί
1111 5757 1638 5821 συνεισενέγκαντες.
1708 5755 2003 5810 εδιάττειν.
2084 5754 2111 5797 ιι
2138 5755 2522 5825 ἀνεπίληπτον.

338 5822 693 5892 ρκπτύοντες.

2629 5759 2640 5798 ί
2674 5756 2769 5821 ὡς.
2849 5767 2864 5807 ι
2898 5755 3079 5817 πόλεις
3107 5750 3385 5814 πλουσίας.
3463 5744 3489 5785 ιι
3515 5764 3620 5800 πα-
