4058 6446
281 521 361 576 *13
1735 507 1896 566 -ΕΡΙΒ

2003 507 2084 563 LA
2120 505 2159 562 ι.
3089 488 3097 509 ‘
3526 510 3597 567 ιι

279 634 638 706 ζητημάτων
665 632 747 693 είς
775 630 930 685 ἁπαν
966 631 1298 701 ἁποφοιτᾷν,
1355 627 1451 684 καὶ
1486 626 1522 682 ἁ
1571 626 1726 699 μόλις
1750 627 1899 680 ἐστὶν

2005 637 2137 678 sane
2160 618 2431 692 ejusmodi
2456 616 2852 689 qumstionibus
2880 620 3107 676 omnino
3128 621 3429 689 abstinere,
3462 632 3519 680 et
3546 624 3603 680 in

276 727 367 790 ὡς
395 727 460 778 ὲν
488 723 746 793 ἐσόπτρῳ
775 721 873 775 καὶ
920 722 1206 792 αἰνίγματι
1267 719 1625 792 θεωρούμενα
1662 720 1778 784 τοῖς
1804 719 1897 790 ἁρ-

280 816 429 880 τίοις
464 816 574 887 τὴν
620 814 798 884 φρένα
856 813 954 867 καὶ
1005 813 1268 885 βεϐηκόσι
1310 812 1402 868 τὸν
1446 811 1594 879 νοῦν,
1634 805 1771 882 μηδὲ
1800 811 1896 864 ἁν-

281 908 549 980 ορύττειν
572 906 734 969 ὅλως.
758 905 843 958 Τά
868 904 976 977 γάρ
1004 904 1291 976 ίσχνότερα
1319 902 1429 958 τῶν
1459 903 1839 974 θεωρημάτων
1873 901 1891 940 ι

280 999 385 1054 τὸν
428 997 546 1053 τῶν
587 995 1006 1067 ἁκεραιοτέρων
1038 995 1413 1065 ὑπερνήχεται
1456 992 1605 1048 νοῦν.
1670 992 1893 1065 Ἐπειδὴ

278 1093 346 1149 δὲ
402 1091 561 1158 ἅπαξ
619 1090 728 1144 οὐκ
783 1089 1014 1160 ἀνήκοοι
1066 1086 1177 1141 τῶν
1222 1086 1484 1142 τοιούτων
1544 1086 1895 1157 μεμενήκατε

281 1183 492 1252 λόγων,
523 1182 624 1238 καὶ
657 1179 992 1250 φιλονεικεῖν
1019 1177 1241 1241 ἑλέσθαι
1269 1177 1423 1242 τινάς
1451 1178 1622 1242 εἰκὸς,
1653 1176 1752 1231 καὶ
1784 1177 1899 1240 τοῖς

283 1278 387 1339 τὸν
410 1275 543 1330 νοῦν
574 1274 682 1329 οὐκ
723 1273 1179 1345 ὲρηρεισμένοις,
1214 1266 1307 1327 οἷά
1345 1288 1471 1324 τινα
1525 1269 1769 1324 σκόλοπα
1790 1311 1808 1337 ,
1836 1268 1901 1323 τὸ

284 1369 381 1429 ἐπ’
411 1369 606 1432 αὐτοῖς
631 1366 698 1439 δὴ
726 1365 889 1420 τοῦτο
927 1364 1303 1437 ὲμπερονῆσαι
1335 1361 1554 1434 βλάϐος,
1583 1362 1696 1417 δεῖν
1713 1359 1900 1435 ᾠήθην

284 1459 617 1530 ἀναγκαίως
644 1457 810 1526 ὀλίγα
831 1456 958 1512 τινὰ
998 1468 1041 1496 ιιι
1072 1455 1210 1527 πρὸς
1247 1454 1395 1524 ὑμᾶς
1426 1453 1558 1524 περὶ
1583 1451 1792 1507 τούτων
1818 1452 1896 1504 εί-

286 1553 413 1605 πεῖν
432 1568 448 1582 ο
480 1549 588 1619 οὐχ
617 1549 711 1603 ἴνα
759 1547 1106 1618 λογομαχῆτε
1149 1545 1373 1617 μᾶλλον,
1407 1544 1524 1599 ἀλλ’
1553 1545 1643 1601 ἴνα
1668 1545 1722 1598 εί
1747 1559 1897 1606 τινες

285 1642 421 1712 ὑμῖν
459 1638 815 1707 ὲπιφύοιντο,
846 1638 969 1700 ταῖς
1010 1635 1233 1690 ἐκείνων
1265 1633 1658 1703 εἰκαιολογίαις
1684 1634 1748 1687 τὸ
1775 1633 1901 1704 ἁλη-

283 1733 381 1796 θὶς
414 1731 825 1799 άντεξάγοντες
859 1738 911 1796 ’³,
946 1728 1103 1787 αὐτοί
1143 1745 1204 1784 τε
1242 1727 1662 1801 διαδιδράσκητε
1691 1728 1792 1796 τὴν
1834 1727 1899 1780 ὲκ

282 1826 384 1881 τοῦ
405 1823 726 1881 ⁴ιτλανὲἱιιθαι
757 1820 988 1893 ζημίαν,
1021 1819 1420 1892 προσωφελῆτε
1441 1819 1500 1873 δὲ
1529 1819 1627 1875 καὶ
1652 1818 1898 1891 ἐτέρους,

286 1920 404 1981 τοῖς
418 1916 733 1987 καθήκουσι
760 1914 1073 1983 λογισμοῖς,
1094 1912 1171 1976 ὡς
1193 1912 1484 1981 ἀδελφοὺς,
1506 1910 1900 1975 ἀναπείθοντες

2007 731 2073 771 ea
2098 729 2220 784 quae
2244 711 2605 768 abstrusioris
2631 712 3093 768 considerationis
3118 724 3266 778 sunt,
3305 731 3407 770 nec
3437 717 3604 772 aliter

2008 806 2125 862 fere
2146 804 2257 860 nisi
2282 803 2452 859 veluti
2490 803 2546 857 in
2576 802 2802 873 speculo
2825 812 2882 859 et
2912 804 3200 874 aenigmate
3234 804 3398 860 etiam
3436 806 3506 861 ab
3534 806 3604 861 iis

2009 896 2103 968 qui
2145 895 2421 951 soliditate
2463 894 2658 966 judicii
2707 895 3020 965 mentisque
3057 893 3316 955 firmitate
3354 898 3598 966 pollent,

2009 987 2249 1058 perspici
2277 994 2527 1058 possunt,
2568 1001 2915 1057 nequaquam
2950 986 3251 1058 inquirere.
3283 988 3420 1051 Nam
3462 989 3598 1045 sim-

2008 1079 2303 1155 pliciorum
2338 1087 2564 1153 captum
2596 1078 2887 1135 subtiliora
2923 1078 3263 1136 theoremata
3302 1081 3597 1145 excedunt.

2008 1172 2079 1227 At
2101 1172 2233 1243 quia
2262 1173 2461 1228 horum
2494 1187 2816 1233 sermonum
2853 1180 3109 1244 expertes
3144 1187 3256 1229 non
3290 1175 3600 1249 permansi-

2008 1265 2127 1329 stis,
2161 1265 2331 1336 ﬁtque
2361 1264 2646 1336 probabile
2673 1266 3050 1331 contentiosos
3072 1267 3342 1337 quosdam
3372 1284 3483 1323 non
3507 1268 3602 1324 de-

2009 1360 2246 1427 futuros,
2273 1359 2369 1432 qui
2395 1375 2671 1416 venenum
2694 1360 2843 1431 quod
2876 1360 3048 1416 semel
3076 1360 3402 1426 hauserunt,
3430 1362 3602 1417 veluti

2009 1452 2222 1527 spicula
2254 1452 2526 1523 quaedam,
2561 1453 2618 1508 in
2654 1453 3083 1513 imbecilliorum
3112 1450 3326 1510 animos
3363 1454 3603 1525 deligere

2008 1546 2377 1612 conabuntur,
2404 1561 2587 1616 opera?
2614 1561 2701 1602 me
2730 1546 2971 1617 pretium
3009 1545 3286 1609 facturum
3313 1548 3527 1625 putavi,
3556 1548 3601 1602 si

2009 1653 2183 1709 pauca
2207 1636 2456 1709 quaedam
2492 1636 2560 1692 iis
2580 1635 2647 1692 de
2677 1638 2845 1693 rebus
2873 1637 2942 1693 ad
2969 1652 3066 1696 vos
3097 1637 3461 1705 dissererem;
3491 1653 3604 1691 non

2007 1745 2075 1786 eo
2110 1729 2166 1785 id
2190 1729 2416 1800 quidem
2445 1728 2698 1795 consilio,
2729 1737 2791 1784 ut
2817 1745 2916 1785 vos
2946 1729 3015 1785 ad
3043 1729 3170 1786 lites
3194 1729 3604 1800 verborumque

2007 1822 2428 1894 digladiationes
2457 1822 2811 1890 inﬂammem,
2836 1837 3030 1878 verum
3048 1833 3111 1878 ut
3135 1823 3180 1878 si
3199 1822 3293 1893 qui
3311 1822 3380 1878 de
3405 1832 3604 1879 cetero

2006 1932 2107 1972 vos
2123 1916 2302 1973 adorti
2333 1916 2560 1983 fuerint,
2590 1915 2813 1972 illorum
2834 1916 3080 1973 futilitati
3110 1917 3398 1972 veritatem
3429 1932 3598 1988 oppo-

290 1978 398 2083 τὴν
426 1978 642 2066 ἄνωθεν
699 1978 850 2072 ταῖς-
878 1978 1234 2078 ’έκκλησίαις
1285 1978 1352 2060 ὲκ
1391 2006 1499 2061 τῶν
1546 2005 1718 2076 ἁγίων
1762 2006 1898 2060 ἀπο-

2009 2018 2227 2076 nentes,
2255 2017 2310 2065 et
2339 2008 2443 2079 ipsi
2468 2010 2677 2065 erroris
2700 2009 3006 2080 perniciem
3039 2008 3335 2080 eﬂ‘ugiatis,
3372 2018 3429 2066 et
3468 2010 3606 2067 alios

293 2105 500 2160 στόλων
531 2101 943 2173 παραδοθεῖσαν
976 2100 1194 2166 πίστιν,
1242 2098 1497 2171 καθάπερ
1522 2097 1648 2153 τινὰ
1680 2096 1901 2152 πολυτί-

303 2213 472 2267 μητον
499 2193 852 2267 μαργαρίτην
882 2195 942 2247 ὲν
969 2191 1128 2255 ίδίαις
1158 2190 1305 2263 ἔχειν
1331 2190 1556 2262 ψυχαῖς.

2009 2100 2336 2171 opportunis
2365 2100 2677 2159 rationibus
2704 2100 2958 2171 perinde,
2986 2110 3048 2159 ut
3084 2100 3297 2165 fratres,
3330 2101 3606 2161 inducatis

2010 2206 2122 2268 quo
2154 2189 2317 2246 fidem
2337 2192 2448 2262 jam
2480 2191 2611 2245 olim
2639 2191 2904 2247 Ecclesiis
2937 2206 3037 2262 per
3066 2199 3285 2249 sanctos
3326 2194 3606 2263 apostolos

302 2290 584 2353 traditam,
605 2305 713 2347 non
750 2303 918 2351 secus
946 2302 1012 2344 ac
1040 2284 1388 2359 margaritam
1425 2285 1627 2349 animis
1659 2283 2074 2340 suis‘insertam
2105 2289 2424 2338 constanter
2456 2283 2752 2345 retineant.

377 2398 708 2477 Τεθαὺμακα
751 2404 938 2460 τοίνυν
958 2446 974 2471 ,
1006 2404 1167 2474 είπερ
1190 2403 1331 2468 δλως
1381 2402 1717 2465 ἐνδοιάζουσί
1752 2417 1901 2465 τινες

290 2498 521 2570 πότερον
548 2498 843 2563 Θεοτόκος,
868 2497 904 2568 ἢ
933 2496 1033 2568 μὴ,
1060 2496 1259 2565 λέγοιτ’
1287 2496 1356 2549 ἂν
1377 2496 1411 2567 ἡ
1432 2494 1568 2563 ἁγία
1596 2493 1896 2566 Παρθένος.

286 2593 350 2646 El
380 2591 493 2661 γάρ
524 2592 645 2645 ἐστι
682 2590 821 2653 Θεὸς
852 2591 883 2642 ό
926 2589 1132 2660 Κύριος
1170 2586 1335 2660 ἡμῶν
1385 2585 1596 2658 Ἰησοῦς
1626 2585 1896 2658 Χριστὸς,

286 2682 406 2746 πῶς
433 2681 498 2735 οὐ
528 2681 797 2744 Osos/mo;
830 2682 864 2755 ἠ
896 2680 1134 2734 τεκοῦσα
1170 2682 1203 2752 ἠ
1240 2678 1375 2749 ἁγία
1403 2678 1722 2750 ΙΙαρθένος;
1755 2677 1898 2733 Tati-

282 2789 389 2842 την
420 2774 562 2842 ἡμῖν
610 2771 715 2843 τὴν
750 2772 938 2825 πίστιν
980 2772 1291 2842 παρέδοσαν
1319 2774 1368 2826 οί
1409 2771 1687 2827 θεσπέσιοι
1723 2773 1901 2844 μαθη-

281 2866 395 2930 ταὶ,
428 2865 538 2918 κᾶν
568 2866 621 2917 εἰ
644 2863 726 2936 μὴ
753 2864 854 2935 τῆς
887 2864 1088 2931 λέξεως
1111 2864 1438 2936 πεποίηνται
1471 2868 1714 2937 μνήμην.
1739 2865 1897 2919 Οὕτω

283 2958 510 3027 φρονεῖν
527 2954 906 3026 δεδιδάγμεθα
933 2956 1088 3027 παρὰ
1110 2956 1221 3010 τῶν
1251 2956 1425 3025 ἁγίων
1462 2958 1752 3028 Πατέρων.
1784 2959 1897 3013 Καὶ

278 3044 420 3116 γοῦν
462 3047 494 3098 ὁ
518 3047 624 3117 τῆς
657 3045 911 3115 ἀοιδίμου
963 3045 1187 3116 μνήμης
1234 3044 1427 3117 Πατὴρ
1457 3044 1615 3115 ήμῶν
1660 3043 1894 3101 Ἀθανά-

283 3153 424 3201 σιος,
454 3136 564 3205 τῆς
630 3133 1037 3206 Ἀλεξανδρέων
1095 3135 1425 3206 Ἐκκλησίας
1462 3137 1895 3208 κατακοσμήσας

283 3226 376 3279 τὸν
407 3224 609 3296 θρόνον
649 3225 737 3294 ἐφ’
785 3224 931 3290 ὅλοις
964 3224 1113 3279 ἔτεσι
1146 3226 1564 3297 τεσσαράκοντα
1594 3228 1689 3281 καὶ
1716 3227 1775 3294 ἓξ
1804 3226 1896 3281 τὸν

283 3317 556 3388 ἀριθμὸν,
588 3319 690 3371 καὶ
716 3320 844 3382 ταῖς
879 3317 992 3372 τῶν
1020 3318 1253 3372 ἀνοσίων
1290 3319 1584 3390 αἱρετικῶν
1620 3320 1897 3395 εὑρεσιλο-

280 3415 437 3476 γίαις
461 3409 688 3480 ἄμαχόν
714 3427 837 3463 τινα
866 3409 965 3464 καὶ
996 3409 1364 3479 ἁποστολικὴν
1393 3411 1730 3466 άντιτὰττων
1757 3411 1887 3465 σύν-

290 3516 463 3565 εσιν,
530 3500 631 3553 καὶ
679 3493 796 3553 οἷον
834 3498 1192 3570 εὐοσμοτάτῳ
1229 3501 1337 3553 τινὶ
1384 3500 1542 3571 μύρῳ
1586 3504 1700 3564 τοῖς
1746 3501 1896 3566 ίδίοις

285 3588 712 3663 συγγράμμασι
762 3590 1184 3661 κατεύφραίνων
1222 3591 1323 3662 τὴν
1372 3592 1466 3645 ὑπ’
1507 3592 1772 3664 οὐρανὸν,
1803 3594 1898 3649 κού⁵

284 3683 375 3736 ἔπ’
403 3681 676 3754 ὀρθότητι
700 3681 797 3736 καὶ
821 3682 1079 3754 εὐσεϐείᾳ
1111 3690 1137 3718 ο
1173 3683 1461 3754 δογμάτων
1494 3683 1646 3753 παρὰ
1676 3684 1897 3739 πάντων

288 3774 781 3848 μαρτυρούμενος,
805 3775 863 3829 τί
887 3776 1021 3847 περὶ
1047 3775 1146 3846 τῆς
1163 3775 1326 3844 ἁγίας
1352 3776 1487 3846 ἡμῖν
1502 3775 1895 3848 καὶὸμοουσίου

286 3842 533 3939 mea,
560 3842 836 3931 συντιθεὶς
861 3842 1113 3937 βιϐλίον,
1136 3869 1194 3921 ιν
1214 3842 1304 3937 τῷ
1332 3842 1501 3939 τρίτῳ
1525 3842 1689 3939 λάγῲ,
1709 3868 1821 3923 ἄνω
1836 3842 1895 3921 ἑε

289 3958 391 4012 καὶ
420 3958 587 4013 κάτω
622 3956 891 4015 Θεοτόκον
924 3955 1198 4012 ἀποκαλεῖ
1235 3958 1337 4028 τὴν
1387 3958 1552 4028 ἁγίαν
1594 3957 1891 4031 Παρθένον.

293 4049 665 4118 Κεχρήσομαι
691 4045 748 4100 δὲ
771 4048 893 4110 ταῖς
920 4045 1089 4101 αὐτοῦ
1110 4050 1318 4116 φωναῖς
1338 4048 1674 4116 ἀναγκαίως,
1702 4048 1896 4112 αὐταῖς

282 4141 505 4208 λέξεσιν
556 4137 817 4210 ἐχούσαις
862 4132 991 4194 ὦδε·
1039 4157 1060 4191 ι
1119 4138 1332 4204 Σκοπὸς
1374 4140 1557 4197 τοίνυν
1598 4134 1754 4203 οὗτος
1800 4142 1898 4197 καὶ.

283 4234 594 4307 χαρακτὴρ
625 4232 729 4305 τῆς
758 4231 913 4296 θείας
941 4232 1191 4304 Γραφῆς,
1220 4233 1300 4298 ὡς
1346 4232 1611 4296 πολλάκις
1643 4233 1893 4305 εἴπομεν,

282 4325 488 4395 διπλῆν
520 4319 673 4377 εἶναι
719 4320 821 4392 τὴν
866 4322 996 4393 περὶ
1033 4321 1128 4376 τοῦ
1163 4321 1416 4394 Xw'c'ijpo;
1460 4320 1793 4390 ἐπαγγελίαν
1837 4323 1895 4374 ἐν

284 4419 425 4489 αὐτῇ
447 4432 464 4446 °
490 4418 584 4470 δτι
605 4414 700 4468 ἀεί
719 4431 782 4467 τε
805 4413 936 4478 Θεὸς
962 4408 1053 4486 ἦν,
1083 4412 1183 4468 καὶ
1211 4413 1359 4467 ἔστιν
1385 4415 1413 4466 ὁ
1441 4413 1590 4479 Υἱὸς,
1624 4412 1796 4480 Λόγος
1818 4411 1895 4464 ὢν

286 4511 381 4564 καὶ
416 4507 781 4577 ἀπαύγασμα
817 4505 914 4560 καὶ
945 4505 1110 4575 σοφία
1143 4504 1239 4559 τοῦ
1282 4505 1531 4578 Πατρόςο
1566 4505 1664 4558 καὶ
1689 4506 1774 4558 ὅτι
1796 4504 1892 4556 ῦσ-

2077 2401 2246 2455 Miror
2268 2400 2457 2471 itaque
2482 2402 2746 2472 majorem
2775 2401 2830 2455 in
2856 2402 3081 2457 modum
3105 2418 3226 2458 esse
3250 2403 3465 2473 aliquos
3485 2418 3604 2457 om-

2002 2492 2137 2550 nino
2163 2492 2257 2565 qui
2296 2502 2479 2547 utrum
2509 2508 2662 2548 sacra
2701 2492 2867 2564 Virgo
2891 2494 3124 2565 Deipara
3158 2495 3481 2569 appellanda
3506 2496 3599 2559 sit,

2002 2588 2165 2658 plane
2204 2586 2553 2641 addubitent.
2581 2585 2822 2651 Etenim,
2851 2587 2896 2641 si
2934 2587 3201 2643 Dominus
3235 2595 3423 2643 noster
3440 2588 3602 2645 Iesus

2000 2682 2257 2740 Christus
2293 2684 2442 2740 Deus
2484 2690 2590 2745 est,
2631 2696 2744 2751 quo
2770 2679 2992 2735 tandem
3024 2680 3190 2735 modo
3230 2692 3384 2737 sacra
3411 2681 3599 2753 Virgo,

2003 2791 2126 2846 quae
2161 2775 2315 2830 illum
2343 2773 2539 2838 edidit,
2567 2773 2799 2843 Deipara
2832 2787 2942 2827 non
2970 2772 3226 2828 dicatur?
3254 2774 3407 2830 Hanc
3438 2775 3598 2830 tidem

2005 2867 2178 2923 divini
2202 2866 2460 2938 discipuli
2485 2866 2648 2921 nobis
2674 2866 3040 2931 tradiderunt,
3063 2867 3316 2935 quamvis
3337 2867 3495 2922 istius
3518 2868 3599 2922 di-

2000 2959 2205 3016 ctionis
2231 2974 2340 3014 non
2371 2957 2744 3013 meminerint.
2771 2956 2852 3011 Ad
2878 2956 3027 3013 hunc
3064 2957 3289 3011 modum
3331 2973 3362 3011 a
3395 2958 3599 3014 sanctis

2005 3052 2261 3107 Patribus
2282 3050 2519 3105 instituti
2555 3066 2765 3106 sumus.
2793 3050 3089 3105 Enimvero
3116 3050 3456 3121 percelebris
3478 3067 3595 3106 me-

2005 3144 2195 3198 moria:
2236 3145 2400 3199 Pater
2440 3151 2630 3199 noster
2655 3142 3008 3205 Athanasius,
3040 3143 3134 3213 qui
3173 3151 3316 3197 totos
3355 3143 3595 3213 quadra-

1928 3261 1970 3318 ο
2003 3237 2154 3309 ginta
2184 3252 2281 3293 sex
2306 3251 2482 3291 annos
2506 3235 2890 3292 Alexandrinae
2919 3236 3179 3291 Ecclesiae
3214 3235 3595 3306 pontiﬁcatum

2004 3329 2221 3401 egregia
2240 3343 2367 3384 cum
2391 3328 2553 3388 laude
2575 3327 2764 3398 gessit,
2793 3328 3227 3398 loquacibusque
3254 3328 3594 3399 impurorum

2004 3420 2450 3490 nefariorumque
2473 3419 2859 3475 haereticorum
2881 3420 3209 3475 commentis
3235 3420 3459 3483 invicta,
3481 3421 3599 3489 pla-

2004 3524 2184 3581 neque
2224 3509 2525 3580 apostolica
2557 3509 2829 3579 sapientia
2872 3510 3095 3573 restitit,
3130 3508 3336 3580 quique
3374 3510 3598 3581 scriptis

2004 3598 2121 3652 suis
2144 3597 2314 3652 veluti
2359 3597 2797 3668 fragrantissimo
2827 3597 2884 3670 ἀ.
2922 3598 3160 3669 quodam
3202 3608 3485 3671 unguento
3512 3609 3595 3655 to-

2002 3696 2120 3742 tum
2155 3688 2344 3745 orbem
2371 3688 2606 3745 mirifice
2643 3690 2932 3755 recreavit,
2965 3700 3022 3745 et
3058 3690 3147 3744 cui
3182 3690 3252 3746 de
3278 3692 3595 3764 dogmatum

2003 3778 2254 3839 absoluta
2302 3780 2618 3851 integritate
2650 3781 2889 3852 fideique
2921 3783 3251 3845 rectitudine
3279 3800 3473 3841 omnes
3513 3796 3595 3842 te-

2003 3860 2327 3933 stimonium
2340 3872 2493 3937 dant,
2511 3873 2656 3932 libro
2671 3889 2835 3943 quem
2851 3874 2920 3929 de
2946 3884 3132 3930 sancta
3154 3884 3210 3931 et
3235 3878 3598 3934 consubstan-

2005 3959 2118 4015 tiali
2147 3960 2413 4017 Trinitate
2460 3963 2820 4034 conscripsit,
2861 3966 3113 4029 oratione
3156 3968 3353 4031 tertia,
3384 3983 3595 4025 sacram

2002 4052 2280 4124 Virginem
2322 4054 2526 4124 passim
2566 4056 2858 4127 Deiparam
2897 4058 3167 4113 nominat.
3205 4058 3383 4131 Cogor
3410 4058 3594 4116 autem

2004 4144 2138 4215 ipsis
2164 4146 2317 4202 illius
2346 4148 2533 4205 verbis
2557 4149 2664 4204 hoc
2689 4150 2813 4206 loco
2835 4149 2941 4216 uti,
2963 4165 3086 4221 quae
3110 4151 3258 4207 hunc
3281 4152 3336 4206 in
3370 4154 3594 4208 modum

2003 4237 2242 4295 habent:
2286 4259 2303 4291 ι
2340 4240 2529 4310 Itaque
2561 4241 2762 4298 divinae
2791 4242 3089 4313 Scriptura:
3114 4258 3316 4315 scopus
3354 4261 3420 4299 ac
3460 4246 3593 4300 cha-

2003 4341 2203 4396 racter,
2232 4343 2293 4387 ut
2321 4348 2463 4403 saepe
2494 4335 2831 4400 monuimus,
2861 4336 3131 4406 ejusmodi
3160 4345 3248 4391 est
3278 4348 3339 4391 ut
3381 4346 3595 4393 utrum-

2001 4437 2110 4490 que
2150 4423 2220 4476 de
2264 4423 2485 4479 Christo
2510 4424 2794 4483 Salvatore
2824 4434 3017 4481 nostro
3059 4429 3413 4497 pronuntiet;
3461 4441 3592 4500 puta

2002 4513 2173 4569 Deum
2218 4514 2375 4569 illum
2418 4530 2559 4581 esse,
2589 4524 2646 4571 et
2674 4532 2958 4587 nunquam
2989 4531 3102 4572 non
3132 4518 3239 4574 hoc
3274 4520 3453 4590 ipsum
3493 4537 3591 4577 ex-

284 4620 449 4674 τερον
472 4602 546 4655 δι’
579 4600 735 4672 ἡμᾶς
771 4597 953 4671 σάρκα
973 4596 1157 4651 λαϐὼν
1181 4597 1249 4652 ὲκ
1270 4597 1549 4669 Παρθένου
1571 4597 1673 4668 τῆς
1700 4595 1895 4650 Θεοτό-

2003 4603 2229 4668 stitisse,
2250 4611 2312 4658 ut
2335 4603 2433 4674 qui
2456 4604 2638 4659 Patris
2661 4604 2733 4660 sit
2747 4605 3015 4670 Verbum,
3032 4605 3392 4678 ejusdemque
3414 4608 3594 4678 splen-

284 4713 383 4750 του
430 4691 707 4767 Μαρίας,
742 4691 1031 4763 ἄνθρωπος
1080 4689 1291 4759 γέγονε.
1345 4709 1363 4742 ι
1411 4689 1519 4744 Καὶ
1563 4690 1683 4760 μεθ’
1733 4689 1895 4760 ἕτερα

286 4789 484 4843 πάλιν·
528 4805 550 4836 ι
602 4783 806 4839 Πολλοὶ
839 4783 973 4853 γοῦν
1014 4782 1160 4851 ἅγιοι
1189 4782 1474 4857 γεγόνασι,
1519 4782 1617 4835 καὶ
1664 4780 1899 4851 καθαροὶ

287 4880 476 4946 πάσης
520 4875 835 4949 ἁμαρτίας.
880 4875 1153 4946 Ἱερεμίας
1180 4874 1242 4929 δὲ
1268 4874 1365 4928 καὶ
1410 4874 1476 4928 ἐκ
1500 4873 1709 4938 κοιλίας
1734 4872 1897 4943 ἡγιά-

285 4971 411 5044 σθη,
455 4971 559 5024 καὶ
606 4968 869 5037 Ἰωάννης
890 4967 973 5020 ἔτι
1020 4966 1466 5037 κυοφορούμενος
1490 4966 1818 5035 ἐσκίρτησεν
1840 4967 1899 5018 ὲν

288 5064 622 5132 ἀγαλλιάσει
658 5061 759 5115 ἐπὶ
808 5061 874 5130 τῇ
916 5062 1071 5130 φωνῇ
1121 5059 1221 5129 τῆς
1265 5058 1531 5112 Θεοτόκου
1582 5057 1823 5128 Μαρίας.
1872 5076 1893 5109 ι

300 5154 637 5224 ’Δξιόχρεως
665 5151 768 5222 μὲν
793 5144 887 5203 οῦν
908 5151 937 5202 ὁ
967 5148 1130 5220 ἀνὴρ,
1160 5148 1256 5203 καὶ
1290 5147 1613 5219 θαρσεῖσθαι
1646 5147 1897 5218 πρέπων,

283 5246 361 5311 ὡς
381 5247 491 5300 οὐκ
514 5244 591 5299 ἂν
624 5244 734 5313 εφη
764 5259 821 5295 τι
864 5240 975 5297 τῶν
1013 5240 1115 5303 ὅσα
1151 5240 1229 5311 μὴ
1273 5240 1389 5297 ἔστι
1420 5242 1533 5302 τοῖς
1560 5240 1724 5309 ἱεροῖς
1754 5255 1897 5309 cup.-

288 5338 553 5392 ϐαίνοντα
580 5336 807 5404 Λόγοις.
840 5332 964 5396 Πῶς
1008 5330 1117 5407 γὰρ
1146 5331 1213 5385 ἂν
1257 5332 1499 5401 ἁμάρτοι
1524 5330 1573 5383 τ’
1606 5329 1842 5401 ἀληθοῦς
1871 5331 1900 5382 ό

288 5434 549 5505 λαμπρὸς
582 5430 738 5486 οὕτω
775 5429 873 5483 καὶ
905 5428 1213 5498 διαϐόητος,
1256 5428 1351 5487 καὶ
1390 5429 1450 5480 ὲν
1477 5427 1615 5498 αὐτῇ
1648 5425 1779 5497 ἁγίᾳ
1806 5426 1900 5479 καὶ

294 5526 510 5599 μεγάλῃ
542 5522 779 5594 συνόδῳ,
816 5523 882 5593 τῇ
925 5521 985 5583 ἐν
1020 5520 1229 5597 Νικαίᾳ
1266 5518 1436 5589 φημὶ,
1483 5519 1627 5572 κατὰ
1673 5518 1900 5589 καιροὺς

2000 4694 2103 4748 dor
2122 4701 2179 4749 et
2206 4693 2475 4764 sapientia
2495 4693 2517 4726 ⁸
2544 4713 2558 4748 :
2587 4703 2702 4750 tum
2739 4695 2997 4752 eumdem
3024 4713 3246 4753 rursum
3274 4698 3594 4753 novissimis

1997 4787 2149 4842 hisce
2179 4787 2525 4857 temporibus
2550 4800 2784 4857 corpore
2809 4804 2877 4843 ex
2914 4787 3151 4858 Deipara
3179 4789 3394 4860 virgine
3423 4788 3593 4845 Maria

1997 4883 2238 4946 sumpto,
2273 4875 2450 4932 nostri
2493 4891 2656 4939 causa
2699 4876 2982 4935 hominem
3026 4878 3234 4934 factum
3279 4894 3422 4934 esse.
3472 4898 3491 4931 ι
3524 4880 3593 4934 Et

1997 4967 2279 5028 nonnullis
2298 4967 2605 5038 interjectis
2622 4967 2858 5024 iterum:
2889 4989 2907 5021 ι
2929 4970 3085 5027 Multi
3106 4972 3368 5028 exstitere
3391 4975 3589 5033 saneti.

1997 5066 2055 5113 et
2086 5058 2157 5113 ab
2182 5058 2333 5112 omni
2366 5068 2594 5129 peccato
2623 5059 2921 5119 immunes.
2952 5063 3089 5118 Nam
3128 5072 3186 5118 et
3215 5064 3484 5119 Jeremias
3522 5064 3591 5116 de

2000 5158 2253 5209 materno
2288 5158 2448 5205 utero
2498 5150 2873 5208 sanetiticatus
2894 5160 2980 5207 est
3002 5155 3023 5183 '
3047 5171 3060 5207 :
3086 5162 3142 5208 ct
3164 5153 3401 5208 Joannes
3423 5152 3476 5205 in
3503 5153 3590 5206 lu-

2001 5258 2121 5298 cem
2144 5241 2391 5298 nondum
2419 5242 2625 5308 editus,
2653 5259 2789 5301 voce
2817 5245 3064 5315 Deiparze
3092 5244 3278 5299 Mariae
3305 5254 3589 5313 percepta.

2000 5334 2348 5399 lmtabundus
2374 5335 2581 5393 exsiliit
2601 5338 2674 5392 ⁷.»
2704 5336 2846 5393 Sane
2880 5337 3112 5393 idoneus
3133 5344 3219 5392 est
3246 5336 3339 5393 hic
3366 5336 3473 5401 vir,
3498 5353 3594 5405 ap-

2002 5427 2312 5497 primeque‘
2339 5426 2543 5499 dignus
2589 5428 2680 5485 cui
2732 5429 3007 5501 intrepide
3049 5428 3212 5485 fidem
3260 5430 3588 5503 adjungerc.

1999 5534 2276 5589 quemque
2314 5528 2434 5575 tuto
2464 5521 2620 5591 sequi
2646 5521 2831 5587 liceat,
2862 5534 2924 5578 ut
2962 5523 3056 5595 qui
3094 5524 3228 5579 nihil
3272 5521 3591 5595 protulisset

348 5696 372 5727 ⁸
400 5694 578 5749 Hebr.
604 5707 645 5755 ι,
666 5690 735 5756 3;
787 5688 807 5747 I
850 5685 981 5741 Cor.
1010 5703 1048 5748 I,
1075 5686 1164 5739 51.
1244 5686 1264 5715 ³
1286 5684 1489 5739 Jerem.
1524 5701 1561 5747 ι,
1696 5684 1716 5713 ⁷
1743 5683 1875 5736 Luc.
1901 5699 1938 5748 ι,
1965 5683 2054 5737 λιι.

1409 5823 1584 5877 Varia:
1612 5820 1881 5876 lectiones
1898 5820 2107 5877 codicis
2127 5821 2491 5895 Seguieriani.

372 5974 394 6017 ι
417 5974 741 6047 νοημάτων.
821 5981 861 6008 π’
884 5970 1046 6024 ἄττα.
1124 5976 1150 6005 υ
1172 5964 1641 6031 ἀντεξετάζοντες.
1724 5970 1747 5999 ο
1774 5961 2051 6034 ἀκριϐείᾳ.
