4058 6506
391 510 465 571 13
1426 514 1480 568 S.
1523 513 1796 570 CYRILLI
1838 512 2311 569 ALEXANDRINI
2351 514 2671 572 ARCIIIEP.
3611 520 3680 576 l6

390 626 539 699 quod
591 641 620 679 a
676 624 877 679 divinis
911 625 1138 682 Litteris
1179 630 1419 684 alienum
1462 638 1627 684 esset.
1673 628 1793 694 Quo
1833 627 1958 681 enin

2091 631 2588 703 συναγηγερμένῃ,
2658 632 2795 702 πρὸς
2858 631 3113 685 ἁπάντων
3182 631 3673 703 τεθαυμασμένοςς

388 728 547 789 pacto
582 717 810 773 illustris
844 718 934 774 ille
965 721 1386 791 celebratusque
1409 721 1590 786 Pater,
1617 722 1710 790 qui
1737 721 1791 775 in
1823 736 1975 774 saera

296 814 299 817 ’
383 812 478 864 illa
513 824 818 880 magnaque
849 811 1058 882 synodo
1093 812 1312 866 Nicaeua
1341 812 1396 864 in
1426 819 1575 864 tanta
1603 811 1849 864 omnium
1876 811 1974 864 ad-

386 903 678 957 miratione
710 904 932 958 habitus
955 913 1056 967 est,
1083 921 1113 957 a
1139 904 1387 959 veritatis
1416 904 1631 957 tramite
1657 902 1977 957 aberraret?

383 998 518 1052 Nam
559 999 663 1053 etsi
707 1014 804 1069 per
848 997 901 1052 id
932 1007 1149 1066 tempus
1191 996 1434 1066 episcopi
1482 1010 1685 1048 munus
1729 994 1974 1048 nondum

384 1090 704 1156 sustineret,
723 1091 816 1145 sed
844 1090 987 1143 inter
1008 1088 1239 1143 clericos
1257 1088 1558 1142 etiamnum
1577 1086 1819 1156 degeret,
1839 1096 1976 1141 atta-

383 1202 510 1241 men
543 1194 770 1255 propter
801 1184 1115 1254 przeelaram
1151 1181 1414 1244 indolem,
1446 1180 1828 1250 insignemque
1850 1180 1976 1234 vita:

381 1277 733 1348 probitatem,
763 1286 819 1331 et
845 1274 1104 1329 subtilem
1142 1289 1206 1328 ac
1243 1271 1732 1342 incomparabilem
1773 1273 1976 1326 mentis

381 1370 798 1441 perspieaeiam,
828 1384 858 1421 a
883 1368 1058 1422 beata:
1082 1366 1362 1421 memoria:
1382 1365 1642 1435 episcopo
1666 1364 1974 1419 Alexandro

380 1462 447 1516 ad
488 1460 757 1532 synodum
797 1476 983 1515 comes
1027 1458 1234 1514 ascitus
1273 1467 1375 1513 est.
1419 1457 1756 1513 Versabatur
1788 1466 1973 1513 autem

378 1558 505 1613 liter
537 1556 940 1611 conﬁciendum
974 1571 1095 1611 sese
1128 1555 1325 1611 ducem
1355 1553 1627 1625 praebens,
1658 1568 1876 1609 necnon
1916 1555 1972 1609 in

382 1655 630 1710 tendens.

452 1750 653 1804 Verum
711 1750 840 1820 quia
894 1749 1194 1804 verisimile
1243 1756 1330 1804 est
1379 1764 1489 1803 non
1539 1748 1831 1803 defuturos
1873 1748 1965 1803 hic

376 1841 644 1911 quosdam
693 1842 787 1911 qui
815 1857 883 1895 ex
913 1855 1067 1896 saera
1090 1856 1313 1911 quoque
1354 1840 1652 1910 divinaque
1675 1839 1964 1909 Scriptura

375 1951 440 1987 ea
494 1949 618 2003 qua:
663 1933 769 1987 hoc
797 1934 919 1988 loco
969 1942 1182 1988 asserta
1224 1941 1355 1987 sunt
1400 1931 1811 1987 corroboranda
1844 1946 1965 1985 esse

376 2025 819 2089 existimabunt;
890 2024 1140 2079 dicturos
1189 2032 1457 2094 praeterea
1515 2033 1756 2079 sanctam
1812 2023 1963 2077 illam

2085 721 2253 775 Οῦπω
2284 723 2382 792 μὲν
2407 722 2516 793 γὰρ
2553 724 2643 775 τὸν
2666 723 2767 793 τῆς
2796 724 3101 793 ἐπισκοπῆς
3124 724 3297 777 διεῖπε
3320 725 3533 795 θρόνον,
3559 725 3676 777 ἐτέ-

2085 812 2167 866 λει
2209 813 2266 865 δὲ
2309 814 2512 884 μᾶλλον
2544 816 2601 867 ὲν
2648 815 2960 885 κληρικοῖς,
2996 815 3135 885 πλὴν
3169 815 3448 885 ἀγχινοίας
3487 815 3670 879 ἕνεκα,
3760 822 3765 825 “

2085 908 2180 959 καὶ
2210 906 2309 976 τῆς
2334 907 2501 977 ἄλλης
2529 908 2857 971 ἐπιεικείας,
2877 908 2971 961 καὶ
2996 908 3183 977 ἰσχνῆς
3215 908 3353 976 ἄγαν
3378 908 3474 961 καὶ
3504 907 3673 976 ἀσυγ·

2086 998 2274 1069 κρίτου
2326 999 2555 1070 φρενὸς,
2589 999 2919 1071 παρελήφθη
2964 1001 3064 1070 μὲν
3104 1000 3359 1071 τηνικάδε
3397 1000 3549 1072 παρὰ
3576 999 3669 1052 τοῦ

2074 1092 2175 1160 τῆς
2224 1090 2505 1162 μακαρίας
2561 1093 2786 1163 μνήμης
2833 1092 3184 1163 Ἀλεξάνδρου
3214 1094 3308 1146 τοῦ
3342 1093 3664 1147 ἐπισκόπου.

2075 1181 2247 1251 Συνῆν
2278 1182 2334 1233 δὲ
2360 1180 2438 1252 τῷ
2468 1181 2749 1254 πρεσϐύτῃ
2800 1178 2889 1238 οἷά
2914 1200 3021 1255 περ
3046 1184 3161 1247 υίὸς
3191 1182 3383 1252 πατρὶ,
3416 1180 3668 1252 ποδηγῶν

2073 1272 2152 1335 εἰς
2192 1272 2401 1326 ἕκαστα
2430 1272 2543 1327 τῶν
2587 1275 2897 1346 χρησίμων,
2930 1276 3025 1328 καὶ
3068 1275 3169 1346 τὴν
3197 1276 3280 1344 ἐφ’
3311 1274 3527 1344 ἑκάστῳ
3558 1274 3668 1327 τῶν

2074 1365 2368 1436 πρακτέων
2399 1362 2609 1420 ὁδὸν-εὐ
2636 1367 2781 1438 μάλα
2814 1366 3202 1434 παραδεικνύς.

2012 1474 2137 1513 eum
2162 1474 2292 1513 sene
2325 1440 2585 1530 tanquam
2620 1459 2766 1515 ﬁlius
2797 1476 2923 1515 cum
2950 1467 3128 1530 patre,
3189 1461 3257 1515 ad
3283 1461 3504 1531 quidvis
3553 1459 3667 1514 uti-

2009 1555 2270 1610 omnibus
2299 1571 2422 1626 quae
2450 1555 2703 1611 obeunda
2771 1556 2983 1621 forent,
3019 1555 3367 1611 commodum
3413 1555 3518 1610 iter
3573 1569 3664 1609 os-

2157 1746 2381 1820 Ἐπειδὴ
2426 1746 2484 1800 δέ
2526 1765 2680 1811 τινας
2724 1747 2872 1811 εἰκὸς
2902 1747 3013 1801 δεῖν
3060 1749 3159 1819 μὲν
3199 1748 3406 1803 οἴεσθαι
3449 1747 3541 1800 τὸν
3570 1748 3664 1800 ἐπὶ

2071 1842 2281 1905 τούτοις
2308 1843 2441 1912 ἡμῖν
2470 1840 2842 1911 ὲμπεδοῦσθαι
2883 1840 3040 1910 λόγον
3066 1841 3163 1894 ἀπ’
3193 1841 3364 1913 αὐτῆς
3386 1841 3485 1911 τῆς
3509 1840 3663 1911 ἱερᾶς

2073 1937 2166 1990 καὶ
2196 1933 2557 1989 θεοπνεύστου
2593 1934 2849 2005 Γραφῆς,
2877 1933 3046 2003 φάναι
3075 1950 3135 1987 τε
3174 1932 3312 2001 πρὸς
3343 1930 3538 2002 τούτῳ,
3561 1931 3663 2002 τὴν

2079 2025 2246 2094 ἁγίαν
2285 2025 2504 2095 εκείνην
2539 2024 2633 2078 καὶ
2659 2024 2904 2095 μεγάλην
2952 2022 3170 2076 σύνοδον
3222 2023 3359 2093 μήτε
3398 2019 3662 2075 Θεοτόκον

376 2130 744 2185 magnamque
822 2115 1096 2186 synodum
1178 2131 1360 2186 neque
1428 2115 1650 2170 Domini
1727 2122 1958 2169 matrem

2066 2121 2243 2173 εἰπεῖν
2270 2119 2371 2189 τὴν
2394 2117 2488 2171 τοῦ
2518 2116 2727 2188 Κυρίου
2759 2116 2990 2188 μητέρα,
3017 2117 3155 2187 μήτε
3180 2114 3286 2187 μὴν
3320 2114 3459 2178 ὅλως
3477 2113 3662 2184 ὁρίσαι

374 2206 665 2275 Deiparam
694 2221 925 2277 usquam
951 2207 1280 2276 appellasse,
1306 2223 1488 2278 neque
1514 2206 1816 2277 quidquam
1842 2222 1964 2261 om-

373 2302 507 2355 nino
558 2316 726 2372 super
764 2317 827 2356 ea
878 2317 940 2357 re
973 2300 1285 2356 decrevisse
1337 2318 1350 2353 :
1398 2315 1497 2370 age
1534 2314 1774 2369 quonam
1801 2308 1964 2369 pacto

372 2410 636 2449 arcanum
693 2393 829 2447 illud
884 2393 1207 2449 (economia:
1252 2392 1458 2447 Christi
1494 2392 1816 2464 mysterium
1865 2408 1965 2461 per

371 2488 589 2542 divinas
620 2502 843 2558 quoque
871 2486 1109 2541 Litteras
1137 2484 1498 2554 praedicatum
1529 2484 1621 2549 sit,
1670 2498 1775 2553 pro
1814 2483 1962 2538 virili

370 2587 527 2648 parte
555 2579 781 2648 planum
824 2577 1094 2631 faciamus
1127 2594 1139 2629 ε
1173 2586 1288 2629 tum
1320 2574 1453 2644 quid
1476 2575 1580 2645 ipsi
1602 2590 1824 2644 quoque
1856 2575 1959 2629 Pa»

374 2684 509 2735 tres,
545 2670 639 2741 qui
673 2670 887 2740 Spiritu
916 2677 1127 2734 sancto,
1160 2684 1229 2722 ne
1262 2684 1291 2722 a
1322 2683 1457 2721 vero
1486 2667 1839 2723 discederent
1877 2668 1958 2722 al"-

368 2764 507 2828 ﬂati,
539 2779 650 2817 non
676 2762 824 2817 enim
847 2762 951 2833 ipsi
976 2761 1025 2832 5
1047 2760 1435 2830 loquebantur,
1472 2759 1568 2814 sed
1591 2759 1811 2814 Christo
1841 2759 1959 2814 Sal-

369 2865 562 2910 vatore
615 2863 808 2910 nostro
848 2862 1103 2916 testante,
1152 2852 1391 2921 Spiritus
1420 2851 1516 2906 Dei
1545 2859 1603 2906 et
1633 2850 1814 2905 Patris
1841 2859 1961 2905 erat

370 2948 465 3017 qui
494 2947 555 3001 in
580 2947 714 3017 ipsis
735 2944 1125 3015 loquebatur“,
1154 2946 1382 2999 sincerze
1404 2944 1805 3013 inculpataeque
1832 2942 1958 2998 ﬁdei

370 3055 640 3096 eanonem
688 3038 1007 3101 ediderunt,
1039 3054 1103 3093 ea
1134 3037 1201 3092 de
1232 3053 1290 3090 re
1316 3036 1825 3107 pronuntiaverint,
1861 3051 1958 3090 cx-

369 3147 662 3201 ponamus.
719 3131 868 3186 lstud
917 3138 1101 3184 autem
1145 3129 1535 3200 percommode
1581 3130 1694 3194 (iet,
1730 3128 1774 3184 si
1802 3129 1959 3183 illum

370 3229 576 3295 ipsum,
608 3224 702 3294 qui
731 3239 799 3278 ex
832 3238 989 3279 sacra
1020 3222 1244 3292 Virgine
1266 3221 1591 3293 progenitus
1618 3230 1724 3288 est,
1760 3229 1960 3275 natura

369 3319 544 3372 Deum
594 3332 715 3372 esse
773 3315 1185 3370 demonstretur
1220 3332 1232 3368 :
1266 3314 1372 3368 hoc
1397 3329 1636 3384 namque
1668 3328 1951 3368 common-

369 3419 563 3474 strato,
614 3408 892 3463 neminem
922 3421 1152 3477 prorsus
1191 3405 1576 3460 dubitaturum
1601 3405 1860 3461 existimo
1888 3406 1958 3462 de

2065 2228 2119 2264 τι
2146 2209 2387 2264 τοιοῦτον
2408 2226 2421 2240 ο
2450 2209 2582 2279 φέρε
2602 2209 2689 2278 δὴ,
2715 2207 2850 2280 φέρε
2869 2208 2964 2261 καὶ
2989 2207 3106 2272 νῦν,
3132 2208 3207 2271 ὡς
3245 2206 3347 2273 ἔνι,
3371 2205 3662 2260 καταδεικ-

2066 2304 2281 2374 νύωμεν
2302 2303 2400 2372 τῆς
2425 2304 2481 2354 ὲν
2506 2300 2727 2371 Χριστῷ
2752 2312 2781 2351 P
2802 2300 3100 2372 νοουμένης
3129 2298 3442 2370 οἰκονομίας
3466 2297 3529 2353 τὸ
3555 2315 3664 2371 μυ-.

2067 2396 2288 2467 στήριον
2328 2394 2450 2448 τίνα
2493 2395 2593 2464 μὲν
2620 2394 2825 2466 τρόπον
2859 2393 3012 2464 παρὰ
3029 2396 3128 2462 τῆς
3159 2392 3309 2455 θείας
3333 2393 3466 2462 ἡμῖν
3492 2392 3659 2462 κεκή-

2067 2505 2264 2560 ρυκται
2289 2487 2532 2558 Γραφῆς,
2568 2486 2619 2539 τί
2644 2486 2704 2540 δὲ
2734 2488 2829 2539 καὶ
2863 2484 3018 2539 αὐτοὶ
3061 2484 3426 2554 λελαλήκασιν
3460 2485 3511 2537 οἱ
3540 2484 3656 2537 Πα-

2063 2581 2241 2650 τέρες,
2274 2579 2365 2632 τὸν
2395 2580 2500 2647 τῆς
2523 2578 2830 2648 ἀμωμήτου
2866 2577 3109 2640 πίστεως
3144 2576 3271 2648 ὅρον
3305 2576 3657 2646 ἐκφέροντες,

2063 2670 2386 2741 ὲνηχοῦντος
2413 2671 2599 2732 αὐτοῖς
2626 2669 2857 2738 τάληθὲς
2881 2667 2975 2721 τοῦ
3004 2668 3163 2736 ἁγίου
3202 2667 3521 2739 Πνεύματος
3546 2685 3558 2698 ·
3593 2668 3656 2719 οὐ

2063 2765 2171 2836 γὰρ
2195 2761 2339 2835 ἦσαν
2364 2766 2412 2818 οἱ
2445 2763 2734 2826 λαλοῦντες
2767 2762 2944 2824 αὐτοὶ,
2974 2762 3117 2817 κατὰ
3145 2762 3243 2832 τὴν
3272 2761 3368 2815 τοῦ
3396 2760 3655 2831 Σωτῆρος
3720 2816 3730 2828 ,

2065 2857 2273 2927 φωνὴν,
2302 2856 2439 2910 ἀλλὰ
2459 2856 2565 2909 «Τὸ
2590 2854 2819 2925 Πνεῦμα
2846 2854 2941 2908 τοῦ
2956 2854 3093 2908 Θεοῦ
3114 2855 3208 2908 καὶ
3232 2853 3449 2925 Πατρὸς
3476 2852 3537 2907 τὸ
3559 2852 3656 2905 λα-

2061 2947 2188 3002 λοῦν
2222 2950 2277 3001 ἐν
2305 2948 2512 3011 αὐτοῖς.
2530 2966 2548 2999 ι
2570 2946 3052 3017 Ἀποδεδειγμένου
3082 2946 3190 3017 γὰρ
3218 2944 3390 3009 οὓτως
3412 2945 3496 2998 ὅτι
3522 2943 3655 3006 Θεὸς

2061 3039 2203 3092 κατὰ
2240 3038 2400 3107 φύσιν
2435 3037 2582 3092 ἐστὶν
2611 3039 2641 3091 ὁ
2669 3038 2734 3090 ὲκ
2760 3036 2856 3107 τῆς
2884 3036 3045 3105 ἁγίας
3073 3036 3353 3108 Παρθένου
3391 3051 3655 3105 γεγεννη-

2065 3133 2245 3202 μένος,
2288 3131 2647 3202 κατοκνήσειν
2684 3125 2839 3199 οἶμαι
2880 3129 3165 3193 παντελῶς
3194 3129 3387 3185 οὐδένα
3418 3130 3556 3201 πρός
3586 3145 3652 3197 γε

2060 3225 2121 3277 τὸ
2149 3225 2348 3296 χρῆναι
2372 3225 2516 3277 νοεῖν
2542 3223 2639 3277 καὶ
2668 3221 2774 3294 μὴν
2797 3222 2893 3275 καὶ
2935 3222 3162 3293 φράσαι,
3189 3222 3273 3275 ὅτι
3299 3221 3562 3285 Θεοτόκος
3585 3220 3654 3273 ἂν

2059 3316 2273 3384 λέγοιτο
2300 3317 2390 3371 καὶ
2422 3314 2567 3386 μάλα
2587 3313 3000 3383 είκότως.Ἔχει
3031 3314 3088 3367 δὲ
3114 3313 3288 3380 οὕτως
3309 3315 3443 3387 ἡμῖν
3463 3314 3524 3368 τὸ
3552 3313 3654 3384 τῆς

2062 3410 2300 3472 πίστεως
2327 3405 2617 3475 σύμϐολον.

372 3503 615 3575 Virgine,
646 3501 781 3571 quin
808 3501 1170 3556 habendailla
1194 3501 1287 3567 sit,
1311 3510 1367 3555 et
1386 3501 1715 3571 appellanda
1734 3517 1956 3573 quoque
1997 3504 2262 3575 Deipara;
2293 3514 2349 3560 et
2375 3504 2501 3573 jure
2526 3503 2752 3573 quidem
2780 3502 3008 3573 optimo.
3038 3503 3210 3575 Igitur
3267 3502 3395 3558 ﬁdei
3447 3512 3655 3558 nostra“:

367 3605 685 3677 symbolum
716 3602 865 3657 hunc
892 3601 949 3655 in
974 3600 1202 3656 modum
1230 3600 1417 3656 habet.

431 3695 615 3749 Credo
636 3693 692 3748 in
716 3707 886 3747 unum
910 3692 1107 3756 Deum,
1139 3691 1359 3746 Patrem
1381 3692 1839 3763 omnipotentem,
1865 3692 1947 3747 vi-

2132 3689 2381 3745 Πιστεύω
2435 3691 2515 3752 είς
2558 3690 2656 3744 ἕνα
2697 3690 2870 3756 Θεὸν,
2924 3689 3148 3761 Πατέρα
3186 3689 3605 3761 παντοκράτορα
3632 3728 3648 3753 ,

365 3788 614 3843 sibilium
659 3784 909 3839 omnium
957 3793 1015 3839 et
1065 3782 1429 3839 invisibilium
1474 3783 1760 3840 factorem.
1798 3784 1866 3839 Et
1896 3782 1953 3837 in

368 3895 538 3934 unum
589 3878 885 3933 Dominum
912 3876 1097 3933 Iesum
1127 3875 1432 3942 Christum,
1465 3878 1665 3933 Filium
1697 3879 1795 3933 Dei
1824 3877 1952 3931 uni-

364 3973 635 4043 genitum,
686 3986 753 4025 ex
786 3970 969 4033 Patre,
1006 3968 1113 4023 hoc
1141 3977 1245 4033 cst,
1281 3985 1349 4024 ex
1390 3970 1571 4025 Patris
1596 3968 1834 4024 essentia
1860 3984 1957 4021 na-

368 4076 516 4131 tum;
548 4065 722 4119 Deum
750 4062 818 4117 de
839 4062 971 4125 Deo,
1003 4063 1189 4117 lumen
1215 4063 1282 4117 de
1303 4062 1536 4125 lumine,
1568 4062 1739 4116 Deum
1760 4074 1952 4112 verum

366 4157 436 4210 de
457 4156 569 4209 Deo
587 4169 740 4217 vero,
762 4154 1029 4224 genitum,
1056 4169 1167 4208 non
1184 4154 1411 4218 factum,
1427 4151 1952 4207 consubstantialem

362 4247 516 4302 Patri
539 4264 552 4311 ;
606 4262 705 4316 per
730 4262 892 4315 quem
920 4247 1104 4301 omnia
1130 4246 1272 4300 facta
1293 4253 1440 4308 sunt,
1474 4252 1530 4299 et
1559 4260 1682 4314 quae
1707 4244 1761 4297 in
1787 4244 1950 4309 cmlo,

361 4349 420 4395 et
477 4356 599 4410 quae
639 4338 693 4392 in
744 4347 895 4394 terra
940 4346 1087 4393 sunt.
1143 4337 1247 4404 Qui
1290 4345 1514 4406 propter
1540 4351 1643 4389 nos
1677 4335 1951 4401 homines,

363 4443 421 4487 et
481 4442 710 4503 propter
782 4440 1029 4486 nostram
1084 4432 1316 4486 salutem
1370 4428 1696 4493 descendit,
1752 4439 1810 4483 ct
1866 4430 1953 4483 in-

364 4534 625 4580 carnatus
685 4531 808 4587 est,
864 4531 921 4577 et
970 4523 1137 4576 homo
1191 4521 1369 4576 factus
1409 4529 1533 4580 est.
1594 4537 1790 4591 passus
1834 4530 1948 4585 est,

360 4625 418 4668 et
469 4613 628 4669 tertia
674 4612 763 4668 die
816 4611 1141 4667 resurrexit.
1218 4611 1286 4664 Et
1333 4610 1584 4666 ascendit
1627 4612 1683 4665 in
1734 4613 1948 4678 caelos;

361 4708 457 4777 qui
510 4713 779 4760 venturus
800 4713 886 4758 est
912 4703 981 4759 ad
1016 4701 1379 4773 iudicandum
1414 4702 1572 4757 vivos
1599 4712 1655 4757 et
1679 4712 1947 4759 mortuos.

361 4798 432 4853 Et
462 4798 518 4852 in
551 4796 824 4868 Spiritum
854 4804 1127 4850 sanctum.

423 4890 597 4944 Porro
647 4889 937 4944 liaareseon
966 4886 1304 4951 inventores,
1366 4901 1491 4941 eum
1527 4887 1790 4958 sibiipsis,
1832 4896 1951 4942 tum

360 4979 581 5037 caeteris
610 4993 832 5050 quoque
856 4976 1011 5031 exitii
1034 4975 1358 5030 barathrum
1388 4978 1723 5047 aperientes,
1752 4978 1804 5031 in
1829 4994 1951 5032 eam

2058 3782 2287 3854 ποιητὴν
2340 3781 2561 3836 πάντων
2601 3782 2814 3852 ὁρατῶν
2850 3800 2911 3837 τε
2958 3783 3055 3837 καὶ
3101 3782 3352 3854 ἀοράτων
3373 3822 3388 3847 ,
3425 3783 3520 3835 καὶ
3570 3783 3651 3845 είς

2054 3874 2151 3927 ἕνα
2202 3873 2407 3944 Κύριον
2466 3873 2674 3941 Ἰησοῦν
2712 3874 2968 3944 Χριστὸν,
3028 3875 3118 3928 τὸν
3163 3874 3292 3927 Υίὸν
3339 3872 3433 3926 τοῦ
3486 3872 3648 3937 Θεοῦ,

2055 3965 2388 4036 γεννηθέντα
2433 3968 2497 4019 ὲκ
2528 3966 2623 4019 τοῦ
2662 3966 2876 4037 Πατρὸς
2923 3965 3224 4038 μονογενῆ,
3260 3964 3537 4019 τουτέστιν
3584 3969 3650 4019 ὲκ

2053 4059 2154 4129 τῆς
2201 4058 2390 4121 οὐσίας
2432 4057 2634 4111 αὐτοῦ’
2673 4058 2807 4112 Θεὸν
2840 4060 2906 4113 ἐκ
2956 4058 3112 4124 θεοῦ,
3165 4059 3280 4129 φῶς
3334 4060 3399 4112 ὲκ
3434 4058 3646 4127 φωτὸς,

2054 4149 2188 4204 Θεὸν
2233 4150 2490 4221 ἀληθινὸν
2521 4154 2587 4207 ἐκ
2639 4152 2776 4205 Θεοῦ
2828 4150 3086 4222 ἀληθινοῦ
3112 4192 3127 4217 ,
3183 4152 3514 4223 γεννηθέντα
3538 4194 3554 4220 ,
3583 4154 3646 4208 οὐ

2054 4241 2390 4311 ποιηθέντα,
2425 4242 2711 4312 ὁμοούσιον
2749 4242 2829 4312 τῷ
2875 4243 3079 4314 Πατρὶ,
3133 4242 3201 4297 δι’
3246 4236 3308 4296 οὗ
3355 4244 3426 4297 τὰ
3467 4245 3647 4299 πάντα

2054 4331 2294 4401 ἐγένετο,
2326 4336 2394 4388 τά
2432 4351 2489 4388 τε
2526 4335 2584 4388 ὲν
2621 4333 2700 4406 τῷ
2739 4333 2956 4406 οὐρανῷ
2985 4335 3080 4387 καὶ
3126 4335 3197 4389 τὰ
3231 4339 3287 4390 ὲν
3317 4339 3383 4407 τῇ
3419 4339 3520 4409 γῇ·
3553 4336 3646 4391 τὸν

2053 4425 2120 4479 δι’
2160 4426 2306 4495 ἡμᾶς
2337 4425 2466 4490 τοὺς
2491 4425 2815 4496 ἀνθρώπους
2832 4464 2846 4490 ,
2869 4426 2965 4480 καὶ
2991 4426 3081 4479 διὰ
3105 4426 3202 4497 τὴν
3224 4428 3505 4499 ἡμετέραν
3538 4444 3644 4481 σω-

2051 4517 2250 4587 τηρίαν
2280 4516 2645 4582 κατελθόντα,
2695 4518 3045 4587 σαρκωθὲντα
3072 4559 3086 4583 ,
3123 4518 3642 4591 ὲνανθρωπὴσαντα,

2053 4605 2313 4672 παθόντα,
2341 4607 2436 4660 καὶ
2463 4608 2779 4661 ἀναστάντα
2802 4610 2868 4679 τῇ
2901 4608 3060 4680 τρίτῃ
3088 4608 3303 4680 ἡμέρᾳ,
3351 4609 3644 4665 ἀνελθόντα

2055 4704 2135 4764 εἰς
2161 4702 2287 4766 τοὺς
2322 4702 2607 4772 οὐρανοὺς,
2642 4703 2935 4773 ἐρχόμενον
2962 4705 3145 4775 κρῖναι
3177 4702 3389 4767 ζῶντας
3419 4703 3512 4759 καὶ
3545 4723 3644 4758 νε-

2055 4791 2224 4862 κρούς
2243 4808 2259 4823 ·
2287 4792 2384 4846 καὶ
2417 4792 2497 4855 είς
2524 4792 2584 4846 τὸ
2609 4792 2768 4861 ἅγιον
2790 4791 3037 4863 Πνεῦμα.

2127 4885 2191 4938 Οἱ
2229 4884 2330 4956 μὲν
2357 4884 2467 4956 γὰρ
2496 4885 2610 4940 τῶν
2647 4884 2919 4956 αἱρέσεων
2965 4885 3208 4958 εὑρεταὶ,
3244 4886 3372 4951 τοὺς
3412 4887 3511 4959 τῆς
3536 4888 3643 4940 ὰπ-

2055 4976 2248 5041 ωλείας
2272 4977 2424 5046 σφίσι
2448 4994 2507 5031 τε
2529 4977 2837 5043 αὑτοῖς,καὶ
2865 4978 2972 5048 μὴν
2994 4978 3089 5032 καὶ
3101 4979 3310 5051 ἑτέροις
3323 4977 3643 5051 ὀρύττοντες

360 5071 663 5128 amentiam
704 5065 1143 5139 opinionumque
1179 5066 1480 5122 vanitatem
1509 5068 1820 5138 prmcipitcs
1848 5069 1949 5124 ab-

2059 5069 2287 5141 βόθρους
2314 5070 2698 5142 ματαιότητος,
2729 5072 2810 5134 είς
2834 5070 2994 5125 τοῦτο
3032 5070 3371 5127 κατώλισθον
3397 5073 3640 5139 ὲννοιῶν,

359 5165 568 5229 ierunt,
630 5170 693 5217 ut
736 5158 936 5215 Filium
962 5158 1060 5213 Dei
1085 5166 1386 5225 recentem,
1415 5159 1759 5230 perindeque
1780 5175 1811 5214 a
1835 5161 1948 5215 Deo

357 5255 521 5309 Patre
571 5268 637 5308 ac
677 5258 875 5306 caetera
905 5248 1089 5303 omnia
1124 5257 1474 5318 procreatum
1497 5249 1815 5305 existiment
1840 5267 1945 5321 pu-

358 5347 614 5416 bliceque
661 5350 930 5400 asserant.
962 5342 1077 5397 Nec
1112 5343 1450 5398 erubescunt
1472 5344 1659 5400 miseri
1688 5359 1815 5399 eum
1849 5344 1944 5415 qui

357 5449 487 5494 ante
530 5451 693 5490 omne
745 5443 962 5505 tempus
998 5443 1054 5488 et
1087 5449 1264 5488 aevum
1295 5435 1524 5499 exstitit,
1558 5436 1670 5490 imo
1691 5452 1822 5490 vero
1849 5435 1945 5505 qui

356 5544 521 5585 omne
564 5542 741 5581 aevum
789 5536 1115 5597 tempusque
1142 5527 1410 5593 condidit,
1442 5536 1751 5598 temporum
1783 5528 1943 5582 initio

356 5619 837 5676 circumscribere.
866 5618 1120 5691 Cumque
1144 5621 1317 5692 gloria
1351 5629 1404 5675 et
1434 5621 1750 5690 mqualitate
1778 5637 1944 5691 quam

403 5762 424 5788 "
456 5761 644 5815 Matth.
667 5776 721 5827 x,
747 5761 816 5815 20

2055 5159 2132 5223 ὡς
2161 5159 2372 5213 οἴεσθαί
2398 5177 2459 5213 τε
2485 5162 2581 5215 καὶ
2604 5160 2808 5229 λέγειν,
2846 5161 3162 5234 πρόσφατον
3194 5156 3334 5216 εἶναι
3363 5164 3455 5217 τὸν
3492 5165 3642 5229 Υίὸν,

2046 5254 2105 5305 ὲν
2138 5254 2240 5323 ἴσῳ
2267 5270 2327 5305 τε
2353 5255 2468 5317 τοῖς
2501 5254 2766 5326 κτίσμασι
2788 5254 3069 5326 παρῆχθαι
3101 5255 3254 5327 παρὰ
3272 5256 3367 5309 τοῦ
3390 5257 3527 5310 Θεοῦ
3548 5258 3642 5311 καὶ

2046 5344 2283 5414 Πατρός.
2334 5345 2443 5398 Καὶ
2482 5346 2574 5400 τὸν
2627 5345 2734 5417 πρὸ
2781 5346 2982 5410 παντὸς
3035 5348 3233 5411 αἰῶνος
3282 5348 3376 5401 καὶ
3421 5347 3639 5417 χρόνου,

2051 5437 2251 5508 μᾶλλον
2279 5438 2334 5491 δὲ
2360 5437 2469 5491 τῶν
2497 5439 2711 5493 αἰώνων
2738 5439 2988 5512 ποιητὴν,
3011 5442 3075 5513 τῇ
3101 5440 3244 5494 κατὰ
3278 5438 3469 5510 χρόνον
3497 5441 3639 5511 ἀρχῇ

2050 5530 2491 5602 περιγράφοντες
2522 5532 2622 5585 οὐκ
2666 5532 2993 5605 ὲρυθριῶσιν
3030 5535 3079 5586 οί
3111 5533 3356 5587 δείλαιοι.
3416 5533 3641 5586 Ὑποϐι-

2050 5620 2312 5685 ϐάζοντες
2353 5622 2431 5688 δὲ,
2482 5624 2625 5678 κατά
2665 5640 2730 5693 γε
2759 5624 2821 5679 τὸ
2860 5626 3073 5688 ἑαυτοῖς
3102 5622 3313 5693 δοκοῦν,
3368 5627 3466 5699 τῆς
3501 5629 3638 5697 πρὸς

1456 5882 1632 5938 νατίω
1658 5882 1925 5939 lectiones
1948 5881 2156 5938 codicis
2187 5882 2553 5955 Seguieriani.

427 6005 455 6048 Ρ
476 5998 567 6052 ἐπὶ
596 5999 835 6072 Χριστῷ.
