4058 6452
377 260 443 315 l9
1382 268 1436 322 S.
1476 269 1752 325 CYRILLI
1795 271 2267 327 ALEXANDlllNl
2307 273 2625 329 ARCIHEP.
3564 281 3632 342 20

432 377 538 434 Sed
557 379 703 434 dicet
720 381 857 436 forte
878 384 968 437 hic
987 385 1257 454 quispiam
1288 407 1298 440 :
1325 389 1534 444 Nomen
1552 391 1674 457 hoc,
1699 394 1943 460 Christus,

2123 394 2233 449 Καί
2262 412 2344 449 τοι
2378 397 2437 449 τὸ
2485 400 2735 465 χριστὸς
2772 391 2962 469 όνομα,
2999 400 3132 470 φαίη
3170 419 3253 465 τις
3285 403 3370 468 ἂν,
3413 402 3510 474 οὐχ
3556 404 3631 468 ὼς

373 486 483 524 non
540 472 596 526 in
639 472 817 541 ipsum
861 476 1038 530 solum
1089 478 1504 538 Emmanuelem
1532 484 1811 552 convenit,
1857 486 1959 540 sed-

371 562 495 617 aliis
541 580 759 633 quoque
806 567 1072 623 tributum
1117 574 1475 641 comperitur.
1526 575 1675 631 Deus
1716 591 1952 647 namque

371 653 440 708 de
481 654 673 710 electis
713 654 770 712 et
816 673 916 727 per
954 659 1219 729 Spiritum
1252 665 1611 721 sanctiﬁcatis
1643 667 1849 722 alicubi
1875 669 1950 722 ita

370 755 560 800 cavet:
600 765 616 798 ι
639 747 819 804 Nolite
839 759 1059 821 tangere
1087 754 1327 809 christos
1353 772 1526 839 meqs,
1548 767 1603 812 et
1628 759 1685 812 in
1708 759 1950 829 prophe-

373 844 455 889 tas
477 851 629 892 meos
644 839 814 894 nolite
830 843 1114 913 malignari
1140 845 1202 898 ”.
1217 864 1234 897 ι
1258 844 1398 911 Quin
1426 848 1716 904 etdivinus
1730 865 1951 919 quoque

371 926 421 993 7
459 927 628 982 David
653 945 684 982 a
711 930 825 984 Deo
849 947 948 1001 per
973 933 1282 990 Samuelem
1320 937 1375 991 in
1400 953 1582 1008 regem
1605 940 1864 995 inunctus
1885 939 1946 1004 ¹⁸,

241 1053 261 1062 ο
372 1017 591 1073 Saulem
624 1038 641 1071 ι
666 1020 933 1076 cliristum
956 1023 1173 1079 Domini
1197 1046 1214 1076 ι
1245 1037 1406 1081 vocat
1428 1029 1492 1081 '°.
1518 1030 1718 1084 Verum
1736 1030 1801 1084 ad
1816 1031 1948 1102 quid

371 1124 473 1179 ego
522 1111 638 1166 haec
689 1129 976 1181 recenseo,
1025 1132 1151 1171 cum
1180 1120 1334 1174 nullo
1358 1123 1579 1192 negotio
1620 1124 1811 1180 oculos
1836 1140 1948 1180 non

372 1201 600 1255 omnino
619 1203 826 1259 otiosos
845 1206 1180 1264 habentibus
1205 1220 1395 1280 patere
1419 1221 1603 1282 queat,
1639 1229 1834 1271 omnes
1853 1216 1948 1286 qui

373 1291 478 1347 lidc
505 1293 562 1347 in
581 1293 862 1352 Christum
880 1299 1189 1369 justiﬁcati,
1213 1312 1269 1358 et
1289 1319 1388 1372 per
1408 1303 1673 1374 Spiritum
1695 1314 1946 1362 sanctum

371 1385 696 1442 sanctiﬁcati
751 1398 902 1451 sunt,
965 1391 1237 1461 ejusmodi
1291 1395 1661 1464 appellatione
1702 1398 1945 1454 cohone-

372 1477 580 1531 statos?
613 1478 834 1534 Etenim
861 1480 1120 1538 Habacuc
1145 1486 1465 1554 mysterium
1488 1485 1692 1542 Christi
1716 1497 1772 1545 et
1795 1491 1944 1545 salu~
1977 1495 1982 1498 ’

372 1569 482 1620 tem
515 1583 637 1637 qua:
659 1585 759 1640 per
782 1571 961 1641 ipsum
988 1572 1174 1628 futura
1192 1586 1310 1630 erat
1333 1578 1731 1646 praenuntiatus,-
1754 1580 1809 1634 in
1829 1581 1946 1638 haac

369 1658 538 1713 Verba
567 1664 878 1733 prorumpit
907 1681 919 1716 :
959 1684 975 1714 ι
1001 1664 1267 1735 Egressus
1306 1682 1367 1721 es
1403 1667 1458 1721 in
1485 1669 1715 1723 salutem
1757 1673 1944 1741 populi

371 1749 474 1816 tui,
525 1751 594 1806 ad
639 1753 961 1808 salvandum
995 1755 1235 1811 christos
1255 1760 1493 1813 tuos'°.»
1525 1761 1734 1816 Nomen
1759 1762 1944 1832 itaque

371 1842 499 1907 hoc,
531 1844 776 1910 Christus,
808 1862 986 1916 neque
1013 1848 1115 1902 soli
1144 1865 1325 1918 neque
1349 1853 1570 1922 proprie
1600 1853 1944 1911 Emmanueli

369 1936 648 2000 convenit,
700 1936 796 1991 sed
825 1939 1039 1992 caeteris
1067 1939 1346 2007 omnibus,
1376 1943 1472 2012 qui
1503 1943 1740 2013 Spiritus
1768 1947 1945 2002 sancti

368 2025 541 2095 gratia
598 2027 751 2082 uncti
799 2038 946 2084 sunt.
1007 2031 1265 2087 Derivata
1287 2049 1525 2106 namque
1556 2046 1642 2092 est
1688 2053 1795 2093 vox
1827 2039 1944 2095 haec

367 2118 438 2173 ab
479 2118 596 2188 ipsa
638 2135 697 2174 re
733 2137 747 2174 ι
781 2121 850 2177 ab
879 2137 947 2178 eo
978 2122 1272 2193 siquidem,
1312 2127 1460 2198 quod
1488 2127 1701 2184 inuneti
1729 2141 1940 2198 sumus,

367 2209 557 2265 christi
607 2212 962 2282 appellamur.
1025 2214 1182 2282 Quod
1229 2226 1412 2273 autem
1440 2234 1541 2274 nos
1579 2236 1800 2292 quoque
1834 2223 1944 2278 hoc

369 2305 477 2355 tam
510 2303 712 2358 illustri
744 2313 966 2374 tamque
991 2308 1388 2377 amplectenda
1419 2311 1609 2381 gratia:
1641 2313 1787 2368 dono
1812 2329 1943 2369 vere

363 2389 784 2460 locupletemur,
818 2394 872 2448 id
895 2394 1116 2464 sapiens
1145 2396 1238 2452 ille
1260 2397 1500 2454 Joannes
1521 2401 1791 2470 ejusmodi
1816 2417 1942 2456 ora-

365 2480 513 2535 tione
535 2482 824 2538 conﬁrmat
849 2502 862 2537 :
893 2504 911 2536 ‹
933 2485 1003 2541 Et
1021 2500 1140 2551 vos,
1164 2487 1366 2557 inquit,
1391 2490 1707 2546 unctionem
1726 2491 1944 2548 habetis

365 2591 395 2626 a
425 2573 626 2628 Sancto
641 2575 686 2607 “
708 2594 728 2628 ι
754 2592 770 2642 ;
794 2585 852 2632 et
875 2576 1018 2631 infra
1043 2594 1056 2632 :
1088 2597 1107 2629 ι
1127 2578 1319 2648 Neque
1344 2596 1483 2651 opus
1502 2581 1720 2637 habetis
1741 2591 1802 2637 ut
1819 2583 1943 2653 quis

363 2668 464 2714 Vos
490 2661 717 2730 doceat;
751 2665 943 2719 unctio
963 2664 1125 2720 docet
1149 2682 1248 2722 vos
1261 2669 1357 2721 ²².›
1391 2670 1468 2724 De
1487 2670 1609 2739 ipso
1631 2686 1798 2740 porro
1817 2672 1944 2726 Eme

365 2751 622 2806 manuele
656 2752 735 2807 ita
767 2754 1038 2824 scriptum
1068 2766 1244 2813 exstat
1282 2777 1295 2811 :
1337 2779 1356 2810 ‹
1377 2759 1564 2815 Jesum
1590 2777 1622 2816 a
1649 2761 1938 2829 Nazareth,

364 2842 639 2911 quomodo
656 2845 811 2900 unxit
825 2860 951 2901 eum
962 2847 1106 2902 Deus
1119 2848 1326 2918 Spiritu
1345 2859 1535 2907 sancto
1553 2861 1608 2908 et
1621 2854 1901 2909 virtute”.
1915 2873 1933 2907 ι

366 2932 472 2990 Sed
501 2944 556 2990 et
583 2937 802 2994 divinus
826 2947 1045 3010 quoque
1073 2951 1228 2997 vates
1253 2945 1428 3000 David
1467 2947 1722 3003 eumdem
1755 2949 1830 3004 ita
1857 2949 1939 3004 af-

2057 487 2402 558 ήρμοσμένον
2431 489 2578 559 μόνῳ
2605 489 2690 560 τῷ
2723 491 3092 562 Ἐμμανουὴλ,
3127 492 3263 546 ἀλλὰ
3287 493 3392 564 γὰρ
3419 495 3512 548 καὶ
3545 495 3644 563 ἐφ’

2053 574 2254 649 ἑτέρων
2302 579 2436 633 αὐτὸ
2480 580 2789 650 τεθειμένον
2817 582 3145 653 εὑρήσομεν.
3198 585 3340 654 Ἔφη
3371 584 3480 654 γάρ
3526 602 3630 638 που

2053 671 2080 722 6
2118 664 2252 732 Θεὸς
2286 671 2414 740 περὶ
2449 669 2558 724 τῶν
2600 671 2997 741 ὲξειλεγμένων
3041 674 3138 727 καὶ
3174 676 3524 745 ἡγιασμένων
3573 680 3630 731 ἐν

2054 750 2367 831 Πνεύματι·
2409 779 2426 812 ι
2463 760 2556 831 Μὴ
2586 762 2824 816 ἅπτεσθε
2861 764 2970 818 τῶν
3015 766 3254 837 χριστῶν
3287 785 3408 836 μου,
3444 769 3537 822 καὶ
3572 771 3629 824 ὲν

2050 856 2162 916 τοῖς
2197 853 2504 923 προφήταις
2550 865 2650 923 μου
2698 854 2775 925 μὴ
2824 855 3213 927 ¹ιτονηρεὺεσθε.
3245 876 3265 910 ›
3314 859 3425 912 Kal
3465 858 3572 931 μὴν
3601 862 3630 914 6

2051 943 2338 1007 θεσπέσιος
2377 943 2541 997 Δαυῒδ
2585 946 2945 1015 κεχρισμένος
2985 948 3065 1010 εἰς
3087 947 3314 1017 βασιλέα
3357 949 3508 1020 παρά
3533 949 3626 1002 τοῦ

2049 1037 2184 1090 Θεοῦ
2216 1036 2305 1090 διὰ
2341 1037 2523 1108 χειρὸς
2565 1037 2841 1110 Σαμουὴλ,
2893 1058 2911 1090 ι
2948 1039 3170 1110 χριστὸν
3214 1039 3419 1110 Κυρίου
3476 1061 3494 1093 ι
3536 1039 3628 1092 τὸν

2050 1129 2221 1183 Σαοὺλ
2249 1129 2507 1182 ἐπεκάλει
2540 1140 2583 1184 ³.
2637 1130 2745 1184 Ka‘t
2775 1129 2829 1182 τί
2857 1129 3014 1183 τοῦτο
3047 1130 3222 1198 λέγω;
3254 1131 3431 1184 καίτοι
3467 1131 3628 1200 μετὸν

2047 1217 2286 1280 εὐκόλως
2340 1220 2456 1279 τοῖς
2500 1216 2775 1272 ἐθέλουσιν
2818 1218 2947 1271 ίδεῖν
2979 1221 3107 1282 τοὺς
3141 1221 3200 1273 ὲν
3247 1220 3429 1274 πίστει
3462 1223 3528 1290 τῇ
3570 1222 3627 1274 ὲν

2046 1308 2270 1378 Χριστῷ
2309 1307 2790 1378 δεδικαιωμένους,
2826 1311 2922 1363 καὶ
2965 1311 3330 1381 ἠγιασμένους
3363 1313 3420 1364 ὲν
3459 1310 3626 1364 Πνεύ-

2051 1413 2202 1467 ματι,
2237 1401 2306 1469 τῇ
2359 1399 2540 1468 τοιᾷδε
2589 1399 2781 1470 κλήσει
2815 1401 3246 1470 τετιμημένους;
3288 1401 3400 1455 Kal.
3426 1400 3555 1470 γοῦν
3597 1402 3627 1454 6

2048 1489 2338 1560 προφήτης
2389 1489 2716 1561 Ἀμϐακοὺμ
2751 1491 2814 1544 τὸ
2837 1491 2931 1545 ἐπὶ
2959 1491 3180 1563 Χριστῷ
3209 1493 3505 1564 μυστήριον
3532 1493 3627 1545 καὶ

2045 1581 2144 1650 τὴν
2200 1580 2266 1634 δι’
2316 1580 2481 1634 αὐτοῦ
2548 1577 2822 1653 σωτηρίαν
2887 1584 3344 1655 προανακέκραγε
3415 1582 3621 1651 λέγων·

2053 1689 2070 1721 ι
2121 1669 2373 1741 Ἐξῆλθες
2415 1673 2492 1734 είς
2525 1673 2802 1742 σωτηρίαν
2840 1672 2973 1727 λαοῦ
3018 1691 3134 1738 σου,
3167 1673 3259 1727 τοῦ
3295 1673 3468 1727 σῶσαι
3499 1675 3626 1736 τοὺς

2050 1759 2304 1830 χριστούς
2332 1777 2451 1815 σου.
2491 1781 2509 1812 ι
2542 1760 2751 1814 Οὐκοῦν
2775 1763 2834 1815 τὸ
2861 1764 3110 1832 χριστὸς
3135 1765 3304 1834 ὸνομα
3331 1764 3531 1835 πρέπει
3557 1763 3624 1816 ἂν

2045 1852 2164 1922 οὐχὶ
2202 1854 2350 1923 μόνῳ
2379 1869 2437 1906 τε
2471 1853 2566 1908 καὶ
2598 1853 2801 1918 ἰδικῶς,
2830 1855 2907 1918 ὡς
2949 1855 3106 1927 ἔφην,
3137 1857 3214 1926 τῷ
3250 1858 3304 1910 Ἐ
3316 1855 3622 1926 μμανουὴλ,

2043 1941 2179 1996 ἀλλά
2223 1943 2320 1996 καὶ
2357 1946 2468 2007 τοῖς
2514 1943 2694 2006 ἄλλοις
2727 1945 2951 2011 ἅπασιν,
2986 1945 3147 2016 οἷπερ
3194 1945 3261 1999 ἂν
3295 1941 3406 1998 εἷεν
3433 1946 3501 2015 τῇ
3531 1943 3624 1998 τοῦ

2045 2031 2200 2100 ἁγίου
2231 2031 2554 2101 Πνεύματος
2575 2033 2759 2103 χάριτι
2784 2036 3157 2105 κεχρισμένοι.
3193 2034 3495 2104 Πεποίηται
3517 2033 3627 2104 γὰρ

2043 2120 2152 2174 ἀπὸ
2181 2119 2278 2174 τοῦ
2307 2121 2633 2192 πράγματος
2663 2122 2696 2192 ἡ
2729 2123 2903 2192 φωνὴ,
2939 2125 3031 2183 καὶ
3063 2122 3172 2176 ἀπὸ
3200 2121 3294 2176 τοῦ
3314 2120 3624 2194 κεχρίσθαι,

2043 2210 2276 2282 χριστοί.
2321 2212 2443 2265 "Ott
2480 2210 2537 2263 δὲ
2574 2211 2669 2264 καὶ
2702 2213 2866 2282 ἡμεῖς
2898 2212 3054 2264 αὐτοὶ
3074 2211 3173 2283 τὴν
3210 2209 3384 2274 οὕτως
3421 2209 3624 2263 εὐκλεᾶ

2043 2322 2102 2358 τε
2140 2305 2237 2358 καὶ
2273 2303 2599 2373 ἀξιόληπτον
2647 2301 2870 2372 ἀληθῶς
2921 2301 3405 2370 καταπὶιουτοῦμεν
3442 2300 3624 2370 χάριν,

2043 2395 2270 2466 ἐμπεδοῖ
2297 2395 2473 2463 λέγων
2491 2396 2517 2446 ὁ
2541 2393 2705 2463 σοφὸς
2737 2393 2990 2462 Ἰωάννης
3010 2409 3021 2421 ·
3049 2409 3068 2443 ι
3094 2391 3203 2445 Kal.
3230 2393 3387 2462 ὑμεῖς
3418 2391 3626 2462 χρίσμα

2041 2486 2194 2556 ἔχετε
2218 2485 2326 2538 ἀπὸ
2357 2483 2452 2537 τοῦ
2477 2485 2656 2552 ἁγίου·
2687 2502 2706 2535 ι
2734 2483 2827 2535 καὶ
2855 2483 3015 2534 πάλιν
3037 2501 3050 2514 ·
3095 2502 3112 2533 ι
3151 2484 3224 2536 Οὐ
3256 2484 3446 2553 χρείαν
3471 2484 3624 2553 ἔχετε

2044 2579 2133 2631 ἵνα
2166 2595 2250 2641 τις
2270 2577 2498 2646 διδάσκῃ
2523 2576 2552 2628 6
2562 2577 2688 2645 μᾶς,
2713 2573 2850 2628 ἀλλά
2873 2574 2932 2628 τὸ
2961 2574 3127 2628 αὑτοῦ
3150 2575 3361 2646 χρίσμα
3386 2575 3624 2630 διδάσκει

2043 2671 2208 2740 ὑμᾶς.
2270 2688 2290 2721 ι
2329 2669 2646 2739 Γέγραπται
2690 2667 2747 2721 δὲ
2792 2667 2886 2722 καὶ
2931 2670 3061 2738 περὶ
3099 2667 3192 2721 τοῦ
3243 2669 3617 2740 Ἐμμανουήλ·

2049 2778 2068 2810 ι
2126 2757 2335 2828 Ἰησοῦν
2367 2757 2460 2811 τὸν
2503 2757 2611 2810 ἀπὸ
2656 2757 2946 2827 Ναζαρὲτ,
2987 2759 3063 2821 ὡς
3116 2759 3334 2829 ἔχρισεν
3387 2759 3550 2814 αὑτὸν
3595 2760 3624 2811 6

2037 2850 2174 2914 Θεὸς
2207 2850 2486 2920 Πνεύματι
2529 2849 2669 2920 ἁγίῳ
2704 2849 2797 2902 καὶ
2822 2849 3070 2918 δυνάμει.
3119 2869 3138 2902 ι
3181 2851 3289 2904 Kal
3322 2851 3428 2921 μὴν
3474 2852 3504 2903 6
3535 2850 3621 2903 θε-

2045 2944 2269 3004 σπέσιος
2302 2941 2467 2996 Δαυῒδ
2509 2941 2649 3011 πρὸς
2681 2942 2845 2994 αὐτόν
2888 2959 3051 3011 φησιν
3073 2960 3085 2972 '
3126 2962 3144 2994 ι
3201 2943 3526 3013 Ἠγάπησας
3552 2943 3622 2996 διά

364 3029 513 3082 fatur
546 3047 560 3082 :
604 3049 622 3081 ι
646 3030 893 3086 Dilcxisti
917 3033 1209 3102 justitiam,
1242 3043 1299 3089 et
1327 3035 1495 3093 odisti
1537 3037 1885 3108 iniquitatem
1923 3059 1936 3094 :

2044 3033 2360 3103 καιοσύνην,
2389 3032 2485 3084 καὶ
2514 3031 2783 3101 ἐμίσησας
2803 3031 3033 3100 ἀνομίαν
3062 3034 3081 3070 ί
3109 3048 3122 3061 ·
3154 3031 3242 3084 διά
3261 3030 3421 3084 τοῦτο
3442 3030 3622 3102 ἕχρισέ

364 3131 657 3191 propterea
676 3123 830 3178 unxit
852 3132 905 3179 te
933 3125 1098 3189 Deus,
1115 3127 1260 3180 Deus
1283 3135 1430 3192 tuus,
1459 3127 1582 3184 oleo
1606 3129 1810 3186 laetitia:
1827 3148 1941 3202 pra:

366 3213 718 3269 Consortibus
737 3215 958 3271 tuis“.»
997 3217 1208 3288 Ecquid
1233 3234 1368 3289 ergo
1397 3219 1663 3275 eximium
1690 3219 1804 3292 p'rae
1833 3239 1939 3279 ete-

370 3305 504 3360 tcris
553 3306 881 3363 mulieribus
918 3308 985 3362 in
1034 3324 1186 3365 sacra
1215 3311 1437 3381 Virgine
1472 3311 1676 3378 elucet,
1724 3315 1828 3369 etsi
1877 3327 1942 3370 ea

368 3396 781 3454 Emmanuelem
823 3399 878 3454 in
912 3399 1091 3454 lucem
1117 3400 1357 3456 edidisse
1385 3401 1773 3470 perhibeatur?
1808 3405 1942 3460 Pro-

368 3487 514 3542 fecto
535 3489 904 3549 nihilfaceret
927 3491 1172 3557 absurdi,
1198 3492 1292 3562 qui
1309 3492 1622 3562 promiscue
1646 3494 1943 3564 cujuslibet

368 3579 520 3633 uncti
570 3587 800 3636 matrem
845 3581 1246 3652 Christiparam
1293 3583 1567 3653 appellare
1607 3584 1664 3641 in
1693 3586 1939 3642 animum

364 3671 676 3727 induceret.

343 3823 346 3826 ,
437 3762 695 3835 [Nihilne
746 3776 878 3836 ergo
925 3765 1070 3821 inter
1110 3764 1393 3821 Christum
1418 3767 1856 3835 Emmanuelem,
1888 3775 1944 3826 et

362 3863 593 3910 eteteros
627 3855 863 3910 christos
893 3855 1194 3928 intcrest?]
1230 3856 1344 3912 lmo
1367 3874 1498 3915 vero
1525 3859 1735 3932 ingenti
1764 3863 1940 3918 inter-

363 3946 506 4000 vallo
537 3953 593 4000 et
633 3946 956 4000 discrimine
1005 3962 1145 4016 pene
1201 3948 1474 4004 immenso
1523 3965 1626 4006 nos
1665 3967 1696 4007 a
1733 3951 1940 4009 Christi

362 4037 534 4107 gloria
560 4047 616 4093 et
639 4038 962 4092 excellentia
985 4038 1346 4109 sejungimur.
1377 4039 1595 4094 Etenim
1623 4056 1726 4098 nos
1745 4042 1940 4098 famuli

364 4144 587 4196 sumus;
619 4130 710 4183 ille
732 4143 866 4183 vero
885 4129 987 4184 etsi
1006 4130 1414 4200 dispensatione
1435 4137 1724 4192 nobiscum
1751 4137 1809 4191 in
1831 4137 1939 4191 hu-

366 4223 542 4276 manis
567 4230 812 4276 versatus
838 4222 912 4277 sit
940 4232 996 4277 et
1019 4233 1210 4278 nostra
1233 4228 1614 4297 assumpserit,
1634 4228 1939 4283 secundum

364 4324 616 4369 naturam
649 4321 831 4368 tamen
860 4315 1006 4371 Deus
1037 4324 1093 4372 et
1113 4319 1379 4374 Dominus
1399 4329 1504 4374 est.
1546 4319 1726 4386 Quare
1746 4321 1940 4376 beatus

2046 3143 2106 3178 σε
2126 3128 2154 3179 6
2184 3123 2340 3188 Θεὸς,
2371 3127 2400 3178 ὁ
2419 3123 2550 3188 Θεός
2573 3139 2689 3186 σου,
2715 3121 2898 3176 ἔλαιον
2923 3122 3298 3192 ἀγαλλιάσεως
3326 3122 3476 3193 παρὰ
3494 3123 3621 3184 τοὺς

2047 3213 2313 3285 μετόχους
2348 3231 2462 3266 σου.
2506 3231 2524 3266 ι
2563 3211 2626 3265 Τί
2664 3209 2759 3266 οὖν
2792 3213 2858 3267 ἄν
2899 3229 2982 3275 τις
3018 3211 3114 3266 ι’δοι
3155 3214 3214 3266 τὸ
3265 3211 3518 3284 περιττὸν
3565 3213 3623 3264 ὲν

2042 3310 2108 3377 τῇ
2141 3308 2274 3377 ἁγία
2321 3305 2583 3378 Παρθένῳ
2615 3305 2766 3377 παρὰ
2797 3305 2895 3369 τὰς
2941 3305 3126 3370 ἄλλας,
3175 3305 3277 3359 κᾶν
3315 3307 3362 3358 εί
3409 3304 3622 3372 λέγοιτο

2045 3401 2224 3451 τεκεῖν
2279 3399 2450 3468 αὐτὴν
2500 3397 2592 3450 τὸν
2636 3397 3021 3469 Ἐμμανουήλ;
3063 3399 3262 3452 ἄτοπον
3295 3398 3402 3470 γὰρ
3446 3397 3617 3461 οὐδὲν,

2043 3489 2146 3542 κᾶν
2191 3491 2241 3541 ει
2269 3489 2444 3541 ἕλοιτο
2474 3504 2554 3551 τις
2591 3489 2687 3540 καὶ
2712 3487 2812 3558 τὴν
2844 3488 3073 3542 ἑκάστου
3105 3487 3213 3540 τῶν
3246 3487 3620 3558 κεχρισμένων

2047 3579 2259 3651 μητέρα
2289 3579 2648 3649 Χριστοτόκον
2683 3577 2997 3633 ἀποκαλεῖν.

2127 3757 2269 3811 Ἀλλ’
2314 3757 2430 3810 ἔστι
2467 3757 2602 3810 πολὺ
2651 3755 2711 3808 τὸ
2747 3753 3102 3826 μεσολαϐοὖν,
3143 3754 3236 3807 καὶ
3273 3751 3622 3824 ἀσυγκρίτοις

2039 3849 2321 3920 διαφοραῖς
2341 3847 2441 3918 τῆς
2474 3845 2567 3900 τοῦ
2596 3846 2846 3916 Σωτῆρος
2869 3844 3023 3916 ἡμῶν
3057 3845 3305 3908 εὐκλείας
3330 3846 3426 3898 καὶ
3449 3845 3620 3914 ὑπερ-ι

2039 3940 2172 4012 οχῆς
2213 3937 2556 4008 ἀποτειχίζον
2589 3936 2658 3989 τά
2695 3936 2816 3990 καθ’
2847 3937 3013 4006 ἡμᾶς.
3048 3935 3273 3988 Οίκέται
3301 3934 3410 4005 γὰρ
3436 3936 3618 4005 ἡμεῖς,

2040 4035 2069 4086 ὁ
2093 4034 2148 4086 δὲ
2183 4033 2324 4086 κατά
2355 4032 2515 4101 φύσιν
2545 4030 2749 4100 Κύριος
2777 4029 2871 4082 καὶ
2903 4029 3054 4092 Θεὸς.
3079 4027 3180 4082 κᾶν
3203 4029 3251 4080 εί
3285 4029 3474 4097 γέγονε
3498 4026 3617 4098 μεθ’

2039 4124 2198 4194 ἡμῶν
2231 4124 2326 4176 καὶ
2357 4123 2414 4176 ἐν
2451 4123 2564 4185 τοῖς
2589 4121 2712 4174 καθ’
2745 4119 2889 4190 ἡμᾶς
2917 4119 3298 4191 οἰκονομικῶς.
3322 4119 3506 4188 Ταύτῃ
3538 4135 3619 4170 τοι

2042 4217 2136 4268 καὶ
2177 4217 2205 4267 ὁ
2245 4215 2514 4285 μακάριος
2559 4212 2769 4276 Παῦλος
2844 4211 3080 4281 Χριστὸν
3159 4210 3322 4263 αὑτὸν
3362 4209 3615 4279 ὠνόμαζε

2041 4309 2136 4362 καὶ
2167 4307 2322 4370 Θεὸν,
2392 4306 2535 4359 οὕτω
2573 4305 2748 4373 λέγων
2773 4318 2784 4332 ⁸
2825 4324 2844 4356 ι
2895 4303 3064 4356 Τοῦτο
3103 4305 3210 4375 γὰρ
3264 4302 3380 4356 ἴστε
3444 4302 3616 4370 γινώ-

361 4405 564 4458 Paulus
589 4411 644 4456 et
682 4423 698 4453 ι
721 4403 1003 4461 Christum
1027 4417 1083 4463 et
1110 4409 1281 4464 Deum
1307 4430 1325 4460 ι
1372 4410 1525 4465 illum
1555 4411 1830 4480 appellat;
1861 4411 1936 4464 ait

2044 4415 2283 4463 σκοντες,
2313 4399 2395 4451 ὅτι
2418 4399 2525 4460 πᾶς
2549 4395 2766 4467 πόρνος,
2792 4393 2823 4466 ἢ
2853 4395 3184 4466 ἀκάθαρτος,
3208 4394 3239 4465 ἦ
3267 4394 3615 4463 πλεονέκτης,

360 4495 508 4548 enim
545 4511 557 4547 :
599 4513 615 4544 ι
641 4493 756 4550 lloc
785 4497 934 4550 enim
955 4498 1151 4553 scitote
1172 4501 1562 4570 intelligentes,
1587 4501 1735 4570 quod
1761 4503 1942 4557 omnis

361 4582 683 4649 fornicator,
710 4595 806 4640 aut
831 4585 1168 4651 immuiidus,
1193 4595 1288 4641 aut
1309 4605 1528 4652 avarus,
1550 4591 1644 4659 qui
1667 4601 1752 4645 est
1772 4591 1942 4646 idolo-

359 4675 518 4739 latra,
570 4691 680 4730 non
732 4677 898 4732 habet
929 4679 1306 4734 haereditatem
1360 4680 1416 4741 in
1464 4696 1629 4751 regno
1653 4682 1859 4739 Christi
1887 4694 1943 4740 ct

358 4754 456 4818 Dei
480 4766 545 4820 ’⁵.
560 4785 577 4817 ι
609 4766 804 4823 Caeteri
827 4759 1012 4840 itaque
1027 4780 1219 4825 Omnes
1241 4779 1464 4840 propter
1482 4775 1761 4830 unctionis
1777 4775 1941 4832 bene-

361 4855 544 4910 ﬁcium
573 4857 683 4911 sint
713 4859 928 4924 christi,
953 4867 1010 4915 et
1027 4861 1152 4930 jure
1173 4859 1355 4916 isthuc
1378 4863 1722 4931 appellentur
1748 4882 1760 4916 :
1790 4865 1940 4920 solus

361 4956 543 5002 autem
565 4948 897 5006 Emmanuel
926 4951 1002 5006 ita
1028 4959 1113 5006 est
1134 4951 1407 5018 Christus,
1442 4959 1502 5008 ut
1529 4970 1695 5010 verus
1717 4972 1939 5027 quoque

359 5036 416 5105 8
447 5039 519 5092 sit
548 5040 709 5094 Deus.
736 5041 1080 5112 Quapropter
1106 5059 1136 5097 a
1163 5060 1296 5099 vero
1321 5061 1432 5100 non
1471 5046 1816 5102 aberraverit
1843 5049 1938 5117 qui

360 5125 596 5180 aliorum
644 5138 847 5182 matres
881 5129 1236 5200 christiparas
1273 5133 1554 5202 appellare
1593 5133 1727 5187 velit
1767 5151 1780 5186 :
1815 5132 1936 5187 dei-

361 5229 521 5282 paras
547 5225 726 5271 tamen
753 5219 904 5273 nullo
933 5220 1115 5276 modo.
1145 5221 1269 5276 Sola
1293 5238 1528 5292 namque
1551 5223 1695 5279 inter
1711 5231 1938 5278 caeteras

2040 4492 2188 4554 ὅστις
2219 4489 2366 4543 ἐστὶν
2413 4487 2828 4557 εἰδωλολάτρης,
2867 4487 2968 4539 οὐκ
3013 4486 3126 4557 ἔχει
3165 4484 3527 4556 κληρονομίαν
3562 4485 3618 4534 ὲν

2039 4583 2104 4653 τῇ
2134 4581 2384 4652 βασιλεία
2421 4579 2660 4651 Χριστοῦ
2691 4578 2785 4632 καὶ
2823 4578 2980 4631 Θεοῦ.
3020 4597 3038 4628 ι
3073 4577 3285 4631 Οὐκοῦν
3313 4579 3362 4630 οἱ
3394 4577 3492 4646 μὲν
3523 4576 3619 4630 ἄλ-

2039 4671 2120 4723 λοι
2163 4671 2386 4733 πάντες,
2427 4669 2502 4732 ὠς
2535 4668 2692 4738 ἔφην,
2737 4663 2847 4720 εἶεν
2878 4667 2942 4720 ἂν
2984 4669 3077 4720 καὶ
3110 4669 3256 4738 μάλα
3283 4669 3506 4731 εἰκότως
3533 4668 3622 4721 διὰ

2037 4763 2099 4816 τὸ
2127 4761 2414 4832 κεχρίσθαι
2437 4761 2668 4830 χριστοὶ,
2697 4759 2855 4830 μόνος
2884 4759 2940 4812 δὲ
2961 4759 3192 4830 Χριστὸς
3213 4758 3344 4821 Θεὸς
3371 4759 3621 4828 ἀληθινὸς

2040 4853 2069 4909 6
2108 4851 2478 4924 Ἐμμανουήλ.
2515 4854 2624 4906 Kal.
2651 4854 2751 4905 οὐκ
2775 4851 2840 4905 ἂν
2872 4851 3108 4924 ἁμάρτοι
3134 4851 3424 4922 τάληθοῦς,
3455 4853 3507 4905 εἴ
3535 4869 3620 4914 τις

2041 4946 2108 5000 ἂν
2134 4945 2312 4998 ’ἐλοιτο
2332 4944 2515 5013 λέγειν
2538 4939 2614 5007 ὡς
2638 4945 2694 4998 αἱ
2723 4943 2832 4997 τῶν
2855 4943 3030 4998 ἄλλων
3071 4941 3305 5014 μητέρες
3344 4943 3620 5013 χριστοτό-

2041 5056 2128 5092 κοι
2181 5039 2302 5109 μὲν,
2339 5038 2401 5091 οὐ
2437 5037 2542 5109 μὴν
2585 5038 2667 5089 ἔτι
2718 5038 2812 5091 καὶ
2866 5037 3130 5090 θεοτόκοι.
3176 5037 3341 5104 Μόνη
3390 5035 3449 5088 δὲ
3491 5037 3619 5106 παρ’

2039 5130 2252 5193 ὲκείνας
2289 5131 2322 5201 ἡ
2370 5129 2500 5198 ἁγία
2548 5127 2820 5201 Παρθένος
2869 5127 3213 5199 χριστοτόκος
3258 5144 3314 5180 τε
3360 5125 3494 5198 ὁμοῦ
3529 5126 3622 5179 καὶ

2039 5223 2299 5285 Θεοτόκος
2325 5221 2526 5277 νοεῖταί
2558 5239 2617 5273 τε
2654 5221 2748 5275 καὶ
2791 5221 3009 5288 λέγεται
3034 5235 3045 5248 ⁸
3087 5219 3384 5288 γεγέννηκε
3417 5217 3524 5288 γὰρ
3557 5217 3617 5268 οὐ

401 5404 408 5451 Γ
439 5373 479 5451 ¹.⁷
514 5375 801 5451 Psal._c_iv,
833 5378 936 5451 l5L
1003 5379 1043 5451 {5
1069 5379 1096 5434 Ιι
1122 5381 1396 5451 Βεεηκνι,
1425 5381 1510 5434 15.
1553 5450 1556 5451 ν
1595 5381 1636 5411 ¹⁹
1664 5380 1682 5434 l
1713 5381 1844 5451 Reg.
1878 5394 1943 5434 xx

2044 5380 2092 5432 7.
2171 5380 2215 5412 ²⁰
2239 5380 2442 5434 llabac.
2469 5397 2544 5444 lli,
2573 5381 2657 5434 l3.
2739 5381 2776 5411 ²¹
2803 5379 3001 5434 lJoan.
3038 5395 3093 5444 ιι,
3125 5377 3210 5433 9.0.
3284 5380 3328 5410 “
3354 5374 3492 5431 ibid.
3523 5375 3610 5429 27.

360 5441 406 5472 ³³
434 5443 556 5500 Act.
584 5461 636 5510 Χ,
671 5446 758 5500 58.
833 5449 878 5480 ’³
912 5449 1052 5504 Psal.
1085 5441 1231 5516 λων,
1253 5450 1302 5503 8.
1385 5441 1428 5481 ⁸⁵
1463 5450 1663 5519 Eplies.
1687 5468 1738 5514 ν,

1445 5590 1618 5646 Varia:
1648 5592 1914 5654 lectiones
1949 5594 2153 5649 codicis
2183 5592 2541 5664 Seguieriani.

437 5705 457 5733 '
489 5699 768 5771 ἀποκαλεῖ,
798 5702 1076 5758 ἀπεκάλει.
1162 5708 1177 5740 ¹
1215 5703 1455 5766 αδικίαν.
