4058 6448
302 377 363 434 21
1771 371 2105 427 EPISTULA
2149 371 2188 425 Ι.
3525 367 3599 422 22

298 492 451 562 ψιλὸν
473 490 790 560 ἄνθρωπον,
842 488 944 541 καθ
968 480 980 500 ⁹
1012 490 1178 559 ἡμᾶς,
1218 466 1573 557 σαρκίωοέντα
1608 486 1663 539 δὲ
1697 486 1887 557 μᾶλλοκ

2005 502 2201 541 omnes
2260 500 2414 539 sacra
2449 482 2614 553 Virgo
2658 480 3005 552 Christipara
3041 480 3205 536 simul
3249 496 3313 535 ac
3363 481 3594 552 Deipara

301 585 387 639 καὶ
420 582 934 652 ὲνανθρωπήσαντα
982 581 1075 634 τὸν
1134 582 1197 634 ὲκ
1244 581 1379 634 Θεοῦ
1433 579 1641 652 [ἰατρὸς
1694 580 1889 647 Λόγον.

309 673 693 746 Ὡνομάσμεθα
727 673 830 744 μὲν
876 673 985 744 γὰρ
1019 675 1115 727 καὶ
1146 674 1308 744 ἡμεῖς
1351 673 1496 726 κατὰ
1539 671 1704 743 χάριν
1737 672 1851 726 Οεοί
1877 690 1890 703 ·

2001 578 2389 648 appellatur'ct
2421 590 2543 629 esse
2575 574 2921 644 dignoscitur
2956 593 2969 626 :
3003 573 3450 643 quandoquidem
3485 590 3599 627 una

2002 670 2118 725 haec
2145 685 2257 724 non
2291 684 2505 724 merum
2535 667 2842 731 hominem,
2878 674 2939 721 ut
2975 681 3169 720 sumus
3196 681 3317 729 nos,
3370 666 3465 720 sed
3493 666 3598 719 Dei

298 766 432 837 πλὴν
475 765 578 836 οὐχ
622 764 801 828 οὕτως
833 766 970 828 Θεὸς
1001 767 1032 819 6
1064 765 1210 830 Υἱὸς,
1243 765 1406 835 φύσει
1453 765 1511 818 δὲ
1548 764 1749 835 μᾶλλον
1798 764 1887 818 καὶ

2001 763 2179 818 Patris
2195 761 2434 817 Verbum
2461 761 2812 815 incarnatum
2831 767 2888 814 et
2909 758 3188 815 hominem
3206 757 3409 813 factum
3428 773 3594 827 pepe-

299 857 543 929 ἁληθείᾳ,
582 856 693 911 κᾶν
720 858 771 909 εἰ
797 856 998 924 γέγονε
1022 855 1183 926 σάρξ.

2003 856 2093 909 rit.
2128 854 2342 909 Etenim
2368 868 2469 907 nos
2494 867 2715 923 quoque
2750 859 2976 923 propter
3003 851 3102 906 Dei
3134 851 3366 922 gratiam
3391 850 3466 905 dii
3494 867 3593 906 non

303 950 572 1005 minamur
586 948 656 1017 “;
685 957 744 1003 at
768 946 950 1004 Filius
977 963 1091 1003 non
1120 947 1227 1004 hoc
1258 949 1427 1004 modo
1455 956 1543 1004 est
1576 949 1761 1004 Deus:
1794 948 1887 1003 hic
1924 946 2096 1011 enim,
2132 961 2449 1017 quanquam
2502 957 2705 1013 corpus
2739 944 2962 1007 induit,
3012 952 3213 997 natura
3284 949 3341 995 et
3410 941 3590 1010 reipsa

301 1044 438 1098 Deus
465 1050 576 1097 est.

372 1136 511 1190 Ἀλλ’
543 1137 681 1200 ῐσως
710 1137 893 1189 ἐκεῖνο
924 1136 1072 1207 ἐρεῖς
1093 1150 1107 1164 ·
1156 1129 1282 1207 Ἆρ’
1314 1131 1428 1199 οὖν,
1470 1135 1593 1188 εἰπέ
1632 1150 1742 1205 μοι,
1767 1132 1885 1187 θεό-

298 1247 451 1302 τητος
473 1231 669 1301 μήτηρ
689 1229 919 1298 γέγονεν
940 1231 975 1299 ἡ
1000 1227 1314 1300 Παρθένος;
1346 1228 1458 1282 Καὶ
1478 1226 1617 1297 πρός
1643 1244 1707 1296 γε
1727 1226 1888 1280 τοῦτό

301 1337 469 1391 φαμεν
500 1319 591 1373 ὅτι
629 1319 961 1388 γεγέννηται
997 1318 1097 1389 μὲν
1139 1317 1587 1389 ὁμολογουμένως
1622 1316 1683 1381 ἐξ
1716 1316 1888 1384 αὐτῆς

300 1414 388 1485 τῆς
412 1412 604 1476 οὐσίας
630 1408 730 1465 τοῦ
753 1410 893 1465 Θεοῦ
925 1410 1024 1466 καὶ
1052 1406 1264 1481 Πατρός
1289 1411 1319 1463 6
1347 1409 1456 1476 ζῶν
1480 1427 1542 1463 τε
1570 1408 1665 1463 καὶ
1690 1408 1887 1463 ὲνυπόσ

305 1523 476 1569 στατος
529 1504 715 1573 Λόγος
764 1500 955 1568 αὐτοῦ,
1006 1504 1102 1557 καὶ
1156 1504 1396 1575 ἄναρχον
1443 1503 1504 1555 ὲν
1552 1502 1732 1573 χρόνῳ
1789 1501 1891 1572 τὴν

302 1596 525 1669 ὕπαρξιν
559 1596 701 1668 ἔχει,
723 1596 814 1651 ἀεὶ
848 1594 1275 1678 συνυοφεστηκὼς
1314 1594 1392 1666 τῷ
1421 1596 1793 1667 γεγεννηκότι,
1834 1596 1891 1649 ὲν

302 1687 439 1760 αὖτῷ
462 1706 526 1742 τε
578 1687 678 1742 καὶ
708 1687 810 1741 σὺν
844 1686 996 1758 αὐτῷ
1040 1688 1405 1759 συνυπάρχων
1439 1687 1537 1742 καὶ
1570 1686 1893 1757 συννοούμε-

304 1795 417 1843 νος’
444 1780 501 1831 ἐν
543 1778 803 1849 ἐσχάτοις
830 1777 889 1831 δὲ
926 1777 1024 1831 τοῦ
1059 1775 1254 1841 αἰῶνος
1290 1778 1525 1850 καιροῖς,
1576 1777 1763 1849 ἐπειδὴ
1799 1776 1911 1845 ’γέ-³

2062 1131 2167 1187 Sed
2198 1128 2633 1201 percunctabere
2662 1127 2754 1183 hic
2770 1126 2959 1183 forsan
2986 1143 2998 1179 :
3026 1123 3325 1194 Numquid,
3358 1122 3447 1177 die
3471 1138 3588 1193 age,

1988 1218 2296 1274 divinitatis
2344 1224 2521 1272 mater
2563 1214 2728 1288 Virgo
2776 1215 3019 1271 exstitit?
3056 1214 3145 1271 Ad
3189 1214 3295 1268 hoc
3352 1212 3590 1267 dicimus

1991 1310 2180 1364 vivum
2224 1307 2359 1363 illud
2403 1315 2460 1362 et
2495 1305 2804 1361 subsistens
2848 1304 2946 1359 Dei
2988 1303 3229 1359 Verbum
3278 1316 3408 1357 vere
3452 1301 3591 1357 citra

1993 1402 2161 1457 ullam
2210 1399 2644 1456 controversiam
2690 1414 2759 1453 ex
2820 1397 2947 1468 ipsa
2974 1396 3072 1451 Dei
3132 1403 3190 1451 et
3252 1394 3431 1450 Patris
3499 1410 3589 1449 es-

1991 1491 2169 1548 sentia
2195 1490 2442 1561 genitum
2468 1505 2611 1555 esse,
2636 1488 3110 1558 substantiamque
3140 1486 3405 1557 temporis
3432 1486 3591 1540 initio

1995 1594 2276 1644 carentem
2301 1584 2557 1642 sortitum
2581 1583 2651 1640 ad
2676 1584 2783 1639 hoc
2800 1582 3059 1648 dicimus,
3078 1590 3139 1637 ut
3159 1581 3215 1636 in
3242 1581 3360 1651 ipso
3384 1589 3440 1635 et
3463 1595 3588 1634 eum

1995 1679 2116 1749 ipso
2150 1691 2433 1749 nunquam
2466 1693 2579 1732 non
2601 1676 2693 1743 sit,
2728 1688 2960 1745 esseque
2998 1671 3365 1743 intelligatur;
3395 1686 3589 1725 verum

1994 1771 2310 1828 novissimis
2348 1770 2451 1827 aevi
2495 1770 2662 1841 hujus
2706 1766 3048 1838 temporibus
3080 1750 3448 1829 incarnatum,
3484 1764 3591 1818 hoc

306 1886 418 1937 γονε
452 1868 614 1940 σὰρξ,
659 1870 948 1925 τουτέστιν
1005 1869 1190 1942 ἠνώοη
1239 1871 1404 1941 σαρκὶ
1447 1870 1629 1942 ψυχὴν
1688 1869 1887 1942 ἐχούσῃ

1992 1874 2102 1931 est,
2136 1864 2359 1935 corpori
2401 1864 2583 1921 arﬁma
2628 1859 2959 1932 intelligenti
2996 1856 3293 1914 informato
3335 1855 3586 1919 unitum,

309 1960 398 2031 τὴν
423 1960 671 2030 λογικὴν,
707 1960 1073 2034 γεγεννῆσθαι
1103 1961 1324 2030 λέγεται
1358 1963 1454 2016 καὶ
1485 1961 1767 2035 σαρκικῶς
1800 1961 1890 2015 διὰ

309 2052 570 2120 γυναικός.
608 2053 798 2107 Ἔοικε
830 2052 889 2106 δέ
923 2070 1042 2118 πως
1074 2052 1153 2125 τῷ
1190 2054 1315 2109 καθ’
1351 2054 1499 2126 ἡμᾶς
1525 2054 1669 2125 τόκῳ
1703 2054 1764 2109 τὸ
1799 2055 1888 2107 ἐπ’

316 2140 449 2210 αὐτῷ
479 2142 807 2213 μυστήριον.
853 2143 921 2195 Δί
962 2143 1062 2214 μὲν
1093 2143 1202 2216 γὰρ
1247 2143 1358 2200 τῶν
1390 2147 1483 2199 ἐπὶ
1514 2144 1617 2216 γῆς
1655 2145 1890 2217 μητέρες

325 2232 663 2303 ὓπηρετοίισαι
691 2237 764 2307 τῇ
795 2234 964 2304 φύσει
998 2235 1137 2307 πρὸς
1159 2236 1439 2307 γέννησιν,
1468 2237 1655 2308 ἔχουσι
1692 2236 1794 2307 μὲν
1829 2236 1891 2291 ἐν

324 2327 490 2396 μήτρᾳ
538 2327 896 2399 πηγνυμὲνην
946 2327 1093 2382 κατὰ
1149 2327 1324 2399 βραχὺ
1373 2330 1474 2401 τὴν
1528 2329 1709 2401 σάρκα
1732 2367 1747 2394 ,
1795 2329 1890 2383 καὶ

312 2414 587 2483 ἀφράστως
616 2424 647 2454 ιι
674 2416 826 2471 τισὶν
853 2415 1161 2488 ἐνεργείαις
1182 2416 1319 2472 Θεοῦ
1360 2418 1659 2491 προϊοῦσαν
1685 2418 1779 2474 καὶ
1807 2435 1890 2472 τε-

309 2503 609 2578 λειουμένην
651 2509 740 2572 εἰς
784 2502 930 2572 εἶδος
973 2508 1036 2562 τὸ
1079 2507 1455 2571 ἀνθρώπινον·
1504 2510 1682 2582 ἐνίησι
1721 2509 1780 2563 δὲ
1811 2507 1889 2580 τῷ

304 2595 418 2667 ζὼῳ
432 2598 491 2651 τὸ
517 2598 745 2670 πνεῦμα
775 2600 806 2653 6
832 2598 988 2665 Θεὸς,
1016 2600 1142 2655 καθ’
1166 2600 1226 2655 ὃν
1252 2598 1363 2655 οἶδε
1385 2601 1588 2673 τρόπον
1614 2617 1628 2632 '
1655 2619 1674 2654 ι
1712 2600 1881 2655 Πλάτ-

299 2705 374 2743 τει
394 2689 495 2761 γὰρ
511 2694 575 2745 τδ
594 2691 820 2763 πνεῦμα
842 2690 1134 2763 ἀνθρώπου
1159 2693 1218 2746 ὲν
1238 2692 1406 2764 αὐτῷ,
1438 2712 1458 2745 ›
1503 2693 1645 2747 κατὰ
1665 2693 1762 2766 τὴν
1792 2690 1887 2747 τοῦ

301 2779 569 2851 πρσφήτυυ
611 2781 825 2852 φωνήν.
872 2778 1107 2853 Ἕτερος
1159 2782 1216 2836 δὲ
1265 2783 1492 2855 σαρκὸς,
1545 2783 1641 2841 καὶ
1684 2783 1887 2857 ὁμοίοις

296 2869 513 2943 ἕτεροςό
537 2872 733 2944 ψυχῆς
757 2875 876 2927 ἐστι
897 2873 1079 2944 λόγος.
1140 2874 1265 2929 AD?
1296 2878 1346 2930 εἰ
1378 2877 1475 2933 καὶ
1504 2876 1763 2947 γεγόνασι
1793 2878 1888 2949 μό-

291 2976 377 3015 νον
405 2957 564 3018 αὗται
611 2964 730 3018 τῶν
760 2964 871 3018 ἀπὸ
901 2965 1006 3035 γῆς
1041 2967 1315 3037 σωμάτων
1346 2968 1584 3039 μητέρες
1605 3007 1619 3031 ,
1652 2966 1765 3022 ἀλλ’
1794 2961 1887 3023 οὖν

291 3057 404 3112 ὅλον
425 3059 810 3116 ἀποτεκοῦσαι
848 3059 912 3114 τὸ
937 3058 1100 3125 ζῶον,
1132 3061 1194 3115 τὸ
1220 3060 1286 3115 ἐκ
1317 3060 1498 3133 ψυχῆς
1527 3060 1594 3133 δὴ
1625 3061 1770 3130 λέγω
1793 3063 1887 3116 καὶ

293 3150 561 3223 σώματος,
597 3152 731 3223 οὐχὶ
771 3152 941 3226 μέρος
963 3152 1218 3222 λέγονται
1243 3156 1447 3208 τεκεῖν.
1483 3154 1610 3208 Οὐδ’
1640 3154 1708 3209 ἂν
1741 3155 1886 3209 εἴποι

288 3254 392 3309 τις,
420 3243 560 3315 φέρε
592 3244 801 3310 εἰπεῖν,
835 3246 937 3316 τὴν
978 3245 1265 3300 Ἑλισάϐετ
1301 3246 1636 3317 σαρκοτόκον
1669 3247 1788 3318 μὲν,
1823 3247 1885 3299 οὐ

291 3332 388 3405 μὴν
418 3334 500 3389 ἔτι
523 3335 634 3390 καὶ⁵
653 3334 961 3407 ψυχοτόκον
979 3354 994 3368 ο
1027 3337 1282 3391 ὲκτέτοκε
1315 3336 1424 3410 γὰρ
1449 3337 1772 3409 ψυχωθὲντα
1798 3338 1888 3392 τὸν

285 3422 626 3498 Βαπτιστὴν,
656 3427 754 3481 καὶ
783 3427 862 3491 ὡς
885 3426 944 3481 ἓν
977 3427 1040 3493 ἐξ
1063 3429 1288 3500 ἀμφοῖν,
1318 3429 1412 3482 τὸν
1439 3428 1748 3503 ἄνθρωπον,
1780 3430 1887 3500 ψυ-

283 3516 377 3586 χῆς
420 3517 489 3589 δὴ
522 3518 685 3586 λέγω
719 3519 816 3572 καὶ
850 3518 1105 3590 σώματος
1127 3538 1141 3553 ’
1185 3520 1430 3574 τοιοῦτόν
1460 3537 1515 3575 τι
1567 3521 1886 3593 πεπρᾶχθαι

283 3608 715 3681 παραδεξόμεθα
741 3611 839 3667 καὶ
868 3611 963 3666 ἐπὶ
991 3614 1058 3683 τῇ
1093 3612 1347 3684 γεννήσει
1381 3612 1473 3666 τοῦ
1509 3612 1881 3686 Ἐμμανουήλ.

278 3700 619 3775 Γεγέννηται
658 3703 760 3773 μὲν
784 3704 916 3777 γὰρ,
946 3704 1026 3769 ὡς
1061 3704 1222 3781 ξφην,
1258 3707 1323 3759 ὲκ
1355 3706 1455 3777 τῆς
1480 3706 1575 3759 τοῦ
1617 3706 1756 3761 Θεοῦ
1791 3708 1886 3761 καὶ

279 3792 491 3866 Πατρός
521 3794 740 3859 οὐσίας
777 3798 805 3849 6
836 3796 1137 3867 μονογενὴς
1163 3796 1331 3851 αὐτοῦ
1359 3796 1536 3866 Λόγος
1560 3814 1575 3830 ο
1608 3797 1800 3868 ἐπειδὴ
1826 3797 1883 3851 δὲ

276 3885 448 3958 σάρκα
474 3885 683 3941 λαϐὼν
710 3888 809 3942 καὶ
839 3888 977 3942 ἰδίαν
1025 3888 1201 3962 αὐτὴν
1234 3887 1631 3960 ποιησάμενος,
1678 3906 1883 3961 κεχρη-

277 3977 468 4047 pacm
499 3981 607 4033 καὶ
666 3979 794 4043 Υἱὸς
824 3978 1141 4052 ἀνθρώπου,
1173 3982 1269 4035 καὶ
1304 3981 1498 4051 γέγονε
1538 3982 1663 4036 καθ’
1688 3984 1839 4054 ἡμᾶς
1869 4027 1885 4054 ,

272 4071 441 4133 οὐδὲν,
470 4067 672 4143 οἶμαι,
712 4072 769 4124 τὶ
803 4071 1006 4126 ἄτοπον
1040 4072 1236 4138 εἰπεῖν,
1270 4073 1474 4144 μᾶλλον
1499 4074 1557 4128 δὲ
1587 4074 1684 4129 καὶ
1712 4076 1887 4145 ἀναγ-

272 4162 421 4214 καῖον
452 4162 770 4234 ὁμολογεῖν
799 4162 882 4216 ὅτι
913 4162 1011 4217 καὶ
1041 4162 1372 4236 γεγέννηται
1406 4164 1552 4219 κατὰ
1579 4164 1761 4237 σάρκα
1797 4165 1886 4221 διὰ

268 4252 551 4317 γυναικὸς,
579 4250 849 4326 καθάπερ
878 4252 1073 4324 ἀμέλει
1102 4255 1198 4309 καὶ
1230 4257 1265 4327 ή
1296 4256 1391 4310 τοῦ
1420 4254 1712 4330 ἀνθρώπου
1738 4258 1886 4332 ψυχὴ

267 4341 342 4413 τῷ
378 4344 501 4417 ιδίῳ
543 4347 1038 4416 συναπογεννᾶται
1067 4346 1283 4419 σώματι
1306 4389 1321 4414 ,
1345 4349 1444 4403 καὶ
1469 4350 1548 4415 ὡς
1566 4349 1628 4405 ἓν
1660 4350 1874 4422 λελόγι-

1991 1957 2298 2014 secundum
2337 1972 2558 2013 carnem
2600 1969 2824 2025 quoque
2851 1968 2920 2008 ex
2946 1951 3182 2008 muliere
3211 1958 3403 2009 natum
3443 1966 3587 2005 esse.

1990 2050 2169 2106 Habet
2192 2056 2379 2107 autem
2409 2050 2516 2105 hoc
2543 2047 2816 2105 incarnati
2842 2045 3012 2103 Verbi
3038 2044 3363 2117 mysterium
3390 2059 3588 2113 quam-

1991 2143 2120 2200 dam
2158 2158 2286 2200 cum
2324 2143 2568 2199 humano
2606 2150 2763 2213 partu
2790 2139 3197 2211 cognationem.
3228 2136 3588 2208 Quandoqui-

1990 2235 2118 2291 dem
2146 2243 2497 2292 terrenorum
2526 2234 2813 2290 hominum
2843 2240 3052 2288 matres
3087 2241 3297 2287 naturae
3326 2230 3395 2285 ad
3420 2246 3559 2302 gene
3576 2259 3591 2269 -

1991 2327 2226 2383 randum
2250 2308 2773 2391 subservientesﬁn
2804 2332 2963 2381 utero
2987 2322 3215 2394 quidem
3238 2338 3466 2378 carnem
3490 2338 3588 2394 ge—

1990 2426 2169 2485 stant,
2217 2434 2342 2490 qua:
2381 2419 2586 2474 sensim
2616 2433 2717 2487 per
2756 2426 3068 2488 temporum
3116 2416 3408 2471 intervalla
3452 2432 3588 2472 eon-

1990 2524 2279 2574 crescens,
2331 2508 2660 2578 arcanisque
2701 2506 3032 2578 quibusdam
3089 2505 3407 2562 Conditoris
3452 2520 3588 2576 ope-

1990 2600 2302 2656 rationibus
2324 2600 2671 2655 incremeuta
2705 2598 2968 2670 paulatim
2996 2614 3250 2662 sumens,
3294 2597 3362 2652 ad
3400 2597 3585 2668 perfe-

1987 2693 2228 2749 ctionem
2255 2693 2491 2749 adducta
2508 2692 2737 2749 formam
2759 2692 2979 2748 tandem
3012 2691 3230 2763 attingit
3256 2691 3584 2746 humanam:

1989 2787 2136 2845 Deus
2186 2802 2319 2845 vero
2371 2787 2735 2859 corpusculo,
2795 2786 2960 2842 modo
3014 2802 3179 2858 quem
3230 2786 3348 2856 ipse
3397 2786 3584 2849 novit,

1989 2881 2245 2952 spiritum
2311 2879 2553 2935 infundit
2609 2898 2623 2934 :
2676 2898 2695 2931 ι
2755 2877 2976 2934 Format
3039 2877 3188 2934 enim
3253 2877 3347 2932 ille
3421 2879 3587 2948 spiri-

1990 2979 2109 3028 tum
2140 2972 2384 3028 hominis
2417 2972 2473 3026 in
2506 2971 2621 3036 illo,
2673 2991 2691 3022 ι
2722 2979 2784 3026 ut
2808 2970 3080 3042 propheta
3121 2970 3199 3026 ait
3226 2970 3291 3023 "’.
3330 2969 3451 3026 Jam
3482 2971 3589 3024 alia

1988 3064 2196 3130 carnis,
2231 3063 2341 3119 alia
2382 3077 2516 3119 vero
2544 3062 2745 3119 anima:
2775 3070 2861 3118 est
2894 3060 3055 3118 ratio.
3090 3061 3279 3133 Atqui,
3310 3061 3441 3117 licet
3483 3062 3590 3118 illae

1990 3156 2338 3214 terrestrium
2374 3155 2641 3211 duntaxat
2679 3166 2977 3224 corporum
3018 3162 3223 3209 matres
3263 3152 3430 3221 ﬁant,
3476 3169 3589 3208 non

1988 3248 2221 3304 alteram
2250 3257 2432 3303 tamen
2457 3256 2692 3317 partem,
2721 3246 2819 3302 sed
2850 3253 3026 3301 totum
3050 3244 3199 3315 quod
3224 3259 3293 3299 ex
3322 3244 3504 3299 anima
3531 3250 3589 3300 et

1987 3351 2223 3407 corpore
2248 3334 2539 3401 conﬂatur,
2576 3349 2771 3405 parere
2808 3333 3091 3391 dicuntur.
3125 3332 3300 3388 Nemo
3328 3332 3499 3399 enim,
3528 3341 3590 3388 ut

1986 3430 2240 3500 exemplo
2272 3445 2362 3485 res
2396 3428 2730 3494 illustretur,
2763 3427 3047 3483 Elisabeth
3077 3442 3303 3484 carnem
3342 3434 3587 3481 tantum-

1986 3522 2173 3588 modo,
2203 3536 2314 3578 non
2329 3522 2498 3578 etiam
2512 3521 2751 3576 animam
2767 3519 3047 3591 peperisse
3068 3520 3272 3577 dixerit
3292 3521 3337 3553 ’⁸
3371 3539 3384 3575 :
3412 3520 3588 3590 siqui-

1988 3615 2115 3670 dem
2156 3615 2375 3686 peperit
2408 3614 2711 3685 Baptistam
2739 3613 3065 3679 animatum,
3099 3622 3158 3670 et
3195 3614 3501 3679 hominem,
3527 3622 3589 3669 ut

1987 3724 2161 3764 unum
2188 3722 2255 3763 ex
2278 3707 2517 3772 duobus,
2536 3722 2726 3775 carne,
2752 3705 2998 3776 inquam,
3025 3714 3081 3761 et
3102 3706 3285 3761 anima
3314 3724 3325 3760 :
3352 3707 3427 3761 ita
3448 3714 3508 3762 et
3531 3707 3587 3762 in

1989 3799 2365 3856 Emmanuelis
2397 3812 2620 3870 quoque
2649 3807 2774 3854 ortu
2807 3797 3074 3854 accidisse
3099 3798 3423 3869 cogitemus.
3449 3798 3587 3854 Nam

1986 3904 2056 3946 ex
2089 3890 2186 3945 Dei
2216 3890 2397 3946 Patris
2427 3890 2737 3946 substantia
2768 3900 2962 3946 natum
2998 3897 3103 3956 est,
3136 3899 3197 3946 ut
3218 3890 3357 3971 dixi,
3393 3890 3585 3961 unige-

1987 3982 2167 4038 nitum
2184 3982 2331 4039 illius
2347 3983 2591 4039 Verbum
2611 3983 2811 4054 :9hoc
2822 3991 3007 4039 autem
3019 3991 3377 4055 posteaquam
3400 3999 3585 4050 carne,

1987 4090 2155 4146 quam
2189 4075 2471 4146 propriam
2498 4074 2604 4131 sibi
2632 4075 2785 4142 fecit,
2813 4084 3117 4147 assumpta,
3144 4085 3392 4132 nostram
3423 4087 3587 4133 natu-

1987 4184 2108 4223 ram
2138 4167 2340 4234 induit,
2370 4176 2429 4224 et
2462 4168 2638 4224 Filius
2663 4167 2905 4236 hominis
2936 4167 3144 4223 factum
3166 4177 3272 4236 est,
3297 4169 3439 4224 citra
3464 4184 3584 4224 om-

1986 4275 2118 4315 nem
2153 4259 2577 4325 absurditatem,
2608 4259 2722 4316 imo
2745 4275 2878 4315 vero
2904 4260 3220 4317 necessaria
3247 4261 3586 4317 convenien-

1989 4354 2145 4425 tique
2177 4352 2394 4409 ratione
2429 4352 2737 4409 secundum
2760 4366 2986 4407 carnem
3012 4367 3083 4407 ex
3122 4351 3358 4407 muliere
3394 4360 3586 4407 natum

269 4452 391 4490 παι
430 4438 586 4510 πρὸς
627 4438 774 4492 αὐτὸ
801 4479 817 4504 ,
852 4439 1036 4494 καίτοι
1060 4441 1161 4509 τὴν
1194 4440 1357 4511 φύσιν
1395 4442 1561 4515 ἑτέρα
1590 4445 1722 4515 παρ’
1754 4444 1887 4499 αὐτὸ

1992 4443 2239 4505 creditur
2260 4451 2318 4499 et
2338 4442 2702 4514 praedicatur;
2726 4441 3197 4513 quemadmodum
3222 4452 3280 4499 et
3304 4443 3424 4515 ipsa
3451 4460 3591 4520 quo:

269 4527 536 4600 νοουμένη
574 4544 647 4583 τε
690 4528 792 4583 καὶ
837 4529 1182 4602 ὑπάρχουσα,
1231 4530 1376 4586 κατὰ
1408 4531 1501 4587 τὸν
1532 4533 1668 4588 ῐδιον
1700 4533 1880 4604 λόγον.

1992 4549 2098 4606 que
2121 4533 2364 4591 hominis
2386 4534 2590 4599 anima,
2616 4534 2748 4591 licet
2776 4541 2976 4590 natura
3003 4549 3035 4589 a
3063 4550 3298 4606 corpore
3322 4537 3471 4608 quod
3497 4537 3584 4594 in-

266 4617 373 4672 Καὶ
411 4622 464 4674 εἰ
499 4618 772 4691 βούλοιτό
803 4636 889 4684 τις
930 4620 1033 4694 τὴν
1075 4622 1172 4676 τοῦ
1212 4621 1385 4689 δεῖνος
1432 4624 1649 4697 μητέρα
1682 4624 1886 4697 λέγειν,

1992 4626 2206 4693 format,
2224 4625 2443 4684 diversa
2462 4626 2806 4699 intelligatur
2820 4634 2879 4683 et
2896 4628 2971 4685 sit
2989 4642 3089 4684 sua
3108 4630 3334 4705 propria
3352 4629 3583 4697 ratione,

266 4706 342 4774 ὥς
374 4711 498 4766 εστι
536 4712 654 4784 μὲν
688 4713 1047 4783 σαρκοτόκος,
1077 4713 1142 4767 οὐ
1175 4712 1283 4786 μὴν
1311 4714 1395 4770 ἔτι
1420 4716 1518 4771 καὶ
1549 4715 1851 4787 ψυχοτόκος
1870 4760 1886 4788 ,

1992 4733 2099 4774 una
2121 4724 2308 4775 tamen
2333 4732 2463 4775 cum
2491 4732 2596 4774 suo
2621 4732 2858 4790 corpore
2896 4718 3094 4786 oritur,
3124 4729 3182 4777 et
3222 4721 3374 4777 velut
3413 4739 3585 4779 unum

270 4805 661 4877 περιττοεπὴς
690 4804 933 4877 ὑπάρχει
965 4804 1090 4861 λιαν
1114 4814 1166 4861 ν.
1198 4806 1403 4863 Τέτοκε
1439 4808 1575 4880 γὰρ,
1618 4810 1698 4875 ὡς
1727 4810 1886 4884 ἔφην,

1992 4810 2272 4883 quidpiam
2298 4826 2425 4868 cum
2452 4811 2573 4883 ipso
2598 4820 2881 4869 censetur.
2904 4812 3067 4880 Quod
3096 4814 3143 4871 si
3172 4815 3448 4887 quispiam
3471 4833 3586 4874 ma-

270 4896 706 4969 συντεθειμὲνον
734 4895 1008 4967 εὐτέχνως
1037 4903 1067 4934 ³
1108 4895 1173 4962 ιε
1201 4897 1477 4970 ἀνομοίων
1502 4898 1567 4953 τὺ
1598 4897 1887 4971 ζῶον,ζκαὶ

1992 4911 2133 4961 trem
2182 4903 2420 4976 alicujus
2460 4918 2573 4961 non
2616 4904 2983 4977 animiparam
3028 4907 3416 4979 appellandam
3461 4925 3587 4966 esse

267 4988 330 5040 ἐκ
351 4988 506 5043 δυοῖν
542 4990 681 5060 μὲν,
712 4987 854 5060 πλὴν
878 4987 1165 5061 ἄνθρωπον
1191 4987 1311 5054 ενα,
1338 4991 1596 5062 μένοντος
1632 4989 1733 5062 μὲν
1760 4992 1886 5047 ἑκα-

1992 4997 2361 5064 contenderit,
2403 4996 2500 5054 sed
2542 5005 2757 5055 tantum
2800 5000 3169 5071 carniparam,
3205 5015 3291 5056 ne
3336 5001 3584 5069 ineptum

266 5079 424 5150 τέρου
456 5080 624 5135 τοῦθ’
675 5080 817 5152 ὅπερ
851 5081 994 5147 ἐστὶ,
1031 5081 1557 5156 συνδεδραμηκότων
1599 5083 1658 5138 δὲ
1684 5083 1882 5158 ὥσπερ

1992 5089 2154 5160 plane
2194 5089 2538 5146 blateronem
2585 5090 2679 5147 ille
2722 5106 2780 5148 se
2819 5079 3143 5148 decfarabit.
3191 5091 3328 5146 Nam
3374 5091 3479 5144 etsi
3528 5090 3583 5143 id

270 5173 345 5235 εἰς
360 5174 613 5245 ἑνότητα
636 5172 900 5244 φυσικὴν,
924 5174 1024 5228 καὶ
1037 5169 1150 5229 οἷον
1169 5173 1584 5248 ἀνακιρνάντων
1609 5176 1884 5251 ἀλλήλοιν,

1992 5179 2142 5251 quod
2173 5179 2374 5237 mulier
2408 5183 2573 5251 parit,
2605 5196 2675 5238 ex
2713 5181 2933 5239 duobus
2961 5180 3277 5252 disparibus
3312 5179 3583 5235 concinne

270 5264 400 5337 ὅπερ
430 5268 506 5322 ἂν
545 5266 635 5333 ὡς
661 5267 795 5323 ῐδιον
829 5266 1081 5340 ἐκατέρῳ
1113 5272 1313 5342 προσῇ.

1992 5273 2140 5329 inter
2170 5289 2231 5329 se
2268 5274 2413 5345 aptis
2460 5282 2860 5347 componatur,
2902 5288 3073 5329 unum
3121 5278 3306 5326 tamen
3344 5270 3577 5337 animal,

272 5378 560 5438 unumque
599 5365 889 5422 hominem
916 5364 1082 5437 parit,
1110 5374 1346 5438 utraque
1379 5375 1539 5439 parte
1586 5382 1744 5424 suam
1804 5369 2079 5427 retinente
2129 5378 2407 5439 naturam,
2440 5382 2498 5427 et
2536 5371 2709 5428 veluti
2744 5370 2799 5425 in
2838 5367 3144 5425 naturalem
3190 5377 3427 5425 coeunte
3451 5364 3579 5422 uni-

337 5545 383 5578 "
404 5543 561 5601 Psal.
589 5558 775 5608 Lxxn,
799 5542 868 5610 6;
900 5543 1063 5600 Joan.
1092 5520 1146 5610 ί,
1182 5545 1271 5600 54.
1353 5546 1398 5578 ³⁷
1422 5545 1653 5601 Zacliar.
1698 5562 1792 5612 xu,
1828 5548 1880 5601 l.

1992 5546 2167 5605 'Luc.
2199 5565 2237 5615 ι,
2262 5549 2351 5604 Η.

1381 5680 1559 5737 Varia:
1586 5682 1855 5739 lectiones
1888 5682 2096 5742 codicis
2131 5680 2492 5756 Seguicriani.

338 5821 726 5893 νὰφρὰστως,
807 5820 1283 5895 νπερισσοεπήσει
1308 5821 1446 5876 λίαν.
1528 5830 1553 5858 ι
1594 5822 1851 5891 ἀτεχνῶς.
