4058 6468
429 349 500 409 ΞΞ
1457 358 1513 415 S.
1556 361 1831 417 CYRILLI
1875 360 2349 416 ALEXANDle
2387 360 2707 417 ARCIIIEP.
3623 365 3691 422 Ἃ

430 478 631 532 tatem,
672 470 748 527 ita
792 480 851 526 ut
894 470 1005 525 duo
1049 470 1165 527 haec
1201 473 1345 529 inter
1385 491 1443 530 se
1489 478 1777 532 eommista
1816 477 1960 541 sint,
2020 487 2075 531 et
2112 477 2346 531 alterum
2388 477 2545 533 alteri
2595 462 2907 533 communia
2951 478 3113 535 faciat
3164 494 3286 550 quae
3323 480 3428 537 sibi
3469 497 3690 554 propria

429 574 579 622 sunt.

496 661 653 730 Quod
677 671 860 719 autem
891 665 1163 735 ejusmodi
1195 674 1522 723 naturarum
1548 670 1681 724 unio
1708 670 1765 724 in
1792 669 2014 725 Christo
2044 675 2088 730 Α

424 754 738 809 necessario
767 756 1029 813 constitui
1058 757 1276 825 debeat,
1309 759 1364 814 id
1395 775 1519 814 cum
1553 777 1621 815 ex
1646 761 1769 816 aliis
1799 760 2009 824 multis,

2190 669 2311 722 Ὀτι
2353 668 2411 721 δέ
2455 669 2605 723 ἐστιν
2650 670 3054 740 ἀναγκαιοτάτη
3108 671 3229 725 λίαν
3273 672 3308 741 ὴ
3355 671 3546 734 ἓνωσις
3600 670 3691 725 ἐπὶ

2115 760 2388 831 Χριστοῦ,
2418 759 2757 832 καταθρῆσαι
2785 763 2917 832 ῥᾷον
2950 763 3045 814 καὶ¹
3078 761 3463 834 ἀταλαίπωρον
3496 778 3689 815 παντε-

428 855 541 901 tum
574 862 643 903 ex
685 848 804 919 ipso
839 866 1059 921 quoque
1094 852 1373 922 Apostolo,
1418 852 1625 923 absque
1670 853 1785 906 ullo
1824 853 1997 907 labore

2114 853 2239 918 λῶς,
2272 854 2365 907 καὶ
2391 852 2480 906 διὰ
2512 853 2721 907 πολλῶν
2754 854 2977 927 ἐτέρων.
3008 854 3144 924 Φέρε
3165 855 3294 926 γάρ,
3319 858 3368 909 εξ
3391 856 3561 919 δοκεῖ,
3588 855 3687 919 τὰς

423 941 785 1013 molestiaque
807 945 1023 999 ostendi
1049 954 1246 1014 potest.
1268 945 1381 1016 Age
1401 960 1554 1016 ergo,
1579 946 1625 999 si
1649 944 1846 1015 placet,
1873 960 1997 999 non-

2112 943 2205 1000 τοῦ
2260 945 2533 1017 μακαρίου
2593 945 2808 998 Παύλου
2859 946 3406 1018 πολυπραγμονῶμεν
3467 946 3682 1016 φωνὰς,

422 1033 603 1089 nullas
632 1034 780 1090 beati
816 1035 971 1092 Pauli
1001 1051 1166 1092 voces
1206 1037 1471 1092 attentius
1496 1036 1778 1106 aliquanto
1803 1052 2009 1107 expen-

304 1134 327 1142 “
424 1126 653 1193 damus,
684 1128 1063 1201 iudiciumque
1093 1128 1262 1184 animi
1301 1145 1464 1198 quam
1499 1129 1805 1199 poterimus
1844 1144 2008 1184 accu-

422 1219 760 1275 ratissimum
793 1219 862 1275 ad
894 1235 989 1276 eas
1022 1219 1335 1274 all‘eramus.
1364 1218 1466 1273 Hic
1504 1219 1672 1290 igitur
1710 1219 1779 1275 de
1813 1219 2007 1290 unige-

420 1311 539 1367 nito
571 1313 669 1369 Dei
709 1312 849 1368 Filio
891 1313 1039 1370 hunc
1075 1312 1134 1367 in
1164 1312 1387 1367 modum
1424 1312 1657 1367 scribit:
1691 1331 1709 1364 ι
1743 1311 1845 1378 Qui
1880 1328 2008 1367 cum

421 1402 477 1457 in
504 1402 681 1459 forma
709 1404 805 1459 Dei
836 1412 1001 1469 esset,
1031 1419 1143 1459 non
1167 1404 1417 1474 rapinam
1440 1403 1740 1459 arbitratus
1769 1411 1855 1459 est
1885 1420 2007 1460 esse

420 1506 480 1547 se
509 1493 774 1562 aequalem
807 1493 950 1559 Deo,
994 1493 1091 1548 sed
1128 1492 1486 1563 semetipsum
1524 1492 1850 1559 exinanivit,
1889 1493 2005 1549 for-

417 1596 564 1636 mam
608 1581 754 1637 servi
797 1581 1109 1651 accipiens,
1152 1581 1209 1636 in
1250 1579 1672 1635 similitudinem
1717 1578 2005 1634 hominum

414 1672 614 1738 factus,
651 1681 707 1729 et
735 1671 926 1726 habitu
960 1672 1220 1727 inventus
1246 1679 1311 1726 ut
1348 1671 1536 1737 homo,
1570 1670 1883 1726 humiliavit
1913 1686 2003 1727 se-

412 1762 711 1832 metipsum
743 1762 809 1827 ²⁹,
844 1781 861 1814 ι
890 1771 997 1817 etc.
1046 1761 1213 1829 Quis,
1258 1761 1526 1827 obsecro,
1559 1761 1654 1816 ille
1691 1770 1778 1817 est
1814 1779 1833 1813 ι
1869 1762 1999 1831 qui,

413 1868 541 1907 cum
572 1852 628 1907 in
663 1852 837 1908 forma
872 1853 983 1907 Dei"
998 1861 1165 1918 esset,
1203 1853 1316 1909 Deo
1348 1869 1407 1908 se
1436 1854 1701 1923 aedualem
1731 1868 1854 1909 esse
1888 1868 2000 1908 non

413 1944 662 2015 rapinam
702 1944 1003 1999 arbitratus
1030 1946 1151 1999 eSt?
1185 1965 1204 1996 ι
1234 1945 1345 2000 Aut
1381 1944 1657 2015 quomodo
1686 1944 2000 1999 exinanitus

411 2035 537 2089 est?
560 2034 669 2091 Aut
694 2050 804 2106 qua
825 2035 1047 2090 demum
1083 2035 1296 2090 ratione
1331 2035 1399 2090 ad
1430 2035 1798 2090 humilitatem
1821 2034 1996 2089 servi-

410 2128 630 2198 lemque
654 2127 884 2182 formam
910 2129 1157 2199 abiectus
1177 2128 1296 2183 est?
1321 2128 1462 2184 Sane
1485 2128 1579 2199 qui
1606 2143 1777 2182 unum
1809 2127 1995 2182 Domi-

408 2235 544 2274 num
577 2228 832 2275 nostrum
883 2221 1070 2278 Jesum
1109 2220 1391 2276 Christum
1433 2220 1490 2274 in
1530 2220 1690 2283 duos,
1720 2218 1776 2272 in
1814 2218 1995 2273 homi-

406 2326 537 2367 nem
568 2311 845 2377 videlicet,
879 2322 936 2368 ct
959 2313 1201 2369 Verbum
1243 2311 1390 2382 quod
1426 2326 1493 2366 ex
1528 2311 1641 2365 Deo
1669 2316 1860 2365 natum
1888 2319 1991 2372 est,

406 2404 708 2470 divellunt,
736 2421 863 2461 eum
903 2406 999 2476 qui
1037 2421 1105 2461 ex
1144 2420 1296 2460 sacra
1328 2404 1550 2475 Virgine
1589 2411 1774 2457 ortum
1806 2402 1992 2470 ducit,

403 2495 837 2552 exinanitionem
887 2498 1213 2554 sustinuisse
1255 2504 1573 2561 autumant;
1608 2496 1851 2551 Verbum
1892 2510 1993 2549 au-

404 2595 537 2654 tem,
562 2587 713 2657 quod
734 2604 803 2643 ex
832 2590 995 2643 Patre
1016 2599 1204 2644 natum
1234 2597 1338 2653 est,
1366 2602 1734 2657 nequaquam,
1758 2593 1819 2641 ut
1846 2587 1994 2657 quod

403 2676 475 2731 ab
493 2692 562 2732 eo
580 2678 808 2733 omnino
828 2685 1136 2733 secernant.
1165 2679 1370 2734 Verum
1395 2678 1441 2733 si
1470 2679 1546 2732 ita
1574 2693 1663 2732 res
1685 2677 1872 2743 habet,
1894 2693 1992 2733 ex-

400 2776 611 2840 ponant
654 2769 735 2823 illi
777 2770 938 2825 nobis
982 2784 1220 2840 quonam
1271 2768 1437 2824 modo
1480 2768 1571 2823 hic
1614 2768 1671 2822 in
1717 2767 1890 2824 forma
1936 2776 1994 2823 et

400 2860 714 2932 aequalitate
742 2862 921 2917 Patris
950 2862 1352 2932 intelligeretur
1379 2870 1623 2927 etesset,
1652 2872 1747 2916 aut
1775 2877 1882 2931 qua
1906 2875 1992 2915 ra-

401 2952 552 3010 tione
594 2953 988 3010 exinanitionis
1027 2952 1256 3008 modum
1299 2952 1542 3023 experiri
1584 2960 1790 3021 posset,
1829 2953 1886 3006 in
1935 2952 1991 3007 id

340 3048 345 3059 ‘
400 3045 550 3116 quod
588 3061 702 3101 non
746 3053 868 3101 erat
912 3059 1031 3099 sese
1070 3044 1387 3099 dcmittens.
1428 3042 1588 3098 Nulla
1624 3043 1771 3098 enim
1806 3051 1990 3098 creata

398 3153 511 3201 res,
529 3138 575 3194 si
593 3136 896 3193 secundum
911 3145 1164 3192 naturam
1180 3151 1334 3190 suam
1356 3136 1459 3205 10
1474 3134 1875 3200 consideretur,
1894 3134 1991 3190 ha-

398 3228 494 3283 bet
523 3227 695 3299 patris
722 3227 1112 3298 mqualitatem.
1145 3226 1249 3294 Qui
1289 3242 1422 3297 ergo
1450 3227 1498 3281 is
1528 3225 1843 3281 exinanitus
1873 3232 1984 3292 est,

400 3318 497 3389 qui
524 3327 715 3388 suapte
741 3325 935 3372 natura
962 3331 1149 3372 merus
1182 3316 1349 3371 homo
1380 3315 1671 3379 exsistens,
1702 3313 1989 3368 hominum

2112 1037 2315 1109 ἀκριϐῆ
2345 1038 2436 1092 τὸν
2466 1038 2616 1104 νοῦν,
2648 1038 2745 1092 καὶ
2766 1037 2841 1102 ὡς
2865 1037 2967 1102 ἔνι,
3002 1039 3357 1111 λεπτομερῶς
3382 1040 3690 1112 ὲπερείδονυ

2109 1130 2374 1200 re.ngan
2392 1129 2569 1183 τοίνυν
2599 1129 2835 1200 περὶτοῦ
2853 1129 3217 1199 Μονογενοῦς·
3249 1149 3268 1182 ι
3304 1132 3400 1194 Ὃς
3416 1131 3473 1183 ὲν
3506 1132 3685 1201 μορφῇ

2109 1220 2245 1274 Θεοῦ
2279 1222 2564 1291 ὑπάρχων,
2593 1221 2692 1291 οὐχ
2727 1221 3021 1292 ἁρπαγμὸν
3052 1223 3306 1294 ἡγήσατο
3334 1222 3394 1275 τὸ
3428 1218 3568 1276 εῖναι
3599 1221 3688 1275 ῐσα

2108 1311 2249 1382 Θεῷ,
2281 1311 2396 1365 ἀλλ’
2427 1310 2619 1365 ἑαυτὸν
2647 1311 2908 1375 ὲκένωσε,
2943 1312 3161 1382 μορφὴν
3188 1311 3376 1364 δούλου
3402 1310 3602 1375 λαϐὼν,
3631 1312 3689 1364 ὲν

2106 1402 2413 1474 ὁμοιώματι
2441 1402 2745 1474 ἀνθρώπων
2779 1401 3075 1472 γενόμενος
3096 1444 3111 1470 ,
3142 1403 3239 1457 καὶ
3267 1403 3510 1474 σχήματι
3534 1403 3690 1473 εὑρε-

2107 1494 2221 1558 θεὶς
2258 1495 2336 1558 ὼς
2375 1494 2697 1565 ἄνθρωπος,
2730 1495 3099 1549 ἐταπείνωσεν
3145 1493 3360 1548 ἑαυτόν.
3401 1513 3420 1546 ι
3453 1492 3550 1557 Τίς
3594 1488 3688 1546 οὖν

2104 1586 2212 1655 ἄρα
2240 1586 2392 1640 ἐστὶν
2429 1605 2448 1638 ι
2484 1587 2513 1639 6
2539 1585 2806 1656 ὑπάρχων
2839 1588 2899 1641 ὲν
2933 1588 3117 1657 μορφῇ
3146 1583 3243 1638 τοῦ
3275 1583 3435 1651 Θεοῦ,
3468 1584 3565 1637 καὶ
3589 1584 3689 1655 οὑχ

2106 1677 2399 1748 ἁρπαγμὸν
2426 1677 2775 1748 ἡγησάμενος
2805 1677 2868 1731 τὸ
2902 1672 3042 1731 εἶναι
3077 1676 3168 1730 ἴσα
3198 1676 3356 1747 Θεῷ;
3398 1695 3418 1729 ι
3465 1677 3538 1730 Ἢ
3563 1676 3690 1731 τίνα

2104 1769 2400 1822 κεκένωται
2430 1767 2668 1838 τρόπον;
2702 1769 2955 1839 Κατῆλθε
2977 1768 3034 1822 δὲ
3059 1769 3209 1832 ὅπως
3247 1770 3329 1832 εἰς
3355 1768 3689 1822 ταπείνωσιν

2103 1860 2197 1913 καὶ
2226 1862 2283 1913 ὲν
2315 1861 2382 1930 τῇ
2428 1858 2523 1912 τοῦ
2562 1859 2753 1913 δούλου
2784 1861 3007 1931 μορφῇς
3042 1861 3106 1913 Ol
3149 1859 3248 1930 μὲν
3293 1867 3325 1908 1
3352 1852 3447 1913 οὖν
3486 1860 3567 1924 εἰς
3594 1859 3691 1912 δύο

2100 1952 2391 2022 τέμνοντες
2427 1951 2523 2005 τὸν
2553 1951 2653 2005 ἕνα
2696 1952 2904 2023 Κύριον
2945 1950 3156 2018 Ἰησοῦν
3194 1951 3453 2023 Χριστὸν,
3500 1952 3580 2015 εἷς
3626 1968 3689 2005 τε

2030 2010 2073 2065 Β
2099 2010 2406 2107 ἄνθρωπον,
2440 2039 2603 2110 φημὶ.
2627 2039 2722 2092 καὶ
2748 2010 2839 2093 τδν
2869 2041 2934 2093 ὲκ
2960 2010 3096 2093 Θεοῦ
3131 2010 3343 2113 Πατρὸς
3369 2010 3576 2110 Λόγον,
3596 2041 3689 2095 τὸν

2099 2131 2163 2182 ἐκ
2194 2129 2294 2199 τῆς
2320 2130 2485 2198 ἁγίας
2531 2130 2812 2202 Παρθένου
2857 2132 3023 2200 φασὶν
3058 2132 3350 2200 ὑπομεῖναι
3378 2132 3478 2202 τὴν
3517 2132 3688 2187 κένω-

2100 2235 2206 2283 σιν,
2228 2220 2651 2284 ἀποδιῖστῶντες
2677 2221 2841 2275 αὐτοῦ
2869 2222 2960 2275 τὸν
2980 2223 3045 2276 ὲκ
3071 2220 3207 2275 Θεοῦ
3224 2221 3418 2290 Λόγον,
3441 2239 3688 2294 προαπο-

2095 2311 2463 2390 δεικνύτωσαν
2512 2314 2596 2366 ὅτι
2633 2314 2730 2366 καὶ
2777 2315 2834 2368 ἐν
2867 2316 3052 2385 μορφῇ
3095 2315 3191 2368 καὶ
3229 2315 3437 2386 ἰσότητι
3483 2315 3687 2370 νοεῖταί

2095 2421 2159 2456 τε
2204 2404 2301 2457 καὶ
2335 2399 2406 2474 ἦν
2453 2404 2550 2457 τοῦ
2586 2404 2803 2474 Πατρὺς
2822 2444 2837 2467 ,
2876 2405 2964 2460 ἵνα
3000 2404 3097 2459 καὶ
3138 2406 3230 2457 τὸν
3272 2406 3370 2476 τῆς
3402 2404 3688 2469 κενώσεως

2098 2496 2367 2567 ὑπομείνῃ
2394 2496 2618 2567 τρόπον,
2647 2498 2729 2561 είς
2752 2498 2891 2567 ὅπερ
2920 2498 3021 2550 οὐκ
3048 2492 3118 2568 ἦν
3149 2497 3501 2568 καθιγμένος.
3544 2499 3685 2554 Ἀλλ’

2094 2587 2246 2640 οὐδέν
2278 2589 2395 2642 ἐστι
2449 2586 2559 2640 τῶν
2601 2588 3011 2658 πεποιημένων.
3059 2590 3111 2641 εί
3160 2590 3281 2642 κατ’
3327 2589 3465 2643 ἰδίαν
3511 2594 3687 2645 νοοῖτο

2097 2678 2279 2747 φύσιν,
2313 2676 2375 2730 τὸ
2403 2679 2461 2730 ὲν
2495 2677 2704 2748 ἰσότητι
2732 2677 2826 2731 τοῦ
2858 2677 3087 2748 πατρός,
3117 2677 3242 2741 Πῶς
3270 2674 3363 2732 οὖν
3396 2678 3506 2751 ἄρα
3535 2689 3557 2717 ι
3591 2697 3688 2733 κε-

2096 2767 2364 2822 κενῶσθαι
2397 2768 2636 2837 λέγεται,
2668 2771 2717 2822 εί
2738 2768 2836 2839 τὴν
2870 2771 3031 2837 φύσιν
3059 2769 3345 2840 ἄνθρωπος
3369 2770 3465 2837 ὢν,
3490 2770 3687 2839 γεγέν-

2094 2874 2251 2926 νηται
2291 2857 2411 2910 καθ’
2440 2858 2588 2928 ἡμᾶς
2624 2859 2689 2911 ὲκ
2725 2860 3023 2927 γυναικός;
3069 2859 3184 2913 Καὶ
3220 2861 3285 2913 ὲκ
3313 2861 3473 2924 ποίας
3495 2902 3511 2928 ,
3548 2862 3679 2916 εἰπέ

2098 2964 2208 3016 μοι,
2245 2948 2624 3019 πρεσϐυτέρας
2647 2949 2923 3021 ὑπεροχῆς
2964 2951 3063 3020 τῆς
3094 2948 3191 3003 τοῦ
3233 2950 3525 3022 ἀνθρώπου
3558 2953 3684 3024 μεί-

2094 3038 2245 3103 ζονος
2271 3041 2350 3103 είς
2371 3040 2431 3093 τὸ
2453 3039 2551 3095 ἀνθ
2559 3058 2741 3112 ρωπος
2763 3038 2901 3095 εἶναι
2919 3042 3123 3113 κατέϐη
3145 3059 3159 3107 ;
3183 3044 3254 3096 Ἦ
3280 3045 3396 3109 πῶς
3424 3044 3491 3099 ἂν
3510 3048 3686 3099 νοοῖτο

2093 3129 2301 3200 λαϐεῖν,
2322 3131 2397 3197 ώς
2422 3134 2526 3187 οὑκ
2551 3134 2689 3204 ἔχων
2713 3135 2772 3187 ὲν
2796 3137 2963 3206 ἀρχῇ,
2987 3136 3088 3206 τὴν
3107 3136 3203 3190 τοῦ
3224 3136 3414 3190 δούλου
3441 3138 3682 3210 μορφὴν,

2092 3220 2123 3272 6
2145 3221 2305 3290 φύσει
2334 3223 2506 3279 τελῶν
2543 3226 2602 3278 ὲν
2635 3225 2899 3290 οἰκέταις,
2936 3227 3030 3280 καὶ
3059 3226 3164 3279 ὑπὸ
3187 3225 3351 3292 ζυγὲιν
3378 3229 3622 3297 δουλείας
3644 3242 3675 3273 ι

2093 3331 2345 3385 κειμενος
2370 3333 2386 3379 ;

401 3427 556 3467 more
615 3426 684 3467 ex
724 3410 959 3465 muliere
1026 3419 1328 3482 prognatus
1366 3410 1489 3465 est?
1528 3409 1609 3463 Ex
1647 3423 1788 3478 qua,
1834 3422 2054 3478 quaeso,
2094 3409 2414 3475 eminentia,
2457 3426 2580 3480 quae
2622 3426 2972 3468 communem
3004 3413 3244 3470 hominis
3282 3425 3534 3471 naturam
3580 3433 3693 3474 ext

398 3508 642 3573 eelleret,
667 3514 730 3562 ut
762 3505 928 3562 homo
959 3506 1134 3573 fleret,
1167 3522 1288 3563 sese
1316 3506 1571 3561 demisit?
1628 3504 1741 3560 Aut
1793 3520 1905 3574 quo
1934 3503 2157 3559 tandem
2183 3521 2347 3561 sensu
2382 3504 2613 3560 formam
2643 3506 2821 3572 servi,
2848 3523 3012 3577 quam
3056 3509 3216 3565 initio
3241 3526 3353 3566 non
3412 3511 3683 3579 habebat,

400 3601 762 3672 assumpsisse
783 3601 1132 3672 perhibetur,
1164 3601 1261 3672 qui
1286 3601 1592 3657 secundum
1620 3609 1879 3657 naturam
1903 3600 2047 3655 inter
2071 3599 2306 3655 famulos
2328 3600 2582 3665 habetur,
2610 3609 2668 3655 et
2695 3603 2976 3657 servitutis
2995 3605 3126 3675 jugo
3148 3606 3456 3675 premitur?

468 3696 826 3768 Respondent
867 3697 1023 3752 illum
1071 3678 1189 3768 qui"
1211 3705 1410 3752 natura
1455 3713 1520 3753 ac
1555 3712 1684 3753 vere
1714 3697 1891 3753 Filius
1929 3699 2056 3756 etC

2172 3693 2334 3748 Ἀλλά
2365 3695 2455 3748 ναί
2490 3708 2676 3764 φασιν,
2705 3698 2734 3750 6
2761 3696 2919 3767 φύσει
2944 3714 3007 3751 τε
3030 3700 3126 3752 καὶ
3153 3699 3370 3769 ἀληθῶς
3397 3700 3493 3754 καὶ
3527 3700 3679 3755 έλεύ⁴

393 3791 556 3857 liber,
580 3799 638 3845 et
669 3790 846 3845 Patris
866 3789 1109 3845 Verbum
1152 3796 1291 3854 erat,
1326 3798 1383 3845 et
1412 3789 1470 3843 in
1509 3788 1775 3860 genitoris
1811 3787 1991 3842 forma

2095 3784 2254 3854 θερος
2288 3783 2435 3850 Υίὸς,
2477 3787 2506 3837 6
2536 3787 2601 3840 ἐκ
2628 3786 2766 3840 Θεοῦ
2810 3788 3025 3861 Πατρὸς
3065 3790 3243 3858 Λόγος
3270 3791 3330 3844 ὲν
3363 3795 3545 3863 μορφῇ
3577 3794 3679 3846 τοῦ

394 3884 732 3950 exsistebat,
761 3898 827 3959 ac
861 3882 914 3938 ei
958 3882 1186 3953 aqualis
1228 3891 1378 3947 erat,
1426 3883 1481 3936 in
1516 3881 1775 3945 homine,
1821 3892 1989 3948 quem

2095 3877 2482 3948 γεγεννηκότος
2508 3878 2773 3950 ὑπάρχων
2796 3919 2811 3943 ,
2845 3880 2941 3934 καὶ
2975 3880 3089 3944 ίσος
3111 3879 3186 3936 ὢν
3210 3881 3385 3952 αὐτῷ,
3420 3883 3683 3955 κατῴκη-

395 3976 596 4033 mulier
646 3975 703 4030 in
745 3975 927 4030 lucem
978 3974 1184 4040 edidit,
1232 3974 1604 4040 inhabitasse;
1667 3980 1834 4041 atque
1877 3969 1987 4022 huc

2095 3984 2188 4020 κεν
2210 3968 2268 4020 ἐν
2289 3967 2565 4040 ἀνθρώπῳ
2592 3969 2911 4041 γεννηθέντι
2938 3970 3028 4023 διὰ
3059 3973 3320 4038 γυναικός
3340 3987 3354 4001 ·
3389 3973 3483 4027 καὶ
3512 3973 3677 4028 τοῦτό

392 4068 621 4126 tendere
649 4067 919 4138 quidquid
942 4067 1010 4123 de
1038 4066 1435 4129 exinanitione,
1457 4067 1547 4121 vel
1577 4061 1982 4125 humiliatione,

392 4160 481 4215 vel
502 4158 721 4215 servilis
735 4158 924 4214 formae
944 4159 1319 4229 assumptione
1344 4170 1578 4225 usquam
1601 4153 1857 4208 traditur.
1877 4150 1985 4206 Sed

392 4250 534 4308 heus
554 4260 633 4317 tu,
660 4251 914 4323 quisquis
938 4267 1018 4317 es,
1040 4267 1237 4308 eamne
1269 4259 1386 4306 tute
1416 4248 1589 4302 solam
1620 4245 1794 4300 divini
1815 4243 1984 4299 Verbi

393 4345 450 4399 in
472 4344 694 4400 homine
725 4345 1209 4409 inhabitationem,
1236 4342 1304 4400 ad
1340 4330 1687 4396 statuendam
1717 4338 1866 4393 illam
1892 4353 1986 4392 ex-

351 4477 360 4485 .
390 4438 751 4493 inanitionem
776 4446 861 4493 sat
881 4452 1001 4493 esse
1024 4433 1344 4493 existimas?
1362 4429 1621 4500 Nihilque
1645 4429 1823 4485 inesse
1837 4430 1985 4501 peri-

392 4527 500 4581 culi
522 4526 833 4594 arbitraris,
859 4527 907 4582 si
935 4542 1046 4581 una
1073 4526 1177 4579 hac
1206 4522 1422 4577 ratione
1446 4520 1690 4575 Verbum
1723 4521 1983 4577 servilem

390 4618 623 4673 formam
656 4617 985 4689 suscepisse,
1013 4617 1287 4685 talemque
1323 4610 1724 4667 humiliationis
1757 4612 1981 4667 modum

388 4708 684 4778 pertulisse
721 4707 1027 4764 statuatur?
1066 4705 1231 4775 Atqui
1266 4703 1561 4758 Dominum
1590 4709 1811 4757 sanctos
1846 4716 1979 4771 apo-

389 4803 559 4858 stolos
584 4803 689 4859 hac
717 4800 967 4858 oratione
1003 4796 1426 4868 compellantem
1458 4793 1627 4849 audio
1659 4812 1672 4847 z
1707 4812 1726 4845 ‹
1771 4793 1829 4849 Si
1858 4793 1984 4862 quis

389 4886 569 4966 diligit
591 4911 698 4958 mc,
721 4907 1033 4951 sermonem
1057 4907 1243 4947 meum
1269 4889 1541 4957 servabit;
1566 4898 1620 4945 et
1642 4889 1804 4944 Pater
1827 4905 1983 4945 meus

388 4985 579 5055 diliget
616 5000 774 5048 eum;
809 4991 866 5037 ct
897 4982 966 5035 ad
1008 4996 1137 5035 eum
1175 4979 1494 5044 veniemus,
1537 4986 1595 5033 et
1639 4976 1977 5033 mansionem

2088 4058 2234 4113 ἐστιν
2261 4058 2294 4130 ἡ
2315 4060 2569 4126 κένωσις,
2602 4061 2696 4114 καὶ
2727 4061 2788 4115 τὸ
2807 4061 2910 4131 τῆς
2936 4061 3326 4126 ταπεινώσεως
3348 4066 3558 4135 χρῆμα,
3582 4065 3682 4119 καὶ

2086 4147 2148 4200 τὸ
2177 4148 2235 4200 ὲν
2272 4150 2338 4218 τῇ
2382 4147 2476 4202 τοῦ
2502 4148 2690 4202 δούλου
2729 4150 3109 4206 καθικνεῖσθαι
3148 4152 3178 4192 b
3216 4156 3419 4225 μορφῇ.
3448 4150 3600 4219 Εἶτα,
3630 4147 3680 4208 ὧ

2090 4238 2377 4309 βέλτιστοι,
2412 4242 2475 4293 τὸ
2508 4242 2832 4313 κατοικῆσαι
2884 4245 3046 4313 μόνον
3080 4246 3137 4299 ἐν
3173 4245 3452 4318 ἀνθρώπῳ
3478 4248 3573 4301 τὸν
3610 4250 3680 4303 ἐκ

2085 4329 2221 4383 Θεοῦ
2237 4330 2411 4399 Λόγον
2442 4331 2731 4402 ἀρκέσειεν
2764 4333 2832 4388 ἂν
2865 4336 2947 4398 εἰς
2976 4334 3207 4390 κένωσιν
3248 4337 3433 4409 αὑτῷ;
3465 4341 3560 4394 καὶ
3585 4342 3680 4394 ἀσ-

2087 4424 2255 4494 φαλὲς
2286 4426 2463 4479 εἰπεῖν
2489 4426 2573 4479 ὅτι
2598 4443 2658 4478 τε
2686 4425 2858 4491 οὕτως
2884 4428 3052 4482 ὑπέδυ
3078 4428 3176 4500 τὴν
3208 4429 3305 4484 τοῦ
3329 4431 3512 4486 δούλου
3542 4450 3677 4503 μορ-

2087 4517 2215 4589 φὴν,
2257 4518 2352 4571 καὶ
2385 4517 2557 4581 οὕτως
2590 4516 2741 4588 αὑτῷ
2784 4519 2981 4588 γένοιτ’
3013 4518 3081 4573 ἂν
3108 4522 3137 4574 6
3161 4520 3263 4590 τῆς
3286 4522 3675 4587 ταπεινώσεως

2083 4609 2314 4678 τρόπος,
2345 4609 2522 4662 καίτοι
2547 4609 2819 4678 λέγοντος,
2862 4612 2938 4673 ὡς
2968 4612 3177 4676 ἀκούω,
3197 4615 3311 4676 τοῖς
3335 4613 3514 4682 ἁγίοις
3535 4614 3672 4668 ἀπο-

2087 4702 2312 4765 στόλοις;
2344 4721 2363 4753 ‹
2412 4703 2537 4757 Ἐάν
2567 4720 2651 4767 τις
2677 4705 2864 4774 ἀγαπᾷ
2894 4721 2982 4774 με,
3009 4705 3101 4758 τὸν
3120 4704 3276 4773 λόγον
3299 4722 3400 4776 μου
3420 4707 3671 4778 τηρήσει,

2085 4796 2181 4848 καὶ
2213 4797 2242 4848 6
2284 4795 2479 4867 Πατήρ
2530 4812 2633 4865 μου
2675 4796 2955 4867 ἀγαπήσει
2988 4798 3172 4864 αὑτὸν,
3223 4798 3480 4869 καὶπρὸς
3508 4797 3674 4854 αὐτὸν

2085 4885 2441 4956 ἐλευσόμεθα,
2500 4887 2595 4940 καὶ
2641 4886 2810 4958 μονὴν
2857 4889 2988 4958 παρ’
3028 4888 3181 4959 αὑτῷ
3227 4890 3592 4960 ποιησόμεθα.
3647 4908 3666 4939 ι

2100 4977 2364 5041 Ἀκούεις,
2391 4979 2540 5042 ὅπως
2569 4980 2627 5032 ἐν
2661 4981 2773 5043 τοῖς
2803 4981 3095 5048 ἀγαπῶσιν
3126 4981 3290 5035 αὐτὸν
3315 4984 3672 5052 συγκατοική-

388 5076 533 5146 apud
568 5090 696 5131 cum
722 5074 988 5130 faciemus
1008 5073 1076 5125 ³⁰.
1112 5090 1130 5123 ι
1162 5070 1357 5135 Audis,
1391 5085 1502 5141 quo
1527 5079 1686 5140 pacto
1713 5076 1774 5125 et
1798 5068 1978 5141 ipsum

2095 5087 2205 5123 σειν
2234 5069 2383 5141 αὑτῷ
2411 5072 2504 5124 καὶ
2534 5072 2696 5125 αὑτὸν
2716 5071 2822 5144 ἔφη
2849 5073 2941 5127 τὸν
2970 5071 3105 5127 Θεὸν
3142 5073 3238 5127 καὶ
3270 5074 3520 5146 Πατέρα;
3542 5071 3670 5146 Ἆρ’

388 5184 608 5239 quoque
648 5169 868 5225 Patrem
913 5179 1023 5218 una
1058 5178 1186 5218 cum
1230 5162 1349 5232 ipso
1387 5162 1498 5217 illis
1541 5162 1979 5218 inhabitaturum

2095 5158 2177 5218 πῦν
2208 5163 2305 5216 καὶ
2341 5164 2503 5219 αὑτὸν
2542 5164 2878 5219 κεκενῶσθαι
2914 5165 3190 5236 δώσομεν,
3220 5166 3316 5220 καὶ
3344 5167 3443 5240 τὴν
3478 5169 3670 5238 ὁμοίαν

389 5261 675 5331 spondeat,
693 5260 788 5330 qui
808 5258 987 5328 ipsum
1010 5256 1281 5327 diligunt?
1303 5255 1583 5327 Numquid
1602 5271 1733 5327 ergo
1751 5265 1808 5311 et
1824 5256 1980 5310 illum

2095 5254 2380 5324 ἀνατλῆναι
2424 5255 2654 5309 κένωσιν
2698 5266 2721 5296 ο
2772 5254 2852 5326 τῷ
2902 5256 3048 5328 Υίῷ,
3081 5259 3176 5311 καὶ
3203 5259 3303 5331 τὴν
3337 5258 3433 5313 τοῦ
3480 5258 3668 5313 δούλου

388 5354 569 5425 ipsum
606 5366 848 5425 quoque,
876 5358 1169 5420 propterea
1203 5350 1350 5420 quod
1384 5351 1502 5421 pias
1526 5349 1831 5407 amicorum
1854 5365 1982 5404 suo-

2095 5346 2304 5416 μορφὴν
2338 5345 2655 5413 ἀναλαϐεῖν,
2700 5347 2782 5401 ὅτι
2820 5347 2921 5411 τὰς
2954 5348 3063 5402 τῶν
3113 5348 3454 5418 ἀγαπώντων
3503 5351 3670 5405 αὑτὸν

389 5461 511 5502 rum
535 5446 746 5501 animas
768 5441 928 5498 sedes
956 5441 1063 5497 sibi
1087 5442 1405 5508 constituat,
1432 5443 1797 5508 exinanitum,
1822 5442 1977 5496 simi—

2095 5440 2263 5511 ᾇυχάς
2304 5440 2465 5508 ἁγίας
2502 5444 2737 5494 ποιεῖται
2788 5440 2954 5512 μονὰς
2996 5442 3169 5507 ίδίας;
3217 5440 3281 5494 Τί
3317 5440 3374 5496 δὲ
3407 5440 3470 5496 τὸ
3512 5441 3669 5510 ἅγιον

332 5598 357 5623 κ
460 5586 504 5617 ²⁹
528 5583 767 5655 Philipp.
794 5600 853 5652 ιι,
886 5583 986 5639 6-8
1057 5584 1100 5616 ³ο
1131 5585 1285 5641 Joan.
1325 5603 1434 5654 xiv,
1469 5586 1557 5640 35.

1469 5706 1645 5761 Varia:
1666 5706 1932 5761 lectiones
1958 5703 2166 5759 codicis
2195 5701 2564 5771 Seguicriaui.

458 5819 555 5875 Ytl
585 5819 704 5882 μέν.
781 5834 803 5865 ι
825 5822 927 5883 ἔτι.
1002 5836 1023 5866 α
1050 5824 1155 5881 ὑπὸ
1189 5822 1340 5899 ζυγῷ
1370 5824 1581 5884 δούλου.
1663 5826 1690 5866 ι)
1733 5822 2074 5879 καθικέσθαι.
2156 5832 2178 5861 ε
2210 5819 2559 5874 ταπείνωσιν.
