4058 6456
2464 244 2468 247 η
2488 229 2531 249 ω

301 355 372 411 9-5
1779 353 1910 410 ΕΡΙε

2011 353 2118 408 )LA
2156 354 2198 407 Ι.
3501 343 3573 400 ‘26

301 473 534 545 Πνεῦμα
580 474 643 526 τὺ
673 473 966 527 κατοικοῦν
1003 475 1065 529 ὲν
1108 477 1274 548 ήμῖν;
1310 469 1458 546 ’Λρα
1490 474 1586 528 καὶ
1626 473 1757 527 αὐτὸ
1789 474 1885 543 τῆς

2012 472 2224 541 iterque
2251 485 2374 525 eum
2406 469 2543 524 Filio
2569 469 2864 539 dejectum,
2894 481 2956 520 ac
2994 464 3179 520 servili
3211 461 3382 515 forma
3408 458 3573 512 indu-

303 566 778 639 ὲνανθρωπὴσεως
822 568 1158 639 ἀπεπλήρου
1185 569 1283 638 τὴν
1319 568 1633 637 οἰκονομίαν
1654 607 1668 629 ,
1701 566 1767 637 ἢν
1802 565 1892 620 διὰ

305 658 463 729 μόνου
492 656 593 710 τοῦ
628 656 761 711 Υἱοῦ
794 658 1114 729 πεπρᾶχθαί
1146 675 1324 729 φαμεν
1354 658 1455 727 τῆς
1482 657 1699 711 πάντων
1728 657 1891 710 ἕνεκα

300 749 579 818 σωτηρίας
612 750 707 802 καὶ
740 749 923 820 ζωῆς;
952 751 1172 819 Ἀπαγε
1201 750 1300 821 τῆς
1331 748 1476 803 οὕτω
1513 748 1776 821 περιττῆς
1799 749 1893 801 καὶ

300 842 530 912 ἀνοήτου
572 841 857 906 παντελῶς
886 841 1306 905 είκαιοόουλίας.

371 1101 764 1164 Τεταπείνωκε
785 1101 971 1155 τοίνυν
997 1100 1190 1155 ἑαυτὸν
1215 1102 1244 1154 6
1270 1101 1327 1153 ὲν
1355 1100 1536 1171 μορφῇ
1567 1098 1661 1152 καὶ
1688 1097 1894 1167 ἰσότητι

297 1196 389 1249 τοῦ
410 1194 553 1248 Θεοῦ
587 1194 691 1248 καὶ
721 1193 937 1265 Πατρὸς
957 1192 1221 1263 ὑπάρχων
1256 1190 1455 1259 Λόγος,
1484 1190 1574 1243 ὅτε
1596 1189 1894 1259 γενόμενος

304 1285 458 1354 σὰρξ,
478 1284 635 1339 καΘά
652 1301 825 1354 φησιν
860 1284 1141 1354 Ἰωάννης,
1166 1282 1589 1352 γεγέννηταιδιά
1614 1280 1893 1351 γυναικὸς,

303 1377 393 1433 καὶ
412 1377 679 1447 γέννησιν
708 1375 850 1446 ἔχων
878 1376 980 1447 τὴν
1006 1378 1072 1429 ἐκ
1094 1376 1232 1430 Θεοῦ
1262 1376 1495 1447 Πατρδς,
1530 1374 1625 1428 καὶ
1643 1374 1742 1442 τὴν
1774 1371 1895 1426 καθ’

306 1471 449 1538 ἡμᾶς
480 1469 760 1539 ὑπέμεινε
804 1468 1000 1523 παθεῖν
1039 1469 1108 1522 δι’
1141 1469 1308 1539 ἡμᾶς.
1356 1468 1509 1521 Ἐπεὶ
1536 1465 1897 1521 διδασκόντων

308 1560 491 1623 αὐτοὶ,
519 1559 679 1613 κατά
720 1559 846 1614 τίνα
881 1560 1083 1630 τρόπον
1122 1561 1153 1612 6
1198 1560 1264 1613 ὲκ
1307 1557 1444 1612 Θεοῦ
1485 1557 1699 1629 Πατρὸς
1728 1556 1899 1623 Λόγος

307 1648 537 1719 Χριστὸς
561 1647 635 1702 ἂν
663 1650 841 1702 νοοῖτο
865 1648 962 1701 καὶ
996 1647 1213 1717 λέγοιτο
1243 1648 1378 1719 πρὸς
1406 1647 1586 1719 ἡμῶν.
1615 1649 1678 1700 Εἰ
1702 1647 1809 1700 ἀπό
1833 1663 1898 1715 γε

308 1740 399 1794 τοῦ
424 1740 725 1813 κεκρίσθαι
759 1740 1003 1811 Χριστὸς
1029 1740 1391 1810 ὀνομάζεται,
1422 1740 1543 1793 τίνα
1590 1739 1844 1809 κέκρικεν
1868 1736 1897 1789 6

2000 571 2113 617 tum
2144 562 2542 618 concedemus?
2572 562 2646 615 De
2685 559 2893 629 Spiritu
2927 564 3114 616 sancto
3144 562 3347 617 autem,
3382 551 3476 621 qui
3520 550 3576 602 in

1995 655 2156 710 nobis
2185 654 2455 708 inhabitat
2480 653 2545 716 ³¹,
2571 651 2702 722 quid
2727 648 3065 704 statuemus?
3096 643 3371 715 Numquid
3398 651 3454 696 et
3487 643 3575 710 ip—

1997 761 2118 800 sum
2163 760 2383 815 quoque
2424 742 2817 798 incarnationis
2847 737 3228 801 oeconomiam,
3265 750 3428 804 quam
3476 746 3577 802 per

1998 839 2175 894 solum
2212 837 2407 891 Filium
2439 835 2631 890 salutis
2652 835 2886 901 vitaeque
2908 828 3154 883 omnium
3185 840 3349 879 causa
3378 822 3575 877 factam

2000 930 2366 1000 agposcimus,
2412 926 2715 997 explevisse
2754 921 3034 978 dicemus?
3072 919 3253 988 Apage
3295 930 3419 969 cum
3458 913 3579 967 istis

1999 1022 2137 1076 adeo
2162 1020 2436 1082 inanibus,
2463 1018 2675 1073 stolidis
2700 1025 2756 1071 et
2779 1014 3019 1069 anilibus
3042 1008 3436 1066 deliramentis.

2069 1111 2309 1166 Verbum
2342 1109 2507 1179 igitur
2533 1107 2652 1171 Dei,
2682 1105 2829 1176 quod
2874 1102 2931 1157 in
2976 1102 3149 1156 forma
3189 1108 3246 1153 et
3272 1094 3581 1167 aequalitate

1999 1202 2097 1258 Dei
2127 1209 2182 1256 et
2219 1200 2396 1255 Patris
2428 1206 2567 1264 erat,
2594 1197 2947 1267 semetipsum
2976 1191 3306 1253 humiliavit,
3338 1186 3580 1258 quando,

2003 1304 2063 1349 ut
2084 1294 2320 1349 Joannes
2348 1289 2614 1359 loquitur,
2640 1304 2767 1342 caro
2793 1286 2995 1340 factum
3024 1298 3092 1338 ex
3126 1281 3357 1335 muliere
3393 1286 3581 1331 natum

2001 1393 2086 1440 est
2111 1385 2174 1449 δ’,
2199 1391 2568 1450 aeternamque
2595 1394 2664 1433 ex
2690 1379 2851 1433 Patre
2879 1375 3149 1446 originem
3178 1372 3451 1433 obtinens,
3479 1383 3584 1422 no-

2003 1481 2172 1528 stram
2223 1485 2442 1542 quoque
2489 1477 2713 1541 propter
2751 1482 2856 1521 nos
2895 1463 3306 1537 generationem
3346 1456 3583 1529 experiri

2004 1582 2114 1620 non
2143 1563 2437 1620 recusavit.
2462 1561 2618 1628 Quod
2642 1560 2688 1616 si
2715 1574 2875 1616 secus
2902 1573 2991 1612 res
3016 1556 3202 1617 habet,
3230 1553 3463 1607 doceant
3483 1562 3586 1602 nos

2006 1657 2129 1728 ipsi,
2165 1669 2469 1725 ecquonam
2510 1652 2674 1706 modo
2712 1650 2811 1706 Dei
2853 1647 3033 1704 Patris
3071 1644 3314 1701 Verbum
3353 1657 3384 1695 a
3424 1638 3588 1694 nobis

2003 1747 2254 1802 Christus
2296 1746 2625 1817 appelletur,
2668 1750 2726 1799 et
2762 1740 3016 1797 Christus
3056 1753 3178 1793 esse
3222 1733 3584 1803 intelligatur.

314 1833 503 1902 Πατὴρ
538 1832 624 1905 τῷ
655 1833 832 1904 ἐλαίῳ
888 1833 992 1903 τῆς
1027 1832 1406 1902 ἀγαλλιάσεως
1429 1871 1445 1897 ,
1494 1832 1613 1903 ἦτοι
1642 1831 1719 1902 τῷ
1758 1831 1897 1900 ἀγίῳ

2011 1840 2136 1895 Nam
2173 1841 2218 1895 si
2250 1839 2503 1895 Christus
2538 1837 2606 1890 ab
2631 1833 2889 1889 unctione
2927 1830 3236 1884 nominatus
3260 1833 3362 1889 est,
3387 1837 3583 1891 quem,

315 1924 624 1994 Πνεῦματις
676 1924 741 1977 ΕΞ
790 1923 893 1994 μὲν
931 1919 1026 1977 οὖν
1074 1923 1259 1988 ίδικῶς
1294 1922 1387 1976 τὸν
1442 1922 1601 1992 μόνον
1642 1920 1705 1986 ἐξ
1734 1921 1900 1974 αὐτοῦ

318 2017 633 2088 γεννηθέντα
660 2015 801 2069 Θεὸν
839 2016 1036 2084 Λόγον,
1069 2015 1165 2068 καὶ
1199 2014 1360 2068 τοῦτο
1398 2014 1537 2067 slva!
1570 2029 1736 2081 φασιν
1767 2011 1903 2082 ἀλη-

324 2109 431 2173 θὲς,
450 2108 736 2177 ἀγνοοῦσιν
760 2109 914 2172 ὅπως
939 2109 1032 2161 καὶ
1052 2106 1153 2179 τὴν
1174 2105 1266 2160 τοῦ
1297 2104 1635 2174 Μονογενοῦς
1658 2103 1902 2157 ἀδικοῦσι

338 2203 512 2272 φύσιν,
541 2203 632 2258 καὶ
652 2203 755 2273 τῆς
805 2200 950 2272 μετά
976 2200 1178 2270 σαρκὸς
1205 2199 1516 2268 οἰκονομίας
1541 2197 1903 2269 παρασημαί-

341 2313 482 2349 νουσι
527 2296 586 2348 τὸ
641 2295 969 2365 μυστήριον.
1024 2294 1088 2346 Εἰ
1135 2291 1244 2362 γὰρ
1297 2292 1583 2361 κέχρισται
1631 2289 1715 2359 τῷ
1765 2288 1905 2358 ἁγίῳ

332 2388 592 2458 Πνεῦματι
618 2387 755 2450 Θεὸς
778 2384 857 2439 ὢν
896 2387 925 2439 6
946 2384 1140 2452 Λόγος,
1167 2383 1355 2436 ἐπιδεᾶ
1382 2382 1600 2444 πάντως
1629 2379 1903 2450 ἀγιασμοῦ

326 2480 415 2534 καὶ
458 2481 555 2550 οὐχ
595 2480 825 2543 ἑκόντες
883 2478 1282 2549 ὁμολογήσουσι
1332 2475 1477 2529 κατά
1514 2477 1650 2539 τοὺς
1691 2473 1902 2530 ἀνωθεν

321 2572 395 2625 ἔτι
426 2573 653 2643 χρόνους
690 2570 967 2640 ὑπάρχειν
1000 2570 1188 2630 αὑτὸν,
1233 2566 1358 2621 καθ’
1390 2564 1482 2630 οὓς,
1524 2565 1680 2618 οῦπω
1710 2582 1903 2635 κεχρι-

318 2664 539 2734 σμένος,
574 2662 858 2734 ἀμέτοχος
905 2656 974 2732 ἦν
1010 2659 1093 2712 ἔτι
1144 2660 1244 2729 τῆς
1271 2661 1351 2723 εἰς
1377 2658 1605 2730 ὕστερον
1638 2655 1789 2728 αὐτῷ
1819 2656 1904 2710 δο-

317 2756 498 2826 θείσης
552 2754 799 2826 δωρεᾶς.
855 2752 931 2805 Τὸ
969 2751 1030 2805 δὲ
1094 2749 1371 2821 ἀγιασμοῦ
1431 2747 1749 2821 τητώμενον
1818 2765 1908 2801 σα-

315 2847 521 2901 λεῦεται
586 2846 740 2900 κατὰ
794 2843 990 2914 φύσιν,
1028 2843 1125 2897 καὶ
1158 2843 1261 2896 οὐκ
1303 2840 1370 2897 ἂν
1416 2844 1587 2896 νοοῖτο
1628 2840 1908 2904 παντελῶς

308 2938 618 3011 ἠμοιρηκὺς
644 2936 953 3008 ἁμαρτίας,
982 2935 1103 3006 ἦτοι
1134 2934 1230 2987 τοῦ
1263 2932 1520 2987 δύνασθαι
1541 2932 1906 3004 πλημμελεῖν.

319 3029 785 3100 Ύπομεμὲνηκεν
837 3023 934 3081 οῦν
975 3027 1089 3098 ἄρα
1119 3025 1148 3065 ἀ
1179 3025 1274 3080 καὶ
1316 3024 1524 3097 τροπὴν
1573 3025 1670 3098 τὴν
1719 3026 1801 3088 εἰς
1842 3025 1910 3079 τὰ

304 3121 512 3193 ἀμείνω
548 3120 723 3193 τυχὸν
767 3122 799 3173 6
830 3118 1026 3186 Λόγος.
1074 3116 1200 3180 Πῶς
1237 3111 1331 3171 οῦν
1363 3119 1392 3170 6
1431 3117 1596 3180 αὐτός
1628 3118 1779 3179 ἐστι,
1813 3116 1910 3169 καὶ

310 3214 407 3267 οὐκ
429 3211 779 3283 ὴλλοίωταις
806 3211 922 3264 Καὶ
944 3210 994 3262 εί
1015 3207 1149 3271 Θεὸς
1171 3207 1246 3261 ὢν
1269 3208 1298 3260 6
1318 3207 1512 3275 Λόγος,
1532 3206 1623 3260 καὶ
1638 3207 1696 3259 ὲν
1728 3207 1908 3277 μορφῇ
1937 3205 1980 3263 C

306 3309 400 3361 καὶ
441 3306 673 3374 ἰσότητι
712 3303 810 3357 τοῦ
843 3302 1062 3374 Πατρδς
1086 3343 1100 3368 ,
1139 3299 1354 3373 ἐχρίετό
1378 3316 1439 3353 τε
1474 3300 1568 3354 καὶ
1611 3300 1871 3371 ἡγιάζετο
1894 3340 1908 3365 ,

306 3399 436 3470 φαίη
469 3416 565 3463 τις
600 3398 670 3452 ἂν
700 3395 836 3461 ἴσως
869 3395 945 3460 ὡς
980 3394 1089 3450 ἀπό
1119 3411 1184 3464 γε
1207 3393 1302 3447 τοῦ
1346 3392 1674 3465 πράγματος
1699 3395 1780 3456 εἰς
1828 3391 1916 3457 ὲξ-

307 3493 524 3561 ιτήλους
586 3490 808 3552 ἐννοίας
840 3488 1284 3561 ἀπνηνεγμένος
1308 3527 1322 3551 ,
1358 3487 1442 3540 ὅτι
1491 3486 1633 3555 τάχα
1671 3503 1775 3538 που
1822 3486 1915 3538 καὶ

306 3584 467 3648 αὐτὸς
490 3585 522 3636 6
552 3580 761 3652 Πατὴρ
790 3581 951 3635 δέοιτ’
974 3581 1042 3635 ἂν
1062 3577 1361 3650 ἀγιασμοῦ·
1388 3578 1589 3649 μᾶλλον
1613 3578 1668 3630 δὲ
1699 3577 1800 3648 ἤδη
1822 3577 1918 3630 καὶ

306 3675 514 3747 μείζων
542 3674 731 3730 αὐτοῦ
754 3672 1107 3743 ἀναπέφηνεν
1129 3674 1158 3725 6
1174 3672 1323 3737 Υἱὸς,
1348 3666 1506 3742 εἴπερ
1529 3669 1784 3741 ἡγίασται
1818 3669 1917 3739 μὲν

304 3768 491 3833 αὐτὸς,
521 3766 657 3831 ῐσος
672 3765 753 3819 ὢν
778 3764 931 3835 αὐτῷ
951 3765 1045 3818 καὶ
1066 3765 1124 3817 ὲν
1157 3766 1340 3835 μορφῇ
1367 3768 1474 3834 πρὸ
1491 3762 1585 3815 τοῦ
1611 3763 1884 3833 ἀγιασμοῦ
1901 3780 1914 3793 ·

304 3858 333 3912 6
352 3859 412 3912 δὲ
442 3856 961 3928 ὲναπομεμένηκεν
989 3851 1072 3918 οἷς
1098 3850 1166 3926 ἦν
1192 3855 1300 3916 ἀεὶ,
1333 3856 1429 3908 καὶ
1458 3854 1573 3907 ἐστι
1601 3854 1695 3907 καὶ
1723 3853 1877 3906 ἔσται
1896 3894 1913 3916 ,

306 3949 458 4003 οὔπω
492 3951 617 4021 τὴν
653 3950 738 4013 εἰς
766 3947 838 4000 τὰ
873 3947 1083 4018 ἀμείνω
1120 3945 1301 3999 λαϐὼν
1333 3946 1575 4000 ἐπίδοσιν
1599 3945 1690 4000 διά
1722 3963 1787 4014 γε
1824 3946 1919 3999 τοῦ

307 4042 580 4113 ἠγιάσοαι
606 4079 625 4103 ,
668 4039 796 4093 καθ’
824 4039 1120 4110 ὁμοιότητα
1149 4036 1244 4091 τοῦ
1278 4037 1433 4092 Υίοῦ.
1482 4036 1684 4101 Μεῖζον
1725 4036 1783 4089 δὲ
1821 4034 1919 4107 ἤδη

306 4138 398 4189 καὶ
442 4135 677 4206 ἀμφοῖν
719 4134 917 4203 ὁρᾶται
955 4132 1017 4184 τὸ
1056 4129 1284 4201 Πνεῦμα
1331 4129 1393 4183 τὸ
1434 4127 1662 4198 ἁγιάζον
1699 4128 1919 4193 αὐτοὺς,

305 4230 465 4300 εἰπερ
499 4247 521 4280 ι
567 4226 733 4281 ἐστὶν
776 4225 879 4278 οὐκ
910 4223 1238 4289 ἐνδοιαστὸν,
1265 4222 1342 4286 ὡς
1366 4221 1585 4292 ἀπάσης
1617 4220 1925 4289 ἀντιλογίας

306 4321 428 4391 δίχα
453 4364 471 4387 ,
500 4320 575 4374 τὸ
621 4318 851 4370 ἔλαττον
891 4313 1143 4397 ὑπφτοῦ
1176 4314 1484 4387 κρείττονος
1526 4312 1852 4382 εὐλογεῖται.
1899 4331 1918 4364 ι

318 4413 457 4466 Ἀλλ’
480 4412 625 4465 ἔστι
643 4408 825 4463 ταῦτα
844 4407 1032 4480 λῆρος,
1058 4408 1152 4461 καὶ
1170 4424 1228 4459 τε
1238 4405 1447 4478 ρθρεία,
1466 4406 1560 4458 καὶ
1581 4403 1925 4474 ἀποπληξίας

309 4505 477 4575 ἑγκλή
487 4519 682 4574 ματα.
719 4499 879 4569 ’Λγία
900 4499 1009 4571 γὰρ
1029 4498 1172 4552 κατά
1186 4496 1348 4566 φύσιν
1370 4498 1404 4567 ἡ
1431 4494 1716 4566 ὀμοούσιος
1733 4494 1921 4562 Τριάς.

310 4565 505 4666 ina;-
551 4598 588 4649 ὀ
631 4565 862 4665 Πατὴρ,
903 4565 1061 4660 ἀγιος
1106 4565 1207 4643 και
1243 4590 1272 4642 6
1305 4565 1432 4651 Υἱδς
1468 4565 1749 4648 οὐσιωδῶς
1786 4584 1910 4667 κατέ

2034 4583 2371 4645 sanctificat,
2416 4586 2650 4648 utroque
2705 4574 2880 4646 major
2931 4565 3376 4640 deprehendetur
3423 4576 3438 4613 :

311 4689 399 4741 τὸν
429 4690 555 4743 ἴσον
596 4686 813 4756 τρόπον
837 4700 853 4716 ο
883 4681 1088 4754 ὁμοίως
1127 4683 1187 4736 δὲ
1217 4682 1312 4734 καὶ
1347 4681 1407 4734 τὺ
1442 4680 1688 4750 Πνεῦμα.
1718 4678 1927 4733 Οὐκοῦν

2003 1948 2208 2003 quaeso,
2240 1932 2402 1987 Pater
2422 1931 2546 1984 oleo
2573 1925 2775 1981 laetitiae
2799 1924 2865 1988 ³³,
2893 1922 2998 1976 hoc
3024 1928 3108 1974 est
3132 1916 3341 1987 Spiritu
3373 1920 3583 1977 sancto,

2003 2025 2252 2080 inunxit?
2291 2025 2389 2093 ιι
2423 2022 2480 2078 Si
2509 2019 2659 2076 enim
2696 2017 2795 2072 Dei
2828 2014 3090 2075 Verbum,
3118 2008 3265 2080 quod
3304 2008 3451 2060 Deus
3477 2011 3583 2067 est,

2003 2126 2059 2173 et
2095 2117 2274 2171 solum
2316 2113 2627 2185 Specialiter
2648 2126 2716 2165 ex
2740 2109 2903 2163 Patre
2944 2114 3135 2160 natum
3166 2108 3269 2164 est,
3298 2098 3586 2151 inunctum

2004 2209 2210 2273 dicant,
2243 2216 2406 2277 atque
2446 2206 2556 2259 huc
2582 2218 2713 2259 vere
2744 2197 3014 2271 quidquid
3049 2196 3117 2250 de
3148 2192 3407 2248 unctione
3446 2185 3586 2242 diei—

2003 2307 2122 2364 tur,
2167 2298 2448 2369 pertinere
2497 2293 2862 2356 contendant,
2901 2288 3161 2344 nimirum
3198 2281 3416 2337 inscitia
3450 2294 3584 2341 sua,

2006 2390 2205 2460 insigni
2237 2387 2435 2458 injuria
2457 2384 2736 2454 Unigeniti
2757 2390 3008 2436 naturam
3041 2376 3302 2439 alliciunt,
3330 2381 3386 2427 et
3408 2371 3588 2440 ipsum

2007 2482 2207 2538 divinae
2234 2477 2661 2550 dispensationis
2684 2471 3008 2546 mysterium
3038 2469 3198 2538 plane
3227 2470 3504 2520 evertunt.
3530 2458 3589 2513 Si

2005 2575 2155 2631 enim
2184 2572 2448 2635 Verbum,
2473 2567 2620 2639 quod
2646 2568 2792 2621 Deus
2818 2572 2924 2628 est,
2961 2560 3170 2630 Spiritu
3204 2563 3395 2611 sancto
3425 2553 3590 2605 inun-

2007 2672 2157 2721 ctum
2204 2669 2317 2725 est,
2364 2637 2507 2729 ergo
2544 2653 2924 2725 superioribus
2970 2643 3342 2716 temporibus,
3390 2637 3595 2709 quibus

2008 2753 2347 2812 inunctionis
2375 2728 2543 2821 hujus
2573 2745 2841 2802 beneficio
2864 2741 3011 2813 quod
3045 2746 3234 2809 postea
3266 2733 3343 2788 illi
3374 2728 3591 2799 obtigit,

2008 2849 2191 2904 adhuc
2211 2843 2637 2906 destituebatur,
2665 2832 3116 2894 sanctiﬁcationis
3137 2828 3362 2885 omnino
3387 2823 3596 2892 indige-

2008 2942 2134 3008 bat;
2168 2938 2315 3010 quod
2345 2934 2570 2990 infitiari
2602 2947 2713 2987 non
2747 2936 2999 3000 possunt.
3043 2922 3209 2994 Atqui
3241 2932 3404 2975 omne
3446 2911 3596 2984 quod

2012 3031 2445 3089 sanctificatione
2469 3024 2805 3086 destituitur,
2829 3019 2965 3074 illud
2992 3025 3184 3085 suapte
3201 3022 3399 3068 natura
3420 3013 3599 3061 muta-

2012 3126 2123 3181 bile
2151 3132 2266 3190 est;
2311 3128 2474 3190 atque
2516 3117 2724 3171 idcirco
2763 3120 2859 3168 aut
2894 3107 3127 3180 peccati,
3154 3112 3250 3159 aut
3279 3110 3429 3157 certe
3462 3112 3598 3172 pec-

2014 3217 2173 3273 candi
2208 3188 2483 3270 facultatis
2511 3209 2932 3277 haudquaquam
2964 3214 3159 3269 expers
3192 3202 3293 3251 est.
3328 3194 3473 3263 Ergo
3499 3188 3597 3243 de-

2014 3315 2288 3365 mutatum
2315 3313 2420 3369 est,
2448 3298 2585 3372 quia‘
2598 3300 2738 3354 forte
2770 3296 2837 3350 ad
2864 3292 3091 3348 meliora
3118 3297 3471 3359 progressum
3493 3286 3598 3334 est.

2014 3397 2300 3468 Quomodo
2327 3409 2458 3464 ergo
2482 3392 2626 3446 idem
2656 3402 2797 3451 esse,
2825 3391 2882 3438 et
2911 3393 3191 3450 nunquam
3230 3372 3431 3429 mutari
3455 3385 3600 3441 prae-

2016 3459 2269 3547 dicatur?
2309 3459 2484 3542 Porro
2530 3489 2715 3537 autem
2763 3479 2810 3532 si
2852 3477 2998 3529 Deus
3039 3469 3320 3529 Verbum,
3353 3461 3499 3534 quod
3544 3459 3602 3514 in

2016 3582 2191 3637 forma
2214 3586 2270 3634 et
2295 3575 2605 3646 aequalitate
2637 3568 2816 3625 Patris
2844 3564 3148 3621 subsistens
3182 3565 3287 3621 est,
3316 3556 3603 3610 inunctum

1968 3728 1969 3731 η
2018 3683 2074 3731 et
2113 3643 2511 3728 sanctiﬁcatum
2550 3673 2655 3729 est,
2700 3676 2810 3716 non
2839 3659 3074 3713 deerunt
3115 3648 3365 3706 fortassis
3406 3644 3502 3714 qui
3546 3643 3602 3696 in

2019 3765 2245 3821 frivolas
2268 3763 2592 3831 ineptasque
2614 3754 2731 3824 cogi
2741 3752 2975 3808 tationcs
3000 3743 3312 3816 prtecipites
3334 3755 3398 3794 ex
3421 3737 3525 3791 hac
3546 3746 3606 3789 re

2020 3857 2151 3921 acti,
2176 3855 2354 3925 ipsum
2377 3865 2597 3922 quoque
2624 3849 2842 3903 Patrem
2880 3836 3313 3897 sanctificatione
3341 3844 3525 3901 egere,
3550 3834 3609 3881 et

2020 3949 2222 4004 Filium
2263 3947 2426 4001 Patre
2460 3943 2723 4012 majorem
2762 3950 2883 3991 esse
2924 3929 3296 4001 nugabuntur,
3333 3918 3608 3990 siquidem

2020 4040 2113 4096 hic
2136 4048 2263 4095 ante
2289 4035 2607 4091 unctionem
2644 4029 2793 4087 Patri
2824 4023 3049 4096 :equalis
3072 4026 3211 4082 erat,
3248 4028 3397 4070 nunc
3424 4018 3608 4066 autem

2023 4128 2231 4200 Spiritu
2267 4132 2457 4182 sancto
2494 4124 2754 4177 inunctus
2790 4126 2902 4183 est;
2948 4116 3110 4169 Pater
3139 4123 3274 4163 vero
3319 4105 3376 4159 in
3407 4100 3610 4173 quibus

2025 4221 2356 4279 constitutus
2388 4224 2506 4272 erat
2540 4213 2700 4269 bonis
2733 4215 2936 4271 manet,
2980 4200 3336 4268 manebitque
3369 4206 3606 4262 semper,

2024 4328 2149 4378 nec,
2172 4321 2234 4366 ut
2258 4309 2453 4372 Filius,
2483 4307 2745 4360 inunctus
2768 4307 2862 4353 aut
2878 4293 3249 4351 sanctiﬁcatus
3271 4295 3376 4350 est,
3395 4291 3458 4338 ut
3477 4296 3609 4351 pro-

2024 4414 2214 4474 pterea
2241 4412 2564 4472 progressus
2598 4394 2664 4448 ad
2695 4391 2923 4446 meliora
2950 4380 3160 4439 fecerit.
3194 4380 3310 4432 lmo
3343 4387 3477 4429 vero
3508 4372 3612 4425 hac

2028 4464 2266 4550 admissa
2298 4464 2637 4560 opinatione,
2678 4480 2918 4552 Spiritus
2952 4482 3174 4532 sanctus
3195 4470 3289 4541 qui
3320 4464 3534 4535 inungit
3556 4469 3615 4519 et

3486 4572 3614 4612 nam

2043 4699 2062 4731 ι
2092 4686 2245 4732 extra
2276 4674 2441 4728 ullam
2468 4665 2897 4726 controversiam
2924 4679 2989 4718 ac
3018 4656 3438 4717 dubitationem,
3466 4647 3614 4720 quod

308 4780 432 4833 ὅσον
465 4775 627 4851 ἧκεν
644 4740 731 4840 είς
758 4774 897 4829 ἰδίαν
917 4740 1117 4843 ,φύσιν
1138 4774 1238 4844 οὐχ
1258 4772 1516 4843 ἡγίασται
1546 4740 1862 4841 καταμόνας
1900 4778 1910 4821 ι

2035 4768 2219 4822 minus
2240 4773 2346 4832 cst,
2370 4781 2401 4819 a
2421 4762 2647 4818 meliore
2672 4755 3021 4814 benedicitur
3046 4752 3110 4805 “.
3148 4771 3165 4801 ι
3197 4748 3395 4803 Verum
3427 4740 3617 4797 isthzec

313 4872 375 4923 ἐκ
408 4871 563 4925 Θεοῦ
604 4869 826 4939 [ἰατρὸς
857 4868 1050 4935 Λόγος.

2035 4876 2201 4916 mera:
2227 4867 2356 4913 sunt
2381 4870 2558 4926 nugae,
2583 4866 2841 4921 meraque
2865 4850 3183 4903 insanorum
3214 4839 3500 4895 hominum
3523 4832 3619 4888 de-

314 4961 459 5025 liria,
544 4959 974 5026 verborumque
1019 4964 1290 5026 portenta.
1342 4953 1560 5009 Etenim
1610 4951 2095 5007 consubstantialis
2158 4950 2315 5025 Trias
2357 4954 2549 5015 suapte
2622 4951 2818 4997 natura
2860 4946 3046 4995 sancta
3106 4943 3209 4991 est.
3260 4931 3497 4988 Sanctus
3532 4926 3619 4977 est

317 5054 513 5115 Pater,
544 5057 785 5105 sanctus
814 5047 930 5117 pari
960 5045 1122 5099 modo
1161 5060 1261 5115 per
1292 5043 1589 5099 essentiam
1615 5049 1702 5096 est
1721 5040 1926 5103 Filius,
1970 5022 2418 5094 sanctus-eodem
2459 5010 2697 5103 denique
2735 5027 2901 5083 modo
2953 5024 3190 5095 Spiritus
3254 5024 3495 5073 sanctus.
3534 5010 3617 5066 Ad

317 5144 615 5214 propriam
655 5137 890 5210 proinde
917 5113 1179 5191 naturam
1197 5135 1345 5206 quod
1379 5133 1596 5197 attinet,
1626 5130 1722 5186 Dei
1755 5130 1934 5185 Patris
1968 5130 2209 5185 Verbum
2240 5141 2489 5182 seorsum
2509 5139 2610 5194 per
2632 5137 2690 5177 se
2718 5136 2828 5175 non
2860 5125 2945 5172 est
2966 5113 3381 5170 sanctificatum.

385 5236 452 5288 El
494 5234 561 5287 δὲ
621 5232 689 5303 δή
729 5248 816 5294 τις
862 5229 1034 5282 οἴοιτο
1073 5228 1167 5281 τὸν
1198 5229 1263 5281 ἐκ
1312 5229 1414 5298 τῆς
1447 5226 1611 5294 ἁγίας
1654 5222 1931 5296 Παρθένου

316 5322 747 5394 γεγεννημένον
776 5319 1067 5392 κεχρίσθαι
1096 5336 1156 5372 τε
1177 5319 1274 5372 καὶ
1299 5318 1559 5405 ήγιάσθαι
1584 5317 1765 5387 μόνον,
1804 5315 1935 5369 ταύ-

324 5430 390 5486 τῃ
416 5434 504 5470 τοι
536 5415 643 5468 καὶ
671 5411 999 5484 ὠνομάσθαι
1035 5410 1290 5483 Χριστὸν,
1322 5410 1528 5479 λεγέτω
1549 5406 1856 5480 παρελθὼν,
1886 5407 1934 5460 εἰ

2107 5220 2263 5289 Quod
2286 5220 2331 5275 si
2358 5218 2484 5290 quis
2514 5231 2663 5279 eum,
2694 5228 2856 5283 quem
2890 5224 3044 5265 sacra
3063 5207 3228 5274 Virgo
3249 5198 3498 5272 peperit,
3525 5210 3617 5252 so-

2038 5288 2175 5379 lum,
2210 5313 2316 5367 hoc
2357 5288 2463 5373 est,
2498 5309 2554 5364 in
2604 5304 2828 5378 propria
2876 5299 3267 5357 subsistentem
3315 5288 3617 5364 hypostasi,

2041 5414 2272 5461 unctum
2326 5414 2383 5458 et
2438 5400 2835 5458 sanctificatum
2879 5393 3200 5455 arbitretur,
3253 5396 3418 5459 atque
3449 5383 3521 5440 ob
3562 5380 3619 5437 id

399 5555 444 5586 ³⁸
476 5554 529 5608 ιι
559 5554 704 5609 Tim.
737 5570 777 5619 ι,
810 5554 898 5610 Η.
985 5551 1029 5583 ³³
1071 5551 1225 5629 ann.
1263 5568 1299 5618 ι,
1343 5552 1424 5607 14.
1501 5550 1546 5582 ³³
1570 5548 1710 5604 Psal.
1742 5564 1883 5611 μιν,

2047 5544 2094 5577 ³⁵
2116 5543 2280 5599 Hebr.
2304 5559 2399 5607 vn,
2436 5542 2486 5594 7.

1452 5654 1628 5727 Varia:
1653 5669 1919 5725 lectiones
1949 5666 2155 5723 codicis
2195 5661 2556 5735 Seguicriani.

409 5786 439 5829 ‘
466 5788 573 5844 ἑτι.
