4058 6508
416 337 486 397 2‘7
1423 344 1479 402 Β.
1514 345 1792 403 CYRILLI
1828 346 2302 402 ALE'XANDRINI
2340 344 2662 411 ARClllEP.
3615 339 3686 395 9-3

416 454 696 517 Christum
746 460 1079 532 appellatum
1125 464 1451 530 contendat,
1480 465 1755 535 ejusmodi
1794 465 1848 520 in
1884 482 2002 521 me-

2107 464 2322 546 άπόχρη
2354 464 2414 517 τὸ
2454 463 2665 534 χρίσμα
2699 461 2832 532 πρὸς
2872 459 2933 513 τὸ
2969 459 3247 546 ἀποφῆναι
3278 456 3369 509 τοι
3399 449 3691 546 ἀλειφόμε-

417 550 570 607 (Ιξιιιιι
601 552 852 622 prodeat,
881 552 1151 623 nobisque
1177 562 1442 624 esponat,
1477 556 1665 611 solane
1706 556 1895 612 unctio
1922 566 2005 612 sat

418 635 509 702 sit,
535 646 599 692 ut
618 647 820 693 unctus
851 654 975 693 cum
996 636 1130 704 Deo,
1157 641 1251 710 qui
1287 649 1372 696 est
1393 658 1561 713 super
1583 645 1789 709 omnia,
1817 661 2003 715 aequa-

416 727 487 783 lis
513 728 721 798 gloriae,
743 729 1006 799 parisque
1036 732 1298 801 potentiae
1317 740 1374 787 et
1398 734 1698 806 majestatis
1726 751 1849 791 esse
1876 752 2004 792 cen-

418 829 626 875 seatur.
668 819 770 889 12
807 818 966 886 Quod
1006 823 1053 877 si
1091 822 1147 877 id
1182 824 1315 879 satis
1347 840 1468 880 esse
1499 825 1785 891 concedat,
1818 835 1876 882 et
1913 843 2007 883 ve-

416 924 541 963 rum
574 907 679 962 hoc
706 923 826 963 esse
851 908 1068 978 dicent;
1098 926 1201 967 nos
1216 928 1439 983 quoque
1476 914 1627 969 uncti
1666 930 1877 970 sumus.
1910 916 2007 970 Est

416 1000 565 1055 enim
593 1000 648 1054 in
670 1000 844 1056 sacris
868 1000 1096 1058 Litteris
1128 1019 1141 1055 :
1168 1021 1195 1075 ,ι
1231 1003 1336 1058 Vos
1353 1004 1674 1060 unctionem
1699 1001 1916 1061 habetis
1937 1018 2006 1061 ex

416 1098 606 1148 sancto
631 1092 697 1143 ³⁸.
739 1111 757 1143 ι
783 1092 1007 1148 Erimus
1048 1093 1218 1165 igitur
1256 1094 1491 1151 fortasse
1520 1105 1578 1152 et
1603 1112 1704 1152 nos
1730 1096 1835 1167 ipsi
1863 1113 2004 1168 quo.-

417 1171 665 1253 que‘Deo
695 1197 890 1253 pares;
918 1192 1084 1255 atque
1126 1186 1202 1241 ita
1234 1185 1395 1251 nihil,
1434 1187 1652 1256 opinor,
1686 1188 2007 1258 prohibebit

417 1265 713 1348 quominus
755 1294 858 1335 nos
892 1295 1115 1350 quoque
1148 1279 1379 1350 perinde
1412 1289 1577 1351 atque
1607 1278 1930 1337 Emmanuel
1972 1296 2004 1336 ο

415 1370 610 1425 dextra
643 1372 722 1425 illi
749 1370 1110 1427 assideamus.
1141 1372 1360 1426 Dictum
1394 1379 1481 1427 est
1507 1373 1654 1427 enim
1694 1373 1763 1427 ad
1794 1373 1948 1429 illum
1987 1391 2000 1427 :

422 1479 441 1512 ι
474 1458 616 1515 Sede
650 1476 681 1515 a
703 1460 911 1515 dextris
950 1460 1112 1525 meis,
1145 1460 1323 1516 donec
1355 1475 1553 1530 ponam
1597 1460 1852 1516 inimicos
1879 1470 2004 1516 tuos

414 1551 715 1607 scabellum
737 1551 938 1622 pedum
963 1559 1185 1607 tuorum
1207 1552 1272 1604 ³⁸.
1287 1570 1305 1602 ι
1331 1550 1539 1605 Adoret
1563 1550 1796 1621 proinde
1823 1560 1881 1606 et
1900 1566 2003 1606 nos

414 1658 573 1698 sacra
633 1644 727 1698 illa
772 1643 1047 1699 mentium
1094 1643 1382 1698 beatarum
1415 1642 1730 1697 multitudo.
1771 1641 1905 1697 Nam
1940 1650 2004 1697 ut

413 1733 707 1804 Apostolus
727 1744 1146 1805 commemorat,
1178 1753 1194 1785 ι
1214 1730 1350 1789 Cum
1375 1730 1810 1806 Primogenitum
1838 1750 2001 1790 suum
2040 1718 2043 1721 Α

2107 543 2241 609 νονο
2307 553 2529 607 ἰσοκλεᾶ,
2570 552 2663 607 καὶ
2707 551 2999 622 ὁμόθρονον
3045 546 3124 619 τῷ
3169 545 3386 599 πάντων
3429 543 3688 598 ἐπέκεινα

2106 646 2246 718 Θεῷ.
2279 640 2392 700 Καὶ
2419 646 2467 698 εἰ
2509 645 2610 716 μὲν
2639 643 2856 714 ἀπόχρη
2877 640 2939 694 τὸ
2961 640 3196 711 χρίσμα,
3229 638 3323 690 καὶ
3351 634 3509 688 τοῦτο
3531 633 3688 705 ἐροῦ-

2109 754 2192 794 σιν
2220 737 2296 802 ὼς
2338 737 2484 791 ἐστιν
2515 735 2745 807 ἀληθές·
2793 732 3137 804 κεχρίσμεθα
3190 729 3284 783 καὶ
3342 729 3522 798 ἡμεῖς.
3583 725 3692 777 Καὶ

2110 829 2449 901 μαρτυρήσει
2498 826 2672 895 λέγων
2734 826 2763 877 ὁ
2814 823 3103 884 θεσπέσιος
3173 819 3457 887 Ἰωάννηςο
3534 834 3552 865 ι
3579 812 3692 867 Καὶ

2108 919 2264 990 ὑμεῖς
2308 917 2519 989 χρίσμα
2564 915 2719 988 ἔχετε
2767 914 2877 968 ἀπὺ
2906 912 3002 965 τοῦ
3044 911 3220 980 ἁγίου.
3253 927 3273 960 ι
3322 905 3588 977 Ἐσόμεθα
3624 904 3689 976 δὴ

2104 1007 2199 1066 οὖν
2223 1013 2280 1064 ὲν
2316 1012 2414 1082 ῖσῳ
2433 1010 2575 1080 τάχα
2600 1024 2698 1062 που
2739 1005 2834 1060 καὶ
2862 1007 3022 1076 ἡμεῖς
3056 1003 3209 1058 αὐτοὶ
3240 1000 3317 1071 τῷ
3352 999 3491 1070 Θεῷ,
3517 999 3691 1068 εἴργει

2103 1102 2184 1164 δὲ,
2216 1097 2392 1173 οἶμαι,
2445 1098 2726 1163 παντελῶς
2769 1096 2922 1151 οὐδὲν
2968 1092 3065 1149 καὶ
3122 1090 3462 1163 συνεδρεύειν
3517 1088 3689 1157 αὐτῷ,

2106 1194 2358 1265 καθάπερ
2395 1192 2586 1263 ἀμέλει
2627 1191 2721 1245 καὶ
2768 1189 2930 1252 αὐτὸς
2975 1188 3003 1239 ό
3055 1182 3430 1256 Ἐμμανουήλ.
3460 1179 3690 1251 Εἴρηται

2105 1286 2214 1357 γὰρ
2244 1286 2381 1358 πρὸς
2415 1284 2579 1339 αὐτόν
2597 1298 2615 1317 ο
2652 1300 2671 1335 ι
2691 1282 2877 1338 Κάθου
2913 1282 2977 1334 ὲκ
3005 1278 3198 1346 δεξιῶν
3235 1293 3362 1348 μου,
3393 1274 3499 1338 ἓως
3524 1273 3589 1326 ἂν
3613 1272 3691 1326 θῶ

2103 1373 2231 1436 τοὺς
2261 1371 2490 1443 ἐχθρούς
2514 1386 2609 1425 σου
2639 1367 2932 1424 ὑποπόδιον
2968 1366 3078 1421 τῶν
3103 1365 3282 1420 ποδῶν
3306 1381 3423 1418 σου.
3453 1382 3472 1415 ι
3513 1365 3690 1434 Προσ-

2104 1461 2336 1516 κυνείτω
2363 1462 2460 1515 καὶ
2491 1461 2639 1532 ἡμᾶς
2672 1460 2706 1532 ἡ
2731 1459 2840 1514 τῶν
2866 1459 2979 1515 ἄνω
3011 1457 3338 1528 πνευμάτων
3379 1453 3513 1523 ἁγία
3552 1452 3692 1522 πλη-

2105 1553 2222 1618 θύς.
2263 1574 2282 1606 ι
2306 1554 2479 1608 Ὅταν
2520 1552 2651 1625 γὰρ,
2686 1551 2876 1623 φησὶν,
2916 1548 3188 1622 εἰσαγάγῃ
3216 1548 3308 1602 τὸν
3345 1544 3691 1617 πρωτότοκον

2104 1648 2185 1710 εἰς
2231 1644 2331 1717 τὴν
2371 1644 2719 1716 οἰκουμένην,
2762 1643 2941 1712 λέγει’
2992 1641 3103 1696 Καὶ
3149 1636 3690 1711 προσκυνησάτωσαν

2103 1735 2255 1807 αύτῷ
2290 1737 2491 1800 πάντες
2513 1736 2738 1805 ἄγγελοι
2757 1734 2914 1788 Θεοῦ.
2936 1753 2954 1788 ο
3005 1732 3145 1787 Ἀλλ’
3176 1732 3341 1802 ἡμεῖς
3377 1728 3497 1799 μὲν,
3525 1728 3576 1780 εἰ
3596 1724 3690 1780 καὶ

412 1824 473 1879 in
508 1825 699 1881 orbem
740 1834 1013 1882 terrarum
1048 1824 1281 1890 inducit,
1316 1824 1390 1879 ita
1428 1825 1540 1881 ait:
1568 1824 1813 1881 Adorent
1841 1825 1996 1881 illum

2103 1829 2181 1900 τῷ
2212 1829 2354 1899 ἁγίῳ
2393 1827 2732 1900 κεχρίσμεθα
2775 1824 3072 1896 Πνεύματι,
3100 1824 3198 1897 τὴν
3235 1821 3336 1892 μὲν
3376 1820 3476 1890 τῆς
3512 1817 3690 1872 υἱοθε-

410 1926 605 1972 omnes
622 1917 803 1989 angeli
826 1917 923 1973 Dei
945 1917 1125 1973 ³⁷.»Λι
1141 1932 1274 1972 vero
1302 1933 1426 1982 nos,
1450 1933 1764 1989 quanquam
1789 1917 1997 1989 Spiritu

412 2016 606 2064 sancto
628 2010 976 2081 inungamur,
1007 2024 1222 2065 necnon
1247 2024 1345 2078 per
1364 2009 1597 2080 gratiam
1630 2009 1687 2063 in
1725 2002 1824 2064 Dei
1858 2008 2001 2066 ﬁlios

411 2109 758 2171 cooptemur,
799 2109 858 2157 et
913 2100 991 2156 dii
1034 2099 1311 2156 interdum
1355 2114 1576 2170 quoque
1622 2101 1996 2168 nominemur,

410 2202 612 2273 npstrze
655 2202 847 2247 tamen
901 2199 1114 2247 natura:
1150 2188 1590 2246 mediocritatem
1623 2206 1734 2246 non
1774 2192 1997 2263 ignora-

410 2298 551 2337 mus.
581 2281 785 2339 Sumus
813 2283 969 2339 enim
1007 2282 1076 2337 de
1101 2290 1271 2347 terra,
1299 2290 1357 2336 et
1395 2282 1544 2337 inter
1576 2297 1767 2339 servos
1796 2297 1997 2340 nume-

2103 1921 2222 1984 σίας
2255 1919 2736 1990 καταπλουτοῦμεν
2768 1918 2951 1989 χάριν,
2987 1913 3307 1985 κεκλήμεθα
3341 1912 3398 1966 δὲ
3429 1912 3521 1965 καὶ
3550 1910 3688 1974 θεοῖ,

2100 2010 2163 2066 τό
2196 2030 2258 2082 γε
2302 2013 2409 2083 μὴν
2452 2011 2554 2078 τῆς
2582 2008 2794 2065 ἑαυτῶν
2824 2008 3040 2080 φύσεως
3075 2007 3273 2078 μέτρον
3300 2006 3404 2059 ούκ
3428 2003 3693 2074 ἀγνοήειο-

2103 2121 2224 2174 μεν.
2274 2104 2473 2175 Ἐσμὲν
2501 2104 2611 2175 γὰρ
2648 2104 2714 2156 ὲκ
2740 2102 2869 2171 γῆς,
2901 2100 2994 2154 καὶ
3020 2098 3383 2169 τελοῦμεν⁸ὲν
3403 2096 3651 2156 οἰκέταις
3670 2108 3686 2127 ⁸

2099 2196 2127 2248 ό
2160 2195 2217 2248 δέ
2255 2197 2402 2249 ἐστιν
2434 2196 2535 2248 ούκ
2565 2188 2741 2257 ὲν⁶οἷς
2773 2194 2956 2265 ἡμεῖς,
2986 2190 3127 2245 ἀλλὰ
3152 2189 3313 2260 φύσει
3338 2205 3396 2242 τε
3431 2187 3529 2241 καὶ
3555 2185 3689 2256 ἀληο

2100 2287 2208 2352 θῶς
2241 2289 2389 2353 Υἱὸς,
2423 2290 2519 2343 καὶ
2548 2288 2657 2341 τῶν
2689 2287 2825 2341 ὅλων
2857 2284 3081 2357 Κύριος,
3124 2285 3221 2338 καὶ
3259 2284 3320 2348 ἐξ
3360 2280 3616 2353 ούρανοῦ.

410 2394 636 2444 ramur;
662 2380 753 2434 ille
782 2394 916 2434 vero
978 2386 1191 2433 naturae
1246 2384 1451 2432 nostrae
1489 2377 1706 2448 legibus
1775 2394 1886 2433 non
1956 2366 2313 2449 continetur,
2372 2384 2470 2440 sed
2522 2392 2720 2438 natura
2772 2388 2831 2436 et
2885 2379 3119 2435 veritate
3162 2376 3331 2433 Filius
3359 2417 3373 2443 ,
3415 2374 3691 2445 totiusque

411 2471 791 2527 universitatis
830 2471 1098 2527 Dominus
1122 2479 1227 2536 est,
1254 2479 1420 2541 atque
1451 2486 1483 2525 e
1504 2472 1659 2527 ecelis
1679 2471 1748 2526 ad
1779 2488 1884 2528 nos
1912 2473 2172 2547 delapsus
2190 2485 2292 2532 est.

472 2566 587 2621 Nec
605 2580 740 2621 vero
768 2564 1028 2629 dicimus,
1056 2563 1154 2634 qui
1194 2572 1346 2618 recte
1390 2563 1595 2619 sentire
1628 2563 1993 2634 decrevimus,

404 2660 582 2716 Deum
612 2658 817 2712 factum
845 2656 1030 2712 carnis
1063 2664 1299 2725 patrem,
1334 2670 1441 2711 nec
1474 2670 1697 2711 rursum
1733 2654 1997 2714 divinita-

405 2750 479 2805 tis
518 2756 771 2804 naturam
805 2763 836 2801 a
862 2746 1095 2801 muliere
1135 2745 1374 2812 editam,
1427 2754 1721 2817 antequam
1759 2746 2001 2803 humana

406 2849 607 2895 natura
636 2855 696 2895 se
739 2839 1042 2905 induisset;
1080 2839 1178 2894 sed
1210 2838 1475 2905 Verbum,
1498 2838 1646 2909 quod
1666 2855 1735 2895 ex
1754 2839 1867 2895 Deo
1899 2856 2000 2895 na-

407 2940 532 2987 tura
555 2940 661 2996 est,
695 2940 752 2986 et
776 2929 1059 2985 hominem
1092 2931 1186 3001 qui
1221 2947 1289 2987 ex
1319 2946 1475 2986 sacra
1502 2931 1728 3002 Virgine
1760 2932 2002 3002 perfecte

405 3021 465 3076 in
488 3021 633 3077 hanc
650 3021 834 3077 lucem
874 3029 1031 3077 ortus
1072 3029 1178 3086 est,
1215 3022 1284 3077 ad
1332 3024 1601 3078 unitatem
1629 3022 1999 3092 conferentes,

402 3122 579 3167 unum
631 3111 927 3167 Dominum
963 3120 1021 3167 et
1057 3111 1344 3168 Christum
1373 3112 1564 3168 Iesum
1603 3114 1999 3172 adorabimus:

406 3199 484 3255 ita
512 3207 574 3254 ut
593 3214 767 3253 unum
802 3198 953 3254 hunc
977 3207 1206 3270 propter
1234 3208 1570 3271 assumptam
1595 3216 1818 3259 carnem
1847 3214 2004 3261 extra

402 3293 713 3350 divinitatis
752 3293 1019 3349 terminos
1057 3307 1171 3348 non
1203 3292 1514 3365 ejiciamus,
1543 3309 1725 3366 neque
1770 3307 2001 3367 propter

397 3401 527 3442 eam
558 3401 753 3442 rursus
775 3400 943 3456 quam
964 3400 1316 3441 communem
1338 3386 1630 3441 nobiscum
1656 3386 1825 3442 habet
1848 3389 2000 3445 simi-
2024 3367 2067 3425 (ἶ

399 3474 722 3540 ‘litudinem,
766 3474 913 3529 intra
960 3474 1136 3529 solius
1185 3473 1441 3530 humanae
1478 3482 1690 3531 natura:
1727 3478 2001 3534 cancellos

406 3566 779 3622 includamus.
830 3565 948 3621 Hoc
981 3564 1304 3631 constituto,
1352 3564 1514 3620 facile
1554 3582 1849 3638 assequere
1891 3577 2010 3639 qua‘

408 3659 624 3714 ratione
643 3657 891 3714 Verbum
914 3674 983 3715 ex
1007 3658 1121 3713 Deo
1145 3656 1393 3728 genitum
1422 3656 1788 3713 voluntariam
1807 3660 1999 3714 exina-

408 3750 680 3807 nitionem
713 3750 1061 3815 sustinuerit,
1093 3763 1273 3819 quove
1294 3757 1453 3817 pacto
1480 3749 1526 3803 is
1559 3750 1654 3821 qui
1688 3758 1879 3820 suapte
1906 3765 2004 3804 na—

408 3849 535 3897 tura
573 3841 718 3896 liber
759 3847 902 3905 erat,
944 3840 1089 3896 servi
1122 3839 1303 3894 forma
1330 3847 1605 3910 suscepta,
1633 3841 1990 3910 semetipsum

409 3932 786 3988 humiliaverit
801 3932 880 3999 ²⁸;
911 3947 1021 4003 quo
1050 3931 1291 4012 denique
1312 3931 1476 3987 modo
1503 3951 1521 3984 ι
1551 3947 1742 3988 Semen
1769 3930 2002 3986 Abrahw

401 4024 952 4095 apprehenderit”,r
980 4024 1273 4094 carnisque
1293 4032 1351 4078 et
1380 4025 1663 4095 sanguinis
1683 4024 1829 4079 Deus
1861 4022 2000 4077 Ver-

408 4117 542 4173 bum
563 4118 840 4188 particeps
864 4116 1099 4193 eﬁ‘ectus
1133 4117 1223 4172 sit.
1261 4117 1399 4173 Nam
1436 4118 1483 4174 si
1522 4126 1585 4173 ut
1612 4130 1799 4171 merus
1833 4113 1999 4169 homo

407 4210 587 4265 nostri
619 4210 818 4265 similis
858 4219 1044 4266 mente
1096 4210 1444 4282 concipitur,
1490 4207 1767 4280 quomodo
1808 4222 1998 4264 semen

405 4301 663 4369 Ahrahaa,
706 4310 968 4372 tauquam
996 4304 1322 4360 naturaliter
1352 4301 1639 4374 quidpiam
1663 4307 1995 4356 extraneum

2165 2567 2276 2621 Καὶ
2320 2568 2383 2621 ού
2428 2568 2490 2639 δή
2528 2568 2631 2622 πού
2685 2584 2889 2637 φαμεν,
2927 2565 3065 2641 ὀρθὰ
3125 2565 3344 2637 φρονεῖν
3399 2558 3686 2632 ᾑρημένοι.

2104 2656 2310 2731 σαρκὸς
2342 2658 2600 2728 γενέσθαι
2636 2656 2852 2730 πατέρα
2887 2657 2980 2711 τὸν
3011 2653 3167 2720 Θεὸν,
3212 2655 3321 2708 οὐδ’
3348 2647 3415 2706 αὖ
3455 2652 3554 2723 τὴν
3584 2649 3688 2718 τῆς
3802 2680 3807 2683 ~

2097 2750 2351 2824 θεότητος
2371 2752 2535 2823 φύσιν
2556 2750 2921 2821 γεγεννῆσθαι
2936 2748 3026 2804 διὰ
3049 2747 3331 2818 γυναικὸς,
3350 2744 3505 2799 οὔπω
3527 2758 3691 2813 προσ.

2098 2844 2375 2899 λαϐοῦσαν
2410 2843 2473 2898 τὸ
2516 2843 2864 2917 ἀνθρώπινον
2883 2857 2901 2876 ·
2931 2840 3348 2909 συνενεγκόντες
3374 2837 3433 2890 δὲ
3484 2835 3689 2907 μᾶλλον

2100 2937 2182 3002 εἰς
2213 2937 2411 2991 ἕνωσιν
2442 2937 2536 2991 τόν
2571 2954 2633 2990 τε
2655 2936 2721 2990 ὲκ
2754 2933 2889 2989 Θεοῦ
2930 2932 3107 3002 φύντα
3137 2930 3331 2998 Λόγον,
3377 2927 3474 2983 καὶ
3499 2926 3591 2981 τὸν
3624 2925 3691 2978 ὲκ

2098 3029 2200 3098 τῆς
2223 3026 2382 3099 ἁγίας
2413 3026 2692 3099 Παρθένου
2726 3023 2951 3087 τελείως
2991 3021 3303 3093 ἄνθρωπον,
3332 3017 3428 3073 ἕνα
3451 3013 3690 3088 Χριστὸν

2114 3120 2324 3192 Ἰησοῦν
2362 3119 2458 3173 καὶ
2492 3117 2698 3187 Κύριον
2745 3112 3220 3186 προσκυνήσομεν,
3268 3108 3393 3163 οὔτε
3446 3107 3556 3160 τῶν
3587 3104 3690 3173 τῆς

2101 3212 2356 3284 θεότητος
2383 3212 2526 3282 δρων
2552 3208 2658 3275 ἔξω
2681 3206 2923 3268 τιθέντες
2945 3203 3035 3257 διά
3059 3202 3159 3273 τὴν
3195 3200 3397 3272 σάρκα,
3426 3196 3551 3252 ούτε
3578 3194 3687 3267 μὴν

2101 3304 2181 3367 εἰς
2211 3299 2610 3372 ἀνθρωπότητα
2628 3295 2791 3367 ψιλὴν
2822 3290 3286 3358 καταϐιϐάζοντες
3308 3284 3398 3344 διὰ
3428 3288 3528 3360 τὴν
3549 3285 3688 3356 πρὸς

2100 3394 2247 3468 ἡμᾶς
2285 3391 2562 3464 ὁμοίωσιν.
2606 3388 2768 3444 Οῦτω
2804 3388 3022 3458 νοήσεις
3067 3385 3159 3441 τὸν
3212 3386 3277 3439 ὲκ
3323 3381 3460 3437 Θεοῦ
3509 3379 3689 3451 φύντα

2095 3488 2270 3556 Λόγον
2316 3486 2416 3556 τὴν
2464 3480 2712 3536 ἑκούσιον
2742 3481 3035 3549 ὑπομεῖναι
3066 3479 3326 3532 κένωσινο
3365 3474 3508 3529 οὕτω
3528 3490 3688 3526 τετα-

2096 3576 2362 3633 πείνωκεν
2389 3572 2604 3638 ἑαυτὸν,
2644 3570 2861 3643 μορφὴν
2896 3569 3089 3625 δούλου
3120 3564 3324 3634 λαϐὼν,
3354 3569 3383 3621 ό
3413 3566 3556 3623 κατὰ
3581 3562 3688 3634 φύ-

2096 3684 2181 3722 σιν
2223 3666 2359 3721 ἰδίαν
2398 3662 2684 3735 ἐλεύθερος
2704 3679 2718 3694 ·
2749 3660 2893 3716 οὕτω
2916 3680 2934 3713 ι
2962 3660 3277 3732 σπέρματος
3317 3656 3571 3728 Ἀϐραὰμ
3594 3656 3692 3708 s1:-

2094 3757 2341 3817 ελάϐετο,
2370 3775 2389 3810 ι
2445 3755 2538 3811 καὶ
2580 3753 2986 3827 κεκοινώνηκεν
3023 3752 3257 3825 αἵματος
3303 3748 3399 3802 καὶ
3427 3745 3628 3818 σαρκὸς
3659 3748 3690 3799 ό

2093 3847 2189 3903 τοῦ
2235 3846 2372 3902 Θεοῦ
2422 3844 2614 3917 Λόγος.
2660 3848 2724 3902 El
2775 3846 2885 3916 γὰρ
2932 3843 3221 3915 ἄνθρωπος
3247 3842 3450 3895 νοεῖται
3507 3837 3686 3908 ψιλὸς,

2106 3937 2229 3993 καθ’
2248 3939 2420 4009 ἡμᾶς,
2440 3936 2561 4001 πῶς
2579 3936 2768 4008 ἐτέρου
2792 3935 2925 4005 παρη
2942 3934 3104 3988 αὐτὸν
3134 3931 3378 4002 φυσικῶς
3394 3927 3693 3983 ἐπελάϐετο

2107 4026 2421 4098 σπέρματος
2453 4026 2737 4097 ’Λϐραάμς
2789 4024 2914 4087 Πῶς
2949 4023 3007 4077 δὲ
3054 4024 3156 4093 τῆς
3193 4022 3330 4084 ἰδίας
3365 4019 3567 4090 σαρκὸς
3596 4033 3692 4071 κε-

2105 4117 2496 4189 κοινωνηκέναι
2521 4117 2765 4186 λέγεται,
2798 4115 2887 4169 ἵνα
2922 4115 3064 4170 κατὰ
3089 4114 3269 4169 πάντα
3302 4115 3417 4175 τοῖς
3441 4109 3691 4178 ἀδελφοῖς

2103 4208 2380 4282 bitumen;
2430 4208 2504 4262 Τὸ
2552 4208 2664 4280 γάρ
2710 4223 2852 4261 τισιν
2902 4200 3226 4277 ὁμοιοῦσθαι
3274 4203 3594 4274 λεγόμενον,
3628 4200 3690 4267 ἐξ

2104 4300 2361 4373 ἀνομοίου
2395 4299 2542 4363 τινὸς
2567 4299 2661 4353 ἐπὶ
2684 4299 2745 4353 τὸ
2765 4298 2876 4351 δεῖν
2910 4297 3230 4369 ὁμοιοῦσθαι
3249 4296 3457 4367 τρέχει.

406 4402 477 4453 et-
515 4395 586 4452 ab
624 4411 683 4451 se
711 4395 952 4451 alienum
995 4397 1397 4469 apprehendit?
1437 4393 1724 4462 Quomodo
1764 4396 2003 4467 propriae
2042 4396 2219 4463 carni,
2242 4411 2353 4467 quo
2381 4411 2482 4467 per
2507 4394 2694 4450 omnia
2735 4393 3002 4449 fratribus
3030 4392 3387 4457 assimiletur,
3445 4400 3691 4446 commu-

407 4485 622 4543 nicasse
643 4487 849 4549 dicitur
871 4488 956 4545 “1'
993 4490 1131 4546 Nam
1153 4489 1301 4561 quod
1329 4488 1492 4545 alteri
1521 4487 1884 4557 assimilatur,
1920 4505 1991 4546 ex
2027 4490 2285 4546 dissimili
2309 4489 2379 4546 ad
2404 4487 2643 4545 similem
2661 4486 2895 4543 formam
2918 4486 3284 4543 transferatur
3316 4489 3555 4554 oportet.

472 4578 854 4651 Apprehendit
892 4597 1024 4653 ergo
1056 4583 1156 4638 Dei
1203 4580 1446 4639 Verbum
1498 4594 1692 4635 semen
1734 4580 1994 4649 Abrahae,

403 4686 721 4743 mrpusque
763 4688 832 4729 ex
887 4674 1123 4731 muliere
1162 4672 1268 4728 sibi
1318 4679 1669 4739 construens,
1712 4671 1898 4728 carnis
1940 4681 1997 4729 et

2186 4580 2516 4636 Ἐπελάϐετο
2539 4579 2721 4633 τοίνυν
2745 4579 3062 4650 σπέρματος
3095 4575 3365 4646 Ἀϐραὰμ,
3388 4573 3484 4628 καὶ
3513 4587 3691 4625 κεκοι-

2103 4671 2345 4744 νώνηκεν
2367 4670 2601 4743 αἵματος
2631 4670 2727 4725 καὶ
2758 4669 2963 4742 σαρκὸς
2984 4670 3012 4722 ὁ
3034 4667 3130 4722 τοῦ
3162 4665 3301 4720 Θεοῦ
3333 4665 3530 4733 Λόγος,
3561 4663 3692 4717 ἴδιον

402 4767 698 4839 sanguinis
722 4767 1000 4839 particeps
1030 4766 1209 4822 factus
1233 4770 1319 4819 est
1338 4762 1403 4830 ",
1444 4764 1522 4818 ita
1547 4771 1608 4818 ut
1622 4763 1736 4835 jam
1767 4778 1880 4818 non
1904 4778 1996 4819 so-

2104 4764 2470 4837 ποιησάμενος
2518 4762 2680 4834 σῶμα
2717 4763 2780 4817 τὸ
2821 4764 2886 4817 ὲκ
2928 4760 3208 4832 γυναικὸς,
3258 4759 3345 4813 ῖνα
3400 4757 3476 4850 μὴ
3533 4756 3689 4850 μόνον

405 4859 523 4916 ium
544 4860 692 4915 Deus
712 4859 807 4925 sit,
831 4858 930 4915 sed
958 4858 1059 4930 13
1083 4865 1313 4929 propter
1341 4856 1790 4928 coniunctionem
1830 4855 1998 4912 homo

2106 4857 2368 4930 ὑπάρχων
2388 4858 2543 4923 Θεὸς,
2567 4856 2683 4913 ἀλλ’
2710 4855 2812 4927 ἡδη
2846 4855 2941 4910 καὶ
2969 4853 3255 4925 ἄνθρωπος
3283 4848 3544 4920 γεγονὼς,
3568 4844 3690 4902 καθ’

402 4967 631 5023 quoque
660 4953 839 5007 nostri
868 4951 1067 5007 similis
1089 4949 1268 5005 factus
1297 4948 1654 5020 intelligatur.
1687 4947 1768 5004 Ex
1786 4949 2002 5006 duabus

408 5040 581 5115 igitur
602 5043 793 5110 rebus,
806 5042 1097 5099 divinitate
1111 5039 1378 5095 nimirum
1399 5048 1456 5097 et
1470 5040 1830 5109 humanitate,
1850 5052 2002 5099 certo

403 5139 630 5189 constat
692 5128 1040 5188 Emmanuel.
1101 5126 1257 5189 Unus
1303 5138 1485 5188 tamen
1535 5132 1801 5189 Dominus
1842 5134 2004 5191 Iesus

403 5220 684 5290 Christus,
723 5238 870 5279 unus
906 5236 1075 5277 verus
1115 5223 1494 5295 naturalisque
1515 5224 1709 5291 Filius,
1735 5225 1831 5296 qui
1855 5226 2003 5281 Deus

408 5312 578 5371 simul
595 5321 659 5373 et
678 5314 847 5371 homo
875 5319 982 5379 est;
1000 5328 1114 5370 non
1137 5314 1304 5372 homo
1327 5316 1634 5385 deificatus,
1647 5334 1748 5390 par
1773 5319 1883 5375 illis
1906 5319 2003 5390 qui

485 5469 533 5545 ff
556 5464 774 5545 l_an_n.
805 5485 864 5537 ιι,
887 5469 977 5525 20.
1060 5471 1104 5503 "
1138 5471 1283 5528 Psal.
1319 5490 1426 5539 cu,
1465 5476 1515 5530 l.
1592 5474 1635 5506 ³⁷
1664 5472 1829 5530 Hebr.
1867 5490 1945 5541 ιιι,
1984 5475 2004 5530 ε

2117 5473 2163 5506 ³⁸
2188 5472 2429 5545 Philipp.
2458 5489 2518 5540 ιι,
2546 5471 2667 5528 6-8.

411 5524 460 5562 ἰι
491 5524 634 5596 ibid;
665 5524 749 5594 ιι.

2097 4944 2249 5020 ἡμᾶς
2297 4949 2470 5002 νοοῖτο
2514 4947 2606 5002 διὰ
2642 4946 2742 5017 τὴν
2790 4945 3010 5000 ἕνωσιν.
3048 4939 3260 4997 Οὐκοῦν
3297 4940 3362 4993 ὲκ
3398 4939 3546 4992 δυοῖν
3592 4937 3689 5009 μὲν

2100 5041 2444 5114 πραγμάτων
2471 5039 2950 5113 ὁμολογουμένως,
2982 5033 3239 5106 θεότητός
3264 5050 3322 5087 τε
3355 5032 3451 5086 καὶ
3478 5029 3689 5101 ἀνθρω-

2101 5134 2355 5206 πότητος,
2397 5135 2428 5186 ὁ
2466 5130 2838 5204 Ἐμμανουήλ.
2894 5127 3042 5199 Πλὴν
3111 5121 3191 5188 εἷς
3237 5124 3445 5197 Κύριος
3485 5119 3691 5193 Ἰησοῦς

2100 5225 2358 5296 Χριστὸς,
2389 5220 2470 5289 εἷς
2501 5241 2564 5278 τε
2598 5222 2696 5278 καὶ
2725 5220 2946 5293 ἀληθῶς
2976 5218 3128 5283 Υἱὸς,
3150 5216 3285 5282 Θεὸς
3314 5233 3375 5271 τε
3418 5212 3556 5286 ὁμοῦ
3595 5211 3690 5267 καὶ

2102 5319 2421 5393 ἄνθρωπος’
2454 5319 2516 5373 ού
2550 5312 2931 5388 θεοποιηθείςί
2959 5316 3017 5369 ὲν
3051 5313 3154 5386 ῐσῳ
3185 5315 3298 5379 τοῖς
3331 5311 3474 5367 κατὰ
3504 5309 3685 5381 χάριν,

2787 5472 2833 5505 ³⁸
2864 5469 3033 5527 Hebr.
3066 5486 3122 5538 ιι,
3156 5469 3240 5527 16.
3346 5467 3391 5502 ⁸⁸
3422 5462 3563 5523 Ibid.
3596 5460 3684 5516 l7.

1520 5658 1695 5715 Variae
1716 5659 1978 5717 lectiones
2004 5659 2211 5717 codicis
2245 5655 2611 5734 Seguieriani.

499 5775 526 5805 υ
552 5764 642 5819 τδν
672 5767 978 5840 χριόμενον,
1060 5772 1078 5813 ί
1114 5776 1205 5829 καί
1232 5775 1330 5831 οὐκ
1357 5776 1641 5845 ἅνθρωπος
1670 5775 2033 5849 θεοποιηθείς.
