4058 6474
215 320 278 372 29
1699 329 1838 386 EPIS

1941 331 2035 388 ἘΑ
2073 335 2113 390 1.
3444 329 3516 385 30

209 432 342 499 Θεὸς
384 434 451 488 δὲ
495 435 707 507 μᾶλλον
729 437 989 508 άληθινδς
1015 441 1074 496 ὲν
1093 440 1413 514 ἀνθρωπεία
1441 446 1624 516 μορφῇ
1651 462 1827 514 πεφηο

1941 462 2032 518 per
2065 449 2296 518 gratiam
2323 447 2523 504 divinae
2562 454 2770 502 natura:
2800 446 3095 517 participes
3128 443 3521 512 efﬁciuntur",

214 531 310 590 νὼς
337 526 418 580 δι’
443 529 625 598 ἡμᾶς.
654 530 1004 586 Πιστώσεται
1026 533 1084 587 δὲ
1103 535 1262 588 τοῦτο
1285 537 1437 606 ἡμᾶς
1457 536 1552 590 καὶ
1577 539 1606 590 6
1639 535 1828 590 θεσπέ-

217 635 320 681 σιος
356 616 592 683 Παῦλος
631 619 840 689 λέγων·
879 641 898 673 ι
931 622 1066 676 Ὅτε
1094 623 1148 676 δὲ
1181 619 1312 696 mea
1343 625 1407 678 τὺ
1438 625 1714 698 πλήρωμα
1731 625 1827 680 τοῦ

217 710 431 781 χρόνου,
467 711 869 778 ἐξαπέστειλεν
901 716 931 768 6
953 714 1089 779 Θεὸς
1126 715 1219 770 τὸν
1242 717 1368 772 Υἰὸν
1393 718 1582 783 αὑτοῦ,
1607 721 1831 790 γενόμε-

214 821 292 856 νον
316 804 386 857 ἐκ
417 801 720 872 γυναικὸς,
750 806 1046 877 γενόμενον
1081 807 1185 861 ὑπὸ
1227 809 1414 880 νόμον,
1449 811 1536 864 ἵνα
1563 813 1690 875 τοὺς
1723 812 1830 865 ὑπὸ

211 893 372 962 νόμον
433 892 783 969 ἐξαγοράσῃ,
835 895 924 948 ἴνα
974 895 1074 968 τὴν
1130 898 1411 954 υἱοθεσίαν
1463 899 1830 971 ἀπολάϐωμεν

213 987 394 1056 ἡμεῖς.
418 1004 440 1037 ι
480 983 624 1039 Εἶτα
659 987 747 1051 τίς
777 989 806 1041 6
840 987 1355 1060 ἀποστελλόμενοςες
1403 992 1508 1045 ὑπὸ
1561 993 1725 1063 νόμον
1773 1011 1831 1047 τε

214 1077 304 1129 καὶ
332 1077 400 1128 ὲκ
433 1069 738 1143 γυναικὸς,
764 1077 844 1141 ὡς
867 1078 998 1150 ἔφη,
1035 1081 1421 1150 γεγενημένος,
1446 1083 1586 1155 πλὴν
1615 1085 1698 1136 ὅτι
1729 1085 1832 1138 πά-

211 1167 290 1218 λιν
320 1166 518 1230 αὐτὸς,
562 1168 596 1220 6
640 1168 791 1239 πέρα
841 1167 944 1238 μὲν
989 1168 1192 1239 νόμων,
1228 1171 1305 1234 ὡς
1341 1172 1496 1237 Θεὸς,
1549 1174 1738 1246 ἐπειδὴ
1774 1176 1831 1227 δὲ

213 1260 644 1330 κεχρημάτικεν
690 1260 986 1333 ἄνθρωπος
1028 1261 1290 1338 γεγονὼς,
1339 1267 1435 1318 καὶ
1496 1266 1604 1320 ὑπὸ
1643 1267 1829 1337 νόμον.

215 1351 298 1404 ἵνα
341 1350 496 1404 κατά
534 1352 726 1406 πάντα
762 1355 880 1416 τοῖς
928 1351 1182 1422 ἀδελφοῖς
1226 1356 1504 1427 δμοιωθῇ;
1540 1359 1650 1411 Καὶ
1701 1359 1832 1424 γοῦν

219 1442 464 1495 συντελεῖ
493 1443 605 1512 μὲν
629 1441 785 1514 ,ὁμοῦ
823 1441 904 1513 τῷ
926 1442 1119 1515 Πέτρῳ
1157 1445 1219 1497 τὸ
1246 1445 1544 1518 δίδραχμον
1575 1448 1716 1502 κατὰ
1741 1451 1831 1503 τὸν

220 1533 460 1596 Μωσέως
515 1533 711 1604 νόμον.
759 1534 884 1588 Ὅτι
924 1533 1181 1602 δέιὲστιν
1232 1535 1516 1609 ἐλεύθερος
1562 1539 1639 1602 ὡς
1681 1539 1829 1603 Υίὺς,

225 1625 310 1678 καὶ
348 1624 527 1693 νόμου
576 1625 860 1695 κρείττων
894 1625 972 1687 ὡς
1015 1624 1170 1693 Θεὸς,
1213 1630 1308 1684 καὶ
1357 1631 1408 1684 εἰ
1461 1631 1688 1700 γέγονεν
1726 1633 1834 1686 ὑπὸ

222 1716 376 1786 νόμον
411 1715 497 1778 ὼς
530 1716 855 1787 ἄνθρωπος,
901 1717 1148 1772 ἐδίδασκε
1189 1719 1392 1788 λέγων’
1447 1741 1466 1774 ι
1491 1725 1553 1777 Οί
1595 1725 1834 1795 βασιλεῖς

223 1809 315 1878 τῆς
334 1807 445 1879 γῆς
468 1809 584 1862 ἀπὸ
615 1809 786 1862 τινων
812 1809 1157 1880 λαμϐάνουσι
1200 1813 1404 1884 κῆνσον
1436 1789 1660 1889 erexi];
1698 1819 1834 1874 Ἀπὸ
1866 1789 1907 1844 Β

226 1900 329 1954 τῶν
381 1900 522 1954 υἰῶν
558 1902 777 1965 αὐτῶν,
819 1901 854 1973 ἦ
899 1904 1008 1957 ἀπὸ
1041 1904 1148 1957 τῶν
1194 1905 1756 1980 άλλοτρίων;[Ιέτρου
1779 1910 1836 1965 δὲ

233 1991 574 2061 φάσκοντος·
635 2008 658 2044 ε
691 1992 833 2046 Ἀπὸ
883 1992 995 2046 τῶν
1039 1993 1400 2066 ἀλλοτρίων,»
1456 1997 1763 2068 ἐπήνεγκεν
1808 2003 1838 2054 6

231 2084 385 2149 αὗτός
404 2102 420 2116 ·
470 2105 492 2137 ι
515 2086 666 2157 ’Δρα
691 2103 759 2154 γε
782 2085 1065 2158 ἐλεύθεροί
1087 2088 1225 2143 εἰσιν
1255 2089 1448 2142 οί-υίοί.
1485 2109 1504 2144 ι
1553 2093 1747 2156 Ὄντος
1771 2092 1837 2166 δὴ

237 2172 324 2229 οὖν
358 2177 650 2247 ὶναᾳγοῦς,
694 2177 777 2241 ὡς
829 2178 934 2232 οὐκ
970 2178 1038 2234 ἂν
1088 2178 1301 2248 λέγοιτο
1336 2181 1594 2251 Χριστὸς,
1627 2183 1733 2248 ἔξω
1776 2201 1837 2237 τε

248 2269 446 2340 σαρκὸς
492 2271 772 2341 ὑπάρχων,
836 2271 935 2324 καὶ
987 2273 1152 2325 οίονεί⁴
1194 2274 1512 2342 καταμόνας
1550 2274 1578 2326 6
1604 2275 1666 2326 ὲκ
1699 2274 1836 2328 Θεοῦ

241 2363 428 2430 Λόγος,
459 2361 777 2433 πρεπούσης
812 2361 872 2416 δὲ
904 2362 1107 2432 μᾶλλον
1135 2363 1281 2434 αὐτῷ
1317 2365 1420 2435 τῆς
1453 2366 1671 2419 τοιάσδε
1700 2366 1838 2437 κλή-

239 2467 390 2514 σεως,
451 2452 542 2504 ὅτε
585 2452 818 2520 γέγονεν
870 2451 1183 2522 ἄνθρωπος,
1230 2455 1363 2525 φέρε
1408 2455 1492 2525 δὴ,
1550 2455 1684 2526 φέρε
1736 2455 1840 2509 δει-

235 2539 478 2611 κνύωμεν
523 2539 586 2604 ἐξ
631 2539 823 2594 αὐτῶν
863 2539 1081 2604 ἑλόντες
1112 2541 1212 2606 τὰς
1258 2543 1473 2608 πίστεις
1520 2543 1629 2598 τῶν
1677 2545 1839 2616 ἱερῶν

234 2633 270 2685 Γ
271 2633 606 2704 ραμμάτων,
651 2633 738 2684 ὃτι
774 2632 875 2685 καὶ
905 2631 1042 2696 Θεὸς
1086 2634 1232 2688 κατὰ
1271 2636 1436 2705 φύσιν
1468 2637 1605 2701 ἐστὶ,
1635 2638 1731 2691 καὶ⁴
1758 2639 1839 2703 εἰς

229 2723 451 2794 ἑνότητα
485 2722 930 2794 συνηνεγμένος,
970 2723 1072 2796 τὴν
1099 2725 1236 2797 πρός
1282 2726 1346 2794 γέ
1381 2744 1525 2798 φημι
1565 2728 1662 2801 τὴν
1704 2729 1839 2784 ἰδίαν

228 2817 418 2888 σάρκα.
463 2810 544 2870 Οὗ
597 2816 667 2886 δὴ
702 2813 1012 2885 πεφηνότος
1045 2815 1306 2888 ἀληθοῦς,
1336 2818 1606 2884 Θεοτόκος
1640 2820 1706 2876 ἂν
1748 2823 1840 2876 λέ-

223 2925 370 2976 γοιτο
403 2908 546 2981 πρὸς
579 2907 774 2980 ἡμῶν,
809 2908 907 2961 καὶ
936 2907 1147 2980 σφόδρα
1179 2910 1428 2978 εἰκότως,
1461 2913 1494 2979 ἡ
1527 2913 1660 2982 ἁγία
1689 2915 1842 2986 Παρ-

224 3001 394 3066 θέντας.

1930 541 2028 597 sed
2052 543 2198 598 Deus
2221 557 2408 606 verus,
2435 541 2529 612 qui
2559 541 2755 595 salutis
2788 549 2992 594 nostrae
3017 555 3180 593 causa
3205 539 3258 592 in
3281 539 3522 593 humana

1931 631 2106 687 forma
2148 633 2421 703 apparuit,
2453 641 2617 702 prout
2658 632 2864 686 Paulus
2891 645 3112 700 quoque
3145 629 3298 683 hisce
3338 629 3524 683 verbis

1933 730 2169 778 testatur
2195 742 2208 776 :
2239 743 2257 773 ι
2295 723 2558 790 Quando,
2585 722 2701 786 ait,
2744 721 2898 775 venit
2925 720 3209 790 plenitudo
3239 719 3523 787 temporis,

1931 813 2084 868 misit
2105 814 2252 868 Deus
2275 813 2473 867 Filium
2497 827 2680 875 suum,
2708 811 2914 865 factum
2939 820 3006 864 ex
3029 808 3282 871 muliere,
3319 808 3524 861 factum

1932 905 2036 959 sub
2063 905 2203 976 lege,
2233 911 2292 958 ut
2313 919 2410 960 eos
2432 904 2527 974 qui
2550 904 2653 958 sub
2677 904 2794 972 lege
2816 909 2975 957 erant
2999 899 3316 962 redimeret,
3343 908 3402 952 ut
3425 914 3526 953 nos

1933 995 2177 1050 ﬁliorum
2211 995 2565 1065 adoptionem
2596 993 2977 1063 reciperemus
3009 991 3076 1043 *’.
3111 1010 3129 1042 ι
3164 991 3368 1059 Ecquis
3409 989 3524 1053 ille,

1932 1086 2186 1150 obsecro,
2222 1095 2326 1150 est,
2363 1085 2457 1155 qui
2493 1085 2596 1140 sub
2636 1085 2812 1154 legem
2850 1083 3052 1138 missus
3072 1091 3176 1146 est,
3209 1079 3434 1151 quiqu‘e,
3467 1090 3528 1134 ut

1934 1179 2027 1234 hic
2074 1178 2368 1242 asset-itur,
2406 1193 2475 1232 ex
2510 1177 2747 1232 muliere
2782 1175 2962 1230 factus
3006 1184 3111 1239 est,
3159 1174 3264 1228 nisi
3294 1183 3352 1228 ut
3387 1191 3530 1228 unus

1934 1271 2048 1335 ille,
2071 1269 2169 1340 qui
2195 1268 2420 1339 quidem
2451 1276 2512 1322 ut
2558 1269 2707 1321 Deus
2751 1281 2922 1335 supra
2951 1266 3126 1336 legem
3152 1273 3269 1329 est,
3310 1273 3372 1318 ut
3396 1280 3529 1318 vero

1935 1361 2124 1427 homo,
2155 1362 2260 1415 sub
2285 1361 2403 1430 lege
2438 1360 2616 1414 factus
2657 1357 3033 1426 fratribusque
3061 1371 3160 1426 per
3183 1357 3368 1410 omnia
3392 1356 3531 1409 assi-

1934 1457 2158 1510 milatus
2183 1464 2270 1511 est
2292 1455 2374 1509 “?
2423 1453 2595 1524 Igitur
2634 1453 2788 1524 juxta
2813 1451 3064 1506 Mosaicae
3105 1449 3243 1520 legis
3268 1449 3525 1519 praescri-

1933 1555 2112 1618 ptum,
2135 1563 2245 1602 una
2273 1561 2396 1600 cum
2417 1542 2585 1601 Petro
2614 1543 2938 1599 didrachma
2963 1541 3283 1612 dependit“
3311 1551 3406 1594 :ut
3434 1557 3530 1594 au-

1937 1650 2046 1696 tem
2071 1641 2214 1696 liber
2235 1649 2492 1710 tanquam
2510 1639 2701 1703 Filius,
2727 1646 2782 1692 et
2808 1637 2926 1708 lege
2951 1636 3126 1706 major
3150 1642 3212 1689 ut
3230 1635 3398 1697 Deus,
3424 1634 3529 1688 etsi

1939 1743 1998 1788 ut
2019 1733 2184 1788 homo
2214 1731 2318 1786 sub
2356 1732 2474 1802 lege
2505 1729 2818 1792 factusest,
2868 1725 3140 1799 ejusmodi
3175 1740 3368 1778 vocem
3401 1741 3529 1794 pro-

1938 1825 2039 1878 mit
2075 1841 2088 1877 :
2125 1843 2143 1875 ι
2179 1823 2357 1894 Reges
2379 1829 2541 1876 terrae
2563 1820 2818 1890 aquibus
2848 1832 3077 1873 censum
3121 1823 3219 1870 aut
3260 1815 3530 1868 tributum

1937 1915 2258 1986 accipiunt?
2295 1915 2341 1970 A
2367 1909 2498 1968 ﬁliis
2521 1913 2657 1978 suis,
2687 1927 2758 1966 an
2789 1911 2858 1966 ab
2884 1908 3123 1964 alienis?
3162 1927 3179 1960 ι
3209 1908 3375 1962 Petro
3399 1922 3532 1961 vero

1936 2007 2305 2078 respondente
2343 2024 2356 2060 :
2401 2025 2418 2056 ‹
2445 2005 2528 2060 Ab
2562 2003 2792 2067 alienis;
2827 2021 2846 2053 ι
2911 2015 3038 2054 mox
3073 1997 3240 2053 infert
3286 2013 3299 2051 :
3337 2016 3355 2048 ‹
3388 1997 3532 2066 Ergo

1936 2099 2097 2155 liberi
2122 2107 2251 2154 sunt
2277 2097 2377 2152 filii
2399 2097 2467 2150 “.
2502 2115 2520 2147 μ
2554 2093 2692 2150 Cum
2724 2093 2950 2162 planum
2983 2104 3114 2160 ergo
3147 2087 3239 2152 sit,
3263 2086 3361 2141 Dei
3399 2086 3532 2140 Ver-

1935 2191 2071 2246 bum
2107 2206 2139 2244 a
2162 2205 2327 2244 carne
2357 2189 2670 2258 seiunctum
2704 2191 2761 2239 et
2791 2181 2949 2252 quasi
3003 2196 3103 2250 per
3137 2195 3197 2234 se
3237 2175 3533 2246 separatim

1937 2283 2267 2346 subsistens,
2289 2280 2572 2335 Christum
2593 2284 2744 2331 recte
2760 2274 2869 2329 diei
2893 2287 3002 2328 non
3029 2287 3211 2342 posse,
3236 2269 3330 2325 sed
3357 2269 3410 2324 id
3431 2285 3534 2323 uo-

1937 2375 2102 2429 minis
2139 2380 2370 2428 eatenus
2413 2370 2468 2423 in
2502 2367 2641 2422 illud
2678 2364 3012 2427 convenire,
3044 2369 3322 2433 quatenus
3365 2361 3534 2414 homo

1938 2467 2143 2521 factum
2182 2472 2287 2528 est,
2318 2462 2549 2534 agedum
2585 2456 2928 2528 argumentis
2965 2471 2995 2508 a
3039 2467 3324 2508 sacrarum
3358 2451 3533 2503 Litte-

1940 2573 2129 2614 rarum
2166 2553 2545 2612 monumentis
2589 2549 2792 2612 ductis,
2839 2545 3194 2601 ostendamus
3231 2541 3534 2596 secundum

1938 2659 2196 2706 naturam
2235 2648 2408 2701 Deum
2441 2659 2586 2706 esse,
2626 2641 2794 2696 etiam
2823 2639 2867 2694 si
2901 2635 3132 2691 unitatis
3161 2631 3385 2687 vinculo
3409 2646 3539 2699 pro-

1940 2742 2074 2812 priae
2099 2739 2255 2795 carni
2298 2737 2592 2792 cohaereat.
2637 2731 2755 2785 lloc
2782 2729 2988 2785 etenim
3029 2724 3326 2796 patefacto,
3373 2722 3538 2777 simul

1943 2828 2176 2885 clarebit
2208 2836 2422 2882 sacram
2461 2821 2744 2893 Virginem
2777 2818 2988 2890 optimo
3007 2817 3131 2888 jure
3168 2813 3457 2883 Deiparam
3506 2824 3539 2865 a

1943 2921 2109 2977 nobis
2132 2916 2420 2989 appellari.

288 3094 507 3151 Οὐκοῦν
527 3095 574 3187 67
591 3094 893 3187 προφήτης
916 3094 1150 3156 Ἡσαΐας
1175 3096 1461 3165 μονονουχὶ
1485 3095 1838 3170 ὲνανθρωπή-

2014 3103 2186 3176 Igitur
2210 3100 2479 3173 propheta
2511 3096 2679 3152 Isaias
2714 3102 2928 3150 tantum
2959 3106 3068 3146 non
3107 3087 3389 3144 hominem
3426 3088 3540 3157 jam

225 3204 389 3242 σαντα
409 3187 506 3240 τὸν
527 3185 690 3251 Ἰῖἰδν,
719 3187 815 3240 καὶ
844 3188 971 3240 ὅσον
1001 3185 1155 3240 οὔπω
1175 3187 1576 3258 παρεσόμενον,
1602 3207 1841 3260 προκατ-

226 3280 464 3333 εδείκνυε
501 3278 723 3347 λέγων·
765 3295 786 3328 ι
831 3275 1139 3348 ’1σχύσατε,
1183 3278 1364 3348 χεῖρες
1407 3277 1696 3347 ἀνειμέναι
1747 3279 1842 3332 καὶ

224 3375 426 3443 γόνατα
453 3370 751 3444 παραλελυ
761 3371 934 3441 μένα·
968 3370 1401 3442 παρακαλέσατε
1435 3365 1487 3439 δ,
1513 3372 1565 3424 οἱ
1587 3371 1840 3441 όλιγόψυ-

225 3481 308 3534 χοι
340 3466 407 3535 τῇ
448 3461 676 3532 διανοίᾳ.
697 3477 710 3489 ·
745 3459 1028 3532 ἰσχύσατε,
1063 3461 1139 3532 μὴ
1169 3460 1447 3530 φοϐεῖσθε.
1497 3461 1628 3514 ’ἰδοὺ
1653 3463 1682 3514 6
1710 3462 1845 3527 Θεὸς

227 3556 381 3625 ⁴ἡμῶν
409 3554 609 3626 κρίσιν
652 3553 1080 3617 ἀνταποδίδωσι,
1110 3552 1206 3606 καὶ
1239 3552 1614 3606 άνταποδώσει
1635 3570 1648 3585 ·
1681 3554 1844 3618 αὐτὸς

226 3647 344 3717 ἡξει
383 3648 482 3700 καὶ
526 3644 708 3698 σώσει
737 3645 906 3715 ἡμᾶς.
944 3643 1082 3697 Τότε
1113 3644 1534 3715 ἀνοιχθήσονται
1571 3645 1846 3718 ὀφθαλμοὶ

229 3737 471 3807 τυφλῶν,
509 3737 618 3790 καὶ
643 3731 766 3789 ὦτα
806 3734 1011 3805 κωφῶν
1056 3734 1410 3790 ἀκούσονται.
1448 3735 1586 3790 Τότε
1634 3737 1844 3792 ἁλείται

231 3830 304 3894 ὡς
353 3830 570 3898 ἔλαφος
629 3830 659 3881 6
700 3824 909 3898 χωλὸς,
965 3828 1060 3880 καὶ
1120 3828 1296 3898 τρανὴ
1323 3827 1478 3880 ἔσται
1537 3829 1846 3900 μογιλάλων

227 3921 474 3991 γλῶσσα.
518 3941 539 3974 ι
577 3919 781 3990 ’Δθρει
803 3919 870 3989 δὴ
900 3913 994 3973 οὖν
1013 3920 1164 3980 ὅπως
1192 3919 1288 3972 καὶ
1318 3921 1524 3990 Κύριον
1559 3922 1844 3987 ἀποκαλεῖ,

234 4017 325 4069 καί
348 4015 490 4069 Θεὸν
520 4012 821 4083 ὀνομάζει,
855 4013 953 4068 ἆτε
985 4011 1165 4066 λαλῶν
1188 4015 1247 4065 ὲν
1292 4012 1572 4084 Πνεύματι
1596 4031 1610 4044 ·
1653 4015 1734 4067 ὄτι
1771 4014 1846 4088 μὴ

233 4112 525 4184 ἄνθρωπον
551 4108 755 4172 ἁπλῶς
778 4108 1042 4180 θεοφόρον
1060 4107 1336 4177 ἠπίστατο
1348 4107 1440 4161 τὸν
1471 4109 1527 4160 Ἐ
1535 4107 1844 4178 μμανουὴλ,

236 4201 352 4255 οὔτε
388 4202 508 4274 μὴν
538 4201 625 4263 ὡς
662 4202 723 4253 ὲν
748 4201 986 4271 ὀργάνου
1023 4195 1178 4264 τάξει
1208 4199 1684 4271 παρειλημμένον,
1711 4200 1850 4254 ἀλλὰ

240 4292 359 4344 Θεὸν
392 4289 634 4361 άληθῶς
661 4289 760 4342 καὶ¹
781 4283 1270 4360 ὲνηνθρωπηκότα.
1307 4287 1442 4340 Τότε
1474 4286 1583 4356 γάρ
1613 4285 1697 4356 δὴ,
1729 4286 1849 4340 τότε

242 4386 328 4438 καὶ
358 4383 747 4454 ἀνεῴχθησαν
799 4380 900 4450 μὲν
928 4377 1208 4448 ὀφθαλμοὶ
1244 4377 1486 4448 τυφλῶν,
1525 4378 1767 4447 ἥκουσαν
1791 4378 1850 4432 δὲ

1942 3198 2170 3260 factum,
2198 3207 2436 3263 moxque
2461 3189 2783 3245 adfuturum
2807 3185 3008 3240 Filium
3035 3182 3442 3244 demonstrans,
3467 3179 3542 3233 ita

1943 3289 2159 3358 inquit:
2193 3305 2211 3337 ι
2250 3280 2675 3344 Confortamini,
2717 3291 2918 3332 manus
2970 3273 3216 3328 remissa:
3261 3280 3319 3325 et
3345 3284 3542 3339 ,gcnua

1943 3382 2209 3438 dissoluta
2236 3370 2762 3436 :consolaminivos,
2787 3367 3169 3439 pusillanimes
3191 3370 3395 3426 mente,
3415 3378 3546 3418 con-

1943 3469 2246 3534 fortamini,
2279 3477 2337 3523 et
2355 3465 2524 3521 nolite
2558 3464 2775 3518 timere.
2814 3460 2958 3514 Ecce
2985 3457 3132 3510 Deus
3169 3463 3360 3509 noster
3390 3452 3542 3523 judi-

1944 3566 2091 3622 cium
2132 3561 2407 3617 retribuet
2452 3553 2840 3612 retributionis
2873 3569 2886 3605 :
2931 3551 3078 3605 Deus
3113 3548 3230 3618 ipse
3268 3547 3455 3602 veniet
3488 3554 3546 3600 et

1946 3656 2180 3714 salvabit
2226 3668 2345 3708 nos.
2399 3650 2556 3706 Tunc
2603 3647 2923 3718 aperientur
2963 3642 3111 3698 oculi
3160 3655 3456 3704 caecorum,
3489 3645 3548 3693 et

1946 3763 2111 3806 aures
2147 3746 2444 3802 surdorum
2477 3741 2766 3813 patebunt.
2801 3738 2958 3792 Tunc
2991 3735 3151 3790 saliet
3185 3733 3547 3786 sicutcervus

1947 3840 2198 3904 claudus,
2231 3848 2288 3893 et
2310 3841 2502 3907 aperta
2527 3833 2638 3888 erit
2664 3829 2770 3902 14
2799 3830 2986 3898 lingua
3016 3834 3291 3880 mutorum
3316 3824 3380 3876 ⁸⁷.
3418 3843 3434 3873 ι
3463 3823 3546 3877 En

1947 3929 2228 4001 quomodo
2257 3925 2430 3981 veluti
2485 3924 2541 3978 in
2585 3922 2795 3992 Spiritu
2836 3920 3090 3988 loquens,
3130 3913 3546 3968 Emmanuelem

1949 4030 2005 4076 et
2024 4018 2319 4074 Dominum
2344 4013 2604 4084 appellet,
2645 4018 2704 4066 et
2733 4009 2908 4064 Deum
2938 4006 3218 4068 nominet;
3242 4002 3390 4073 quod
3435 4018 3549 4056 non

1949 4110 2231 4166 hominem
2262 4105 2592 4176 simpliciter
2611 4101 2886 4158 deiferum
2916 4107 3012 4154 aut
3033 4096 3391 4152 instrumenti
3425 4094 3550 4148 loco

1949 4209 2296 4273 assumptum
2328 4200 2483 4253 illum
2505 4197 2694 4260 sciret,
2721 4193 2818 4249 sed
2837 4193 3008 4248 Deum
3030 4206 3161 4246 vere
3184 4190 3547 4243 incarnatum.

1951 4295 2107 4350 Tunc
2129 4293 2299 4357 enim,
2318 4301 2454 4347 tunc
2478 4300 2748 4342 caecorum
2770 4284 2914 4339 oeuli
2950 4280 3208 4351 patefacti
3242 4286 3394 4338 sunt,
3419 4288 3552 4332 tunc

1953 4385 2250 4442 surdorum
2295 4395 2460 4435 aures
2501 4377 2837 4439 audierunt,
2877 4382 3009 4426 tunc
3040 4369 3222 4425 claudi
3254 4382 3550 4423 cervorum

241 4479 326 4531 ut
356 4471 483 4530 ὦτα
522 4473 763 4538 κωφῶν,
792 4473 888 4526 καί
913 4470 1118 4540 ἐλάφου
1135 4470 1294 4542 δίκην
1319 4471 1348 4524 6
1386 4470 1560 4540 χωλὸς
1587 4470 1838 4542 ἀνεπήδατ

1958 4477 2134 4531 instar
2157 4471 2508 4533 exsilierunt,
2539 4474 2674 4521 tunc
2712 4460 3143 4520 balbutientium
3183 4459 3369 4529 lingua
3407 4455 3551 4512 facta

241 4571 424 4639 γέγονε
447 4569 512 4622 δὲ
540 4568 647 4621 καὶ
670 4565 847 4638 τρανὴ
874 4564 1099 4634 γλῶσσα
1124 4563 1451 4634 μογιλάλων.
1477 4561 1668 4627 Οὕτως
1691 4564 1838 4618 ei)sz

1961 4577 2046 4624 est
2097 4565 2327 4621 diserta.
2359 4558 2646 4632 Ejusmodi
2690 4555 2984 4628 praeconiis
3027 4553 3185 4608 illum
3223 4563 3286 4608 ut
3313 4565 3552 4606 exorna-

241 4663 339 4724 τοῖς
375 4661 570 4728 ἁγίοις
607 4657 1035 4723 εὐαγγελισταίς
1077 4654 1300 4708 ἐκέλευε
1333 4655 1348 4694 ί
1378 4653 1762 4726 διακηρύττειν
1795 4655 1838 4709 τί

1962 4663 2107 4721 rent,
2134 4653 2341 4710 sanctis
2369 4647 2736 4720 evangelistis-
2753 4661 2854 4716 per
2887 4643 3154 4715 Spiritum
3182 4650 3433 4698 sanctum
3467 4640 3553 4694 in-

237 4752 463 4821 Πνεῦμα
495 4748 562 4802 τὺ
584 4748 774 4817 ἅγιον,
799 4747 960 4816 λέγον
981 4761 994 4775 ·
1030 4765 1048 4798 ι
1071 4747 1190 4800 Ἐπ’
1213 4746 1340 4816 ὅρος
1362 4745 1568 4817 ὑψηλὸν
1597 4746 1838 4818 ἀνάϐηθι

1957 4747 2214 4818 junctum
2244 4751 2351 4798 est.
2377 4738 2470 4796 Ait
2489 4739 2638 4794 enim
2676 4755 2689 4792 :
2731 4756 2749 4788 ι
2780 4736 2959 4805 Supra
2996 4741 3239 4789 montem
3273 4732 3558 4788 excelsum

241 4845 270 4898 δ
310 4841 830 4912 εὐαγγελιζόμενος
861 4839 960 4909 τὴν
995 4838 1158 4903 Σιὼν,
1197 4837 1413 4908 ὕψωσον
1445 4839 1504 4891 ἐν
1541 4839 1716 4911 ἰσχύει
1756 4839 1838 4911 sip

1961 4837 2218 4900 ascende,
2248 4844 2308 4891 tu
2331 4833 2428 4904 qui
2459 4830 2806 4901 evangelizas
2831 4827 2964 4883 Sion
2989 4845 3002 4880 :
3038 4825 3217 4881 exalta
3250 4824 3304 4878 in
3339 4823 3560 4878 fortitua-

245 4938 421 5003 φωνήν
452 4952 582 4998 σου,
637 4933 671 4985 6
724 4931 1220 5001 εὐαγγελιζόμενος
1286 4931 1387 5002 τὴν
1451 4931 1815 5004 Ἰερουσαλήμ

1963 4929 2094 4985 dine
2119 4942 2314 4983 vocem
2345 4932 2518 4990 tuam,
2537 4922 2633 4992 qui
2661 4919 3009 4991 evangelizus
3033 4914 3338 4973 Jerusalem
3371 4933 3383 4968 :
3411 4915 3560 4969 exul-

253 5025 527 5118 ςψὼσατε,
575 5025 660 5097 μὴ
689 5022 972 5094 φοϐεῖσθε.
1018 5019 1186 5078 Εῐπον
1234 5026 1354 5087 ταῖς
1387 5023 1612 5078 πόλεσιν
1649 5019 1818 5078 Ἰούδα

1966 5032 2114 5087 tate,
2164 5020 2339 5076 nolite
2397 5018 2616 5073 timere.
2674 5015 2774 5070 Dic
2813 5012 3133 5068 civitatibus
3172 5010 3327 5066 Iuda:
3363 5025 3376 5061 :
3417 5007 3560 5062 Ecce

259 5113 381 5173 ’ἰδοὺ
415 5121 447 5172 6
484 5118 632 5181 Θεὸς
661 5116 844 5188 ὑμῶν,
873 5116 984 5170 ἰδοὺ
1009 5114 1216 5186 Κύριος
1241 5117 1382 5187 μετὰ
1405 5115 1590 5187 ἰσχύος
1618 5116 1835 5188 ἔρχεται

1967 5106 2112 5169 Deus
2144 5119 2346 5175 vester,
2386 5123 2518 5164 ecce
2544 5106 2809 5163 Dominus
2840 5105 2988 5159 Deus
3022 5103 3078 5156 in
3111 5097 3433 5154 fortitudine
3462 5109 3567 5148 ve-

245 5211 387 5264 καὶὸ
426 5205 692 5280 βραχίων
740 5205 914 5261 αὐτοῦ
963 5205 1105 5276 μετὰ
1146 5206 1405 5276 κυρείας·
1451 5206 1561 5262 ἰδοὺ
1593 5207 1623 5259 6
1671 5207 1838 5276 μισθὸ‹

1968 5203 2071 5268 nit,
2097 5209 2156 5260 et
2184 5199 2474 5257 brachium
2498 5200 2618 5271 ejus
2651 5211 2778 5254 cum
2811 5193 3191 5252 deminatione
3222 5201 3386 5243 :ecce
3409 5194 3566 5239 mer-

249 5301 409 5355 αΰτοῦ
440 5302 570 5372 μετ’
612 5297 814 5363 αὐτοῦ,
851 5297 951 5352 καὶ
981 5296 1043 5350 τὸ
1084 5296 1245 5368 ἔργον
1273 5296 1506 5352 ἐνώπιον
1539 5297 1727 5351 αὐτοῦ.
1773 5297 1838 5350 Ὠς

1969 5313 2062 5354 ees
2108 5298 2230 5369 ejus
2267 5311 2394 5352 cum
2437 5309 2526 5360 eo,
2563 5302 2784 5364 etopus
2814 5289 2964 5344 illius
3011 5299 3198 5342 coram
3243 5283 3356 5338 illo.
3405 5279 3565 5336 Sicut

311 5460 358 5490 "
391 5459 436 5514 ΙΙ
463 5460 620 5514 Petr.
649 5474 687 5523 ι,
712 5459 767 5512 4.
833 5454 879 5488 ⁸³
911 5455 1092 5513 Galat.
1123 5469 1197 5521 Iv,
1222 5453 1277 5512 4.
1313 5455 1366 5511 5.

1476 5454 1523 5487 ⁸⁵
1552 5454 1722 5510 Hebr.
1749 5470 1808 5522 ιι,
1839 5453 1923 5510 17.

249 5525 361 5584 3-6.

2034 5455 2079 5488 ⁸⁵
2115 5449 2308 5510 Matth.
2337 5471 2465 5519 xvn,
2491 5452 2580 5507 25.
2657 5451 2700 5484 ⁸⁸
2729 5447 2866 5504 Ibid.
2896 5447 2986 5512 95,
3013 5444 3103 5500 ‘25.
3181 5443 3222 5477 ⁸⁷
3261 5442 3364 5499 lsa.
3398 5455 3561 5507 xxxv,

555 5702 558 5704 γ
1393 5640 1567 5696 Varia:
1598 5641 1863 5696 lectiones
1896 5641 2101 5697 codicis
2133 5639 2494 5711 chuicriani.

318 5735 343 5773 ⁸
369 5734 812 5804 ἀπεσταλμένος.
895 5733 921 5773 ιι
952 5730 1381 5801 παρακαλεῖσθε.
1469 5734 1481 5772 i
1511 5732 1786 5786 ἐκέλευσε.
