4058 6452
466 284 537 340 ὃί
1507 288 1562 345 S.
1607 291 1880 348 CYRILLI
1924 294 2396 355 ALEXANDRINI
2438 302 2763 358 ARClllEl‘.
3683 302 3757 356 32

477 407 667 469 pastor
696 414 912 470 gregem
935 414 1094 453 suum
1120 409 1325 470 pascet,
1355 410 1410 456 et
1446 403 1501 457 in
1524 405 1753 463 brachio
1783 424 1884 462 suo
1907 408 2059 463 colli-

2171 415 2375 486 ποιμὴν
2408 420 2668 489 ποιμανεῖ
2694 417 2755 470 τὸ
2787 419 3036 487 ποίμνιον
3068 416 3257 480 αὐτοῦ,
3298 418 3391 472 καὶ
3422 419 3479 471 ἐν
3509 416 3585 487 τῷ
3617 415 3751 488 βρα-

474 502 568 563 get
594 511 785 565 agnos,
815 504 871 549 ct
890 494 946 548 in
975 495 1098 549 sinu
1127 511 1227 550 suo
1271 496 1508 564 levabit;
1551 498 1693 553 fetas
1734 499 1849 568 ipse
1880 509 2062 569 porta-

476 583 559 637 bit
581 582 643 637 ‘3.
681 603 698 633 ι
732 584 1003 653 Apparuit
1026 587 1175 640 enim
1210 587 1371 641 nobis
1394 588 1660 642 Dominus
1689 600 1878 643 noster
1905 590 2064 646 Jcsus

472 675 728 729 Christus
774 676 962 731 divina
1003 676 1348 744 fortitudine,
1379 680 1885 751 dominationisque
1934 682 2061 736 bra-

472 768 619 831 chio,
651 768 758 821 hoc
779 777 885 831 est.
931 778 1199 840 potestate
1244 780 1302 828 ct
1357 773 1686 828 auctoritate
1734 774 2058 831 instructus.

473 860 618 915 Hinc
651 861 934 931 leprosum
987 864 1064 918 ita
1098 865 1300 919 affatur
1332 882 1347 920 :
1394 884 1411 916 ι
1442 865 1597 931 Volo,
1645 866 1994 922 mundare“.
2037 889 2055 920 ι

472 951 615 1007 llinc
659 968 880 1008 rursum
910 954 1156 1009 loculum
1190 956 1393 1027 tetigit,
1431 964 1489 1013 et
1515 955 1852 1012 exstinctum
1884 957 2064 1014 vidua:

472 1037 644 1092 ﬁlium
676 1039 733 1093 in
767 1040 934 1096 vitam
964 1044 1243 1099 revocavit
1263 1044 1331 1099 ⁸ο.

542 1127 685 1193 Quin
722 1139 777 1183 et
808 1146 981 1201 agnos
1002 1148 1224 1204 quoque
1256 1134 1536 1205 dispersos
1558 1136 1616 1191 in
1643 1152 1817 1192 unum
1837 1136 2017 1209 coegit
2045 1156 2059 1190 :

470 1226 557 1273 est
588 1220 739 1275 enim
780 1223 975 1278 Pastor
1004 1224 1096 1279 ille
1128 1224 1308 1281 bonus
1329 1267 1345 1291 ,
1377 1227 1473 1297 qui
1501 1228 1742 1283 animam
1768 1244 1925 1284 suam
1963 1243 2064 1299 pro

471 1313 670 1368 ovibus
696 1316 813 1370 suis
862 1317 1067 1385 posuit.
1101 1318 1258 1374 Unde
1291 1326 1349 1374 et
1376 1319 1454 1373 ait
1486 1338 1498 1373 :
1542 1338 1560 1371 ι
1593 1319 1747 1376 Sicut
1780 1320 1934 1375 novit
1976 1336 2064 1376 me

471 1401 655 1468 Pater,
688 1412 745 1458 et
773 1419 875 1474 ego
899 1419 1174 1475 cognosco
1215 1407 1471 1471 Patrem;
1505 1417 1563 1461 et
1601 1407 1840 1462 animam
1884 1424 2064 1463 meam

469 1506 616 1561 pono
642 1509 744 1563 pro
766 1494 963 1550 ovibus
993 1496 1223 1551 meis“.
1271 1498 1340 1551 Et
1362 1498 1497 1553 alias
1530 1514 1662 1554 oves
1705 1500 1902 1567 habeo,
1943 1518 2065 1571 qua:

469 1598 582 1638 non
615 1594 746 1640 sunt
771 1601 838 1640 ex
869 1586 975 1642 hoc
996 1587 1161 1650 ovili;
1189 1595 1245 1643 et
1262 1588 1385 1644 illas
1410 1599 1630 1660 oportet
1660 1607 1746 1646 me
1763 1592 2061 1660 adducere,

468 1682 526 1727 et
558 1689 749 1731 vocem
802 1692 981 1733 meam
1032 1678 1259 1736 audient
1294 1698 1304 1732 :
1348 1688 1405 1735 et
1470 1680 1564 1735 ﬁet
1598 1698 1768 1737 unum
1798 1684 1961 1751 ovile,
2007 1694 2065 1740 et

2164 508 2304 577 χίονι
2334 509 2500 562 αὑτοῦ
2535 510 2754 577 συνάξει
2795 511 2983 582 ἄρνας.
3036 530 3053 563 ι
3110 509 3385 580 Ἐπέφανε
3418 508 3432 560 i
3474 511 3583 582 γὰρ
3621 512 3752 581 ἡμῖν

2163 600 2192 651 6
2233 599 2440 669 Κύριος
2484 599 2644 671 ἡμῶν
2710 602 2921 671 Ἰησοῦς
2959 602 3215 673 Χριστὸς,
3275 602 3428 672 ἰσχὺν
3469 600 3609 672 ἔχων
3653 604 3753 674 τὴν

2165 690 2469 763 θεοπρεπῆ,
2504 693 2599 745 καὶ
2645 694 2780 763 μετά
2824 694 3050 764 κυρείας
3081 694 3361 765 βραχίονα,
3390 694 3669 747 τουτέστιν
3694 694 3753 747 ὲν

2166 784 2388 856 ἐξουσίᾳ
2418 801 2478 836 τε
2510 786 2605 839 καὶ
2635 785 2941 857 κυριότητι.
2989 786 3280 858 Τοιγάρτοι
3311 788 3404 840 καὶ
3444 786 3652 857 ἔφασκε
3676 784 3754 858 τῷ

2168 877 2268 946 μὲν
2295 877 2483 948 λεπρῷ
2507 895 2522 910 ·
2548 896 2567 930 ι
2599 877 2775 943 Θέλω,
2809 877 3197 949 καθαρίσθητι.
3242 897 3261 930 ι
3295 880 3537 932 ’Ήπτετο
3563 878 3621 932 δὲ
3651 880 3753 946 τῆς

2167 968 2352 1040 σοροῦ,
2380 971 2474 1024 καὶ
2498 970 2692 1042 ἀνίστη
2717 969 2994 1024 τεθνεῶτα
3023 969 3115 1023 τὸν
3139 971 3241 1041 τῆς
3269 972 3446 1043 χήρας
3475 971 3608 1025 υίόν.

2235 1130 2518 1200 Συνήγαγε
2543 1129 2600 1184 δὲ
2630 1132 2723 1184 καὶ
2748 1131 2917 1201 ἄρνας
2933 1149 2945 1160 ·
2983 1130 3194 1202 Ποιμὴν
3213 1131 3325 1203 γάρ
3355 1134 3502 1185 ἐστιν
3526 1131 3749 1201 ἀγαθὸς,

2163 1216 2263 1288 τὴν
2288 1216 2469 1289 ψυχὴν
2490 1219 2658 1273 αὑτοῦ
2678 1219 2791 1283 θεὶς
2820 1221 2963 1291 ὑπὲρ
2990 1220 3099 1275 τῶν
3122 1222 3431 1294 προϐάτων.
3458 1222 3753 1293 Τοιγάρτοι

2166 1309 2260 1363 καὶ
2290 1309 2497 1379 ἔφασκε
2519 1326 2533 1339 '
2570 1329 2589 1362 ι
2642 1310 2841 1377 Καθὼς
2881 1312 3144 1381 γινώσκει
3176 1330 3242 1383 με
3290 1315 3319 1366 6
3347 1312 3558 1384 Πατὴρ,
3594 1312 3752 1382 κάγὼ

2165 1404 2421 1471 γινώσκω
2458 1404 2555 1483 τὸν
2590 1404 2832 1476 Πατέρα,
2879 1406 2977 1460 καὶ
3027 1406 3128 1477 τὴν
3171 1406 3353 1477 ψυχήν
3410 1423 3511 1475 μου
3558 1405 3752 1474 τίθημι

2167 1497 2309 1567 ὑπὲρ
2336 1496 2446 1550 τῶν
2469 1497 2781 1568 προϐάτων.
2815 1499 2928 1552 Καὶ
2965 1497 3101 1552 ἄλλα
3137 1498 3390 1570 πρόϐατα
3423 1498 3554 1568 έχω,
3589 1498 3624 1552 ἃ
3651 1498 3753 1551 οὐκ

2166 1585 2315 1641 ἐστιν
2350 1589 2416 1640 ὲκ
2444 1587 2544 1658 τῆς
2567 1586 2737 1656 αὐλῆς
2765 1586 2970 1659 ταύτης
2990 1604 3002 1618 °
3029 1587 3260 1641 κάκεῖνά
3290 1604 3360 1659 με
3391 1588 3475 1640 δεῖ
3496 1588 3747 1656 ἀγαγεῖν,

2167 1676 2263 1732 καὶ
2292 1677 2397 1747 τῆς
2449 1678 2638 1748 φωνῆς
2674 1695 2779 1748 μου
2812 1678 3145 1733 ἀκούσουσι·
3193 1679 3288 1734 καὶ
3331 1679 3620 1749 γενήσεται
3652 1678 3752 1749 μία

470 1779 616 1820 unus
636 1774 826 1836 pastor
847 1768 913 1822 η.
942 1789 962 1821 ι
1002 1769 1159 1825 Adde
1186 1770 1273 1826 his
1298 1786 1556 1843 magnum
1579 1773 1731 1829 illum
1762 1774 2059 1845 Baptistam

2167 1768 2395 1840 ποίμνη,
2424 1767 2507 1834 εἷς
2546 1771 2774 1842 ποιμήν.
2814 1790 2831 1822 ι
2885 1770 3212 1843 Ἀρχόμενος
3237 1770 3295 1825 δὲ
3328 1770 3439 1825 τῶν
3477 1771 3563 1823 ἐπ’
3602 1769 3752 1841 αὐτῷ

466 1853 756 1924 Joannem,
785 1874 910 1915 cum
930 1860 999 1916 de
1034 1859 1253 1918 Christo
1276 1865 1640 1921 concionandi
1666 1868 1953 1924 exordium
1985 1869 2063 1925 fa-

467 1958 642 2015 ceret,
677 1968 789 2007 non
837 1953 1145 2011 divinitatis
1175 1971 1442 2027 organum
1481 1968 1576 2013 aut
1606 1960 1890 2016 hominem
1932 1961 2063 2017 sim-

467 2041 687 2110 pliciter
717 2044 1014 2114 deiferum,
1042 2058 1104 2104 ut
1132 2050 1415 2105 nonnullis
1433 2052 1643 2121 garrire
1671 2052 1847 2119 lubet,
1880 2053 2062 2125 ipsum

467 2136 793 2206 appellasse,
822 2139 959 2195 iisve
993 2141 1088 2211 qui
1118 2158 1218 2212 per
1238 2142 1553 2198 universam
1582 2144 1825 2199 Iudaeam
1855 2146 2063 2215 passim

466 2226 812 2296 habitabant,
845 2233 1222 2298 annuntiassc,
1254 2234 1351 2289 sed
1393 2236 1566 2290 Deum
1606 2235 1973 2303 incarnatum,
2005 2238 2062 2294 id

466 2327 573 2384 est,
594 2321 877 2377 hominem
897 2324 1136 2388 factum;
1165 2326 1369 2381 clamat
1397 2343 1633 2398 namque
1657 2347 1669 2383 :
1704 2350 1723 2381 ι
1751 2330 2062 2400 Praeparate

464 2411 613 2465 viam
641 2413 879 2479 Domini,
903 2423 1086 2470 rectas
1116 2415 1282 2486 facite
1303 2417 1531 2474 semitas
1562 2421 1684 2490 ejus
1705 2421 1770 2474 ⁵³.
1798 2440 1818 2473 ›
1852 2422 1921 2477 Ει
1951 2438 2052 2479 cu-

459 2504 573 2573 jus,
611 2520 818 2574 quaaso,
854 2507 974 2563 vias
997 2524 1308 2579 praeparare
1337 2512 1547 2582 jussit?
1582 2513 1667 2568 An
1694 2529 1804 2569 non
1828 2515 2059 2583 Christi,

465 2598 572 2653 hoc
595 2608 700 2665 est,
725 2601 891 2656 Verbi
924 2603 980 2657 in
1007 2603 1250 2658 humana
1277 2603 1453 2661 forma
1479 2607 1853 2663 manifestati?
1882 2608 2063 2676 Quid?

464 2704 535 2745 an
561 2706 671 2745 non
699 2692 785 2746 vel
813 2693 979 2747 unius
1020 2694 1174 2748 Pauli
1207 2695 1587 2754 testimonium
1614 2699 1683 2753 ad
1727 2699 1894 2755 ﬁdem
1930 2701 2062 2757 huic

465 2782 547 2837 rei
574 2781 884 2838 faciendam
911 2795 994 2840 sat
1034 2789 1157 2840 esse
1188 2789 1449 2857 poterat?
1479 2789 1687 2845 Scribit
1715 2791 1763 2847 is
1782 2800 1970 2848 autem
2002 2794 2061 2848 in

463 2872 615 2927 hunc
641 2875 865 2929 modum
894 2893 906 2930 :
941 2896 959 2927 ι
990 2876 1131 2944 Quid
1173 2879 1343 2950 igitur
1382 2880 1675 2937 dicemus?
1700 2881 1757 2938 Si
1786 2882 1933 2939 Deus
1957 2900 2059 2955 pro

462 2963 645 3027 nobis,
678 2965 806 3034 quis
835 2976 1027 3022 contra
1048 2970 1187 3024 nos?
1215 2970 1318 3037 Qui
1349 2973 1517 3027 etiam
1537 2973 1765 3044 proprio
1793 2976 1932 3030 Filio
1947 2992 2058 3031 non

460 3057 730 3124 pepercit,
756 3059 853 3114 sed
876 3074 978 3129 pro
1005 3059 1105 3130 15
1142 3062 1304 3118 nobis
1332 3064 1595 3120 omnibus
1624 3064 1850 3120 tradidit
1878 3066 2053 3132 illum,

2164 1861 2540 1933 κηρυγμάτων
2570 1863 2665 1916 καὶ
2707 1864 2737 1917 6
2776 1860 3067 1926 Θεσπέσιος
3101 1864 3412 1933 Βαπτιστὴς
3473 1862 3747 1934 Ἰωάννης,

2163 1951 2288 2006 οὔτε
2335 1952 2591 2025 θεότητος
2618 1954 2872 2027 ὄργανον,
2907 1954 3032 2007 οὔτε
3081 1954 3189 2027 μὴν
3232 1955 3522 2026 ἄνθρωπον
3562 1952 3750 2017 ἁπλῶς

2164 2045 2530 2117 θεοφοροῦντα
2552 2046 2697 2101 κατά
2713 2064 2890 2111 τινας,
2909 2046 3040 2100 Θεὸν
3059 2046 3117 2100 δὲ
3142 2047 3343 2117 μᾶλλον
3366 2046 3506 2117 μετὰ
3522 2044 3746 2117 σαρκὸς,

2163 2138 2333 2208 ἤγουν
2360 2139 2848 2211 ὲνηνθρωπηκότα,
2871 2142 2987 2203 τοῖς
3018 2138 3124 2194 ἀνά
3150 2142 3330 2194 πᾶσαν
3355 2139 3454 2210 τὴν
3486 2137 3750 2193 Ἰουδαίαν

2164 2229 2554 2299 εὐηγγελίζετο
2574 2231 2751 2299 λέγων
2770 2246 2785 2262 ·
2818 2249 2837 2282 ι
2872 2229 3233 2302 Ἑτοιμάσατε
3255 2230 3356 2302 τὴν
3382 2230 3498 2285 ὁδὸν
3516 2229 3746 2302 Κυρίου,

2163 2322 2382 2386 εὐθείας
2405 2326 2615 2377 ποιεῖτε
2637 2324 2739 2387 τὰς
2766 2323 2988 2395 τρίϐους
3008 2322 3199 2378 αὐτοῦ.
3227 2342 3246 2374 ι
3282 2323 3442 2388 Τίνος
3466 2320 3560 2377 οὖν
3579 2339 3751 2395 προσ-

2162 2413 2393 2484 τέταχεν
2422 2414 2813 2486 ἑτοιμάζεσθαι
2854 2413 2955 2477 τάς
2992 2413 3167 2478 ὀδοὺς,
3192 2414 3333 2485 πλὴν
3365 2416 3449 2468 ὅτι
3483 2414 3747 2487 Χριστοῦ,

2162 2504 2445 2557 τουτέστιν
2479 2505 2539 2557 ὲν
2557 2502 2849 2575 ἀνθρώπου
2879 2503 3061 2573 μορφῇ
3089 2504 3392 2575 πεφηνότος
3415 2504 3509 2558 τοῦ
3540 2504 3748 2574 Λόγους

2176 2594 2416 2665 Ἀπόχρη
2472 2593 2553 2659 δὲ,
2593 2588 2785 2665 οἶμαι,
2838 2593 2976 2664 πρὸς
3024 2593 3208 2647 πίστιν
3258 2594 3351 2648 καὶ
3381 2596 3410 2648 6
3460 2594 3753 2659 θεσπέσιος

2163 2687 2379 2752 Παῦλος
2407 2686 2800 2760 ἐπιμαρτυρῶν
2838 2702 2899 2738 τε
2931 2684 3028 2739 καὶ
3055 2684 3265 2753 λέγων·
3306 2703 3326 2737 ι
3363 2686 3429 2739 Τί
3468 2681 3562 2739 οὖν
3589 2683 3756 2756 ἐροῦ-

2167 2799 2302 2853 μεν;
2336 2784 2399 2835 Εἰ
2434 2785 2463 2835 6
2486 2782 2620 2842 Θεὸς
2665 2780 2806 2850 ὑπὲρ
2836 2777 3014 2849 ἡμῶν,
3060 2776 3144 2841 τίς
3177 2778 3300 2832 καθ’
3330 2778 3522 2850 ἡμῶνς
3552 2779 3647 2841 ’ος
3681 2793 3754 2846 γε

2161 2874 2257 2928 τοῦ
2293 2873 2427 2927 ἰδίου
2454 2870 2588 2925 Υίοῦ
2609 2870 2711 2923 οὐκ
2736 2869 3013 2938 ἐφείσατο,
3043 2869 3157 2922 ἀλλ’
3179 2869 3321 2940 ὑπὲρ
3341 2872 3375 2940 ἠ
3384 2869 3503 2940 μῶν
3525 2868 3756 2922 πάντων

2163 2965 2480 3037 παρέδωκεν
2504 2962 2685 3026 αὑτὸν,
2724 2960 2839 3024 πῶς
2873 2960 2995 3032 οὐχὶ
3029 2959 3124 3015 καὶ⁴
3154 2962 3251 3015 σὺν
3287 2961 3440 3030 αὐτῷ
3476 2961 3543 3012 τὰ
3568 2960 3756 3013 πάντα

2162 3059 2295 3130 ἡμῖν
2318 3056 2635 3127 χαρίσεται;
2668 3071 2687 3104 ι
2722 3049 2876 3120 Εἶτα,
2896 3054 3017 3108 εἰπέ
3044 3071 3155 3123 μοι,
3178 3054 3297 3118 πῶς
3322 3053 3388 3108 ἂν
3413 3055 3585 3108 νοοῖτο
3605 3050 3753 3106 Θεοῦ

462 3148 740 3215 quomodo
792 3165 903 3205 non
938 3152 1104 3208 etiam
1149 3168 1277 3211 cum
1326 3155 1422 3211 illo
1462 3157 1649 3211 omnia
1702 3158 1864 3215 nobis
1886 3159 2058 3216 dona-

2164 3150 2294 3213 ἴδιος
2330 3147 2458 3210 Υἱὸς
2498 3147 2528 3198 6
2578 3148 2643 3198 ἐκ
2681 3144 2786 3215 τῆς
2820 3145 2982 3215 ἁγίας
3017 3145 3331 3218 Παρθένου;
3366 3146 3577 3217 ’Ὠσπερ
3629 3142 3749 3216 γὰρ

464 3237 656 3296 bit“?
682 3260 699 3293 ›
742 3242 844 3298 Ηίε
880 3253 932 3299 ιε
961 3260 1111 3300 nunc
1140 3246 1441 3319 interrogo,
1470 3250 1752 3319 quomodo
1784 3250 1833 3307 is
1862 3251 1959 3322 qui
1991 3267 2060 3307 ex

465 3346 626 3389 sacra
645 3334 878 3407 Virgine
898 3348 1057 3393 ortus
1076 3347 1181 3403 est,
1215 3340 1475 3411 proprius
1495 3341 1592 3397 Dei
1620 3342 1794 3399 Filius
1814 3345 2058 3414 appelle-

467 3424 599 3479 tur?
620 3424 764 3481 Sane
788 3435 851 3481 ιιι
881 3427 1127 3484 hominis
1144 3430 1528 3502 cujuscunque
1568 3432 1797 3490 alterius
1817 3434 2061 3489 animan-

463 3514 535 3570 tis
554 3518 839 3586 pr0prium
878 3519 932 3573 id
962 3535 1084 3575 esse
1116 3529 1266 3577 recte
1295 3522 1519 3589 dicitur,
1558 3524 1706 3595 quod
1733 3525 2060 3580 naturaliter

461 3621 532 3661 ex
556 3608 653 3661 illo
669 3610 948 3677 nascitur;
980 3612 1056 3667 ita
1089 3614 1290 3668 merito
1313 3630 1532 3687 quoque
1561 3616 1616 3671 id
1647 3618 1933 3693 proprium
1959 3617 2058 3672 Dei

462 3709 727 3754 censetur
771 3709 829 3756 et
856 3703 1188 3772 appellatur,
1236 3706 1385 3776 quod
1433 3724 1499 3762 ex
1549 3708 1699 3763 illius
1747 3707 2057 3763 substantia

460 3789 827 3859 progiguitur.
861 3790 979 3858 Qua
1026 3795 1193 3865 igitur
1232 3797 1446 3853 ratione
1486 3798 1744 3854 Christus
1791 3800 2054 3868 proprius

460 3880 560 3936 Dei
596 3882 767 3938 Filius
797 3885 1137 3953 nominatur,
1163 3889 1256 3959 qui
1281 3898 1339 3945 et
1368 3906 1400 3945 a
1420 3890 1534 3945 Deo
1564 3905 1784 3959 quoque
1818 3899 1876 3944 et
1897 3891 2059 3946 Patre

459 3974 711 4028 omnium
750 3976 946 4032 salutis
974 3986 1031 4033 et
1055 3979 1184 4036 vita;
1218 3996 1385 4036 causa
1430 3981 1653 4045 oblatus
1685 3980 2060 4049 praedicatur?

467 4082 487 4116 ι
518 4063 778 4121 Traditus
826 4076 913 4123 est
952 4069 1099 4123 enim
1142 4079 1370 4141 propter
1410 4070 1612 4125 delicta
1652 4069 1903 4124 nostra”
1937 4087 1951 4123 :
2001 4079 2059 4126 et

460 4160 599 4227 ipse,
628 4158 932 4213 secundum
958 4161 1243 4232 prophetae
1270 4175 1483 4225 vocem,
1518 4159 1818 4214 multorum
1847 4159 2055 4231 iniqui-

368 4264 373 4269 '
461 4256 602 4304 tates
624 4248 683 4304 in
706 4265 938 4321 corpore
964 4268 1067 4308 suo
1091 4251 1322 4324 pertulit
1350 4265 1517 4319 super
1539 4249 1749 4320 lignum
1774 4252 1840 4305 ⁵⁸.
1875 4271 1894 4303 ι
1929 4253 2056 4309 Pla-

456 4355 597 4395 num
640 4348 727 4397 est
755 4344 904 4411 quod
931 4344 1001 4399 ad
1041 4353 1366 4400 naturarum
1410 4341 1671 4397 unionem
1706 4343 2011 4415 respiciens
2035 4387 2052 4412 ,

456 4429 877 4488 Emmanuelem
903 4434 997 4504 qui
1036 4449 1105 4489 ex
1123 4445 1281 4487 sacra
1306 4428 1530 4501 Virgine
1559 4441 1786 4489 exortus
1811 4442 1916 4501 est,
1948 4435 2047 4493 Dei

2163 3242 2292 3295 ἴδιον
2319 3236 2631 3309 ἀνθρώπου,
2663 3239 2890 3310 καὶμὴν
2921 3239 3153 3294 ἑκάστου
3185 3240 3292 3293 τῶν
3327 3239 3531 3311 ἐτέρων
3562 3236 3749 3304 ζώων,

2158 3335 2220 3390 τὸ
2247 3333 2306 3401 ἐξ
2337 3331 2503 3387 αὑτοῦ
2546 3332 2689 3387 κατὰ
2732 3333 2897 3403 φύσιν
2933 3334 3330 3406 γεγεννημένον
3355 3351 3367 3365 ο
3398 3331 3571 3393 οὕτως
3612 3329 3757 3387 ἴδιον

2158 3425 2318 3490 Θεοῦ,
2347 3425 2413 3478 ὲκ
2436 3424 2538 3495 τῆς
2565 3425 2756 3491 οὐσίας
2770 3425 2935 3480 αὐτοῦ
2956 3428 3113 3481 νοοῖτ*
3142 3426 3208 3480 ἂν
3235 3421 3377 3480 εἶναι
3393 3425 3488 3478 καὶ
3508 3423 3751 3491 λέγοιτο.

2160 3520 2285 3584 Πῶς
2326 3516 2421 3573 οὖν
2468 3518 2597 3583 ἴδιος
2633 3517 2771 3573 Θεοῦ
2811 3519 2939 3583 Υἱὸς
2978 3518 3295 3590 ὠνόμασται
3324 3520 3352 3572 6
3388 3514 3645 3587 Χριστὸς,
3681 3514 3755 3578 ὃς

2159 3612 2256 3666 καὶ
2308 3612 2515 3665 δέδοται
2565 3612 2718 3684 παρὰ
2750 3611 2888 3665 Θεοῦ
2934 3613 3030 3666 κα)⁵
3077 3611 3291 3684 Πατρὸς
3330 3611 3433 3681 τῆς
3481 3609 3753 3663 ἁπάντων

2157 3705 2325 3759 ἕνεκα
2367 3706 2643 3778 σωτηρίας
2677 3708 2773 3762 καὶ
2813 3706 2998 3777 ζωῆς;
3033 3725 3051 3757 ι
3102 3702 3384 3776 Παρεδόθη
3422 3701 3531 3772 γὰρ
3561 3700 3650 3754 διὰ
3671 3699 3753 3755 τὰ

2158 3797 2585 3869 παραπτώματα
2633 3796 2822 3870 ἡμῶν,
2872 3799 2968 3852 καὶ
3030 3797 3195 3860 αὐτὸς
3243 3795 3474 3865 ἀνομίας
3524 3792 3749 3847 πολλῶν

2159 3888 2461 3959 ἀνήνεγκεν
2494 3891 2552 3942 ὲν
2585 3888 2663 3960 τῷ
2692 3886 2907 3959 σώματι
2933 3886 3099 3942 αὐτοῦ
3125 3885 3218 3940 ἐπὶ
3239 3886 3300 3938 τὸ
3329 3882 3508 3950 ξύλον,
3548 3899 3568 3932 ι
3596 3879 3749 3936 κατὰ

2157 3978 2256 4050 τὴν
2289 3979 2385 4033 τοῦ
2430 3981 2715 4051 προφήτου
2751 3980 2959 4050 φωνήν.
2996 3978 3269 4050 Πρόδηλον
3296 3972 3407 4038 οὖν,
3433 3973 3604 4028 ὅτιτὸ
3638 3975 3749 4044 τῆς

2157 4070 2405 4135 ἑνώσεως
2437 4070 2631 4142 χρῆμα
2677 4070 3033 4142 παραληφθὲν
3062 4068 3397 4138 ἀναγκαίως,
3449 4066 3581 4121 ἴδιον
3610 4065 3748 4119 Υίὸν

2157 4160 2454 4228 ἀποφαίνει
2498 4158 2594 4213 τοῦ
2629 4159 2766 4213 Θεοῦ
2810 4160 2902 4213 τὸν
2960 4158 3327 4231 Ἐμμανουὴλ,
3384 4159 3475 4211 τὸν
3531 4160 3597 4209 ἐκ
3637 4155 3744 4227 τῆς

2160 4251 2320 4320 ἁγίας
2354 4251 2635 4323 Παρθένου
2658 4269 2671 4283 ·
2700 4250 2860 4323 σῶμα
2886 4251 2997 4323 γὰρ
3024 4248 3092 4323 ἦν
3115 4254 3214 4323 οὐχ
3240 4251 3429 4322 ἑτέρου
3454 4250 3600 4313 τινὸς
3627 4248 3742 4303 τῶν

2158 4343 2281 4397 καθ’
2321 4345 2491 4415 ἡμᾶς,
2523 4343 2654 4397 ῐδιον
2677 4343 2734 4396 δὲ
2767 4344 2966 4415 μᾶλλον
2998 4345 3167 4398 αὑτοῦ
3187 4344 3282 4398 τοῦ
3312 4347 3376 4398 ὲκ
3397 4342 3492 4397 τοῦ
3524 4340 3745 4413 Πατρὸς

2157 4437 2310 4500 ὄντος
2340 4436 2540 4505 Λόγου,
2566 4436 2628 4489 τὸ
2653 4435 2910 4508 γεννηθὲν
2941 4437 3000 4503 ἐξ
3034 4437 3224 4508 αὐτῆς.

458 4521 661 4597 Filium
683 4524 912 4580 deﬁniat
952 4542 965 4578 :
997 4520 1448 4594 quandoquidem
1466 4537 1669 4595 corpus
1688 4526 1837 4596 quod
1869 4541 1940 4582 ex
1974 4543 2040 4583 ea
2076 4536 2270 4584 natum
2313 4534 2419 4592 est,
2455 4543 2565 4583 non
2610 4527 2839 4585 alterius
2870 4530 3176 4601 cujuspiam
3239 4530 3480 4587 hominis
3530 4533 3744 4587 nostri-

458 4618 573 4667 met
595 4612 811 4680 similis,
845 4613 943 4669 sed
966 4611 1140 4682 ipsius
1169 4609 1356 4675 Verbi,
1382 4612 1531 4681 quod
1555 4629 1623 4668 ex
1649 4614 1811 4669 Patre
1842 4624 2039 4671 natum
2074 4626 2181 4684 est,
2208 4620 2498 4689 proprium
2522 4627 2662 4674 erat.

528 4706 688 4773 Quod
720 4706 766 4761 si
794 4706 919 4776 quis
957 4706 1113 4760 illum
1154 4702 1302 4758 aliud
1329 4704 1468 4760 nihil
1497 4722 1662 4776 quam
1686 4707 1918 4762 nudum
1952 4708 2050 4763 Dei

2227 4711 2291 4764 El
2313 4712 2370 4765 δὲ
2399 4712 2463 4783 δὴ
2491 4712 2651 4784 ψιλὴν
2680 4714 2772 4767 καὶ
2816 4714 2986 4784 μόνην
3024 4714 3290 4785 ἀπονέμει
3329 4731 3415 4778 τις
3444 4714 3595 4786 αὐτῷ
3635 4715 3747 4788 τὴν

460 4811 729 4865 organum
751 4795 1031 4852 exstitisse
1055 4793 1424 4861 contenderit,
1452 4797 1499 4853 is
1516 4798 1602 4853 vel
1631 4797 1838 4854 invitus
1860 4815 2048 4856 veram

2162 4800 2453 4873 ὀργανικὴν
2491 4802 2816 4874 ὑπουργίαν,
2848 4802 3166 4872 ἀποπέμψει
3196 4804 3290 4857 καὶ
3316 4805 3415 4875 οὐχ
3458 4805 3601 4859 ἑκὼν
3637 4811 3743 4863 καὶ

460 4887 584 4943 Filii
613 4887 884 4943 rationem
924 4887 1003 4941 illi
1035 4884 1271 4941 auferet.
1314 4887 1659 4959 Proponatur
1691 4890 1850 4946 verbi
1879 4907 2046 4948 causa

2162 4889 2247 4945 τοῦ
2291 4886 2429 4946 εἶναι
2475 4892 2617 4947 κατὰ
2660 4893 2917 4964 ἀλήθειαν
2953 4894 3097 4948 Υἱόν.
3139 4895 3476 4951 ’Υποκείσοω
3506 4899 3617 4969 γάρ
3648 4915 3740 4963 τις

460 4978 629 5036 homo
655 4979 949 5050 quiSpiam,
975 4977 1067 5032 cui
1093 4976 1166 5032 sit
1184 4975 1330 5034 ﬁlius
1352 4979 1484 5051 lyrae
1500 4982 1804 5039 tractandae
1825 4999 2048 5054 gnarus,

2162 4982 2228 5051 τῷ
2260 4982 2425 5054 λόγῳ,
2461 4985 2595 5056 φέρε
2625 4987 2820 5052 εἰπεῖν,
2853 4985 3168 5055 ἄνθρωπος’
3199 4986 3342 5042 ἔστω
3373 4988 3430 5042 δὲ
3458 4989 3608 5060 αὐτῷ
3635 4992 3747 5045 καὶ

458 5071 839 5142 psallendique
863 5068 1070 5139 oppido
1092 5069 1334 5139 peritus;
1361 5074 1631 5145 numquid
1657 5074 1748 5130 hic
1771 5076 1943 5148 lyram
1988 5084 2046 5132 et

2162 5076 2278 5138 παῖς
2307 5074 2377 5128 τὰ
2417 5076 2499 5138 είς
2533 5075 2706 5146 λύραν
2737 5076 3010 5146 τεχνίτης,
3053 5077 3148 5131 καὶ
3173 5076 3400 5146 ψάλλειν
3437 5078 3506 5133 τά
3533 5080 3748 5150 ἄριστα

461 5164 678 5233 reliqua
710 5159 953 5217 musices
991 5158 1364 5219 instrumenta
1391 5165 1588 5220 eodem
1615 5180 1740 5221 cum
1779 5166 1894 5223 ﬁlio
1926 5168 2049 5222 loco

2162 5166 2564 5237 μεμελετηκώς.
2598 5163 2747 5238 Ἀρα
2780 5166 2876 5221 οὗν
2901 5169 2929 5220 6
2951 5168 3192 5233 τοιοῦτος
3212 5170 3614 5240 καταλογιεὶται
3632 5170 3746 5241 τὴν

459 5261 520 5310 ει
539 5254 734 5311 ordine
759 5248 1027 5307 habebit?
1051 5251 1203 5307 Nihil
1231 5254 1377 5310 enim
1401 5255 1506 5313 hac
1529 5273 1589 5313 re
1617 5257 1730 5313 dici
1750 5267 1919 5329 queat
1950 5260 2049 5315 ab-

2162 5258 2320 5330 tdpav
2345 5260 2441 5313 καὶ
2464 5262 2526 5311 τὸ
2547 5259 2645 5330 τῆς
2675 5259 2822 5330 ᾠδῆς
2850 5259 3080 5330 ὄργανον
3105 5262 3164 5317 ὲν
3192 5264 3309 5318 υἱοῦ
3341 5262 3492 5329 τάξει
3522 5264 3617 5317 σὺν
3652 5265 3745 5335 τῷ

572 5408 744 5463 u’lsa.
768 5408 1033 5480 xL,9-ll.
1134 5412 1179 5446 ⁸³
1212 5410 1400 5468 Matth.
1435 5431 1548 5477 vm,
1577 5414 1628 5469 5.
1735 5414 1781 5446 ⁸ο
1811 5414 1945 5468 Luc.
1973 5431 2068 5479 vn,
2095 5414 2183 5469 14.
2277 5414 2322 5445 ³¹
2347 5414 2503 5470 Joan.
2539 5430 2592 5480 ι,
2626 5416 2712 5470 ll.
2800 5418 2844 5450 ⁸²
2879 5418 3017 5475 lhid.
3059 5423 3142 5478 l6.

3255 5423 3301 5457 ⁸³
3338 5422 3527 5478 Matth.
3568 5435 3646 5487 In,
3671 5418 3735 5477 '5.

466 5480 512 5514 “
542 5481 703 5536 Rom.
741 5495 856 5546 vin,
882 5479 972 5545 51,
1004 5480 1093 5537 52.
1167 5483 1213 5515 ⁸⁸
1241 5483 1399 5540 Rom.
1433 5502 1505 5552 iv,
1531 5485 1620 5540 25.
1698 5485 1744 5516 ³⁸
1777 5484 1797 5538 l
1824 5486 1970 5539 Petr.
1998 5501 2057 5546 ιι.

2175 5502 2189 5552 ;
2227 5482 2328 5541 lsa.
2364 5500 2473 5550 un,
2497 5484 2550 5539 9.

1561 5623 1733 5679 Varia:
1760 5624 2026 5681 lcaiones
2060 5623 2264 5680 codicis
2296 5622 2656 5695 Seguieriani.

542 5725 560 5777 i
595 5727 862 5799 ἐπεφάνη.
