4058 6450
278 413 353 472 53
1771 406 2106 464 EPISTOLA
2146 409 2187 462 1.
3524 404 3593 461 3σὶ

281 527 418 598 uie;
457 526 576 580 Καί
606 543 691 580 τοι
729 527 853 590 πῶς
885 527 984 580 οῦκ
1030 525 1223 596 εὔηθες
1256 526 1376 579 λίαν
1410 526 1471 578 τὸ
1501 526 1689 596 χρῆμά
1720 527 1896 586 esu-1.",

2009 543 2246 599 surdius.
2272 540 2554 612 Siquidem
2580 541 2695 611 lyra
2719 539 2786 593 ad
2811 540 2988 594 solum
3014 538 3148 594 artis
3177 553 3338 593 usum
3364 539 3593 594 assumi-

292 619 353 673 Ἡ
392 620 500 689 μὲν
524 620 645 690 γὰρ
672 619 819 691 λύρα
847 621 927 682 εἰς
953 616 1178 683 ἔνδειξιν
1210 618 1537 689 παρελήφθη
1561 618 1659 685 τῆς
1680 617 1900 687 τέχνης.

281 709 309 761 6
336 707 392 760 δέ
419 709 551 759 ἐστι
583 708 686 760 καὶ
709 707 951 778 ὀργάνου
989 706 1135 776 δίχα,
1176 705 1269 759 τοῦ
1302 707 1558 769 τεκόντος
1588 705 1721 767 υἱός.
1760 706 1821 756 Εἰ
1846 704 1902 755 δὲ

280 799 341 869 δή
373 800 545 865 φαῖεν
582 798 673 850 ὅτι
699 796 1038 868 παρελήφθη
1074 796 1211 867 πρὸς
1232 796 1539 866 ὑπουργίαν
1565 798 1592 849 6
1618 797 1683 848 ὲκ
1714 812 1902 863 γυναι-

285 892 396 953 κζ,
454 891 552 943 ἵνα
586 890 660 943 δι’
715 889 889 944 αὑτοῦ
938 889 1165 958 τελῆται
1210 888 1279 943 τὰ
1314 888 1593 959 θαύματα,
1643 889 1737 942 καὶ
1796 888 1902 940 τῶν

283 983 677 1053 εὖαγγελικῶν
720 982 1116 1054 θεσπισμάτων
1160 982 1457 1054 ἀναλάμψῃ
1506 982 1568 1035 τὺ
1614 982 1900 1053 κήρυγμα,

286 1076 532 1144 ὴγέσθω
566 1077 670 1129 καὶ
708 1077 947 1139 ἕκαστος
973 1076 1081 1129 τῶν
1108 1076 1280 1143 ἁγίων
1319 1074 1616 1149 προφητῶν
1650 1075 1903 1144 θεότητος

284 1169 542 1239 ὄργανον,
581 1168 686 1221 καὶ
720 1168 829 1236 πρό
864 1185 928 1237 γε
954 1168 1063 1221 τῶν
1094 1167 1270 1222 ἄλλων
1304 1169 1565 1222 ἁπάντων
1593 1172 1621 1222 ὁ
1658 1168 1904 1238 ἱεροφάν-

287 1277 380 1326 της
409 1261 672 1331 Μωῦσῆς
693 1275 709 1287 ⁸
749 1260 810 1324 ὃς
837 1260 1093 1332 ἀνασχὼν
1131 1262 1233 1334 τὴν
1265 1260 1464 1332 ῥάϐδον
1506 1260 1763 1331 μετετίθη
1803 1262 1902 1331 μὲν

291 1355 367 1416 εἰς
389 1344 538 1422 αἷμα
570 1355 713 1416 τοὺς
764 1355 1080 1424 ποταμούς’
1113 1352 1479 1425 διαχωρίζων·
1499 1354 1556 1406 δὲ
1600 1353 1697 1407 καὶ
1731 1354 1903 1424 αὐτὴν

294 1445 589 1508 θάλατταν,
624 1446 718 1499 διὰ
754 1445 939 1516 μέσων
973 1447 1110 1500 ίὲναι
1152 1446 1416 1515 κυμάτων
1449 1444 1671 1498 ἐκέλευε
1697 1447 1812 1508 τοῖς
1845 1444 1905 1510 ἐξ

308 1539 558 1610 Ἰσραήλο
601 1538 894 1609 ἐπιφέρων
923 1537 981 1590 δὲ
1026 1539 1197 1609 αὐτὴν
1240 1538 1337 1591 καὶ
1390 1537 1641 1608 πέτραις,
1694 1537 1903 1590 ὑδάτων

296 1631 458 1693 αὑτάς
486 1631 676 1683 ἐποίει
705 1631 985 1702 μητέρας,
1004 1632 1097 1684 καὶ
1131 1631 1315 1701 πηγὴν
1345 1630 1516 1695 ἔδειξε
1540 1631 1641 1701 τὴν
1673 1631 1904 1702 ἀκρότο-

301 1740 422 1794 μον·
457 1726 555 1776 καὶ
598 1723 842 1793 μεσίτης
888 1723 1082 1792 γέγονε
1135 1722 1272 1776 Θεοῦ
1314 1724 1410 1776 καὶ
1443 1722 1770 1793 ἀνθρώπων,
1808 1722 1904 1775 καὶ

296 1815 457 1883 νόμον
483 1813 746 1878 διάκονος
773 1810 867 1885 ἦν,
918 1817 1014 1869 καὶ
1050 1813 1349 1883 καθηγεῖτο
1384 1812 1550 1867 λαῶν.
1598 1812 1762 1866 Οὐδὲν
1806 1810 1901 1866 οὖν

299 1904 407 1972 ἄρα
431 1902 491 1956 τὸ
520 1902 789 1973 περιττὸν
823 1904 883 1954 ὲν
914 1904 1158 1973 Χριστῳ,
1188 1902 1282 1954 καὶ
1324 1900 1765 1973 πεπλεονέκτηκε
1802 1902 1901 1973 μὲν
1936 1907 1977 1961 Β

301 1993 542 2064 οὐδαμῶς
560 1994 695 2056 τοὺς
722 1994 833 2064 πρὸ
855 1992 1021 2045 αὑτοῦ
1039 1992 1358 2062 γεγονότας,
1379 1994 1426 2044 εἰ
1458 1992 1535 2053 ὡς
1564 1993 1621 2045 ὲν
1649 1992 1896 2063 ὀργάνων

303 2088 449 2151 τάξει
474 2105 533 2141 τε
571 2088 671 2142 καὶ
698 2088 866 2158 χρείᾳ.
908 2087 1050 2141 κατὰ
1096 2086 1189 2138 τὸν
1221 2086 1337 2140 ἴσον
1374 2085 1574 2156 τρόπον
1608 2086 1705 2140 xui.
1744 2078 1898 2150 οὗτος

319 2178 817 2249 παραλαμϐάνεται.
848 2178 1217 2250 Πεφλυάρηκε
1240 2179 1321 2240 δὲ,
1352 2178 1497 2231 κατὰ
1518 2178 1579 2231 τὸ
1600 2177 1769 2241 εἰκὸς,
1804 2179 1900 2233 καὶ

320 2270 350 2321 6
380 2269 651 2335 θεσπέσιος
674 2270 844 2323 Δαυῖδ
879 2271 1103 2323 κάκεῖνο
1133 2266 1305 2322 εἰπὼν
1344 2269 1428 2321 ὅτι
1464 2286 1482 2319 ι
1522 2268 1619 2330 Τίς
1653 2269 1713 2320 ὲν
1744 2267 1899 2335 νεφέ-

313 2361 430 2425 λαις
467 2361 792 2432 ἰσωθήσεται
831 2361 913 2432 τῷ
960 2360 1185 2432 Κυρίῳ;
1212 2359 1326 2413 Καὶ
1369 2360 1456 2421 τίς
1499 2358 1899 2429 ὁμοιωθήσεται

308 2452 381 2524 τῷ
406 2455 593 2523 Κυρίῳ
630 2455 690 2508 ἐν
722 2455 864 2517 υἱοῖς
898 2452 1068 2518 Θεοῦ;
1105 2472 1124 2503 ι

381 2547 513 2600 Ἀλλ’
562 2548 593 2600 ὅ
641 2564 708 2616 γε
760 2545 1082 2615 σοφώτατος
1126 2542 1340 2607 Παῦλος
1387 2540 1647 2595 τελοῦντα
1702 2540 1799 2612 μὲν
1844 2542 1899 2592 ἐν

297 2639 530 2703 οἰκέταις
579 2640 892 2708 ἀποφαίνει
942 2638 1222 2702 Μωῦσέα,
1256 2635 1392 2689 Θεὸν
1438 2634 1495 2687 δὲ
1542 2634 1636 2688 καὶ
1696 2631 1898 2702 Κύριον

295 2732 565 2787 ἀποκαλεῖ
605 2732 704 2785 τὸν
756 2733 823 2784 ἐκ
875 2729 1136 2799 γυναικὸς
1190 2725 1555 2797 οἰκονομικῶς
1611 2727 1895 2794 γεγονότα,

291 2825 538 2877 τουτέστι
564 2824 836 2893 Χριστόν.
867 2823 906 2874 Γ
911 2822 1121 2893 έγραιρε
1155 2820 1265 2891 γὰρ
1297 2815 1431 2874 ὧδε·
1472 2838 1494 2871 ς
1527 2819 1713 2880 Ὥστε,
1748 2817 1900 2871 ἁδελ-

290 2918 377 2985 φοὶ
398 2919 574 2986 ἇγιοι,
610 2916 875 2986 κλήσεως
906 2913 1235 2986 ἐπουρανίου
1259 2912 1498 2983 μέτοχοι,
1524 2911 1899 2979 κατανοήσατε

284 3010 374 3062 τὸν
421 3008 743 3063 ἀπόστολον
802 3007 901 3060 καὶ
944 3006 1210 3077 ἀρχιερέα
1256 3004 1357 3075 τῆς
1400 3002 1693 3075 ὁμολογίας
1744 3000 1901 3073 ἡμῶν

295 3102 507 3174 Ἰησοῦν
563 3096 767 3157 πιστδν
814 3100 951 3153 ὄντα
1000 3098 1078 3169 τῷ
1132 3098 1420 3169 ποιήσαντι
1465 3094 1651 3159 αὐτὸν,
1692 3094 1767 3156 ὡς
1806 3093 1901 3146 καὶ

282 3196 531 3265 Μωῦσῆς
561 3196 623 3247 ὲν
658 3194 772 3263 ὅλῳ
801 3192 882 3262 τῷ
915 3191 1051 3262 οἴκῳ
1086 3189 1274 3245 αὑτοῦ.
1311 3187 1562 3250 Πλείονος
1596 3186 1705 3256 γὰρ
1742 3181 1899 3255 δόξης

2008 647 2130 701 tur;
2159 633 2405 688 musicus
2449 641 2632 688 autem
2653 636 2755 687 etsi
2791 631 3017 685 omnino
3042 647 3250 701 organo
3273 639 3478 697 careat,
3502 644 3595 700 pa-

2005 726 2181 780 rentis
2212 725 2297 779 sui
2319 725 2465 779 (ilius
2491 740 2613 779 esse
2633 740 2744 778 non
2771 721 2994 778 desinit.
3036 722 3193 788 Quod
3230 722 3276 776 si
3312 722 3465 776 illum
3500 721 3595 791 qui

2005 833 2071 871 ex
2106 818 2339 873 muliere
2382 825 2540 871 ortus
2578 823 2684 881 est,
2728 815 2796 869 ad
2831 814 3209 869 ministerium
3248 823 3596 883 assumptum

2004 911 2267 973 dixerint,
2291 917 2354 964 ut
2382 910 2648 964 miracula
2664 924 2764 979 per
2792 908 2946 961 illum
2968 906 3288 971 ederentur,
3314 903 3595 975 evangeli-

2005 1018 2307 1072 corumque
2333 1002 2686 1057 oraculorum
2712 999 3034 1071 praedicatio
3076 998 3479 1068 invulgaretur,
3499 1011 3597 1050 ea-

2004 1093 2129 1148 dem
2158 1094 2380 1147 licentia
2405 1092 2711 1164 quemlibet
2731 1100 3046 1147 sanctorum
3079 1091 3477 1161 prophetarum
3499 1129 3514 1153 ,
3543 1097 3600 1143 et

2004 1186 2281 1256 praecipue
2317 1184 2755 1240 sacratissimum
2805 1182 2961 1237 illum
2992 1182 3248 1252 Moysen,
3292 1179 3601 1235 divinitatis

2004 1276 2433 1332 instrumentum
2452 1277 2725 1331 exstitisse
2743 1281 3063 1331 asscverent
3082 1291 3094 1325 :
3111 1273 3202 1327 hic
3218 1257 3371 1327 enini
3384 1271 3598 1327 sublata

2005 1370 2157 1440 virga
2196 1370 2579 1440 {Egyptiorum
2608 1368 2834 1422 ﬂumina
2868 1367 2925 1421 in
2971 1366 3294 1437 sanguinem
3333 1364 3562 1419 vertit"
3581 1382 3596 1430 ;

2005 1463 2255 1532 marique
2278 1464 2331 1515 in
2353 1471 2541 1532 partes
2560 1459 3198 1526 dissecto,lsraeliticum
3217 1457 3480 1527 populum
3501 1471 3600 1526 per

2004 1555 2247 1610 medium
2266 1553 2568 1610 traduxit”
2590 1572 2602 1607 :
2618 1561 2676 1609 et
2694 1554 2847 1624 virga
2868 1565 3058 1607 saxum
3076 1551 3414 1621 percutiens,
3434 1548 3600 1604 uber-

2005 1646 2105 1700 tim
2135 1646 2502 1700 scaturicutes
2525 1644 2701 1699 undas
2715 1644 2996 1714 produxit,
3032 1651 3088 1697 et
3118 1642 3285 1698 duras
3320 1649 3510 1696 cautes
3541 1641 3598 1695 in

2004 1750 2275 1803 aquarum
2313 1735 2496 1791 fontes
2524 1734 2951 1789 commutavit”
2982 1750 2996 1786 :
3024 1731 3299 1786 mediator
3332 1740 3598 1801 pnetcrea

2004 1828 2101 1882 Dei
2129 1837 2185 1883 et
2206 1827 2495 1882 hominum
2517 1826 2562 1859 ⁸ο
2592 1834 2649 1881 ct
2667 1825 2804 1896 legis
2823 1824 3078 1879 minister
3102 1826 3145 1857 ⁶ί
3163 1864 3178 1890 ,
3217 1822 3477 1894 ctpopuli
3499 1823 3597 1876 de-

2004 1920 2168 1990 nique
2193 1920 2301 1974 dux
2328 1929 2384 1974 et
2401 1919 2597 1974 doctor
2620 1918 2850 1973 exstitit.
2882 1916 3031 1971 Nihil
3065 1916 3301 1987 proinde
3329 1916 3597 1970 eximium

2005 2012 2063 2065 in
2105 2011 2329 2067 Christo
2356 2011 2571 2077 fuisset,
2598 2025 2701 2065 nec
2724 2009 2891 2064 ullam
2937 2008 2992 2062 in
3011 2016 3223 2078 partem
3242 2015 3473 2063 caeteros
3501 2007 3597 2077 qui

2005 2102 2160 2157 illum
2192 2110 2606 2158 antecesserant
2626 2143 2640 2167 ,
2669 2100 3044 2166 excelluisset,
3076 2101 3122 2154 si
3146 2100 3342 2174 etipse
3376 2111 3599 2169 quoque

2003 2211 2160 2265 teque
2193 2210 2258 2250 ac
2280 2195 2356 2249 illi
2392 2195 2750 2249 instrumenti
2768 2194 2946 2249 vicem
2968 2191 3291 2263 expleverit.
3321 2192 3427 2262 16
3450 2189 3597 2245 Con-

2005 2302 2245 2356 sequens
2266 2287 2325 2340 lit
2344 2301 2479 2356 ergo
2508 2286 2759 2340 divinum
2794 2284 3058 2340 Davidcm
3080 2284 3299 2355 nugari,
3326 2284 3598 2353 planeque

2007 2377 2264 2447 ineptire,
2297 2376 2429 2431 dum
2446 2377 2523 2430 ait
2548 2394 2560 2430 :
2602 2395 2621 2426 ι
2650 2375 2787 2442 Quis
2806 2376 2863 2429 in
2890 2375 3135 2429 nubibus
3149 2374 3460 2444 aequabitur
3490 2374 3600 2426 Do—

2007 2471 2197 2525 mino?
2228 2470 2296 2524 Et
2311 2469 2437 2539 quis
2457 2468 2656 2523 similis
2683 2467 2792 2522 erit
2813 2466 3048 2521 Domino
3079 2467 3133 2519 in
3156 2464 3284 2519 (iliis
3314 2465 3436 2535 ejus
3457 2465 3542 2516 "‘2
3572 2483 3592 2514 ι

2074 2564 2145 2619 At
2184 2561 2627 2631 sapientissimus
2673 2559 2877 2614 Paulus
2929 2558 3177 2629 Moysen,
3229 2556 3296 2611 ad
3337 2555 3600 2610 Hebrtcos

2006 2655 2275 2718 scribens,
2305 2653 2626 2708 domesticis
2653 2659 3013 2717 annumerat;
3053 2665 3181 2706 eum
3209 2663 3362 2713 vero,
3388 2648 3480 2717 qui
3510 2646 3597 2700 di-

2006 2749 2133 2803 vina
2175 2746 2587 2817 dispensatione
2616 2761 2687 2800 ex
2733 2744 2967 2801 muliere
3007 2752 3171 2797 natus
3212 2750 3329 2804 est,
3365 2739 3473 2793 hoc
3515 2739 3600 2792 est

2005 2840 2313 2904 Christum,
2339 2840 2512 2893 Deum
2541 2852 2605 2893 ac
2631 2837 2925 2892 Dominum
2972 2842 3153 2889 vocat.
3200 2831 3408 2888 Scribit
3448 2831 3599 2886 enim

2006 2936 2157 2989 hunc
2185 2934 2240 2988 in
2276 2932 2502 2987 modum
2534 2950 2547 2984 :
2585 2949 2601 2981 ι
2632 2930 2812 2994 Unde,
2836 2929 3035 2983 fratres
3053 2926 3227 2981 sancti
3249 2966 3262 2989 ,
3290 2922 3599 2979 vocationis

2008 3025 2248 3081 caelestis
2273 3023 2592 3094 participes,
2617 3021 2963 3077 considerate
2995 3018 3307 3089 apostolum
3331 3024 3388 3071 et
3411 3014 3596 3085 ponti-

2010 3117 2168 3174 ﬁcem
2201 3115 2567 3171 confessionis
2603 3121 2832 3176 nostrae.
2859 3112 3043 3168 Jesum
3063 3152 3077 3174 ,
3112 3109 3206 3179 qui
3236 3107 3414 3162 ﬁdelis
3436 3118 3523 3162 est
3546 3107 3597 3161 ei

2009 3209 2105 3279 qui
2131 3208 2259 3264 fecit
2290 3208 2467 3271 illum,
2500 3206 2645 3260 sicut
2668 3212 2726 3259 et
2762 3204 2974 3274 Moyses
3001 3201 3057 3255 in
3091 3200 3243 3255 omni
3263 3198 3429 3253 domo
3454 3198 3595 3268 ejus.

279 3283 430 3351 οὗτος
456 3288 627 3359 παρὰ
656 3285 909 3355 Μωῦσῆν
931 3283 1186 3354 ἠξίωται,
1206 3281 1326 3336 καθ’
1347 3283 1472 3337 ὅσον
1496 3280 1717 3333 πλείονα
1737 3277 1904 3348 τιμὴν

2010 3277 2310 3370 Ᾱηιριὶοτὶε
2359 3298 2508 3353 enim
2551 3295 2739 3364 gloriae
2776 3293 2880 3348 iste
2916 3308 3029 3362 prae
3058 3291 3241 3362 Moyse
3278 3289 3478 3359 dignus
3513 3296 3602 3343 est

280 3381 390 3451 ἔχει
424 3380 533 3435 τοῦ
571 3379 781 3433 οἶκουό
804 3376 1227 3439 κατασκευάσας
1257 3376 1440 3429 αὐτόν.
1475 3376 1590 3437 Πᾶς
1622 3374 1730 3443 γὰρ
1754 3369 1898 3433 οἶκος

280 3468 781 3533 κατασκευάζεται
832 3466 940 3521 ὑπό
987 3480 1166 3529 τινος’
1205 3466 1234 3518 6
1281 3464 1339 3517 δὲ
1384 3464 1455 3518 τὰ
1500 3464 1678 3517 πάντα
1727 3476 1897 3514 κατα-

281 3561 600 3622 σκευάσας,
637 3557 799 3621 Θεός.
832 3557 945 3610 Καὶ
980 3557 1222 3626 Μωῡσῆς
1252 3556 1351 3626 μὲν
1381 3554 1570 3615 πιστὸς
1599 3555 1656 3606 ὲν
1685 3552 1793 3622 ὅλῳ
1824 3550 1901 3621 τῷ

276 3653 410 3723 οἴκῳ
436 3650 631 3705 αὑτοῦ
659 3650 738 3712 ὡς
764 3649 1046 3720 θεράπων,
1080 3648 1160 3710 εἰς
1188 3648 1497 3717 μαρτυρίαν
1527 3644 1635 3698 τῶν
1662 3642 1903 3714 λαληθη-

278 3750 574 3819 σομένωνο
612 3744 858 3816 Χριστὸς
901 3743 959 3796 δὲ
993 3742 1069 3804 ῶς
1096 3741 1213 3798 υἱὸς
1248 3740 1343 3792 ἐπὶ
1386 3740 1478 3792 τὸν
1522 3734 1671 3792 οἷκον
1712 3734 1900 3802 αὐτοῦ,

275 3840 332 3900 οὗ
361 3840 527 3906 οἶκός
581 3843 758 3910 ἐσμεν
790 3841 977 3910 ἡμεῖς.
1016 3856 1035 3888 ι
1080 3836 1273 3908 ’Δθρει
1315 3836 1378 3906 δὴ
1404 3831 1499 3889 οῦν
1541 3834 1690 3897 ὅπως
1721 3833 1814 3886 καὶ
1843 3831 1904 3884 τὸ

276 3937 372 4006 τῆς
402 3932 865 4007 ἁνθρωπότητος
904 3928 1073 3984 αὑτοῦ
1109 3929 1385 3999 τετήρηκε
1422 3927 1643 3998 μέτρον,
1682 3925 1776 3979 καὶ
1803 3924 1905 3994 τῆς

276 4028 557 4081 ἀνωτάτω
597 4023 765 4092 δόξης
803 4021 898 4074 καὶ
944 4018 1290 4091 θεοπρεποῦς
1317 4018 1475 4085 ἀξίας
1516 4016 1783 4085 ἀπονέμει
1804 4012 1902 4083 τὴν

277 4121 602 4190 ὑπεροχήν.
652 4113 947 4186 Ἀρχιερέα
981 4112 1090 4181 γὰρ
1126 4112 1220 4164 καὶ
1248 4109 1548 4164 ἀπόστολον
1589 4108 1782 4170 εἰπὼν,
1810 4105 1905 4158 καὶ.

280 4212 383 4282 μὴν
414 4213 525 4265 καὶ
554 4207 826 4278 γένεσθαι
852 4206 1048 4259 πιστὸν
1074 4203 1151 4275 τῷ
1174 4205 1462 4275 ποιήσαντι
1484 4201 1648 4255 αὐτὸν
1670 4195 1729 4253 εὖ
1758 4198 1904 4269 μάλα

276 4301 619 4359 διαὸεὸαιού
627 4317 815 4372 μενος,
832 4296 1164 4370 τετιμῆσθαι
1197 4293 1507 4366 μειζόνωςή
1536 4291 1681 4347 κατὰ
1700 4291 1905 4345 Μωσέα

280 4401 436 4467 φησι,
473 4392 621 4449 καθ’
645 4393 774 4445 ὅσον
804 4392 1035 4444 πλείονα
1057 4388 1225 4460 τιμήν
1244 4385 1471 4458 ἔχειτοῦ
1497 4383 1650 4438 οἴκου
1679 4384 1707 4436 ὀ
1734 4399 1907 4436 κατα-

281 4490 584 4551 σκευάσας
633 4484 824 4540 αὑτόν.
876 4481 1016 4537 Εἶτα
1066 4481 1339 4553 προάγει·
1380 4498 1399 4532 ι
1446 4478 1562 4541 Πᾶς
1596 4476 1708 4545 γὰρ
1750 4472 1904 4538 οἶκος

281 4579 787 4644 κατασκευάζεται
806 4577 913 4630 ὑπό
939 4592 1086 4639 τινος
1102 4590 1113 4603 ·
1142 4576 1170 4628 6
1190 4574 1247 4628 δὲ
1269 4572 1337 4626 τὰ
1359 4574 1537 4626 πάντα
1564 4567 1908 4623 κατασκευά-

2009 3394 2252 3455 habitus,
2297 3399 2506 3461 quanto
2536 3388 2857 3459 ampliorem
2899 3386 3164 3439 honorem
3190 3382 3357 3437 habet
3379 3382 3596 3443 domus,

2009 3483 2101 3553 qui
2132 3479 2423 3535 fabricavit
2457 3478 2627 3531 illam.
2663 3475 2856 3532 Omnis
2883 3488 3120 3544 namque
3142 3471 3342 3526 domus
3366 3470 3603 3525 fabrica-

2010 3582 2101 3628 tur
2121 3572 2190 3626 ab
2213 3572 2399 3641 aliquo
2424 3588 2436 3625 :
2464 3569 2558 3640 qui
2583 3575 2768 3623 autem
2810 3565 2995 3621 omnia
3036 3562 3280 3627 creavit,
3315 3562 3460 3616 Deus
3490 3568 3595 3615 est.

2010 3658 2079 3720 Et
2112 3665 2324 3735 Moyses
2359 3663 2582 3733 quidem
2628 3658 2807 3715 ﬁdelis
2851 3664 2972 3713 erat
3021 3657 3078 3710 in
3127 3663 3240 3710 tota
3269 3653 3434 3708 domo
3479 3652 3601 3723 ejus

2012 3764 2275 3825 tanquam
2310 3753 2571 3817 famulus,
2619 3752 2675 3807 in
2710 3748 3092 3808 testimonium
3129 3760 3322 3802 eorum
3352 3758 3478 3816 qua;
3510 3743 3599 3799 di-

2011 3848 2185 3905 cenda
2240 3854 2399 3903 erant
2442 3864 2455 3900 :
2498 3844 2753 3901 Christus
2811 3850 2997 3897 autem
3047 3849 3308 3909 tanquam
3358 3836 3504 3891 ﬁlius
3542 3835 3599 3891 in

2012 3940 2176 3996 domo
2201 3954 2319 4003 sua,
2339 3938 2498 4009 cujus
2529 3936 2726 4005 domus
2750 3950 2853 3990 nos
2894 3931 3166 3988 sumus”.
3214 3951 3234 3983 ι
3274 3931 3479 3987 lterum
3512 3937 3600 3984 at-

2012 4047 2121 4102 que
2147 4033 2349 4086 iterum
2380 4030 2472 4085 hic
2507 4028 2647 4083 mihi
2672 4025 2923 4097 expende
2951 4024 3230 4096 quomodo
3254 4033 3310 4078 et
3345 4023 3601 4077 humanae

2012 4134 2225 4179 naturae
2255 4122 2625 4193 proprietates
2649 4121 2890 4191 integras
2929 4118 3009 4172 illi
3035 4122 3346 4181 conservet,
3368 4123 3427 4169 et
3444 4129 3598 4168 sum-

2012 4231 2116 4272 ma:
2153 4214 2514 4270 nihilominus
2537 4213 2750 4282 solique
2793 4211 2907 4266 Deo
2924 4208 3302 4265 convenientis
3326 4206 3513 4278 glorize
3535 4219 3601 4259 ac

2013 4306 2298 4377 dignitatis
2332 4304 2718 4361 excellentiam
2751 4302 2935 4357 eidem
2962 4301 3191 4355 tribuat.
3229 4299 3419 4353 Primo
3440 4311 3597 4350 nam—

2014 4414 2123 4468 que
2156 4396 2466 4467 apostolum
2508 4409 2574 4449 ac
2610 4392 2929 4463 pontiﬁcem
2954 4391 3110 4445 illum
3145 4396 3345 4452 vocat;
3379 4401 3509 4441 mox
3545 4386 3598 4440 ei

2014 4491 2110 4561 qui
2140 4489 2272 4544 fecit
2311 4488 2488 4549 illum,
2521 4485 2739 4540 fidelem
2775 4482 3052 4540 exstitisse
3083 4481 3444 4553 pronuntiat:
3492 4495 3598 4550 po-

2015 4591 2222 4637 stremo
2265 4578 2532 4650 dignitate
2573 4586 2633 4632 et
2664 4577 2876 4632 honore
2906 4581 3119 4628 tantum
3149 4571 3374 4644 Moysen
3413 4572 3600 4627 excel-

284 4692 403 4740 σας,
430 4673 615 4737 Θεός.
670 4689 692 4723 ι
731 4667 946 4724 Οὐκοῦν
972 4666 1235 4721 τέτακται
1281 4665 1384 4736 μὲν
1412 4665 1470 4717 ὲν
1497 4662 1766 4732 ποιήμασι
1812 4659 1904 4711 καλ¹

2012 4673 2181 4728 luisse
2218 4679 2518 4736 asseverat,
2553 4678 2820 4739 quantum
2872 4667 3205 4722 architectus
3228 4663 3394 4720 domo
3436 4679 3603 4735 quam

282 4768 337 4819 ὲν
364 4770 486 4830 τοῖς
535 4760 1039 4830 κατασκευασμοῖς
1074 4759 1099 4798 k
1127 4759 1155 4811 6
1184 4755 1475 4819 θεσπέσιος
1503 4754 1747 4822 Μωῦσῆς
1765 4768 1778 4781 °
1817 4767 1911 4804 xa-

282 4857 698 4926 τασκευαστὴς
727 4855 787 4908 δὲ
815 4854 1025 4907 τούτων
1070 4853 1099 4905 6
1140 4851 1250 4905 τῶν
1292 4851 1431 4905 ὅλων
1473 4847 1641 4912 Θεός’
1679 4847 1859 4900 καίτοι
1890 4843 1908 4882 1

285 4952 421 5007 θεοῦ
464 4949 794 5019 λεγομένου
841 4945 1254 4999 κατασκευάσαι
1289 4944 1360 4997 τὰ
1392 4943 1594 4995 πάντα.
1642 4939 1776 5002 Θεὸς
1815 4934 1911 4991 οὖν

287 5047 395 5115 ἄρα
423 5045 536 5099 καὶ
573 5037 839 5110 ἀληθινὸς
864 5036 1253 5101 ἀνενδοιάστως
1280 5035 1416 5089 ἐστί.
1454 5054 1473 5086 ι
1514 5035 1628 5089 Καὶ⁵
1667 5031 1913 5103 Μωΰσῆς

264 5139 391 5215 ,μὲν
414 5138 501 5202 ὡς
543 5133 819 5205 θεράπων
846 5134 906 5185 ἐν
929 5130 1038 5201 ὅλῳ
1066 5129 1145 5202 τῷ
1167 5130 1302 5202 οῖκῳ
1330 5127 1498 5183 αὐτοῦ
1531 5127 1746 5192 πιστὸς,
1772 5127 1911 5198 Χρι-

292 5231 416 5294 στὸς
445 5230 514 5284 δὲ
543 5228 630 5290 ὡς
658 5226 777 5289 υίὸς
810 5226 907 5277 ἐπὶ
939 5224 1032 5278 τὸν
1060 5220 1210 5277 οἷκον
1244 5220 1410 5277 αὐτοῦ
1433 5239 1446 5251 ·
1480 5213 1542 5275 οὗ
1573 5218 1722 5285 οἶκός
1743 5221 1911 5291 ὲσμεν

291 5323 457 5393 ἡμεῖς
476 5339 493 5353 ο
519 5340 543 5372 ι
578 5317 763 5374 καίτοι
789 5316 928 5370 Θεοῦ
979 5315 1232 5384 λέγοντος
1250 5314 1341 5369 διά
1369 5313 1556 5385 φωνῆς
1578 5310 1875 5384 προφητῶν
1892 5328 1905 5342 ·

298 5433 317 5463 ς
359 5414 490 5468 Ὅτι
516 5409 802 5479 ἐνοικήσω
832 5410 890 5460 ἐν
920 5407 1128 5471 αὐτοῖς,
1164 5406 1260 5460 καὶ
1303 5405 1761 5477 ἐμπεριπατήσω,
1814 5402 1909 5456 καὶ

356 5570 405 5600 ⁸⁷
443 5566 633 5624 Exod.
673 5582 770 5629 vn,
803 5565 893 5619 19.
971 5563 1017 5594 ⁸⁸
1043 5562 1217 5618 Exod.
1246 5579 1356 5624 xw,
1379 5561 1471 5625 ‘2l,
1497 5560 1586 5614 2‘2.
1664 5558 1710 5591 ⁸ο
1744 5555 1917 5612 Exod.
1942 5571 2070 5621 xvu,
2100 5555 2154 5618 6,
2193 5554 2258 5619 7;
2312 5553 2455 5608 Psal.
2489 5568 2638 5617 cxm,
2674 5549 2724 5604 8.

295 5656 376 5706 ιιι,
395 5640 495 5694 24.
579 5637 628 5670 ⁸¹
663 5628 814 5692 Psal.
842 5650 1100 5699 Lxxxvm,
1128 5634 1179 5686 7.
1251 5634 1298 5665 ⁸³
1324 5632 1492 5687 Hebr.
1520 5646 1600 5695 ιιι,
1623 5628 1734 5685 1-6.

2008 4764 2321 4828 fabricavit,
2343 4762 2517 4834 gloria
2554 4769 2797 4832 praestat.
2827 4758 3125 4831 Subjungit
3147 4756 3351 4813 deinde
3379 4773 3394 4810 :
3428 4775 3447 4807 ι
3470 4754 3602 4811 Om-

2010 4856 2099 4911 nis
2128 4854 2278 4910 enim
2309 4852 2508 4907 domus
2548 4851 2852 4906 fabricatur
2876 4851 2946 4905 ab
2988 4848 3176 4919 aliquo
3205 4864 3219 4901 :
3256 4847 3304 4902 is
3337 4861 3472 4903 vero
3506 4847 3603 4917 qui

2012 4945 2201 5001 omnia
2228 4943 2469 5008 creavit,
2512 4942 2659 4997 Deus
2705 4950 2810 4997 est.
2841 4959 2861 4992 ι
2896 4939 3133 4995 Divinus
3162 4939 3351 5010 itaque
3384 4938 3604 5008 Moyses

2016 5038 2164 5092 inter
2198 5037 2294 5091 res‘
2327 5034 2553 5090 eﬂ'ectas
2589 5042 2647 5087 et
2683 5039 2992 5095 structuras
3034 5038 3295 5086 censetur
3324 5046 3337 5082 :
3370 5035 3426 5082 at
3467 5041 3606 5083 vero

2018 5127 2276 5185 Christus
2306 5124 2555 5182 omnium
2589 5122 2776 5195 opifex
2807 5122 3140 5177 declaratur.
3168 5120 3238 5175 Et
3265 5117 3393 5188 quia
3417 5113 3603 5169 omnia

2020 5220 2243 5277 condita
2287 5219 2423 5275 dicit
2463 5234 2495 5273 a
2531 5219 2666 5283 Deo,
2697 5216 2980 5273 Christum
3020 5225 3214 5267 verum
3262 5209 3438 5262 Deum
3479 5220 3602 5261 esse

2019 5312 2248 5368 omnino
2312 5310 2692 5385 necessarium
2751 5314 2854 5362 est.
2918 5302 3088 5359 Addit
3156 5311 3377 5353 rursum
3417 5314 3431 5351 :
3471 5315 3490 5348 ι
3534 5296 3605 5352 Ει
3695 5350 3712 5363 ,

2017 5400 2231 5472 Moyses
2253 5398 2478 5469 quidem
2506 5406 2765 5468 tanquam
2799 5393 3037 5447 famulus
3064 5391 3120 5444 in
3143 5398 3258 5445 tota
3285 5388 3407 5460 ejus
3440 5386 3605 5444 domo

2817 5548 2862 5581 ⁶⁰
2896 5548 2916 5603 Ι
2949 5547 3092 5604 Tim.
3132 5563 3191 5614 ιι,
3223 5546 3277 5601 5.
3354 5545 3397 5577 “
3421 5541 3599 5600 Galat.

1419 5745 1594 5801 Variae
1627 5742 1892 5798 lectiones
1917 5737 2125 5795 codicis
2158 5735 2521 5807 Seguieriani.

376 5874 410 5916 ι
441 5872 1039 5938 κατασκευαζομένοις.
1091 5867 1105 5907 ¹
1134 5868 1189 5922 δὲ
1218 5867 1355 5923 ὅλων
1377 5865 1643 5920 δέδεικται
1674 5861 1926 5932 Χριστός.
1960 5861 2070 5915 Καί
2095 5877 2197 5913 τοι.
