4058 6508
406 464 479 519 55
1244 464 1274 500 ιθ

407 574 587 630 ﬁdelis
610 582 763 635 erat,
809 571 1063 628 Christus
1098 578 1283 626 autem
1338 580 1599 638 tanquam
1640 568 1791 621 [ilius
1830 579 1999 635 supra

1423 455 1484 510 S.
1526 453 1803 510 CYRILLI
1843 447 2316 505 ALEXANDRINI
2352 444 2675 501 ARClllEP.
2958 432 3009 487 κν
3614 440 3686 496 56

2105 563 2300 632 ἔσομαι
2331 558 2511 614 αὐτῶν
2537 558 2689 622 Θεὸς,
2737 556 2832 610 καὶ
2870 554 3027 610 αὐτοὶ
3082 553 3295 608 ἔσονταί
3356 572 3445 625 μοι
3478 555 3625 619 λαός.
3660 577 3678 610 ι

408 667 633 721 domum
682 664 832 719 illius
887 672 992 728 est,
1030 663 1191 734 cujus
1228 661 1426 716 domus
1471 673 1574 714 nos
1609 672 1823 722 sumus,
1860 675 1879 708 ι
1915 656 2070 726 juxta
2104 652 2246 708 illud
2285 651 2573 722 propheta:
2606 666 2620 701 :
2669 667 2688 699 ι
2718 646 2989 714 Quoniam
3034 645 3298 700 habitabo
3347 646 3407 699 in
3457 646 3598 714 illis,
3630 660 3687 703 et

408 756 704 812 ambulabo
760 769 884 809 cum
946 753 1055 809 illis
1084 793 1099 818 ,
1167 760 1223 807 et
1289 766 1388 808 ero
1450 750 1673 832 illorum
1723 749 1890 811 Deus,
1941 755 1999 800 et
2036 744 2141 816 ipsi
2167 751 2333 798 erunt
2356 740 2493 795 mihi
2512 737 2750 810 p0pulus
2774 735 2839 790 “.
2881 754 2901 788 ›

477 847 690 903 Dixerit
745 846 888 900 forte
920 844 1195 914 quispiam
1237 860 1251 897 :
1292 841 1498 913 Ecquis
1528 841 1633 895 hoc
1659 839 1804 893 inter
1833 836 1998 893 Chri-
2026 848 2073 904 Α

411 949 561 995 stum
620 945 680 994 et
723 937 945 1008 Moysen
978 934 1280 989 discrimen
1308 946 1609 1004 agnoscere
1640 928 1852 1000 queat?
1893 929 1994 985 Et-

409 1027 560 1083 enim
579 1027 626 1082 si
649 1033 882 1096 uterque
911 1039 981 1078 ex
1013 1024 1244 1079 muliere
1273 1021 1593 1093 progenitus
1620 1029 1725 1084 est,
1765 1029 1999 1087 quem

412 1115 488 1170 do
517 1115 659 1170 alter
707 1122 794 1169 est
815 1114 874 1167 in
907 1112 1074 1167 domo
1105 1121 1362 1182 tanquam
1399 1109 1544 1167 ﬁdus
1572 1108 1832 1173 famulus,
1858 1107 2000 1161 alter

413 1223 549 1263 vero
598 1192 858 1276 tanquam
929 1214 1126 1260 natura
1168 1202 1318 1258 ﬁlius
1345 1209 1404 1257 et
1429 1200 1687 1256 dominus
1712 1213 1876 1269 supra
1895 1197 1998 1253 do.-

413 1315 566 1357 mum
593 1298 763 1363 illius,
789 1314 911 1368 qua:
935 1296 1133 1357 domus
1156 1310 1259 1350 nos
1282 1292 1507 1350 sumus?
1526 1293 1636 1347 Res
1655 1292 1791 1357 haec,
1812 1297 1874 1345 ut
1896 1303 2000 1361 ego

412 1392 639 1463 quidem
676 1391 875 1454 sentio,
908 1389 976 1447 iis
1024 1387 1118 1459 qui
1146 1386 1364 1457 ingenio
1396 1385 1496 1456 17
1518 1384 1723 1446 valent,
1744 1394 1998 1437 sensum-

413 1500 524 1555 que
548 1492 606 1539 et
637 1490 877 1543 mentem
906 1480 1130 1545 Christi,
1148 1488 1210 1534 ut
1237 1478 1534 1551 Apostolus
1561 1473 1870 1546 loquitur",
1893 1472 1998 1528 ob-

415 1575 613 1640 tinent,
677 1572 1001 1642 neutiquam
1043 1571 1280 1626 obscura
1326 1576 1430 1624 est.
1495 1566 1710 1638 Moyses
1757 1578 1998 1634 namque

414 1675 537 1721 erat
589 1666 755 1720 homo
777 1662 1062 1719 servitutis
1086 1662 1218 1733 jugo
1248 1674 1477 1730 pressus
1501 1675 1515 1723 ;
1556 1657 1809 1714 Christus
1826 1670 1959 1712 vero
1978 1694 1995 1721 ,

418 1769 482 1819 ut
513 1758 659 1813 Deus
687 1765 744 1812 et
768 1755 1157 1811 universorum
1177 1751 1539 1815 architectus,
1562 1758 1759 1822 suapte
1797 1753 1997 1802 natura

417 1847 559 1902 liber
584 1853 724 1901 erat.
768 1845 905 1907 Nam
932 1842 1037 1901 etsi
1076 1842 1251 1897 nostri
1276 1856 1442 1897 causa
1470 1840 1528 1894 in
1559 1836 1998 1895 exinanitionem

417 1938 785 1995 voluntariam
802 1951 923 1993 sese
945 1934 1175 1993 demisit
1204 1934 1269 1999 “,
1291 1949 1357 1989 ea
1383 1942 1564 1988 tamen
1586 1930 1824 2004 abjectio
1849 1929 1992 1986 divi-

416 2044 546 2084 nam
576 2028 807 2100 gloriam
852 2026 931 2081 illi
977 2037 1325 2094 nequaquam
1354 2020 1581 2084 adimet,
1611 2035 1718 2077 nec
1740 2036 1770 2074 a
1801 2034 1998 2093 supre-

417 2137 506 2177 ma
545 2122 637 2176 illa
674 2119 1000 2175 excellentia
1051 2130 1218 2188 quam
1245 2130 1412 2185 super
1445 2128 1639 2169 omnes
1662 2112 1849 2178 habet,
1884 2110 1997 2165 ulla

416 2233 484 2272 ex
511 2223 667 2286 parte
723 2215 905 2285 ipsum
963 2210 1242 2267 excludet.
1302 2206 1760 2277 Quandoquidem
1802 2212 1863 2261 ut
1893 2219 1997 2263 nos

304 2360 307 2361 ν
418 2306 619 2376 spiritu
675 2304 848 2374 ipsius
883 2303 1198 2373 locupletati
1229 2299 1307 2370 (in
1334 2298 1538 2355 nostris
1561 2298 1710 2353 enim
1733 2297 1998 2355 cordibus

382 2442 399 2453 ι
417 2398 509 2452 hic
533 2396 806 2452 inhabitat
822 2396 910 2460 ⁸⁷),
926 2394 1069 2453 inter
1088 2392 1234 2449 ﬁlios
1245 2391 1343 2447 Dei
1358 2405 1673 2455 censemur,
1690 2404 1871 2460 neque
1897 2405 1998 2460 per

416 2486 524 2543 hoc
540 2495 723 2547 tamen
748 2483 806 2539 id
847 2482 995 2553 quod
1025 2481 1353 2544 naturaliter
1389 2494 1600 2545 sumus,
1627 2495 1750 2535 esse
1783 2479 1995 2536 desini-

415 2592 540 2634 mus
568 2591 799 2642 ;sumus
821 2589 1060 2645 namque
1100 2573 1356 2629 homines
1379 2570 1682 2627 secundum
1720 2580 1994 2636 naturam,

413 2669 631 2725 etiamsi
666 2669 781 2723 Deo
809 2685 823 2721 :
858 2666 1062 2731 «Abba,
1099 2667 1281 2731 Pater,
1319 2684 1338 2717 ι
1369 2664 1621 2720 dicamus
1645 2661 1820 2731 “;ita
1850 2664 1998 2720 Deus

412 2762 679 2823 Verbum,
730 2758 881 2829 quod
934 2757 1308 2829 inexplicabili
1339 2757 1578 2828 quodam
1606 2757 1772 2814 modo
1800 2772 1870 2813 ex
1897 2757 1998 2815 Dei

412 2859 473 2905 et
508 2849 687 2905 Patris
750 2847 1059 2904 substantia
1109 2848 1373 2918 gignitur,
1409 2855 1666 2903 naturam
1699 2847 1997 2906 humanam

415 2956 581 3011 quam
618 2937 939 3008 assumpsit,
970 2937 1184 2992 honore
1213 2935 1437 3008 quidem
1465 2936 1672 3001 ail'ecit,
1705 2952 1818 2991 non
1849 2936 1921 2991 ob
1942 2935 1998 2993 id

417 3044 602 3090 tamen
645 3031 870 3103 propria
934 3029 1200 3101 dignitate
1261 3041 1359 3086 aut
1395 3029 1720 3086 excellentia
1750 3028 1995 3095 excidit;

416 3123 621 3179 mansit
654 3124 806 3178 enim
834 3121 980 3176 Deus
997 3110 1164 3175 etiam
1194 3119 1537 3175 humanitate
1575 3118 1688 3188 jam
1721 3117 1997 3174 indutum.

414 3216 749 3286 Neutiquam
780 3228 912 3284 ergo
936 3213 1202 3284 templum
1239 3210 1397 3278 illud,
1423 3211 1570 3282 quod
1601 3227 1669 3271 ex
1691 3226 1849 3267 sacra
1872 3211 2000 3267 Vir-

416 3308 544 3381 gine
568 3314 911 3378 assumptum
924 3313 1030 3369 est,
1046 3304 1238 3376 organi
1259 3304 1383 3358 loco
1410 3310 1699 3372 acceptum
1727 3302 1997 3371 dicimus;

416 3413 609 3454 verum
647 3412 929 3455 sacrarum
962 3393 1383 3466 Scripturarum
1409 3407 1632 3449 sensum
1654 3401 2000 3449 sanctorum-

417 3506 527 3561 que
558 3491 783 3545 Patrum
817 3487 1120 3544 sententias
1134 3487 1332 3550 secuti,
1353 3486 1595 3541 Verbum
1607 3484 1893 3541 modonon
1918 3502 2005 3542 se-
2031 3529 2075 3590 ϐ

418 3582 529 3638 mel
552 3581 664 3652 jam
693 3579 943 3650 exposito
963 3593 1185 3641 carnem
1223 3578 1428 3635 factum
1458 3585 1516 3632 et
1538 3592 1695 3633 suam
1726 3593 1827 3651 pro
1843 3579 2005 3641 nobis

418 3673 661 3728 animam
720 3669 970 3741 posuisse
1022 3666 1350 3727 assentimus.
1400 3667 1538 3727 Nam
1598 3683 1726 3725 cum
1768 3682 2006 3728 mortem

418 3780 574 3821 suam
601 3764 834 3820 salutem
868 3762 1075 3818 mundo
1103 3762 1395 3827 allaturum
1428 3777 1676 3818 essenon
1703 3764 2002 3837 ignoraret,

2184 832 2349 888 Ἀλλὰ
2375 832 2459 896 τίς
2481 831 2548 884 ἂν
2588 831 2782 893 νοοῖτο,
2818 827 2953 900 φαίη
2981 845 3068 892 τις
3090 826 3159 882 ἂν
3187 828 3325 891 ἴσως
3342 869 3359 894 ,
3389 829 3423 900 ἠ
3455 829 3693 901 διαφορὰ

2097 927 2337 1000 Χριστοῦ
2368 927 2462 982 καὶ
2489 922 2790 988 Μωῦσέως,
2823 923 2982 993 εἴπερ
3009 921 3176 993 ἄμφω
3205 921 3464 990 γεγόνασι
3485 921 3573 976 διὰ
3595 940 3692 992 γυ-

2098 1019 2316 1086 ναικόςς
2347 1018 2465 1082 πῶς
2497 1019 2526 1071 6
2558 1016 2659 1088 μὲν
2692 1015 2911 1086 οἰκέτης
2937 1014 3031 1067 καὶ
3055 1013 3132 1077 ὡς
3159 1014 3218 1067 ὲν
3246 1014 3380 1084 οἴκῳ
3410 1014 3628 1079 πιστὸς,
3661 1017 3690 1067 6

2096 1112 2156 1168 δὲ
2189 1114 2285 1166 καὶ
2329 1109 2491 1181 φύσει
2526 1108 2717 1181 κύριος
2758 1107 2836 1173 ὡς
2866 1106 2984 1172 υίὸς
3026 1105 3121 1159 ἐπὶ
3153 1105 3247 1159 τὸν
3290 1099 3439 1159 οἷκον
3484 1105 3649 1159 αὑτοῦ
3672 1145 3687 1171 ,

2096 1201 2382 1256 τουτέστιν
2427 1200 2610 1271 ἡμᾶςς
2651 1194 2805 1269 οἶμαι
2850 1197 2909 1252 δὲ
2947 1197 3124 1266 ἔγωγε
3177 1195 3342 1250 παντὶ
3376 1195 3439 1249 τὸ
3492 1196 3690 1267 χρῆμα

2099 1295 2368 1367 ὑπάρχειν
2411 1290 2678 1363 ἐναργὲς,
2711 1292 2872 1360 εἴπερ
2905 1289 3054 1343 ἐστὶν
3088 1290 3147 1342 ὲν
3178 1286 3329 1358 καλῷ
3365 1287 3563 1360 φρενὸς
3597 1287 3691 1340 καὶ

2097 1384 2222 1440 νοῦν
2253 1384 2366 1455 ἔχει
2394 1380 2635 1454 Χριστοῦ
2656 1423 2672 1448 ,
2706 1380 2851 1436 κατὰ
2892 1379 2984 1437 τὸν
3030 1381 3304 1451 μακάριον
3338 1377 3572 1433 Παῦλον.
3630 1377 3691 1429 Ὀ

2102 1477 2202 1550 μὲν
2230 1476 2340 1546 γὰρ
2365 1471 2433 1547 ἦν
2460 1474 2768 1546 ἄνθρωπος,
2795 1474 2890 1526 καὶ
2911 1472 3017 1535 ὑπὸ
3045 1471 3207 1540 ζυγὸν
3231 1482 3271 1510 ω
3292 1470 3558 1533 δουλείας·
3589 1469 3692 1523 όδὲ

2097 1567 2237 1622 κατὰ
2271 1566 2434 1636 φύσιν
2466 1563 2753 1635 ἐλεύθερος
2783 1563 2860 1627 ὡς
2887 1563 3044 1627 Θεὸς,
3081 1564 3176 1620 καὶ
3219 1562 3550 1634 δημιουργὸς
3582 1561 3692 1615 τῶν

2097 1657 2255 1720 ὅλων,
2285 1656 2380 1711 καὶ
2420 1655 2654 1709 κένωσιν
2682 1655 2921 1719 ἀνατλὰς
2949 1654 3049 1726 τὴν
3081 1654 3388 1708 ἐθελούσιον
3420 1654 3483 1707 δι’
3514 1655 3689 1725 ήμᾶςο

2096 1748 2211 1805 ἀλλ’
2238 1748 2359 1820 οὐχί
2386 1747 2545 1803 τοῦτο
2567 1747 2731 1801 αὐτὸν
2752 1747 2854 1818 τῆς
2880 1745 3220 1818 θεοπρεποῦς
3238 1746 3396 1815 δόξης
3414 1745 3691 1811 ὲξοικίσει,

2096 1840 2220 1897 οὔτε
2256 1842 2363 1914 μὴν
2393 1844 2493 1913 τῆς
2527 1841 2843 1914 ὑπερτάτης
2872 1840 2969 1894 καὶ
2999 1839 3142 1897 κατὰ
3170 1840 3389 1895 πάντων
3417 1839 3694 1911 ὑπεροχῆς

2097 1933 2429 2005 ἀποσοϐήσει
2477 1931 2644 1987 ποθέν
2692 1942 2743 1988 ιι.
2798 1933 3012 2004 ’Ὠσπερ
3058 1933 3169 2004 γὰρ
3215 1934 3377 2004 ἡμεῖς
3421 1932 3484 1984 τὸ
3527 1931 3693 1985 αὐτοῦ

2098 2023 2317 2095 πνεῦμα
2348 2023 2752 2096 πλουτήσαντες
2784 2022 3109 2094 (κατῴκησε
3142 2023 3252 2093 γὰρ
3286 2024 3345 2076 ἐν
3390 2025 3511 2086 ταῖς
3554 2039 3696 2092 καρ-

2098 2115 2240 2181 ᾶαις
2262 2116 2422 2188 ήμῶν
2443 2117 2461 2180 )
2481 2158 2494 2183 ,
2528 2114 2840 2187 τετάγμεθα
2878 2116 2977 2187 μὲν
3007 2117 3066 2169 ὲν
3096 2115 3307 2177 τέκνοις
3337 2114 3497 2177 Θεοῦ,
3528 2113 3588 2166 τό
3632 2130 3697 2182 γε

2103 2209 2211 2279 μὴν
2260 2203 2403 2261 εἶναι
2451 2205 2601 2265 τοῦθ’
2655 2207 2794 2278 ὅπερ
2842 2207 3013 2278 ἐσμὲν
3060 2205 3164 2259 οὐκ
3214 2203 3694 2275 ἀποϐεϐλήκαμεν

2100 2300 2270 2372 ἐσμὲν
2301 2301 2410 2372 γὰρ
2440 2300 2720 2372 ἄνθρωποι
2750 2298 2896 2354 κατὰ
2926 2298 3109 2371 φύσιν,
3142 2299 3322 2361 καίτοι
3367 2297 3489 2368 Θεῷ
3515 2296 3699 2365 λέγον·-

2099 2410 2211 2460 τες·
2252 2412 2272 2446 ι
2321 2394 2511 2459 Ἀϐϐᾶ,
2538 2395 2567 2447 6
2604 2394 2820 2465 Πατήρ·
2856 2411 2875 2446 ι
2911 2392 3054 2447 οὕτω
3083 2393 3178 2448 καὶ
3211 2391 3375 2455 αὐτὸς
3408 2390 3437 2442 6
3470 2392 3566 2462 τῆς
3601 2390 3696 2449 τοῦ

2098 2485 2236 2541 Θεοῦ
2269 2488 2364 2541 καὶ
2393 2487 2607 2560 Πατρδς
2633 2486 2822 2550 οὐσίας
2853 2486 3187 2563 ἀπορῤήτως
3218 2483 3541 2555 ἐκπεφηνὼς
3566 2484 3698 2547 Θεὸς
3754 2502 3757 2503 ⁷

2098 2578 2293 2647 Λόγος,
2323 2578 2650 2650 προσλαϐὼν
2679 2577 2741 2631 τὸ
2770 2577 3131 2649 ἀνθρώπινον,
3173 2577 3434 2648 τετίμηκε
3466 2576 3564 2647 μὲν
3601 2575 3699 2648 τὴν

2099 2669 2281 2740 φύσιν,
2315 2669 2376 2723 οὐ
2405 2668 2648 2740 μὴν-ἐξω
2674 2668 2868 2738 γέγονε
2898 2667 3001 2739 τῆς
3033 2667 3171 2730 ἰδίας
3200 2666 3498 2737 ὑπεροχῆς,
3533 2665 3699 2735 μεμέ-

2098 2779 2231 2833 νηκε
2261 2762 2317 2816 δὲ
2342 2761 2437 2815 καὶ
2460 2765 2518 2816 ὲν
2553 2762 2931 2835 ἀνθρωπὸτητι
2968 2760 3125 2825 Θεός.
3163 2758 3371 2814 Οὐκοῦν
3397 2759 3496 2812 οὐκ
3525 2760 3581 2810 ἐν
3605 2758 3698 2828 ὀρ-

2099 2853 2266 2922 γάνου
2294 2850 2446 2918 τάξει
2470 2850 2842 2923 παρειλῆφθαί
2863 2868 3043 2921 φαμεν
3076 2850 3169 2904 τὸν
3200 2849 3266 2902 ὲκ
3293 2850 3392 2919 τῆς
3419 2845 3696 2918 Παρθένου

2101 2944 2226 3000 ναόν
2257 2952 2307 2982 θ’
2358 2944 2617 3016 ἑπόμενοι
2657 2944 2714 2996 δὲ
2766 2943 2970 3014 μᾶλλον
3017 2943 3084 3013 τῇ
3137 2940 3320 2994 πίστει
3372 2939 3482 2992 τῶν
3536 2938 3698 3010 ἱερῶν

2101 3035 2454 3108 Γραμμάτων
2483 3035 2577 3090 καὶ
2600 3037 2721 3099 ταῖς
2750 3035 2859 3087 τῶν
2886 3032 3057 3101 ἁγίων
3078 3031 3304 3099 φωναῖς,
3334 3029 3515 3100 σάρκα
3545 3027 3699 3096 γενέ-

2110 3129 2241 3183 σθαι
2290 3128 2383 3182 τὸν
2425 3128 2602 3198 Λόγον
2642 3123 3072 3196 διακεισόμεθα,
3125 3121 3270 3176 κατά
3311 3138 3375 3190 γε
3424 3120 3552 3184 τοὺς
3596 3119 3697 3189 ἤδη

2102 3220 2421 3285 πλειστάκις
2444 3221 2578 3292 ἡμῖν
2602 3216 3071 3290 προαποδοθέντας
3091 3215 3351 3285 τρόπους
3376 3208 3532 3276 οὗτος
3553 3212 3650 3266 καὶ
3672 3222 3701 3261 ι)

2101 3313 2347 3369 τέθεικεν
2377 3313 2519 3384 ὑπὲρ
2561 3309 2720 3381 ήμῶν
2763 3308 2862 3381 τὴν
2892 3307 3088 3379 ψυχήν.
3140 3306 3361 3378 Ἐπειδὴ
3404 3304 3514 3376 γὰρ
3558 3299 3629 3376 ἦν
3671 3304 3701 3357 6

2104 3408 2332 3472 θάνατος
2353 3406 2519 3460 αὑτοῦ
2542 3405 2637 3458 τοῦ
2661 3403 2868 3474 κόσμου
2890 3403 2919 3455 6
2937 3402 3226 3474 σωτήριος,
3252 3400 3519 3471 ὑπέμεινε
3541 3415 3699 3451 σταυ-

2060 3533 2074 3570 ._
2110 3499 2226 3570 ρδν,
2274 3495 2537 3568 αἰσχύνης
2558 3494 2998 3565 καταφρονήσας,
3023 3494 3204 3546 καίτοι
3231 3491 3345 3563 ζωὴ
3371 3489 3515 3544 κατὰ
3541 3488 3703 3560 φύσιν

2112 3589 2396 3661 ὑπάρχων,
2418 3587 2495 3649 ὡς
2517 3585 2673 3650 Θεός.
2702 3583 2829 3648 Πῶς
2853 3579 2946 3638 οὖν
2968 3585 3002 3655 ή
3033 3584 3147 3656 ζωὴ
3170 3583 3422 3638 τεθνάναι
3449 3582 3665 3651 λέγεται
3687 3598 3702 3650 ς

2117 3682 2196 3753 Τῇ
2242 3679 2350 3750 ἰδίᾳ
2383 3678 2550 3751 σαρκὶ
2581 3676 2832 3733 παθοῦσα
2871 3677 2963 3732 τὸν
3002 3677 3254 3743 θάνατον,
3307 3677 3396 3731 ἵνα
3443 3677 3703 3748 φαίνηται

2117 3769 2255 3840 ζωὴ,
2283 3766 2625 3833 ζωοποιοῦσα
2650 3769 2814 3824 πάλιν
2845 3769 3039 3841 αὑτήν.

320 3878 329 3882 ·
419 3876 640 3918 crucem
685 3859 968 3925 sustinuit,
994 3858 1321 3915 confusione
1347 3868 1665 3932 contempta
1693 3861 1759 3926 ⁸³,
1824 3863 2038 3918 tametsi
2080 3864 2386 3920 secundum
2436 3872 2690 3920 naturam
2729 3864 2841 3920 vita
2885 3872 3049 3930 esset,
3088 3872 3278 3934 utpote
3342 3862 3508 3918 Deus.
3556 3859 3708 3927 Quo-

419 3955 586 4011 modo
640 3953 808 4025 igitur
844 3953 958 4009 vita
988 3962 1224 4010 mortem
1252 3955 1589 4025 oppetivisse
1623 3956 1869 4012 dicitur?
1890 3957 2011 4012 Non
2049 3960 2213 4015 aliter
2240 3975 2372 4016 sane
2401 3976 2567 4031 quam
2602 3970 2840 4016 mortem
2896 3960 2953 4015 in
2979 3960 3258 4031 propriam
3311 3974 3531 4016 carnem
3554 3957 3707 4013 cxci.

420 4051 580 4121 piens
609 4066 622 4102 :
651 4048 1097 4120 quandoquidem
1126 4048 1257 4104 dum
1280 4049 1426 4104 hanc
1456 4049 1641 4107 denuo
1664 4051 1847 4105 vivam
1879 4050 2141 4119 reddidit,
2160 4069 2348 4110 veram
2379 4069 2439 4109 se
2460 4054 2628 4109 vitam
2652 4068 2774 4110 esse
2807 4063 2995 4124 aperte
3026 4052 3285 4108 ostendit.

480 4145 680 4201 Verum
746 4159 858 4219 quo
892 4144 1112 4215 planius
1157 4142 1255 4199 ﬁat
1297 4145 1446 4214 quod
1487 4145 1713 4208 dicitur,
1737 4145 2012 4215 age,etin

420 4244 669 4295 nostram
737 4253 957 4308 quoque
1013 4244 1248 4295 mortem
1320 4225 1715 4308 inquiramusf
1762 4236 2011 4308 ejusdem

421 4330 693 4385 rationem
755 4338 1012 4386 accurate
1067 4329 1500 4386 consideremus.
1545 4327 1825 4399 Numquid
1878 4344 2011 4401 ergo

420 4423 743 4484 mortalium
789 4422 1065 4494 quispiam
1117 4438 1251 4478 sana
1290 4428 1475 4476 mente
1500 4429 1684 4485 utens,
1708 4420 1840 4476 dum
1880 4438 2011 4477 (τοι-ιο

421 4531 527 4585 pus
558 4515 666 4571 hoc
680 4523 966 4575 terrenum
990 4513 1381 4585 exstinguitur,
1411 4527 1519 4567 una
1562 4529 1689 4569 cum
1714 4514 1809 4570 illo
1836 4515 2009 4586 ipsam

422 4619 644 4676 quoque
714 4605 955 4660 animam
1016 4603 1292 4674 exstingui
1335 4600 1560 4656 credit?
1605 4603 1729 4659 Non
1751 4606 2010 4661 existimo

423 4696 512 4750 vel
560 4694 659 4749 uni
679 4710 749 4750 ex
777 4694 1038 4761 omnibus
1066 4694 1172 4748 hoc
1203 4707 1324 4747 esse
1347 4707 1670 4762 persuasum
1694 4712 1709 4761 ;
1734 4704 1792 4751 et
1824 4705 2008 4752 tamen

422 4787 573 4857 quod
598 4787 970 4842 communiter
1001 4784 1255 4841 accidere
1293 4783 1451 4850 solet,
1482 4800 1597 4840 non
1620 4787 1888 4863 corporis,
1911 4788 2031 4843 sed-

2183 4150 2321 4221 Φέρε
2344 4149 2453 4223 γὰρ
2481 4151 2577 4204 καὶ
2600 4153 2634 4221 ή
2644 4150 2759 4221 μῶν
2784 4149 2967 4208 αὐτῶν
2989 4151 3017 4203 6
3049 4148 3144 4202 τοῦ
3166 4149 3396 4204 θανάτου
3425 4150 3707 4222 πολυπρα-

2110 4241 2423 4313 γμονείσθω
2455 4243 2676 4314 τρόπος.
2707 4242 2821 4312 Οὐχ
2844 4241 3184 4295 ἀπαστισοῦν
3209 4241 3319 4295 τῶν
3345 4237 3404 4296 εὖ
3440 4242 3705 4314 φρονούν-

2110 4349 2220 4387 των
2244 4334 2360 4406 ὲρεῖ
2389 4335 2503 4397 τοῖς
2535 4334 2644 4386 ἀπὸ
2670 4333 2772 4404 γῆς
2800 4332 3051 4404 σώμασιν
3088 4334 3654 4407 συγκαταφθείρεσθαι
3675 4345 3705 4395 (ι

2111 4424 2210 4489 τὰς
2245 4424 2442 4496 ψυχάς.
2498 4425 2663 4490 ’Λλλ’,
2709 4419 2886 4496 οἶμαι,
2921 4426 3078 4481 τοῦτό
3115 4428 3265 4482 ἐστιν
3294 4429 3353 4481 ὲν
3391 4427 3567 4482 οὐδενὶ
3597 4429 3707 4482 τῶν

2109 4516 2279 4571 ὄντων
2308 4518 2636 4572 ὲνδοιαστόν·
2670 4516 2811 4590 πλὴν
2847 4517 3138 4591 ἀνθρώπου
3174 4520 3435 4587 θάνατος,
3467 4522 3529 4575 τὸ
3562 4539 3705 4593 συμ-

2113 4609 2348 4681 ϐεϐηκὸς
2373 4608 2720 4681 ὀνομάζεται.
2752 4608 2908 4664 Οὕτω
2941 4611 3156 4682 νοήσεις
3186 4614 3280 4667 καὶ
3308 4615 3394 4666 ἐπ’
3423 4613 3589 4668 αὐτοῦ
3610 4612 3705 4671 τοῦ

2112 4699 2486 4771 Ἐμμανουήλ.
2522 4695 2633 4754 Ἦν
2667 4701 2766 4771 μὲν
2798 4701 2907 4772 γὰρ
2953 4703 2982 4755 6
3013 4702 3188 4771 Λόγος
3235 4704 3311 4767 ὡς
3347 4705 3405 4757 ὲν
3449 4704 3564 4775 ἰδίῳ
3601 4705 3710 4756 σώ-

2118 4807 2248 4860 ματι
2272 4789 2350 4860 τῷ
2371 4791 2436 4843 ὲκ
2462 4790 2741 4859 γυναικὸς,
2772 4792 2943 4846 ἐδίδου
2972 4792 3029 4847 δὲ
3053 4795 3186 4848 αὐτὸ
3217 4793 3294 4867 τῷ
3319 4796 3535 4868 θανάτῳ
3564 4798 3707 4855 κατὰ

426 4877 667 4933 hominis
693 4893 845 4934 mors
863 4879 1195 4948 appellatur.
1231 4876 1316 4932 Ad
1346 4892 1475 4932 eum
1498 4878 1686 4949 itaque
1707 4880 1933 4935 modum
1952 4890 2004 4939 et

2116 4879 2329 4950 καιρὸν,
2380 4880 2607 4952 πάσχων
2652 4883 2750 4953 μὲν
2776 4882 2939 4937 ὀὐδὲν
2985 4886 3067 4949 είς
3114 4885 3250 4940 ἰδίαν
3292 4889 3456 4956 φύσιν
3504 4888 3703 4952 αὐτός’

423 4970 495 5025 de
545 4970 664 5041 ipso
714 4985 938 5040 quoque
1016 4969 1376 5025 Emmanuele
1442 4976 1653 5025 statuas
1703 4971 1851 5026 licet.
1882 4972 2004 5029 Erat

2119 4967 2233 5040 ζωὴ
2276 4972 2387 5043 γάρ
2444 4974 2563 5026 ἐστι
2611 4975 2707 5029 καὶ
2753 4973 3054 5041 ζωοποιὸς·
3118 4978 3485 5050 οἰκειούμενος
3536 4980 3594 5033 δὲ
3640 4978 3709 5032 τὰ

423 5062 572 5117 enim
647 5063 890 5119 Verbum
942 5060 1001 5115 in
1044 5075 1114 5116 eo
1165 5060 1313 5130 quod
1343 5077 1414 5117 ex
1444 5063 1681 5118 muliere
1701 5071 2004 5135 susceptum

2124 5062 2361 5134 σαρκικᾶ
2389 5072 2436 5131 τ,
2489 5064 2577 5118 ’ίνα
2622 5067 2719 5120 καὶ
2750 5066 2918 5121 αὑτοῦ
2973 5067 3202 5141 λέγηται
3254 5069 3317 5123 τὸ
3358 5070 3572 5134 παθεῖν,
3612 5072 3709 5124 καὶ

424 5163 545 5209 erat
570 5154 641 5219 ",
673 5162 936 5223 tanquam
1000 5152 1057 5205 in
1108 5153 1333 5222 pr0prio
1396 5169 1629 5225 corpore
1659 5171 1674 5221 ;
1702 5155 1808 5211 hoc
1838 5156 2004 5227 ipsum

2120 5148 2202 5218 εἷς
2226 5155 2255 5208 6
2284 5155 2523 5222 πάντων,
2554 5158 2816 5227 ἀναστὰς,
2847 5160 3083 5226 τεθνεὼς
3113 5162 3256 5234 ὑπὲρ
3304 5163 3546 5230 πάντων,
3581 5164 3710 5231 ἁγο-

425 5255 612 5302 autem
652 5261 856 5315 corpus
876 5242 1151 5313 praeﬁnito
1169 5250 1418 5315 tempore
1445 5246 1504 5300 in
1528 5255 1765 5301 mortem
1796 5256 2004 5303 contra-

2121 5249 2265 5321 ράσῃ
2307 5249 2386 5321 τῷ
2431 5250 2546 5322 ἰδίῳ
2592 5252 2790 5324 αἵματι
2844 5252 2946 5325 τὴν
2971 5255 3064 5309 ὑπ’
3112 5255 3364 5328 οὐρανὸν,
3398 5258 3494 5310 καὶ
3544 5271 3711 5309 κατα-

427 5336 588 5404 didit,
620 5332 761 5392 nihil
782 5332 1371 5391 interimincommodi
1400 5337 1624 5409 propria
1650 5346 1847 5394 natura
1886 5355 2004 5395 sus-

2119 5343 2391 5413 κτήσηται
2420 5342 2499 5416 τῷ
2517 5344 2638 5416 Θεῷ
2660 5347 2757 5403 καὶ
2776 5347 2956 5418 Πατρὶ
2973 5348 3100 5413 τοὺς
3125 5349 3230 5404 ἀνὰ
3252 5351 3433 5404 πᾶσαν
3460 5348 3559 5420 τὴν
3577 5347 3703 5419 γῆν.

500 5491 561 5572 ⁸-⁸.
578 5490 623 5572 ll
647 5488 774 5546 Cor.
799 5505 874 5572 vi,
902 5489 1014 5572 165A
1044 5490 1239 5572 “Lavit.
1276 5508 1421 5572 xxvi,
1452 5493 1537 5548 12.
1611 5495 1659 5526 ⁸⁸
1684 5495 1703 5549 l
1730 5495 1858 5551 COP-
1894 5512 1994 5564 νιν,

2104 5537 2116 5550 .
2192 5497 2239 5530 ⁸⁸
2274 5498 2514 5571 Philipp.
2549 5516 2606 5567 η,
2633 5502 2685 5557 7.
2761 5502 2808 5534 ⁸⁷
2842 5502 3004 5558 Rom.
3028 5520 3145 5572 vm,
3174 5505 3261 5560 11.

500 5502 547 5523 “
578 5502 622 5546 II
647 5502 774 5546 (λον.
799 5505 874 5552 vr,
902 5502 1002 5553 ui;
1062 5502 1239 5547 Levit.
1276 5508 1421 5557 xxvi,
1452 5502 1537 5548 12.
1611 5502 1659 5526 "
1684 5502 1703 5549 Ι
1730 5502 1858 5551 Cor.
1894 5512 1994 5564 vn,

428 5558 475 5592 ⁶⁹
514 5560 688 5617 Hebr.
717 5572 812 5627 χιι,
839 5559 897 5612 2.
968 5560 1015 5591 ⁷⁰
1039 5559 1218 5619 Galat.
1258 5580 1328 5631 iv,
1363 5566 1418 5620 4.

2104 5537 2116 5550 .
2192 5502 2239 5530 ⁸⁸
2274 5502 2514 5571 Philipp.
2549 5516 2606 5567 η,
2633 5502 2685 5557 7.
2761 5502 2808 5534 ⁸⁷
2842 5502 3004 5558 Rom.
3028 5520 3145 5572 vm,
3174 5505 3261 5560 11.
3374 5502 3422 5537 "
3444 5503 3584 5561 Ibid.
3622 5503 3708 5560 15.

1520 5704 1698 5760 Varia:
1725 5705 1996 5762 lectiones
2031 5706 2241 5762 codicis
2271 5706 2641 5779 Seguieriani.

498 5840 541 5871 πθ
566 5832 772 5889 δούλου.
846 5847 872 5874 ιι
899 5837 1245 5913 ἀποσοϐήσει.
1278 5843 1467 5899 Πόθεν.
1544 5855 1567 5882 ο
1591 5847 1737 5899 Υιόν.
1778 5847 1921 5900 Ναόν
1961 5849 2004 5901 li;

431 5907 991 5951 συγχιταωοεὶηρσοησ
1099 5922 1120 5951 1³
1149 5915 1345 5951 «nn-ll.—

2108 5860 2194 5903 tur
2224 5867 2441 5921 quoque
2472 5853 2524 5908 in
2568 5871 2669 5911 ms.
2727 5856 3102 5929 Segnicriano.
3173 5871 3199 5911 Ρ
3221 5860 3363 5917 οὕτω
3391 5862 3516 5934 γάρ.
3598 5872 3624 5912 ‘l
3649 5862 3708 5923 οὐ

467 5880 1467 5985 υγχΞὶ-άῷὀὲίρεσνόἆῖἐσνυέιὲἒνρχιὲἔῖιῦΙ.
1550 5880 1560 5882 ~
1600 5880 1737 5899 ιιιη.
1778 5880 1920 5900 μοι-υ
1963 5880 2183 5906 ιιιιυυιιιι
2224 5880 2441 5921 ιμιυιιιιυ
2473 5880 2524 5908 III
2568 5880 2669 5911 IIIS.
2727 5880 3102 5929 ocgutcrlanu.
3173 5880 3363 5917 νουτω
3391 5880 3516 5934 γαρ.
3598 5880 3624 5912 Ἰ
3649 5880 3693 5923 0",
