4058 6460
395 399 464 455 39

1418 376 1476 433 S.
1520 368 1796 431 CYRILLI
1830 361 2304 422 ALEXANDRINI
2343 357 2665 414 ARCHIEP.

3596 353 3668 410 ω

400 508 459 562 4d
510 504 709 559 coelum
759 498 1022 561 muniret,
1067 493 1336 566 ejusmodi
1390 488 1707 559 triumphali
1753 498 1977 539 carmen

2103 477 2293 532 ιασιλεί
2315 476 2496 547 ἡμῶν,
2515 475 2742 544 ψάλατε·
2766 472 2975 543 ψάλατε
2997 468 3252 533 συνετῶς.
3293 466 3672 522 Ἐϐασίλευσεν

395 594 671 651 accinuit:
707 611 726 641 ι
779 588 1044 643 Ascendit
1096 588 1242 641 Deus
1290 586 1344 638 in
1386 584 1580 654 jubilo,
1608 578 1876 634 Dominus
1919 574 1974 626 in

399 702 528 740 voce
593 683 757 736 tubaa.
805 680 1027 736 Psallite
1082 680 1194 734 Deo
1225 684 1436 738 nostro,
1476 672 1723 744 psallite;
1761 667 1977 738 psallite

398 776 509 844 regi
530 782 743 837 nostro,
769 771 1005 841 psallite,
1039 770 1252 840 psallite
1280 767 1573 837 sapienter.
1606 764 1752 817 Deus
1778 774 1977 829 regna-

2080 575 2108 626 ὀ
2140 573 2273 635 Θεὸς
2319 572 2414 624 ἐπὶ
2442 572 2514 623 τὰ
2540 568 2689 638 ἔθνη.
2730 586 2749 618 ι
2795 567 2942 637 Ἔφη
2970 564 3027 618 δέ
3078 581 3179 617 που
3212 563 3308 616 καὶ
3340 564 3369 615 ὁ
3402 562 3673 632 μακάριος

2086 663 2302 726 Παῦλος
2330 661 2459 732 περὶ
2487 658 2676 725 αὐτοῦ,
2702 658 2898 726 λέγων·
2931 675 2950 708 ι
2995 655 3053 709 Ὀ
3077 653 3343 719 καταϐὰς,
3372 654 3535 716 αὐτός
3558 655 3674 705 ἐστι

2080 755 2178 808 καὶ
2201 755 2229 807 ὁ
2258 752 2463 816 ἀναϐὰς
2485 750 2743 824 ὑπεράνω
2766 749 2876 803 τῶν
2904 747 3172 819 οὐρανῶν,
3194 747 3283 801 ἵνα
3308 745 3576 819 πληρώσῃ
3607 746 3676 799 τὰ

398 864 474 917 vit
535 878 702 932 super
752 876 944 915 omnes
967 861 1246 930 gentes".
1281 878 1299 908 ›
1327 857 1435 912 Sed
1473 863 1530 909 et
1554 854 1749 907 beatus
1774 849 1978 904 Paulus
2080 846 2278 900 πάντα.
2324 863 2342 896 ι

396 931 619 1026 quoque
648 954 716 1008 de
751 952 845 1006 illo
884 951 973 1006 his
1012 959 1380 1005 consentanea
1439 945 1674 1002 scribit:
1719 962 1736 994 ι
1772 941 1897 1008 Qui,
1968 939 2168 1009 inquit,
2204 936 2511 1003 descendit,
2561 937 2677 1007 ipse
2737 942 2823 991 est
2863 934 2959 1005 qui
2983 943 3042 988 et
3081 931 3329 988 ascendit
3364 946 3531 1002 super
3556 945 3683 984 om-

398 1060 496 1099 nes
516 1043 707 1106 ccelos,
737 1049 799 1095 ut
821 1040 1146 1109 adimpleret
1178 1037 1360 1091 omnia
1381 1037 1479 1088 73.:

468 1137 606 1199 Cum
656 1135 822 1206 igitur
863 1133 1165 1189 secundum
1196 1140 1446 1185 naturam
1471 1142 1639 1182 verus
1670 1127 1744 1182 sit
1775 1140 1892 1189 rex,
1931 1133 1989 1179 et

398 1224 546 1278 Deus
608 1223 742 1277 item
801 1235 968 1276 verus
990 1219 1177 1290 glorise
1209 1217 1478 1271 Dominus
1522 1214 1821 1270 cruciﬁxus
1848 1229 1988 1284 prte-

401 1315 616 1371 dicetur
646 1316 714 1381 7',
758 1314 848 1368 cui
875 1312 1106 1367 dubium
1147 1325 1268 1365 esse
1302 1318 1485 1380 potest
1516 1308 1654 1378 quin
1682 1322 1838 1363 sacra
1860 1306 1986 1362 Vir-

401 1422 468 1477 go
497 1407 729 1475 Deipara
778 1405 850 1459 sit
909 1401 1291 1457 nominanda?
1332 1400 1415 1454 Tu
1450 1400 1619 1471 igitur
1651 1399 1984 1455 Emmanue-

401 1500 509 1554 lem
559 1507 618 1552 ut
660 1512 830 1551 unum
870 1495 1059 1559 adora,
1096 1508 1276 1562 neque
1322 1500 1447 1562 post
1486 1492 1687 1547 factam
1724 1493 1985 1546 unionem

402 1589 461 1642 in
495 1588 635 1642 duos
679 1586 831 1639 illum
888 1584 1120 1637 disseca.
1158 1582 1313 1635 Tunc
1335 1580 1482 1635 enim
1512 1580 1736 1635 insanus
1767 1577 1989 1633 Judaaus

402 1684 679 1736 incassum
710 1678 934 1742 ridebit,
970 1685 1101 1730 tunc
1132 1674 1327 1745 procul
1354 1673 1525 1728 dubio
1569 1673 1738 1727 occisi
1765 1671 1985 1727 Domini

401 1787 531 1827 rcus
553 1779 763 1840 agetur,
788 1779 921 1824 tunc
953 1769 1109 1822 illum
1138 1783 1251 1821 non
1276 1767 1331 1821 in
1371 1765 1649 1836 vulgarem
1673 1764 1986 1834 quempiam

2160 1121 2285 1175 Ὅτι
2311 1137 2369 1173 τε
2397 1120 2576 1173 τοίνυν
2595 1120 2690 1174 καὶ
2711 1119 2843 1183 Θεός
2870 1118 3018 1173 ἐστιν
3041 1116 3276 1188 ἀληθῶς,
3302 1116 3401 1187 ,καὶ
3425 1114 3677 1186 βασιλεὺς

2087 1211 2230 1265 κατὰ
2257 1211 2439 1280 φύσιν,
2471 1211 2686 1282 εἴρηται
2705 1209 2761 1264 δὲ
2788 1209 2883 1263 καὶ
2901 1209 3002 1281 τῆς
3024 1208 3185 1281 δόξης
3210 1209 3417 1278 Κύριος
3438 1210 3466 1261 ὁ
3495 1210 3679 1261 ἐσταυ-

2090 1306 2355 1378 ρωμένος,
2390 1305 2507 1369 πῶς
2540 1305 2606 1359 ἂν
2637 1304 2931 1358 ὲνδοιάσείε
2961 1321 3047 1367 τις
3078 1302 3341 1357 Θεοτόκον
3374 1303 3550 1355 είπεῖν
3577 1299 3678 1373 τὴν

2089 1397 2249 1466 ἁγίαν
2295 1397 2612 1467 Παρθένον;
2658 1396 3044 1468 Προσκύνησον
3087 1396 3163 1459 ὡς
3200 1394 3329 1461 ἕνα,
3381 1393 3458 1466 μὴ
3488 1390 3678 1447 διελὼν

2089 1493 2169 1555 είς
2188 1480 2282 1545 δύο
2310 1490 2452 1560 μετὰ
2468 1490 2567 1562 τὴν
2587 1490 2802 1543 ἕνωσιν.
2835 1489 2969 1542 Τότε
2995 1487 3216 1557 γελάσει
3239 1488 3418 1559 μάτην
3442 1489 3471 1540 ὁ
3495 1485 3677 1556 παρὰ-

2088 1601 2240 1656 φρων
2303 1584 2583 1650 Ἰουδαῖος,
2623 1583 2745 1637 τότε
2778 1581 3129 1650 κυριοκτόνος
3157 1579 3310 1634 ἔσται
3353 1577 3495 1634 κατὰ
3538 1578 3673 1649 ἀλή-

2088 1674 2240 1730 θειαν
2259 1692 2271 1704 ·
2316 1674 2582 1729 ἁλώσεται
2610 1673 2667 1727 δὲ
2693 1669 3183 1743 πεπλημμεληκὼς
3205 1670 3306 1724 οὐκ
3330 1670 3410 1732 είς
3439 1668 3535 1722 ἕνα
3565 1667 3674 1721 τῶν

2087 1766 2210 1821 καθ’
2238 1768 2409 1838 ἡμᾶς,
2431 1765 2547 1821 ἀλλ’
2574 1767 2655 1829 είς
2678 1763 2840 1818 αὐτὸν
2868 1764 2958 1817 τὸν
2986 1762 3093 1818 τῶν
3120 1762 3257 1816 ὅλων
3280 1760 3509 1831 Σωτῆρα
3537 1756 3672 1829 Χρι-

403 1866 686 1921 hominem
718 1864 879 1919 nobis
916 1863 1152 1918 similem
1181 1861 1346 1931 impie
1366 1876 1431 1915 ac
1458 1860 1723 1914 scelerate
1748 1856 1989 1912 satviisse

2103 1859 2211 1911 ττόν
2234 1867 2281 1911 ι.
2310 1858 2419 1912 Καὶ
2452 1858 2517 1929 δὴ
2546 1859 2640 1911 καὶ
2666 1855 3005 1931 ἁκούσεταιχ
3024 1874 3043 1906 ι
3073 1854 3211 1909 Οὐαὶ
3241 1853 3393 1915 ἔθνος
3419 1852 3676 1923 ἁμαρτω·

404 1959 712 2029 apparebit,
736 1957 834 2013 sed
866 1956 922 2012 in
950 1956 1337 2011 universorum
1361 1953 1701 2008 Salvatorem
1716 1960 1772 2006 et
1793 1951 1986 2006 Deum.

2103 1949 2207 2015 λὸν,
2255 1949 2384 2013 λαὸς
2418 1928 2633 2021 πλήρης
2665 1928 3239 2020 ἀμαρτιῶνίσπέρμα
3287 1944 3543 2017 πονηρὸν,
3583 1943 3680 1997 καὶ

404 2051 714 2120 Audietque
761 2050 848 2104 vel
900 2048 1144 2103 invitus:
1185 2065 1203 2097 ι
1242 2047 1336 2101 Vae
1358 2045 1506 2115 genti
1537 2043 1855 2114 peccatrici,
1890 2057 1992 2112 po-

405 2143 538 2212 pulo
575 2143 739 2212 pleno
792 2140 1054 2211 peccatis,
1105 2136 1302 2193 semini
1328 2151 1587 2207 nequam,
1620 2143 1677 2188 et
1707 2133 1836 2188 filiis
1871 2148 1992 2187 sce-

405 2232 589 2298 lestis;
617 2232 995 2303 dereliquistis
1020 2230 1337 2294 Dominum,
1370 2237 1427 2282 et
1451 2224 1821 2281 exacerbastis
1852 2224 1992 2278 San-

407 2334 558 2379 ctum
587 2325 773 2380 Israel.
817 2344 835 2375 ι
874 2324 1030 2378 Tunc
1070 2322 1314 2392 gentium
1392 2319 1630 2389 populus
1662 2317 1815 2371 nullo
1840 2331 1994 2386 pror-

407 2431 505 2473 sus
551 2419 677 2488 jure
717 2414 1157 2471 Christianorum
1182 2413 1346 2467 ﬁdem
1385 2410 1723 2465 subsannare
1758 2406 1981 2477 poterit.

407 2505 682 2575 Agnoscet
716 2504 868 2558 enim
918 2518 1020 2558 nos
1066 2518 1180 2557 non
1211 2501 1363 2555 nudo
1407 2499 1573 2553 alicui
1606 2497 1819 2552 homini
1853 2495 1993 2549 divi-

409 2611 545 2650 num
574 2595 786 2649 cultum
819 2592 1058 2654 deferre,
1082 2591 1253 2655 absit,
1280 2590 1376 2644 sed
1404 2590 1483 2643 illi
1511 2588 1599 2643 cui
1623 2596 1820 2641 natura
1850 2586 1996 2640 Deus

410 2694 534 2750 est;
562 2700 743 2754 neque
768 2684 915 2738 enim
951 2683 1138 2753 gloria:
1202 2680 1618 2751 majestatisque
1644 2679 1791 2733 illius
1822 2678 1997 2748 ignari

414 2792 646 2842 sumus;
675 2792 804 2830 nam
860 2776 964 2830 etsi
1019 2773 1247 2844 perinde
1282 2788 1346 2827 ac
1367 2787 1469 2827 nos
1499 2771 1676 2826 factus
1698 2780 1801 2835 est,
1826 2770 1879 2825 id
1912 2781 1996 2826 ta-

414 2882 544 2922 men
569 2868 717 2938 quod
745 2875 885 2933 erat,
909 2865 1170 2920 nimirum
1214 2864 1361 2918 Deus
1399 2877 1617 2932 semper
1655 2863 1873 2917 mansit.
1893 2862 1997 2918 Per

2098 2042 2202 2094 uiol.
2239 2041 2430 2109 ἄνομοι
2455 2056 2467 2069 ·
2500 2040 2889 2107 ἐγκατελίπετε
2938 2038 3031 2091 τὸν
3065 2036 3290 2108 Κύριον,
3326 2035 3423 2088 atal.
3460 2050 3681 2103 παρωρ-

2100 2133 2292 2199 γίσατε
2315 2132 2407 2187 τὸν
2438 2133 2629 2200 ’Ἃγιον
2654 2131 2750 2184 τοῦ
2785 2130 3021 2203 Ἰσραήλ.
3050 2147 3069 2180 ι
3104 2128 3373 2199 Ἑλλήνων
3401 2124 3459 2179 δὲ
3492 2125 3682 2187 παῖδες

2099 2224 2219 2277 κατ’
2263 2223 2450 2277 οὐδένα
2479 2224 2681 2295 τρόπον
2713 2223 2811 2295 τὴν
2848 2222 2961 2276 τῶν
3007 2218 3353 2294 Χριστιανῶν
3395 2217 3685 2288 διαμωμή-

2103 2334 2284 2370 σονται
2335 2317 2538 2374 πίστιν.
2596 2315 3050 2388 Λελατρεύκαμεν
3100 2312 3207 2386 γὰρ
3266 2312 3367 2365 οὐκ
3414 2306 3685 2380 ἀνθρώπῳ

2094 2407 2260 2479 ψιλῷ·
2298 2408 2372 2480 μὴ
2411 2408 2650 2478 γένοιτο·
2702 2408 2822 2478 Θεῷ
2853 2407 2910 2460 δὲ
2955 2405 3157 2476 μᾶλλον
3190 2404 3269 2475 τῷ
3307 2401 3450 2458 κατὰ
3498 2400 3683 2470 φύσιν,
3746 2406 3753 2411 “

2092 2501 2192 2554 οὐκ
2224 2501 2543 2575 αγνωῦντες
2570 2500 2735 2555 αὐτοῦ
2761 2490 3074 2570 τὴνδὸξαν,
3111 2496 3214 2551 κᾶν
3247 2498 3298 2550 εί
3335 2496 3530 2566 γέγονε
3559 2493 3684 2547 καθ’

2095 2594 2262 2662 ἡμᾶς,
2301 2592 2626 2665 μεμενηκὼς
2656 2594 2794 2663 ὅπερ
2830 2586 2920 2663 ἧν,
2954 2590 3201 2645 τουτέστι
3228 2589 3381 2652 Θεός.
3413 2586 3491 2640 Δι’
3519 2584 3685 2640 αὑτοῦ

2094 2701 2154 2737 τε
2195 2685 2289 2738 καὶ
2338 2687 2435 2739 σὺν
2472 2683 2621 2756 αὐτῷ
2666 2684 2746 2756 τῷ
2778 2683 2900 2754 Θεῷ
2945 2683 3040 2738 καὶ
3081 2684 3261 2753 Πατρὶ
3295 2679 3382 2748 εἴη
3427 2680 3553 2743 δόξα
3586 2678 3686 2732 σὺν

2098 2776 2239 2848 ἁγίῳ
2281 2777 2378 2830 καὶ
2412 2775 2662 2849 ζωοποιῷ
2689 2775 2996 2847 Πνεὺματι,
3035 2775 3118 2838 εἰς
3160 2774 3287 2837 τοὺς
3330 2772 3535 2834 αἰῶνας
3576 2768 3687 2821 τῶν
3758 2792 3764 2796 ·

2099 2865 2331 2921 αἰώνων.
2366 2867 2560 2937 Ἀμήν.

417 2962 600 3033 ipsum
626 2970 685 3017 et
724 2974 852 3016 cum
897 2959 1038 3030 ipso,
1101 2958 1215 3013 Deo
1266 2963 1324 3013 et
1386 2956 1536 3011 Patri
1581 2955 1653 3012 sit
1700 2956 1875 3026 gloria
1930 2972 2058 3012 cum
2119 2968 2309 3015 sancto
2346 2967 2405 3015 et
2449 2959 2670 3017 viviﬁco
2722 2959 2933 3032 Spiritu
2998 2960 3057 3016 in
3101 2957 3302 3016 saecula
3359 2953 3714 3013 seculorum.

414 3053 613 3109 Amen.

1846 3282 2185 3343 EPISTOLA
2222 3287 2288 3342 11.

1714 3437 1924 3480 εγιυιιι
1956 3438 2023 3478 ΑΙ)
2059 3439 2383 3481 Νεετοιιιυιι.

422 3565 660 3639 "(tresis
707 3560 1042 3639 Nestoriana;
1091 3575 1304 3639 runtore
1328 3559 1763 3639 ἰημοεεὶιὶενιερηι⁸
1779 3572 1828 3617 et
1869 3565 2147 3639 gzdaures
2178 3566 2444 3624 Caélestini
2473 3566 2503 3623 1
2539 3568 2801 3639 pontiﬁcis
2835 3568 3054 3639 maximi
3080 3573 3387 3639 peruagato,
3422 3567 3467 3621 is
3493 3566 3693 3637 Cyrillo

384 3676 387 3679 λ
498 3635 845 3690 mandaverat
872 3640 931 3684 ut
964 3632 1042 3684 rei
1072 3632 1345 3702 veritatem
1386 3633 1697 3702 inquireret.
1723 3633 1879 3688 Ponti

1882 3634 2024 3710 ﬁcis_
2036 3638 2305 3710 mandatis
2339 3634 3024 3710 morem'gerensACyrillus,
3051 3634 3113 3690 ea
3138 3634 3380 3710 Nestorio
3400 3634 3687 3710 signiﬁcat,

495 3720 719 3785 euntque
748 3702 1128 3785 paldeiratum
1152 3700 1214 3754 ob
1236 3700 1516 3785 epistolam
1545 3703 1615 3756 ad
1641 3700 1922 3760 monachos
1952 3706 2173 3779 zEgypti
2199 3709 2385 3785 datam
2410 3700 2591 3785 episi.
2619 3709 2678 3780 Ι)
2702 3700 2911 3785 blandis
2938 3716 2989 3761 et
3011 3700 3019 3704 ⁷
3035 3708 3224 3785 amicis
3267 3700 3696 3785 verbis:plbcare

495 3772 689 3837 studet,
716 3772 877 3828 simul
900 3780 1075 3826 tamen
1097 3788 1192 3850 pro
1208 3772 1379 3850 _o[ﬁcio
1403 3773 1689 3830 admonens
1710 3786 1767 3829 ut
1788 3785 2002 3847 prapter
2023 3772 2204 3849 pubem
2230 3772 2479 3838 Ecclesiaz'
2500 3772 2708 3836 beata'm
2735 3778 3002 3850 Virginem
3027 3777 3316 3849 Deiparam
3337 3772 3691 3846 conﬁteretur,

498 3861 666 3917 neque
687 3853 797 3898 tam
816 3858 977 3914 grave
995 3840 1313 3896 scandalum
1338 3842 1509 3898 daret.

497 3956 928 4030 lleligiosissimo
979 3956 1187 4027 Deique
1232 3959 1609 4015 amantissimo
1652 3961 1911 4032 episcopo
1958 3971 2002 4017 el

2187 3965 2278 4038 Τῷ
2300 3965 2680 4034 εὐλαϐεστάτῳ
2707 3963 2804 4020 καὶ
2828 3928 3231 4035 θεοφιλεστάτη.»
3261 3964 3546 4036 ὲπισκόπῳ
3570 3965 3696 4020 συλ-

428 4051 808 4108 comministro
837 4050 1113 4117 Nestorio,
1138 4050 1377 4122 Cyrillus
1401 4052 1765 4123 episcopusin
1779 4053 2012 4109 Domino

428 4143 684 4197 salutem.

497 4231 861 4287 Advenerunt
882 4229 1272 4285 Alexandriam
1298 4230 1408 4286 viri
1431 4231 1641 4303 aliquot
1660 4233 2014 4290 veneratione

428 4339 494 4378 ac
529 4322 636 4377 ﬁde
684 4322 856 4393 digni,
899 4322 995 4393 qui
1040 4323 1302 4392 pietatem
1350 4331 1498 4379 tuam
1539 4324 1777 4397 graviter
1808 4334 2012 4381 stoma-

429 4414 606 4482 chari,
628 4414 955 4484 nullumque
991 4413 1114 4482 {mei
1155 4414 1388 4471 lmdendi
1435 4432 1599 4474 causa
1631 4418 1869 4490 lapidem
1901 4434 2015 4473 non

429 4520 675 4572 movere,
719 4505 857 4559 mihi
899 4504 1311 4561 renuntiarunt.
1352 4507 1611 4580 Cupienti
1654 4520 1839 4566 autem
1877 4509 2014 4565 mihi

433 4594 542 4664 20
568 4608 898 4664 cognoscere
924 4592 1199 4646 undenam
1223 4595 1399 4663 pietas
1426 4608 1521 4652 tua
1550 4599 1606 4653 in
1632 4600 1774 4654 hanc
1799 4600 2019 4669 agritu-

433 4686 620 4740 dinem
653 4683 960 4748 incidisset,
994 4683 1399 4742 Alexandrinos
1433 4689 1696 4758 quosdam
1726 4689 2017 4759 epistolam

436 4777 586 4831 illam
627 4790 792 4845 quam
821 4773 889 4827 ad
908 4783 1127 4829 sanctos
1166 4777 1464 4833 monachos
1481 4779 1739 4833 miseram
1777 4777 2018 4831 circum-

436 4870 602 4935 ferre,
632 4881 865 4936 eamque
896 4881 1014 4921 rcm
1048 4866 1159 4920 odii
1198 4874 1254 4921 et
1282 4867 1606 4925 offensionis
1632 4884 1852 4924 causam
1896 4882 2020 4924 esse

438 4958 861 5029 responderunt.
902 4956 1015 5027 Ego
1050 4974 1184 5012 vero
1218 4959 1452 5015 miratus
1491 4975 1615 5015 sum
1663 4962 1926 5030 majorem
1963 4960 2020 5015 in

438 5049 686 5112 modum,
735 5046 997 5115 pietatem
1047 5056 1197 5101 tuam
1247 5048 1384 5104 illud
1430 5052 1614 5120 potius
1645 5066 1757 5105 non
1781 5065 2018 5120 perpen-

441 5140 613 5204 disse,
641 5151 944 5204 secumque
974 5147 1282 5207 repulasse,
1308 5156 1402 5196 eas
1442 5141 1499 5195 in
1526 5141 1634 5197 ﬁde
1689 5142 1878 5196 turbas
1910 5157 2021 5195 non

440 5239 666 5299 propter
693 5227 838 5280 hanc
866 5242 1032 5295 quam
1066 5229 1263 5299 scripsi
1286 5233 1596 5302 epistolam,
1631 5233 1729 5289 sed
1752 5233 1937 5303 potius
1954 5249 2022 5287 ex

443 5320 775 5390 quibusdam
822 5318 1042 5387 pietatis
1081 5330 1209 5386 tua},
1253 5324 1369 5379 sive
1403 5325 1634 5380 alterius
1672 5325 2023 5381 sermonibus
2053 5310 2098 5368 D

443 5412 709 5469 excitatas
773 5410 962 5465 fuisse.
990 5410 1248 5478 Quinimo
1273 5436 1399 5473 cum
1418 5419 1624 5473 chartae
1641 5418 1909 5487 quaedam,
1937 5419 2025 5473 vel

519 5569 564 5602 ⁷⁷
594 5569 734 5625 Psal.
758 5588 897 5639 xm,
929 5575 981 5641 6,
1018 5576 1068 5630 7.

2114 4057 2417 4130 λειτουργῷ
2450 4056 2754 4128 Νεστορίῳ,
2783 4054 3054 4127 Κύριλλος
3088 4055 3393 4121 ἐπίσκοπος
3422 4057 3481 4112 ὲν
3505 4058 3696 4131 Κυρέῳ

2115 4150 2349 4222 χαίρειν.

2191 4242 2418 4313 ’Δνδρες
2452 4239 2748 4310 αἱδέσιμοι,
2799 4237 2892 4292 καὶ
2931 4237 3169 4301 πίστεως
3208 4237 3350 4304 ἄξιοι
3388 4241 3701 4312 παραγεγό-

2117 4347 2272 4385 νασιν
2310 4334 2367 4383 ὲν
2425 4327 2809 4400 Ἀλεξανδρείᾳ
2834 4343 2848 4358 ·
2883 4321 3002 4379 εἶτα
3033 4326 3333 4397 μετέδοσαν
3364 4326 3564 4383 ὡσανεὶ
3596 4333 3701 4386 ’καὶ

2115 4422 2216 4493 τῆς
2247 4422 2345 4493 σῆς
2372 4419 2683 4482 θεοσεϐείας
2705 4415 3121 4487 ἀγανακτούσης
3148 4418 3374 4489 σφόδρα,
3397 4421 3494 4474 καὶ
3521 4421 3704 4477 πάντα

2118 4511 2302 4566 κάλων
2330 4511 2590 4579 κινούσης
2621 4513 2703 4575 είς
2721 4510 2784 4565 τδ
2809 4509 3001 4564 λυπεῖν
3030 4511 3153 4582 ὲμέ.
3187 4513 3504 4586 Βουλομένῳ
3524 4515 3581 4568 δέ
3604 4533 3702 4586 μοι

2116 4603 2218 4671 τῆς
2251 4601 2352 4670 σῆς
2397 4599 2711 4664 θεοσεϐείας
2754 4600 2854 4670 τὴν
2904 4601 3083 4673 λύπην
3125 4604 3448 4676 ἁναμαθεῖν,
3490 4606 3705 4675 ἔφασαν

2118 4695 2203 4745 ὅτι
2237 4690 2337 4760 τὴν
2365 4691 2506 4761 πρὸς
2547 4691 2822 4760 μοναστὰς
2858 4692 3049 4760 ἁγίους
3084 4697 3385 4768 γενομένην
3411 4697 3707 4769 ἐπιστολὴν

2122 4780 2485 4851 περιφέρουσι
2516 4795 2662 4843 τινες
2700 4779 2812 4834 τῶν
2854 4782 2965 4837 ἀπὸ
2990 4785 3091 4855 τῆς
3135 4785 3556 4858 Ἀλεξανδρείας,
3607 4790 3717 4846 καὶ

2120 4872 2156 4941 ἠ
2181 4870 2275 4923 τοῦ
2318 4871 2513 4941 μίσους
2540 4870 2763 4944 ἀφορμὴ
2796 4872 2892 4927 καὶ
2923 4875 3023 4944 τῆς
3046 4875 3240 4948 ἀηδίας
3267 4886 3296 4926 .'
3326 4878 3463 4949 αὕτη
3484 4878 3705 4947 γέγονε.

2122 4960 2464 5033 Τεθαύμακα
2482 4961 2683 5028 τοίνυν,
2714 4964 2763 5016 εί
2792 4964 2868 5037 μὴ
2893 4965 3072 5022 ἐκεῖνο
3110 4969 3312 5039 μᾶλλον
3348 4971 3381 5040 ἡ
3415 4970 3482 5040 σὴ
3515 4964 3726 5023 θεοσέ-

2124 5051 2246 5107 ϐεια
2282 5052 2404 5106 καθ’
2447 5053 2647 5126 ἑαυτὴν
2686 5054 2995 5123 ἐλογίσατο·
3031 5058 3092 5112 οὐ
3126 5058 3235 5131 γὰρ
3267 5062 3533 5131 πρότερον
3560 5059 3710 5130 ἐμῆς

2123 5147 2427 5218 γραφείσης
2449 5148 2757 5220 ἐπιστολῆς,
2784 5150 2813 5202 ὁ
2828 5150 2922 5203 ἐπὶ
2940 5153 3007 5221 τῇ
3029 5152 3208 5204 πίστει
3235 5153 3427 5222 γέγονε
3451 5151 3708 5224 θόρυϐος,

2124 5234 2238 5288 ἀλλ’
2264 5236 2624 5308 ἢείρημένων
2662 5239 2826 5293 τινῶν
2862 5241 3016 5313 παρὰ
3043 5242 3143 5315 τῆς
3169 5245 3270 5313 σῆς
3299 5242 3630 5305 θεοσεϐείας,
3660 5243 3704 5313 ἢ

2129 5326 2222 5379 καὶ
2250 5329 2347 5398 μή.
2390 5329 2539 5399 Πλὴν
2562 5330 2825 5403 χαρτίων,
2859 5332 3026 5403 ἤγουν
3065 5330 3381 5404 ἐξηγήσεων
3406 5345 3689 5402 περιφερο

2129 5419 2331 5488 μένων,
2376 5422 2662 5493 κὰμνομεν
2703 5426 2885 5496 ἡμεῖς,
2921 5425 3258 5498 ἐπανορθοῦν
3289 5424 3532 5488 θέλοντες
3573 5419 3708 5486 τοὺς

1145 5575 1192 5606 ⁷⁸
1223 5575 1424 5644 Ephcs.
1449 5589 1523 5638 rv,
1554 5572 1638 5627 10.
1715 5575 1803 5627 ⁷⁸1
1832 5574 1958 5629 Cor.
1994 5591 2052 5641 ιι,
2082 5574 2132 5629 8.
2211 5575 2257 5608 ⁸ο
2290 5577 2392 5633 Isa.
2436 5595 2475 5643 ι,
2512 5580 2564 5633 4.

1517 5688 1689 5745 Varia:
1711 5689 1975 5744 lectiones
2008 5690 2213 5745 codicis
2245 5690 2603 5762 Seguicriani.

525 5804 556 5839 κ
576 5792 664 5849 τὸν
696 5798 920 5873 Σωτῆρα
945 5801 1093 5857 Θεὸν.
1172 5811 1198 5850 .V
1228 5779 1459 5864 ἀδικεαξ·
