4058 6454
374 329 443 386 ιι
1843 314 1992 373 EPIS

2090 313 2182 369 LA
2219 316 2282 368 ll.
3605 316 3676 371 ιιι

372 444 885 518 διεστραμμένους.
931 443 1135 512 Ἑγγὺς
1182 440 1291 512 γάρ
1319 438 1577 508 γεγόνασί
1608 452 1755 501 τινες
1778 404 1874 490 τοῦ
1910 435 1991 506 μὴ

2090 430 2474 487 commentarii
2515 430 3013 497 circumferantur,
3062 409 3329 503 insignem
3365 433 3673 489 molestiam

371 526 683 608 ἀνέχεσθαι
702 537 894 590 λοιπον
913 534 1227 605 ὁμολογεῖν,
1245 532 1328 585 ὅτι
1354 530 1486 593 Θεός
1504 531 1652 583 ἐστιν
1673 529 1703 581 ὁ
1722 525 1983 599 Χριστόςο

371 629 620 700 δργανον
651 627 712 682 δὲ
743 626 951 699 μᾶλλον
980 626 1079 680 καί⁹
1111 625 1397 696 ἐργαλεῖον
1433 621 1708 692 θεότητος,
1757 619 1853 671 καὶ
1894 618 1987 672 ἇν-

372 722 609 794 θρωπος
660 719 948 792 θεοφόρος.
1003 717 1120 773 Καὶ
1162 717 1217 771 τί
1266 716 1377 786 γὰρ
1423 714 1545 784 οὐχὶ
1570 712 1681 766 τῶν
1726 709 1986 765 τοιούτων

372 806 957 878 ἀπέκειναηςηὶτηνοῦνκ
978 810 1091 882 ἀρα
1121 809 1185 862 τὸ
1218 806 1571 880 χαλεπαίνειν
1596 803 1775 876 ἡμῶν,
1800 804 1883 872 ἐφ’
1906 797 1987 865 οἷς

372 905 608 976 εἴρηκεν
652 903 686 973 ἢ
738 903 845 957 οὐκ
877 902 1104 974 εἴρηκεν
1146 902 1183 972 ἡ
1225 899 1292 971 σὴ
1342 897 1655 953 θεοσέϐεια·
1713 897 1827 959 τοῖς
1876 895 1987 966 γὰρ

371 996 850 1070 περιφερομένας
895 992 1145 1066 χαρτίοις
1187 993 1253 1046 οὐ
1285 990 1496 1062 σφόδρα
1549 990 1812 1044 πιστεύω.
1838 986 1987 1053 ζ[Ιώς

371 1084 470 1142 οὖν
503 1087 587 1143 ἔνι
609 1096 636 1125 ³
662 1087 968 1157 σιωπῆσαι,
993 1085 1236 1154 πίστεως
1252 1081 1650 1153 ἀδικουμένης,
1676 1081 1770 1139 καὶ
1798 1077 1989 1133 τοσού-

366 1196 486 1234 των
518 1178 1020 1250 διεστραμμένωη
1046 1178 1144 1230 .Ἢ
1169 1176 1233 1230 οὐ
1261 1172 1732 1247 παραστησόμεθα
1758 1171 1856 1241 τῷ,
1888 1172 1985 1242 βή-

371 1288 515 1344 ματι
541 1269 647 1324 τοῦ
680 1268 965 1342 Χριστοῦς
994 1266 1101 1323 οὐκ
1134 1264 1592 1336 ἀπολογησόμεθα
1611 1265 1671 1319 δὲ
1705 1264 1803 1335 τῆς
1823 1263 1987 1319 ἀκαί-
2046 1316 2053 1319 .

372 1382 472 1436 ρου
507 1365 737 1433 σιωπῆς
771 1362 962 1428 ἕνεκα,
989 1360 1172 1429 καίτοι
1203 1377 1269 1429 γε
1296 1358 1621 1430 τεταγμένοι
1665 1358 1795 1427 παρ’
1818 1354 1986 1410 αὑτοῦ

372 1457 516 1527 πρὸς
545 1454 615 1508 cs
649 1455 840 1522 λέγειν
868 1453 907 1508 ἀ
931 1453 1052 1520 δεῖ;
1084 1452 1154 1506 Τί
1185 1452 1244 1506 δὲ
1279 1453 1493 1523 ποιήσω
1513 1449 1645 1516 νῦν;
1674 1451 1765 1503 Δεῖ
1782 1449 1892 1520 γάρ
1916 1466 1987 1520 με

368 1546 791 1619 βουλεύσασθαι
840 1550 982 1616 μετὰ
1008 1545 1127 1616 »τῆς
1152 1546 1253 1615 σῆς
1308 1542 1643 1608 θεοσεϐείας,
1689 1541 1987 1614 μηνύοντος
2054 1593 2061 1598 .

365 1639 465 1693 τοῦ
518 1638 940 1693 εὐλαϐεστάτου
983 1637 1083 1691 καὶ
1132 1635 1560 1706 θεοφιλεστάτου
1611 1634 1713 1706 τῆς
1768 1632 1989 1703 Ῥώμης

367 1733 693 1791 tutandam
730 1744 761 1773 ι
794 1730 1151 1797 Κελεστίνου,
1181 1730 1278 1784 καὶ
1304 1729 1416 1785 τῶν
1440 1729 1538 1782 σὺν
1561 1726 1712 1799 αὐτῷ
1748 1726 1989 1796 θεοφιλε-

2090 522 2442 594 perferimus,
2467 522 2835 593 quorumdam
2864 522 2970 577 hac
2991 522 3060 577 de
3090 537 3254 576 causa
3288 538 3673 593 perversorum

2089 614 2465 671 emendationi
2497 613 2804 670 studentes.
2826 613 2907 667 Eo
2938 628 3005 667 na
3015 628 3175 683 mque
3189 613 3397 669 malum
3414 615 3521 671 hoc
3536 633 3674 686 pau-

2089 708 2245 763 latim
2266 706 2540 777 serpendo
2560 706 2833 776 pervenit,
2858 704 3215 760 uthristum
3232 708 3484 762 nonnulli
3501 709 3674 764 Deum

2089 799 2356 870 appellari
2390 813 2534 870 aegre
2574 798 2876 869 patiantur,
2909 797 3007 852 sed
3040 797 3224 868 potius
3251 798 3555 857 divinitatis
3579 816 3672 856 or-

2089 906 2290 962 ganum
2311 899 2369 945 et
2397 890 2849 960 instrumentum,
2888 888 3278 962 hominemque
3304 889 3597 956 deiferum,
3618 904 3675 947 et

2090 982 2198 1037 alia
2218 980 2642 1059 hisineptiora.
2681 980 2940 1037 Nostrum
2963 978 3202 1048 proinde
3235 987 3321 1035 est
3353 994 3417 1033 ea
3445 982 3674 1038 moleste

2089 1058 2236 1128 ferre
2265 1058 2395 1144 quae
2420 1074 2598 1143 pietas
2633 1082 2729 1127 tua
2754 1071 2913 1137 dixit,
2944 1080 3042 1127 aut
3068 1071 3235 1126 etiam
3265 1086 3378 1126 non
3405 1071 3564 1138 dixit,
3595 1074 3673 1130 εἰς

2090 1166 2317 1243 quidem
2346 1166 2567 1243 schedia
2591 1181 2713 1237 qum
2744 1180 2810 1219 ea
2841 1164 2909 1219 de
2936 1180 2997 1219 re
3019 1162 3296 1230 feruntur,
3321 1180 3512 1235 parum
3547 1164 3677 1222 ﬁdei

2090 1257 2290 1313 habeo.
2325 1256 2465 1335 Cum
2499 1257 2667 1328 igitur
2694 1255 2829 1315 ﬁdes
2853 1265 2961 1310 tam
2978 1255 3268 1326 insigniter
3288 1256 3541 1323 lmdatur,
3566 1267 3675 1312 tot~

2089 1364 2199 1419 que
2240 1349 2446 1427 passim
2488 1348 2601 1402 sint
2640 1346 2850 1411 infecu,
2892 1347 2989 1416 qui
3010 1345 3231 1401 tandem
3270 1356 3451 1403 tacere
3485 1342 3577 1403 hic
3607 1349 3676 1403 li-

2090 1440 2250 1496 cuit?
2303 1439 2503 1501 Annon
2561 1447 2691 1495 ante
2736 1438 2981 1509 tribunal
3027 1436 3235 1493 Christi
3287 1438 3549 1494 sistemur
3589 1441 3678 1493 3'?

2090 1535 2175 1588 An
2202 1532 2578 1603 intempestivi
2612 1530 2820 1588 silentii
2856 1531 3127 1587 rationem
3154 1530 3427 1586 reddituri
3446 1546 3560 1587 non
3581 1548 3676 1587 su-

2090 1612 2237 1690 mus,
2277 1640 2419 1697 quos
2451 1624 2544 1680 ille
2591 1622 2660 1678 ad
2709 1623 2815 1679 hoc
2869 1623 3159 1678 constituit
3199 1631 3262 1677 ut
3297 1640 3420 1695 quae
3461 1633 3681 1694 oportet

2090 1714 2501 1788 praedicemus?
2546 1713 2760 1785 Ecquid
2804 1728 2973 1779 nunc,
3017 1712 3272 1779 obsecro,
3319 1713 3537 1769 consilii
3586 1730 3678 1770 ca-

369 1821 969 1888 nétwimduwv,
997 1821 1129 1893 περὶ
1156 1820 1268 1875 τῶν
1299 1818 1734 1890 ἀπενεχθέντων,
1760 1817 1862 1872 οὐκ
1880 1811 1981 1870 οἷδ’

2090 1807 2282 1880 piam?
2305 1792 2556 1877 Namque
2578 1821 2608 1860 a
2636 1813 2728 1863 tua
2759 1805 2963 1875 pietate
2987 1805 3279 1862 consilium
3307 1792 3496 1877 petere
3524 1821 3678 1862 com-

368 1916 713 1984 lnxylul
743 1914 1017 1988 χαρτίων,
1072 1914 1307 1985 πότερόν
1350 1928 1485 1967 ποτε
1520 1911 1622 1983 τῆς
1668 1910 1771 1981 σῆς
1801 1909 1985 1965 θεοσεο

371 2006 553 2074 θείας,
572 2006 739 2080 ﬁgi}.
762 2005 1051 2077 Γράφουσι
1074 2003 1187 2076 γὰρ
1206 2002 1283 2067 ὡς
1309 2003 1453 2058 πάνυ
1476 1998 1980 2060 σκανδαλισθέντες.

374 2100 513 2168 Ilii;
540 2098 603 2155 Cl
626 2100 770 2164 τοὺς
795 2098 913 2153 ἀπὸ
936 2097 1049 2167 ,τῆς
1079 2095 1351 2167 ἀνατολῆς
1384 2098 1451 2150 ὲκ
1479 2093 1671 2149 πασῶν
1697 2091 1808 2147 τῶν
1859 2093 1986 2145 Ἐκ-

656 2190 1005 2265 ὶρχομένους
1028 2186 1467 2262 θεραπεύσομεν,
1494 2184 1718 2241 καὶτῶν
1747 2182 1986 2259 χαρτίων

390 2281 951 2353 MM“;
994 2282 1068 2334 Ἣ
1089 2281 1231 2350 τάχα
1259 2296 1362 2335 που
1393 2277 1606 2349 νομίζει
1636 2277 1670 2347 ὴ
1697 2275 1781 2354 σὴ.
1803 2274 1986 2328 θεοσέ-

384 2376 843 2451 ϐειαν
869 2379 997 2441 ταῖς
1047 2376 1403 2446 Ἐκκλησίαις
1424 2371 1637 2443 ἀνεφύη
1672 2369 1901 2445 θόρυβος
1921 2369 1988 2422 ἐκ

376 2468 492 2523 τῶν
824 2465 1103 2539 ,ὁμιλιῶνς
1133 2466 1353 2529 -Πάντες
1382 2463 1552 2534 ἐσμὲν
1580 2464 1640 2517 ὲν
1685 2459 1863 2533 ἀγῶσι
1892 2459 1989 2519 καὶ

373 2558 605 2623 πόνοις,¹
634 2559 775 2622 τοὺς
804 2556 978 2629 ἔτερα
1010 2557 1252 2626 φρονεῖν,
1285 2556 1391 2610 οὐκ
1429 2549 1528 2608 οἶδ’
1566 2552 1739 2618 ὅπως,
1787 2552 1993 2608 ἀναπε-

373 2649 719 2721 πεισμένους
768 2647 1132 2719 μεθιστάντες
1162 2647 1245 2712 εἰς
1287 2646 1349 2700 τὸ
1381 2644 1602 2717 ἀληθές.
1636 2644 1766 2697 Ὅτε
1811 2642 1989 2696 τοίνυν

370 2742 477 2814 τὴν
506 2743 772 2812 ἀνάγκην
797 2739 979 2795 ἀπασι
998 2738 1097 2794 τοῦ
1123 2738 1420 2809 γογγύζειν
1454 2734 1833 2805 ὑηπενεγκοῦσα
1856 2736 1891 2806 η
1920 2735 1991 2807 σὴ

374 2834 672 2889 θεοσέϐειά
714 2835 859 2899 ἑστι,
886 2831 1009 2896 πῶς
1047 2833 1294 2887 αἰτιᾶται
1330 2830 1592 2898 δικαίως;
1624 2830 1692 2883 Τί
1729 2828 1760 2870 ι)
1800 2826 1859 2884 δέ
1889 2844 1991 2901 μου

372 2928 476 2982 καὶ
504 2928 694 2998 μάτην
722 2925 1011 2996 tardati;
1048 2924 1161 2978 Καὶ
1193 2923 1318 2995 οὐχὶ
1347 2922 1551 2994 μᾶλλον
1576 2921 1872 2994 ἐπανορθοῖ
1901 2921 1993 2975 τὸν

372 3019 587 3089 εαυτῆς
616 3017 816 3086 λόγον,
876 3015 967 3069 ἵνα
1014 3012 1202 3085 παύσῃ
1245 3011 1545 3067 σκάνδαλον
1580 3011 1990 3083 οίκουμενικόν;

372 3109 444 3164 Ei
476 3109 596 3180 γὰρ
630 3108 732 3162 καὶ
758 3103 1058 3176 παρερριόη
1099 3103 1277 3172 λόγος,
1435 3102 1529 3156 ἐπὶ
1582 3100 1989 3206 λαοῖς-τρέχων,
2020 3146 2063 3206 c

374 3202 501 3257 ἀλλ’
530 3197 973 3272 ὲπανορθούσθω
1010 3198 1133 3260 ταῖς
1158 3193 1505 3264 ὲπισκέψεσι,
1533 3193 1629 3248 καὶ
1652 3192 1799 3260 λέξιν
1832 3193 1993 3264 χαρί-

376 3292 592 3347 σάσθαι
634 3293 752 3354 τοῖς
785 3285 1305 3358 σκανδαλιζομένοις
1345 3284 1703 3350 κατάξίωσον,
1731 3283 1995 3341 Θεοτόκον

374 3380 683 3454 ὀνομάζων
709 3382 811 3453 τὴν
857 3380 1023 3450 ἁγίαν
1057 3376 1339 3452 Παρθένον
1361 3393 1373 3406 ·
1422 3376 1514 3431 ἵνα
1552 3375 1996 3449 θεραπεύσαντες

369 3475 514 3537 τοὺς
568 3472 1028 3544 λελυπημένους,
1076 3468 1174 3524 καὶ
1224 3467 1392 3541 ὀρθὴν
1442 3466 1599 3538 παρά
1643 3468 1780 3521 πᾶσι
1834 3466 1997 3535 δόξαν

366 3566 638 3637 ἔχοντες,
665 3567 728 3619 ὲν
760 3566 957 3636 είρήνῃ
996 3563 1096 3617 καὶ
1132 3561 1413 3633 ὁμοψυχία
1436 3560 1548 3615 τῶν
1568 3559 1715 3615 λαῶν
1740 3559 1840 3623 τὰς
1870 3575 1997 3612 συν-

358 3657 541 3723 -ἀξεις
567 3653 939 3725 ὲπιτελῶμεν.
985 3652 1109 3705 Ὀτι
1136 3651 1199 3704 δὲ
1227 3648 1373 3723 ὑπὲρ
1401 3650 1501 3721 τῆς
1538 3650 1619 3713 είς
1643 3649 1880 3720 Χριστὸν
1902 3647 1994 3701 πί-

379 3764 564 3810 στεως
590 3745 779 3799 πάντα
808 3744 1022 3815 ἕτοιμοι
1042 3741 1237 3797 παθεῖν
1264 3743 1453 3813 ἐσμεν,
1485 3741 1580 3795 καὶ
1603 3738 1996 3810 δεσμωτηρίων

378 3840 469 3902 είς
496 3839 709 3911 πεῖραν
735 3832 937 3899 ἐλθεῖν,
968 3834 1067 3888 καὶ
1092 3832 1260 3887 αὐτοῦ
1299 3831 1397 3885 τοῦ
1422 3829 1679 3893 θανάτου,
1713 3829 1790 3900 μὴ
1822 3831 1995 3901 ἀμφι-

362 3927 644 3999 ,σαλλέτω
678 3928 715 3999 η
736 3926 807 3998 σὴ
842 3925 1149 3980 θεοσέσεια.
1190 3923 1310 3977 Ἐπ’
1342 3922 1603 3993 ἀληθείας
1625 3920 1683 3974 δὲ
1714 3919 1863 3989 λέγω
1890 3921 1993 3985 ὃτι,

380 4022 485 4075 καὶ
514 4019 812 4093 περιόντος
840 4017 924 4071 ἔτι
965 4016 1061 4070 τοῦ
1094 4017 1192 4086 τῆς
1225 4014 1504 4087 μακαρίας
1546 4013 1769 4084 μνήμης
1819 4011 1993 4065 Ἀττι-

378 4112 514 4180 κοῦ,
561 4107 915 4165 συντέθειται
963 4125 1056 4179 μοι
1105 4106 1311 4179 βιὸλίον
1355 4106 1486 4178 περὶ
1529 4105 1630 4176 τῆς
1691 4102 1854 4172 ἁγίας
1900 4102 1997 4158 καὶ
2036 4154 2039 4159 .

372 4202 687 4277 ὁμοουσίου
707 4200 966 4274 Τριάδος,
993 4201 1052 4253 ὲν
1082 4193 1127 4267 ᾧ
1156 4199 1251 4252 καὶ
1273 4197 1430 4266 λόγος
1451 4195 1583 4266 περὶ
1604 4194 1705 4263 τῆς
1726 4193 1884 4248 ὲνανθ
1894 4209 1996 4262 ρωο

376 4297 621 4367 πήσεως
644 4290 744 4346 τοῦ
775 4287 1143 4358 Μονογενοῦς,
1163 4281 1246 4351 οἷς
1272 4283 1374 4339 νῦν
1402 4284 1660 4354 γέγραφα
1687 4279 1926 4350 συνῳδὸς
1944 4288 1993 4345 ο,

374 4390 482 4444 καὶ
512 4385 926 4455 ὕπανέγνωμεν
953 4379 1105 4451 αὐτῷ
1132 4379 1161 4422 (ι
1195 4380 1291 4433 καὶ
1312 4377 1655 4439 ἐπισκόποις,
1680 4374 1777 4427 καὶ
1804 4373 1996 4443 κληρι-

2085 1900 2288 1977 pellor,
2329 1899 2635 1955 Caelestino
2672 1898 3088 1970 religiosissimo
3125 1899 3386 1957 Romanae
3418 1899 3681 1954 Ecclesia:

2086 1991 2370 2062 episc0po,
2396 1989 2723 2059 caeterisque
2744 1989 3007 2060 piissimis
3025 1989 3304 2060 episcopis
3321 1991 3414 2061 qui
3449 1991 3553 2061 ipsi
3581 1991 3680 2045 ad-

2072 2081 2266 2151 ~fuere,
2302 2082 2744 2155 inquirentibus,
2781 2082 3118 2159 chartulasne
3150 2082 3258 2138 illae
3292 2092 3348 2138 et
3399 2098 3678 2156 exegescs,

2088 2174 2370 2244 qua:.illuc
2392 2174 2464 2230 ad
2492 2190 2551 2230 se
2577 2175 2768 2231 nescio
2798 2175 3081 2256 quomodo
3100 2176 3325 2246 perlata:
3353 2187 3504 2243 sunt,
3534 2192 3565 2231 a
3591 2186 3683 2232 tua

2088 2266 2296 2336 pietate
2332 2281 2405 2321 an
2422 2282 2555 2345 vero
2582 2267 2652 2323 ab
2682 2254 2807 2329 alio,
2831 2254 3090 2347 quopiam
3106 2270 3365 2345 profecta:
3380 2271 3509 2326 sint.
3532 2270 3681 2327 Scri-

2089 2355 2233 2411 bunt
2256 2355 2638 2435 enim,;utqui
2660 2355 2983 2431 gravissime
3012 2356 3126 2441 sint
3150 2350 3368 2441 oﬁ‘ensi.
3396 2359 3684 2427 Quomodo

2090 2461 2225 2502 vero
2260 2462 2358 2504 eos
2403 2448 2500 2518 qui
2526 2434 2611 2502 ab
2651 2447 2912 2503 omnibus
2946 2434 3116 2511 totius
3138 2434 3383 2507 orientis
3408 2440 3686 2531 ‘E'ccles‘iis

2089 2537 2329 2594 subinde
2370 2539 2482 2594 huc
2523 2538 2820 2612 ventitant,
2847 2549 2903 2594 et
2928 2548 3122 2595 contra
3154 2540 3271 2596 haec
3301 2541 3525 2596 schedia
3557 2526 3684 2614 gra-

2048 2686 2051 2689 .
2091 2629 2318 2686 vissime
2364 2637 2736 2697 murmurant,
2770 2631 3090 2687 sedabimus
3111 2632 3135 2685 ?
3160 2635 3247 2691 An
3286 2633 3511 2705 exiguas
3545 2634 3685 2689 forte

2095 2721 2288 2776 turbas
2311 2736 2380 2776 ex
2407 2722 2748 2793 ejuscemodi
2770 2721 3107 2804 homiliisin
3135 2723 3387 2778 ecclesiis
3418 2723 3686 2805 excitatas

2094 2821 2189 2867 tua
2224 2813 2403 2883 pietas
2427 2814 2743 2869 existimat?
2772 2798 2979 2869 Omnes
3006 2800 3167 2870 enixe
3202 2808 3488 2882 sudamus,
3520 2798 3686 2887 atque

2095 2912 2159 2960 ut
2178 2919 2276 2960 eos
2295 2905 2391 2975 qui
2409 2905 2598 2961 nescio
2618 2920 2729 2976 quo
2749 2915 2912 2976 pacto
2938 2922 3199 2977 perverse
3220 2896 3415 2977 sapere
3435 2911 3687 2978 persuasi

2095 3002 2248 3062 sunt,
2281 2995 2352 3051 ad
2381 3003 2595 3052 rectum
2623 2997 2878 3052 veritatis
2904 2997 3178 3052 tramitem
3206 2997 3557 3064 reducamus,
3581 3000 3689 3054 im-

2095 3086 2300 3157 pendio
2325 3087 2693 3144 elaboramus.
2715 3088 2853 3144 Cum
2872 3103 3005 3160 ergo
3036 3089 3215 3159 pietas
3244 3098 3340 3145 tua
3363 3090 3506 3146 hanc
3538 3107 3691 3146 mur-

2097 3178 2356 3234 murandi
2373 3179 2758 3235 necessitatem
2779 3180 3049 3246 attulerit,
3072 3195 3206 3251 quo,
3224 3197 3430 3251 quaeso,
3445 3183 3572 3253 jure
3601 3199 3690 3239 me

2097 3271 2357 3327 incusat?
2385 3270 2498 3327 Cur
2539 3270 2684 3327 odiis
2724 3271 2782 3326 in
2824 3270 3323 3345 melﬁagrat?'Cur
3363 3283 3572 3330 temere
3601 3289 3691 3329 me

2096 3363 2359 3418 allatrat?
2392 3363 2507 3419 Cur
2532 3362 2733 3433 prtius
2768 3363 3058 3419 emendata
3109 3366 3359 3420 oratione
3398 3382 3495 3421 sua
3538 3368 3692 3422 orbis

2084 3455 2459 3512 .oﬂ'ensionem
2482 3471 2593 3511 non
2614 3455 2808 3513 sanat?
2826 3455 2968 3510 Nam
2980 3456 3085 3513 etsi
3105 3455 3462 3527 praeterﬂuit
3481 3473 3688 3519 sermo.

2097 3555 2291 3617 utpote
2318 3547 2374 3601 in
2404 3548 2612 3618 populo
2639 3563 2894 3614 currens,
2923 3555 3108 3605 tamen
3133 3550 3279 3607 seria
3298 3551 3691 3606 retractatione

2097 3639 2447 3696 emendetur.
2480 3640 2562 3695 Ne
2596 3640 2871 3711 graveris,
2911 3640 3165 3707 obsecro,
3193 3641 3262 3697 iis
3296 3643 3537 3712 quia],
3577 3658 3690 3698 non

2098 3730 2296 3784 leviter
2326 3730 2527 3785 οὕτεηεί
2568 3741 2719 3796 sunt,
2758 3745 2922 3787 unam
2960 3730 3103 3786 hanc
3130 3730 3461 3793 .Theotocos
3496 3748 3690 3787 vocem

2097 3818 2308 3889 largiri,
2353 3834 2680 3893 sacramque
2720 3821 3004 3890 Virginem
3046 3823 3343 3901 Deiparam
3378 3825 3688 3901 appellare;

2098 3925 2211 3980 quo
2248 3910 2361 3965 illis
2393 3911 2493 3982 qui
2524 3926 2636 3969 non
2676 3912 2857 3971 levem
2884 3913 3015 3969 hinc
3046 3900 3368 3971 maestitiam
3398 3900 3689 3986 ceperunt.

2098 4001 2406 4067 medentes,
2439 4010 2497 4059 et
2535 4010 2738 4063 nostrae
2762 4019 2985 4074 quoque
3016 4004 3175 4061 famae
3201 4015 3260 4061 et
3295 4006 3690 4062 existimationi

2098 4094 2477 4159 consulentes,
2511 4094 2567 4150 in
2592 4095 2923 4171 populorum
2947 4112 3082 4168 pace
3108 4097 3533 4169 animorumque
3554 4114 3689 4154 con.

2097 4183 2355 4240 sensione
2374 4183 2781 4243 ecclesiasticos
2804 4197 3112 4247 conventus
3126 4187 3499 4251 celebremus.
3525 4187 3692 4244 Certo

2097 4282 2284 4331 autem
2316 4275 2495 4346 pietas
2510 4282 2614 4349 tua
2642 4290 2970 4349 persuasum
3002 4278 3233 4344 habeat,
3260 4294 3364 4334 nos
3384 4285 3449 4341 et
3466 4278 3691 4339 vincula

2097 4374 2157 4422 et
2186 4381 2441 4422 carceres
2462 4375 2522 4420 et
2559 4376 2762 4423 caetera
2801 4367 2989 4423 omnia
3018 4368 3290 4438 ejusmodi
3322 4368 3689 4435 incommoda,

375 4481 526 4544 κοῖς,
560 4478 665 4532 καὶ
697 4477 814 4539 τοῖς
841 4469 1251 4543 φιλακροάμοσι
1275 4468 1386 4521 τῶν
1412 4465 1560 4520 λαῶν
1581 4480 1594 4496 ’
1624 4461 1992 4557 ἐπιδέδωκα-δὲ

2098 4459 2237 4527 quin
2262 4464 2318 4513 et
2344 4456 2524 4527 ipsum
2545 4472 2768 4527 quoque
2788 4458 2914 4514 vitae
2938 4458 3238 4515 discrimen
3268 4469 3495 4530 pr0pter
3523 4461 3688 4518 Chri-

372 4570 526 4633 τέως
551 4567 763 4622 οὐδενί.
792 4565 958 4628 Εἰκὸς
983 4558 1102 4627 οὖν,
1142 4560 1454 4622 ἐκδοθέντος
1483 4555 1579 4613 τοῦ
1611 4556 1795 4624 λόγου,
1829 4553 1992 4608 πάλιν

2100 4549 2172 4607 sti
2217 4549 2382 4605 ﬁdem
2416 4548 2573 4605 adire
2614 4558 2839 4620 paratos
2881 4565 3023 4607 esse.
3063 4550 3272 4608 Credas
3305 4553 3491 4619 velim,
3518 4554 3692 4610 beata:

377 4658 756 4731 ἐγκαλεῖσθαι
783 4674 874 4729 με,
907 4656 993 4710 ὅτι
1023 4655 1121 4708 καὶ
1148 4652 1258 4727 πρὸ
1277 4652 1379 4722 τῆς
1411 4649 1746 4722 χειροτονίας
1765 4647 1866 4719 τῆς
1895 4645 1992 4717 σῆς

2100 4642 2385 4699 memoriae
2408 4641 2590 4699 Attico
2615 4643 2920 4699 etiamnum
2940 4645 3259 4714 superstite,
3279 4646 3575 4717 quemdam
3605 4665 3694 4703 me

376 4749 712 4815 θεοσεϐείας
745 4746 1087 4803 συντέθειται
1113 4757 1140 4785 θ
1170 4745 1233 4798 τὺ
1269 4745 1526 4813 λογίδιον.
1606 4776 1617 4785 -

2100 4734 2173 4791 de
2192 4750 2348 4791 sacra
2384 4743 2442 4790 et
2466 4735 2925 4791 eonsubstantiali
2949 4736 3221 4793 Trinitate
3249 4738 3497 4796 libellum
3536 4757 3691 4798 com-

376 4848 672 4923 posuisse,
718 4845 775 4900 in
819 4859 932 4915 quo
973 4855 1032 4899 et
1070 4841 1140 4898 de
1178 4839 1461 4913 Unigeniti
1496 4853 1718 4910 quoque
1739 4833 2121 4892 incarnatione
2148 4831 2417 4887 nonnulla
2468 4831 2538 4887 iis
2593 4846 2720 4901 qua:
2777 4848 2928 4888 nunc
2961 4834 3286 4905 conscripsi;
3343 4838 3693 4895 concinentia

374 4944 656 5008 attexui;
698 4956 865 5011 quem
904 4946 960 4994 et
997 4937 1294 5009 episcopis,
1338 4943 1396 4991 et
1435 4933 1675 4998 clericis,
1703 4938 1762 4986 et
1813 4925 2247 4986 studiosioribns
2279 4938 2503 4995 quoque
2544 4924 2908 4995 popularibus
2966 4926 3108 4998 legi;
3173 4928 3311 4983 nulli
3346 4936 3531 4986 tamen
3592 4932 3692 4986 ad-

374 5040 501 5098 huc
521 5040 681 5095 illius
708 5037 926 5109 copiam
951 5035 1081 5091 feci.
1109 5031 1401 5089 Probabile
1430 5030 1489 5085 ﬁt
1514 5044 1666 5101 ergo,
1702 5027 1855 5083 edito
1875 5026 1988 5097 jam
2026 5023 2135 5078 hoc
2157 5022 2634 5088 commentariolo,
2659 5037 2772 5077 non
2794 5023 3084 5079 defuturos
3134 5025 3233 5094 qui
3288 5040 3376 5080 me
3407 5028 3690 5088 accusent,

371 5152 517 5197 cum
568 5143 758 5207 tamen
800 5130 1077 5203 ejusmodi
1113 5127 1517 5205 oratiunculam
1585 5123 2033 5181 concinnaverim
2069 5119 2394 5190 priusquam
2427 5117 3046 5191 Constantinopolitanae
3117 5120 3372 5175 Ecclesia:
3401 5118 3689 5188 pontiﬁca-

375 5247 481 5297 tus
498 5230 707 5311 pietati
744 5236 853 5284 tua:
882 5225 1261 5290 mandaretur.

454 5412 512 5451 ⁸⁸
551 5411 607 5471 Π
636 5402 767 5471 Cor.
803 5428 858 5479 γ,
898 5410 979 5466 10.
1048 5412 1061 5417 ’

1480 5522 1656 5579 Variae
1675 5521 1942 5578 lectiones
1975 5522 2183 5579 codicis
2217 5520 2583 5595 Seguieriani.

462 5699 488 5728 ι
520 5683 624 5760 ἦν.
702 5697 729 5727 ι
770 5686 1065 5759 Ῥωμαίων
1108 5687 1437 5758 Ἐκκλησίας
1481 5689 1804 5748 ἐπισκόπου.

377 5771 570 5816 σεικα.

1850 5689 1931 5765 ,ιι
1963 5686 2080 5751 πῶς
2104 5684 2160 5739 δὲ
2197 5687 2369 5759 μισεῖ,
2430 5685 2523 5740 καὶ
2584 5683 2659 5740 τί.
2751 5691 2773 5719 ο
2841 5680 3074 5753 συνῳδὰ.
3149 5678 3177 5720 ἀ
3211 5677 3372 5734 αὑτά.
3452 5669 3689 5726 οσυντέρ-

648 5853 930 5919 Pauor.
978 5855 1100 5919 Gn.
1150 5855 1448 5919 LXXVII.
3373 5839 3414 5901 2
