4058 6454
400 288 405 291 Δ
445 305 515 361 65
1452 304 1510 361 S.
1550 304 1828 363 CYRILLI
1863 300 2338 361 ALEXANDRINI
2379 304 2703 364 ARCHIEP.
3642 297 3711 358 ιι

1853 560 2191 618 EPISTULA
2227 560 2315 615 lli.

1736 690 1867 734 NES’I’
1874 691 1986 733 οιιιι
2022 693 2093 732 ΔΙ)
2117 690 2375 732 εῖιιιιιωι
2383 716 2396 731 ο

439 795 689 861 Queritur
726 794 790 850 de
825 796 1084 867 superiori
1107 794 1296 867 Cyrilli
1319 793 1541 867 epistola
1561 796 1714 867 quasi
1736 794 2044 867 immodeste
2059 795 2281 865 scripta,
2306 796 2491 867 cuique
2511 794 2643 848 nihil
2654 792 2861 867 idcirco
2886 792 3309 865 respondendum
3340 797 3584 866 putaret;
3659 854 3666 861 ,

1110 865 1227 936 fecit
1256 865 1544 937 presbyteri
1569 865 1858 935 Lamponis
1879 866 2138 920 instantia
2172 874 2232 918 ut
2254 865 2421 920 animi
2441 866 2755 920 sententiam
2776 872 3028 919 mutaret.

506 983 936 1055 Religiosissimo
987 993 1041 1038 et
1089 982 1435 1039 sanctissimo
1477 983 1857 1039 comministro
1909 982 2018 1055 Cy—
2046 988 2094 1045 A

2191 983 2285 1054 Τῷ
2315 983 2715 1055 θεοφιλεστάτῳ
2739 984 2836 1039 καὶ
2865 981 3158 1054 ἁγιωτάτῳ
3183 1000 3285 1055 μου
3303 979 3701 1053 συλλειτουργῷ

432 1061 576 1143 rillo,
601 1075 889 1131 Nestorius
927 1076 983 1130 in
1015 1075 1248 1131 Domino
1270 1076 1524 1132 salutem.

2121 1075 2398 1148 Κυρίλλῳ,
2433 1075 2730 1148 Νεστόριος
2754 1077 2814 1130 ὲν
2834 1075 3027 1147 Κυρίῳ
3050 1076 3283 1148 χαίρειν.

502 1168 651 1223 Nihil
692 1183 824 1245 sane
865 1166 1178 1223 Christiana
1214 1168 1491 1238 probitate
1518 1168 1820 1239 patentius.
1851 1168 1931 1223 Ea
1954 1176 2016 1224 ut

2194 1165 2362 1220 Οὐδὲν
2399 1166 2704 1230 ἐπιεικείας
2752 1166 3147 1239 Χριστιανικῆς
3191 1165 3515 1238 βιαιότερον.
3566 1161 3703 1217 Ὑπὸ

432 1259 487 1313 in
539 1258 832 1330 praesentia
874 1274 973 1329 per
1020 1257 1356 1328 Lamponem
1389 1260 1773 1332 presbyterum
1797 1258 2015 1330 religio-

2120 1257 2328 1329 ταύτης
2354 1254 2449 1313 οὖν
2495 1258 2592 1314 νῦν
2630 1258 2719 1313 διὰ
2745 1259 2841 1313 τοῦ
2884 1259 3286 1314 εὐλαϐεστάτου
3326 1257 3698 1329 πρεσϐυτέρου

431 1353 711 1409 sissimum
740 1352 1129 1417 scriberemus,
1152 1368 1255 1409 nos
1278 1352 1544 1423 compulit
1568 1370 1582 1419 ;
1607 1367 1733 1407 cum
1752 1352 1899 1409 enim
1920 1351 2013 1408 ille

2121 1350 2467 1420 Λάμπωνος,
2521 1350 2658 1421 πρὸς
2705 1350 2767 1404 τὸ
2825 1351 3001 1423 παρὸν
3041 1349 3381 1422 βεϐιάσμεθα
3427 1350 3695 1421 γράμμα,

429 1446 498 1501 de
557 1453 650 1499 tua
693 1446 897 1516 pietate
937 1444 1108 1499 multa
1147 1444 1400 1509 referret,
1441 1445 1725 1514 multaque
1767 1444 2011 1499 vicissim

2120 1442 2290 1498 πολλά
2357 1444 2457 1515 μὲν
2503 1444 2750 1509 είπόντος
2794 1446 2926 1515 ἡμῖν
2955 1461 3024 1498 πε
3033 1444 3089 1516 pi.
3133 1445 3232 1515 τῆς
3264 1444 3365 1514 σῆς
3391 1440 3696 1505 εὐλαϐείας,

428 1536 666 1601 audiret,
710 1546 989 1606 postremo
1028 1536 1261 1606 urgendi
1303 1534 1469 1590 finem
1496 1536 1709 1591 nullum
1732 1535 1881 1601 fecit,
1909 1535 2010 1591 do-

2121 1532 2371 1587 πολλὰδὲ
2393 1534 2488 1588 καὶ
2507 1533 2845 1598 ἀκούσαντος
2867 1550 2880 1563 ’
2910 1535 2972 1588 τὸ
3003 1534 3312 1588 τελευταῖον
3331 1533 3430 1587 οὐκ
3458 1532 3697 1595 ἐνδόντος

427 1643 531 1682 nec
569 1627 734 1682 hasce
766 1644 799 1682 a
838 1628 1002 1683 nobis
1046 1628 1262 1684 litteras
1295 1627 1608 1699 impetravit
1632 1645 1647 1683 :
1674 1636 2011 1699 quapropter

2118 1627 2272 1696 ἡμῖν,
2312 1626 2417 1690 ἓως
2443 1626 2505 1680 τὸ
2541 1628 2673 1699 παρ’
2714 1628 2873 1699 ἡμῶν
2911 1627 3280 1701 εἰσεπράξατο
3308 1628 3564 1699 γράμμα,
3600 1626 3697 1679 καὶ

425 1717 672 1773 hominis
710 1718 1115 1788 importunitati
1158 1733 1354 1774 manus
1401 1718 1675 1774 dedimus.
1742 1714 1904 1785 Nam,
1948 1727 2011 1774 ut

2115 1719 2184 1788 τῇ
2213 1715 2309 1770 τοῦ
2343 1717 2537 1790 ἀνδρὸς
2562 1720 2901 1791 νενικήμεθα
2932 1719 3044 1791 βίᾳ.
3089 1720 3259 1774 Φόϐον
3303 1719 3413 1789 γὰρ
3447 1716 3696 1790 ὁμολογῶ

424 1809 572 1880 quod
602 1824 692 1865 res
720 1819 806 1866 est
852 1811 1089 1882 ingenue
1135 1810 1339 1877 fatear,
1369 1826 1481 1866 non
1523 1811 1860 1866 mediocrem
1909 1825 2008 1866 cu-

2116 1808 2418 1880 κεκτῆσθαι
2459 1811 2651 1874 πολὺν.
2698 1813 2830 1882 περὶ
2865 1813 3046 1867 πᾶσαν
3085 1811 3287 1875 παντὸς
3321 1808 3512 1881 ἀνδρὸς
3560 1810 3695 1880 Χρι-

419 1902 733 1972 juscunque
769 1901 1064 1957 Christiani
1106 1901 1212 1956 viri
1239 1901 1489 1972 probitas
1519 1901 1732 1973 (utpote
1771 1902 1829 1957 in
1851 1903 2009 1974 cujus

2118 1901 2400 1974 στιανικὴν
2424 1903 2749 1967 ἐπιείκειαν,
2774 1904 2848 1967 ὡς
2874 1903 3251 1975 ἐγκαθήμενον
3272 1903 3411 1974 αὐτῇ
3445 1901 3538 1956 τὸν
3564 1900 3696 1954 Θεὸν

422 2001 647 2063 pectore
665 1993 810 2048 Deus
828 1991 1120 2063 inhabitet)
1141 1993 1392 2050 timorem
1410 1992 1544 2047 mihi
1567 1992 1764 2049 afferre
1784 1994 2002 2049 assolet.

2113 1994 2480 2066 κεκτημένην.
2515 1995 2596 2049 Τὰ
2630 1995 2730 2067 μὲν
2766 1992 2861 2050 οὖν
2896 1996 3028 2068 παρ’
3062 1995 3240 2066 ἡμῶν,
3274 1995 3450 2048 καίτοι
3483 1992 3696 2047 πολλῶν

422 2083 660 2138 Proinde
695 2083 844 2153 quod
869 2082 938 2138 ad
960 2098 1061 2139 nos
1082 2083 1229 2154 ipsos
1253 2085 1468 2150 attinet,
1503 2084 1609 2139 etsi
1638 2099 1750 2139 non
1777 2099 1951 2154 pauca
1975 2101 2006 2140 a

2114 2083 2263 2157 παρὰ
2297 2085 2395 2156 τῆς
2428 2088 2528 2158 σῆς
2551 2086 2861 2152 Θεοσεϐείας
2884 2089 2946 2141 οὐ
2972 2088 3114 2142 κατὰ
3139 2086 3440 2158 ἀδελφικὴν
3467 2084 3692 2154 ἀγάπην

421 2177 626 2246 pietate
667 2183 760 2230 tua
781 2175 1064 2246 designata
1093 2176 1203 2231 sint
1238 2175 1495 2231 fraternae
1523 2175 1778 2230 charitati
1808 2191 2004 2246 parum

2115 2176 2219 2247 (δεῖ
2247 2176 2357 2248 γὰρ
2387 2178 2563 2231 εἰπεῖν
2612 2178 3013 2251 εὐφημότερον)
3042 2178 3369 2249 γεγονότων,
3396 2180 3454 2232 ὲν
3485 2193 3694 2248 μακρο-

421 2267 783 2338 congruentia
807 2265 1044 2338 (oportet
1066 2268 1213 2322 enim
1231 2267 1477 2323 modeste
1495 2267 1690 2341 loqui),
1708 2268 2004 2324 scribimus

2112 2265 2287 2338 θυμία
2307 2283 2367 2320 τε
2397 2267 2494 2320 καὶ
2517 2267 2706 2339 ἀγάπῃ
2728 2269 3075 2340 γραμμάτων
3105 2269 3470 2340 προσρητικῇ.
3518 2263 3692 2328 Δείξει

419 2361 734 2431 aequitatem
776 2360 946 2414 animi
984 2368 1374 2417 conservantes
1413 2368 1472 2415 et
1510 2359 1856 2416 salutationis
1887 2359 2006 2415 oili-

2111 2356 2171 2410 δὲ
2194 2358 2230 2428 ἡ
2264 2358 2432 2429 πεῖρα
2455 2359 2701 2422 ποταπὸς
2725 2361 2857 2430 ἡμῖν
2877 2360 2908 2413 6
2936 2359 3039 2430 τῆς
3058 2359 3209 2431 παρὰ
3238 2358 3335 2413 τοῦ
3362 2355 3690 2411 εὐλαϐεστά-

418 2452 564 2507 cium
592 2466 690 2522 per
707 2450 922 2505 litteras
948 2465 1071 2509 cum
1102 2451 1367 2507 charitate
1393 2450 1703 2521 implentes.
1728 2450 2006 2518 Quantum

2112 2467 2207 2504 του
2243 2451 2621 2523 πρεσϐυτέρου
2649 2451 2958 2522 Λάμπωνος
2979 2446 3099 2522 βίας
3127 2450 3357 2523 καρπός.
3386 2451 3573 2505 Πᾶσαν
3592 2449 3691 2517 τὴν

414 2557 551 2619 vero
591 2541 888 2611 Lamponis
930 2539 1329 2623 religiosissimi
1368 2540 1677 2611 presbyteri
1707 2540 2006 2595 vehemens

2115 2542 2212 2596 σὺν
2248 2543 2333 2596 σοὶ
2363 2541 2704 2614 ἀδελφότητα
2732 2543 2845 2613 ἐγώ
2885 2545 3078 2599 τεοκαὶ
3119 2544 3169 2599 οί
3220 2545 3318 2600 σὺν
3353 2543 3479 2615 ἐμοὶ
3518 2558 3688 2613 προσ-

416 2634 689 2704 impulsus
710 2632 804 2686 ille
837 2629 1079 2690 fructum
1112 2632 1274 2686 nobis
1301 2631 1567 2686 allaturus
1595 2631 1686 2696 sit,
1712 2629 2001 2699 experien-

880 2639 1079 2690 uctum
1112 2632 1274 2686 nobis
1301 2631 1567 2686 allaturus
1595 2631 1686 2696 sit,
1712 2629 2001 2699 cxperien-
2109 2633 2482 2705 αγορεύομεν.·

417 2726 493 2780 tia
526 2721 644 2794 ipsa
681 2721 1100 2782 demonstrabit.
1174 2721 1520 2788 Universam,
1555 2737 1677 2792 quae
1746 2731 1928 2777 tecum
1959 2728 2065 2789 est,
2104 2724 2505 2784 fraternitatem
2547 2743 2668 2801 ego,
2708 2723 2915 2801 quique
2959 2744 3177 2787 mecum
3212 2736 3360 2797 sunt,
3395 2725 3687 2784 salutatam
3760 2800 3773 2807 Α

415 2816 690 2887 cupimus.

1770 3020 1878 3093 22
1917 3022 2254 3080 EPISTOLA
2292 3025 2379 3081 ιν.

1745 3149 1947 3191 ογιιιιιι
1981 3151 2046 3190 ΑΙ)
2069 3152 2391 3193 Νεετοιιιυιι.

414 3252 654 3324 Iniurias
685 3248 783 3306 sibi
827 3247 1022 3328 illatas.
1051 3250 1283 3328 repellit,
1299 3250 1562 3322 simulque
1597 3250 1825 3322 explicat
1849 3268 1953 3324 quo
1972 3269 2130 3309 sensu
2142 3256 2585 3328 jugtaisynodugn
2624 3257 2891 3328 Nicanam
2918 3265 3228 3328 sanctosque
3248 3255 3439 3312 Patres
3464 3253 3691 3310 Verbum

846 3336 972 3375 caro
994 3320 1213 3391 factum,
1240 3321 1380 3376 Deus
1402 3320 1580 3387 natus,
1617 3320 1824 3393 passus,
1855 3320 2117 3393 rnortuus,
2142 3320 2192 3381 'et
2212 3326 2275 3381 B.
2307 3320 2461 3399 Virgo
2489 3327 2664 3382 Maria
2689 3326 2926 3398 Deipara
2957 3320 3186 3383 dicatur.

484 3437 924 3510 Religiosissimo
961 3435 1172 3507 Deique
1197 3434 1579 3491 amantissimo
1618 3435 1998 3492 comministro
2024 3443 2066 3503 c

2171 3437 2263 3509 Τῷ
2295 3438 2681 3508 endam-“‘9
2731 3438 2827 3492 καὶ
2857 3436 3259 3508 θεοφιλεστάτῳ
3289 3433 3690 3506 συλλειτουργῷ

412 3529 694 3595 Nestorio,
724 3527 968 3599 Cyrillus
986 3526 1046 3579 in
1075 3524 1307 3580 Domino
1328 3524 1582 3580 salutem.

2098 3529 2402 3602 Νεστορίῳ,
2432 3529 2702 3601 Κύριλλος
2727 3531 2785 3584 ὲν
2812 3530 3005 3601 Κυρίῳ
3025 3529 3258 3601 χαίρειν.

488 3611 740 3691 Intelligo
774 3617 1042 3690 quosdam
1078 3632 1216 3672 mea
1243 3617 1390 3688 apud
1423 3627 1572 3672 tuam
1595 3616 1858 3687 pietatem
1882 3618 1998 3673 exi-

2169 3621 2632 3692 Καταφλυαροῢσι
2667 3620 2788 3692 μὲν,
2822 3620 2897 3684 ὡς
2939 3620 3125 3675 ἀκούω
3164 3619 3210 3685 ἲ,
3233 3619 3381 3683 τινὲς
3410 3617 3512 3688 τῆς
3541 3617 3688 3689 ἐμῆς

414 3711 720 3769 stimationi
767 3710 905 3765 falso
946 3708 1260 3775 detrahere,
1308 3708 1589 3779 multaque
1615 3717 1824 3765 temere
1854 3708 1996 3764 εαυ-

2101 3711 2425 3783 ὑπολήψεως
2446 3713 2539 3766 ἐπὶ
2562 3713 2661 3784 τῆς
2686 3713 2785 3783 σῆς
2811 3710 3124 3775 θεοσεϐείας
3141 3727 3155 3742 ·
3176 3710 3272 3764 καὶ
3293 3708 3452 3763 τοῦτο
3475 3708 3688 3785 ωχνῶς

413 3807 520 3862 tire
550 3822 565 3873 ;
603 3803 770 3873 idque
816 3800 1036 3866 crebro,
1067 3816 1132 3855 ac
1155 3808 1273 3855 tum
1306 3801 1544 3857 maxime
1575 3801 1796 3873 quando
1822 3802 1998 3873 magi-

2096 3805 2196 3869 τὰς
2221 3805 2330 3858 τῶν
2349 3806 2407 3858 ὲν
2422 3803 2569 3858 τέλει
2595 3804 2848 3868 συνόδους
2863 3801 3398 3875 καιροφυλακοῦντες
3412 3801 3646 3872 μάλιστα
3664 3814 3684 3833 ⁸

412 3905 621 3953 stratus
663 3901 940 3966 coguntur
979 3909 995 3960 ;
1044 3891 1279 3948 fortasse
1322 3893 1490 3948 etiam
1522 3894 1845 3948 nonnullam
1894 3893 1998 3949 hac

2099 3897 2197 3952 καὶ
2223 3898 2366 3967 τάχα
2412 3913 2515 3949 που
2550 3895 2647 3948 καὶ
2672 3897 2899 3967 τέρπειν
2932 3894 3174 3966 οἰόμενοι
3219 3893 3322 3965 τὴν
3358 3893 3458 3965 σὴν
3487 3890 3683 3963 ἀκοὴν,

411 3988 629 4043 ratione
654 3985 1080 4041 oblectationem
1102 3983 1334 4039 auribus
1373 3984 1484 4040 tuis
1532 3983 1730 4040 afferre
1772 3999 1833 4041 se
1878 3985 1998 4055 opi-

2097 3987 2195 4042 καὶ
2229 3985 2565 4055 ἀϐουλήτους
2592 3984 2872 4053 πέμπουσι
2900 3982 3104 4053 φωνὰς,
3125 3981 3445 4054 ἠδικημένοι
3470 3981 3568 4053 μὲν
3590 3981 3688 4035 οὺ-

410 4088 629 4144 nantes,
664 4077 920 4133 homines
941 4075 1092 4130 nulla
1120 4090 1362 4145 unquam
1395 4074 1594 4145 injuria
1618 4091 1651 4129 a
1670 4089 1759 4130 me
1790 4075 1994 4143 aﬂ‘ecti,

2095 4077 2209 4142 δὲν,
2251 4075 2604 4147 ἐλεγχθέντες
2649 4074 2709 4129 δὲ
2749 4073 3031 4129 καὶτοῦτο
3076 4073 3365 4145 χρησίμως
3398 4075 3458 4115 ε·
3487 4075 3518 4127 ό
3556 4072 3684 4143 μὲν,

411 4172 512 4230 sed
552 4170 853 4228 salubriter
888 4176 1099 4225 tantum
1142 4167 1421 4223 convicti:
1462 4166 1554 4221 hic
1593 4167 1819 4237 quidem
1846 4168 1994 4239 quod

2095 4164 2180 4219 ὅτι
2209 4163 2447 4232 τυφλοὺς
2504 4163 2679 4233 ἠδίκει
2705 4164 2735 4206 ιι
2765 4164 2862 4217 καὶ
2893 4163 3135 4235 πένητας
3154 4178 3167 4192 °
3210 4163 3240 4215 6
3279 4162 3358 4228 δὲ,
3392 4163 3470 4226 ὡς
3509 4162 3688 4232 μητρὶ

410 4276 589 4320 caecos
629 4275 941 4333 egenosque
986 4275 1086 4330 per
1126 4257 1384 4330 iniuriam
1428 4257 1806 4327 oppresserit;
1855 4259 1997 4316 alius

2097 4254 2252 4324 ξίφος
2291 4253 2683 4317 ἑπανατείναςο
2732 4254 2761 4308 6
2807 4252 2887 4321 δὲ,
2939 4253 3247 4326 θεραπαίνῃ
3290 4250 3684 4323 συγκεκλοφὼς

411 4352 559 4426 quod
578 4352 791 4408 ferrum
808 4351 863 4406 in
879 4359 1109 4406 matrem
1125 4347 1408 4406 strinxerit
1420 4346 1601 4414 ratius
1614 4349 1763 4418 quod
1782 4350 1997 4407 ancilla:

2094 4343 2319 4417 χρυσίον
2350 4343 2639 4418 ἀλλότριον
2659 4362 2673 4376 ·
2718 4345 2816 4400 καὶ
2862 4344 3123 4416 τοιαύτην
3157 4342 3411 4416 ἐσχηκὼς
3452 4343 3541 4399 ἀεὶ
3576 4343 3685 4414 τὴν

410 4444 677 4517 praesidio
717 4457 913 4498 aurum
961 4441 1207 4497 alienum
1249 4438 1563 4504 abstulerit,
1618 4446 1678 4495 et
1721 4441 1994 4512 ejusmodi

2097 4436 2393 4509 ὑπόληψιν,
2420 4438 2487 4508 ἢν
2528 4437 2631 4491 οὐκ
2656 4435 2724 4492 ἂν
2752 4436 2970 4503 εὖξαιτό
3002 4453 3089 4502 τις
3126 4436 3400 4508 συμϐῆναί
3435 4452 3545 4490 τισι
3583 4434 3684 4488 καὶ

411 4533 788 4604 improbitatis
822 4531 1135 4603 suSpicione
1168 4544 1385 4600 semper
1421 4528 1775 4596 laboraverit,
1803 4531 1993 4601 cujus-

2094 4531 2206 4584 τῶν
2226 4530 2350 4584 λίαν
2374 4528 2608 4601 ἐχθρῶν.
2627 4528 2775 4601 Πλὴν
2801 4530 2861 4584 οὐ
2878 4529 3049 4595 πολὺς
3066 4529 3178 4584 τῶν
3200 4527 3456 4583 τοιούτων
3473 4529 3502 4583 ό
3519 4527 3685 4595 λόγος

412 4625 563 4695 modi
592 4641 663 4682 ne
696 4624 1097 4680 infensissimos
1117 4620 1341 4692 quidem
1366 4620 1555 4676 hostes
1567 4620 1819 4675 laborare
1832 4630 1992 4690 opta-

2180 4620 2243 4683 οὶ,
2281 4619 2371 4674 ἵνα
2399 4620 2539 4691 μήτε
2576 4619 2720 4689 ὑπὲρ
2748 4619 2841 4673 τὸν
2874 4618 3154 4691 Δεσπότην
3195 4619 3291 4672 καὶ
3332 4615 3681 4682 διδάσκαλον,
3778 4648 3782 4651 -

409 4715 555 4771 verit
595 4713 893 4784 quispiam.
922 4713 1126 4769 Verum
1160 4710 1316 4774 istos,
1353 4716 1412 4763 et
1447 4708 1494 4763 si
1532 4709 1629 4777 qui
1661 4708 1781 4778 ejus
1805 4708 1995 4766 farinae

2100 4711 2241 4780 μήτε
2277 4710 2411 4780 μὴν,
2442 4708 2586 4780 ὑπὲρ
2629 4711 2756 4773 τοὺς
2802 4709 3047 4781 πατέρας
3084 4711 3145 4763 τὸ
3190 4709 3291 4781 τῆς
3326 4709 3553 4780 ἐνούσης
3584 4723 3680 4779 μοι

411 4816 544 4867 sunt
578 4808 694 4875 alii,
733 4823 845 4863 non
870 4807 1106 4862 multum
1131 4818 1337 4869 moror,
1371 4817 1443 4856 ne
1478 4816 1642 4872 supra
1672 4802 1995 4873 magistrum

2100 4797 2443 4869 βραχύτητος
2488 4797 2790 4870 ὲκτείνοιμι
2832 4800 2851 4839 i
2892 4799 3112 4872 μέτρον.
3144 4800 3220 4854 Οὐ
3262 4800 3371 4871 γὰρ
3405 4799 3685 4870 ἐνδέχεται

408 4909 469 4956 et
509 4898 825 4963 Dominum,
871 4896 959 4951 vel
995 4895 1162 4950 etiam
1201 4907 1368 4962 supra
1397 4892 1636 4962 majores
1665 4899 1880 4946 nostros
1907 4899 1992 4946 te-

2095 4891 2198 4953 τὰς
2229 4888 2338 4943 τῶν
2373 4888 2594 4963 φαύλων
2623 4888 2906 4959 διαδράναι
2931 4891 3278 4962 σκαιότητας,
3312 4891 3390 4954 ὡς
3412 4890 3479 4944 ἂν
3505 4889 3685 4943 ἓλοιτό

414 4992 647 5053 unitatis
878 5000 1195 5042 mensuram
1247 4982 1544 5040 extendere
1593 4981 1804 5037 videar.
1849 4979 1997 5036 Fieri

2097 4995 2182 5041 τις
2223 4977 2486 5031 διαϐιοῦν.
2542 4962 2693 5031 ³Αλλ¹
2733 4980 2931 5034 ἐκεῖνοι
2979 4980 3077 5051 μὲν
3119 4980 3260 5051 ἀρᾶς
3308 4980 3404 5033 καὶ
3450 4978 3682 5051 πικρίας

410 5080 559 5136 enim
586 5079 678 5135 vix
703 5073 908 5149 potest;
931 5088 1315 5145 quamcunque
1333 5072 1554 5128 demum
1577 5071 1703 5126 vitae
1726 5070 1996 5127 rationem

2097 5067 2299 5140 μεστὸν
2325 5067 2542 5139 ἔχοντες
2569 5069 2629 5123 τὸ
2661 5070 2858 5142 στόμα,
2880 5071 2961 5143 τῷ
2993 5071 3211 5126 πάντων
3243 5070 3679 5140 ἀπολογήσονται

411 5170 643 5237 inieris,
692 5175 755 5223 ut
803 5180 1100 5238 pravorum
1150 5163 1656 5232 maledicorumque
1704 5161 1994 5217 hominum

2098 5160 2279 5233 κριτῇ.
2309 5160 2663 5233 Τετράψομαι
2688 5162 2745 5216 δὲ
2768 5162 2930 5217 πάλιν
2958 5160 3068 5232 ἐγὼ
3090 5163 3225 5235 πρὸς
3245 5162 3307 5217 τὸ
3329 5163 3411 5217 ὅτι
3441 5162 3681 5234 μάλιστα

406 5260 606 5316 dentes
623 5255 846 5313 evadas.
871 5252 981 5309 Sed
1000 5252 1080 5307 illi
1105 5251 1328 5322 quidem
1349 5251 1749 5307 maledicentia:
1765 5261 1821 5307 et
1838 5266 1993 5308 acer-

2095 5251 2308 5324 πρέπον
2335 5251 2561 5323 ἐμαυτῷ
2582 5268 2597 5284 ·
2625 5253 2720 5306 καὶ
2755 5253 3053 5324 ὑπομνήσω
3076 5253 3173 5307 καὶ
3202 5252 3318 5319 νῦν,
3350 5252 3426 5317 ὡς
3447 5251 3677 5321 ἀδελφὸν

411 5348 603 5405 bitatis
642 5362 707 5403 os
742 5345 969 5416 plenum
1002 5342 1269 5399 habentes
1292 5343 1361 5411 δ’,
1399 5356 1587 5398 coram
1616 5341 1864 5399 omnium
1899 5343 1992 5415 ju-

2096 5347 2155 5399 ὲν
2187 5344 2380 5416 Κυρίῳ
2424 5344 2475 5411 l,
2514 5343 2616 5412 τῆς
2637 5344 2993 5410 διδασκαλίας
3017 5344 3110 5401 τὸν
3126 5340 3319 5417 λόγον,
3362 5343 3458 5399 καὶ
3483 5341 3547 5397 τὸ
3578 5340 3678 5398 ἐπὶ

477 5486 526 5518 ⁸⁸
560 5483 707 5540 Psal.
730 5496 848 5546 xm,
869 5478 924 5533 5.

1463 5595 1641 5671 varia:
1663 5596 1932 5652 lectiones
1957 5594 2166 5650 codicis
2198 5594 2566 5667 Seguieriani.

495 5712 816 5787 ιμανϐἀνω,
896 5711 921 5753 δ
951 5710 1221 5781 χρηστῶς.
1311 5713 1339 5753 ιι
1369 5713 1623 5785 ἠδίκησα.
1706 5714 2072 5769 ίὲκτείνοιτο.
2150 5712 2163 5765 i
2209 5712 2349 5786 Θεῷ.
