4058 6446
468 379 535 433 ,π
1507 370 1546 426 s
1604 367 1880 425 cmeLl
1920 368 2394 424 ALEXANDRINI
2426 368 2745 427 ARCIIIEP.
3686 368 3757 428 48

469 485 928 549 tumﬁecundnm
966 501 1191 542 carnem
1234 486 1583 557 progenitum
1623 485 2061 554 dicitur,utpotc

2170 502 2251 539 σιν
2290 484 2679 552 οἰκειούμενος.
2716 484 2872 538 Οὕτω
2893 484 3083 570 φαμὲν
3107 482 3269 539 αὐτὸν
3302 483 3397 540 καὶ
3422 483 3638 549 παθεῖν,
3662 488 3756 539 καὶ

470 599 583 640 suae
625 578 808 637 carnis
850 578 1269 649 generationem
1309 578 1415 635 sibi
1458 585 1519 634 ut
1564 577 1844 648 propriam
1876 576 2058 631 vindi—

464 685 618 727 cans.
655 669 738 755 Ad
768 667 1026 724 eumdem
1060 668 1287 724 modum
1322 668 1459 723 illud
1496 683 1721 738 passum
1751 676 1809 723 et
1829 666 2062 722 resusci-

471 759 648 818 tntilli
690 759 949 824 dicimus,
993 774 1106 814 non
1142 759 1291 829 quod
1335 759 1434 815 Dei
1461 759 1707 815 Verbum
1731 768 1830 813 aut
1849 758 2058 828 plagas,

470 863 569 911 aut
606 853 889 909 clavorum
928 851 1350 923 perforationes,
1388 861 1486 907 aut
1508 851 1617 907 alia
1651 850 1708 905 id
1733 866 1909 921 genus
1938 848 2061 903 vul-

470 963 607 1004 nera
636 947 695 1001 in
732 946 1011 1017 propriam
1036 954 1289 1000 naturam
1320 944 1598 1014 acceperit
1625 963 1639 999 :
1677 959 1803 1000 nam
1828 950 1890 997 ut
1918 941 2061 996 divi-

467 1054 606 1096 num
629 1053 836 1094 numen
866 1036 1115 1106 corporis
1133 1051 1329 1105 expers
1351 1044 1455 1099 est,
1502 1036 1578 1090 ita
1606 1034 1821 1105 perpeti
1843 1048 2063 1103 quoque

471 1129 617 1184 nihil
636 1136 821 1199 potest
850 1144 865 1192 ;
898 1125 1009 1198 24
1033 1125 1127 1180 sed
1158 1126 1287 1194 quia
1321 1140 1524 1194 corpus
1552 1124 1701 1195 quod
1723 1122 2062 1199 sibiascive-

472 1234 579 1287 rat,
631 1221 750 1275 haec
786 1219 891 1275 fuit
930 1226 1241 1289 expertum,
1284 1231 1406 1271 eam
1438 1215 1510 1271 ob
1535 1230 1650 1271 rem
1672 1214 1854 1285 ipsum
1884 1211 2061 1268 nostri

473 1328 640 1368 causa
696 1312 792 1366 illa
838 1324 1162 1381 perpessum
1210 1307 1498 1362 asseritur.
1550 1306 1856 1377 lmpatibile
1914 1303 2063 1360 enim

475 1405 719 1462 Verbum
756 1403 815 1458 in
850 1416 1082 1472 corpore
1123 1399 1338 1471 patibili
1384 1398 1702 1454 exsistebat.
1742 1397 1891 1453 ldem
1914 1406 1969 1452 et
1995 1396 2064 1452 de

474 1498 725 1571 ejusdem
784 1510 1010 1566 quoque
1070 1501 1247 1548 morte
1294 1492 1600 1556 sentimus,
1644 1491 1919 1562 siquidem
1966 1490 2064 1547 Dei

475 1591 740 1656 Verbum,
779 1595 973 1659 suapte
1001 1595 1197 1643 natura
1230 1586 1543 1642 immortale
1574 1594 1632 1641 et
1654 1602 1685 1642 a
1707 1587 2065 1657 corruptione

474 1684 738 1746 alienum,
761 1688 819 1735 et
836 1679 948 1735 vita
971 1692 1192 1732 rursum
1212 1683 1267 1730 et
1288 1674 1576 1731 viviﬁcaris
1593 1684 1697 1730 est.
1714 1675 1920 1731 Verum
1934 1675 2064 1745 quia

475 1788 640 1829 suum
678 1770 852 1843 ipsius
885 1783 1086 1839 corpus
1124 1766 1366 1838 gratuito
1408 1767 1505 1821 Dei
1550 1781 1782 1821 munere
1804 1775 2061 1831 mortem,

475 1873 772 1923 attestante
808 1864 981 1919 Paulo
1003 1861 1074 1927 ⁸⁸,
1105 1860 1354 1916 omnium
1374 1875 1540 1915 causa
1564 1859 1896 1931 degustavit,
1926 1858 1986 1913 ﬁt
2006 1868 2067 1913 ut
2098 1850 2139 1906 Β

477 1964 659 2032 ipsum
686 1967 919 2014 mortem
946 1963 1174 2027 propter
1194 1970 1298 2010 nos
1326 1969 1650 2025 perpessum
1672 1952 1890 2008 dicatur
1915 1969 1927 2004 :
1953 1966 2065 2005 non

476 2052 625 2123 quod
656 2050 860 2121 ipsum,
892 2047 1042 2119 quod
1065 2046 1291 2118 quidem
1316 2045 1385 2101 ad
1409 2044 1966 2116 propriam'naturam
1987 2048 2069 2095 at-

480 2146 635 2209 tinet,
692 2149 927 2197 mortem
962 2138 1247 2211 exceperit
1274 2137 1512 2210 (insania
1542 2149 1781 2205 namque
1809 2147 1958 2188 mera
1984 2147 2070 2187 es-

476 2243 582 2301 set,
633 2233 783 2290 istud
826 2231 913 2288 vel
954 2231 1161 2296 dicere,
1207 2230 1296 2284 vel
1340 2224 1629 2299 cogitare),
1662 2224 1758 2281 sed
1787 2223 1916 2294 quia
1937 2236 2068 2277 caro

478 2329 626 2384 illius
671 2333 930 2392 mortem,
985 2332 1049 2380 ut
1089 2323 1255 2378 modo
1292 2321 1530 2386 aiebam,
1577 2315 1908 2389 degustavit.
1943 2312 2068 2370 Pari

478 2417 667 2482 modo,
696 2416 982 2488 quiacaro
1001 2414 1152 2471 illius
1169 2411 1501 2477 resurrexit,
1527 2418 1585 2467 et
1606 2410 1712 2481 ipsi
1734 2406 2070 2465 resurrectio

479 2510 750 2566 tribuitur
783 2528 797 2563 :
834 2524 950 2564 non
973 2507 1124 2577 quod
1160 2507 1342 2576 ipsum
1378 2502 1646 2560 ceciderit
1681 2502 1739 2556 in
1761 2498 2074 2569 corruptio-

475 2617 628 2668 nem,
653 2600 799 2657 absit
825 2602 839 2654 !
876 2599 976 2655 sed
997 2599 1128 2667 quia
1151 2612 1346 2652 rursus
1368 2610 1570 2666 corpus
1599 2593 1749 2648 illius
1767 2592 2073 2649 exsuscita-

479 2705 596 2751 tum
608 2701 713 2749 est.
731 2692 813 2747 ita
829 2704 1003 2746 unum
1024 2687 1309 2744 Christum
1322 2694 1381 2742 et
1394 2686 1686 2741 Dominum
1716 2683 2071 2751 conﬁtemur;

478 2804 592 2845 non
629 2784 780 2857 quod
817 2783 1101 2838 hominem
1134 2796 1245 2835 una
1279 2794 1409 2835 cum
1456 2777 1637 2832 Verbo
1661 2775 1978 2840 adoremus,
2003 2790 2075 2830 ne

478 2880 618 2938 illud
657 2894 779 2933 cum
826 2875 1011 2941 Verbo,
1052 2874 1294 2944 aliquam
1318 2868 1609 2928 divisionis
1630 2867 2075 2940 imaginationem

480 2974 654 3031 menti
697 2969 963 3041 objiciet;
1003 2967 1100 3024 sed
1143 2980 1315 3025 unum
1352 2963 1723 3033 eumdemque
1759 2962 2073 3027 adoramus,

478 3061 929 3138 quandoquidem
950 3073 1153 3130 corpus
1165 3072 1327 3114 suum
1338 3071 1455 3113 non
1468 3061 1554 3112 est
1571 3054 1809 3111 alienum
1826 3068 1859 3107 a
1873 3053 2075 3119 Verbo,

480 3174 607 3215 cum
630 3171 743 3227 quo
765 3152 912 3211 Patri
936 3150 1144 3207 assidet
1172 3167 1186 3204 :
1212 3164 1324 3205 non
1343 3146 1495 3218 quod
1521 3146 1633 3203 duo
1656 3145 1756 3201 ﬁlii
1795 3145 1947 3201 Patri
1981 3160 2075 3200 as-

480 3248 699 3306 sideant
730 3263 744 3300 :
791 3242 1000 3300 assidet
1039 3240 1189 3297 enim
1230 3253 1376 3294 unus
1409 3246 1642 3302 tantum,
1683 3250 1783 3306 per
1807 3232 2071 3289 unionem

481 3356 610 3399 cum
636 3336 862 3411 propria
884 3348 1071 3391 carne.
1100 3330 1259 3399 Quod
1281 3330 1328 3387 si
1353 3329 1617 3386 unionem
1640 3325 1945 3383 secundum
1967 3325 2072 3397 hy-

420 3480 423 3483 ι
481 3433 750 3507 postasim
771 3439 1034 3499 tanquam
1055 3412 1675 3495 incomprehensibilem
1698 3419 2073 3476 indecentem-

481 3541 593 3597 qne
635 3519 1134 3595 repudiaverimus,
1170 3530 1241 3573 eo
1279 3513 1624 3586 prolabimur
1662 3519 1726 3568 ut
1758 3511 1901 3568 duos
1930 3510 2075 3566 ﬁlios

450 3630 608 3672 ‘esse
647 3614 918 3670 dicamus.
953 3610 1193 3666 Necesse
1223 3614 1312 3664 est
1345 3604 1497 3662 enim
1526 3603 1868 3675 distinguere
1898 3610 1956 3657 et
1977 3615 2074 3656 vo-

482 3723 636 3772 care,
678 3705 917 3762 alterum
954 3699 1184 3772 quidem
1216 3713 1319 3769 per
1353 3712 1414 3754 se
1434 3696 1718 3753 hominem
1740 3695 1865 3751 Filii
1886 3691 2076 3763 appel-

2164 578 2485 649 ἀναστῆναι,
2511 579 2610 648 ούχ
2636 576 2712 641 ὡς
2740 576 2836 630 τοῦ
2865 574 3001 629 Θεοῦ
3022 577 3196 645 Λόγου
3225 575 3493 640 παθόντος
3513 579 3594 642 είς
3620 579 3757 633 ίδίαν

2165 669 2348 738 φύσιν,
2375 670 2408 740 ἢ
2449 668 2686 738 πληγὰς,
2716 667 2751 738 ἢ
2777 668 3087 740 διατρήσεις
3117 667 3284 739 ἦλων,
3309 669 3476 740 ῆγουν
3503 669 3574 724 τὰ
3596 670 3759 743 ἕτερα

2163 760 2272 812 τῶν
2307 758 2662 829 τραυμάτων’
2695 757 2908 822 ἀπαθὲς
2942 758 3052 827 γάρ
3083 758 3147 812 τὸ
3159 758 3340 825 Θεῖον,
3372 761 3455 814 ὅτι
3484 761 3582 815 καὶ
3611 762 3760 816 ἀσώ-

2169 868 2357 923 ματον·
2395 852 2584 921 ἐπειδὴ
2625 850 2771 903 δὲτὸ
2801 835 3026 919 γεγονὸς
3057 849 3224 904 αὑτοῦ
3281 850 3410 905 ἴδιον
3460 852 3620 923 σῶμα
3666 854 3762 907 πέ-

2166 942 2328 998 πονθε
2351 941 2546 1006 ταῦτα,
2574 942 2739 996 πάλιν
2763 941 2927 1005 αὐτὸς
2946 940 3167 1011 λέγεται
3198 942 3392 996 παθεῖν
3411 942 3555 1014 ὑπὲρ
3580 944 3755 1014 ἡμῶν.

2165 1032 2276 1089 Ἦν
2299 1036 2407 1107 γὰρ
2435 1036 2465 1087 ὁ
2496 1035 2712 1103 ἀπαθὴς
2736 1037 2793 1088 ὲν
2819 1034 2900 1105 τῷ
2927 1034 3194 1104 πάσχοντι
3217 1032 3453 1105 σώματι.
3487 1035 3645 1091 Κατά
3670 1037 3763 1089 τὸν

2167 1126 2282 1179 ἴσον
2314 1126 2371 1179 δὲ
2400 1126 2621 1197 τρόπον,
2657 1125 2753 1179 καὶ
2794 1125 2886 1179 ἐπὶ
2917 1123 3013 1178 τοῦ
3053 1123 3309 1179 τεθνάναι
3340 1124 3589 1195 νοοῦμεν·
3627 1127 3765 1181 dﬁci-

2167 1234 2327 1282 νατος
2358 1219 2465 1290 γὰρ
2510 1216 2653 1272 κατὰ
2685 1216 2868 1287 φύσιν,
2913 1217 3011 1275 καὶ
3042 1216 3347 1289 ἄφθαρτος,
3388 1218 3484 1289 καὶ
3515 1216 3631 1288 ζωὴ
3667 1221 3764 1271 καὶ

2166 1310 2430 1375 ζωοποιός
2455 1312 2604 1364 ἐστιν
2630 1312 2658 1363 ὁ
2678 1308 2775 1363 τοῦ
2803 1309 2938 1363 Θεοῦ
2969 1316 3008 1339 ⁸³
3032 1310 3225 1378 Λόγος.
3267 1308 3489 1381 Ἐπειδὴ
3518 1309 3576 1364 δὲ
3598 1310 3763 1363 πάλιν

2165 1402 2228 1457 τὸ
2256 1402 2385 1457 ίδιον
2418 1401 2584 1473 αὑτοῦ
2611 1402 2771 1473 σῶμα
2802 1401 2986 1472 χάριτι
3015 1400 3177 1465 Θεοῦ,
3208 1400 3354 1456 καθά
3381 1417 3548 1472 φησιν
3569 1402 3599 1454 ό
3625 1401 3765 1454 Παῦ-

2166 1495 2280 1558 λος,
2314 1495 2457 1565 ὑπὲρ
2491 1495 2693 1558 παντὸς
2722 1493 2987 1563 ἐγεύσατο
3019 1492 3291 1557 θανάτου,
3318 1492 3538 1563 λέγεται
3568 1494 3764 1549 παθεῖν

2167 1589 2331 1652 αὐτὸς
2372 1588 2463 1642 τὸν
2495 1587 2636 1658 ὑπὲρ
2678 1587 2839 1659 ἡμῶν
2887 1586 3140 1641 θάνατον’
3184 1588 3285 1657 οὐχ
3328 1587 3406 1651 ὡς
3438 1588 3521 1651 είς
3564 1589 3765 1659 πεῖραν

2168 1677 2339 1733 ἐλθὼν
2368 1679 2462 1735 τοῦ
2502 1678 2757 1745 θανάτου,
2787 1680 2849 1733 τό
2895 1696 2961 1748 γε
2993 1674 3130 1752 ἧκον
3160 1680 3242 1743 είς
3269 1678 3368 1750 τὴν
3397 1678 3567 1734 αὑτοῦ
3598 1681 3767 1750 φύσιν

2170 1771 2525 1842 (ἀποπληξία
2555 1772 2668 1844 γὰρ
2704 1772 2864 1827 τοῦτο
2890 1772 3072 1841 λέγειν
3099 1772 3133 1843 ἢ
3174 1773 3456 1844 φρονεῖν),
3504 1773 3622 1828 ἀλλ’
3654 1774 3765 1841 ότι,

2169 1863 2422 1935 καθάπερ
2465 1863 2603 1936 ἔφην
2642 1865 2879 1936 ἀρτίως,
2912 1866 2948 1935 ἡ
2996 1863 3134 1935 σὰρξ
3163 1864 3327 1919 αὐτοῦ
3366 1867 3631 1935 ἐγεύσατο
3668 1866 3769 1920 θα-

2168 1956 2353 2013 νάτου.
2371 1954 2532 2010 Οὕτω
2557 1956 2651 2010 καὶ
2675 1956 3057 2028 ὲγηγερμένης
3082 1956 3247 2010 αὐτοῦ
3276 1959 3376 2029 τῆς
3403 1959 3626 2029 σαρκὸς,
3656 1959 3770 2013 πά-

2167 2052 2253 2105 λιν
2281 2053 2316 2122 ἡ
2355 2051 2655 2116 ἀνάστασις
2684 2051 2849 2105 αὑτοῦ
2888 2051 3125 2120 λέγεται·
3161 2052 3262 2123 οὐχ
3295 2053 3371 2117 ὼς
3393 2054 3653 2119 πεσόντος
3682 2054 3776 2118 είς

2170 2142 2398 2214 φθοράν·
2432 2141 2507 2214 μὴ
2534 2143 2766 2211 γένοιτο·
2796 2141 2913 2197 ἀλλ’
2942 2142 3024 2195 ὅτι
3052 2142 3114 2195 τὸ
3137 2142 3303 2196 αὐτοῦ
3338 2142 3501 2198 πάλιν
3523 2145 3774 2216 ἐγήγερ-

2167 2252 2260 2289 ται
2300 2236 2482 2305 σῶμα.
2523 2232 2682 2288 Οὕτω
2731 2232 2968 2305 Χριστὸν
2999 2233 3098 2287 ἕνα
3137 2234 3231 2288 καὶ
3259 2233 3467 2305 Κύριον
3493 2235 3773 2306 ὁμολογη-

2173 2342 2358 2396 σομεν·
2388 2325 2487 2396 οὐχ
2507 2324 2583 2389 ὡς
2601 2324 2885 2397 ἄνθρωπον
2912 2342 2975 2378 συ
2983 2325 3457 2396 μπροσκυνοῦντες
3477 2324 3557 2396 τῷ
3579 2326 3771 2397 Λόγῳ,

2172 2414 2261 2469 ίνα
2311 2415 2387 2487 μὴ
2431 2415 2604 2487 τομῆς
2647 2415 2919 2484 φαντασία
2977 2415 3437 2487 παρεισκρίνηται
3462 2457 3478 2484 ,
3524 2416 3615 2472 διὰ
3661 2416 3779 2470 τοῦ

2171 2506 2352 2575 λέγειν
2375 2508 2469 2572 τὸ,
2501 2508 2642 2562 σύγ’
2677 2507 2796 2561 ἀλλ’
2833 2507 2911 2570 ὡς
2952 2506 3048 2561 ενα
3076 2507 3172 2561 καὶ
3198 2507 3292 2562 τὸν
3324 2508 3487 2564 αὐτὸν
3521 2522 3789 2580 προσκυ-

2172 2595 2414 2663 νοῦντες,
2443 2598 2527 2651 ὅτι
2558 2597 2633 2669 μὴ
2658 2596 2937 2670 ἀλλότριον
2964 2597 3060 2651 τοῦ
3085 2598 3262 2667 Λόγου
3287 2599 3349 2654 τὸ
3383 2599 3545 2672 σῶμα
3570 2600 3781 2667 αὐτοῦ,

2178 2687 2299 2759 μεθ’
2327 2682 2389 2743 οὗ
2420 2688 2516 2743 καὶ
2547 2687 3039 2760 αύτῷισυνεδρεύει
3066 2688 3145 2761 τῷ
3186 2690 3383 2762 Πατρί·
3418 2692 3521 2763 οὐχ
3557 2692 3634 2757 ὡς
3669 2693 3785 2747 δύο

2174 2780 2341 2835 πάλιν
2364 2781 2794 2852 συνεδρευόντων
2821 2780 2976 2846 υἱῶν,
3006 2779 3122 2834 ἀλλ’
3157 2780 3235 2844 ὡς
3271 2782 3391 2848 ἑνὸς
3417 2783 3541 2837 καθ’
3569 2784 3785 2837 ἕνωσιν

2179 2872 2319 2944 μετά
2353 2873 2453 2944 τῆς
2494 2872 2633 2935 ιδίας
2665 2871 2889 2943 σαρκός.
2933 2872 3062 2927 Ἐὰν
3088 2872 3147 2927 δὲ
3185 2872 3288 2944 τὴν
3313 2874 3437 2928 καθ’
3469 2875 3789 2931 ὑπόστασιν

2176 2964 2372 3018 ἕνωσιν
2404 2963 2438 3034 ἢ
2472 2962 2549 3026 ὡς
2581 2962 2876 3032 ἀνέφικτον
2911 2962 2946 3033 ἢ
2976 2961 3053 3027 ὡς
3080 2963 3294 3035 ἀκαλλῆ
3323 2966 3789 3037 παραιτούμεθα,

2178 3055 2526 3127 ἐμπίπτομεν
2569 3054 2654 3119 είς
2685 3054 2746 3109 τὸ
2789 3054 2885 3109 δύο
2909 3054 3092 3125 λέγειν
3138 3057 3310 3120 υἱούς.
3368 3058 3610 3129 Ἀνάγκη
3656 3058 3791 3132 γὰρ

2180 3148 2332 3200 πᾶσα
2363 3145 2618 3217 διορίσαι,
2647 3146 2742 3200 καὶ
2773 3148 2948 3203 εἰπεῖν
2979 3146 3072 3202 τὸν
3096 3148 3214 3219 μὲν,
3241 3147 3532 3220 ἄνθρωπον
3557 3149 3787 3217 ίδικῶς,

2173 3240 2241 3310 τῇ
2267 3237 2360 3292 τοῦ
2382 3236 2518 3292 Υἱοῦ
2547 3237 2741 3310 κλήσει
2766 3240 3152 3311 τετιμημένον·
3181 3241 3366 3306 ίδικῶς
3385 3241 3443 3296 δὲ
3463 3242 3653 3308 πάλιν,
3675 3243 3792 3301 τὸν

2172 3331 2237 3383 ὲκ
2264 3328 2402 3383 Θεοῦ
2430 3328 2625 3397 Λόγον,
2654 3330 2902 3402 υίότητος
2930 3330 3103 3403 όνομά
3134 3350 3195 3387 τε
3223 3334 3317 3387 καὶ
3354 3334 3544 3405 χρῆμα
3573 3335 3794 3406 ἔχοντα.

2174 3418 2441 3488 φυσικῶς.
2482 3419 2559 3473 οὐ
2587 3420 2889 3492 διαιρετέον
2919 3422 3210 3494 τοιγαροῦν
3241 3426 3323 3489 είς
3345 3425 3496 3488 υἱοὺς
3521 3425 3638 3489 δύο,
3675 3428 3793 3482 τὸν

2173 3511 2269 3569 ἕνα
2302 3511 2507 3584 Κύριον
2549 3511 2758 3584 Ἰησοῦν
2787 3512 3042 3586 Χριστόν.
3081 3515 3344 3585 Ὠφέλησε
3373 3519 3497 3571 κατ’
3527 3518 3723 3572 οὐδένα
3754 3531 3794 3559 ιι

2173 3603 2376 3675 τρόπον
2401 3605 2495 3659 τὸν
2541 3604 2705 3677 ὀρθὸν
2747 3606 2850 3679 τῆς
2894 3608 3132 3671 πίστεως
3180 3606 3339 3677 λόγον
3383 3610 3465 3673 είς
3500 3609 3563 3662 τὸ
3595 3610 3797 3679 οὕτως

2175 3694 2341 3765 ἔχειν,
2380 3695 2482 3753 κάν
2515 3698 2565 3751 εί
2598 3696 2909 3769 προσώπων
2932 3697 3129 3754 ἕνωσιν
3165 3698 3559 3771 ἑπιφημῖζουσί
3597 3718 3793 3768 τινες,

484 3799 692 3856 latione
713 3797 1137 3853 cohonestatum
1161 3807 1178 3859 ;
1202 3791 1441 3847 alterum
1461 3803 1598 3846 vero
1619 3803 1719 3858 per
1744 3802 1806 3843 se
1829 3798 1896 3843 ac
1922 3798 2077 3840 seor-

485 3904 611 3945 sum
649 3886 750 3943 Dei
796 3882 1065 3948 Verbum,
1112 3880 1260 3952 quod
1303 3888 1361 3937 et
1392 3894 1597 3937 nomen
1623 3887 1680 3934 et
1702 3891 1821 3934 rem
1851 3889 2075 3946 quoque

488 3978 771 4037 ﬁliationis
796 3974 1125 4033 naturaliter
1160 3972 1429 4030 obtineat.
1469 3970 1632 4027 Nulla
1653 3969 1839 4039 itaque
1860 3966 2076 4023 ratione

489 4088 664 4129 unum
698 4068 995 4126 Dominum
1025 4073 1277 4122 nostrum
1299 4063 1504 4121 °Jcsum
1533 4061 1818 4117 Christum
1852 4059 1912 4115 in
1935 4058 2076 4116 duos

488 4163 636 4220 ﬁlios
674 4160 938 4218 divellere
974 4156 1058 4215 fas
1092 4167 1197 4215 est.
1235 4157 1408 4214 Porro
1448 4160 1635 4207 autem
1673 4158 1736 4205 ut
1768 4150 1982 4221 integra
2004 4150 2078 4204 sit

489 4257 610 4313 haec
626 4261 778 4312 recta
800 4253 930 4310 ﬁdei
954 4253 1117 4318 ratio,
1138 4250 1281 4307 nihil
1302 4247 1410 4304 erit
1427 4245 1552 4301 usui
1566 4258 1928 4315 personarum
1942 4245 2077 4300 unio

2177 3787 2254 3840 Οὐ
2277 3787 2385 3859 γὰρ
2409 3788 2630 3860 εἴρηκεν
2654 3790 2688 3860 ἡ
2712 3790 2906 3862 Γραφὴ
2924 3791 3008 3844 ὅτι
3030 3788 3061 3845 ὁ
3080 3790 3255 3859 Λόγος
3277 3791 3569 3863 ἀνθρώπου
3596 3796 3799 3865 πρόσ-

2175 3894 2325 3933 ωπον
2353 3879 2562 3951 ἥνωσεν
2591 3880 2804 3952 ἐαυτῷ,
2854 3881 2971 3936 ἀλλ’
3017 3882 3101 3935 ὅτι
3148 3881 3342 3950 γέγονε
3395 3876 3554 3952 σάρξ.
3590 3882 3672 3938 Τὸ
3715 3885 3797 3942 δὲ

2180 3968 2359 4041 σάρκα
2390 3969 2644 4039 γενέσθαι
2670 3969 2763 4024 τὸν
2796 3969 2992 4039 Λόγον,
3015 3971 3167 4026 οὐδὲν
3200 3971 3389 4045 ἕτερόν
3413 3968 3582 4040 ἐστιν,
3607 3975 3661 4027 εί
3697 3977 3798 4050 μὴ

2175 4062 2259 4115 ὅτι
2289 4054 2692 4134 παραπλησίως
2718 4062 2853 4133 ἡμῖν
2882 4061 3144 4133 μετέσχεν
3167 4064 3400 4135 αἵματος
3426 4065 3519 4119 καὶ
3540 4067 3798 4135 σαρκός.

2182 4153 2345 4208 Ἷδιον
2380 4154 2440 4206 δὲ
2479 4153 2642 4224 σῶμα
2684 4153 2746 4206 τὸ
2783 4152 2944 4224 ήμῶν
2982 4154 3313 4226 ἐποιήσατο,
3352 4156 3451 4209 καὶ
3495 4155 3801 4228 προῆλθεν

2154 4242 2467 4312 ,ἄνθρωπος
2520 4244 2587 4296 ἐκ
2627 4242 2916 4311 γυναικὸς,
2954 4242 3055 4297 οὐκ
3102 4236 3498 4315 ἀποϐεϐληκὼς
3529 4244 3590 4298 τὸ
3624 4240 3799 4305 εἶναι

490 4363 659 4421 quam
702 4347 926 4419 quidam
965 4314 1201 4419 ponunt.
1245 4340 1371 4397 Non
1418 4314 1575 4394 enim
1622 4335 1907 4407 Scriptura
1942 4337 2070 4393 dicit

2179 4334 2333 4400 Θεὸς,
2369 4335 2467 4390 καί
2497 4334 2558 4387 τὸ
2588 4335 2652 4388 ὲκ
2674 4334 2811 4395 Θεοῦ
2847 4335 3209 4407 γεγεννῆσθαι
3237 4314 3475 4406 Πατρός·
3509 4335 3647 4391 ἀλλὰ
3675 4342 3805 4396 καὶ
3996 4314 4003 4367 1

489 4441 735 4509 Verbum
760 4438 1002 4496 hominis
1028 4447 1327 4510 personam
1355 4429 1463 4486 sibi
1484 4428 1811 4496 associasse,
1844 4429 1941 4487 sed
1962 4444 2070 4503 car-

2181 4425 2240 4480 ὲν
2287 4424 2593 4497 προσλήψει
2646 4424 2850 4495 σαρκὸς
2905 4422 3233 4497 μεμενηκὼς
3269 4425 3408 4497 ὅπερ
3453 4421 3543 4498 ἦν.
3596 4423 3806 4485 Τοῦτο
3996 4426 4007 4461 ι

487 4548 619 4589 nem
643 4532 852 4587 factum
880 4545 1023 4586 esse.
1049 4525 1208 4596 Quod
1242 4530 1429 4579 autem
1459 4522 1700 4579 Verbum
1718 4537 1852 4579 caro
1868 4523 2070 4579 factum

2181 4519 2477 4591 πρεσϐεύει
2515 4514 2796 4587 πανταχοῦ
2826 4516 2927 4587 τῆς
2962 4514 3227 4587 ἀκριϐοῦς
3261 4515 3501 4579 πίστεως
3529 4517 3558 4569 ό
3586 4514 3797 4584 λόγοςα
3998 4514 4011 4565 ‘1

489 4623 816 4694 perhibetur
844 4621 916 4688 ⁸⁸,
951 4621 1007 4677 id
1027 4616 1181 4675 aliud
1210 4614 1349 4671 nihil
1372 4621 1460 4670 est
1483 4629 1648 4684 quam
1669 4614 1819 4684 quod
1844 4614 2070 4685 perinde

2179 4610 2355 4675 οὕτως
2377 4610 2685 4680 εὑρήσομεν
2702 4608 2831 4671 τοὺς
2850 4607 3038 4675 ἁγίους
3058 4607 3472 4679 πεφρονηκότας
3495 4607 3798 4677 Πατέρας-
4004 4608 4019 4651 ι

487 4731 555 4773 ac
567 4730 670 4771 nos
689 4714 843 4772 carni
858 4723 917 4771 et
935 4709 1191 4784 sanguini
1211 4705 1640 4765 communicavit
1658 4705 1726 4761 ⁸⁷.
1752 4704 1926 4761 Suum
1947 4721 2070 4776 ergo

2179 4700 2324 4755 οὕτω
2356 4699 2727 4771 τεθαρσήκασι
2751 4697 3014 4753 Θεοτόκον
3036 4699 3214 4751 εἰπεῖν
3238 4697 3339 4768 τὴν
3365 4698 3526 4767 ἁγίαν
3558 4698 3802 4768 Παρθέ-
4008 4696 4026 4741 ι

4014 4796 4031 4831 ἲ

4018 4888 4031 4927 1

3995 4048 4005 4087 l

3995 4142 4000 4175 l

487 4804 621 4863 feeit
647 4814 901 4863 nostrum
941 4818 1165 4875 corpus,
1200 4798 1516 4872 prodiitque
1540 4797 1710 4867 homo
1734 4812 1803 4853 ex
1822 4796 2070 4862 muliere,

2180 4808 2293 4848 vov'
2324 4792 2424 4863 οὐχ
2443 4790 2520 4855 ὡς
2542 4793 2645 4863 τῆς
2662 4788 2758 4844 τοῦ
2786 4789 2963 4858 Λόγου
2987 4788 3225 4860 φύσεως,
3249 4790 3367 4860 ἦτοι
3387 4789 3490 4860 τῆς
3516 4789 3797 4861 θεότητος

488 4897 694 4953 deitate
716 4896 963 4961 interim,
987 4901 1084 4951 aut
1102 4907 1175 4949 ex
1195 4891 1358 4947 Patre
1381 4887 1668 4947 nativitate
1688 4901 1803 4942 non
1826 4886 2070 4959 abjecta;

2180 4886 2348 4941 αὐτοῦ
2391 4886 2494 4959 τὴν
2526 4885 2703 4958 ἀρχὴν
2744 4884 2842 4939 τοῦ
2879 4880 3021 4939 εἶναι
3057 4882 3330 4954 λαϐούσης
3364 4885 3430 4937 ὲκ
3458 4882 3560 4954 τῆς
3604 4883 3796 4954 ἁγίας

488 4988 694 5045 mansit
719 4988 867 5047 enim
895 4986 953 5041 in
970 4986 1087 5057 ipsa
1102 4996 1322 5054 quoque
1342 4979 1526 5037 carnis
1539 4980 1915 5050 assumptione
1930 4978 2070 5049 quod

2181 4978 2462 5051 Παρθένου
2483 4994 2497 5009 ⁵
2529 4978 2643 5032 ἀλλ’
2677 4976 2756 5041 ὡς
2793 4976 3151 5048 γεννηθέντος
3197 4975 3257 5042 ἐξ
3291 4974 3461 5046 αὐτῆς
3485 4972 3582 5031 τοῦ
3609 4974 3795 5043 ἁγίου

488 5087 629 5135 erat.
665 5078 783 5135 Hoc
817 5075 927 5147 25
954 5050 1251 5131 e-xacti—oris—
1270 5069 1399 5127 ﬁdei
1421 5069 1673 5126 doctrina
1704 5070 1911 5141 ubique
1935 5085 2070 5140 pra:-

2175 5050 2456 5144 σώματος,
2496 5070 2842 5143 ψυχωθέντος
2872 5087 2933 5123 τε
2960 5067 3219 5138 λογικῶς,
3268 5062 3315 5138 ᾧ
3347 5070 3445 5122 καὶ
3482 5067 3604 5122 καθ’
3632 5067 3795 5123 67:6-
4028 5050 4039 5089 ³

486 5181 675 5227 meat:
703 5170 811 5225 hoc
837 5173 1061 5223 sanctos
1084 5165 1278 5220 Patres
1307 5161 1548 5218 sensisse
1582 5161 1925 5232 reperiemus
1953 5178 1968 5215 :
2002 5161 2070 5216 ita

2178 5181 2369 5219 στασιν
2399 5163 2622 5227 ὲνωθεὶς
2654 5164 2683 5217 ὁ
2721 5161 2894 5231 Λόγος
2918 5200 2935 5225 ,
2969 5157 3329 5231 γεγεννῆσθαι
3354 5158 3572 5228 λέγεται
3619 5164 3792 5218 κατὰ,

486 5277 602 5318 non
634 5261 962 5318 dubitarunt
992 5269 1205 5312 sacram
1238 5252 1521 5325 Virginem
1564 5252 1854 5323 Deiparam
1887 5254 2070 5324 appe]-

2179 5256 2379 5327 σάρκα.
2408 5254 2596 5308 Ταῦτα
2627 5254 2723 5307 καὶ
2757 5250 2853 5307 νῦν
2880 5251 2958 5315 ὡς
2987 5251 3046 5318 ἐξ
3074 5250 3299 5321 ἀγάπης
3326 5249 3428 5320 τῆς
3457 5251 3517 5303 ὲν
3541 5248 3794 5326 Χριστῷ

489 5355 646 5421 lare;
680 5368 796 5408 non
818 5348 969 5418 quod
1004 5345 1169 5403 Verbi
1200 5354 1422 5409 natura,
1449 5344 1691 5414 ipsiusve
1710 5344 1973 5401 divinitas
1994 5361 2070 5399 or-

2178 5349 2396 5419 γράφω,
2423 5345 2756 5417 παρακαλῶν
2776 5345 2851 5408 ὡς
2872 5344 3121 5414 ἀδελφὺν,
3147 5344 3242 5408 καὶ
3261 5341 3792 5414 διαμαρτυρόμενος

490 5457 583 5503 tus
603 5446 691 5502 sui
717 5440 1054 5515 principium
1077 5453 1146 5493 ex
1175 5447 1364 5494 sancta
1383 5438 1608 5509 Virgine
1642 5439 1960 5509 sumpserit,
1986 5439 2070 5494 sed

2184 5440 2414 5493 ἐνώπιον
2459 5438 2555 5492 τοῦ
2589 5436 2726 5491 Θεοῦ
2772 5437 2867 5491 καὶ
2908 5437 3019 5493 τῶν
3058 5436 3331 5492 ἐκλεκτῶν
3371 5435 3622 5506 ἀγγέλων
3668 5439 3796 5492 αὐ,

559 5586 606 5618 ³³
645 5585 817 5641 Hebr.
849 5598 907 5649 ιι,
940 5580 995 5637 9.
1061 5579 1108 5612 ⁸⁸
1137 5580 1295 5637 Joan.
1340 5598 1378 5648 ι,
1422 5582 1508 5638 14.
1584 5580 1630 5613 ⁸⁷
1659 5582 1829 5639 Hebr.
1856 5599 1914 5648 ll,
1966 5583 2050 5636 M.

1555 5694 1732 5749 Variae
1759 5693 2025 5749 lectiones
2056 5692 2266 5747 codicis
2300 5686 2665 5759 Seguieriani.

560 5822 602 5854 ³³
634 5816 698 5868 ὲκ
724 5798 911 5867 Θεοῦ.’
954 5820 982 5848 ³³
1012 5812 1193 5883 ὀνήσει
1231 5813 1285 5866 δὲ
1319 5813 1436 5867 κατ’
1467 5813 1675 5867 οὐδένα.
