4058 6478
469 431 534 487 51
1504 432 1560 491 S.
1603 435 1881 494 CYRILLI
1918 438 2394 500 ALEXANDRINI
2431 443 2753 502 ARCHIEP.
3679 440 3748 496 5?.

468 561 797 617 comperres,
843 544 1369 602 consubstantialem
1394 545 1745 608 divinitatem
1769 555 2048 625 patibilem

2161 560 2475 630 πρόσφατον
2521 558 2790 632 γεννητὴν
2827 560 2927 633 τὴν
2961 558 3043 630 τῷ
3073 557 3251 630 Πατρὶ
3286 554 3583 613 συναῖδιον·
3622 559 3748 616 οὑδὲ

465 652 589 699 esse
616 654 630 693 :
658 644 756 691 aut
776 652 900 711 quae
926 636 1075 693 Patri
1100 652 1282 693 coaeva
1310 646 1417 705 est,
1447 657 1649 699 recens
1669 652 1855 702 natam
1882 663 2005 704 esse
2037 665 2048 704 :

2161 653 2475 708 ἀναστᾶσαν
2518 652 2617 725 τὴν
2667 652 2759 707 τὸν
2812 635 3107 722 λελῦμένον
3163 650 3292 705 ναὸν
3340 652 3746 723 ἀναστήσασαν.

464 736 564 792 aut
606 744 731 801 quas
770 729 1037 799 templum
1059 728 1306 787 solutum
1332 733 1716 802 exsuscitavit,
1748 740 2056 796 exsuscita-

2160 744 2279 798 Κᾶν
2310 761 2401 815 μοι
2420 742 2521 808 τὰς
2542 743 2713 807 ἀκοὰς
2737 744 2817 807 είς
2843 742 3139 813 ἀδελφικὴν
3165 741 3408 812 ἰατρείαν
3433 739 3748 812 παράσχῃς,

461 829 577 885 tam
600 837 742 877 esse.
769 820 929 892 Quod
953 821 998 877 si
1023 821 1093 884 ad
1115 821 1413 882 fraternam
1434 826 1767 886 medicinam
1789 846 1955 888 aures
1975 842 2048 891 at-

2158 834 2331 899 αὑτάς
2368 853 2452 889 σοι
2483 834 2582 899 τάς
2608 833 2719 889 τῶν
2748 831 2920 904 ἁγίων
2950 833 3176 888 ἐκείνων
3218 842 3245 882 Ρ
3275 832 3459 901 φωνὰς
3508 831 3750 905 παραθέ-

463 914 682 985 tuleris,
711 922 1031 976 sanctorum
1055 916 1281 973 Patrum
1305 919 1493 976 verbis
1514 921 1571 982 in
1588 924 1833 983 medium
1849 925 2055 995 allatis,

460 1021 531 1070 ea
580 1008 876 1074 calumnia,
925 1024 1048 1084 quae
1093 1016 1150 1067 et
1198 1011 1457 1069 Patrihus
1504 1022 1562 1070 et
1601 1014 1807 1072 divinis
1832 1033 2055 1090 quoque

463 1100 772 1172 Scripturis
799 1100 1089 1162 evidenter
1118 1103 1466 1171 adversatur,
1501 1112 1555 1162 te
1583 1106 1852 1163 liberabo.
1884 1108 2056 1169 Aiunt

461 1208 595 1265 ergo
622 1211 636 1247 :
671 1192 964 1249 Credimus
989 1194 1046 1249 in
1072 1194 1370 1250 Dominum
1399 1207 1655 1253 nostrum
1675 1199 1865 1255 Iesum
1886 1198 2053 1256 Chri-

462 1292 611 1340 stum
633 1284 835 1340 Filium
858 1285 979 1357 ejus
1002 1285 1374 1358 unigenitum.
1398 1286 1646 1346 Observa
1665 1291 1758 1347 hic
1773 1292 2056 1362 quomodo

460 1377 783 1445 Dominum,
798 1378 1010 1444 Jesum,
1027 1376 1333 1446 Christum,
1356 1379 1734 1451 Unigenitum,
1751 1390 1807 1438 et
1826 1382 2053 1451 Filium,

460 1469 692 1525 nomina
737 1469 930 1540 utique
965 1485 1089 1540 quae
1120 1470 1376 1526 humanae
1411 1471 1721 1543 divinaeque
1748 1482 1962 1530 naturae
1985 1490 2055 1530 ex

461 1574 623 1631 aequo
669 1560 1035 1626 conveniunt,
1074 1561 1306 1632 perinde
1335 1576 1401 1618 ac
1421 1562 1778 1620 fundamenta
1800 1566 2054 1637 quaedam

461 1651 906 1718 substernentes,
942 1652 1362 1720 incarnationis,
1385 1655 1586 1711 mortis
1608 1665 1666 1712 et
1692 1660 2055 1717 resurrectio-

460 1741 551 1797 nis
599 1742 952 1806 traditionem
1002 1744 1152 1800 illico
1177 1745 1511 1818 subjungant
1533 1756 2051 1823 superstruantquc,

461 1847 663 1903 nempe
726 1849 838 1904 quo
897 1836 1287 1892 communibus
1330 1837 1665 1908 quibusdam
1730 1842 2052 1899 nominibus

2160 941 2340 995 μενος,
2367 925 2468 996 τῆς
2496 923 2618 978 κατ’
2641 922 2868 977 ἐκείνων
2898 921 3196 986 ἀπαλλάξω
3226 921 3618 991 συκοφαντίας,
3650 923 3740 973 κατ

2155 1016 2256 1086 τῆς
2276 1013 2419 1088 κατὰ
2433 1014 2549 1069 τῶν
2568 1013 2731 1068 θείων
2755 1013 3009 1086 Γραφῶν,
3036 1011 3107 1067 δι’
3129 1011 3377 1081 ἐκείνων.
3410 1010 3750 1083 Πιστεύομεν

2155 1106 2337 1159 τοίνυν
2369 1107 2450 1170 είς
2501 1107 2593 1160 τὸν
2632 1104 2840 1176 Κύριον
2883 1103 3043 1176 ἡμῶν
3093 1102 3305 1175 Ἰησοῦν
3350 1102 3609 1175 Χριστὸν,
3654 1103 3749 1156 τὸν

2157 1195 2288 1249 Υίὸν
2326 1195 2493 1250 αὑτοῦ
2533 1195 2625 1250 τὸν
2659 1195 2944 1267 μονογενῆ.
2977 1193 3264 1266 Σκόπησον
3295 1192 3476 1260 ὅπως,
3509 1192 3592 1258 τὸ,
3632 1192 3750 1246 Κύκ

2157 1304 2298 1360 ριος,
2364 1288 2607 1358 Ἰησοῦς,
2645 1287 2920 1360 Χριστὸς,
2956 1287 3054 1341 καὶ
3096 1285 3448 1359 Μονογενὴς,
3495 1286 3591 1340 καὶ
3618 1284 3750 1349 Υίὸς

2155 1379 2423 1453 πρότερον
2458 1379 2647 1445 θέντες
2663 1420 2679 1446 ,
2712 1380 2783 1435 τά
2809 1380 2967 1436 κοινά
2989 1380 3092 1451 τῆς
3117 1379 3371 1451 θεότητος
3398 1378 3495 1432 καὶ
3517 1377 3620 1449 τῆς
3645 1378 3746 1432 ἀνο

2157 1470 2507 1543 θρωπότητος
2526 1512 2543 1538 ,
2574 1471 2652 1536 ὡς
2695 1472 2979 1544 θεμελίους
2998 1512 3013 1535 ,
3047 1472 3320 1541 ὀνόματα,
3355 1469 3480 1523 τότε
3516 1467 3616 1540 τήν
3647 1468 3747 1539 τῆς

2156 1564 2647 1636 ὲνάνθρωπήσεως,
2669 1564 2881 1619 καὶτοῦ
2909 1565 3138 1629 πάθους,
3158 1563 3374 1632 καὶτῆς
3396 1559 3747 1625 ἀναστάσεως

2154 1657 2572 1727 ὲποικοδομοῦσι
2625 1657 2945 1729 παράδοσιν,
2993 1658 3083 1712 ἵνα
3136 1656 3247 1710 τῶν
3302 1654 3584 1725 ὀνομάτων
3635 1653 3748 1705 τῶν

2157 1745 2375 1824 φύσεων
2401 1748 2676 1820 ἑκατέρων
2690 1758 2719 1799 εἰ
2753 1747 2950 1809 κοινῶν
2965 1764 3129 1808 τινων
3151 1744 3502 1818 σημαντικῶν
3522 1761 3748 1817 προκει-

2160 1843 2360 1913 μένων,
2390 1843 2529 1914 μήτε
2565 1841 2635 1896 τά
2661 1842 2760 1912 τῆς
2789 1841 3040 1912 υίότητος
3069 1840 3163 1894 καὶ
3200 1837 3521 1910 κυριότητος
3546 1837 3748 1908 τέμνη·⁸

461 1930 755 1994 utramque
777 1932 1031 1981 naturam
1055 1925 1496 1998 signiﬁcantibus
1516 1930 1836 2001 propositis,
1870 1949 2048 2004 neque

2152 1950 2244 1987 ται
2263 1973 2280 1998 ,
2313 1933 2455 2004 μήτε
2489 1931 2559 1986 τά
2585 1931 2694 1985 τῶν
2726 1930 2943 1999 φύσεων
2970 1931 3030 1984 ὲν
3063 1927 3143 1999 τῷ
3171 1927 3272 1999 τῆς
3303 1926 3552 1996 υίότητος
3582 1941 3748 1995 μονα-

459 2028 528 2070 ea
566 2030 689 2086 quas
727 2014 1010 2073 ﬁliationis
1030 2026 1088 2074 et
1108 2018 1503 2080 dominationis
1520 2029 1669 2087 sunt,
1705 2022 2050 2101 scindantur,

458 2122 640 2180 neque
666 2122 732 2166 ea
759 2125 982 2170 rursum
1002 2126 1124 2182 quae
1142 2119 1469 2175 naturarum
1492 2120 1641 2180 sunt,
1668 2124 1898 2186 propter
1914 2116 2055 2173 ﬁlia-

458 2197 630 2257 tionis
673 2200 1114 2272 singularitatem
1147 2202 1205 2262 in
1233 2203 1578 2264 confusionis
1614 2206 1925 2281 periculum
1950 2208 2052 2264 ad-

457 2288 753 2352 ducantur.
774 2291 891 2363 Qua
903 2291 1127 2364 quidem
1151 2293 1208 2349 in
1228 2310 1287 2350 re
1300 2295 1454 2352 Pauli
1476 2297 1861 2355 auctoritatem
1875 2301 2051 2358 secuti

457 2391 588 2444 sunt
638 2400 654 2440 :
701 2384 794 2443 hic
843 2384 994 2440 enim
1033 2385 1233 2442 divinae
1280 2386 1680 2446 incarnationis
1717 2390 1862 2447 facta
1899 2408 2054 2448 men.

459 2473 628 2540 tione,
659 2489 834 2545 eaque
862 2490 991 2538 mox
1013 2477 1414 2549 subjuncturus
1433 2494 1556 2549 quae
1573 2481 1850 2550 passionis
1866 2490 2048 2549 erant,

453 2565 697 2635 primum
729 2566 869 2624 illud
900 2583 1125 2631 nomen,
1154 2567 1432 2636 Christus,
1461 2578 1523 2623 ut
1554 2572 1719 2641 paulo
1742 2583 1870 2628 ante
1896 2573 2051 2630 dice-

454 2656 606 2721 bam,
660 2656 884 2728 utrique
930 2665 1145 2718 natura}
1186 2674 1479 2717 commune
1505 2662 1694 2732 ponit;
1728 2679 1793 2718 ac
1816 2679 1942 2719 mox
1974 2665 2051 2719 ita

444 2763 772 2808 .sermonem
802 2748 1035 2819 profert,
1055 2758 1117 2807 ut
1138 2757 1351 2811 natura:
1378 2752 1599 2825 utrique
1626 2754 1698 2810 sit
1716 2769 2046 2826 congruens.

453 2838 671 2909 Ecquid
718 2854 850 2911 ergo
897 2838 1071 2897 dicit?
1122 2859 1141 2891 ‹
1164 2839 1299 2906 Hoc.
1325 2840 1525 2912 inquit,
1553 2843 1754 2900 sentite
1786 2844 1842 2899 in
1868 2845 2047 2913 vobis,

454 2929 605 3000 quod
637 2938 695 2986 et
724 2931 781 2985 in
804 2930 1025 2987 Christo
1049 2932 1180 2989 Jesu
1211 2951 1224 2987 :
1254 2934 1372 3004 qui,
1400 2951 1527 2990 cum
1552 2936 1606 2989 in
1628 2935 1806 2996 forma
1832 2937 1932 2993 Dei
1958 2953 2050 2994 es-

453 3030 559 3085 set,
578 3038 689 3077 non
710 3023 958 3094 rapinam
978 3025 1279 3081 arbitratus
1300 3035 1385 3081 est
1402 3042 1525 3083 esse
1545 3042 1603 3082 se
1619 3028 1887 3098 aequalem
1902 3029 2046 3097 Deo;

453 3112 553 3174 sed
590 3112 842 3185 (singula
867 3114 1016 3169 enim
1055 3117 1315 3187 persequi
1358 3133 1470 3173 non
1495 3117 1726 3190 attinet)
1762 3119 1942 3176 factus
1963 3129 2050 3177 est

2152 2024 2287 2095 δικῷ
2332 2023 2650 2095 συγχύσεως
2697 2021 2995 2094 ἀφανισμῷ
3039 2017 3345 2091 κινδυνεύῃ.
3386 2015 3591 2070 Τούτου
3634 2014 3747 2085 γάρ

2154 2115 2320 2181 αὐτὸς
2350 2126 2373 2154 ι’
2402 2114 2702 2186 παιδευτὴς
2728 2117 2757 2169 ὁ
2786 2112 3004 2177 Παῦλος
3030 2111 3345 2181 γεγένηται,
3372 2107 3433 2172 ὃς
3459 2106 3559 2178 τῆς
3590 2108 3745 2163 ἐναν-

2153 2206 2493 2283 θρωπήσεως
2530 2207 2630 2277 τῆς
2671 2205 2823 2270 θείας
2862 2204 2962 2277 τὴν
2994 2204 3221 2276 μνήμην
3256 2200 3578 2270 ποιούμενος
3599 2240 3616 2267 ,
3647 2199 3745 2261 καὶ

2155 2297 2367 2369 μέλλων
2398 2298 2467 2352 τά
2506 2297 2601 2351 τοῦ
2640 2296 2848 2361 πάθους
2880 2297 3132 2364 ἐπάγειν,
3178 2293 3449 2365 πρότερον
3481 2291 3598 2357 θεὶς
3641 2291 3744 2360 τὸ,

2149 2389 2409 2461 Χριστὸς,
2437 2388 2500 2447 τὸ
2522 2386 2699 2449 κοινὸν
2719 2387 2830 2440 τῶν
2844 2386 2959 2453 δύο,
2982 2386 3059 2450 ὡς
3088 2383 3271 2456 μικρῷ
3297 2384 3562 2455 πρότερον
3582 2381 3741 2452 ἔφην,

2150 2481 2260 2535 τῶν
2295 2481 2510 2552 φύσεων
2544 2481 2751 2551 ὄνομα,
2786 2478 3056 2552 προσάγει
3083 2477 3178 2531 τὸν
3207 2476 3365 2546 λόγον
3400 2472 3745 2546 ἀμφοτέραις

2152 2571 2417 2643 πρεπώδη
2446 2572 2569 2643 ταῖς
2597 2570 2814 2641 φύσεσι.
2844 2570 2910 2624 Τί
2941 2570 3051 2642 γάρ
3074 2585 3241 2641 φησι;
3278 2588 3297 2620 ι
3333 2566 3504 2621 Τοῦτο
3534 2562 3743 2637 φρονεί-

2154 2665 2267 2719 σθω
2291 2667 2349 2718 ὲν
2380 2665 2532 2736 ὑμῖν,
2562 2663 2591 2718 ὃ
2623 2666 2721 2725 καὶ
2748 2665 2806 2723 ὲν
2837 2662 3062 2735 Χριστῷ
3106 2660 3281 2732 Ἰησρῦ
3303 2702 3319 2727 ,
3366 2659 3427 2724 ὃς
3457 2659 3516 2713 ἒν
3558 2660 3744 2731 μορφῇ

2150 2754 2287 2809 Θεοῦ
2331 2754 2615 2826 ὑπάρχων,
2651 2754 2749 2825 οὑχ
2778 2753 3072 2825 ἁρπαγμὸν
3098 2753 3347 2825 ἡγήσατο
3386 2752 3447 2804 τὸ
3473 2744 3615 2806 εἶναι
3649 2748 3745 2803 ίσα

2150 2846 2270 2918 Θεῷ
2295 2863 2309 2877 ·
2350 2845 2466 2905 ἀλλ’
2493 2844 2622 2918 (ἵνα.
2652 2846 2727 2917 μὴ
2766 2845 2838 2902 τά
2877 2845 3000 2900 καθ’
3031 2843 3262 2898 ἕκαστον
3291 2840 3466 2911 λέγω)
3496 2841 3743 2911 ὑπήκοος

2150 2938 2368 3009 ἐγένετο
2399 2936 2563 3010 μέχρι
2588 2937 2842 3001 θανάτου,
2868 2936 3098 2990 θανάτου
3126 2934 3182 2988 δὲ
3215 2933 3471 3005 σταυροῦ.
3519 2931 3744 3008 Ἐπειδὴ

2148 3031 2257 3102 γὰρ
2288 3030 2479 3102 ἔμελλε
2509 3030 2604 3084 τοῦ
2636 3030 2869 3085 θανάτου
2902 3027 3235 3099 μεμνῆσθαι,
3265 3026 3356 3080 ῖνα
3389 3025 3464 3100 μὴ
3491 3025 3583 3079 τὸν
3607 3023 3744 3078 Θεὸν

2146 3120 2319 3189 Λόγον
2340 3117 2592 3173 ἐντεῦθέν
2618 3136 2702 3183 τις
2721 3116 2962 3187 παθητὸν
2989 3115 3258 3188 ὑπολάϐῃ,
3288 3115 3470 3185 τίθησι
3498 3113 3581 3180 τὸ,
3606 3113 3743 3183 Χρι-

451 3201 724 3257 obediens
740 3218 914 3274 usque
927 3204 995 3263 ad
1010 3214 1243 3262 mortem
1254 3246 1268 3272 ,
1287 3216 1523 3263 mortem
1537 3214 1724 3261 autem
1743 3209 1926 3266 erucis
1940 3210 2008 3263 θ’.
2020 3228 2040 3263 ι

2152 3208 2298 3281 στὸς,
2330 3209 2404 3272 ὡς
2429 3208 2528 3279 τῆς
2567 3206 2812 3270 ἀπαθοῦς
2844 3206 2938 3259 καὶ
2981 3205 3234 3277 παθητῆς
3259 3204 3449 3268 οὐσίας
3485 3204 3543 3256 ἐν
3580 3219 3743 3274 μονα·-

450 3293 590 3360 Quia
615 3294 764 3352 cnim
787 3296 985 3355 mortis
1002 3296 1251 3359 facturus
1274 3307 1396 3354 erat
1417 3299 1780 3366 mentionem,
1826 3313 1897 3357 ne
1919 3302 2047 3373 quis

2149 3299 2286 3370 δικῷ
2320 3298 2599 3371 προσώπῳ
2641 3297 3017 3372 προσηγορίαν
3055 3298 3428 3367 σημαντικήνο
3458 3296 3607 3357 ὅπως
3645 3290 3744 3345 καὶ

451 3385 584 3444 hinc
610 3387 785 3445 Deum
811 3388 1056 3449 Verbum
1077 3389 1306 3459 patibile
1333 3406 1456 3446 esse
1473 3391 1776 3463 colligeret,
1809 3393 2044 3466 subjun-

2149 3392 2367 3462 ἀπαθὴς
2391 3393 2419 3443 ὁ
2443 3389 2697 3462 Χριστὸς,
2733 3392 2827 3444 καὶ
2861 3389 3106 3461 παθητὸς
3130 3388 3429 3453 ἀκινδύνως
3456 3387 3672 3444 καλοῖτο
3691 3394 3745 3460 ⁸,

446 3479 529 3550 git
550 3496 753 3541 nomen
780 3480 906 3545 hoc,
959 3480 1234 3548 Christus,
1280 3482 1426 3552 quod
1453 3491 1744 3555 utramque
1765 3493 2043 3553 naturam,

2149 3483 2368 3553 ἀπαθὴς
2409 3481 2508 3552 μὲν
2543 3481 2795 3553 θεότητι,
2845 3481 3090 3555 παθητὸς
3132 3482 3189 3536 δὲ
3229 3484 3297 3555 τῇ
3349 3481 3444 3535 τοῦ
3488 3482 3745 3555 σώματος

447 3572 760 3642 patibilem,
784 3572 1108 3644 inquam,et
1126 3574 1516 3645 impatibilem,
1545 3575 1602 3631 in
1627 3578 1790 3633 unica
1810 3594 2046 3649 persona

2149 3579 2333 3647 φύσει.
2381 3576 2563 3631 Πολλά
2606 3576 2786 3647 λέγειν
2848 3577 2980 3649 περὶ
3027 3576 3218 3632 τούτου
3261 3576 3589 3647 δυνάμενος,
3645 3578 3745 3634 καὶ

449 3661 681 3723 denotat
713 3680 725 3716 :
758 3678 869 3733 quo
896 3664 1044 3720 idem
1061 3665 1326 3721 nimirum
1344 3665 1599 3724 Christus
1616 3668 1861 3738 patibilis
1878 3670 2045 3726 simul

2150 3670 2416 3742 πρότερόν
2447 3688 2511 3740 γε
2548 3670 2632 3737 τὸ,
2662 3670 2799 3743 μηδὲ
2828 3671 3136 3742 γεννήσεως
3159 3670 3252 3723 ἐπὶ
3281 3670 3377 3741 τῆς
3403 3668 3744 3741 οἰκονομίας,

447 3765 507 3817 et
552 3755 880 3828 impatibilis
920 3758 1059 3813 citra
1107 3758 1238 3813 ﬁdei
1270 3757 1570 3815 discrimen
1602 3761 1819 3832 concipi
1849 3770 2036 3832 queat,

2149 3759 2261 3814 ἀλλ’
2291 3759 2761 3833 ἐνανθρωπήσεως
2785 3762 2913 3825 τοὺς
2943 3762 3134 3830 ἁγίους
3159 3759 3401 3824 ἐκείνους
3433 3758 3737 3839 μνημονεῦ-

448 3850 589 3913 illud
639 3849 865 3920 quidem
922 3849 1230 3909 secundum
1274 3850 1571 3908 humanam
1612 3861 1888 3919 naturam,
1932 3852 2038 3915 hoc

2149 3870 2236 3907 σαι
2291 3852 2568 3924 Πατέρας,
2617 3852 2716 3924 τὴν
2760 3853 2862 3922 τῆς
2905 3851 3274 3923 βραχυλογίας
3315 3852 3375 3904 ὲν
3431 3851 3741 3924 προοιμίοις

444 3959 584 4001 vero
636 3943 942 4021 secundum
986 3942 1252 4015 divinam.
1299 3944 1472 4007 Porro
1498 3954 1682 4001 autem
1712 3961 1838 4001 cum
1862 3945 2036 4000 multa

2149 3941 2441 4013 ὑπόσχεσιν
2467 3941 2792 4013 χαλινοῦσαν
2822 3942 2912 3995 τὸν
2930 3941 3088 4010 λόγον
3111 3940 3463 4011 αἰσθάνομαι,
3486 3941 3580 3994 καὶ
3602 3939 3745 4011 πρὸς

446 4034 554 4090 hac
592 4034 662 4093 de
700 4049 763 4090 re
787 4032 1064 4089 disserere
1082 4033 1315 4099 valeam,
1343 4041 1399 4090 et
1421 4034 1659 4090 maxime
1681 4033 1830 4104 quod
1858 4031 2033 4089 sancti

2149 4034 2204 4093 τὸ
2234 4032 2487 4106 δεύτερον
2517 4034 2616 4104 τῆς
2643 4034 2745 4103 σῆς
2770 4034 2994 4105 ἀγάπης
3024 4032 3284 4087 κινοῦσαν
3310 4032 3628 4100 κεφάλαιον.

445 4132 525 4194 illi
552 4132 745 4189 Patres
763 4129 832 4185 de
855 4127 1063 4187 Christi
1087 4131 1395 4190 oeconomia
1453 4129 1622 4186 verba
1684 4128 1970 4194 facientes,
1992 4144 2104 4187 non
2140 4129 2550 4200 generationis,
2617 4131 2725 4203 27
2774 4129 2869 4185 sed
2920 4128 3316 4185 incarnationis
3360 4128 3741 4196 meminerint,

446 4232 623 4302 ipsam
656 4226 927 4287 orationis
961 4226 1313 4296 brevitatem,
1348 4240 1512 4298 quam
1560 4224 1744 4280 statim
1810 4224 1867 4279 in
1901 4225 2128 4287 exordio
2171 4226 2558 4299 promiseram,
2628 4226 2900 4285 sermonis
2937 4240 3163 4283 cursum
3225 4224 3511 4293 cohibere,
3550 4233 3607 4281 et
3665 4225 3738 4280 ad

442 4324 682 4380 alterum
711 4325 1023 4384 dilectionis
1049 4339 1157 4389 tuae
1179 4338 1345 4402 caput
1374 4328 1637 4384 festinare
1660 4328 1861 4387 sentio.

513 4415 574 4471 In
595 4430 665 4472 eo
684 4425 872 4474 autem
903 4431 957 4476 te
980 4421 1168 4487 laudo,
1204 4419 1355 4493 quod
1375 4417 1791 4475 distinctionem
1808 4427 2038 4476 naturav

2236 4417 2324 4470 Ἐν
2359 4408 2404 4485 ᾧ
2439 4416 2536 4471 καὶ
2589 4414 2692 4486 τὴν
2745 4412 2855 4470 τῶν
2900 4414 3120 4485 φύσεων
3171 4412 3409 4487 ἐπῄνουν
3466 4413 3739 4486 διαίρεσιν

442 4521 596 4576 rum,
626 4511 932 4568 secundum
955 4511 1265 4569 divinitatis
1278 4520 1336 4566 et
1364 4510 1727 4567 humanitatis
1742 4511 2038 4576 rationem,

2149 4509 2295 4572 κατά
2324 4508 2416 4565 τὸν
2443 4509 2543 4580 τῆς
2571 4507 2993 4579 ἀνθρωπότητος
3015 4506 3110 4590 καὶ
3138 4506 3394 4574 θεότητος
3429 4505 3609 4577 λόγον,
3638 4508 3738 4562 καὶ

444 4601 758 4673 harumque
790 4602 848 4659 in
872 4621 982 4661 una
1008 4605 1276 4662 duntaxat
1311 4615 1550 4673 persona
1592 4602 2039 4672 coniunctionem

2149 4601 2249 4670 τὴν
2289 4600 2496 4654 τούτων
2545 4600 2627 4664 είς
2682 4598 2798 4662 ἑνὸς
2830 4597 3128 4670 προσώπου
3162 4596 3458 4668 συνάφειαν
3477 4617 3490 4630 ·
3522 4599 3618 4654 καὶ
3648 4600 3735 4666 τὸ,

445 4693 720 4764 przedicas
753 4712 767 4749 :
800 4695 1062 4767 quodque
1088 4695 1260 4749 Deum
1308 4690 1553 4748 Verbum
1593 4691 1770 4747 altero
1799 4706 1870 4745 ex
1911 4706 2038 4745 mu-

449 4786 591 4842 liere
616 4792 743 4842 ortu
768 4787 999 4851 minime
1022 4783 1328 4856 indiguisse
1349 4781 1622 4849 aﬂirmas;
1653 4789 1713 4837 et
1733 4781 1883 4852 quod
1898 4780 2042 4843 divi.

446 4877 680 4935 nitatem
710 4880 827 4951 pati
853 4894 967 4935 non
993 4877 1264 4950 potuisse,
1295 4874 1502 4930 diserte
1527 4872 1856 4944 pronuntias
1881 4890 1893 4925 :
1921 4872 2041 4927 haec

446 4969 598 5025 enim
642 4972 830 5028 omnia
859 4984 1057 5028 revera
1084 4974 1142 5024 et
1166 4965 1494 5031 orthodoxa,
1519 4974 1579 5021 et
1600 4962 1760 5020 vanis
1790 4963 2039 5020 omnium

444 5064 839 5123 haereticorum
883 5065 1032 5121 circa
1085 5060 1303 5119 Domini
1351 5067 1582 5116 naturas
1623 5057 2039 5130 opinationihus

444 5172 613 5229 quam
651 5158 888 5214 maxime
920 5155 1150 5212 adversa
1174 5160 1323 5213 sunt.
1358 5152 1430 5207 At
1455 5166 1590 5207 vero
1609 5158 1800 5206 utrum
1823 5151 2037 5221 reliqua

445 5250 721 5306 occultam
743 5251 984 5320 aliquam
1003 5254 1061 5302 et
1076 5241 1695 5315 incomprehensibilem
1708 5240 2035 5312 sapientiam

444 5338 753 5412 legentium
802 5338 1038 5396 auribus
1080 5334 1343 5402 inferant,
1372 5334 1429 5391 id
1462 5342 1573 5390 tuas
1602 5333 1840 5390 solertia
1867 5333 2039 5390 fuerit

448 5430 779 5504 diiudicare.
807 5429 941 5484 Mihi
968 5444 1100 5485 sane
1127 5442 1254 5485 cum
1274 5426 1734 5484 antecedentibus
1765 5426 1905 5483 adeo
1922 5442 2037 5482 non

449 5524 733 5585 cohaerere
780 5521 1064 5590 videntur.
1105 5530 1170 5587 ιιι
1194 5536 1261 5587 ea
1283 5522 1512 5585 omnino
1540 5536 1762 5603 quoque
1783 5530 2040 5586 evertere

792 5611 828 5652 τ

517 5680 569 5717 ⁸⁸
621 5680 861 5756 Philipp.
893 5701 955 5753 ιι,
976 5683 1094 5747 5-8.

513 5899 544 5948 τ
568 5890 847 5972 Πατάρων.
921 5905 950 5954 (ι
993 5896 1093 5975 τῆς
1145 5894 1359 5973 φύσεως
1405 5876 1695 5973 ἑκατέρας.
1774 5904 1796 5934 ν
1836 5893 2037 5959 αὐτοῖς.
2116 5903 2138 5932 ⁸
2181 5885 2374 5952 inuita;

2145 4690 2240 4743 τὸν
2286 4689 2420 4743 Θεὸν
2458 4688 2631 4758 Λόγον
2660 4687 2924 4759 δευτέρας
2971 4689 3038 4741 ὲκ
3084 4688 3345 4756 γυναικὸς
3382 4689 3457 4760 μὴ
3498 4689 3736 4758 φάσκειν

2142 4779 2436 4851 δεδεῆσθαι
2485 4780 2821 4851 γεννήσεωςσ
2876 4777 2972 4838 καὶ
3024 4778 3087 4833 τὸ
3136 4779 3345 4845 πάθους
3382 4782 3737 4837 ἀνεπίδεκτον

2143 4873 2427 4944 ὁμολογεῖν
2464 4871 2563 4944 τὴν
2597 4871 2856 4944 θεότηται
2894 4869 3153 4944 ὀρθόδοξα
3189 4870 3319 4943 γάρ,
3359 4874 3436 4938 ὡς
3491 4873 3734 4946 ἀληθῶς,

2140 4966 2210 5020 τὰ
2243 4965 2491 5030 τοιαῦτα,
2521 4965 2618 5021 καὶ
2649 4967 2771 5029 ταῖς
2810 4964 2922 5020 τῶν
2960 4965 3227 5034 αἱρέσεων
3256 4966 3449 5021 πασῶν
3481 4965 3611 5037 περὶ
3634 4966 3733 5030 τὰς

2143 5057 2481 5123 Δεσποτικὰς
2502 5057 2695 5127 φύσεις
2725 5056 2945 5112 ἐναντία
2971 5059 3337 5125 κακοδοξίαις.
3377 5060 3461 5113 Τά
3492 5060 3548 5113 δὲ
3567 5059 3733 5114 λοιπά

2141 5152 2192 5205 εί
2224 5151 2323 5222 μέν
2356 5168 2479 5206 τινα
2506 5149 2700 5219 σοφίαν
2744 5150 3136 5223 κεκρυμμένην
3184 5152 3424 5222 ἐπήγετο
3470 5154 3590 5215 ταῖς
3622 5149 3733 5204 τῶν

2143 5242 2635 5312 ἀναγινωσκόντων
2674 5241 2866 5304 ἀκοαῖς
2886 5241 3292 5314 ἀκατάληπτον,
3318 5241 3419 5315 τῆς
3453 5244 3553 5313 σῆς
3581 5243 3732 5301 ἐστιν

2125 5333 2430 5407 ’ἀκρισείας
2474 5332 2698 5387 εἰδέναι.
2742 5331 2900 5401 Ἐμοὶ
2926 5331 3059 5403 γοῦν
3093 5333 3163 5388 τὰ
3194 5333 3389 5406 πρῶτα
3422 5335 3728 5407 καταστρέ-

2136 5443 2259 5496 φειν
2289 5426 2486 5480 ἐδόκει.
2532 5424 2636 5478 Τὸν
2675 5424 2786 5493 γὰρ
2815 5424 2872 5477 ὲν
2910 5427 3023 5487 τοῖς
3068 5424 3305 5497 πρώτοις
3342 5426 3532 5496 ἀπαθῆ
3557 5442 3729 5497 κηρυιν

2136 5516 2358 5599 χθέντα,
2394 5516 2492 5570 καὶ
2515 5515 2775 5587 δευτέρας
2807 5517 3117 5589 γεννήσεως
3148 5516 3394 5589 ἄδεκτον,
3420 5518 3586 5580 πάλιν
3614 5535 3725 5582 παι.

1533 5778 1713 5836 Variae
1738 5778 2008 5835 lectiones
2029 5775 2238 5841 codicis
2266 5773 2628 5848 Seguieriani.
