2029 3219
156 215 189 243 53
868 218 1036 248 EPISTOLA
1054 219 1087 248 ν.
1767 219 1801 246 st

129 282 131 285 ·
155 271 238 304 eum
272 272 323 299 καὶ
344 272 511 306 νεόκτιστον,
526 274 583 302 ὀὐκ
599 272 647 302 οἶδ’
662 275 746 309 ὅπως,
772 276 892 311 εἰσῆγεν,
918 277 930 304 ι]

1008 278 1171 306 existimem.
1203 277 1313 305 Etenim
1334 284 1417 313 quem
1437 282 1517 305 antea
1542 284 1633 311 neque
1645 276 1798 311 patibilem,

153 317 209 344 τῶν
228 317 304 344 κατὰ
330 318 412 352 φύσιν
434 318 474 354 τῷ
493 319 554 355 Θεῷ
575 320 653 356 Λόγῳ
670 321 837 356 προσόντων,
854 323 888 357 τῇ
907 323 954 350 τοῦ

1009 332 1099 359 neque
1112 323 1240 351 secundae
1253 323 1441 359 generationis
1452 330 1579 358 capacem
1590 322 1798 357 pmdicaveras,

152 363 219 389 ναοῦ
243 364 383 399 συναφείᾳ
404 364 621 401 διεφθαρμένων,
638 366 655 401 ἢ
672 367 771 402 μικροῦ
800 376 872 399 τινος
899 369 953 397 τοῖς

1009 369 1083 397 hunc
1096 369 1186 404 ipsum
1199 377 1310 396 rursum
1321 368 1475 404 patibilem,
1488 376 1630 403 nuperque
1641 368 1735 395 nescio
1745 375 1799 403 quo

151 407 314 442 ἀνθρώποις
332 409 513 445 νομιζομένου
536 411 567 437 τὺ
588 411 633 438 τὸν
657 412 852 448 ἀναμάρτητον
878 413 952 446 ναὸν,

1008 415 1091 443 modo
1113 416 1280 450 productum
1304 422 1447 443 asseveras
1470 423 1477 441 :
1498 414 1577 450 quasi
1598 422 1663 442 vero
1685 422 1746 449 quae
1772 415 1799 441 in

153 452 201 478 καὶ
216 453 269 488 τῆς
283 453 361 486 θείας
374 455 531 490 ἀχώριστον
555 456 673 490 φύσεως,
694 458 745 492 τὴν
771 458 842 494 ὑπὲρ
862 459 953 494 ἁμαρ-

1007 461 1129 489 Verbum
1147 461 1311 489 naturalimr
1324 461 1504 493 conveniunt,
1528 453 1670 495 ea'templi
1682 461 1798 495 conjun-

151 497 249 524 τωλῶν
259 499 392 535 γέννησίν
399 509 429 527 τε
439 501 487 528 καὶ
497 502 627 538 τελευτὴν
638 503 793 538 ὑπομεῖναι,
802 504 819 539 ἢ
832 503 952 530 πιπεύε-

1005 506 1097 534 ctione
1124 506 1227 534 abolita
1242 506 1298 534 sint
1325 515 1331 533 :
1359 511 1407 534 aut
1418 506 1495 541 parvi
1511 505 1585 540 apud
1601 505 1727 533 homines
1740 505 1798 532 ﬁeri

152 542 217 569 σθαι
228 544 281 578 τῆς
296 545 469 582 Δεσποτικῆς
484 548 536 574 οὐκ
552 548 735 584 ὀφειλομένης
747 551 756 568 ι
771 550 873 585 φωνῆς,
887 549 953 585 πρὸς

1006 551 1106 579 debeat
1121 552 1253 587 templum
1269 552 1336 579 illud
1352 552 1428 580 nullo
1441 559 1562 587 unquam
1580 556 1693 587 peccato
1703 556 1797 579 conta-

157 588 309 622 Ἰουδαίους
324 591 450 627 βοὼοής⁸
468 602 478 618 ι
491 594 599 621 Λύσατε
610 595 656 621 τὸν
673 596 737 622 ναδν
749 596 856 628 τοῦτον,
870 597 916 623 καὶ
926 596 956 622 ὲν

1004 597 1150 630 mitratum,
1176 603 1205 625 et
1217 605 1233 626 a
1252 598 1345 626 divina
1368 601 1468 625 natura
1485 598 1680 632 inseparabile,
1698 604 1797 632 pecca-

150 634 244 669 τρισὶν
260 636 384 672 ἡμέραις
399 639 490 674 ἐγερῶ
511 640 604 667 αὐτόν.
620 650 629 667 ι
647 642 697 675 Οὐ,
714 642 822 670 Λύσατέ
839 651 891 678 μου
906 642 951 678 sip

1007 646 1099 670 torum
1112 647 1271 671 nostrorum
1287 651 1369 671 causa
1382 648 1410 671 ει
1419 648 1514 671 natum
1527 647 1555 671 Ci.
1566 647 1706 671 mortuum
1718 650 1795 678 εεεεε

152 679 282 716 θεότητα,
299 684 350 710 καὶ
368 684 399 711 ἐν
413 686 503 720 τρισὶν
529 686 647 722 ἡμέραις
663 675 851 724 ἐγερθήσεται..
870 675 953 716 Πάλιν

1007 693 1055 716 aut
1065 689 1185 724 denique
1197 689 1314 717 Domino
1324 690 1433 718 Judazos
1443 690 1578 726 ejusmodi
1591 690 1716 718 oratione
1724 675 1798 717 com!

154 726 290 754 πλατῦναι
316 729 459 757 κάνταῦοα
480 731 654 767 βουλόμενος,
671 734 703 769 τῇ
718 734 769 769 τῆς
787 734 954 769 ἐπαγγελίας

1007 735 1120 770 pellan‘ti
1136 744 1142 762 :
1162 745 1170 761 ι
1183 736 1286 764 Solvite
1300 737 1432 771 templum
1446 737 1509 768 hoc,
1523 740 1551 764 et
1563 737 1590 764 in
1601 737 1689 764 tribus
1699 736 1798 763 diebus

153 772 360 809 ἀναστέλλομαι
385 776 492 813 μνήμῃ.
514 777 628 813 Ῥητέον
649 777 696 807 οὖν
711 780 796 815 ὅμως,
813 779 948 815 βραχυλο-

1005 771 1133 808 excitabo
1145 780 1275 814 illud9°;n
1292 781 1374 808 ﬁdem
1387 781 1489 809 habere
1503 790 1560 809 non
1571 785 1710 817 oporteat.
1727 782 1797 809 Ecce

153 818 199 853 γέᾳ
212 820 406 855 χρησάμενον.

1005 834 1061 853 non
1086 826 1164 859 dicit,
1187 826 1290 854 Solvite
1313 827 1486 855 divinitatem
1506 835 1607 861 meam,
1622 831 1650 855 et
1667 827 1695 854 in
1708 827 1797 854 tribus

154 862 252 892 diebus
272 865 460 901 excitabitur;
497 869 556 902 sed,
579 879 588 895 ι
600 869 704 898 Solvite
729 872 861 907 templum
896 871 957 898 hoc.
972 879 981 896 ι
1005 871 1125 899 Rursum
1137 879 1287 900 excurrere
1299 871 1425 899 nonnihil
1439 872 1485 899 hic
1498 872 1623 907 cupiens,
1640 870 1798 907 sponsionis
1823 878 1827 904 g

154 915 220 936 mea:
234 911 373 939 memoria
390 912 537 947 impedior.
562 914 715 943 Dicendum
735 921 777 944 est
793 916 975 944 nihilominus
994 916 1116 951 aliquid,
1135 922 1165 944 ut
1185 922 1275 945 tamen
1294 925 1308 945 a
1327 918 1476 946 constituta
1496 918 1564 945 mihi
1587 918 1723 946 brevitate
1740 924 1798 944 non

157 955 284 983 recedam
289 976 297 983 .

189 1002 333 1038 Πανταχῶ
358 1004 408 1039 τῆς
434 1005 510 1038 θείας
533 1008 657 1043 Γραφῆς,
674 1009 755 1044 ήνίκα
780 1009 813 1036 ἃν
843 1010 954 1045 μνήμην
971 1013 990 1040 Β

1041 1010 1204 1046 Ubicunque
1229 1011 1314 1046 igitur
1331 1010 1432 1038 divina:
1449 1010 1599 1046 Scriptura:
1615 1010 1796 1045 dispensatio-

159 1048 206 1083 τῆς
222 1050 396 1085 Δεσποτικῆς
420 1052 581 1087 οἰκονομίας
603 1055 725 1089 ποιῆται,
745 1055 871 1091 γέννησις
888 1056 953 1091 ἡμῖν

1005 1056 1049 1083 nis
1058 1056 1208 1084 Dominica:
1219 1057 1389 1084 mentionem
1399 1057 1514 1090 faciunt,
1527 1061 1605 1085 ortus
1616 1057 1674 1092 ipse
1686 1062 1796 1084 ctmors

165 1094 347 1127 καὶπὰδοςοὺ
363 1097 414 1132 τῆς
431 1098 570 1133 Θεότητος,
587 1099 655 1127 ἀλλὰ
676 1101 726 1135 τῆς
745 1101 954 1137 ἁνθρωπότητος

1003 1109 1059 1129 non
1074 1102 1185 1135 divinae,
1199 1103 1246 1130 sed
1259 1103 1386 1130 humana:
1397 1103 1501 1131 Christi
1513 1107 1619 1131 naturae
1628 1110 1736 1137 semper
1745 1102 1795 1129 tri-

166 1139 209 1166 τοῦ
221 1140 336 1176 Χριστοῦ
347 1144 548 1178 παραδίδοται·
564 1145 603 1177 ὡς
621 1145 763 1173 καλεῖσθαι
785 1146 856 1173 κατὰ
879 1147 954 1182 ἀκρι·

1004 1148 1117 1181 buitur;
1145 1152 1324 1183 quapropter,
1349 1149 1372 1176 si
1387 1157 1444 1176 rem
1462 1149 1622 1185 diligentius
1635 1149 1794 1177 considere—

162 1185 290 1221 ϐεστέραν
298 1190 487 1225 προσηγορίαν
497 1190 546 1226 τὴν
560 1191 641 1225 ἁγίαν
653 1192 791 1228 Παρθένον
808 1193 953 1228 Χριστοτό-

1004 1201 1086 1226 mus,
1118 1201 1198 1221 sacra
1224 1195 1306 1230 Virgo
1332 1202 1388 1221 non
1404 1195 1532 1229 Deipara,
1556 1195 1605 1223 sed
1626 1195 1795 1229 Christipara

160 1240 211 1264 κον,
225 1233 255 1259 οὗ
271 1233 417 1262 Θεοτόκον.
430 1236 531 1263 ’Δκουε
545 1237 633 1264 ταῦτά
648 1247 680 1272 γε
701 1239 756 1265 τῶν
776 1238 953 1272 Εὑαγγελίων

1004 1239 1167 1274 appellanda
1192 1240 1256 1267 erit.
1290 1240 1361 1267 Audi
1387 1240 1527 1274 quomodo
1549 1240 1696 1275 Evangelia
1722 1240 1794 1267 istud

156 1276 278 1311 βοώντων
289 1287 296 1293 ·
316 1289 325 1305 ι
338 1280 446 1312 Βίϐλος,
463 1281 541 1316 φησὶ,
560 1283 695 1316 γενέσεως
719 1283 806 1318 Ἰησοῦ
821 1284 951 1319 Χριστοῦ,

1003 1285 1174 1320 proclament
1194 1294 1199 1311 :
1226 1295 1235 1310 ‹
1249 1285 1342 1317 Liber.
1367 1286 1507 1321 inquiunt,
1528 1286 1715 1321 generationis
1729 1286 1794 1313 Jesu

154 1323 208 1350 ι)ἱοῦ
225 1325 321 1357 Δασὶδ,
341 1326 404 1352 υἱοῦ
427 1327 563 1362 Ἁϐραάμ.
576 1337 585 1353 ι
602 1328 687 1364 Δῆλον
702 1329 741 1361 δὲ,
756 1330 798 1356 ὅτι
811 1330 858 1356 τοῦ
870 1330 953 1357 Δαΰὶδ

1002 1330 1105 1358 Christi
1122 1330 1171 1357 ﬁlii
1188 1331 1284 1364 David,
1305 1331 1355 1358 ﬁlii
1371 1332 1511 1359 Abraham
1522 1332 1571 1358 ⁹¹.›
1591 1332 1673 1366 Atqui
1686 1331 1793 1366 perspi-

153 1368 207 1400 υίὸς
221 1369 236 1394 ὁ
248 1369 319 1401 Θεὸς
336 1370 427 1404 Λόγος
439 1371 490 1397 οὐκ
501 1369 544 1406 ἦν.
566 1372 651 1407 Δέχου
667 1373 714 1400 καὶ
726 1373 819 1409 ἄλλην,
832 1375 856 1401 εί
867 1375 949 1407 δοκεῖ,

1003 1383 1086 1403 cuum
1093 1380 1136 1404 cst
1146 1377 1233 1403 Deum
1242 1377 1364 1404 Verbum
1372 1385 1427 1404 non
1435 1377 1573 1405 exstitisse
1580 1377 1690 1404 Davidis
1696 1377 1792 1404 ﬁlium.

151 1415 311 1450 μαρτυρίαν
323 1424 330 1431 ·
353 1425 363 1442 ι
381 1416 482 1444 Ἰακὼϐ
500 1418 529 1444 δὲ
547 1418 678 1454 ἐγέννησε
699 1420 745 1447 τὸν
765 1421 875 1456 Ἰωσὴφ,
905 1421 950 1448 τὸν

1003 1420 1115 1457 Accipe,
1130 1422 1153 1449 si
1167 1422 1266 1457 placet,
1282 1423 1357 1450 aliud
1373 1423 1426 1450 hoc
1440 1423 1628 1450 testimonium
1646 1431 1654 1449 ε
1677 1432 1686 1448 ι
1697 1422 1791 1454 Jacob,

147 1460 233 1495 ἄνδρα
247 1461 374 1495 Μαρίας,
390 1462 420 1495 ἐξ
438 1459 472 1499 ἧς
487 1463 618 1500 ἐγεννήθη
638 1465 753 1501 Ἰησοῦς,
770 1468 784 1493 ό
807 1467 948 1502 λεγόμενος

1003 1467 1051 1499 ait,
1077 1469 1173 1503 genuit
1195 1469 1296 1503 Ioseph
1317 1469 1407 1496 virum
1426 1469 1534 1499 Mariae.
1549 1469 1583 1496 de
1594 1476 1649 1504 qua
1662 1472 1742 1496 natus
1753 1472 1794 1495 cst

146 1507 281 1542 Χριστός.
295 1518 306 1534 ι
326 1509 432 1536 Σκόπει
449 1509 531 1536 πάλιν
551 1510 647 1546 ἑτέραν
675 1512 741 1546 ἡμῖν
766 1512 947 1549 διαμαρτυριμ

1001 1514 1091 1547 Jesus,
1113 1515 1160 1549 qui
1175 1519 1290 1542 vocatur
1312 1515 1495 1543 Christus’h
1521 1514 1662 1550 Perpende
1682 1521 1791 1541 rursum

145 1554 234 1588 μένην
247 1555 361 1590 φωνήν·
383 1555 457 1581 «Τοῦ
480 1555 509 1582 δὲ.
532 1555 621 1591 Ἰησοῦ
641 1557 759 1592 Χριστοῦ
784 1558 800 1593 ἡ
825 1559 946 1594 γέννησις

1002 1559 1083 1586 aliam
1108 1559 1249 1595 Evangelii
1269 1567 1363 1587 vocem
1381 1580 1388 1593 ,
1422 1560 1569 1587 veritatem
1592 1559 1664 1587 hanc
1691 1559 1793 1587 diserte

142 1598 234 1630 οὕτως
262 1597 310 1634 ἦν.
340 1600 567 1636 Μνηστευθείσης
594 1602 648 1637 γὰρ
667 1603 715 1637 τῆς
743 1604 846 1639 μητρὸς
866 1604 943 1631 αὐτοί

1003 1604 1212 1632 conﬁrmantem
1237 1614 1243 1632 :
1270 1605 1326 1640 28
1357 1615 1366 1631 ι
1382 1605 1494 1637 Christi,
1526 1604 1625 1640 inquit,
1654 1604 1794 1639 generatio

141 1645 259 1680 Μαρίας
283 1645 326 1680 τῷ
347 1646 459 1681 Ἰωσὴφ,
487 1647 586 1683 εὑρέθη
613 1648 642 1674 ἐν
669 1649 770 1684 γαστρὶ
796 1649 896 1683 ἔχουσα
918 1650 942 1676 ὲ)

1004 1650 1045 1677 sic
1070 1654 1139 1678 erat.
1173 1650 1242 1677 Cum
1265 1655 1339 1679 esset
1358 1651 1521 1686 desponsata
1536 1655 1624 1678 mater
1635 1651 1695 1686 ejus
1709 1651 1794 1679 Maria

142 1679 316 1726 Π-ιεύματος
340 1679 451 1725 ἁγίου-,γι
471 1679 586 1728 Κτίσμα
603 1693 631 1720 δὲ
651 1679 698 1720 τοῦ
722 1679 892 1730 [ίνεύματος.
909 1696 943 1727 τίς

1003 1695 1103 1730 Ioseph
1117 1715 1125 1728 ,
1148 1696 1260 1723 inventa
1280 1701 1323 1729 est,
1349 1679 1455 1724 habens
1479 1697 1507 1724 in
1531 1700 1611 1724 utero
1634 1679 1668 1724 de
1688 1696 1792 1731 Spiritu

140 1736 173 1763 ἂν
199 1736 344 1764 ὑπολάόει
364 1737 414 1772 τὴν
433 1738 481 1764 τοῦ
499 1738 670 1773 Μονογενοῦς
698 1739 830 1775 θεότητα;
858 1741 890 1767 Τί
909 1741 937 1768 δε

1001 1745 1097 1769 saneto
1106 1742 1140 1768 ".
1153 1751 1163 1767 ι
1183 1742 1251 1775 Quis
1265 1747 1357 1770 autem
1382 1743 1520 1777 Unigcniti
1540 1743 1712 1770 divinitatem
1730 1742 1792 1777 Spi-

139 1782 237 1817 λέτειν
258 1782 303 1815 τὸ,
337 1780 411 1809 «Ἦν
437 1784 452 1818 ὴ
483 1778 575 1819 μήτηρ
603 1785 651 1811 τοῦ
668 1785 756 1820 ’ῐησοῦ
780 1787 851 1820 ὲκεῖ;
867 1796 875 1812 ι
894 1788 940 1815 κα

1000 1786 1071 1814 ritus
1086 1788 1172 1815 sancti
1196 1792 1353 1815 creaturam
1366 1796 1427 1816 esse
1444 1788 1556 1816 credat?
1571 1788 1648 1816 Adde
1665 1788 1708 1816 his
1726 1788 1792 1815 illud

137 1827 225 1854 πάλιν
240 1827 285 1860 τὸ,
304 1837 314 1853 ι
327 1828 381 1854 Σὺν
393 1828 489 1863 Μαρίᾳ
501 1830 535 1864 τῇ
549 1830 633 1864 μητρὶ
642 1829 689 1856 τοῦ
705 1830 803 1865 Ἰησοῦ.
817 1840 825 1856 ι
843 1832 897 1858 Καὶ
907 1833 937 1858 τό

1001 1840 1110 1868 quoque
1127 1842 1133 1860 ε
1151 1843 1159 1859 ‹
1171 1833 1238 1861 Erat
1261 1839 1349 1862 mater
1369 1835 1434 1862 Jesu
1460 1835 1498 1862 ibi
1511 1835 1552 1867 ’1';
1568 1845 1576 1860 ι
1606 1839 1635 1862 et
1656 1842 1766 1862 rursum
1785 1843 1790 1861 :

140 1882 149 1898 ι
160 1874 199 1899 Τὸ
222 1874 257 1900 ἐν
274 1873 346 1909 αὐτῇ
366 1874 496 1908 γεννηθὲν
514 1875 547 1901 ὲκ
559 1875 717 1910 Πνεύματός
742 1877 816 1903 ἐστιν
833 1878 923 1911 ἁγίου.
938 1888 941 1904 ι

1005 1887 1014 1904 ι
1032 1878 1099 1906 Cum
1115 1879 1199 1906 Maria
1214 1884 1302 1907 matre
1316 1880 1421 1913 Jesu“,
1435 1890 1444 1906 ι
1459 1884 1531 1914 elc.;
1549 1886 1577 1908 ει
1591 1880 1678 1908 illud:
1694 1880 1791 1913 «Quod

136 1920 193 1946 Καὶ
207 1919 244 1945 τό
255 1927 262 1934 ·
278 1928 288 1944 ι
304 1918 382 1945 Λαὸὲ
395 1919 426 1945 τὸ
449 1920 568 1954 παιδίον,
595 1921 643 1947 καὶ
660 1921 710 1956 τὴν
731 1923 837 1958 μητέρα
853 1924 937 1951 αὐτοῦ

1000 1923 1029 1951 in
1039 1931 1073 1951 ea
1084 1929 1179 1952 natum
1191 1930 1243 1958 est,
1261 1926 1295 1953 de
1307 1925 1411 1961 Spiritu
1425 1931 1521 1955 saneto
1533 1931 1575 1955 est
1590 1927 1613 1943 9“
1624 1935 1631 1960 ;
1644 1936 1653 1953 ›
1669 1931 1697 1955 ει
1707 1926 1791 1954 illud:

137 1966 184 1992 καὶ
200 1964 296 1999 φεῦγε
317 1965 360 1996 είς
385 1965 536 1999 Αἴγυπτον.
552 1976 562 1992 ι
577 1967 632 1994 Καὶ
646 1968 693 1994 τό·
715 1978 723 1994 ι
734 1969 803 2003 Περὶ
817 1969 864 1996 τοῦ
882 1970 938 1997 Υἱοὶ

1005 1979 1014 1996 ‹
1027 1970 1127 2005 Accipe
1140 1979 1269 2006 puerum,
1286 1976 1315 1999 et
1327 1976 1443 2000 matrem
1460 1973 1530 2008 ejus,
1550 1977 1578 2000 ct
1592 1973 1655 2009 iuge
1669 1973 1696 2001 in
1709 1973 1794 2009 [Egy-

136 2012 224 2039 αὺτοῦ
241 2011 294 2038 τοῦ
308 2012 462 2047 γενομένου
476 2014 509 2040 ὲκ
522 2013 682 2049 σπέρματος
702 2016 784 2043 Δαὸὶδ
802 2016 870 2043 κατὰ
884 2017 937 2053 σάρ

1000 2019 1077 2050 ptum
1087 2017 1128 2049 9";
1143 2026 1151 2041 ι
1172 2020 1200 2044 et
1212 2017 1280 2044 illud
1297 2025 1303 2044 :
1322 2027 1331 2043 ‹
1344 2018 1382 2045 De
1395 2018 1465 2046 Filio
1478 2026 1539 2052 suo,
1551 2019 1599 2054 qui
1610 2019 1699 2046 factus
1715 2017 1791 2046 estei

136 2064 182 2081 κα.
197 2065 207 2081 ν
231 2055 294 2081 Καὶ
310 2055 343 2082 τὸ
370 2056 435 2092 περὶ
452 2056 502 2082 τοῦ
526 2054 630 2090 πάθους
651 2056 739 2093 αὖθις,
757 2061 798 2087 ὅτι
810 2070 820 2086 ι
838 2062 867 2088 '0
884 2061 937 2087 Θεδη

999 2069 1034 2089 ex
1058 2061 1163 2089 semine
1187 2062 1274 2089 David
1297 2062 1450 2090 secundum
1472 2062 1633 2096 carnem”;
1654 2073 1663 2089 I
1682 2067 1709 2090 et
1725 2063 1791 2090 illud

135 2100 180 2126 τὸν
195 2100 270 2127 Υἰὺν
297 2100 385 2128 αὐτοῦ
406 2101 594 2130 ἅπὲστειλενιι
613 2105 641 2131 ὲν
665 2105 819 2141 ὁμοιώματι
848 2107 934 2142 σαρκὺ

999 2114 1112 2134 rursum
1127 2107 1161 2134 de
1172 2107 1297 2142 ejusdem
1311 2108 1439 2142 passione
1462 2117 1468 2135 :
1494 2118 1502 2134 ι
1514 2109 1588 2136 Deus
1598 2109 1698 2136 Filium
1710 2116 1789 2136 suum

134 2145 298 2181 ἁμαρτίας,
311 2146 360 2172 καὶ
382 2147 448 2182 περὶ
469 2147 608 2183 ἁμαρτίας
629 2150 774 2185 κατέκρινε
792 2151 842 2186 τὴν
859 2153 935 2187 ἁμαρ

998 2151 1112 2179 mittens
1134 2152 1161 2179 in
1178 2152 1388 2179 similitudinem
1409 2153 1499 2180 carnis
1511 2153 1627 2187 peccati,
1645 2153 1718 2180 etde
1729 2161 1792 2188 pec-

138 2191 195 2218 ςίαν
213 2192 248 2218 ὲν
267 2193 304 2226 τῇ
319 2192 414 2226 σαρκί.
432 2202 441 2217 ι
461 2193 517 2220 Καὶ
540 2195 636 2222 πάλιν·
656 2205 665 2222 ε
677 2197 794 2231 Χριστὸς
812 2197 939 2225 ἁπέθανει

999 2201 1060 2224 cato
1077 2197 1272 2225 condemnavit
1294 2201 1440 2232 peccatum
1458 2198 1485 2224 in
1501 2205 1584 2225 carne
1592 2198 1615 2214 ³⁸
1627 2206 1635 2231 ;
1649 2207 1658 2223 ι
1679 2202 1707 2225 et
1724 2198 1791 2225 illud

135 2237 208 2273 ὑπὲρ
228 2237 293 2264 τῶν
310 2238 458 2274 ἁμαρτιῶν
471 2240 559 2275 ἡμῶν·
579 2250 589 2266 ι
608 2241 665 2276 καὶ,
688 2252 696 2268 ι
708 2243 829 2279 Χριστοῦ
840 2236 936 2271 ’παθόν-

998 2241 1098 2269 iterum
1123 2251 1130 2269 :
1158 2251 1167 2268 ι
1180 2242 1308 2270 Christus
1331 2247 1459 2270 mortuus
1471 2246 1514 2270 est
1535 2250 1585 2277 pro
1598 2243 1723 2278 peccatis
1733 2251 1769 2270 no
1779 2259 1790 2263 -

138 2292 179 2315 τος
194 2284 303 2320 σαρκί·
324 2293 335 2309 ι
354 2285 414 2316 καὶ,
438 2295 448 2311 ‹
460 2286 541 2312 Τοῦτ’
555 2286 627 2314 ἔστιν
641 2289 708 2324 (οὐχ
731 2291 747 2325 ὴ
773 2289 869 2326 θεότης
883 2299 939 2326 μου

998 2288 1081 2316 stris‘
1093 2296 1101 2321 ;
1114 2297 1123 2314 ι
1155 2291 1184 2316 et
1200 2296 1311 2316 rursum
1330 2297 1336 2315 :
1355 2297 1364 2314 ι
1376 2288 1488 2316 Christo
1504 2288 1531 2315 in
1545 2296 1630 2316 carne
1645 2290 1761 2324 passo’;
1779 2298 1787 2314 ι

133 2330 225 2365 ἀλλὰ)
245 2330 281 2356 τὺ
305 2330 389 2366 σῶμα
402 2332 432 2358 τὸ
446 2332 517 2368 ὑπὲρ
533 2333 611 2368 ὑμῶν
631 2334 771 2370 κλώμενον
789 2337 829 2368 εἰς
848 2337 934 2371 ἄφεσιε

998 2334 1118 2370 denique
1136 2343 1142 2361 ε
1163 2344 1171 2359 ‹
1183 2335 1240 2361 lloc
1254 2339 1296 2361 est
1313 2334 1378 2369 (non
1390 2342 1451 2361 mea
1465 2334 1605 2366 divinitas,
1620 2335 1677 2370 sed)
1691 2342 1790 2369 corpus

135 2375 302 2412 ἀμαρτιῶν.
313 2385 324 2402 ι
341 2377 396 2403 Καὶ
412 2378 518 2412 μυρίων
532 2379 619 2407 ἄλλων
637 2381 732 2415 φωνῶν
743 2381 936 2418 διαμαρτυρου-

999 2388 1103 2413 meum,
1132 2381 1205 2415 quod
1226 2389 1277 2415 pro
1305 2381 1383 2407 vobis
1399 2380 1534 2416 frangitur
1554 2381 1582 2407 in
1602 2382 1791 2408 remissionem

134 2422 231 2456 μένων
250 2421 312 2448 τῶν
324 2421 478 2457 ἀνθρώπων
491 2424 521 2450 τὸ
537 2424 624 2458 γένος,
644 2426 682 2462 μὴ
698 2427 748 2462 τὴν
763 2427 810 2454 τοῦ
824 2428 890 2455 Υἱοῦ
904 2437 933 2455 νο

999 2431 1177 2462 peccatorum
1188 2427 1206 2453 ³.
1221 2436 1229 2452 ›
1249 2426 1319 2453 Sunt
1332 2426 1391 2455 alia:
1404 2427 1555 2454 innumera:
1567 2428 1719 2459 sententia‘,
1731 2436 1791 2462 quae

134 2467 234 2500 μίζειν
272 2466 391 2502 Θεότητα
420 2469 589 2504 πρόσφατον,
616 2472 632 2507 ἢ
660 2472 764 2505 πάθους
787 2474 935 2509 σωματικοῐ

999 2472 1173 2499 divinitatem
1200 2480 1290 2507 neque
1306 2481 1395 2507 nuper
1409 2477 1513 2505 natam,
1539 2481 1629 2507 neque
1650 2480 1790 2507 eorporem

132 2513 287 2547 δεκτικὴν,
305 2513 376 2541 ἀλλὰ
395 2514 446 2551 τὴν
460 2517 637 2552 συνημμένην
649 2519 683 2553 τῇ
699 2518 779 2552 φύσει
789 2519 838 2555 τῆς
852 2520 932 2555 θεότη

997 2518 1184 2553 perpessionis
1200 2525 1330 2553 capacem
1346 2526 1417 2550 esse,
1433 2518 1590 2545 mortalium
1602 2518 1696 2552 generi
1708 2522 1789 2545 testa-

133 2566 180 2590 τος
209 2558 322 2593 σάρκα.
341 2554 425 2586 Ὅθεν
442 2561 490 2586 καὶ
509 2561 615 2597 Κύριον
642 2562 690 2589 τοῦ
721 2563 804 2590 Δαόὶδ
826 2554 930 2591 ἑαυτὸν

998 2568 1058 2592 tum
1078 2564 1198 2596 faciunt,
1223 2565 1271 2592 sed
1285 2565 1373 2599 ipsam
1388 2572 1510 2597 carnem,
1529 2572 1590 2599 qua:
1606 2564 1706 2590 divina:
1721 2571 1787 2590 con-

134 2605 265 2640 Χριστὸς
290 2604 341 2632 καὶ
358 2605 417 2632 υἱὸν
440 2606 586 2642 ὀνομάζει·
619 2608 673 2635 «Τί
699 2609 754 2645 γᾲρ
782 2610 847 2645 ὑμῖν
874 2610 935 2636 δοκε

995 2610 1091 2645 juncta
1115 2615 1158 2638 est
1183 2615 1298 2638 naturae.
1316 2610 1407 2643 Quare
1422 2615 1450 2637 et
1464 2610 1522 2644 ipse
1536 2617 1646 2643 quoque
1662 2608 1788 2635 Christus

135 2651 203 2684 περὶ
219 2649 275 2676 τοῦ
292 2650 427 2685 Χριστοῦ,
444 2651 543 2686 φησίν;
562 2652 642 2684 Τίνος
659 2653 734 2681 ἐστὶν
758 2654 832 2687 υἱός;
849 2654 936 2688 Λέγου

997 2655 1109 2683 Davidis
1122 2656 1265 2683 dominum
1282 2661 1308 2683 ct
1325 2656 1410 2683 ﬁlium
1425 2663 1453 2682 se
1465 2655 1590 2681 nominat
1606 2663 1612 2680 :
1633 2663 1641 2678 ι
1653 2654 1735 2687 Quid,
1749 2655 1787 2680 in-

135 2704 181 2722 σιν
210 2695 312 2732 αὐτῷ·
344 2696 398 2723 Τοῦ
422 2697 515 2725 Δαὸίδ.
541 2699 693 2735 ’Δπεκρίοη
714 2699 729 2726 ὁ
761 2699 875 2735 Ἰησοῦς,
899 2709 935 2727 κα

996 2702 1067 2737 quit,
1095 2702 1175 2730 vobis
1200 2703 1310 2730 videtur
1334 2702 1368 2729 dc
1382 2700 1515 2728 Christo?
1539 2700 1623 2736 Cujus
1639 2700 1712 2727 ﬁlius
1728 2699 1788 2726 cst?

172 2763 298 2802 'f_Joa_n.
315 2772 347 2797 Il,
361 2764 406 2802 ιο.
442 2765 468 2802 ξ)
484 2766 579 2802 Matth.
593 2776 612 2800 ι⁷
627 2768 652 2795 l.
689 2769 712 2784 θ’
727 2769 794 2797 ibid.
808 2769 850 2797 16.
887 2770 910 2785 ³³
926 2769 973 2797 ibit

987 2791 993 2796 .
1011 2770 1054 2798 i8.
1095 2771 1208 2798 “Joan.
1226 2779 1254 2802 ιι,
1273 2771 1297 2797 1.
1339 2771 1362 2785 Μ
1376 2770 1434 2797 Act.
1451 2777 1469 2801 ι,
1487 2769 1527 2795 il.
1567 2769 1695 2796 “Matth.
1711 2777 1727 2799 ι,
1741 2768 1785 2795 ‘23.

135 2799 160 2814 "
185 2799 288 2828 Matth.
305 2806 339 2833 lt,
359 2800 404 2828 15.
440 2799 464 2816 ’⁸
485 2801 565 2829 Ιὶοιη.
588 2811 607 2837 ι,
623 2803 650 2831 5.
689 2804 711 2820 ’³
727 2804 806 2832 Rom.
821 2812 877 2837 νιιι,
891 2804 918 2832 5.

902 2804 918 2832 ἰ.
958 2805 966 2820 “
981 2805 992 2832 Ι
1007 2805 1071 2833 Cor.
1086 2807 1167 2839 xv,5.
1209 2807 1218 2821 ¹
1239 2799 1335 2833 1Ῥεῑι·.
1355 2814 1390 2838 n',
1411 2805 1433 2831 l.
1465 2799 1477 2819 vi
1495 2805 1559 2832 Luc.
1582 2813 1644 2836 nu,
1664 2804 1703 2830 19.

689 2885 775 2913 Varia:
788 2886 920 2914 lectiones
935 2885 1037 2914 codicis
1052 2885 1229 2920 Seguieriani.

180 2927 192 2944 ‘
221 2925 396 2962 ὁμιλούσης.
436 2933 450 2947 υ
475 2927 596 2963 πέμψας.
