4058 6434
431 419 500 476 59
1453 407 1510 463 S.
1549 403 1827 463 CYRILLI
1865 402 2340 460 ALEXANDRI‘NI
2370 399 2694 458 ARCHIEP.
3629 395 3699 452 60

430 529 676 600 σταιεὼ
699 541 796 598 per
817 523 986 581 verba
1010 521 1362 594 blasphemia:
1381 537 1504 592 quae
1526 537 1704 591 neque
1732 519 2006 589 explicare
2039 527 2084 582 Α
2109 518 2309 580 Patris,
2344 526 2404 572 ut
2427 515 2735 585 appellatur
2755 511 2812 566 in
2834 510 3020 566 Veteri
3042 509 3306 600 Novoque
3323 507 3697 600 testamento,

431 597 610 691 neque
642 597 1002 687 comprobare
1037 615 1261 684 poteris.
1293 615 1431 671 Cum
1456 621 1648 667 autem
1688 609 2003 678 Scripturas
2109 615 2166 662 et
2196 607 2292 677 qui
2321 607 2377 661 in
2406 604 2633 661 Joannis
2662 601 2961 671 Evangelio
2987 599 3306 670 unigenitus
3335 597 3506 651 Filius
3533 612 3688 650 voea-

431 711 718 778 utriusque
759 706 1092 762 Testamenti
1115 747 1129 770 ,
1176 706 1392 760 Veteris
1428 711 1486 758 et
1532 701 1700 766 Novi,
1735 709 2014 756 scrutatus
2113 707 2224 764 tur,
2250 697 2344 767 qui
2367 703 2451 751 est
2477 696 2532 749 in
2556 696 2679 750 sinu
2696 693 2877 749 Patris
2897 695 2959 746 “.
2985 691 3271 746 Matthaeus
3290 703 3509 759 quoque
3529 703 3689 744 evan-

428 799 619 863 l‘ueris,
651 813 762 852 non
789 797 1036 852 invenies
1068 796 1124 850 in
1163 797 1272 850 illis
1300 794 1579 850 Christum
1609 806 1809 861 purum
1831 790 2013 844 homi-
2099 789 2308 860 ,gelista
2331 788 2465 842 dicit
2493 802 2621 840 cum
2649 801 2771 840 esse
2789 783 3227 846 Emmanuelem,
3247 781 3406 851 cujus
3426 781 3698 847 interpre-

429 905 556 944 nem
605 888 897 958 appellari,
943 888 1088 942 sicut
1125 887 1426 941 existimas.
1474 884 1555 938 Tu
1599 896 1765 952 porro
1806 881 2015 937 videris
2115 880 2251 936 tatio
2275 887 2379 944 est,
2418 898 2436 930 ι
2464 877 2760 932 Nobiscum
2789 877 2952 942 Deus,
2991 893 3010 926 ι
3041 873 3184 930 sicut
3208 873 3264 928 in
3283 870 3570 943 prophetia
3602 883 3693 924 sua

428 980 741 1036 existimare
772 994 931 1049 posse
967 988 1018 1034 te
1049 979 1307 1033 resistere
1341 978 1456 1032 Deo
1488 972 1734 1030 Creatori
1775 981 1890 1037 tuo,
1919 971 2015 1042 qui
2114 970 2284 1026 Isaias
2307 967 2604 1025 dixerat".

430 1073 668 1128 redemit
696 1081 748 1128 te
781 1072 1046 1144 sanguine
1095 1086 1217 1136 suo,
1246 1071 1342 1140 qui
1383 1077 1468 1124 est
1513 1068 1660 1123 Deus
1698 1066 1872 1122 Filius
1917 1063 2016 1121 Dei

502 1231 903 1301 Subjunguntur
941 1228 1145 1282 diversa
1179 1227 1290 1301 alia
1312 1225 1601 1301 Scriptura:
1632 1219 2026 1301 testimoniaad
2046 1219 2378 1301 probandam
2409 1217 2603 1300 Qltristi
2635 1214 3122 1301 divinitatemzﬂas
3159 1214 3362 1301 litteras
3388 1229 3506 1266 cum
3540 1210 3691 1281 legis-

429 1284 830 1362 setvNé'stor'ius,
864 1315 1028 1368 neque
1061 1315 1146 1351 eos
1185 1299 1274 1368 qui
1304 1313 1392 1350 eas
1417 1284 1731 1368 detulerant
1769 1293 1982 1368 admisit
2023 1284 2093 1344 ad
2121 1306 2196 1368 se,
2229 1290 2467 1359 quamvis
2495 1287 2779 1368 secundum
2818 1284 3002 1356 Cyriui
3044 1284 3300 1340 mandata
3336 1299 3429 1354 per
3467 1297 3694 1336 mensem

429 1371 695 1442 integrum
729 1358 1144 1440 exspectaverint
1169 1358 1331 1422 donec
1357 1366 1792 1429 admitterentur;
1812 1362 1903 1416 sed
1931 1375 2096 1432 neque
2123 1359 2193 1414 ad
2223 1358 2310 1412 eas
2334 1358 2618 1428 respondit.

1615 1662 1725 1737 30
1761 1657 2098 1719 EPISTOLA
2135 1658 2250 1717 vm
2284 1656 2380 1731 (οι.
2420 1657 2532 1730 v1).

431 1843 617 1916 Cyrilli
649 1843 721 1916 ad
751 1859 858 1916 eos,
896 1859 1120 1914 quorum
1159 1841 1347 1897 litteris
1387 1849 1599 1916 notatus
1638 1843 1833 1916 fuerat,
1857 1842 2015 1916 quod

2116 1841 2424 1916 Κυρίλλου
2449 1836 2628 1916 πρὸς,
2657 1833 2798 1901 τοὺς
2828 1831 3030 1916 adt-559'.
3061 1831 3544 1916 αιςιασαιίέξνους,
3567 1831 3604 1885 ὅ
3611 1851 3693 1886 τι-

496 1901 608 1969 solo
633 1914 774 1984 vulgi
812 1901 1022 1968 rumore
1060 1929 1364 1983 persuasus,
1403 1901 2006 1984 impiam'Nestorii'do-

2185 1901 2295 1984 ἔτερ
2326 1911 2398 1984 οὐ
2451 1901 2857 1984 οξὲσὶώπῃκεῖ,
2888 1903 2958 1967 ἐξ
2997 1901 3212 1984 ῥζοῆςζ
3237 1901 3445 1984 μαθὼν
3488 1903 3692 1984 ᾅρπςιν

501 1971 809 2040 εενὶηαηινίη
829 1985 977 2055 pejus
1009 1971 1242 2055 serpere,
1283 1971 1389 2036 non
1424 1971 1674 2037 siluisset.

2179 1971 2279 2055 sui
2307 1979 2373 2032 τὸ
2401 1977 2602 2055 χεῖρον
2653 1975 2768 2044 τὴν
2799 1971 3074 2042 δυσσεϐῆ
3107 1973 3216 2028 τοῦ
3247 1973 3578 2042 Νεστορίου
3602 1971 3692 2026 δι-

497 2164 952 2236 Quandoquidem
993 2164 1171 2236 pietas
1195 2171 1378 2221 vestra
1406 2164 1475 2219 ad
1511 2179 1599 2218 me
1632 2163 1842 2225 scribit,
1878 2161 2010 2217 reli-

2179 2049 2543 2103 δασκαλίαν.
2938 2115 2945 2120 _

2191 2159 2409 2230 Ἐπειδὴ
2467 2175 2558 2230 μοι
2611 2157 2891 2228 γέγραφεν
2917 2155 2952 2224 ἠ
2989 2153 3244 2208 εὐλάϐεια
3281 2153 3457 2224 ὑμῶν,
3490 2153 3567 2216 ὡς
3610 2151 3696 2206 λυο

429 2258 798 2327 giosissimum
839 2257 1152 2312 Nestorium
1195 2270 1444 2325 magnam
1483 2269 1552 2308 ex
1582 2253 1650 2309 iis
1687 2252 1887 2308 litteris
1916 2267 2009 2306 cc-

2116 2252 2385 2323 πουμένου
2458 2249 2554 2302 τοῦ
2620 2245 3040 2302 θεοσεϐεστάτου
3095 2244 3412 2315 Νεστορίου,
3464 2245 3547 2298 ὅτι
3595 2243 3696 2313 τὴν

431 2349 574 2420 pisse
607 2349 934 2414 molestiam,
962 2364 1099 2418 quas
1118 2348 1186 2402 ad
1210 2346 1570 2400 monasticam
1592 2347 1758 2400 vitam
1789 2351 2012 2414 agentes

2116 2344 2247 2415 πρὸς
2308 2341 2641 2413 μονάζοντας
2697 2339 2929 2409 ὲποίησα
2974 2335 3262 2407 ἐπιστολὴν
3314 2331 3735 2406 ἀνασειρὰζειν’

427 2438 777 2507 scripseram,
811 2438 935 2492 illos
973 2452 1235 2492 revocare
1262 2435 1492 2491 studens
1532 2435 1628 2504 qui
1659 2451 1726 2490 ex
1755 2432 2010 2488 dissemi-

427 2529 572 2584 natis
587 2529 904 2585 rumoribus
923 2529 1117 2584 oﬂ‘ensi
1136 2535 1294 2582 erant
1313 2545 1327 2594 ;
1351 2526 1510 2581 fateri
1531 2541 1714 2596 cogor,
1733 2525 1838 2579 hoc
1856 2524 2015 2593 quid—

427 2616 560 2686 quid
582 2625 668 2672 est
686 2617 1049 2688 aegritudinis,
1101 2631 1213 2670 non
1245 2623 1356 2669 tam
1388 2630 1457 2668 ex
1485 2630 1573 2668 me
1604 2629 1766 2683 quam
1793 2629 1859 2668 ex
1895 2613 2015 2684 ejus

428 2705 781 2776 religiositate
803 2713 986 2761 ortum
1005 2721 1147 2760 esse.
1170 2705 1306 2759 Nam
1333 2720 1434 2775 ego
1453 2704 1771 2758 hominibus
1792 2713 2015 2776 propter

427 2795 581 2850 illius
611 2811 870 2866 exegeses
889 2796 1150 2867 majorem
1176 2796 1234 2849 in
1256 2795 1481 2849 modum
1510 2795 1737 2850 oﬂ‘cnsis
1765 2805 1926 2851 rectae
1948 2796 2012 2850 ﬁ-

428 2885 519 2940 dei
545 2886 849 2940 doetrinam
876 2887 1104 2955 exposui
1135 2903 1149 2951 ;
1182 2885 1274 2941 ille
1302 2902 1434 2941 vero
1462 2888 1518 2941 in
1539 2886 1806 2942 catholica
1824 2888 2014 2943 ortho-

430 2974 815 3044 doxorumque
837 2975 1082 3030 Ecclesia
1111 2975 1317 3029 bonum
1339 2975 1658 3045 episcopum
1678 2977 2013 3031 Dorotheum

427 3074 617 3136 aperte
657 3065 932 3121 dicentem
978 3067 1151 3121 tulit:
1197 3065 1254 3121 Si
1300 3066 1424 3134 quis
1466 3066 1686 3121 Mariam
1729 3069 2014 3138 Deiparam

2114 2433 2440 2504 βουλόμενος
2489 2431 2618 2494 τοὺς
2668 2429 2761 2482 ἐπὶ
2809 2428 2886 2498 τῷ
2931 2426 3144 2497 θρύλλῳ
3176 2426 3689 2488 σκανδαλισθέντας·

2115 2523 2426 2594 ἀναγκαίως
2475 2521 2632 2575 τοῦτό
2684 2533 2849 2589 φημι,
2893 2519 3082 2588 ὅτιπερ
3124 2518 3185 2570 οὐ
3231 2514 3483 2570 τοσοῦτον
3505 2516 3695 2586 γέγονε

2113 2617 2246 2688 παρ’
2279 2618 2312 2687 ἡ
2323 2613 2437 2686 μῶν
2459 2625 2504 2677 ο,
2533 2614 2658 2667 ὅσον
2681 2610 2831 2679 παρὰ
2860 2610 2959 2679 τῆς
2983 2609 3149 2662 αὑτοῦ
3183 2607 3514 2673 θεοσεϐείας.
3551 2608 3692 2678 Ἐγὼ
3791 2602 3814 2611 ’

2117 2710 2215 2780 μὲν
2262 2703 2729 2760 σκανδαλισθείσιν
2758 2699 3068 2771 ἀνθρώποις
3102 2699 3210 2753 ἀπὸ
3244 2699 3353 2753 τῶν
3381 2700 3694 2770 ἐξηγήσεων

2114 2800 2277 2856 αὐτοῦ
2309 2799 2401 2852 τὸν
2432 2797 2532 2866 τῆς
2561 2794 2726 2865 ὀρθῆς
2748 2792 2984 2856 πίστεως
3014 2791 3284 2862 ὲξεθέμην
3309 2791 3493 2861 λόγον·
3528 2793 3693 2855 αὐτὸς

2114 2893 2170 2946 δὲ
2199 2892 2458 2961 ἠνέσχετο
2487 2890 2543 2940 ὲν
2581 2884 2878 2955 Ἐκκλησία
2907 2887 2972 2955 τῇ
3022 2882 3284 2953 καθολικῇ
3330 2884 3427 2936 καὶ
3471 2885 3537 2954 τῇ
3587 2882 3695 2936 τῶν

2115 2981 2408 3054 ὸρθοδὸξων
2438 2979 2532 3032 τοῦ
2572 2975 2739 3032 καλοῦ
2767 2975 3042 3046 Δωροθέου
3074 2974 3168 3028 τοῦ
3207 2975 3506 3027 ἐπισκόπου
3532 2989 3700 3039 φανε-

2122 3073 2229 3142 ρῶς
2253 3071 2532 3138 λέγοντος·
2573 3065 2824 3136 ἀνάθεμα
2861 3067 3018 3129 εἴτις
3048 3061 3185 3118 εἶναι
3227 3065 3373 3132 λέγει
3406 3063 3500 3135 τὴν
3532 3062 3698 3130 ἁγίαν

427 3173 550 3212 esse
582 3157 806 3223 dixerit,
841 3157 1136 3212 anathema
1167 3157 1258 3211 sit.
1285 3157 1474 3226 Neque
1507 3158 1684 3212 solum
1726 3159 2012 3220 conticuit,

2118 3163 2332 3233 Μαρίαν
2359 3158 2639 3213 Θεοτὸκον.
2693 3159 2802 3234 Καὶ
2832 3157 2894 3210 οὐ
2943 3158 3100 3227 μόνον
3128 3156 3302 3210 ταῦτα
3336 3157 3575 3218 ἀκούσας
3608 3171 3695 3212 σετ

428 3265 557 3304 cum
579 3249 697 3305 hate
727 3250 882 3304 illum
916 3250 1233 3319 loquentem
1267 3248 1503 3314 audiret,
1541 3265 1732 3304 verum
1759 3249 2014 3305 eumdem

426 3355 648 3411 quoque
675 3341 852 3411 ipsum
875 3339 944 3395 ad
975 3340 1262 3411 mysticam
1291 3340 1734 3395 communionem
1763 3355 1891 3394 mox
1916 3339 2011 3394 ad-

426 3434 598 3500 misit,
635 3434 1137 3504 mysteriorumque
1163 3431 1483 3502 participem
1511 3433 1712 3489 effecit.
1748 3433 1829 3487 En
1851 3432 2015 3502 igitur

426 3523 548 3594 ipso
567 3523 918 3594 praesidente,
939 3539 1009 3578 ne
1030 3523 1206 3578 dicam
1227 3523 1438 3578 interea
1461 3524 1528 3585 ab
1549 3524 1669 3593 ipso
1689 3523 2014 3578 sententiam

425 3615 771 3686 proferente,
811 3615 1159 3670 anathemate
1196 3614 1426 3671 ferimur
1460 3633 1473 3670 :
1507 3631 1685 3685 neque
1726 3614 1874 3669 enim
1906 3613 2015 3668 Do-

425 3707 656 3762 rotheus
679 3712 880 3776 praeter
907 3705 1235 3761 sententiam
1263 3706 1502 3763 Nestorii
1533 3707 1651 3762 haec
1690 3705 1748 3759 in
1783 3704 2018 3760 ecclesia

427 3795 679 3852 dixisset.
709 3796 902 3866 Itaque
931 3812 1034 3851 nos
1057 3795 1182 3866 ipsi,
1210 3797 1306 3866 qui
1328 3797 1631 3852 etiamnum
1674 3796 1733 3850 in
1764 3795 1876 3848 vita
1897 3809 2016 3848 ma—

426 3879 646 3953 nemus,
670 3887 966 3957 caaterique
992 3890 1264 3943 terrarum
1293 3889 1446 3944 orbis
1476 3886 1738 3957 episcopi,
1767 3895 1882 3940 tum
1911 3887 2016 3941 Pa-

425 3987 543 4035 tres
561 3995 783 4050 quoque
814 3979 1011 4044 nostri,
1039 3980 1132 4050 qui
1153 3981 1285 4035 hinc
1303 3981 1415 4051 jam
1438 3980 1569 4033 olim
1597 3977 1665 4032 ad
1695 3978 1866 4032 Deum
1890 3994 2019 4048 pro-

425 4067 555 4125 fecti
577 4077 724 4136 sunt,
748 4070 1097 4126 anathemate
1117 4069 1364 4141 percussi
1390 4082 1600 4124 sumus.
1623 4066 1766 4134 Quid
1798 4068 2018 4124 vetabat

424 4171 484 4217 et
520 4177 620 4217 nos
647 4177 866 4232 quoque
894 4163 1124 4218 vocibus
1159 4162 1306 4216 illius
1333 4158 1612 4216 contraria
1651 4160 1918 4227 scribere,
1951 4177 2016 4218 ac

427 4251 615 4307 dicere
640 4271 652 4305 :
680 4251 986 4308 Anathema
1007 4253 1052 4308 si
1076 4251 1200 4322 quis
1219 4250 1443 4305 Mariam
1467 4251 1756 4322 Deiparam
1777 4269 1898 4310 esse
1921 4270 2017 4311 ne-

426 4343 674 4413 gaverit?
715 4344 922 4399 Verum
972 4343 1028 4398 id
1083 4343 1350 4396 hactenus
1386 4351 1611 4414 propter
1650 4343 1805 4399 illum
1836 4346 2016 4402 facere

426 4433 599 4497 uolui,
641 4448 710 4488 ne
745 4436 855 4489 sint
879 4434 975 4505 qui
1007 4431 1330 4502 episcopum
1369 4433 1800 4492 Alexandrinum
1846 4436 2014 4511 [Egy-

2115 3229 2362 3324 σίγηκεν,
2399 3251 2608 3305 ἐκείνου
2637 3229 2911 3319 λέγοντος,
2945 3249 3080 3303 ἀλλὰ
3132 3249 3226 3302 καὶ
3280 3249 3361 3311 εἰς
3417 3247 3697 3301 κοινωνίαν

2116 3343 2278 3397 αὑτὸν
2331 3341 2494 3406 εὐθὺς
2541 3341 2638 3412 τὴν
2695 3340 2963 3411 μυστικὴν
3009 3339 3247 3406 ἐδέξατο,
3295 3339 3388 3392 καὶ
3439 3339 3697 3392 κοινωνὸν

2116 3433 2390 3503 ἐποίησεν.
2434 3432 2564 3486 Ἰδοὺ
2618 3432 2799 3486 τοίνυν
2842 3429 3351 3501 ἁνεθεματὶσθημεν
3387 3428 3475 3482 ἐπ’
3506 3427 3694 3492 αὐτοῦ,

2117 3524 2204 3576 ἵνα
2231 3523 2368 3587 τέως
2402 3523 2476 3594 μὴ
2503 3522 2738 3594 λέγοιμι,
2759 3525 2887 3594 παρ’
2921 3520 3087 3576 αὑτοῦ
3112 3538 3124 3549 ’
3158 3521 3218 3574 οὐ
3254 3519 3365 3590 γὰρ
3397 3520 3463 3574 ἂν
3490 3522 3697 3581 ἐκεῖνος

2117 3617 2204 3672 ἐπ’
2245 3616 2572 3687 Ἐκκλησίας
2625 3615 2927 3685 ἐφθέγξατο
2979 3614 3206 3668 τοιαῦτα
3261 3612 3416 3683 παρὰ
3469 3611 3697 3682 γνώμην

2115 3706 2301 3763 αὐτοῦ.
2357 3707 2658 3779 Τοιγαροῦν
2715 3710 2808 3762 καὶ
2854 3709 3016 3778 ἡμεῖς
3064 3706 3114 3758 oi
3159 3704 3380 3768 ζῶντες,
3412 3704 3506 3756 καὶ
3555 3703 3698 3756 κατά

2117 3802 2299 3854 πᾶσαν
2343 3801 2442 3870 τὴν
2470 3800 2798 3870 οἰκουμένην
2846 3798 3159 3862 ἐπίσκοποι,
3202 3796 3295 3850 καὶ
3326 3796 3375 3847 oi
3407 3793 3541 3864 πρὸς
3565 3793 3698 3846 Θεὸν

2117 3894 2571 3965 ἀποδημήσαντες
2641 3893 2876 3962 πατέρες
2929 3890 3109 3962 ἡμῶν,
3167 3887 3694 3958 ἁνεθεματίσθημεν.

2118 3979 2183 4033 Τί
2206 3975 2298 4033 οὖν
2331 3979 2535 4033 ἐκώλυε
2571 3981 2667 4033 καὶ
2688 3980 2836 4048 ἡμᾶς
2869 3981 2988 4041 ταῖς
3020 3979 3228 4030 ἐκείνου
3261 3977 3467 4045 φωναῖς
3487 3976 3696 4045 γράψαι

2115 4072 2395 4136 τάναντία,
2424 4071 2520 4124 καὶ
2553 4073 2726 4124 εἰπεῖν
2748 4087 2764 4102 ·
2793 4070 2862 4122 Εἴ
2880 4087 2966 4132 τις
2995 4069 3056 4122 οὐ
3102 4067 3250 4136 λέγει
3271 4067 3534 4120 Θεοτόκον
3557 4062 3696 4120 εἶναι

2116 4165 2215 4235 τὴν
2243 4163 2485 4234 Μαρίαν,
2511 4161 2794 4231 ἁνάθεμα;
2842 4160 3005 4214 Ἀλλὰ
3028 4158 3090 4212 οὐ
3114 4158 3392 4228 πεποίηκα
3419 4156 3599 4224 τοῦτο,
3626 4157 3696 4210 δι’

2116 4257 2281 4310 αὐτὸν
2307 4254 2466 4319 τέως,
2514 4253 2599 4306 ἵνα
2637 4252 2712 4322 μὴ
2761 4251 2964 4320 λέγωσί
2993 4267 3159 4313 τινες,
3188 4249 3272 4303 ὅτι
3305 4248 3696 4320 ἁνεθεμάτισεν

2117 4343 2281 4399 αὐτὸν
2311 4345 2341 4396 ὁ
2372 4341 2779 4413 Ἀλεξανδρείας
2829 4342 3150 4406 ἐπίσκοπος,
3182 4342 3301 4411 ἦτοι
3340 4343 3374 4411 ἡ
3414 4340 3631 4404 σύνοδος
3661 4341 3695 4409 ἡ

2117 4437 2484 4506 Αἰγυπτιακὴ.
2503 4435 2628 4489 Ἐὰν
2644 4434 2700 4488 δὲ
2725 4433 2970 4505 μάθωσιν
2993 4434 3118 4487 οἵτε
3140 4434 3281 4488 κατὰ
3296 4433 3446 4486 δύσιν
3465 4433 3558 4487 καὶ
3575 4435 3698 4487 ἁνα-

423 4523 664 4594 ptiamve
689 4525 960 4597 synodum
987 4522 1354 4580 anathematis
1379 4528 1706 4582 sententiam
1734 4528 1791 4584 in
1815 4529 2013 4584 Nesto~

2116 4529 2273 4599 στολὴν
2295 4527 2700 4582 θεοσεϐέστατοι
2731 4526 3043 4590 ἐπίσκοποι,
3074 4525 3157 4577 ὅτι
3193 4523 3697 4594 ἁνεθεματίσθησαν

426 4617 571 4669 rium
627 4617 820 4671 tulisse
875 4616 1080 4670 dicant.
1156 4613 1313 4679 Quod
1349 4616 1395 4671 si
1435 4617 1666 4688 piissimi
1703 4618 2020 4675 Occidentis

423 4713 480 4761 ct
506 4706 749 4762 Orientis
775 4705 1020 4778 episcopi
1057 4705 1451 4774 intellexerint,
1491 4724 1550 4764 se
1586 4725 1778 4765 omnes
1819 4710 1887 4764 ab
1923 4711 2019 4765 illo

426 4797 775 4854 anathemate
829 4799 1019 4869 plexos
1061 4812 1186 4852 esse
1233 4797 1446 4867 (omnes
1487 4816 1724 4872 namque
1770 4809 2016 4857 sanctam

427 4885 654 4940 Mariam
690 4889 978 4957 Deiparam
1008 4901 1132 4941 esse
1165 4887 1538 4958 proﬁtentur),
1578 4906 1687 4960 quo
1713 4889 1766 4944 id
1797 4890 2016 4945 tandem

427 4975 612 5030 animo
629 4976 910 5046 accepturi
931 4976 1100 5030 sunt?
1118 4974 1316 5032 Annon
1353 4994 1546 5034 omnes
1563 4980 1848 5051 aegerrime
1870 4967 2035 5036 istud.

429 5067 730 5136 patientur,
764 5083 874 5121 non
911 5075 1022 5121 tam
1066 5077 1294 5140 propter
1333 5071 1544 5142 seipsos
1599 5087 1762 5142 quam
1795 5083 2020 5144 propter

431 5165 653 5213 sanctos
676 5160 887 5223 Patres,
909 5159 966 5213 in
990 5175 1226 5230 quorum
1249 5163 1620 5218 monumentis
1653 5179 1860 5218 sacram
1898 5165 2019 5221 V’ir—

432 5251 617 5321 ginem
655 5250 880 5306 Mariam
930 5266 1148 5324 semper
1180 5255 1465 5328 Deiparam
1505 5257 1828 5326 appellatam
1863 5274 2017 5315 com-

432 5340 716 5411 perimus?
737 5343 880 5399 Sane
909 5343 1018 5400 nisi
1045 5360 1340 5403 onerosum
1366 5349 1485 5404 fore
1508 5349 1688 5405 visum
1713 5362 1878 5420 esset,
1906 5369 2017 5408 non

455 5497 457 5499 ’
511 5501 555 5532 ’⁵
582 5498 740 5557 Joan.
768 5515 809 5567 ι,
842 5502 930 5558 18.
1009 5507 1054 5539 ¹⁸
1081 5505 1178 5562 lsa.
1211 5521 1306 5575 vn,
1342 5508 1427 5564 14.

2118 4622 2319 4683 πάντες
2333 4621 2554 4688 (πάντες
2568 4619 2676 4688 γὰρ
2688 4617 2907 4685 λέγουσι
2923 4617 3018 4670 καὶ
3033 4616 3293 4687 ὁμολογοῦ
3301 4634 3404 4683 σιν,
3421 4617 3503 4670 ὅτι
3514 4615 3702 4669 Θεοτό-

2119 4729 2214 4775 κος
2239 4711 2385 4764 ἐστὶν
2406 4712 2440 4780 ή
2463 4709 2593 4778 ἁγία
2614 4709 2825 4779 Μαρία)
2843 4725 2854 4737 ·
2889 4706 3003 4771 πῶς
3027 4708 3138 4780 ἄρα
3159 4707 3566 4780 διατεθήσονται
3586 4724 3600 4773 ;
3624 4709 3697 4761 Ἦ

2119 4803 2238 4866 πῶς
2265 4804 2364 4872 οὐχ
2396 4802 2638 4865 ἅπαντες
2669 4799 3099 4872 λυπηθήσονται,
3125 4801 3221 4853 καὶ
3247 4795 3336 4854 εῖτ
3365 4799 3440 4871 μὴ
3479 4801 3546 4853 δι’
3571 4802 3699 4853 ἐαυ-

2118 4891 2414 4959 τοὺς,’ἀλλ’
2443 4887 2536 4946 οὖν
2575 4891 2665 4945 διὰ
2706 4892 2832 4955 τοὺς
2865 4891 3056 4959 ἁγίους
3088 4891 3360 4960 Πατέρας,
3390 4884 3466 4944 ὧν
3494 4893 3551 4944 ὲν
3583 4893 3698 4953 τοῖς

2122 4985 2546 5057 συγγράμμασιν
2583 4982 2912 5055 εὑρίσκομεν
2955 4982 3042 5034 ἀεὶ
3070 4981 3329 5034 Θεοτόκον
3358 4980 3692 5051 ὀνομαζομέ-

2118 5095 2214 5150 νην
2251 5078 2350 5149 τὴν
2380 5076 2541 5147 ἁγίαν
2581 5074 2860 5146 Παρθένον
2905 5073 3158 5144 Μαρίαν;
3192 5071 3257 5126 Et
3296 5072 3353 5128 δὲ
3396 5073 3474 5144 μὴ
3523 5074 3694 5126 ἐδόκει

2117 5169 2373 5242 φορτικὸν
2417 5164 2554 5224 εἶναι
2587 5168 2648 5221 τὺ
2696 5167 2971 5237 ἐσόμενον,
3001 5165 3204 5230 πολλὰς
3253 5167 3319 5220 ἂν
3365 5166 3588 5238 ἔπεμψα
3615 5167 3694 5236 βί-

2117 5263 2276 5325 ϐλους
2324 5260 2537 5314 πολλῶν
2567 5258 2739 5328 ἁγίων
2771 5257 3057 5327 Πατέρων·
3089 5257 3147 5310 ὲν
3191 5251 3280 5321 αἷς
3308 5256 3455 5312 ἔστιν
3487 5259 3691 5329 εὑρεῖν,

2115 5353 2214 5422 οὐχ
2244 5349 2413 5418 ἅπαξ,
2440 5348 2579 5405 ἀλλὰ
2610 5348 2706 5402 καὶ
2734 5347 3049 5413 πλειστάκις
3087 5349 3347 5420 κειμένην
3371 5347 3467 5420 τὴν
3485 5348 3690 5420 φωνὴν,

1538 5670 1704 5726 Variae
1730 5669 1994 5725 lectiones
2022 5665 2230 5724 codicis
2257 5662 2616 5736 Seguieriani.

520 5810 544 5841 ⁸
577 5802 706 5877 παρ’
732 5801 885 5876 ἐμοῦ.
967 5808 986 5849 ί
1018 5811 1136 5868 κᾶν.
