4058 6460
372 442 445 498 6!

1825 443 2163 500 EPISTOLA
2200 445 2290 502 IX.

3616 449 3689 502 ϐξ

375 560 442 612 ἑν
477 551 905 632 ᾕόμολογοῦσιν
954 554 1102 614 εῖναι
1150 559 1415 614 Θεοτόκον
1445 559 1546 630 τὴν
1575 558 1738 628 ἁγίαν
1778 559 1985 629 Παρθέ-

2115 576 2262 615 rauca
2296 560 2642 616 diversorum
2677 561 2781 632 31
2811 562 3034 616 Patrum
3068 560 3349 616 volumina
3390 559 3686 624 misissem,

371 665 473 702 νον
500 649 747 719 Μαρίαν.

369 743 627 819 positam
658 741 934 810 invenias,
965 759 1078 816 qua
1117 760 1330 804 sacram
1374 746 1655 820 Virginem
1697 746 1988 818 Deiparam
2011 761 2136 801 esse
2161 750 2520 807 conﬁtentur.

2086 654 2142 708 in
2165 656 2370 724 quibus
2391 671 2502 710 non
2527 657 2719 722 semel,
2745 656 2842 711 sed
2862 655 3309 727 frequentissime
3329 655 3690 710 vocemhanc

1675 1019 2014 1077 EPISTOLA
2049 1021 2122 1076 IX
2163 1021 2257 1093 (οι.
2290 1021 2424 1091 Vll).

1439 1190 1646 1230 (;ῑιιιιιι
1675 1191 1744 1230 AD
1772 1191 2023 1240 QUEMDASI
2053 1195 2299 1237 NESTORH
2329 1193 2652 1234 ετυοιοευιι.

374 1331 616 1392 1hran
661 1332 835 1388 altam
872 1349 1093 1390 causam
1135 1337 1238 1392 nisi
1279 1338 1473 1394 ardens
1516 1349 1671 1396 recta:
1710 1341 1836 1410 ﬁdei
1873 1345 2107 1417 studium
2145 1348 2517 1417 gravissimam
2559 1347 2655 1401 sibi
2701 1347 3063 1401 necessitatem
3089 1347 3356 1415 imponere
3390 1343 3692 1400 Nestorium

1863 1416 2227 1485 aggrediendi.

452 1581 594 1641 οἶδα
623 1584 730 1657 μὲν
759 1585 863 1656 τῆς
905 1585 1008 1656 σῆς
1041 1586 1264 1658 ἀγάπης
1302 1587 1365 1641 τὸ
1409 1589 1719 1661 εἰλικρινὲς,
1762 1592 1858 1648 καὶ
1893 1595 1996 1649 οὐκ

2170 1598 2308 1654 Novi
2338 1597 2650 1654 dilectionis
2682 1603 2788 1651 tuae
2817 1593 3212 1658 sinceritatem,
3240 1607 3421 1663 neque
3449 1592 3692 1648 studium

375 1678 643 1748 ὴγνόηκα
666 1677 772 1748 τὴν
799 1678 1066 1749 σπουδήν.
1089 1679 1204 1732 Καὶ⁷
1232 1680 1281 1732 εί
1314 1681 1413 1751 μὲν
1440 1680 1682 1753 ἔγραφον
1710 1684 1849 1754 πρός
1875 1700 2000 1737 τινα

2115 1695 2317 1763 ignoro.
2347 1692 2417 1746 Et
2454 1689 2502 1746 si
2539 1689 2764 1760 quidem
2806 1687 2874 1742 ad
2912 1686 3153 1756 aliquem
3188 1699 3406 1739 morum
3443 1699 3694 1738 meorum

378 1773 480 1826 τὸν
507 1771 650 1842 ἐμὸν
687 1771 792 1824 οὐκ
825 1770 1006 1823 εἰδότα
1041 1771 1269 1842 τρόπον,
1300 1772 1519 1837 πολλοῖς
1559 1774 1627 1828 ἂν
1670 1775 2001 1847 ἐχρησάμην

2115 1784 2355 1854 ignarum
2402 1782 2728 1846 scriberem,
2774 1778 3030 1850 pluribus
3071 1793 3203 1832 sane
3246 1775 3432 1830 verbis
3469 1789 3696 1844 persua—

379 1863 592 1931 λόγοις,
611 1861 928 1915 ἀναπείθων
943 1863 1025 1915 ὅτι
1044 1862 1251 1933 σφόδρα
1271 1864 1389 1933 εἰμί
1403 1881 1488 1926 τις
1506 1865 1804 1936 εἰρηνικὸς,
1824 1867 1918 1919 καὶ
1938 1866 1998 1919 ού

382 1953 634 2024 δύσερις,
662 1951 794 2006 οὔτε
841 1951 1146 2023 φιλόμαχος
1167 1971 1181 1984 ·
1232 1954 1346 2008 ἀλλ’
1371 1955 1666 2026 εὐχόμενος
1695 1957 1790 2010 καὶ
1826 1959 2001 2028 φιλεῖν

387 2047 672 2110 ἅπαντας,
717 2045 816 2098 καὶ
863 2045 1142 2113 φιλεῖσθαι
1188 2046 1343 2117 παρά
1389 2048 1628 2103 πάντων.
1682 2049 1902 2121 Ἐπειδὴ
1944 2051 2003 2104 δὲ

391 2136 538 2210 πρὶς
567 2135 760 2192 εἰδότα.
785 2137 1010 2207 γράφω,
1040 2136 1483 2210 βραχυλογήσας,
1513 2142 1693 2194 ἐκεῖνο
1723 2141 1963 2195 διδάσκω
1985 2160 1998 2174 υ

403 2229 494 2284 ὃτι
523 2229 580 2284 ιι
607 2229 962 2300 πραγμάτων
1003 2223 1093 2300 ἦν,
1124 2229 1158 2300 ἢ
1191 2231 1494 2302 χρημάτων
1540 2232 1834 2303 ἀφαίρεσιν
1868 2233 2003 2286 ὑπο-

406 2319 614 2392 μεῖναι,
645 2319 743 2375 καὶ
775 2319 991 2375 παῦσαι
1035 2320 1216 2390 λύπην
1261 2322 1499 2394 ἀδελφῷ,
1550 2323 1898 2395 ἐποιησάμην
1936 2326 2004 2380 ἂν

400 2407 594 2481 ἡδέως,
639 2409 794 2482 ὑπὲρ
830 2410 928 2464 τοῦ
965 2411 1041 2482 μὴ
1075 2412 1254 2465 δοκεῖν
1276 2431 1328 2467 τι
1367 2414 1468 2485 τῆς
1496 2414 1719 2487 ἀγάπης
1753 2416 2005 2486 ἡγεῖσθαι

395 2503 836 2576 προτιμότερον.
881 2503 1104 2574 Ἐπειδὴ
1129 2503 1186 2556 δὲ
1221 2506 1251 2558 ὁ
1283 2505 1384 2576 τῆς
1419 2506 1660 2571 πίστεως
1689 2507 1846 2575 λόγος
1866 2508 2004 2570 ἐστὶ,

391 2593 492 2652 καὶ
529 2591 1052 2664 ῑωνδαλίσθησαν
1095 2595 1191 2648 καὶ
1234 2598 1290 2648 αἱ
1344 2596 1488 2650 κατὰ
1522 2599 1726 2662 πᾶσαν,
1758 2598 1836 2661 ὡς
1876 2598 2006 2662 ἔπος

388 2687 595 2750 είπεῖν,
618 2683 727 2756 τὴν
757 2683 1050 2756 Ῥωμαίων
1070 2685 1244 2757 ἀρχὴν
1283 2686 1602 2758 Ἐκκλησίαι
1644 2688 1727 2757 (οὐ
1753 2689 1863 2759 γὰρ
1889 2689 2006 2742 ἐστι

386 2795 476 2839 τις
514 2778 633 2830 τῶν
675 2777 741 2842 ἐξ
791 2776 1193 2847 οἱασδηποτοῦν
1235 2776 1509 2850 πόλεωςῆ
1549 2778 1736 2851 χώρας
1781 2781 2008 2851 ἐρχομέ-

387 2887 523 2935 νων,
542 2869 641 2922 καὶ
676 2869 754 2940 μὴ
785 2867 986 2937 λέγων,
1011 2869 1040 2920 ὃ
1061 2885 1115 2921 τι
1141 2866 1317 2922 ταῦτά
1345 2870 1462 2922 ἐστι
1486 2868 1556 2921 τὰ
1588 2869 1965 2942 θρυλλούμενα
1989 2889 2003 2936 ;

389 2961 492 3015 καὶ
532 2961 674 3014 ποία
717 2959 883 3029 καινὴ
930 2959 1170 3031 μάθησις
1212 2962 1332 3023 ταῖς
1371 2961 1722 3030 Ἑκκλησίαις
1754 2963 2012 3034 satsat-Sps-

387 3069 482 3112 ται
501 3049 570 3122 ;),
596 3051 743 3122 πρὸς
771 3051 946 3104 ταῦτα
975 3051 1028 3105 τί
1057 3051 1331 3122 δράσομεν
1365 3053 1415 3104 οἱ
1452 3055 1876 3123 πεπιστευμένοι
1905 3071 2010 3105 πα-

394 3143 468 3218 ρά
503 3142 650 3196 Θεοῦ
676 3143 772 3195 τὸν
786 3141 882 3195 τοῦ
910 3143 1216 3214 μυστηρίου
1232 3143 1394 3212 λόγον
1413 3185 1428 3210 ,
1457 3145 1595 3214 πρὸς
1617 3143 1712 3207 οὓς
1735 3145 1794 3197 ὲν
1828 3145 2010 3218 ἡμέρᾳ

390 3233 647 3303 κρίσεως
696 3232 1019 3286 δικάσονται
1071 3233 1122 3284 οἱ
1194 3233 1718 3304 μυσταγωγούμενοι
1756 3235 2006 3300 πάντως;

392 3325 594 3398 ἐροῦσι
623 3325 736 3396 γὰρ
769 3325 914 3378 οὕτω
943 3323 1188 3395 τηρῆσαι
1223 3324 1324 3394 τὴν
1357 3324 1564 3389 πίστιν,
1608 3324 1685 3387 ὡς
1722 3343 2010 3395 μεμυστα-

392 3417 698 3489 γὼγηνται
734 3417 866 3488 παρ’
909 3415 1090 3487 ἡμῶν.
1139 3415 1252 3468 Καὶ
1284 3416 1333 3468 εἰ
1369 3416 1468 3485 μὲν
1499 3415 1682 3485 ὀρθῶς
1715 3417 1878 3470 τοῦτο
1913 3433 2011 3470 πε-

395 3508 732 3579 πράχαμεν,
774 3504 1173 3576 ἀπληψόμεθα
1213 3505 1307 3558 καὶ
1355 3505 1571 3574 μισθὸν,
1602 3505 1905 3577 τευξόμεθα
1953 3507 2011 3560 δὲ

394 3601 498 3655 καὶ
533 3598 812 3652 ἐπαίνων·
846 3597 894 3650 εί
923 3597 978 3650 δὲ
1005 3597 1213 3667 ἑτέρως
1244 3596 1338 3649 καὶ
1358 3597 1828 3668 διεστραμμένως,
1863 3601 2010 3650 ποῖαι

394 3692 610 3770 φλόγες
635 3692 771 3762 ἡμῖν
799 3689 1129 3762 ἀρκέσουσιν
1148 3706 1163 3753 ;
1181 3689 1558 3760 Ἀκουσόμεθά
1583 3691 1714 3761 γὰρ,
1740 3693 1825 3744 ὅτι
1853 3710 1870 3743 ι
1901 3691 2012 3762 Τὴν

395 3785 509 3860 γῆν
550 3800 658 3854 μου
695 3782 1011 3847 ἀπώλεσας,
1052 3781 1149 3836 καὶ
1183 3781 1276 3833 τὸν
1305 3781 1434 3834 λαόν
1469 3797 1570 3851 μου
1603 3781 1954 3847 ἀπέκτεινας,
1987 3802 2006 3834 ι

397 3877 554 3930 κατὰ
580 3875 646 3929 τὸ
673 3874 1087 3944 γεγραμμένον.
1115 3874 1222 3926 Καὶ
1243 3873 1475 3935 ἕκαστος
1509 3873 1610 3943 μὲν
1632 3874 1740 3926 τῶν
1774 3876 1833 3927 ὲν
1862 3874 2013 3938 τάξει

397 3969 620 4022 λαῖκῶν
648 3966 754 4036 τῆς
793 3964 991 4019 ἑαυτοῦ
1030 3965 1176 4035 ζωῆς
1234 3965 1782 4035 ύπεραπολογήσεται
1804 3981 1818 3995 ·
1852 3968 2014 4035 ἡμεῖς

396 4061 460 4122 δὲ
491 4062 546 4115 οἱ
595 4061 722 4120 ταῖς
761 4058 865 4128 τῆς
910 4057 1211 4129 ἱερωσύνης
1241 4056 1612 4126 λειτουργίαις
1643 4057 2016 4128 πεφορτισμέ-

397 4175 514 4222 νοι,
552 4155 660 4225 οὐχ
687 4154 832 4224 ὑπὲρ
865 4154 1046 4222 μόνων
1075 4151 1308 4215 ἑαυτῶν,
1342 4150 1458 4205 ἀλλ’
1487 4151 1627 4223 ὑπὲρ
1664 4151 1886 4205 πάντων
1907 4151 2016 4204 τῶν

397 4247 790 4303 πιστευόντων
813 4246 896 4309 είς
924 4246 1163 4316 Χριστὸν
1189 4244 1670 4316 ἀπολογησόμεθα.
1723 4244 1876 4314 Ἐμοὶ
1904 4243 2017 4298 τοί-

2037 3024 2078 3080 C

2104 1875 2236 1930 dere
2280 1888 2532 1938 conarer,
2581 1887 2670 1926 me
2717 1869 2868 1940 pacis
2909 1868 3134 1939 quidem
3184 1865 3618 1937 perstudiosum.
3662 1880 3695 1919 a

2103 1965 2297 2020 litibus
2319 1979 2450 2019 vero
2481 1979 2545 2017 ac
2566 1961 2698 2015 rixis
2727 1960 2970 2013 alienum
3004 1973 3126 2015 esse
3161 1970 3420 2026 prorsus;
3456 1954 3696 2024 denique

2106 2057 2270 2111 talem
2313 2055 2408 2124 qui
2454 2068 2648 2109 omnes
2690 2067 2905 2115 amare,
2951 2058 3008 2105 et
3051 2049 3121 2103 ab
3155 2046 3414 2102 omnibus
3450 2045 3695 2099 vicissim

2105 2147 2278 2202 amari
2305 2156 2612 2216 peroptem.
2650 2143 2758 2199 Sed
2789 2142 2920 2213 quia
2957 2140 3025 2194 ad
3054 2154 3180 2194 eum
3222 2137 3428 2202 scribo,
3456 2137 3546 2192 cui
3583 2143 3699 2191 stu-

2106 2238 2193 2292 dia
2235 2253 2358 2291 mea
2402 2246 2686 2305 comperta
2733 2242 2882 2300 sunt,
2925 2233 3169 2288 breviter
3219 2245 3391 2284 unum
3436 2229 3696 2293 monebo,

2106 2344 2326 2398 nempe,
2360 2328 2405 2382 si
2455 2342 2644 2382 rerum
2693 2334 2789 2380 aut
2837 2325 3199 2395 pecuniarum
3243 2323 3462 2392 jactura
3510 2320 3701 2375 fratris

2106 2419 2494 2490 aegritudinem
2532 2433 2728 2472 sanare
2756 2415 2970 2478 liceret,
2997 2429 3084 2468 me
3115 2428 3234 2468 eam
3255 2414 3526 2481 jacturam
3563 2411 3697 2465 sub~

2109 2511 2319 2565 iturum
2349 2525 2470 2564 esse
2495 2507 2926 2578 promptissime,
2956 2521 3025 2558 ne
3063 2502 3194 2572 quid
3232 2501 3502 2555 eliaritate
3543 2500 3702 2569 prius

2108 2603 2316 2658 habere
2357 2601 2598 2656 viderer.
2638 2599 2710 2653 At
2749 2597 2879 2668 quia
2921 2595 3046 2650 ﬁdei
3082 2593 3364 2663 negotium
3399 2590 3600 2660 agitur,
3644 2597 3702 2644 et

2108 2694 2472 2751 offensionem
2523 2707 2698 2762 passae
2746 2696 2895 2750 sunt,
2937 2696 2998 2740 ut
3046 2685 3218 2741 semel
3270 2684 3469 2746 dicam,
3508 2696 3702 2735 omnes

2109 2793 2384 2856 quotquot
2421 2800 2519 2854 per
2568 2783 2878 2836 Romanum
2905 2778 3202 2848 imperium
3247 2783 3376 2830 sunt
3413 2772 3698 2835 Ecclesiae,

2113 2879 2298 2952 (nemo
2326 2878 2476 2932 cnim
2505 2885 2610 2940 est,
2639 2891 2705 2929 ex
2730 2887 3058 2942 quacunque
3094 2868 3317 2923 demum
3356 2867 3578 2922 civitate
3606 2874 3703 2920 aut

2112 2972 2338 3042 regione
2367 2967 2676 3030 advenerit,
2703 2965 2799 3035 qui
2831 2979 2940 3017 non
2967 2969 3174 3031 quterat
3201 2978 3212 3012 :
3237 2959 3539 3028 Ecquinam
3575 2964 3703 3012 sunt

2113 3063 2170 3118 lii
2201 3061 2486 3118 rumores?
2511 3074 2701 3128 ecquae
2729 3072 2870 3112 nova
2895 3055 3014 3109 haec
3039 3053 3292 3106 doctrina
3322 3051 3584 3106 Ecelesiis
3616 3050 3704 3104 in-

2111 3151 2387 3224 geritur?)
2436 3150 2584 3220 quod
2613 3165 2716 3204 nos
2744 3147 3053 3202 remedium
3092 3145 3244 3198 hisce
3280 3143 3440 3197 malis
3475 3143 3706 3197 adhibe—

2112 3243 2315 3306 bimus,
2349 3240 2553 3310 quibus
2596 3238 2910 3292 divinorum
2956 3234 3344 3306 mysteriorum
3383 3233 3634 3288 doctrina
3669 3248 3703 3287 a

2111 3334 2225 3388 Deo
2256 3330 2576 3386 concredita
2616 3328 2734 3382 est?
2769 3341 2909 3396 quos
2947 3324 2985 3378 ii
3021 3323 3114 3393 qui
3151 3339 3181 3376 a
3223 3322 3384 3377 nobis
3415 3323 3708 3376 initiantur

2112 3435 2169 3480 et
2207 3423 2557 3485 erudiuntur,
2589 3421 2714 3491 jure
2755 3433 3015 3473 accusare
3065 3421 3347 3485 poterunt,
3385 3429 3448 3468 ac
3495 3414 3705 3478 dicere,

2113 3533 2235 3573 eam
2275 3531 2332 3570 se
2364 3514 2528 3568 ﬁdem
2558 3511 2802 3566 tenuisse
2829 3525 2994 3579 quam
3021 3524 3051 3562 a
3077 3507 3239 3561 nobis
3261 3505 3438 3560 edocti
3467 3504 3703 3558 fuerant.

2113 3607 2293 3675 Quare
2338 3605 2386 3660 si
2428 3605 2573 3658 bona
2617 3602 2724 3657 ﬁde
2768 3615 2970 3654 munus
3010 3599 3064 3653 id
3099 3597 3458 3660 obiverimus,
3485 3595 3706 3665 dignam

2113 3697 2425 3753 mercedem
2469 3694 2678 3748 laudati
2723 3707 3082 3760 assequemur
3119 3707 3130 3742 :
3167 3689 3252 3743 sin
3293 3695 3476 3741 autem
3522 3685 3704 3748 aliter,

2115 3791 2220 3845 hoc
2245 3797 2331 3845 est
2362 3800 2642 3858 perverse,
2667 3800 2787 3854 qua:
2819 3783 2979 3837 nobis
3006 3780 3238 3835 ﬂamma:
3273 3778 3341 3833 ad
3375 3775 3707 3847 supplicium

2115 3892 2201 3938 sat
2237 3897 2360 3936 esse
2390 3877 2690 3950 poterunt?
2711 3875 3016 3930 Audielnus
3047 3873 3192 3926 enim
3223 3869 3356 3926 illud
3388 3887 3400 3924 :
3435 3888 3452 3918 ι
3479 3868 3707 3922 Terram

2117 3990 2295 4030 meam
2344 3970 2657 4044 perdidisti,
2697 3979 2754 4025 et
2801 3970 3066 4039 populum
3119 3981 3302 4021 meum
3351 3961 3634 4026 occidisti,
3682 3979 3701 4011 ι

2118 4069 2262 4124 sicut
2300 4067 2568 4136 scriptum
2597 4070 2684 4119 est
2708 4063 2772 4115 ¹⁶.
2817 4061 2960 4116 Sane
2990 4076 3021 4114 ο
3055 4057 3213 4114 laieis
3250 4057 3485 4128 quilibet
3515 4054 3585 4109 de
3611 4068 3709 4108 sua

2118 4160 2387 4216 duntaxat
2431 4157 2546 4211 vita
2584 4153 2855 4210 rationem
2899 4151 3221 4206 redditurus
3259 4157 3374 4214 est;
3413 4161 3516 4201 nos
3553 4159 3706 4207 vero,

2119 4265 2354 4320 quorum
2387 4246 2634 4301 humeris
2658 4243 2949 4299 sacerdotii
2978 4258 3119 4297 onus
3145 4239 3433 4302 incumbit,
3465 4253 3576 4291 non
3607 4250 3710 4306 pro

398 4360 504 4402 νυν
525 4338 714 4402 οὐδείς
751 4337 871 4390 ἔστι
895 4337 1079 4406 λόγος,
1112 4337 1175 4388 οὐ
1208 4335 1408 4405 λύπης,
1428 4336 1527 4405 οὐχ
1567 4333 1797 4404 ὕϐρεως,
1819 4335 1880 4388 οὐ
1909 4335 2012 4388 λοι-

2121 4341 2283 4395 nobis
2325 4347 2538 4392 tantum
2583 4335 2855 4388 rationem
2903 4330 3177 4386 reddituri
3223 4343 3436 4390 sumus,
3474 4325 3572 4380 sed
3611 4341 3713 4395 pro

396 4430 603 4502 δὸρίας
642 4430 747 4500 τῆς
786 4426 932 4482 οὕτω
978 4427 1205 4498 πολλῆς,
1253 4422 1322 4498 ἧς
1367 4426 1698 4497 πεποίηνται
1727 4430 1847 4479 κατ’
1879 4426 2012 4497 ἐμοῦ

2117 4429 2375 4485 omnibus
2396 4425 2600 4481 Christi
2632 4421 2908 4477 fidelibus.
2948 4422 3030 4476 Me
3061 4421 3228 4490 igitur
3252 4419 3399 4473 nulla
3425 4432 3605 4487 neque
3630 4417 3713 4471 in-

395 4525 517 4588 τῶν
551 4521 960 4591 ἁνυπολήπτων
993 4519 1160 4582 τινές.
1213 4519 1352 4572 ’Δλλ’
1375 4517 1609 4588 οἰχέσθω
1632 4517 1807 4570 ταῦτα
1839 4519 2012 4572 πάντα

2115 4519 2278 4591 juria,
2315 4530 2495 4587 neque
2539 4513 2894 4575 contumelia,
2935 4527 3117 4580 neque
3158 4508 3410 4565 convicia
3448 4514 3710 4571 movent;

399 4611 550 4680 πρὸς
565 4608 768 4679 λήθην.
797 4607 1026 4661 Δικάσει
1049 4607 1108 4660 δὲ
1140 4606 1236 4659 καὶ
1266 4608 1384 4670 τοῖς
1409 4607 1835 4677 πεφλυαρηκόσι
1864 4606 2015 4670 Θεός.

2117 4610 2336 4668 etiamsi
2378 4606 2786 4678 quamplurima
2832 4619 2932 4674 per
2989 4602 3260 4673 quosdam
3315 4599 3717 4671 petulantiores

404 4704 596 4766 Μόνον
622 4698 889 4764 σωζέσθω
917 4698 987 4752 τὰ
1014 4699 1115 4770 τῆς
1148 4699 1406 4762 πίστεως,
1437 4698 1531 4751 καὶ
1560 4698 1716 4767 φίλος
1757 4700 1894 4768 εἰμὶ,
1925 4699 2012 4752 καῖ

2118 4701 2266 4755 illata
2297 4698 2434 4753 mihi
2466 4697 2596 4752 sint.
2629 4695 2737 4751 Sed
2767 4694 2885 4748 haec
2907 4690 3092 4746 omnia
3116 4689 3395 4746 oblivione
3418 4695 3715 4742 conteran-
3753 4689 3760 4730 ι

405 4792 730 4864 ἀγαπητὸς,
776 4792 872 4843 καὶ
919 4791 1098 4845 οὐδενὶ
1144 4791 1497 4862 παραχωρῶν
1553 4791 1692 4862 πρὸς
1731 4791 1792 4844 τὸ
1820 4791 2012 4862 χρῆναι

2124 4802 2236 4847 tur.
2277 4791 2424 4845 Deus
2473 4788 2624 4844 enim
2668 4785 2979 4841 istiusmodi
3029 4789 3329 4854 nugatores
3367 4779 3718 4852 iudicaturus

405 4884 694 4958 μειζόνως
721 4880 897 4948 φιλεῖν
929 4879 1022 4933 τὸν
1049 4879 1470 4948 θεοφιλέστατον
1491 4880 1791 4935 ἐπίσκοπον
1817 4880 2012 4939 Νεστό‹

2124 4893 2228 4941 est.
2261 4884 2499 4938 Tantum
2541 4880 2676 4936 ﬁdes
2713 4880 2923 4949 integra
2949 4877 3056 4947 32
3079 4885 3136 4930 et
3163 4876 3311 4930 salva
3343 4873 3435 4938 sit,
3458 4887 3560 4944 ego
3583 4886 3718 4925 vero

405 4993 553 5049 ριον,
588 4974 675 5037 ὃν,
717 4973 795 5034 ὡς
829 4973 923 5025 ἐπὶ
968 4971 1066 5024 τοῦ
1101 4969 1238 5024 Θεοῦ
1285 4987 1452 5042 φημι,
1479 4971 1574 5024 καὶ
1617 4971 1926 5041 εὐδοκιμεῖν
1966 4972 2012 5027 ὲκ

2127 4985 2185 5033 et
2211 4991 2336 5030 amo
2361 4983 2419 5029 et
2447 4973 2651 5043 diligo;
2687 4986 2870 5040 neque
2907 4969 3005 5024 ulli
3048 4967 3348 5023 concedam
3394 4971 3456 5018 ut
3492 4962 3716 5033 religio-

403 5063 649 5138 Χριστῷ
678 5062 968 5134 βούλομαι,
1003 5061 1100 5119 καὶ
1129 5062 1222 5114 τὸν
1247 5062 1340 5115 ἐπὶ
1365 5064 1480 5124 τοῖς
1521 5061 1624 5132 ἥδη
1660 5062 2027 5134 παρελθοῦσιν

403 5157 692 5226 ἀφανίσαι
756 5153 983 5224 μῶμον·
1027 5152 1123 5210 καὶ
1164 5151 1336 5218 δεῖξαι
1380 5152 1771 5220 συκοφαντίαν,
1820 5153 1914 5212 καὶ
1965 5153 2026 5205 ού

404 5249 647 5307 πάντως
709 5244 993 5317 ἀλήθειαν,
1052 5242 1122 5296 τὰ
1165 5244 1322 5313 παρά
1372 5260 1534 5296 τινων
1595 5243 1690 5296 ἐπὶ
1738 5245 1804 5314 τῇ
1845 5243 2027 5295 πίστει

364 5371 378 5381 ο
405 5339 898 5414 θρυλλούμενα.Εἰ
919 5337 976 5391 δὲ
1003 5335 1468 5409 προπετάγμεθα
1492 5335 1642 5406 παρά
1668 5334 1908 5406 Χριστοῦ
1933 5335 2026 5388 καὶ

406 5436 544 5497 τοὺς
588 5430 897 5504 μισοῦντας’
919 5429 1162 5498 ἀγαπᾷν,
1195 5427 1315 5492 πῶς
1364 5428 1425 5480 ού
1474 5428 1674 5497 μᾶλλον
1731 5425 2027 5482 ἀκόλουθον

405 5525 681 5593 ἀδελφοῖς
711 5538 773 5574 τε
807 5521 905 5575 καὶ
943 5517 1261 5590 συνιερεῦσι
1305 5517 1467 5570 τοῦτο
1509 5520 1717 5583 ποιεῖν;
1755 5517 1881 5570 ’Ότι
1915 5516 2027 5590 γὰρ

405 5619 465 5673 εί
525 5613 873 5686 παραλύοιτο
929 5609 1087 5681 παρά
1139 5627 1305 5664 τινων
1353 5609 1387 5680 ἡ
1437 5609 1643 5676 πίστις,
1673 5608 1775 5672 τὰς
1823 5609 2030 5664 ἑαυτῶν

403 5708 609 5782 ψυχὰς
643 5707 710 5760 οὐ
747 5704 1132 5778 προδώσομεν,
1158 5701 1262 5757 κᾶν
1291 5703 1344 5755 εἰ
1379 5702 1672 5774 προκέοιτο
1711 5702 1904 5761 παθεῖν
1937 5705 2032 5759 καὶ

490 5845 738 5931 ιιιτηιξ
777 5881 890 5933 ιη,
943 5865 1000 5928 9,
1081 5865 1124 5896 ¹⁷
1153 5860 1342 5918 Matth.
1369 5878 1422 5928 ν,
1479 5861 1566 5923 44.

2129 5067 2411 5123 sissimum
2452 5063 2772 5135 episcopum
2809 5059 3127 5117 Nestorium
3197 5053 3486 5110 ardentius
3546 5059 3715 5116 amet,

2134 5173 2298 5230 quam
2339 5172 2440 5227 ego
2473 5173 2486 5210 :
2517 5170 2680 5224 quem
2718 5153 2916 5216 etiam,
2957 5151 3129 5205 Deum
3174 5145 3376 5202 testor!
3410 5143 3466 5196 in
3495 5142 3719 5198 Christo

2130 5258 2364 5320 peropto
2387 5246 2533 5316 apud
2563 5261 2754 5300 omnes
2791 5244 2934 5297 bene
2968 5239 3182 5301 audire,
3215 5244 3513 5303 notamque
3548 5233 3620 5287 ob
3649 5248 3716 5287 ea

2129 5357 2252 5411 quae
2291 5339 2504 5410 pridem
2544 5337 2784 5401 admisit,
2818 5339 3154 5388 contractam
3191 5327 3414 5392 eluere;
3444 5341 3508 5381 ac
3537 5325 3714 5395 palam

2121 5431 2302 5486 facere
2339 5429 2671 5484 calumniam
2708 5441 2828 5481 esse
2858 5436 3089 5485 meram,
3114 5435 3227 5473 non
3251 5418 3562 5480 veritatem,
3592 5429 3717 5485 qua:

2125 5521 2193 5577 de
2210 5536 2310 5576 sua
2333 5518 2438 5574 ﬁde
2462 5535 2492 5572 a
2517 5517 2795 5572 nonnullis
2817 5513 3094 5583 invulgata
3115 5519 3265 5566 sunt.
3287 5511 3422 5565 Nam
3443 5509 3489 5564 si
3508 5504 3716 5563 Christi

2127 5614 2384 5670 mandato
2436 5610 2502 5665 ad
2557 5609 2905 5665 inimicorum
2952 5605 3302 5660 dilectionem
3352 5615 3613 5671 urgemur
3645 5598 3714 5664 ¹⁷,

2129 5701 2406 5775 quomodo
2436 5707 2868 5759 consentaneum
2899 5710 3010 5752 non
3035 5700 3118 5750 est
3150 5700 3211 5751 ut
3247 5692 3456 5750 amicos
3488 5698 3546 5746 et
3577 5703 3712 5746 con-
