  <div class='ocr_page' id='page_1' title='image "/cluster/home/n/w/nwhite01/storage/ocr_20150623/77:no.10/coo.31924054869783/039.png"; bbox 0 0 4058 6434; ppageno 0'>
   <div class='ocr_carea' id='block_1_1' title="bbox 386 327 3657 424">
    <p class='ocr_par' dir='ltr' id='par_1_1' title="bbox 386 327 3657 424">
     <span class='ocr_line' id='line_1_1' title="bbox 386 327 3657 424; baseline 0.002 -6"><span class='ocrx_word' id='word_1_1' title='bbox 386 364 457 419; x_wconf 79' lang='lat'><strong>65</strong></span> <span class='ocrx_word' id='word_1_2' title='bbox 1377 364 1434 420; x_wconf 91' lang='lat' dir='ltr'><strong>S.</strong></span> <span class='ocrx_word' id='word_1_3' title='bbox 1475 327 1752 421; x_wconf 70' lang='lat' dir='ltr'><strong>CYRlLlJ</strong></span> <span class='ocrx_word' id='word_1_4' title='bbox 1792 362 2261 424; x_wconf 71' lang='lat' dir='ltr'><strong>ALEXANDBIN]</strong></span> <span class='ocrx_word' id='word_1_5' title='bbox 2296 363 2615 422; x_wconf 82' lang='lat' dir='ltr'><strong>ARClllEP.</strong></span> <span class='ocrx_word' id='word_1_6' title='bbox 3584 354 3657 414; x_wconf 56' lang='grc' dir='ltr'>θλ</span> 
     </span>
    </p>
   </div>
   <div class='ocr_carea' id='block_1_2' title="bbox 382 477 1964 556">
    <p class='ocr_par' dir='ltr' id='par_1_2' title="bbox 382 480 1964 551">
     <span class='ocr_line' id='line_1_2' title="bbox 382 480 1964 551; baseline -0.002 -14"><span class='ocrx_word' id='word_1_7' title='bbox 382 481 698 545; x_wconf 74' lang='lat' dir='ltr'><strong>sacerdotes</strong></span> <span class='ocrx_word' id='word_1_8' title='bbox 755 481 925 543; x_wconf 58' lang='lat' dir='ltr'><strong>omni,</strong></span> <span class='ocrx_word' id='word_1_9' title='bbox 954 480 1353 543; x_wconf 69' lang='lat' dir='ltr'><strong>benevolentiae</strong></span> <span class='ocrx_word' id='word_1_10' title='bbox 1406 482 1592 537; x_wconf 90' lang='lat' dir='ltr'><strong>studio</strong></span> <span class='ocrx_word' id='word_1_11' title='bbox 1641 481 1964 551; x_wconf 89' lang='lat' dir='ltr'><strong>complecta-</strong></span> 
     </span>
    </p>
   </div>
   <div class='ocr_carea' id='block_1_3' title="bbox 2062 477 3666 556">
    <p class='ocr_par' dir='ltr' id='par_1_3' title="bbox 2076 477 3666 556">
     <span class='ocr_line' id='line_1_3' title="bbox 2076 477 3666 556; baseline 0.003 -25"><span class='ocrx_word' id='word_1_12' title='bbox 2076 479 2239 532; x_wconf 73' lang='grc' dir='ltr'>αὐτὸν</span> <span class='ocrx_word' id='word_1_13' title='bbox 2270 479 2361 533; x_wconf 85' lang='grc' dir='ltr'><strong>τὸν</strong></span> <span class='ocrx_word' id='word_1_14' title='bbox 2389 481 2641 547; x_wconf 81' lang='grc' dir='ltr'>θάνατον,</span> <span class='ocrx_word' id='word_1_15' title='bbox 2680 483 2779 537; x_wconf 84' lang='grc' dir='ltr'><strong>οὐκ</strong></span> <span class='ocrx_word' id='word_1_16' title='bbox 2806 482 2954 538; x_wconf 82' lang='grc' dir='ltr'>ἔστιν</span> <span class='ocrx_word' id='word_1_17' title='bbox 2983 482 3309 556; x_wconf 76' lang='grc' dir='ltr'>ἀμφίϐολον.</span> <span class='ocrx_word' id='word_1_18' title='bbox 3339 479 3410 534; x_wconf 70' lang='grc' dir='ltr'><strong>Εἰ</strong></span> <span class='ocrx_word' id='word_1_19' title='bbox 3433 478 3545 550; x_wconf 82' lang='grc' dir='ltr'>γὰρ</span> <span class='ocrx_word' id='word_1_20' title='bbox 3572 477 3666 530; x_wconf 72' lang='grc' dir='ltr'><strong>δι-</strong></span> 
     </span>
    </p>
   </div>
   <div class='ocr_carea' id='block_1_4' title="bbox 382 569 1964 646">
    <p class='ocr_par' dir='ltr' id='par_1_4' title="bbox 382 571 1964 642">
     <span class='ocr_line' id='line_1_4' title="bbox 382 571 1964 642; baseline 0 -16"><span class='ocrx_word' id='word_1_21' title='bbox 382 573 541 626; x_wconf 84' lang='lat' dir='ltr'><strong>mur?</strong></span> <span class='ocrx_word' id='word_1_22' title='bbox 579 571 737 639; x_wconf 84' lang='lat' dir='ltr'><strong>Quod</strong></span> <span class='ocrx_word' id='word_1_23' title='bbox 763 572 811 626; x_wconf 96' lang='lat' dir='ltr'><strong>si</strong></span> <span class='ocrx_word' id='word_1_24' title='bbox 842 572 1162 627; x_wconf 76' lang='lat' dir='ltr'><strong>cxoriantur</strong></span> <span class='ocrx_word' id='word_1_25' title='bbox 1192 573 1286 642; x_wconf 88' lang='lat' dir='ltr'><strong>qui</strong></span> <span class='ocrx_word' id='word_1_26' title='bbox 1328 571 1490 629; x_wconf 84' lang='lat' dir='ltr'><strong>ﬁdem</strong></span> <span class='ocrx_word' id='word_1_27' title='bbox 1530 572 1785 627; x_wconf 91' lang='lat' dir='ltr'><strong>demoliri</strong></span> <span class='ocrx_word' id='word_1_28' title='bbox 1821 580 1964 626; x_wconf 86' lang='lat' dir='ltr'><strong>sata-</strong></span> 
     </span>
    </p>
   </div>
   <div class='ocr_carea' id='block_1_5' title="bbox 2062 569 3662 646">
    <p class='ocr_par' dir='ltr' id='par_1_5' title="bbox 2076 569 3662 646">
     <span class='ocr_line' id='line_1_5' title="bbox 2076 569 3662 646; baseline -0.001 -23"><span class='ocrx_word' id='word_1_29' title='bbox 2076 569 2271 641; x_wconf 83' lang='grc' dir='ltr'>δίαμεν</span> <span class='ocrx_word' id='word_1_30' title='bbox 2297 571 2439 643; x_wconf 85' lang='grc' dir='ltr'>ὑπὲρ</span> <span class='ocrx_word' id='word_1_31' title='bbox 2456 574 2556 643; x_wconf 84' lang='grc' dir='ltr'>τῆς</span> <span class='ocrx_word' id='word_1_32' title='bbox 2583 574 2742 646; x_wconf 82' lang='grc' dir='ltr'><strong>δόξης</strong></span> <span class='ocrx_word' id='word_1_33' title='bbox 2768 573 2859 630; x_wconf 87' lang='grc' dir='ltr'><strong>τοῦ</strong></span> <span class='ocrx_word' id='word_1_34' title='bbox 2881 575 3020 629; x_wconf 82' lang='grc' dir='ltr'><strong>Θεοῦ</strong></span> <span class='ocrx_word' id='word_1_35' title='bbox 3050 576 3150 646; x_wconf 75' lang='grc' dir='ltr'><strong>τὴν</strong></span> <span class='ocrx_word' id='word_1_36' title='bbox 3183 572 3441 645; x_wconf 85' lang='grc' dir='ltr'>ἀλήθειαν</span> <span class='ocrx_word' id='word_1_37' title='bbox 3464 572 3662 635; x_wconf 83' lang='grc' dir='ltr'>εἰπεῖν,</span> 
     </span>
    </p>
   </div>
   <div class='ocr_carea' id='block_1_6' title="bbox 380 660 1964 738">
    <p class='ocr_par' dir='ltr' id='par_1_6' title="bbox 380 662 1964 734">
     <span class='ocr_line' id='line_1_6' title="bbox 380 662 1964 734; baseline -0.001 -17"><span class='ocrx_word' id='word_1_38' title='bbox 380 670 530 733; x_wconf 84' lang='lat' dir='ltr'><strong>gant,</strong></span> <span class='ocrx_word' id='word_1_39' title='bbox 557 670 774 717; x_wconf 89' lang='lat' dir='ltr'><strong>nostras</strong></span> <span class='ocrx_word' id='word_1_40' title='bbox 813 663 1057 732; x_wconf 88' lang='lat' dir='ltr'><strong>ipsorum</strong></span> <span class='ocrx_word' id='word_1_41' title='bbox 1091 663 1302 720; x_wconf 87' lang='lat' dir='ltr'><strong>animas</strong></span> <span class='ocrx_word' id='word_1_42' title='bbox 1335 681 1447 719; x_wconf 91' lang='lat' dir='ltr'><strong>non</strong></span> <span class='ocrx_word' id='word_1_43' title='bbox 1476 664 1814 734; x_wconf 77' lang='lat' dir='ltr'><strong>prodituros,</strong></span> <span class='ocrx_word' id='word_1_44' title='bbox 1841 662 1964 716; x_wconf 88' lang='lat' dir='ltr'><strong>licet</strong></span> 
     </span>
    </p>
   </div>
   <div class='ocr_carea' id='block_1_7' title="bbox 2062 660 3691 738">
    <p class='ocr_par' dir='ltr' id='par_1_7' title="bbox 2078 660 3691 738">
     <span class='ocr_line' id='line_1_7' title="bbox 2078 660 3691 738; baseline 0 -24"><span class='ocrx_word' id='word_1_45' title='bbox 2078 662 2166 716; x_wconf 80' lang='grc' dir='ltr'>ἵνα</span> <span class='ocrx_word' id='word_1_46' title='bbox 2197 663 2272 736; x_wconf 84' lang='grc' dir='ltr'>μὴ</span> <span class='ocrx_word' id='word_1_47' title='bbox 2308 666 2700 737; x_wconf 77' lang='grc' dir='ltr'><strong>περιπέσωμεν</strong></span> <span class='ocrx_word' id='word_1_48' title='bbox 2728 667 2967 738; x_wconf 76' lang='grc' dir='ltr'><strong>ἀηδίαις,</strong></span> <span class='ocrx_word' id='word_1_49' title='bbox 3001 668 3142 738; x_wconf 87' lang='grc' dir='ltr'>ποίῳ</span> <span class='ocrx_word' id='word_1_50' title='bbox 3174 665 3361 721; x_wconf 80' lang='grc' dir='ltr'>λοιπὸν</span> <span class='ocrx_word' id='word_1_51' title='bbox 3385 660 3667 735; x_wconf 81' lang='grc' dir='ltr'>προσώπῳ</span> <span class='ocrx_word' id='word_1_52' title='bbox 3680 660 3691 730; x_wconf 75' lang='grc'>,⁷</span> 
     </span>
    </p>
   </div>
   <div class='ocr_carea' id='block_1_8' title="bbox 382 749 1964 829">
    <p class='ocr_par' dir='ltr' id='par_1_8' title="bbox 382 750 1964 823">
     <span class='ocr_line' id='line_1_8' title="bbox 382 750 1964 823; baseline -0.002 -17"><span class='ocrx_word' id='word_1_53' title='bbox 382 752 501 822; x_wconf 88' lang='lat' dir='ltr'><strong>ipsa</strong></span> <span class='ocrx_word' id='word_1_54' title='bbox 541 768 761 822; x_wconf 89' lang='lat' dir='ltr'><strong>quoque</strong></span> <span class='ocrx_word' id='word_1_55' title='bbox 806 768 957 808; x_wconf 91' lang='lat' dir='ltr'><strong>mors</strong></span> <span class='ocrx_word' id='word_1_56' title='bbox 1002 753 1170 823; x_wconf 90' lang='lat' dir='ltr'><strong>capiti</strong></span> <span class='ocrx_word' id='word_1_57' title='bbox 1218 761 1411 809; x_wconf 87' lang='lat' dir='ltr'><strong>nostro</strong></span> <span class='ocrx_word' id='word_1_58' title='bbox 1457 752 1792 823; x_wconf 76' lang='lat' dir='ltr'><strong>impendeat,</strong></span> <span class='ocrx_word' id='word_1_59' title='bbox 1832 750 1964 804; x_wconf 86' lang='lat' dir='ltr'><strong>nulli</strong></span> 
     </span>
    </p>
   </div>
   <div class='ocr_carea' id='block_1_9' title="bbox 2062 749 3663 829">
    <p class='ocr_par' dir='ltr' id='par_1_9' title="bbox 2068 749 3663 829">
     <span class='ocr_line' id='line_1_9' title="bbox 2068 749 3663 829; baseline 0.004 -23"><span class='ocrx_word' id='word_1_60' title='bbox 2068 752 2141 807; x_wconf 82' lang='grc' dir='ltr'>τὰ</span> <span class='ocrx_word' id='word_1_61' title='bbox 2169 754 2277 807; x_wconf 88' lang='grc' dir='ltr'><strong>τῶν</strong></span> <span class='ocrx_word' id='word_1_62' title='bbox 2323 754 2493 825; x_wconf 84' lang='grc' dir='ltr'><strong>ἁγίων</strong></span> <span class='ocrx_word' id='word_1_63' title='bbox 2527 755 2824 829; x_wconf 88' lang='grc' dir='ltr'>μαρτύρων</span> <span class='ocrx_word' id='word_1_64' title='bbox 2869 755 3125 828; x_wconf 76' lang='grc' dir='ltr'>ἐγκώμια</span> <span class='ocrx_word' id='word_1_65' title='bbox 3154 751 3495 827; x_wconf 83' lang='grc' dir='ltr'><strong>ποιησόμεθα</strong></span> <span class='ocrx_word' id='word_1_66' title='bbox 3524 749 3663 821; x_wconf 79' lang='grc' dir='ltr'>πρὸς</span> 
     </span>
    </p>
   </div>
   <div class='ocr_carea' id='block_1_10' title="bbox 380 840 1964 921">
    <p class='ocr_par' dir='ltr' id='par_1_10' title="bbox 380 841 1964 918">
     <span class='ocr_line' id='line_1_10' title="bbox 380 841 1964 918; baseline 0 -21"><span class='ocrx_word' id='word_1_67' title='bbox 380 841 544 899; x_wconf 91' lang='lat' dir='ltr'><strong>debet</strong></span> <span class='ocrx_word' id='word_1_68' title='bbox 577 859 697 899; x_wconf 89' lang='lat' dir='ltr'><strong>esse</strong></span> <span class='ocrx_word' id='word_1_69' title='bbox 729 845 983 900; x_wconf 91' lang='lat' dir='ltr'><strong>dubium.</strong></span> <span class='ocrx_word' id='word_1_70' title='bbox 1019 846 1155 900; x_wconf 86' lang='lat' dir='ltr'><strong>Nam</strong></span> <span class='ocrx_word' id='word_1_71' title='bbox 1198 845 1243 901; x_wconf 88' lang='lat' dir='ltr'><strong>si</strong></span> <span class='ocrx_word' id='word_1_72' title='bbox 1288 862 1390 916; x_wconf 91' lang='lat' dir='ltr'><strong>pro</strong></span> <span class='ocrx_word' id='word_1_73' title='bbox 1432 847 1607 918; x_wconf 81' lang='lat' dir='ltr'><strong>gloria</strong></span> <span class='ocrx_word' id='word_1_74' title='bbox 1638 845 1734 900; x_wconf 87' lang='lat' dir='ltr'><strong>Dei</strong></span> <span class='ocrx_word' id='word_1_75' title='bbox 1768 844 1964 899; x_wconf 84' lang='lat' dir='ltr'><strong>verita-</strong></span> 
     </span>
    </p>
   </div>
   <div class='ocr_carea' id='block_1_11' title="bbox 2062 840 3666 921">
    <p class='ocr_par' dir='ltr' id='par_1_11' title="bbox 2068 840 3666 921">
     <span class='ocr_line' id='line_1_11' title="bbox 2068 840 3666 921; baseline -0.003 -22"><span class='ocrx_word' id='word_1_76' title='bbox 2068 847 2198 910; x_wconf 84' lang='grc' dir='ltr'>τοὺς</span> <span class='ocrx_word' id='word_1_77' title='bbox 2238 847 2424 912; x_wconf 78' lang='grc' dir='ltr'>λαοὺς,</span> <span class='ocrx_word' id='word_1_78' title='bbox 2457 849 2553 909; x_wconf 75' lang='grc' dir='ltr'><strong>οὓς</strong></span> <span class='ocrx_word' id='word_1_79' title='bbox 2596 849 2949 921; x_wconf 73' lang='grc' dir='ltr'>ἐπαινοῦμεν,</span> <span class='ocrx_word' id='word_1_80' title='bbox 2977 851 3172 921; x_wconf 81' lang='grc' dir='ltr'><strong>ὅτιπερ</strong></span> <span class='ocrx_word' id='word_1_81' title='bbox 3215 847 3564 918; x_wconf 76' lang='grc' dir='ltr'>τετηρήκασι</span> <span class='ocrx_word' id='word_1_82' title='bbox 3599 840 3666 895; x_wconf 78' lang='grc' dir='ltr'><strong>τὸ</strong></span> 
     </span>
    </p>
   </div>
   <div class='ocr_carea' id='block_1_12' title="bbox 381 932 1964 1011">
    <p class='ocr_par' dir='ltr' id='par_1_12' title="bbox 381 934 1964 1007">
     <span class='ocr_line' id='line_1_12' title="bbox 381 934 1964 1007; baseline -0.002 -17"><span class='ocrx_word' id='word_1_83' title='bbox 381 945 492 990; x_wconf 90' lang='lat' dir='ltr'><strong>tem</strong></span> <span class='ocrx_word' id='word_1_84' title='bbox 522 937 824 1007; x_wconf 59' lang='lat' dir='ltr'><strong>praedicare</strong></span> <span class='ocrx_word' id='word_1_85' title='bbox 861 938 1365 1003; x_wconf 83' lang='lat' dir='ltr'><strong>formidaverimus,</strong></span> <span class='ocrx_word' id='word_1_86' title='bbox 1395 954 1466 994; x_wconf 91' lang='lat' dir='ltr'><strong>ne</strong></span> <span class='ocrx_word' id='word_1_87' title='bbox 1498 938 1758 993; x_wconf 85' lang='lat' dir='ltr'><strong>videlicet</strong></span> <span class='ocrx_word' id='word_1_88' title='bbox 1783 935 1841 1005; x_wconf 88' lang='lat' dir='ltr'><strong>in</strong></span> <span class='ocrx_word' id='word_1_89' title='bbox 1868 934 1964 988; x_wconf 89' lang='lat' dir='ltr'><strong>ali-</strong></span> 
     </span>
    </p>
   </div>
   <div class='ocr_carea' id='block_1_13' title="bbox 2062 932 3663 1011">
    <p class='ocr_par' dir='ltr' id='par_1_13' title="bbox 2071 932 3663 1011">
     <span class='ocr_line' id='line_1_13' title="bbox 2071 932 3663 1011; baseline 0.006 -20"><span class='ocrx_word' id='word_1_90' title='bbox 2071 937 2363 1009; x_wconf 79' lang='grc' dir='ltr'>είρημένον</span> <span class='ocrx_word' id='word_1_91' title='bbox 2384 957 2396 968; x_wconf 93' lang='grc'><strong>·</strong></span> <span class='ocrx_word' id='word_1_92' title='bbox 2433 940 2606 1005; x_wconf 79' lang='grc' dir='ltr'>«Ἕως</span> <span class='ocrx_word' id='word_1_93' title='bbox 2637 939 2874 994; x_wconf 84' lang='grc' dir='ltr'>θανάτου</span> <span class='ocrx_word' id='word_1_94' title='bbox 2920 940 3189 1011; x_wconf 79' lang='grc' dir='ltr'><strong>ἀγώνισαι</strong></span> <span class='ocrx_word' id='word_1_95' title='bbox 3224 939 3365 1010; x_wconf 82' lang='grc' dir='ltr'>ὑπὲρ</span> <span class='ocrx_word' id='word_1_96' title='bbox 3391 936 3490 1008; x_wconf 81' lang='grc' dir='ltr'><strong>τῆς</strong></span> <span class='ocrx_word' id='word_1_97' title='bbox 3524 932 3663 1002; x_wconf 78' lang='grc' dir='ltr'><strong>ἀλη-</strong></span> 
     </span>
    </p>
   </div>
   <div class='ocr_carea' id='block_1_14' title="bbox 380 1026 2309 1102">
    <p class='ocr_par' dir='ltr' id='par_1_14' title="bbox 380 1026 2309 1102">
     <span class='ocr_line' id='line_1_14' title="bbox 380 1026 2309 1102; baseline -0.001 -20"><span class='ocrx_word' id='word_1_98' title='bbox 380 1043 545 1098; x_wconf 90' lang='lat' dir='ltr'><strong>quam</strong></span> <span class='ocrx_word' id='word_1_99' title='bbox 592 1030 900 1086; x_wconf 74' lang='lat' dir='ltr'><strong>molestiam</strong></span> <span class='ocrx_word' id='word_1_100' title='bbox 950 1031 1284 1096; x_wconf 90' lang='lat' dir='ltr'><strong>incidamus,</strong></span> <span class='ocrx_word' id='word_1_101' title='bbox 1339 1045 1477 1102; x_wconf 90' lang='lat' dir='ltr'><strong>qua,</strong></span> <span class='ocrx_word' id='word_1_102' title='bbox 1524 1044 1741 1100; x_wconf 67' lang='lat' dir='ltr'><strong>quaaso,</strong></span> <span class='ocrx_word' id='word_1_103' title='bbox 1789 1027 1971 1081; x_wconf 81' lang='lat' dir='ltr'><strong>fronte</strong></span> <span class='ocrx_word' id='word_1_104' title='bbox 2072 1026 2259 1095; x_wconf 85' lang='grc' dir='ltr'>θείας;</span> <span class='ocrx_word' id='word_1_105' title='bbox 2290 1047 2309 1081; x_wconf 80' lang='grc'><strong>1</strong></span> 
     </span>
    </p>
   </div>
   <div class='ocr_carea' id='block_1_15' title="bbox 380 1115 3667 1195">
    <p class='ocr_par' dir='ltr' id='par_1_15' title="bbox 380 1115 3667 1195">
     <span class='ocr_line' id='line_1_15' title="bbox 380 1115 3667 1195; baseline -0.002 -18"><span class='ocrx_word' id='word_1_106' title='bbox 380 1129 697 1178; x_wconf 88' lang='lat' dir='ltr'><strong>sanctorum</strong></span> <span class='ocrx_word' id='word_1_107' title='bbox 727 1132 1027 1195; x_wconf 85' lang='lat' dir='ltr'><strong>martyrum</strong></span> <span class='ocrx_word' id='word_1_108' title='bbox 1094 1123 1393 1181; x_wconf 85' lang='lat' dir='ltr'><strong>certamina</strong></span> <span class='ocrx_word' id='word_1_109' title='bbox 1423 1129 1482 1177; x_wconf 92' lang='lat' dir='ltr'><strong>et</strong></span> <span class='ocrx_word' id='word_1_110' title='bbox 1508 1122 1821 1192; x_wconf 89' lang='lat' dir='ltr'><strong>triumphos</strong></span> <span class='ocrx_word' id='word_1_111' title='bbox 1858 1119 2003 1192; x_wconf 91' lang='lat' dir='ltr'><strong>apud</strong></span> <span class='ocrx_word' id='word_1_112' title='bbox 2040 1122 2308 1193; x_wconf 84' lang='lat' dir='ltr'><strong>populum</strong></span> <span class='ocrx_word' id='word_1_113' title='bbox 2336 1122 2597 1191; x_wconf 80' lang='lat' dir='ltr'><strong>laudibus</strong></span> <span class='ocrx_word' id='word_1_114' title='bbox 2623 1123 2958 1179; x_wconf 87' lang='lat' dir='ltr'><strong>evehemus?</strong></span> <span class='ocrx_word' id='word_1_115' title='bbox 3017 1122 3223 1193; x_wconf 83' lang='lat' dir='ltr'><strong>quippe</strong></span> <span class='ocrx_word' id='word_1_116' title='bbox 3250 1134 3390 1191; x_wconf 89' lang='lat' dir='ltr'><strong>quos</strong></span> <span class='ocrx_word' id='word_1_117' title='bbox 3421 1132 3533 1173; x_wconf 92' lang='lat' dir='ltr'><strong>uno</strong></span> <span class='ocrx_word' id='word_1_118' title='bbox 3557 1115 3667 1172; x_wconf 88' lang='lat' dir='ltr'><strong>hoc</strong></span> 
     </span>
    </p>
   </div>
   <div class='ocr_carea' id='block_1_16' title="bbox 378 1214 3667 1287">
    <p class='ocr_par' dir='ltr' id='par_1_16' title="bbox 378 1214 3667 1287">
     <span class='ocr_line' id='line_1_16' title="bbox 378 1214 3667 1287; baseline -0.002 -18"><span class='ocrx_word' id='word_1_119' title='bbox 378 1215 603 1269; x_wconf 90' lang='lat' dir='ltr'><strong>nomine</strong></span> <span class='ocrx_word' id='word_1_120' title='bbox 646 1216 920 1287; x_wconf 69' lang='lat' dir='ltr'><strong>prazcipue</strong></span> <span class='ocrx_word' id='word_1_121' title='bbox 964 1217 1347 1281; x_wconf 88' lang='lat' dir='ltr'><strong>decantamus,</strong></span> <span class='ocrx_word' id='word_1_122' title='bbox 1390 1215 1537 1286; x_wconf 91' lang='lat' dir='ltr'><strong>quod</strong></span> <span class='ocrx_word' id='word_1_123' title='bbox 1586 1214 1965 1286; x_wconf 71' lang='lat' dir='ltr'><strong>praestiterunt</strong></span> <span class='ocrx_word' id='word_1_124' title='bbox 2038 1214 2146 1271; x_wconf 90' lang='lat' dir='ltr'><strong>hoc</strong></span> <span class='ocrx_word' id='word_1_125' title='bbox 2187 1216 2338 1287; x_wconf 90' lang='lat' dir='ltr'><strong>quod</strong></span> <span class='ocrx_word' id='word_1_126' title='bbox 2380 1217 2589 1275; x_wconf 87' lang='lat' dir='ltr'><strong>dictum</strong></span> <span class='ocrx_word' id='word_1_127' title='bbox 2627 1228 2714 1275; x_wconf 91' lang='lat' dir='ltr'><strong>est</strong></span> <span class='ocrx_word' id='word_1_128' title='bbox 2748 1236 2761 1272; x_wconf 93' lang='lat'>:</span> <span class='ocrx_word' id='word_1_129' title='bbox 2835 1236 2853 1268; x_wconf 75' lang='grc'><strong>1</strong></span> <span class='ocrx_word' id='word_1_130' title='bbox 2886 1216 3072 1287; x_wconf 83' lang='lat' dir='ltr'><strong>Usque</strong></span> <span class='ocrx_word' id='word_1_131' title='bbox 3117 1214 3187 1271; x_wconf 89' lang='lat' dir='ltr'><strong>ad</strong></span> <span class='ocrx_word' id='word_1_132' title='bbox 3236 1219 3471 1270; x_wconf 86' lang='lat' dir='ltr'><strong>mortem</strong></span> <span class='ocrx_word' id='word_1_133' title='bbox 3510 1217 3667 1267; x_wconf 79' lang='lat' dir='ltr'><strong>certa</strong></span> 
     </span>
    </p>
   </div>
   <div class='ocr_carea' id='block_1_17' title="bbox 379 1307 884 1379">
    <p class='ocr_par' dir='ltr' id='par_1_17' title="bbox 379 1307 884 1379">
     <span class='ocr_line' id='line_1_17' title="bbox 379 1307 884 1379; baseline -0.004 -16"><span class='ocrx_word' id='word_1_134' title='bbox 379 1322 481 1379; x_wconf 88' lang='lat' dir='ltr'><strong>pro</strong></span> <span class='ocrx_word' id='word_1_135' title='bbox 505 1307 736 1371; x_wconf 72' lang='lat' dir='ltr'><strong>veritate</strong></span> <span class='ocrx_word' id='word_1_136' title='bbox 763 1308 825 1362; x_wconf 81' lang='lat'><strong>&quot;.</strong></span> <span class='ocrx_word' id='word_1_137' title='bbox 866 1328 884 1361; x_wconf 83' lang='grc'><strong>1</strong></span> 
     </span>
    </p>
   </div>
   <div class='ocr_carea' id='block_1_18' title="bbox 1979 1469 2045 1480">
    <p class='ocr_par' dir='ltr' id='par_1_18' title="bbox 1979 1469 2045 1480">
     <span class='ocr_line' id='line_1_18' title="bbox 1979 1469 2045 1480; baseline -0.015 0"><span class='ocrx_word' id='word_1_138' title='bbox 1979 1469 2045 1480; x_wconf 70' lang='grc'><strong>.-</strong></span> 
     </span>
    </p>
   </div>
   <div class='ocr_carea' id='block_1_19' title="bbox 1638 1577 2400 1650">
    <p class='ocr_par' dir='ltr' id='par_1_19' title="bbox 1638 1577 2400 1650">
     <span class='ocr_line' id='line_1_19' title="bbox 1638 1577 2400 1650; baseline -0.004 -15"><span class='ocrx_word' id='word_1_139' title='bbox 1638 1577 1976 1635; x_wconf 80' lang='lat' dir='ltr'><strong>EPISTOLA</strong></span> <span class='ocrx_word' id='word_1_140' title='bbox 2015 1578 2061 1634; x_wconf 84' lang='lat' dir='ltr'><strong>X</strong></span> <span class='ocrx_word' id='word_1_141' title='bbox 2106 1578 2201 1650; x_wconf 84' lang='grc' dir='ltr'>(οι.</span> <span class='ocrx_word' id='word_1_142' title='bbox 2236 1577 2400 1650; x_wconf 77' lang='lat' dir='ltr'><strong>Vill).</strong></span> 
     </span>
    </p>
   </div>
   <div class='ocr_carea' id='block_1_20' title="bbox 1116 1730 2902 1817">
    <p class='ocr_par' dir='ltr' id='par_1_20' title="bbox 1116 1730 2902 1817">
     <span class='ocr_line' id='line_1_20' title="bbox 1116 1730 2902 1817; baseline -0.004 -24"><span class='ocrx_word' id='word_1_143' title='bbox 1116 1751 1330 1795; x_wconf 74' lang='lat' dir='ltr'><strong>CYRILLI</strong></span> <span class='ocrx_word' id='word_1_144' title='bbox 1367 1748 1431 1795; x_wconf 73' lang='lat' dir='ltr'><strong>AD</strong></span> <span class='ocrx_word' id='word_1_145' title='bbox 1457 1751 1711 1803; x_wconf 68' lang='lat' dir='ltr'><strong>amnicos</strong></span> <span class='ocrx_word' id='word_1_146' title='bbox 1742 1754 1870 1799; x_wconf 83' lang='lat' dir='ltr'><strong>suos</strong></span> <span class='ocrx_word' id='word_1_147' title='bbox 1896 1749 2386 1817; x_wconf 58' lang='lat' dir='ltr'><strong>consumisorou</strong></span> <span class='ocrx_word' id='word_1_148' title='bbox 2430 1746 2797 1789; x_wconf 73' lang='lat' dir='ltr'><strong>CONSTITUTOS</strong></span> <span class='ocrx_word' id='word_1_149' title='bbox 2823 1730 2902 1804; x_wconf 84' lang='grc'><strong>(1)</strong></span> 
     </span>
    </p>
   </div>
   <div class='ocr_carea' id='block_1_21' title="bbox 371 1873 3667 1969">
    <p class='ocr_par' dir='ltr' id='par_1_21' title="bbox 371 1873 3667 1969">
     <span class='ocr_line' id='line_1_21' title="bbox 371 1873 3667 1969; baseline -0.001 -19"><span class='ocrx_word' id='word_1_150' title='bbox 371 1893 617 1952; x_wconf 78' lang='lat' dir='ltr'><strong>Testatur</strong></span> <span class='ocrx_word' id='word_1_151' title='bbox 654 1911 711 1955; x_wconf 81' lang='lat' dir='ltr'><strong>se</strong></span> <span class='ocrx_word' id='word_1_152' title='bbox 740 1896 885 1969; x_wconf 79' lang='lat' dir='ltr'><strong>pacis</strong></span> <span class='ocrx_word' id='word_1_153' title='bbox 924 1904 1218 1969; x_wconf 83' lang='lat' dir='ltr'><strong>amantem,</strong></span> <span class='ocrx_word' id='word_1_154' title='bbox 1241 1898 1615 1969; x_wconf 50' lang='lat' dir='ltr'><strong>salvalamen</strong></span> <span class='ocrx_word' id='word_1_155' title='bbox 1630 1893 1734 1962; x_wconf 82' lang='lat' dir='ltr'><strong>ﬁde</strong></span> <span class='ocrx_word' id='word_1_156' title='bbox 1764 1893 2047 1961; x_wconf 79' lang='lat' dir='ltr'><strong>catholica,</strong></span> <span class='ocrx_word' id='word_1_157' title='bbox 2066 1891 2376 1969; x_wconf 71' lang='lat' dir='ltr'><strong>calumnias</strong></span> <span class='ocrx_word' id='word_1_158' title='bbox 2414 1894 2469 1947; x_wconf 86' lang='lat' dir='ltr'><strong>in</strong></span> <span class='ocrx_word' id='word_1_159' title='bbox 2504 1906 2560 1946; x_wconf 82' lang='lat' dir='ltr'><strong>se</strong></span> <span class='ocrx_word' id='word_1_160' title='bbox 2583 1891 2824 1969; x_wconf 70' lang='lat' dir='ltr'><strong>jactatas</strong></span> <span class='ocrx_word' id='word_1_161' title='bbox 2858 1889 3013 1959; x_wconf 81' lang='lat' dir='ltr'><strong>facile</strong></span> <span class='ocrx_word' id='word_1_162' title='bbox 3047 1890 3250 1945; x_wconf 81' lang='lat' dir='ltr'><strong>diluere</strong></span> <span class='ocrx_word' id='word_1_163' title='bbox 3279 1906 3448 1963; x_wconf 76' lang='lat' dir='ltr'><strong>posse,</strong></span> <span class='ocrx_word' id='word_1_164' title='bbox 3475 1873 3667 1963; x_wconf 57' lang='lat' dir='ltr'><strong>eosque</strong></span> 
     </span>
    </p>
   </div>
   <div class='ocr_carea' id='block_1_22' title="bbox 756 1960 3263 2038">
    <p class='ocr_par' dir='ltr' id='par_1_22' title="bbox 756 1960 3263 2038">
     <span class='ocr_line' id='line_1_22' title="bbox 756 1960 3263 2038; baseline -0.003 -15"><span class='ocrx_word' id='word_1_165' title='bbox 756 1967 972 2023; x_wconf 73' lang='lat' dir='ltr'><strong>instruit</strong></span> <span class='ocrx_word' id='word_1_166' title='bbox 1016 1983 1123 2038; x_wconf 81' lang='lat' dir='ltr'><strong>qua</strong></span> <span class='ocrx_word' id='word_1_167' title='bbox 1154 1960 1362 2026; x_wconf 81' lang='lat' dir='ltr'><strong>ratione</strong></span> <span class='ocrx_word' id='word_1_168' title='bbox 1388 1960 1919 2036; x_wconf 41' lang='lat' dir='ltr'><strong>Nestorii&#39;sequaccs,</strong></span> <span class='ocrx_word' id='word_1_169' title='bbox 1956 1966 2103 2038; x_wconf 72' lang='lat' dir='ltr'><strong>pacis</strong></span> <span class='ocrx_word' id='word_1_170' title='bbox 2139 1962 2372 2017; x_wconf 77' lang='lat' dir='ltr'><strong>studium</strong></span> <span class='ocrx_word' id='word_1_171' title='bbox 2413 1971 2537 2016; x_wconf 86' lang='lat' dir='ltr'><strong>tunc</strong></span> <span class='ocrx_word' id='word_1_172' title='bbox 2576 1960 2914 2027; x_wconf 74' lang='lat' dir='ltr'><strong>simulantes,</strong></span> <span class='ocrx_word' id='word_1_173' title='bbox 2947 1970 3263 2016; x_wconf 84' lang='lat' dir='ltr'><strong>tractarent.</strong></span> 
     </span>
    </p>
   </div>
   <div class='ocr_carea' id='block_1_23' title="bbox 2148 2119 3665 2193">
    <p class='ocr_par' dir='ltr' id='par_1_23' title="bbox 2148 2119 3665 2193">
     <span class='ocr_line' id='line_1_23' title="bbox 2148 2119 3665 2193; baseline -0.001 -15"><span class='ocrx_word' id='word_1_174' title='bbox 2148 2124 2418 2193; x_wconf 82' lang='grc' dir='ltr'>Ἀνέγνων</span> <span class='ocrx_word' id='word_1_175' title='bbox 2468 2120 2533 2175; x_wconf 74' lang='grc' dir='ltr'>τὸ</span> <span class='ocrx_word' id='word_1_176' title='bbox 2588 2119 3001 2191; x_wconf 79' lang='grc' dir='ltr'>ὑπομνηστικὺν</span> <span class='ocrx_word' id='word_1_177' title='bbox 3047 2120 3110 2174; x_wconf 81' lang='grc' dir='ltr'>τὸ</span> <span class='ocrx_word' id='word_1_178' title='bbox 3157 2121 3461 2177; x_wconf 78' lang='grc' dir='ltr'>άποσταλὲν</span> <span class='ocrx_word' id='word_1_179' title='bbox 3525 2127 3665 2193; x_wconf 78' lang='grc' dir='ltr'>παρ’</span> 
     </span>
    </p>
   </div>
   <div class='ocr_carea' id='block_1_24' title="bbox 2066 2208 3662 2287">
    <p class='ocr_par' dir='ltr' id='par_1_24' title="bbox 2066 2208 3662 2287">
     <span class='ocr_line' id='line_1_24' title="bbox 2066 2208 3662 2287; baseline -0.002 -16"><span class='ocrx_word' id='word_1_180' title='bbox 2066 2215 2245 2287; x_wconf 83' lang='grc' dir='ltr'>ὑμῶν,</span> <span class='ocrx_word' id='word_1_181' title='bbox 2279 2214 2349 2268; x_wconf 86' lang='grc' dir='ltr'>δι’</span> <span class='ocrx_word' id='word_1_182' title='bbox 2380 2208 2441 2269; x_wconf 71' lang='grc' dir='ltr'>οὗ</span> <span class='ocrx_word' id='word_1_183' title='bbox 2479 2211 2808 2284; x_wconf 72' lang='grc' dir='ltr'>ἐμάνθανον,</span> <span class='ocrx_word' id='word_1_184' title='bbox 2844 2213 2930 2266; x_wconf 82' lang='grc' dir='ltr'>ὅτι</span> <span class='ocrx_word' id='word_1_185' title='bbox 2966 2212 3320 2278; x_wconf 81' lang='grc' dir='ltr'>Ἀναστάσιος</span> <span class='ocrx_word' id='word_1_186' title='bbox 3354 2215 3383 2267; x_wconf 77' lang='grc' dir='ltr'>ὁ</span> <span class='ocrx_word' id='word_1_187' title='bbox 3410 2212 3662 2282; x_wconf 77' lang='grc' dir='ltr'>πρεσϐύ-</span> 
     </span>
    </p>
   </div>
   <div class='ocr_carea' id='block_1_25' title="bbox 435 2126 2037 2201">
    <p class='ocr_par' dir='ltr' id='par_1_25' title="bbox 435 2126 2037 2201">
     <span class='ocr_line' id='line_1_25' title="bbox 435 2126 2037 2201; baseline 0.001 -15"><span class='ocrx_word' id='word_1_188' title='bbox 435 2127 870 2197; x_wconf 86' lang='lat' dir='ltr'><strong>Commentario,</strong></span> <span class='ocrx_word' id='word_1_189' title='bbox 911 2144 1078 2201; x_wconf 89' lang='lat' dir='ltr'><strong>quem</strong></span> <span class='ocrx_word' id='word_1_190' title='bbox 1122 2128 1373 2195; x_wconf 83' lang='lat' dir='ltr'><strong>misistis,</strong></span> <span class='ocrx_word' id='word_1_191' title='bbox 1408 2131 1677 2201; x_wconf 90' lang='lat' dir='ltr'><strong>perlecto,</strong></span> <span class='ocrx_word' id='word_1_192' title='bbox 1718 2126 1963 2199; x_wconf 86' lang='lat' dir='ltr'><strong>comperi</strong></span> <span class='ocrx_word' id='word_1_193' title='bbox 1993 2132 2037 2187; x_wconf 84' lang='grc' dir='ltr'>Β</span> 
     </span>
    </p>
   </div>
   <div class='ocr_carea' id='block_1_26' title="bbox 366 2219 1959 2293">
    <p class='ocr_par' dir='ltr' id='par_1_26' title="bbox 366 2219 1959 2293">
     <span class='ocr_line' id='line_1_26' title="bbox 366 2219 1959 2293; baseline -0.001 -18"><span class='ocrx_word' id='word_1_194' title='bbox 366 2220 716 2276; x_wconf 79' lang='lat' dir='ltr'><strong>Auastasium</strong></span> <span class='ocrx_word' id='word_1_195' title='bbox 755 2221 1171 2293; x_wconf 85' lang='lat' dir='ltr'><strong>presbyterum,</strong></span> <span class='ocrx_word' id='word_1_196' title='bbox 1219 2235 1477 2276; x_wconf 87' lang='lat' dir='ltr'><strong>sermone</strong></span> <span class='ocrx_word' id='word_1_197' title='bbox 1521 2221 1808 2277; x_wconf 80' lang='lat' dir='ltr'><strong>vobiscum</strong></span> <span class='ocrx_word' id='word_1_198' title='bbox 1858 2219 1959 2274; x_wconf 90' lang='lat' dir='ltr'><strong>ha-</strong></span> 
     </span>
    </p>
   </div>
   <div class='ocr_carea' id='block_1_27' title="bbox 365 2312 1963 2383">
    <p class='ocr_par' dir='ltr' id='par_1_27' title="bbox 365 2312 1963 2383">
     <span class='ocr_line' id='line_1_27' title="bbox 365 2312 1963 2383; baseline 0 -17"><span class='ocrx_word' id='word_1_199' title='bbox 365 2312 504 2379; x_wconf 86' lang='lat' dir='ltr'><strong>bito,</strong></span> <span class='ocrx_word' id='word_1_200' title='bbox 531 2313 684 2383; x_wconf 86' lang='lat' dir='ltr'><strong>pacis</strong></span> <span class='ocrx_word' id='word_1_201' title='bbox 716 2319 775 2367; x_wconf 90' lang='lat' dir='ltr'><strong>et</strong></span> <span class='ocrx_word' id='word_1_202' title='bbox 810 2313 1068 2369; x_wconf 83' lang='lat' dir='ltr'><strong>amicitiae</strong></span> <span class='ocrx_word' id='word_1_203' title='bbox 1104 2312 1350 2368; x_wconf 89' lang='lat' dir='ltr'><strong>studium</strong></span> <span class='ocrx_word' id='word_1_204' title='bbox 1384 2313 1696 2379; x_wconf 89' lang='lat' dir='ltr'><strong>simulasse,</strong></span> <span class='ocrx_word' id='word_1_205' title='bbox 1723 2327 1788 2367; x_wconf 91' lang='lat' dir='ltr'><strong>ac</strong></span> <span class='ocrx_word' id='word_1_206' title='bbox 1815 2312 1963 2367; x_wconf 89' lang='lat' dir='ltr'><strong>inter</strong></span> 
     </span>
    </p>
   </div>
   <div class='ocr_carea' id='block_1_28' title="bbox 363 2403 1958 2476">
    <p class='ocr_par' dir='ltr' id='par_1_28' title="bbox 363 2403 1958 2476">
     <span class='ocr_line' id='line_1_28' title="bbox 363 2403 1958 2476; baseline 0 -18"><span class='ocrx_word' id='word_1_207' title='bbox 363 2410 565 2458; x_wconf 65' lang='lat' dir='ltr'><strong>eastern</strong></span> <span class='ocrx_word' id='word_1_208' title='bbox 588 2404 794 2459; x_wconf 78' lang='lat' dir='ltr'><strong>dixisse</strong></span> <span class='ocrx_word' id='word_1_209' title='bbox 822 2422 834 2457; x_wconf 93' lang='lat'>:</span> <span class='ocrx_word' id='word_1_210' title='bbox 865 2403 981 2459; x_wconf 85' lang='lat' dir='ltr'><strong>Hoc</strong></span> <span class='ocrx_word' id='word_1_211' title='bbox 1007 2406 1187 2475; x_wconf 91' lang='lat' dir='ltr'><strong>ipsum</strong></span> <span class='ocrx_word' id='word_1_212' title='bbox 1207 2404 1355 2475; x_wconf 91' lang='lat' dir='ltr'><strong>quod</strong></span> <span class='ocrx_word' id='word_1_213' title='bbox 1380 2404 1429 2460; x_wconf 92' lang='lat' dir='ltr'><strong>is</strong></span> <span class='ocrx_word' id='word_1_214' title='bbox 1456 2405 1678 2476; x_wconf 88' lang='lat' dir='ltr'><strong>(nempe</strong></span> <span class='ocrx_word' id='word_1_215' title='bbox 1700 2403 1958 2476; x_wconf 89' lang='lat' dir='ltr'><strong>Cyrillus)</strong></span> 
     </span>
    </p>
   </div>
   <div class='ocr_carea' id='block_1_29' title="bbox 363 2497 1964 2575">
    <p class='ocr_par' dir='ltr' id='par_1_29' title="bbox 363 2497 1964 2575">
     <span class='ocr_line' id='line_1_29' title="bbox 363 2497 1964 2575; baseline 0.002 -22"><span class='ocrx_word' id='word_1_216' title='bbox 363 2498 431 2554; x_wconf 91' lang='lat' dir='ltr'><strong>ad</strong></span> <span class='ocrx_word' id='word_1_217' title='bbox 458 2497 761 2555; x_wconf 87' lang='lat' dir='ltr'><strong>solitariam</strong></span> <span class='ocrx_word' id='word_1_218' title='bbox 792 2499 962 2555; x_wconf 90' lang='lat' dir='ltr'><strong>vitam</strong></span> <span class='ocrx_word' id='word_1_219' title='bbox 1001 2509 1226 2575; x_wconf 75' lang='lat' dir='ltr'><strong>agentes</strong></span> <span class='ocrx_word' id='word_1_220' title='bbox 1260 2499 1501 2570; x_wconf 89' lang='lat' dir='ltr'><strong>scripsit,</strong></span> <span class='ocrx_word' id='word_1_221' title='bbox 1526 2508 1583 2555; x_wconf 92' lang='lat' dir='ltr'><strong>et</strong></span> <span class='ocrx_word' id='word_1_222' title='bbox 1613 2516 1715 2555; x_wconf 91' lang='lat' dir='ltr'><strong>nos</strong></span> <span class='ocrx_word' id='word_1_223' title='bbox 1740 2513 1964 2570; x_wconf 84' lang='lat' dir='ltr'><strong>quoque</strong></span> 
     </span>
    </p>
   </div>
   <div class='ocr_carea' id='block_1_30' title="bbox 362 2591 1960 2663">
    <p class='ocr_par' dir='ltr' id='par_1_30' title="bbox 362 2591 1960 2663">
     <span class='ocr_line' id='line_1_30' title="bbox 362 2591 1960 2663; baseline -0.001 -16"><span class='ocrx_word' id='word_1_224' title='bbox 362 2591 654 2647; x_wconf 83' lang='lat' dir='ltr'><strong>sentimus.</strong></span> <span class='ocrx_word' id='word_1_225' title='bbox 700 2592 824 2647; x_wconf 77' lang='lat' dir='ltr'><strong>Mox</strong></span> <span class='ocrx_word' id='word_1_226' title='bbox 856 2601 1040 2648; x_wconf 90' lang='lat' dir='ltr'><strong>tamen</strong></span> <span class='ocrx_word' id='word_1_227' title='bbox 1084 2592 1153 2647; x_wconf 91' lang='lat' dir='ltr'><strong>ad</strong></span> <span class='ocrx_word' id='word_1_228' title='bbox 1197 2592 1486 2663; x_wconf 89' lang='lat' dir='ltr'><strong>proprium</strong></span> <span class='ocrx_word' id='word_1_229' title='bbox 1525 2609 1688 2648; x_wconf 90' lang='lat' dir='ltr'><strong>suum</strong></span> <span class='ocrx_word' id='word_1_230' title='bbox 1731 2606 1960 2663; x_wconf 89' lang='lat' dir='ltr'><strong>scopum</strong></span> 
     </span>
    </p>
   </div>
   <div class='ocr_carea' id='block_1_31' title="bbox 361 2683 1962 2755">
    <p class='ocr_par' dir='ltr' id='par_1_31' title="bbox 361 2683 1962 2755">
     <span class='ocr_line' id='line_1_31' title="bbox 361 2683 1962 2755; baseline -0.001 -16"><span class='ocrx_word' id='word_1_231' title='bbox 361 2689 790 2755; x_wconf 85' lang='lat' dir='ltr'><strong>respectantem,</strong></span> <span class='ocrx_word' id='word_1_232' title='bbox 820 2683 940 2738; x_wconf 66' lang='lat' dir='ltr'><strong>haec</strong></span> <span class='ocrx_word' id='word_1_233' title='bbox 963 2683 1032 2739; x_wconf 93' lang='lat' dir='ltr'><strong>de</strong></span> <span class='ocrx_word' id='word_1_234' title='bbox 1058 2699 1146 2739; x_wconf 90' lang='lat' dir='ltr'><strong>me</strong></span> <span class='ocrx_word' id='word_1_235' title='bbox 1174 2683 1488 2740; x_wconf 89' lang='lat' dir='ltr'><strong>subdidisse</strong></span> <span class='ocrx_word' id='word_1_236' title='bbox 1514 2702 1528 2739; x_wconf 90' lang='lat'><strong>:</strong></span> <span class='ocrx_word' id='word_1_237' title='bbox 1550 2684 1687 2739; x_wconf 88' lang='lat' dir='ltr'><strong>Nam</strong></span> <span class='ocrx_word' id='word_1_238' title='bbox 1710 2684 1802 2739; x_wconf 92' lang='lat' dir='ltr'><strong>ille</strong></span> <span class='ocrx_word' id='word_1_239' title='bbox 1825 2698 1962 2754; x_wconf 91' lang='lat' dir='ltr'><strong>quo—</strong></span> 
     </span>
    </p>
   </div>
   <div class='ocr_carea' id='block_1_32' title="bbox 360 2772 1959 2845">
    <p class='ocr_par' dir='ltr' id='par_1_32' title="bbox 360 2772 1959 2845">
     <span class='ocr_line' id='line_1_32' title="bbox 360 2772 1959 2845; baseline 0.002 -19"><span class='ocrx_word' id='word_1_240' title='bbox 360 2787 472 2843; x_wconf 90' lang='lat' dir='ltr'><strong>que</strong></span> <span class='ocrx_word' id='word_1_241' title='bbox 518 2787 729 2827; x_wconf 89' lang='lat' dir='ltr'><strong>sacram</strong></span> <span class='ocrx_word' id='word_1_242' title='bbox 770 2772 1041 2844; x_wconf 88' lang='lat' dir='ltr'><strong>synodum</strong></span> <span class='ocrx_word' id='word_1_243' title='bbox 1080 2773 1234 2828; x_wconf 84' lang='lat' dir='ltr'><strong>vocis</strong></span> <span class='ocrx_word' id='word_1_244' title='bbox 1272 2773 1474 2845; x_wconf 86' lang='lat' dir='ltr'><strong>hujus,</strong></span> <span class='ocrx_word' id='word_1_245' title='bbox 1509 2774 1791 2845; x_wconf 85' lang='lat' dir='ltr'><strong>Dciparae,</strong></span> <span class='ocrx_word' id='word_1_246' title='bbox 1831 2774 1959 2830; x_wconf 79' lang='lat' dir='ltr'><strong>nul-</strong></span> 
     </span>
    </p>
   </div>
   <div class='ocr_carea' id='block_1_33' title="bbox 360 2862 1961 2939">
    <p class='ocr_par' dir='ltr' id='par_1_33' title="bbox 360 2862 1961 2939">
     <span class='ocr_line' id='line_1_33' title="bbox 360 2862 1961 2939; baseline 0.004 -23"><span class='ocrx_word' id='word_1_247' title='bbox 360 2862 475 2917; x_wconf 90' lang='lat' dir='ltr'><strong>lam</strong></span> <span class='ocrx_word' id='word_1_248' title='bbox 507 2877 741 2934; x_wconf 87' lang='lat' dir='ltr'><strong>usquam</strong></span> <span class='ocrx_word' id='word_1_249' title='bbox 778 2863 1119 2919; x_wconf 89' lang='lat' dir='ltr'><strong>mentionem</strong></span> <span class='ocrx_word' id='word_1_250' title='bbox 1154 2865 1351 2921; x_wconf 89' lang='lat' dir='ltr'><strong>fecisse</strong></span> <span class='ocrx_word' id='word_1_251' title='bbox 1383 2868 1649 2937; x_wconf 83' lang='lat' dir='ltr'><strong>agnoscit.</strong></span> <span class='ocrx_word' id='word_1_252' title='bbox 1682 2867 1797 2939; x_wconf 88' lang='lat' dir='ltr'><strong>Ego</strong></span> <span class='ocrx_word' id='word_1_253' title='bbox 1825 2883 1961 2923; x_wconf 91' lang='lat' dir='ltr'><strong>vero</strong></span> 
     </span>
    </p>
   </div>
   <div class='ocr_carea' id='block_1_34' title="bbox 361 2953 1961 3030">
    <p class='ocr_par' dir='ltr' id='par_1_34' title="bbox 361 2953 1961 3030">
     <span class='ocr_line' id='line_1_34' title="bbox 361 2953 1961 3030; baseline 0.005 -22"><span class='ocrx_word' id='word_1_254' title='bbox 361 2953 433 3009; x_wconf 85' lang='lat' dir='ltr'><strong>ad</strong></span> <span class='ocrx_word' id='word_1_255' title='bbox 464 2954 615 3010; x_wconf 91' lang='lat' dir='ltr'><strong>hunc</strong></span> <span class='ocrx_word' id='word_1_256' title='bbox 646 2954 874 3009; x_wconf 91' lang='lat' dir='ltr'><strong>modum</strong></span> <span class='ocrx_word' id='word_1_257' title='bbox 909 2956 1106 3022; x_wconf 85' lang='lat' dir='ltr'><strong>scripsi</strong></span> <span class='ocrx_word' id='word_1_258' title='bbox 1141 2956 1442 3024; x_wconf 85' lang='lat' dir='ltr'><strong>:Quamvis</strong></span> <span class='ocrx_word' id='word_1_259' title='bbox 1475 2959 1716 3030; x_wconf 89' lang='lat' dir='ltr'><strong>synodus</strong></span> <span class='ocrx_word' id='word_1_260' title='bbox 1749 2960 1961 3016; x_wconf 74' lang='lat' dir='ltr'><strong>vocula:</strong></span> 
     </span>
    </p>
   </div>
   <div class='ocr_carea' id='block_1_35' title="bbox 364 3046 1960 3117">
    <p class='ocr_par' dir='ltr' id='par_1_35' title="bbox 364 3046 1960 3117">
     <span class='ocr_line' id='line_1_35' title="bbox 364 3046 1960 3117; baseline 0.003 -14"><span class='ocrx_word' id='word_1_261' title='bbox 364 3046 551 3115; x_wconf 91' lang='lat' dir='ltr'><strong>hujus,</strong></span> <span class='ocrx_word' id='word_1_262' title='bbox 582 3046 861 3117; x_wconf 69' lang='lat' dir='ltr'><strong>Deiparm,</strong></span> <span class='ocrx_word' id='word_1_263' title='bbox 899 3062 1012 3102; x_wconf 91' lang='lat' dir='ltr'><strong>non</strong></span> <span class='ocrx_word' id='word_1_264' title='bbox 1055 3049 1402 3117; x_wconf 91' lang='lat' dir='ltr'><strong>meminerit;</strong></span> <span class='ocrx_word' id='word_1_265' title='bbox 1451 3067 1563 3106; x_wconf 88' lang='lat' dir='ltr'><strong>non</strong></span> <span class='ocrx_word' id='word_1_266' title='bbox 1609 3050 1735 3107; x_wconf 92' lang='lat' dir='ltr'><strong>ideo</strong></span> <span class='ocrx_word' id='word_1_267' title='bbox 1775 3059 1960 3107; x_wconf 81' lang='lat' dir='ltr'><strong>tamen</strong></span> 
     </span>
    </p>
   </div>
   <div class='ocr_carea' id='block_1_36' title="bbox 361 3135 1961 3214">
    <p class='ocr_par' dir='ltr' id='par_1_36' title="bbox 361 3135 1961 3214">
     <span class='ocr_line' id='line_1_36' title="bbox 361 3135 1961 3214; baseline 0.007 -23"><span class='ocrx_word' id='word_1_268' title='bbox 361 3135 542 3192; x_wconf 78' lang='lat' dir='ltr'><strong>oﬂicio</strong></span> <span class='ocrx_word' id='word_1_269' title='bbox 579 3145 732 3194; x_wconf 86' lang='lat' dir='ltr'><strong>recte</strong></span> <span class='ocrx_word' id='word_1_270' title='bbox 770 3137 959 3194; x_wconf 82' lang='lat' dir='ltr'><strong>functa</strong></span> <span class='ocrx_word' id='word_1_271' title='bbox 1002 3154 1111 3194; x_wconf 90' lang='lat' dir='ltr'><strong>non</strong></span> <span class='ocrx_word' id='word_1_272' title='bbox 1143 3139 1284 3207; x_wconf 83' lang='lat' dir='ltr'><strong>fuit;</strong></span> <span class='ocrx_word' id='word_1_273' title='bbox 1320 3156 1422 3211; x_wconf 89' lang='lat' dir='ltr'><strong>per</strong></span> <span class='ocrx_word' id='word_1_274' title='bbox 1454 3141 1510 3197; x_wconf 91' lang='lat' dir='ltr'><strong>id</strong></span> <span class='ocrx_word' id='word_1_275' title='bbox 1548 3142 1698 3197; x_wconf 90' lang='lat' dir='ltr'><strong>enim</strong></span> <span class='ocrx_word' id='word_1_276' title='bbox 1741 3152 1961 3214; x_wconf 87' lang='lat' dir='ltr'><strong>tempus</strong></span> 
     </span>
    </p>
   </div>
   <div class='ocr_carea' id='block_1_37' title="bbox 360 3229 1959 3302">
    <p class='ocr_par' dir='ltr' id='par_1_37' title="bbox 360 3229 1959 3302">
     <span class='ocr_line' id='line_1_37' title="bbox 360 3229 1959 3302; baseline 0.004 -18"><span class='ocrx_word' id='word_1_277' title='bbox 360 3229 502 3285; x_wconf 88' lang='lat' dir='ltr'><strong>nihil</strong></span> <span class='ocrx_word' id='word_1_278' title='bbox 520 3230 793 3302; x_wconf 83' lang='lat' dir='ltr'><strong>ejusmodi</strong></span> <span class='ocrx_word' id='word_1_279' title='bbox 817 3229 874 3286; x_wconf 92' lang='lat' dir='ltr'><strong>in</strong></span> <span class='ocrx_word' id='word_1_280' title='bbox 896 3231 1334 3288; x_wconf 85' lang='lat' dir='ltr'><strong>controversiam</strong></span> <span class='ocrx_word' id='word_1_281' title='bbox 1355 3232 1756 3290; x_wconf 87' lang='lat' dir='ltr'><strong>adducebatur.</strong></span> <span class='ocrx_word' id='word_1_282' title='bbox 1775 3233 1959 3302; x_wconf 85' lang='lat' dir='ltr'><strong>Quare</strong></span> 
     </span>
    </p>
   </div>
   <div class='ocr_carea' id='block_1_38' title="bbox 360 3321 1958 3393">
    <p class='ocr_par' dir='ltr' id='par_1_38' title="bbox 360 3321 1958 3393">
     <span class='ocr_line' id='line_1_38' title="bbox 360 3321 1958 3393; baseline 0.002 -17"><span class='ocrx_word' id='word_1_283' title='bbox 360 3336 485 3391; x_wconf 69' lang='lat' dir='ltr'><strong>quae</strong></span> <span class='ocrx_word' id='word_1_284' title='bbox 525 3331 643 3377; x_wconf 92' lang='lat' dir='ltr'><strong>tum</strong></span> <span class='ocrx_word' id='word_1_285' title='bbox 681 3321 938 3393; x_wconf 88' lang='lat' dir='ltr'><strong>ambigua</strong></span> <span class='ocrx_word' id='word_1_286' title='bbox 971 3338 1084 3378; x_wconf 90' lang='lat' dir='ltr'><strong>non</strong></span> <span class='ocrx_word' id='word_1_287' title='bbox 1116 3322 1488 3389; x_wconf 90' lang='lat' dir='ltr'><strong>habebantur,</strong></span> <span class='ocrx_word' id='word_1_288' title='bbox 1516 3338 1582 3379; x_wconf 89' lang='lat' dir='ltr'><strong>ea</strong></span> <span class='ocrx_word' id='word_1_289' title='bbox 1617 3324 1673 3377; x_wconf 91' lang='lat' dir='ltr'><strong>in</strong></span> <span class='ocrx_word' id='word_1_290' title='bbox 1712 3324 1958 3379; x_wconf 90' lang='lat' dir='ltr'><strong>medium</strong></span> 
     </span>
    </p>
   </div>
   <div class='ocr_carea' id='block_1_39' title="bbox 361 3405 1954 3483">
    <p class='ocr_par' dir='ltr' id='par_1_39' title="bbox 361 3405 1954 3483">
     <span class='ocr_line' id='line_1_39' title="bbox 361 3405 1954 3483; baseline 0.006 -23"><span class='ocrx_word' id='word_1_291' title='bbox 361 3405 611 3476; x_wconf 75' lang='lat' dir='ltr'><strong>proferre</strong></span> <span class='ocrx_word' id='word_1_292' title='bbox 636 3408 849 3463; x_wconf 90' lang='lat' dir='ltr'><strong>nullum</strong></span> <span class='ocrx_word' id='word_1_293' title='bbox 876 3424 1060 3480; x_wconf 75' lang='lat' dir='ltr'><strong>opera:</strong></span> <span class='ocrx_word' id='word_1_294' title='bbox 1094 3410 1336 3480; x_wconf 89' lang='lat' dir='ltr'><strong>pretium</strong></span> <span class='ocrx_word' id='word_1_295' title='bbox 1371 3420 1511 3468; x_wconf 91' lang='lat' dir='ltr'><strong>erat.</strong></span> <span class='ocrx_word' id='word_1_296' title='bbox 1540 3412 1868 3483; x_wconf 86' lang='lat' dir='ltr'><strong>Quanquam</strong></span> <span class='ocrx_word' id='word_1_297' title='bbox 1906 3414 1954 3470; x_wconf 85' lang='lat' dir='ltr'><strong>si</strong></span> 
     </span>
    </p>
   </div>
   <div class='ocr_carea' id='block_1_40' title="bbox 2064 2288 3652 2381">
    <p class='ocr_par' dir='ltr' id='par_1_40' title="bbox 2064 2288 3652 2381">
     <span class='ocr_line' id='line_1_40' title="bbox 2064 2288 3652 2381; baseline -0.003 -19"><span class='ocrx_word' id='word_1_298' title='bbox 2064 2326 2222 2380; x_wconf 85' lang='grc' dir='ltr'>τερος</span> <span class='ocrx_word' id='word_1_299' title='bbox 2247 2305 2528 2377; x_wconf 83' lang='grc' dir='ltr'>συντυχὼν</span> <span class='ocrx_word' id='word_1_300' title='bbox 2543 2306 2673 2376; x_wconf 83' lang='grc' dir='ltr'>ὑμῖν</span> <span class='ocrx_word' id='word_1_301' title='bbox 2704 2288 3086 2376; x_wconf 78' lang='grc' dir='ltr'>προσεποιεῖτο</span> <span class='ocrx_word' id='word_1_302' title='bbox 3109 2302 3295 2376; x_wconf 78' lang='grc' dir='ltr'>ζητεῖν</span> <span class='ocrx_word' id='word_1_303' title='bbox 3321 2304 3415 2381; x_wconf 49' lang='grc' dir='ltr'><strong>καὶ</strong></span> <span class='ocrx_word' id='word_1_304' title='bbox 3446 2306 3652 2377; x_wconf 80' lang='grc' dir='ltr'>φιλίαν,</span> 
     </span>
    </p>
   </div>
   <div class='ocr_carea' id='block_1_41' title="bbox 2064 2396 3658 2471">
    <p class='ocr_par' dir='ltr' id='par_1_41' title="bbox 2064 2396 3658 2471">
     <span class='ocr_line' id='line_1_41' title="bbox 2064 2396 3658 2471; baseline -0.001 -17"><span class='ocrx_word' id='word_1_305' title='bbox 2064 2400 2161 2455; x_wconf 72' lang='grc' dir='ltr'>καὶ</span> <span class='ocrx_word' id='word_1_306' title='bbox 2195 2400 2446 2471; x_wconf 73' lang='grc' dir='ltr'>εἰρήνην,</span> <span class='ocrx_word' id='word_1_307' title='bbox 2478 2397 2573 2451; x_wconf 81' lang='grc' dir='ltr'>καὶ</span> <span class='ocrx_word' id='word_1_308' title='bbox 2605 2396 2816 2466; x_wconf 73' lang='grc' dir='ltr'>ἔλεγεν,</span> <span class='ocrx_word' id='word_1_309' title='bbox 2854 2396 2938 2451; x_wconf 81' lang='grc' dir='ltr'>ὅτι</span> <span class='ocrx_word' id='word_1_310' title='bbox 2970 2397 3061 2461; x_wconf 83' lang='grc' dir='ltr'>Ὠς</span> <span class='ocrx_word' id='word_1_311' title='bbox 3101 2396 3310 2470; x_wconf 79' lang='grc' dir='ltr'>ἔγραψε</span> <span class='ocrx_word' id='word_1_312' title='bbox 3342 2399 3455 2461; x_wconf 82' lang='grc' dir='ltr'>τοῖς</span> <span class='ocrx_word' id='word_1_313' title='bbox 3494 2399 3658 2468; x_wconf 85' lang='grc' dir='ltr'>μονά-</span> 
     </span>
    </p>
   </div>
   <div class='ocr_carea' id='block_1_42' title="bbox 2064 2483 3659 2560">
    <p class='ocr_par' dir='ltr' id='par_1_42' title="bbox 2064 2483 3659 2560">
     <span class='ocr_line' id='line_1_42' title="bbox 2064 2483 3659 2560; baseline -0.001 -14"><span class='ocrx_word' id='word_1_314' title='bbox 2064 2492 2270 2559; x_wconf 79' lang='grc' dir='ltr'>ζουσιν,</span> <span class='ocrx_word' id='word_1_315' title='bbox 2301 2490 2446 2544; x_wconf 75' lang='grc' dir='ltr'>οὕτω</span> <span class='ocrx_word' id='word_1_316' title='bbox 2469 2487 2796 2560; x_wconf 79' lang='grc' dir='ltr'>φρονοῦμεν.</span> <span class='ocrx_word' id='word_1_317' title='bbox 2824 2483 2961 2541; x_wconf 83' lang='grc' dir='ltr'>Εἶτα</span> <span class='ocrx_word' id='word_1_318' title='bbox 2978 2487 3113 2558; x_wconf 77' lang='grc' dir='ltr'>πρὸς</span> <span class='ocrx_word' id='word_1_319' title='bbox 3142 2488 3274 2542; x_wconf 73' lang='grc' dir='ltr'>ἴδιον</span> <span class='ocrx_word' id='word_1_320' title='bbox 3303 2489 3505 2543; x_wconf 78' lang='grc' dir='ltr'>σκοπὸν</span> <span class='ocrx_word' id='word_1_321' title='bbox 3536 2489 3659 2560; x_wconf 84' lang='grc' dir='ltr'><strong>βλέ-</strong></span> 
     </span>
    </p>
   </div>
   <div class='ocr_carea' id='block_1_43' title="bbox 2064 2578 3660 2653">
    <p class='ocr_par' dir='ltr' id='par_1_43' title="bbox 2064 2578 3660 2653">
     <span class='ocr_line' id='line_1_43' title="bbox 2064 2578 3660 2653; baseline -0.003 -16"><span class='ocrx_word' id='word_1_322' title='bbox 2064 2600 2203 2650; x_wconf 85' lang='grc' dir='ltr'><strong>πων,</strong></span> <span class='ocrx_word' id='word_1_323' title='bbox 2252 2582 2407 2652; x_wconf 76' lang='grc' dir='ltr'>ἕλεγε</span> <span class='ocrx_word' id='word_1_324' title='bbox 2444 2582 2574 2653; x_wconf 77' lang='grc' dir='ltr'>περὶ</span> <span class='ocrx_word' id='word_1_325' title='bbox 2611 2579 2772 2653; x_wconf 77' lang='grc' dir='ltr'>ἐμοῦ,</span> <span class='ocrx_word' id='word_1_326' title='bbox 2825 2579 2907 2633; x_wconf 84' lang='grc' dir='ltr'>ὅτι</span> <span class='ocrx_word' id='word_1_327' title='bbox 2940 2578 3051 2633; x_wconf 75' lang='grc' dir='ltr'><strong>Καὶ</strong></span> <span class='ocrx_word' id='word_1_328' title='bbox 3101 2578 3264 2644; x_wconf 83' lang='grc' dir='ltr'>αὐτὸς</span> <span class='ocrx_word' id='word_1_329' title='bbox 3319 2580 3509 2651; x_wconf 82' lang='grc' dir='ltr'>εἴρηκε</span> <span class='ocrx_word' id='word_1_330' title='bbox 3558 2579 3660 2651; x_wconf 77' lang='grc' dir='ltr'>τὴν</span> 
     </span>
    </p>
   </div>
   <div class='ocr_carea' id='block_1_44' title="bbox 2064 2666 3661 2745">
    <p class='ocr_par' dir='ltr' id='par_1_44' title="bbox 2064 2666 3661 2745">
     <span class='ocr_line' id='line_1_44' title="bbox 2064 2666 3661 2745; baseline -0.004 -13"><span class='ocrx_word' id='word_1_331' title='bbox 2064 2677 2227 2745; x_wconf 82' lang='grc' dir='ltr'>ἁγίαν</span> <span class='ocrx_word' id='word_1_332' title='bbox 2250 2674 2470 2729; x_wconf 86' lang='grc' dir='ltr'>σύνοδον</span> <span class='ocrx_word' id='word_1_333' title='bbox 2496 2673 2571 2744; x_wconf 83' lang='grc' dir='ltr'>μὴ</span> <span class='ocrx_word' id='word_1_334' title='bbox 2612 2671 2925 2744; x_wconf 84' lang='grc' dir='ltr'>μεμνῆσθαι</span> <span class='ocrx_word' id='word_1_335' title='bbox 2949 2671 3051 2742; x_wconf 85' lang='grc' dir='ltr'>τῆς</span> <span class='ocrx_word' id='word_1_336' title='bbox 3083 2671 3305 2737; x_wconf 77' lang='grc' dir='ltr'><strong>λέξεως,</strong></span> <span class='ocrx_word' id='word_1_337' title='bbox 3339 2666 3443 2743; x_wconf 81' lang='grc' dir='ltr'>τῆς</span> <span class='ocrx_word' id='word_1_338' title='bbox 3462 2670 3661 2727; x_wconf 84' lang='grc' dir='ltr'>Θεοτό-</span> 
     </span>
    </p>
   </div>
   <div class='ocr_carea' id='block_1_45' title="bbox 2063 2748 3650 2839">
    <p class='ocr_par' dir='ltr' id='par_1_45' title="bbox 2063 2748 3650 2839">
     <span class='ocr_line' id='line_1_45' title="bbox 2063 2748 3650 2839; baseline -0.001 -17"><span class='ocrx_word' id='word_1_339' title='bbox 2063 2786 2160 2822; x_wconf 87' lang='grc' dir='ltr'><strong>κου</strong></span> <span class='ocrx_word' id='word_1_340' title='bbox 2190 2767 2352 2839; x_wconf 79' lang='grc' dir='ltr'>φημί.</span> <span class='ocrx_word' id='word_1_341' title='bbox 2399 2766 2543 2836; x_wconf 84' lang='grc' dir='ltr'>Ἐγὼ</span> <span class='ocrx_word' id='word_1_342' title='bbox 2566 2767 2622 2821; x_wconf 80' lang='grc' dir='ltr'>δὲ</span> <span class='ocrx_word' id='word_1_343' title='bbox 2655 2767 2936 2837; x_wconf 82' lang='grc' dir='ltr'>γέγραφα,</span> <span class='ocrx_word' id='word_1_344' title='bbox 2968 2766 3051 2819; x_wconf 86' lang='grc' dir='ltr'>ὃτι</span> <span class='ocrx_word' id='word_1_345' title='bbox 3078 2765 3139 2818; x_wconf 78' lang='grc' dir='ltr'><strong>Εἰ</strong></span> <span class='ocrx_word' id='word_1_346' title='bbox 3162 2748 3367 2837; x_wconf 48' lang='grc' dir='ltr'>καὶίμὴ</span> <span class='ocrx_word' id='word_1_347' title='bbox 3401 2766 3650 2838; x_wconf 80' lang='grc' dir='ltr'>ἐμνήσθη</span> 
     </span>
    </p>
   </div>
   <div class='ocr_carea' id='block_1_46' title="bbox 2063 2857 3657 2934">
    <p class='ocr_par' dir='ltr' id='par_1_46' title="bbox 2063 2857 3657 2934">
     <span class='ocr_line' id='line_1_46' title="bbox 2063 2857 3657 2934; baseline 0.001 -20"><span class='ocrx_word' id='word_1_348' title='bbox 2063 2863 2097 2932; x_wconf 87' lang='grc' dir='ltr'><strong>ή</strong></span> <span class='ocrx_word' id='word_1_349' title='bbox 2143 2861 2360 2925; x_wconf 85' lang='grc' dir='ltr'>σύνοδος</span> <span class='ocrx_word' id='word_1_350' title='bbox 2400 2859 2501 2932; x_wconf 77' lang='grc' dir='ltr'>τῆς</span> <span class='ocrx_word' id='word_1_351' title='bbox 2544 2858 2765 2925; x_wconf 79' lang='grc' dir='ltr'>λέξεως,</span> <span class='ocrx_word' id='word_1_352' title='bbox 2798 2857 2983 2921; x_wconf 82' lang='grc' dir='ltr'>καλῶς</span> <span class='ocrx_word' id='word_1_353' title='bbox 3028 2858 3326 2930; x_wconf 77' lang='grc' dir='ltr'>ἐποίησεν·</span> <span class='ocrx_word' id='word_1_354' title='bbox 3370 2857 3494 2913; x_wconf 78' lang='grc' dir='ltr'>οὔτε</span> <span class='ocrx_word' id='word_1_355' title='bbox 3539 2858 3657 2934; x_wconf 79' lang='grc' dir='ltr'>γὰρ</span> 
     </span>
    </p>
   </div>
   <div class='ocr_carea' id='block_1_47' title="bbox 2063 2948 3657 3024">
    <p class='ocr_par' dir='ltr' id='par_1_47' title="bbox 2063 2948 3657 3024">
     <span class='ocr_line' id='line_1_47' title="bbox 2063 2948 3657 3024; baseline 0.001 -18"><span class='ocrx_word' id='word_1_356' title='bbox 2063 2952 2289 3024; x_wconf 78' lang='grc' dir='ltr'>ἐκινήθη</span> <span class='ocrx_word' id='word_1_357' title='bbox 2333 2950 2575 3006; x_wconf 83' lang='grc' dir='ltr'>τοιοῦτόν</span> <span class='ocrx_word' id='word_1_358' title='bbox 2608 2968 2658 3004; x_wconf 87' lang='grc' dir='ltr'><strong>τι</strong></span> <span class='ocrx_word' id='word_1_359' title='bbox 2691 2952 2814 3004; x_wconf 83' lang='grc' dir='ltr'>κατ’</span> <span class='ocrx_word' id='word_1_360' title='bbox 2846 2950 3023 3003; x_wconf 76' lang='grc' dir='ltr'>ἐκεῖνο</span> <span class='ocrx_word' id='word_1_361' title='bbox 3056 2948 3275 3019; x_wconf 80' lang='grc' dir='ltr'>καιροῦ.</span> <span class='ocrx_word' id='word_1_362' title='bbox 3309 2950 3404 3021; x_wconf 69' lang='lat' dir='ltr'><strong>Atii</strong></span> <span class='ocrx_word' id='word_1_363' title='bbox 3428 2950 3554 3006; x_wconf 74' lang='grc' dir='ltr'>οὔτε</span> <span class='ocrx_word' id='word_1_364' title='bbox 3578 2948 3657 3024; x_wconf 83' lang='grc' dir='ltr'>,ἦν</span> 
     </span>
    </p>
   </div>
   <div class='ocr_carea' id='block_1_48' title="bbox 2061 3028 3656 3116">
    <p class='ocr_par' dir='ltr' id='par_1_48' title="bbox 2061 3028 3656 3116">
     <span class='ocr_line' id='line_1_48' title="bbox 2061 3028 3656 3116; baseline -0.001 -17"><span class='ocrx_word' id='word_1_365' title='bbox 2061 3045 2277 3116; x_wconf 81' lang='grc' dir='ltr'>ἀνάγκη</span> <span class='ocrx_word' id='word_1_366' title='bbox 2309 3043 2383 3097; x_wconf 82' lang='grc' dir='ltr'>τὰ</span> <span class='ocrx_word' id='word_1_367' title='bbox 2427 3043 2503 3115; x_wconf 78' lang='grc' dir='ltr'>μὴ</span> <span class='ocrx_word' id='word_1_368' title='bbox 2540 3040 2852 3114; x_wconf 81' lang='grc' dir='ltr'>ζητούμενα</span> <span class='ocrx_word' id='word_1_369' title='bbox 2897 3028 3090 3113; x_wconf 77' lang='grc' dir='ltr'>φέρειν</span> <span class='ocrx_word' id='word_1_370' title='bbox 3124 3042 3205 3106; x_wconf 82' lang='grc' dir='ltr'><strong>είς</strong></span> <span class='ocrx_word' id='word_1_371' title='bbox 3237 3032 3427 3113; x_wconf 80' lang='grc' dir='ltr'>μέσον.</span> <span class='ocrx_word' id='word_1_372' title='bbox 3459 3044 3524 3097; x_wconf 82' lang='lat' dir='ltr'><strong>El</strong></span> <span class='ocrx_word' id='word_1_373' title='bbox 3559 3044 3656 3098; x_wconf 74' lang='grc' dir='ltr'>καὶ</span> 
     </span>
    </p>
   </div>
   <div class='ocr_carea' id='block_1_49' title="bbox 2060 3128 3656 3207">
    <p class='ocr_par' dir='ltr' id='par_1_49' title="bbox 2060 3128 3656 3207">
     <span class='ocr_line' id='line_1_49' title="bbox 2060 3128 3656 3207; baseline 0 -17"><span class='ocrx_word' id='word_1_374' title='bbox 2060 3136 2130 3190; x_wconf 82' lang='grc' dir='ltr'>τὰ</span> <span class='ocrx_word' id='word_1_375' title='bbox 2161 3135 2397 3207; x_wconf 84' lang='grc' dir='ltr'>μάλιστα</span> <span class='ocrx_word' id='word_1_376' title='bbox 2436 3137 2503 3206; x_wconf 79' lang='grc' dir='ltr'>τῇ</span> <span class='ocrx_word' id='word_1_377' title='bbox 2549 3132 2781 3205; x_wconf 85' lang='grc' dir='ltr'>δυνάμει</span> <span class='ocrx_word' id='word_1_378' title='bbox 2814 3132 2924 3188; x_wconf 87' lang='grc' dir='ltr'><strong>τῶν</strong></span> <span class='ocrx_word' id='word_1_379' title='bbox 2970 3131 3212 3202; x_wconf 77' lang='grc' dir='ltr'>ἐννοιῶν,</span> <span class='ocrx_word' id='word_1_380' title='bbox 3248 3128 3361 3188; x_wconf 75' lang='grc' dir='ltr'>οἵδε</span> <span class='ocrx_word' id='word_1_381' title='bbox 3392 3133 3656 3190; x_wconf 84' lang='grc' dir='ltr'>Θεοτόκον</span> 
     </span>
    </p>
   </div>
   <div class='ocr_carea' id='block_1_50' title="bbox 2059 3216 3656 3298">
    <p class='ocr_par' dir='ltr' id='par_1_50' title="bbox 2059 3216 3656 3298">
     <span class='ocr_line' id='line_1_50' title="bbox 2059 3216 3656 3298; baseline 0 -19"><span class='ocrx_word' id='word_1_382' title='bbox 2059 3226 2162 3298; x_wconf 78' lang='grc' dir='ltr'>τὴν</span> <span class='ocrx_word' id='word_1_383' title='bbox 2190 3226 2353 3294; x_wconf 75' lang='grc' dir='ltr'>ἁγίαν</span> <span class='ocrx_word' id='word_1_384' title='bbox 2378 3227 2598 3297; x_wconf 84' lang='grc' dir='ltr'>Μαρίαν</span> <span class='ocrx_word' id='word_1_385' title='bbox 2617 3226 2670 3265; x_wconf 73' lang='grc' dir='ltr'><strong>ε·</strong></span> <span class='ocrx_word' id='word_1_386' title='bbox 2710 3223 2872 3278; x_wconf 77' lang='grc' dir='ltr'>αὑτὸν</span> <span class='ocrx_word' id='word_1_387' title='bbox 2902 3223 3010 3293; x_wconf 81' lang='grc' dir='ltr'>γὰρ</span> <span class='ocrx_word' id='word_1_388' title='bbox 3031 3216 3183 3292; x_wconf 72' lang='grc' dir='ltr'>λέγεί</span> <span class='ocrx_word' id='word_1_389' title='bbox 3201 3222 3293 3276; x_wconf 75' lang='grc' dir='ltr'>τὸν</span> <span class='ocrx_word' id='word_1_390' title='bbox 3327 3224 3656 3295; x_wconf 84' lang='grc' dir='ltr'>γεννηθέντα</span> 
     </span>
    </p>
   </div>
   <div class='ocr_carea' id='block_1_51' title="bbox 2059 3307 3654 3386">
    <p class='ocr_par' dir='ltr' id='par_1_51' title="bbox 2059 3307 3654 3386">
     <span class='ocr_line' id='line_1_51' title="bbox 2059 3307 3654 3386; baseline -0.001 -16"><span class='ocrx_word' id='word_1_391' title='bbox 2059 3317 2127 3370; x_wconf 78' lang='grc' dir='ltr'><strong>ἐκ</strong></span> <span class='ocrx_word' id='word_1_392' title='bbox 2153 3315 2247 3369; x_wconf 83' lang='grc' dir='ltr'><strong>τοῦ</strong></span> <span class='ocrx_word' id='word_1_393' title='bbox 2287 3315 2519 3385; x_wconf 78' lang='grc' dir='ltr'>Πατρὸς,</span> <span class='ocrx_word' id='word_1_394' title='bbox 2551 3313 2644 3367; x_wconf 74' lang='grc' dir='ltr'><strong>τὸν</strong></span> <span class='ocrx_word' id='word_1_395' title='bbox 2664 3312 2731 3366; x_wconf 78' lang='grc' dir='ltr'>δι’</span> <span class='ocrx_word' id='word_1_396' title='bbox 2764 3307 2825 3367; x_wconf 82' lang='grc' dir='ltr'><strong>οῦ</strong></span> <span class='ocrx_word' id='word_1_397' title='bbox 2858 3312 2928 3365; x_wconf 86' lang='grc' dir='ltr'>τὰ</span> <span class='ocrx_word' id='word_1_398' title='bbox 2969 3312 3150 3367; x_wconf 87' lang='grc' dir='ltr'>πάντα</span> <span class='ocrx_word' id='word_1_399' title='bbox 3186 3313 3405 3385; x_wconf 79' lang='grc' dir='ltr'>ἐγένετο</span> <span class='ocrx_word' id='word_1_400' title='bbox 3439 3330 3654 3386; x_wconf 82' lang='grc' dir='ltr'>σαρκω-</span> 
     </span>
    </p>
   </div>
   <div class='ocr_carea' id='block_1_52' title="bbox 2061 3403 3655 3480">
    <p class='ocr_par' dir='ltr' id='par_1_52' title="bbox 2061 3403 3655 3480">
     <span class='ocr_line' id='line_1_52' title="bbox 2061 3403 3655 3480; baseline -0.001 -19"><span class='ocrx_word' id='word_1_401' title='bbox 2061 3406 2241 3480; x_wconf 83' lang='grc' dir='ltr'>θῆναι,</span> <span class='ocrx_word' id='word_1_402' title='bbox 2285 3405 2727 3478; x_wconf 79' lang='grc' dir='ltr'>ὲνανθρωπῆσαι,</span> <span class='ocrx_word' id='word_1_403' title='bbox 2749 3403 2968 3470; x_wconf 80' lang='grc' dir='ltr'>παθεῖν,</span> <span class='ocrx_word' id='word_1_404' title='bbox 2996 3403 3300 3475; x_wconf 83' lang='grc' dir='ltr'>ἀναστῆναι</span> <span class='ocrx_word' id='word_1_405' title='bbox 3325 3404 3390 3459; x_wconf 80' lang='grc' dir='ltr'>ἐκ</span> <span class='ocrx_word' id='word_1_406' title='bbox 3416 3405 3655 3476; x_wconf 84' lang='grc' dir='ltr'>νεκρῶν,</span> 
     </span>
    </p>
   </div>
   <div class='ocr_carea' id='block_1_53' title="bbox 361 3465 1964 3576">
    <p class='ocr_par' dir='ltr' id='par_1_53' title="bbox 361 3465 1954 3576">
     <span class='ocr_line' id='line_1_53' title="bbox 361 3465 1954 3576; baseline 0.003 -22"><span class='ocrx_word' id='word_1_407' title='bbox 361 3498 767 3554; x_wconf 83' lang='lat' dir='ltr'><strong>sententiarum</strong></span> <span class='ocrx_word' id='word_1_408' title='bbox 796 3465 1258 3571; x_wconf 49' lang='lat' dir='ltr'><strong>vim-expendere</strong></span> <span class='ocrx_word' id='word_1_409' title='bbox 1294 3501 1484 3569; x_wconf 90' lang='lat' dir='ltr'><strong>libeat,</strong></span> <span class='ocrx_word' id='word_1_410' title='bbox 1527 3465 1739 3558; x_wconf 75' lang='lat' dir='ltr'><strong>sacram</strong></span> <span class='ocrx_word' id='word_1_411' title='bbox 1773 3503 1954 3576; x_wconf 83' lang='lat' dir='ltr'><strong>Virgi-</strong></span> 
     </span>
    </p>
   </div>
   <div class='ocr_carea' id='block_1_54' title="bbox 2062 3465 3657 3576">
    <p class='ocr_par' dir='ltr' id='par_1_54' title="bbox 2062 3465 3657 3569">
     <span class='ocr_line' id='line_1_54' title="bbox 2062 3465 3657 3569; baseline -0.003 -14"><span class='ocrx_word' id='word_1_412' title='bbox 2062 3465 2304 3555; x_wconf 68' lang='grc' dir='ltr'>ἀνελθεῖν</span> <span class='ocrx_word' id='word_1_413' title='bbox 2338 3501 2419 3563; x_wconf 69' lang='grc' dir='ltr'><strong>εἰς</strong></span> <span class='ocrx_word' id='word_1_414' title='bbox 2449 3465 2742 3569; x_wconf 68' lang='grc' dir='ltr'>οὐρανοὺς,</span> <span class='ocrx_word' id='word_1_415' title='bbox 2772 3493 2925 3569; x_wconf 72' lang='grc' dir='ltr'>ἥξειν</span> <span class='ocrx_word' id='word_1_416' title='bbox 2953 3465 3018 3549; x_wconf 75' lang='grc' dir='ltr'>δὲ</span> <span class='ocrx_word' id='word_1_417' title='bbox 3062 3494 3159 3549; x_wconf 82' lang='grc' dir='ltr'><strong>καὶ</strong></span> <span class='ocrx_word' id='word_1_418' title='bbox 3193 3465 3403 3567; x_wconf 47' lang='grc' dir='ltr'>’κριτὴν</span> <span class='ocrx_word' id='word_1_419' title='bbox 3434 3465 3657 3560; x_wconf 67' lang='grc' dir='ltr'>ζώντωύ</span> 
     </span>
    </p>
   </div>
   <div class='ocr_carea' id='block_1_55' title="bbox 361 3584 1964 3665">
    <p class='ocr_par' dir='ltr' id='par_1_55' title="bbox 361 3589 1964 3665">
     <span class='ocr_line' id='line_1_55' title="bbox 361 3589 1964 3665; baseline 0.005 -20"><span class='ocrx_word' id='word_1_420' title='bbox 361 3604 490 3645; x_wconf 88' lang='lat' dir='ltr'><strong>nem</strong></span> <span class='ocrx_word' id='word_1_421' title='bbox 516 3589 808 3660; x_wconf 84' lang='lat' dir='ltr'><strong>Deiparam</strong></span> <span class='ocrx_word' id='word_1_422' title='bbox 832 3605 954 3647; x_wconf 89' lang='lat' dir='ltr'><strong>esse</strong></span> <span class='ocrx_word' id='word_1_423' title='bbox 976 3607 1329 3663; x_wconf 86' lang='lat' dir='ltr'><strong>nequaquam</strong></span> <span class='ocrx_word' id='word_1_424' title='bbox 1351 3592 1723 3649; x_wconf 85' lang='lat' dir='ltr'><strong>dissimulavit</strong></span> <span class='ocrx_word' id='word_1_425' title='bbox 1746 3612 1759 3647; x_wconf 91' lang='lat'><strong>:</strong></span> <span class='ocrx_word' id='word_1_426' title='bbox 1786 3610 1964 3665; x_wconf 86' lang='lat' dir='ltr'><strong>quan—</strong></span> 
     </span>
    </p>
   </div>
   <div class='ocr_carea' id='block_1_56' title="bbox 2062 3584 3656 3665">
    <p class='ocr_par' dir='ltr' id='par_1_56' title="bbox 2062 3584 3656 3659">
     <span class='ocr_line' id='line_1_56' title="bbox 2062 3584 3656 3659; baseline -0.005 -12"><span class='ocrx_word' id='word_1_427' title='bbox 2062 3594 2154 3647; x_wconf 75' lang='grc' dir='ltr'><strong>καὶ</strong></span> <span class='ocrx_word' id='word_1_428' title='bbox 2193 3589 2424 3659; x_wconf 84' lang='grc' dir='ltr'>νεκρῶν.</span> <span class='ocrx_word' id='word_1_429' title='bbox 2481 3589 2593 3643; x_wconf 69' lang='grc' dir='ltr'>Καὶ</span> <span class='ocrx_word' id='word_1_430' title='bbox 2624 3587 2722 3659; x_wconf 74' lang='grc' dir='ltr'><strong>οὐχ</strong></span> <span class='ocrx_word' id='word_1_431' title='bbox 2766 3589 2849 3642; x_wconf 76' lang='grc' dir='ltr'>ὅτι</span> <span class='ocrx_word' id='word_1_432' title='bbox 2897 3587 3115 3650; x_wconf 88' lang='grc' dir='ltr'>πάντως</span> <span class='ocrx_word' id='word_1_433' title='bbox 3160 3585 3323 3650; x_wconf 82' lang='grc' dir='ltr'>αὐτὸς</span> <span class='ocrx_word' id='word_1_434' title='bbox 3350 3584 3377 3639; x_wconf 84' lang='grc' dir='ltr'><strong>ὁ</strong></span> <span class='ocrx_word' id='word_1_435' title='bbox 3425 3589 3489 3639; x_wconf 80' lang='grc' dir='ltr'>ὲκ</span> <span class='ocrx_word' id='word_1_436' title='bbox 3514 3585 3656 3639; x_wconf 81' lang='grc' dir='ltr'>Θεοῦ</span> 
     </span>
    </p>
   </div>
   <div class='ocr_carea' id='block_1_57' title="bbox 332 3679 1956 3753">
    <p class='ocr_par' dir='ltr' id='par_1_57' title="bbox 332 3679 1956 3753">
     <span class='ocr_line' id='line_1_57' title="bbox 332 3679 1956 3753; baseline 0.004 -19"><span class='ocrx_word' id='word_1_437' title='bbox 332 3680 436 3734; x_wconf 70' lang='lat' dir='ltr'><strong>~do</strong></span> <span class='ocrx_word' id='word_1_438' title='bbox 462 3679 687 3751; x_wconf 87' lang='lat' dir='ltr'><strong>quidem</strong></span> <span class='ocrx_word' id='word_1_439' title='bbox 715 3679 871 3735; x_wconf 90' lang='lat' dir='ltr'><strong>illum</strong></span> <span class='ocrx_word' id='word_1_440' title='bbox 897 3680 1101 3751; x_wconf 89' lang='lat' dir='ltr'><strong>ipsum,</strong></span> <span class='ocrx_word' id='word_1_441' title='bbox 1129 3684 1225 3753; x_wconf 88' lang='lat' dir='ltr'><strong>qui</strong></span> <span class='ocrx_word' id='word_1_442' title='bbox 1246 3697 1315 3738; x_wconf 84' lang='lat' dir='ltr'><strong>ex</strong></span> <span class='ocrx_word' id='word_1_443' title='bbox 1338 3684 1452 3739; x_wconf 86' lang='lat' dir='ltr'><strong>Deo</strong></span> <span class='ocrx_word' id='word_1_444' title='bbox 1478 3684 1641 3739; x_wconf 90' lang='lat' dir='ltr'><strong>Patre</strong></span> <span class='ocrx_word' id='word_1_445' title='bbox 1666 3692 1829 3741; x_wconf 89' lang='lat' dir='ltr'><strong>natus</strong></span> <span class='ocrx_word' id='word_1_446' title='bbox 1850 3693 1956 3753; x_wconf 91' lang='lat' dir='ltr'><strong>est,</strong></span> 
     </span>
    </p>
   </div>
   <div class='ocr_carea' id='block_1_58' title="bbox 2057 3670 3651 3749">
    <p class='ocr_par' dir='ltr' id='par_1_58' title="bbox 2057 3670 3651 3749">
     <span class='ocr_line' id='line_1_58' title="bbox 2057 3670 3651 3749; baseline -0.007 -15"><span class='ocrx_word' id='word_1_447' title='bbox 2057 3679 2205 3735; x_wconf 75' lang='grc' dir='ltr'>κατὰ</span> <span class='ocrx_word' id='word_1_448' title='bbox 2227 3679 2391 3749; x_wconf 87' lang='grc' dir='ltr'>φύσιν</span> <span class='ocrx_word' id='word_1_449' title='bbox 2417 3675 2701 3747; x_wconf 76' lang='grc' dir='ltr'>γεννηθεὶς</span> <span class='ocrx_word' id='word_1_450' title='bbox 2721 3674 2918 3744; x_wconf 82' lang='grc' dir='ltr'>Λόγος,</span> <span class='ocrx_word' id='word_1_451' title='bbox 2948 3673 3244 3736; x_wconf 76' lang='grc' dir='ltr'>ἀπέθανεν,</span> <span class='ocrx_word' id='word_1_452' title='bbox 3278 3672 3311 3743; x_wconf 79' lang='grc' dir='ltr'>ἢ</span> <span class='ocrx_word' id='word_1_453' title='bbox 3344 3670 3546 3741; x_wconf 81' lang='grc' dir='ltr'>ὲνύχθη</span> <span class='ocrx_word' id='word_1_454' title='bbox 3580 3672 3651 3741; x_wconf 81' lang='grc' dir='ltr'>τῇ</span> 
     </span>
    </p>
   </div>
   <div class='ocr_carea' id='block_1_59' title="bbox 359 3761 1964 3845">
    <p class='ocr_par' dir='ltr' id='par_1_59' title="bbox 359 3771 1958 3842">
     <span class='ocr_line' id='line_1_59' title="bbox 359 3771 1958 3842; baseline 0.004 -16"><span class='ocrx_word' id='word_1_455' title='bbox 359 3786 464 3842; x_wconf 88' lang='lat' dir='ltr'><strong>per</strong></span> <span class='ocrx_word' id='word_1_456' title='bbox 480 3785 646 3841; x_wconf 90' lang='lat' dir='ltr'><strong>quem</strong></span> <span class='ocrx_word' id='word_1_457' title='bbox 670 3771 813 3828; x_wconf 83' lang='lat' dir='ltr'><strong>facta</strong></span> <span class='ocrx_word' id='word_1_458' title='bbox 837 3781 968 3828; x_wconf 91' lang='lat' dir='ltr'><strong>sunt</strong></span> <span class='ocrx_word' id='word_1_459' title='bbox 985 3773 1189 3841; x_wconf 90' lang='lat' dir='ltr'><strong>omnia,</strong></span> <span class='ocrx_word' id='word_1_460' title='bbox 1227 3773 1574 3831; x_wconf 88' lang='lat' dir='ltr'><strong>incarnatum</strong></span> <span class='ocrx_word' id='word_1_461' title='bbox 1596 3784 1654 3832; x_wconf 86' lang='lat' dir='ltr'><strong>et</strong></span> <span class='ocrx_word' id='word_1_462' title='bbox 1676 3776 1958 3832; x_wconf 91' lang='lat' dir='ltr'><strong>hominem</strong></span> 
     </span>
    </p>
   </div>
   <div class='ocr_carea' id='block_1_60' title="bbox 2062 3761 3649 3845">
    <p class='ocr_par' dir='ltr' id='par_1_60' title="bbox 2062 3761 3649 3845">
     <span class='ocr_line' id='line_1_60' title="bbox 2062 3761 3649 3845; baseline -0.008 -19"><span class='ocrx_word' id='word_1_463' title='bbox 2062 3773 2230 3845; x_wconf 78' lang='grc' dir='ltr'>λόγχῃ</span> <span class='ocrx_word' id='word_1_464' title='bbox 2266 3772 2347 3834; x_wconf 81' lang='grc' dir='ltr'><strong>εἰς</strong></span> <span class='ocrx_word' id='word_1_465' title='bbox 2391 3769 2494 3840; x_wconf 77' lang='grc' dir='ltr'><strong>τὴν</strong></span> <span class='ocrx_word' id='word_1_466' title='bbox 2545 3766 2811 3838; x_wconf 84' lang='grc' dir='ltr'>πλευράν.</span> <span class='ocrx_word' id='word_1_467' title='bbox 2838 3765 3019 3820; x_wconf 81' lang='grc' dir='ltr'>-Ποίαν</span> <span class='ocrx_word' id='word_1_468' title='bbox 3066 3764 3177 3836; x_wconf 84' lang='grc' dir='ltr'><strong>γὰρ</strong></span> <span class='ocrx_word' id='word_1_469' title='bbox 3211 3763 3348 3833; x_wconf 81' lang='grc' dir='ltr'>ἔχει,</span> <span class='ocrx_word' id='word_1_470' title='bbox 3379 3761 3504 3815; x_wconf 84' lang='grc' dir='ltr'><strong>εἰπὲ</strong></span> <span class='ocrx_word' id='word_1_471' title='bbox 3537 3780 3649 3833; x_wconf 89' lang='grc' dir='ltr'>μοι,</span> 
     </span>
    </p>
   </div>
   <div class='ocr_carea' id='block_1_61' title="bbox 362 3853 1964 3939">
    <p class='ocr_par' dir='ltr' id='par_1_61' title="bbox 362 3861 1964 3937">
     <span class='ocr_line' id='line_1_61' title="bbox 362 3861 1964 3937; baseline 0.003 -20"><span class='ocrx_word' id='word_1_472' title='bbox 362 3861 597 3929; x_wconf 77' lang='lat' dir='ltr'><strong>factum,</strong></span> <span class='ocrx_word' id='word_1_473' title='bbox 646 3871 883 3920; x_wconf 89' lang='lat' dir='ltr'><strong>mortem</strong></span> <span class='ocrx_word' id='word_1_474' title='bbox 926 3864 1058 3921; x_wconf 89' lang='lat' dir='ltr'><strong>item</strong></span> <span class='ocrx_word' id='word_1_475' title='bbox 1105 3880 1461 3937; x_wconf 86' lang='lat' dir='ltr'><strong>perpessum,</strong></span> <span class='ocrx_word' id='word_1_476' title='bbox 1511 3874 1570 3923; x_wconf 88' lang='lat' dir='ltr'><strong>et</strong></span> <span class='ocrx_word' id='word_1_477' title='bbox 1612 3883 1682 3923; x_wconf 82' lang='lat' dir='ltr'><strong>ex</strong></span> <span class='ocrx_word' id='word_1_478' title='bbox 1723 3866 1964 3922; x_wconf 85' lang='lat' dir='ltr'><strong>mortuis</strong></span> 
     </span>
    </p>
   </div>
   <div class='ocr_carea' id='block_1_62' title="bbox 2062 3853 3651 3939">
    <p class='ocr_par' dir='ltr' id='par_1_62' title="bbox 2062 3853 3651 3939">
     <span class='ocr_line' id='line_1_62' title="bbox 2062 3853 3651 3939; baseline 0.001 -23"><span class='ocrx_word' id='word_1_479' title='bbox 2062 3862 2304 3933; x_wconf 84' lang='grc' dir='ltr'>πλευρὰν</span> <span class='ocrx_word' id='word_1_480' title='bbox 2325 3861 2388 3914; x_wconf 77' lang='grc' dir='ltr'>τὸ</span> <span class='ocrx_word' id='word_1_481' title='bbox 2414 3858 2738 3931; x_wconf 82' lang='grc' dir='ltr'>άσώματον;</span> <span class='ocrx_word' id='word_1_482' title='bbox 2866 3858 2984 3921; x_wconf 90' lang='grc' dir='ltr'><strong>πῶς</strong></span> <span class='ocrx_word' id='word_1_483' title='bbox 3039 3858 3106 3912; x_wconf 77' lang='grc' dir='ltr'><strong>ἂν</strong></span> <span class='ocrx_word' id='word_1_484' title='bbox 3131 3855 3400 3910; x_wconf 80' lang='grc' dir='ltr'>ἀπέθανεν</span> <span class='ocrx_word' id='word_1_485' title='bbox 3428 3855 3462 3925; x_wconf 75' lang='grc' dir='ltr'><strong>ἡ</strong></span> <span class='ocrx_word' id='word_1_486' title='bbox 3498 3853 3609 3925; x_wconf 72' lang='grc' dir='ltr'><strong>ζωή</strong></span> <span class='ocrx_word' id='word_1_487' title='bbox 3632 3866 3651 3920; x_wconf 69' lang='grc' dir='ltr'><em>ἲ</em></span> 
     </span>
    </p>
   </div>
   <div class='ocr_carea' id='block_1_63' title="bbox 361 3952 1961 4028">
    <p class='ocr_par' dir='ltr' id='par_1_63' title="bbox 361 3952 1961 4028">
     <span class='ocr_line' id='line_1_63' title="bbox 361 3952 1961 4028; baseline 0.004 -21"><span class='ocrx_word' id='word_1_488' title='bbox 361 3952 749 4023; x_wconf 86' lang='lat' dir='ltr'><strong>resuscitatum</strong></span> <span class='ocrx_word' id='word_1_489' title='bbox 776 3954 844 4011; x_wconf 89' lang='lat' dir='ltr'><strong>ad</strong></span> <span class='ocrx_word' id='word_1_490' title='bbox 875 3955 1046 4012; x_wconf 75' lang='lat' dir='ltr'><strong>cmlos</strong></span> <span class='ocrx_word' id='word_1_491' title='bbox 1074 3956 1411 4022; x_wconf 87' lang='lat' dir='ltr'><strong>ascendisse,</strong></span> <span class='ocrx_word' id='word_1_492' title='bbox 1435 3956 1689 4012; x_wconf 87' lang='lat' dir='ltr'><strong>vivorum</strong></span> <span class='ocrx_word' id='word_1_493' title='bbox 1716 3957 1961 4028; x_wconf 87' lang='lat' dir='ltr'><strong>denique</strong></span> 
     </span>
    </p>
   </div>
   <div class='ocr_carea' id='block_1_64' title="bbox 2071 3940 3649 4035">
    <p class='ocr_par' dir='ltr' id='par_1_64' title="bbox 2071 3940 3649 4035">
     <span class='ocr_line' id='line_1_64' title="bbox 2071 3940 3649 4035; baseline -0.004 -30"><span class='ocrx_word' id='word_1_494' title='bbox 2071 3940 2324 4035; x_wconf 54' lang='lat' dir='ltr'><strong>almae:</strong></span> <span class='ocrx_word' id='word_1_495' title='bbox 2357 3951 2582 4015; x_wconf 74' lang='grc' dir='ltr'>ἑνωθεὶς</span> <span class='ocrx_word' id='word_1_496' title='bbox 2621 3953 2688 4022; x_wconf 78' lang='grc' dir='ltr'>τῇ</span> <span class='ocrx_word' id='word_1_497' title='bbox 2737 3950 2925 4022; x_wconf 74' lang='grc' dir='ltr'>σαρκὶ,</span> <span class='ocrx_word' id='word_1_498' title='bbox 2958 3946 3081 4003; x_wconf 76' lang='grc' dir='ltr'>εἶτα</span> <span class='ocrx_word' id='word_1_499' title='bbox 3104 3946 3428 4019; x_wconf 86' lang='grc' dir='ltr'>πασχούσης</span> <span class='ocrx_word' id='word_1_500' title='bbox 3449 3945 3649 4027; x_wconf 82' lang='grc' dir='ltr'>αὐτῆς,</span> 
     </span>
    </p>
   </div>
   <div class='ocr_carea' id='block_1_65' title="bbox 361 4037 1964 4119">
    <p class='ocr_par' dir='ltr' id='par_1_65' title="bbox 361 4047 1956 4119">
     <span class='ocr_line' id='line_1_65' title="bbox 361 4047 1956 4119; baseline 0.002 -20"><span class='ocrx_word' id='word_1_501' title='bbox 361 4057 427 4099; x_wconf 81' lang='lat' dir='ltr'><strong>ac</strong></span> <span class='ocrx_word' id='word_1_502' title='bbox 459 4054 811 4101; x_wconf 87' lang='lat' dir='ltr'><strong>mortuorum</strong></span> <span class='ocrx_word' id='word_1_503' title='bbox 830 4047 1073 4119; x_wconf 88' lang='lat' dir='ltr'><strong>judieem</strong></span> <span class='ocrx_word' id='word_1_504' title='bbox 1103 4048 1236 4104; x_wconf 91' lang='lat' dir='ltr'><strong>olim</strong></span> <span class='ocrx_word' id='word_1_505' title='bbox 1267 4057 1565 4103; x_wconf 86' lang='lat' dir='ltr'><strong>venturum</strong></span> <span class='ocrx_word' id='word_1_506' title='bbox 1589 4062 1712 4105; x_wconf 87' lang='lat' dir='ltr'><strong>esse</strong></span> <span class='ocrx_word' id='word_1_507' title='bbox 1740 4050 1956 4104; x_wconf 86' lang='lat' dir='ltr'><strong>asserit.</strong></span> 
     </span>
    </p>
   </div>
   <div class='ocr_carea' id='block_1_66' title="bbox 2062 4037 3655 4119">
    <p class='ocr_par' dir='ltr' id='par_1_66' title="bbox 2062 4037 3655 4113">
     <span class='ocr_line' id='line_1_66' title="bbox 2062 4037 3655 4113; baseline -0.006 -13"><span class='ocrx_word' id='word_1_508' title='bbox 2062 4045 2132 4110; x_wconf 81' lang='grc' dir='ltr'>ὥς</span> <span class='ocrx_word' id='word_1_509' title='bbox 2165 4045 2261 4099; x_wconf 86' lang='grc' dir='ltr'><strong>τοῦ</strong></span> <span class='ocrx_word' id='word_1_510' title='bbox 2316 4043 2449 4098; x_wconf 77' lang='grc' dir='ltr'>ἰδίου</span> <span class='ocrx_word' id='word_1_511' title='bbox 2483 4043 2785 4113; x_wconf 79' lang='grc' dir='ltr'>πάσχοντος</span> <span class='ocrx_word' id='word_1_512' title='bbox 2812 4041 3087 4112; x_wconf 83' lang='grc' dir='ltr'>σώματος,</span> <span class='ocrx_word' id='word_1_513' title='bbox 3112 4038 3276 4103; x_wconf 77' lang='grc' dir='ltr'>αὐτὸς</span> <span class='ocrx_word' id='word_1_514' title='bbox 3308 4037 3449 4107; x_wconf 86' lang='grc' dir='ltr'>πρὸς</span> <span class='ocrx_word' id='word_1_515' title='bbox 3488 4037 3655 4091; x_wconf 84' lang='grc' dir='ltr'>αὑτὸν</span> 
     </span>
    </p>
   </div>
   <div class='ocr_carea' id='block_1_67' title="bbox 362 4130 1964 4207">
    <p class='ocr_par' dir='ltr' id='par_1_67' title="bbox 362 4133 1963 4207">
     <span class='ocr_line' id='line_1_67' title="bbox 362 4133 1963 4207; baseline 0.003 -17"><span class='ocrx_word' id='word_1_516' title='bbox 362 4133 482 4190; x_wconf 83' lang='lat' dir='ltr'><strong>Non</strong></span> <span class='ocrx_word' id='word_1_517' title='bbox 517 4136 667 4207; x_wconf 90' lang='lat' dir='ltr'><strong>quod</strong></span> <span class='ocrx_word' id='word_1_518' title='bbox 705 4139 959 4194; x_wconf 88' lang='lat' dir='ltr'><strong>naturale</strong></span> <span class='ocrx_word' id='word_1_519' title='bbox 1002 4139 1101 4196; x_wconf 92' lang='lat' dir='ltr'><strong>Dei</strong></span> <span class='ocrx_word' id='word_1_520' title='bbox 1143 4141 1389 4197; x_wconf 79' lang='lat' dir='ltr'><strong>Verbum</strong></span> <span class='ocrx_word' id='word_1_521' title='bbox 1429 4140 1735 4195; x_wconf 86' lang='lat' dir='ltr'><strong>secundum</strong></span> <span class='ocrx_word' id='word_1_522' title='bbox 1767 4154 1826 4195; x_wconf 88' lang='lat' dir='ltr'><strong>se</strong></span> <span class='ocrx_word' id='word_1_523' title='bbox 1867 4147 1963 4195; x_wconf 88' lang='lat' dir='ltr'><strong>aut</strong></span> 
     </span>
    </p>
   </div>
   <div class='ocr_carea' id='block_1_68' title="bbox 2062 4130 3650 4207">
    <p class='ocr_par' dir='ltr' id='par_1_68' title="bbox 2062 4130 3650 4205">
     <span class='ocr_line' id='line_1_68' title="bbox 2062 4130 3650 4205; baseline -0.008 -10"><span class='ocrx_word' id='word_1_524' title='bbox 2062 4138 2355 4195; x_wconf 70' lang='grc' dir='ltr'>οἰκειοῦται</span> <span class='ocrx_word' id='word_1_525' title='bbox 2395 4137 2460 4191; x_wconf 79' lang='grc' dir='ltr'><strong>τὸ</strong></span> <span class='ocrx_word' id='word_1_526' title='bbox 2496 4135 2689 4199; x_wconf 84' lang='grc' dir='ltr'>πάθος.</span> <span class='ocrx_word' id='word_1_527' title='bbox 2721 4134 3079 4205; x_wconf 77' lang='grc' dir='ltr'>Σοφιζόμενοι</span> <span class='ocrx_word' id='word_1_528' title='bbox 3114 4132 3317 4198; x_wconf 82' lang='grc' dir='ltr'>τοίνυν,</span> <span class='ocrx_word' id='word_1_529' title='bbox 3358 4130 3454 4186; x_wconf 75' lang='grc' dir='ltr'>καὶ</span> <span class='ocrx_word' id='word_1_530' title='bbox 3503 4132 3650 4187; x_wconf 83' lang='grc' dir='ltr'>ἀπα-</span> 
     </span>
    </p>
   </div>
   <div class='ocr_carea' id='block_1_69' title="bbox 364 4228 1964 4302">
    <p class='ocr_par' dir='ltr' id='par_1_69' title="bbox 364 4229 1960 4302">
     <span class='ocr_line' id='line_1_69' title="bbox 364 4229 1960 4302; baseline 0.003 -18"><span class='ocrx_word' id='word_1_531' title='bbox 364 4237 643 4285; x_wconf 85' lang='lat' dir='ltr'><strong>mortuum</strong></span> <span class='ocrx_word' id='word_1_532' title='bbox 679 4237 777 4286; x_wconf 89' lang='lat' dir='ltr'><strong>aut</strong></span> <span class='ocrx_word' id='word_1_533' title='bbox 815 4229 1005 4288; x_wconf 86' lang='lat' dir='ltr'><strong>lancea</strong></span> <span class='ocrx_word' id='word_1_534' title='bbox 1046 4232 1104 4287; x_wconf 89' lang='lat' dir='ltr'><strong>in</strong></span> <span class='ocrx_word' id='word_1_535' title='bbox 1147 4230 1320 4287; x_wconf 84' lang='lat' dir='ltr'><strong>latere</strong></span> <span class='ocrx_word' id='word_1_536' title='bbox 1360 4230 1589 4289; x_wconf 90' lang='lat' dir='ltr'><strong>omnino</strong></span> <span class='ocrx_word' id='word_1_537' title='bbox 1631 4245 1960 4302; x_wconf 87' lang='lat' dir='ltr'><strong>percussum</strong></span> 
     </span>
    </p>
   </div>
   <div class='ocr_carea' id='block_1_70' title="bbox 2062 4228 3053 4302">
    <p class='ocr_par' dir='ltr' id='par_1_70' title="bbox 2062 4228 3053 4296">
     <span class='ocr_line' id='line_1_70' title="bbox 2062 4228 3053 4296; baseline -0.005 -10"><span class='ocrx_word' id='word_1_538' title='bbox 2062 4233 2264 4295; x_wconf 86' lang='grc' dir='ltr'>τῶντες</span> <span class='ocrx_word' id='word_1_539' title='bbox 2293 4230 2539 4294; x_wconf 80' lang='grc' dir='ltr'>ἑαυτοὺς,</span> <span class='ocrx_word' id='word_1_540' title='bbox 2575 4229 2751 4282; x_wconf 87' lang='grc' dir='ltr'>ταῦτα</span> <span class='ocrx_word' id='word_1_541' title='bbox 2779 4228 3053 4296; x_wconf 81' lang='grc' dir='ltr'>λέγουσιν.</span> 
     </span>
    </p>
   </div>
   <div class='ocr_carea' id='block_1_71' title="bbox 360 4306 3653 4397">
    <p class='ocr_par' dir='ltr' id='par_1_71' title="bbox 360 4306 3653 4397">
     <span class='ocr_line' id='line_1_71' title="bbox 360 4306 3653 4397; baseline -0.001 -22"><span class='ocrx_word' id='word_1_542' title='bbox 360 4318 451 4375; x_wconf 83' lang='lat' dir='ltr'><strong>sit.</strong></span> <span class='ocrx_word' id='word_1_543' title='bbox 488 4319 627 4376; x_wconf 86' lang='lat' dir='ltr'><strong>Nam</strong></span> <span class='ocrx_word' id='word_1_544' title='bbox 662 4320 845 4392; x_wconf 87' lang='lat' dir='ltr'><strong>quale,</strong></span> <span class='ocrx_word' id='word_1_545' title='bbox 888 4320 980 4378; x_wconf 91' lang='lat' dir='ltr'><strong>dic</strong></span> <span class='ocrx_word' id='word_1_546' title='bbox 1024 4323 1185 4385; x_wconf 87' lang='lat' dir='ltr'><strong>mihi.</strong></span> <span class='ocrx_word' id='word_1_547' title='bbox 1232 4323 1378 4380; x_wconf 90' lang='lat' dir='ltr'><strong>latus</strong></span> <span class='ocrx_word' id='word_1_548' title='bbox 1447 4322 1655 4378; x_wconf 88' lang='lat' dir='ltr'><strong>habere</strong></span> <span class='ocrx_word' id='word_1_549' title='bbox 1690 4321 1749 4378; x_wconf 91' lang='lat' dir='ltr'><strong>id</strong></span> <span class='ocrx_word' id='word_1_550' title='bbox 1780 4332 1985 4393; x_wconf 84' lang='lat' dir='ltr'><strong>potest,</strong></span> <span class='ocrx_word' id='word_1_551' title='bbox 2026 4322 2177 4394; x_wconf 87' lang='lat' dir='ltr'><strong>quod</strong></span> <span class='ocrx_word' id='word_1_552' title='bbox 2224 4306 2502 4392; x_wconf 76' lang='lat' dir='ltr'><strong>corporis</strong></span> <span class='ocrx_word' id='word_1_553' title='bbox 2543 4335 2745 4390; x_wconf 81' lang='lat' dir='ltr'><strong>expers</strong></span> <span class='ocrx_word' id='word_1_554' title='bbox 2787 4319 2908 4375; x_wconf 87' lang='lat' dir='ltr'><strong>est?</strong></span> <span class='ocrx_word' id='word_1_555' title='bbox 2945 4327 3043 4373; x_wconf 90' lang='lat' dir='ltr'><strong>aut</strong></span> <span class='ocrx_word' id='word_1_556' title='bbox 3084 4317 3191 4389; x_wconf 79' lang='lat'><strong>33</strong></span> <span class='ocrx_word' id='word_1_557' title='bbox 3228 4316 3507 4393; x_wconf 88' lang='lat' dir='ltr'><strong>quomodo</strong></span> <span class='ocrx_word' id='word_1_558' title='bbox 3540 4316 3653 4397; x_wconf 81' lang='lat' dir='ltr'><strong>vita</strong></span> 
     </span>
    </p>
   </div>
   <div class='ocr_carea' id='block_1_72' title="bbox 363 4410 3651 4495">
    <p class='ocr_par' dir='ltr' id='par_1_72' title="bbox 363 4410 3651 4495">
     <span class='ocr_line' id='line_1_72' title="bbox 363 4410 3651 4495; baseline 0 -31"><span class='ocrx_word' id='word_1_559' title='bbox 363 4425 480 4480; x_wconf 74' lang='lat' dir='ltr'><strong>ipsa</strong></span> <span class='ocrx_word' id='word_1_560' title='bbox 515 4417 736 4468; x_wconf 87' lang='lat' dir='ltr'><strong>mortua</strong></span> <span class='ocrx_word' id='word_1_561' title='bbox 762 4412 885 4468; x_wconf 73' lang='lat' dir='ltr'><strong>est?</strong></span> <span class='ocrx_word' id='word_1_562' title='bbox 920 4413 994 4469; x_wconf 79' lang='lat' dir='ltr'><strong>At</strong></span> <span class='ocrx_word' id='word_1_563' title='bbox 1028 4415 1159 4486; x_wconf 89' lang='lat' dir='ltr'><strong>quia</strong></span> <span class='ocrx_word' id='word_1_564' title='bbox 1184 4415 1429 4472; x_wconf 80' lang='lat' dir='ltr'><strong>Verbum</strong></span> <span class='ocrx_word' id='word_1_565' title='bbox 1468 4416 1623 4473; x_wconf 89' lang='lat' dir='ltr'><strong>carni</strong></span> <span class='ocrx_word' id='word_1_566' title='bbox 1686 4433 1746 4473; x_wconf 91' lang='lat' dir='ltr'><strong>se</strong></span> <span class='ocrx_word' id='word_1_567' title='bbox 1814 4416 2016 4484; x_wconf 87' lang='lat' dir='ltr'><strong>univit,</strong></span> <span class='ocrx_word' id='word_1_568' title='bbox 2049 4417 2256 4474; x_wconf 79' lang='lat' dir='ltr'><strong>factum</strong></span> <span class='ocrx_word' id='word_1_569' title='bbox 2277 4423 2363 4473; x_wconf 86' lang='lat' dir='ltr'><strong>est</strong></span> <span class='ocrx_word' id='word_1_570' title='bbox 2384 4422 2466 4481; x_wconf 90' lang='lat' dir='ltr'><strong>ut,</strong></span> <span class='ocrx_word' id='word_1_571' title='bbox 2492 4430 2659 4495; x_wconf 83' lang='lat' dir='ltr'><strong>carne</strong></span> <span class='ocrx_word' id='word_1_572' title='bbox 2678 4412 2945 4491; x_wconf 85' lang='lat' dir='ltr'><strong>patiente,</strong></span> <span class='ocrx_word' id='word_1_573' title='bbox 2975 4410 3235 4483; x_wconf 81' lang='lat' dir='ltr'><strong>tanquam</strong></span> <span class='ocrx_word' id='word_1_574' title='bbox 3260 4410 3492 4481; x_wconf 91' lang='lat' dir='ltr'><strong>proprio</strong></span> <span class='ocrx_word' id='word_1_575' title='bbox 3526 4425 3651 4466; x_wconf 84' lang='lat' dir='ltr'><strong>cor-</strong></span> 
     </span>
    </p>
   </div>
   <div class='ocr_carea' id='block_1_73' title="bbox 362 4502 3656 4583">
    <p class='ocr_par' dir='ltr' id='par_1_73' title="bbox 362 4502 3656 4583">
     <span class='ocr_line' id='line_1_73' title="bbox 362 4502 3656 4583; baseline 0.002 -26"><span class='ocrx_word' id='word_1_576' title='bbox 362 4517 496 4574; x_wconf 88' lang='lat' dir='ltr'><strong>pore</strong></span> <span class='ocrx_word' id='word_1_577' title='bbox 533 4502 841 4559; x_wconf 86' lang='lat' dir='ltr'><strong>crueiatum</strong></span> <span class='ocrx_word' id='word_1_578' title='bbox 886 4505 1182 4574; x_wconf 87' lang='lat' dir='ltr'><strong>subeunte,</strong></span> <span class='ocrx_word' id='word_1_579' title='bbox 1215 4508 1397 4578; x_wconf 89' lang='lat' dir='ltr'><strong>ipsum</strong></span> <span class='ocrx_word' id='word_1_580' title='bbox 1448 4510 1693 4566; x_wconf 80' lang='lat' dir='ltr'><strong>Verbum</strong></span> <span class='ocrx_word' id='word_1_581' title='bbox 1729 4511 1981 4581; x_wconf 85' lang='lat' dir='ltr'><strong>corporis</strong></span> <span class='ocrx_word' id='word_1_582' title='bbox 2016 4511 2430 4582; x_wconf 88' lang='lat' dir='ltr'><strong>perpessionem</strong></span> <span class='ocrx_word' id='word_1_583' title='bbox 2468 4509 2551 4566; x_wconf 91' lang='lat' dir='ltr'><strong>uti</strong></span> <span class='ocrx_word' id='word_1_584' title='bbox 2589 4509 2868 4581; x_wconf 88' lang='lat' dir='ltr'><strong>propriam</strong></span> <span class='ocrx_word' id='word_1_585' title='bbox 2914 4509 2971 4564; x_wconf 91' lang='lat' dir='ltr'><strong>in</strong></span> <span class='ocrx_word' id='word_1_586' title='bbox 3022 4524 3082 4565; x_wconf 87' lang='lat' dir='ltr'><strong>se</strong></span> <span class='ocrx_word' id='word_1_587' title='bbox 3156 4507 3496 4583; x_wconf 83' lang='lat' dir='ltr'><strong>transferret.</strong></span> <span class='ocrx_word' id='word_1_588' title='bbox 3528 4506 3656 4563; x_wconf 82' lang='lat' dir='ltr'><strong>Fal-</strong></span> 
     </span>
    </p>
   </div>
   <div class='ocr_carea' id='block_1_74' title="bbox 362 4595 2182 4671">
    <p class='ocr_par' dir='ltr' id='par_1_74' title="bbox 362 4595 2182 4671">
     <span class='ocr_line' id='line_1_74' title="bbox 362 4595 2182 4671; baseline 0.005 -22"><span class='ocrx_word' id='word_1_589' title='bbox 362 4595 485 4652; x_wconf 89' lang='lat' dir='ltr'><strong>lunt</strong></span> <span class='ocrx_word' id='word_1_590' title='bbox 537 4595 771 4666; x_wconf 88' lang='lat' dir='ltr'><strong>proinde</strong></span> <span class='ocrx_word' id='word_1_591' title='bbox 808 4612 875 4653; x_wconf 90' lang='lat' dir='ltr'><strong>ac</strong></span> <span class='ocrx_word' id='word_1_592' title='bbox 926 4598 1215 4671; x_wconf 88' lang='lat' dir='ltr'><strong>decipiunt</strong></span> <span class='ocrx_word' id='word_1_593' title='bbox 1269 4601 1615 4670; x_wconf 85' lang='lat' dir='ltr'><strong>semetipsos,</strong></span> <span class='ocrx_word' id='word_1_594' title='bbox 1654 4602 1750 4671; x_wconf 90' lang='lat' dir='ltr'><strong>qui</strong></span> <span class='ocrx_word' id='word_1_595' title='bbox 1812 4602 1930 4657; x_wconf 82' lang='lat' dir='ltr'><strong>haec</strong></span> <span class='ocrx_word' id='word_1_596' title='bbox 1967 4602 2182 4658; x_wconf 89' lang='lat' dir='ltr'><strong>dicunt.</strong></span> 
     </span>
    </p>
   </div>
   <div class='ocr_carea' id='block_1_75' title="bbox 429 4686 1964 4764">
    <p class='ocr_par' dir='ltr' id='par_1_75' title="bbox 429 4686 1951 4761">
     <span class='ocr_line' id='line_1_75' title="bbox 429 4686 1951 4761; baseline 0.003 -19"><span class='ocrx_word' id='word_1_597' title='bbox 429 4686 604 4744; x_wconf 85' lang='lat' dir='ltr'><strong>Porro</strong></span> <span class='ocrx_word' id='word_1_598' title='bbox 653 4699 842 4745; x_wconf 82' lang='lat' dir='ltr'><strong>autem</strong></span> <span class='ocrx_word' id='word_1_599' title='bbox 889 4690 1039 4761; x_wconf 91' lang='lat' dir='ltr'><strong>quod</strong></span> <span class='ocrx_word' id='word_1_600' title='bbox 1088 4690 1451 4759; x_wconf 89' lang='lat' dir='ltr'><strong>imposturam</strong></span> <span class='ocrx_word' id='word_1_601' title='bbox 1496 4691 1719 4757; x_wconf 84' lang='lat' dir='ltr'><strong>faciant,</strong></span> <span class='ocrx_word' id='word_1_602' title='bbox 1768 4690 1951 4747; x_wconf 84' lang='lat' dir='ltr'><strong>virus-</strong></span> 
     </span>
    </p>
   </div>
   <div class='ocr_carea' id='block_1_76' title="bbox 2062 4686 3655 4764">
    <p class='ocr_par' dir='ltr' id='par_1_76' title="bbox 2134 4690 3655 4764">
     <span class='ocr_line' id='line_1_76' title="bbox 2134 4690 3655 4764; baseline 0.001 -18"><span class='ocrx_word' id='word_1_603' title='bbox 2134 4693 2258 4747; x_wconf 86' lang='grc' dir='ltr'>Ὀτι</span> <span class='ocrx_word' id='word_1_604' title='bbox 2305 4691 2365 4745; x_wconf 78' lang='grc' dir='ltr'><strong>δὲ</strong></span> <span class='ocrx_word' id='word_1_605' title='bbox 2408 4690 2719 4761; x_wconf 81' lang='grc' dir='ltr'>ψεύδονται,</span> <span class='ocrx_word' id='word_1_606' title='bbox 2758 4692 2854 4745; x_wconf 79' lang='grc' dir='ltr'>καὶ</span> <span class='ocrx_word' id='word_1_607' title='bbox 2899 4690 2992 4745; x_wconf 70' lang='grc' dir='ltr'><strong>τὸν</strong></span> <span class='ocrx_word' id='word_1_608' title='bbox 3028 4691 3160 4745; x_wconf 82' lang='grc' dir='ltr'>ῐδιον</span> <span class='ocrx_word' id='word_1_609' title='bbox 3204 4691 3422 4764; x_wconf 71' lang='grc' dir='ltr'>ἔχουσιν</span> <span class='ocrx_word' id='word_1_610' title='bbox 3463 4694 3542 4748; x_wconf 82' lang='grc' dir='ltr'>ἰὸν</span> <span class='ocrx_word' id='word_1_611' title='bbox 3572 4695 3655 4759; x_wconf 86' lang='grc' dir='ltr'>εἰς</span> 
     </span>
    </p>
   </div>
   <div class='ocr_carea' id='block_1_77' title="bbox 360 4776 1964 4855">
    <p class='ocr_par' dir='ltr' id='par_1_77' title="bbox 360 4776 1957 4851">
     <span class='ocr_line' id='line_1_77' title="bbox 360 4776 1957 4851; baseline 0.003 -19"><span class='ocrx_word' id='word_1_612' title='bbox 360 4792 470 4847; x_wconf 91' lang='lat' dir='ltr'><strong>que</strong></span> <span class='ocrx_word' id='word_1_613' title='bbox 505 4776 564 4833; x_wconf 84' lang='lat' dir='ltr'><strong>in</strong></span> <span class='ocrx_word' id='word_1_614' title='bbox 607 4788 834 4849; x_wconf 85' lang='lat' dir='ltr'><strong>pectore</strong></span> <span class='ocrx_word' id='word_1_615' title='bbox 887 4796 991 4836; x_wconf 88' lang='lat' dir='ltr'><strong>suo</strong></span> <span class='ocrx_word' id='word_1_616' title='bbox 1044 4779 1392 4835; x_wconf 87' lang='lat' dir='ltr'><strong>reconditum</strong></span> <span class='ocrx_word' id='word_1_617' title='bbox 1438 4789 1649 4851; x_wconf 80' lang='lat' dir='ltr'><strong>gerant,</strong></span> <span class='ocrx_word' id='word_1_618' title='bbox 1690 4782 1776 4836; x_wconf 86' lang='lat' dir='ltr'><strong>vel</strong></span> <span class='ocrx_word' id='word_1_619' title='bbox 1824 4780 1957 4837; x_wconf 89' lang='lat' dir='ltr'><strong>hinc</strong></span> 
     </span>
    </p>
   </div>
   <div class='ocr_carea' id='block_1_78' title="bbox 2062 4776 3649 4855">
    <p class='ocr_par' dir='ltr' id='par_1_78' title="bbox 2062 4778 3649 4855">
     <span class='ocr_line' id='line_1_78' title="bbox 2062 4778 3649 4855; baseline 0.001 -18"><span class='ocrx_word' id='word_1_620' title='bbox 2062 4785 2157 4855; x_wconf 77' lang='grc' dir='ltr'><strong>τὴν</strong></span> <span class='ocrx_word' id='word_1_621' title='bbox 2182 4782 2412 4853; x_wconf 86' lang='grc' dir='ltr'>καρδίαν</span> <span class='ocrx_word' id='word_1_622' title='bbox 2432 4778 2463 4820; x_wconf 76' lang='grc' dir='ltr'><strong>ιι</strong></span> <span class='ocrx_word' id='word_1_623' title='bbox 2482 4822 2497 4848; x_wconf 94' lang='grc'>,</span> <span class='ocrx_word' id='word_1_624' title='bbox 2528 4782 2644 4835; x_wconf 76' lang='grc' dir='ltr'>ἔστι</span> <span class='ocrx_word' id='word_1_625' title='bbox 2674 4782 2737 4853; x_wconf 77' lang='grc' dir='ltr'>δὴ</span> <span class='ocrx_word' id='word_1_626' title='bbox 2770 4786 2862 4837; x_wconf 75' lang='grc' dir='ltr'>καὶ</span> <span class='ocrx_word' id='word_1_627' title='bbox 2884 4783 2973 4837; x_wconf 79' lang='grc' dir='ltr'>διὰ</span> <span class='ocrx_word' id='word_1_628' title='bbox 3002 4784 3191 4855; x_wconf 81' lang='grc' dir='ltr'>τούτου</span> <span class='ocrx_word' id='word_1_629' title='bbox 3222 4783 3352 4838; x_wconf 74' lang='grc' dir='ltr'>ἰδεῖν</span> <span class='ocrx_word' id='word_1_630' title='bbox 3369 4801 3383 4815; x_wconf 83' lang='grc'><em>’</em></span> <span class='ocrx_word' id='word_1_631' title='bbox 3405 4785 3649 4840; x_wconf 83' lang='grc' dir='ltr'>ἀπεστά-</span> 
     </span>
    </p>
   </div>
   <div class='ocr_carea' id='block_1_79' title="bbox 360 4867 1964 4946">
    <p class='ocr_par' dir='ltr' id='par_1_79' title="bbox 360 4867 1960 4941">
     <span class='ocr_line' id='line_1_79' title="bbox 360 4867 1960 4941; baseline 0.002 -18"><span class='ocrx_word' id='word_1_632' title='bbox 360 4867 622 4939; x_wconf 74' lang='lat' dir='ltr'><strong>colligere</strong></span> <span class='ocrx_word' id='word_1_633' title='bbox 653 4868 805 4935; x_wconf 87' lang='lat' dir='ltr'><strong>licet,</strong></span> <span class='ocrx_word' id='word_1_634' title='bbox 841 4868 990 4940; x_wconf 87' lang='lat' dir='ltr'><strong>quod</strong></span> <span class='ocrx_word' id='word_1_635' title='bbox 1027 4868 1097 4924; x_wconf 87' lang='lat' dir='ltr'><strong>ad</strong></span> <span class='ocrx_word' id='word_1_636' title='bbox 1126 4868 1375 4939; x_wconf 88' lang='lat' dir='ltr'><strong>Bupham</strong></span> <span class='ocrx_word' id='word_1_637' title='bbox 1409 4870 1732 4941; x_wconf 69' lang='lat' dir='ltr'><strong>Martyrium</strong></span> <span class='ocrx_word' id='word_1_638' title='bbox 1771 4870 1960 4926; x_wconf 89' lang='lat' dir='ltr'><strong>diaco-</strong></span> 
     </span>
    </p>
   </div>
   <div class='ocr_carea' id='block_1_80' title="bbox 2062 4867 3653 4946">
    <p class='ocr_par' dir='ltr' id='par_1_80' title="bbox 2062 4869 3653 4946">
     <span class='ocr_line' id='line_1_80' title="bbox 2062 4869 3653 4946; baseline -0.003 -20"><span class='ocrx_word' id='word_1_639' title='bbox 2062 4874 2235 4946; x_wconf 83' lang='grc' dir='ltr'>λησαν</span> <span class='ocrx_word' id='word_1_640' title='bbox 2284 4871 2393 4942; x_wconf 86' lang='grc' dir='ltr'>γὰρ</span> <span class='ocrx_word' id='word_1_641' title='bbox 2454 4870 2534 4942; x_wconf 81' lang='grc' dir='ltr'>τῷ</span> <span class='ocrx_word' id='word_1_642' title='bbox 2594 4872 2781 4943; x_wconf 81' lang='grc' dir='ltr'>Βουφᾷ</span> <span class='ocrx_word' id='word_1_643' title='bbox 2827 4872 3131 4943; x_wconf 82' lang='grc' dir='ltr'>Μαρτυρίῳ</span> <span class='ocrx_word' id='word_1_644' title='bbox 3168 4871 3246 4942; x_wconf 77' lang='grc' dir='ltr'>τῷ</span> <span class='ocrx_word' id='word_1_645' title='bbox 3282 4870 3536 4941; x_wconf 82' lang='grc' dir='ltr'>διακόνῳ,</span> <span class='ocrx_word' id='word_1_646' title='bbox 3573 4869 3653 4941; x_wconf 83' lang='grc' dir='ltr'>τῷ</span> 
     </span>
    </p>
   </div>
   <div class='ocr_carea' id='block_1_81' title="bbox 360 4960 1964 5037">
    <p class='ocr_par' dir='ltr' id='par_1_81' title="bbox 360 4960 1959 5034">
     <span class='ocr_line' id='line_1_81' title="bbox 360 4960 1959 5034; baseline 0.001 -19"><span class='ocrx_word' id='word_1_647' title='bbox 360 4976 517 5027; x_wconf 89' lang='grc'><strong>1111111,</strong></span> <span class='ocrx_word' id='word_1_648' title='bbox 551 4960 647 5031; x_wconf 86' lang='lat' dir='ltr'><strong>qui</strong></span> <span class='ocrx_word' id='word_1_649' title='bbox 678 4961 1181 5018; x_wconf 89' lang='lat' dir='ltr'><strong>ecclesiasticorum</strong></span> <span class='ocrx_word' id='word_1_650' title='bbox 1222 4962 1570 5034; x_wconf 89' lang='lat' dir='ltr'><strong>negotiorum</strong></span> <span class='ocrx_word' id='word_1_651' title='bbox 1601 4962 1959 5018; x_wconf 90' lang='lat' dir='ltr'><strong>administra-</strong></span> 
     </span>
    </p>
   </div>
   <div class='ocr_carea' id='block_1_82' title="bbox 2062 4960 3651 5037">
    <p class='ocr_par' dir='ltr' id='par_1_82' title="bbox 2062 4962 3651 5037">
     <span class='ocr_line' id='line_1_82' title="bbox 2062 4962 3651 5037; baseline -0.001 -19"><span class='ocrx_word' id='word_1_652' title='bbox 2062 4964 2400 5037; x_wconf 80' lang='grc' dir='ltr'>φροντίζοντι</span> <span class='ocrx_word' id='word_1_653' title='bbox 2454 4964 2564 5018; x_wconf 88' lang='grc' dir='ltr'><strong>τῶν</strong></span> <span class='ocrx_word' id='word_1_654' title='bbox 2599 4963 3076 5034; x_wconf 78' lang='grc' dir='ltr'>ἐκκλησιαστικῶν</span> <span class='ocrx_word' id='word_1_655' title='bbox 3132 4962 3498 5035; x_wconf 83' lang='grc' dir='ltr'>πραγμάτων,</span> <span class='ocrx_word' id='word_1_656' title='bbox 3557 4962 3651 5016; x_wconf 89' lang='grc' dir='ltr'><strong>δύο</strong></span> 
     </span>
    </p>
   </div>
   <div class='ocr_carea' id='block_1_83' title="bbox 362 5052 1964 5129">
    <p class='ocr_par' dir='ltr' id='par_1_83' title="bbox 362 5052 1958 5125">
     <span class='ocr_line' id='line_1_83' title="bbox 362 5052 1958 5125; baseline 0.001 -18"><span class='ocrx_word' id='word_1_657' title='bbox 362 5052 500 5111; x_wconf 85' lang='lat' dir='ltr'><strong>tionl</strong></span> <span class='ocrx_word' id='word_1_658' title='bbox 528 5053 822 5125; x_wconf 62' lang='lat' dir='ltr'><strong>praefectus</strong></span> <span class='ocrx_word' id='word_1_659' title='bbox 849 5062 955 5120; x_wconf 92' lang='lat' dir='ltr'><strong>est,</strong></span> <span class='ocrx_word' id='word_1_660' title='bbox 999 5053 1138 5109; x_wconf 85' lang='lat' dir='ltr'><strong>duas</strong></span> <span class='ocrx_word' id='word_1_661' title='bbox 1175 5055 1459 5110; x_wconf 90' lang='lat' dir='ltr'><strong>chartulas</strong></span> <span class='ocrx_word' id='word_1_662' title='bbox 1495 5055 1790 5119; x_wconf 89' lang='lat' dir='ltr'><strong>miserunt,</strong></span> <span class='ocrx_word' id='word_1_663' title='bbox 1817 5054 1958 5110; x_wconf 85' lang='lat' dir='ltr'><strong>alte-</strong></span> 
     </span>
    </p>
   </div>
   <div class='ocr_carea' id='block_1_84' title="bbox 2062 5052 3651 5129">
    <p class='ocr_par' dir='ltr' id='par_1_84' title="bbox 2062 5053 3651 5129">
     <span class='ocr_line' id='line_1_84' title="bbox 2062 5053 3651 5129; baseline -0.001 -19"><span class='ocrx_word' id='word_1_664' title='bbox 2062 5057 2300 5129; x_wconf 84' lang='grc' dir='ltr'>χαρτία·</span> <span class='ocrx_word' id='word_1_665' title='bbox 2330 5056 2389 5109; x_wconf 76' lang='grc' dir='ltr'>ἓν</span> <span class='ocrx_word' id='word_1_666' title='bbox 2440 5055 2540 5127; x_wconf 81' lang='grc' dir='ltr'>μὲν</span> <span class='ocrx_word' id='word_1_667' title='bbox 2580 5056 2880 5127; x_wconf 85' lang='grc' dir='ltr'>συνταχθὲν</span> <span class='ocrx_word' id='word_1_668' title='bbox 2936 5054 3089 5127; x_wconf 79' lang='grc' dir='ltr'>παρὰ</span> <span class='ocrx_word' id='word_1_669' title='bbox 3143 5055 3376 5121; x_wconf 80' lang='grc' dir='ltr'>Φωτίου,</span> <span class='ocrx_word' id='word_1_670' title='bbox 3436 5054 3470 5124; x_wconf 79' lang='grc' dir='ltr'><strong>ἢ</strong></span> <span class='ocrx_word' id='word_1_671' title='bbox 3516 5053 3651 5124; x_wconf 76' lang='grc' dir='ltr'>παρ’</span> 
     </span>
    </p>
   </div>
   <div class='ocr_carea' id='block_1_85' title="bbox 363 5145 1964 5221">
    <p class='ocr_par' dir='ltr' id='par_1_85' title="bbox 363 5145 1959 5216">
     <span class='ocr_line' id='line_1_85' title="bbox 363 5145 1959 5216; baseline 0.002 -16"><span class='ocrx_word' id='word_1_672' title='bbox 363 5159 481 5200; x_wconf 85' lang='lat' dir='ltr'><strong>ram</strong></span> <span class='ocrx_word' id='word_1_673' title='bbox 514 5161 547 5201; x_wconf 88' lang='lat' dir='ltr'><strong>a</strong></span> <span class='ocrx_word' id='word_1_674' title='bbox 573 5145 795 5214; x_wconf 88' lang='lat' dir='ltr'><strong>Photio,</strong></span> <span class='ocrx_word' id='word_1_675' title='bbox 828 5155 927 5203; x_wconf 88' lang='lat' dir='ltr'><strong>aut</strong></span> <span class='ocrx_word' id='word_1_676' title='bbox 965 5145 1075 5201; x_wconf 88' lang='lat' dir='ltr'><strong>alio</strong></span> <span class='ocrx_word' id='word_1_677' title='bbox 1112 5146 1234 5216; x_wconf 85' lang='lat' dir='ltr'><strong>ejus</strong></span> <span class='ocrx_word' id='word_1_678' title='bbox 1271 5146 1462 5204; x_wconf 66' lang='lat' dir='ltr'><strong>farinae</strong></span> <span class='ocrx_word' id='word_1_679' title='bbox 1489 5148 1735 5214; x_wconf 88' lang='lat' dir='ltr'><strong>homine,</strong></span> <span class='ocrx_word' id='word_1_680' title='bbox 1766 5158 1959 5203; x_wconf 84' lang='lat' dir='ltr'><strong>contra</strong></span> 
     </span>
    </p>
   </div>
   <div class='ocr_carea' id='block_1_86' title="bbox 2062 5145 3649 5221">
    <p class='ocr_par' dir='ltr' id='par_1_86' title="bbox 2065 5145 3649 5221">
     <span class='ocr_line' id='line_1_86' title="bbox 2065 5145 3649 5221; baseline -0.003 -18"><span class='ocrx_word' id='word_1_681' title='bbox 2065 5148 2255 5221; x_wconf 74' lang='grc' dir='ltr'>ἐτέρου</span> <span class='ocrx_word' id='word_1_682' title='bbox 2287 5149 2452 5216; x_wconf 82' lang='grc' dir='ltr'>τινὸς,</span> <span class='ocrx_word' id='word_1_683' title='bbox 2484 5147 2629 5204; x_wconf 81' lang='grc' dir='ltr'>κατὰ</span> <span class='ocrx_word' id='word_1_684' title='bbox 2666 5148 2763 5204; x_wconf 87' lang='grc' dir='ltr'><strong>τοῦ</strong></span> <span class='ocrx_word' id='word_1_685' title='bbox 2797 5149 2964 5219; x_wconf 82' lang='grc' dir='ltr'>τόμου</span> <span class='ocrx_word' id='word_1_686' title='bbox 3009 5147 3106 5202; x_wconf 86' lang='grc' dir='ltr'><strong>τοῦ</strong></span> <span class='ocrx_word' id='word_1_687' title='bbox 3139 5147 3278 5219; x_wconf 76' lang='grc' dir='ltr'>πρὸς</span> <span class='ocrx_word' id='word_1_688' title='bbox 3315 5148 3443 5213; x_wconf 84' lang='grc' dir='ltr'>τοὺς</span> <span class='ocrx_word' id='word_1_689' title='bbox 3486 5145 3649 5219; x_wconf 78' lang='grc' dir='ltr'>μονά-</span> 
     </span>
    </p>
   </div>
   <div class='ocr_carea' id='block_1_87' title="bbox 435 5300 915 5368">
    <p class='ocr_par' dir='ltr' id='par_1_87' title="bbox 435 5300 915 5368">
     <span class='ocr_line' id='line_1_87' title="bbox 435 5300 915 5368; baseline -0.006 -8"><span class='ocrx_word' id='word_1_690' title='bbox 435 5300 484 5338; x_wconf 81' lang='grc'><strong>⁸⁹</strong></span> <span class='ocrx_word' id='word_1_691' title='bbox 520 5301 694 5368; x_wconf 76' lang='lat' dir='ltr'><strong>Ecdi.</strong></span> <span class='ocrx_word' id='word_1_692' title='bbox 726 5318 802 5368; x_wconf 84' lang='lat' dir='ltr'><strong>tv,</strong></span> <span class='ocrx_word' id='word_1_693' title='bbox 825 5302 915 5360; x_wconf 75' lang='lat'><strong>3&#39;5.</strong></span> 
     </span>
    </p>
   </div>
   <div class='ocr_carea' id='block_1_88' title="bbox 550 5364 1964 5476">
    <p class='ocr_par' dir='ltr' id='par_1_88' title="bbox 1439 5400 1964 5459">
     <span class='ocr_line' id='line_1_88' title="bbox 1439 5400 1964 5459; baseline 0.01 -5"><span class='ocrx_word' id='word_1_694' title='bbox 1439 5400 1617 5457; x_wconf 66' lang='lat' dir='ltr'><strong>Varia:</strong></span> <span class='ocrx_word' id='word_1_695' title='bbox 1648 5401 1915 5459; x_wconf 87' lang='lat' dir='ltr'><strong>lectiones</strong></span> <span class='ocrx_word' id='word_1_696' title='bbox 1935 5418 1964 5459; x_wconf 90' lang='lat' dir='ltr'><strong>c</strong></span> 
     </span>
    </p>
   </div>
   <div class='ocr_carea' id='block_1_89' title="bbox 2062 5364 2542 5476">
    <p class='ocr_par' dir='ltr' id='par_1_89' title="bbox 2064 5402 2542 5476">
     <span class='ocr_line' id='line_1_89' title="bbox 2064 5402 2542 5476; baseline -0.008 -15"><span class='ocrx_word' id='word_1_697' title='bbox 2064 5403 2144 5461; x_wconf 87' lang='lat' dir='ltr'><strong>cis</strong></span> <span class='ocrx_word' id='word_1_698' title='bbox 2176 5402 2542 5476; x_wconf 82' lang='lat' dir='ltr'><strong>Seguieriani.</strong></span> 
     </span>
    </p>
   </div>
   <div class='ocr_carea' id='block_1_90' title="bbox 449 5506 1342 5584">
    <p class='ocr_par' dir='ltr' id='par_1_90' title="bbox 449 5506 1342 5584">
     <span class='ocr_line' id='line_1_90' title="bbox 449 5506 1342 5584; baseline 0.001 -17"><span class='ocrx_word' id='word_1_699' title='bbox 449 5514 476 5555; x_wconf 78' lang='grc' dir='ltr'>ι</span> <span class='ocrx_word' id='word_1_700' title='bbox 506 5506 807 5582; x_wconf 72' lang='grc' dir='ltr'>Παρθένον.</span> <span class='ocrx_word' id='word_1_701' title='bbox 885 5508 915 5548; x_wconf 67' lang='grc' dir='ltr'>δ</span> <span class='ocrx_word' id='word_1_702' title='bbox 944 5510 1003 5563; x_wconf 80' lang='grc' dir='ltr'>ὲν</span> <span class='ocrx_word' id='word_1_703' title='bbox 1026 5510 1095 5581; x_wconf 75' lang='grc' dir='ltr'>τῇ</span> <span class='ocrx_word' id='word_1_704' title='bbox 1122 5511 1342 5584; x_wconf 78' lang='grc' dir='ltr'>καρδίᾳ.</span> 
     </span>
    </p>
   </div>
   <div class='ocr_carea' id='block_1_91' title="bbox 448 5667 1964 5746">
    <p class='ocr_par' dir='ltr' id='par_1_91' title="bbox 448 5667 1964 5746">
     <span class='ocr_line' id='line_1_91' title="bbox 448 5667 1964 5746; baseline -0.001 -19"><span class='ocrx_word' id='word_1_705' title='bbox 448 5670 528 5744; x_wconf 85' lang='grc' dir='ltr'><strong>(Ι)</strong></span> <span class='ocrx_word' id='word_1_706' title='bbox 585 5670 881 5746; x_wconf 63' lang='lat' dir='ltr'><strong>Perpetem</strong></span> <span class='ocrx_word' id='word_1_707' title='bbox 930 5671 991 5727; x_wconf 85' lang='lat' dir='ltr'><strong>in</strong></span> <span class='ocrx_word' id='word_1_708' title='bbox 1038 5667 1191 5725; x_wconf 86' lang='lat' dir='ltr'><strong>edito</strong></span> <span class='ocrx_word' id='word_1_709' title='bbox 1215 5669 1523 5746; x_wconf 72' lang='lat' dir='ltr'><strong>legebatur</strong></span> <span class='ocrx_word' id='word_1_710' title='bbox 1542 5711 1555 5735; x_wconf 90' lang='lat'><strong>,</strong></span> <span class='ocrx_word' id='word_1_711' title='bbox 1583 5669 1692 5746; x_wconf 81' lang='lat' dir='ltr'><strong>_Ad</strong></span> <span class='ocrx_word' id='word_1_712' title='bbox 1753 5670 1964 5726; x_wconf 75' lang='lat' dir='ltr'><strong>clericos</strong></span> 
     </span>
    </p>
   </div>
   <div class='ocr_carea' id='block_1_92' title="bbox 2062 5667 3649 5746">
    <p class='ocr_par' dir='ltr' id='par_1_92' title="bbox 2071 5671 3649 5746">
     <span class='ocr_line' id='line_1_92' title="bbox 2071 5671 3649 5746; baseline 0.006 -23"><span class='ocrx_word' id='word_1_713' title='bbox 2071 5671 2483 5746; x_wconf 75' lang='grc' dir='ltr'>στασιάζοντας.</span> <span class='ocrx_word' id='word_1_714' title='bbox 2532 5672 2669 5746; x_wconf 83' lang='lat' dir='ltr'><strong>Vide</strong></span> <span class='ocrx_word' id='word_1_715' title='bbox 2710 5679 2872 5729; x_wconf 81' lang='lat' dir='ltr'><strong>notas</strong></span> <span class='ocrx_word' id='word_1_716' title='bbox 2908 5671 3156 5731; x_wconf 87' lang='lat' dir='ltr'><strong>Garnerii</strong></span> <span class='ocrx_word' id='word_1_717' title='bbox 3205 5675 3271 5729; x_wconf 88' lang='lat' dir='ltr'><strong>ad</strong></span> <span class='ocrx_word' id='word_1_718' title='bbox 3320 5675 3487 5746; x_wconf 87' lang='lat' dir='ltr'><strong>hujus</strong></span> <span class='ocrx_word' id='word_1_719' title='bbox 3526 5676 3649 5746; x_wconf 79' lang='lat' dir='ltr'><strong>cpi-</strong></span> 
     </span>
    </p>
   </div>
   <div class='ocr_carea' id='block_1_93' title="bbox 370 5740 3644 5820">
    <p class='ocr_par' dir='ltr' id='par_1_93' title="bbox 370 5740 3644 5820">
     <span class='ocr_line' id='line_1_93' title="bbox 370 5740 3644 5820; baseline 0.001 -23"><span class='ocrx_word' id='word_1_720' title='bbox 370 5740 1251 5820; x_wconf 47' lang='lat' dir='ltr'><strong>Qoits&#39;tantingpotitanos,“mutuis</strong></span> <span class='ocrx_word' id='word_1_721' title='bbox 1296 5740 1526 5820; x_wconf 62' lang='lat' dir='ltr'><strong>discidiis</strong></span> <span class='ocrx_word' id='word_1_722' title='bbox 1575 5742 1719 5820; x_wconf 62' lang='lat' dir='ltr'><strong>inter</strong></span> <span class='ocrx_word' id='word_1_723' title='bbox 1744 5757 1799 5793; x_wconf 83' lang='lat' dir='ltr'><strong>se</strong></span> <span class='ocrx_word' id='word_1_724' title='bbox 1839 5758 1965 5820; x_wconf 75' lang='lat' dir='ltr'><strong>ron-</strong></span> <span class='ocrx_word' id='word_1_725' title='bbox 2068 5743 2223 5820; x_wconf 69' lang='lat' dir='ltr'><strong>stola:</strong></span> <span class='ocrx_word' id='word_1_726' title='bbox 2251 5742 2762 5820; x_wconf 59' lang='lat' dir='ltr'><strong>interpretationem</strong></span> <span class='ocrx_word' id='word_1_727' title='bbox 2789 5752 3030 5801; x_wconf 81' lang='lat' dir='ltr'><strong>veterem</strong></span> <span class='ocrx_word' id='word_1_728' title='bbox 3057 5760 3221 5817; x_wconf 87' lang='lat' dir='ltr'><strong>quam</strong></span> <span class='ocrx_word' id='word_1_729' title='bbox 3245 5740 3644 5820; x_wconf 72' lang='lat' dir='ltr'><strong>subjuhgimus.</strong></span> 
     </span>
    </p>
   </div>
   <div class='ocr_carea' id='block_1_94' title="bbox 379 5810 1964 5883">
    <p class='ocr_par' dir='ltr' id='par_1_94' title="bbox 379 5810 1964 5883">
     <span class='ocr_line' id='line_1_94' title="bbox 379 5810 1964 5883; baseline -0.004 -14"><span class='ocrx_word' id='word_1_730' title='bbox 379 5815 665 5877; x_wconf 64' lang='lat' dir='ltr'><strong>ﬂatantes,</strong></span> <span class='ocrx_word' id='word_1_731' title='bbox 684 5810 827 5879; x_wconf 79' lang='grc' dir='ltr'>Πρὸς</span> <span class='ocrx_word' id='word_1_732' title='bbox 855 5813 979 5880; x_wconf 81' lang='grc' dir='ltr'>τοὺς</span> <span class='ocrx_word' id='word_1_733' title='bbox 1007 5811 1636 5876; x_wconf 79' lang='grc' dir='ltr'>Κωνσταντινουπόλεως</span> <span class='ocrx_word' id='word_1_734' title='bbox 1669 5811 1964 5883; x_wconf 81' lang='grc' dir='ltr'>κληρικοῦς</span> 
     </span>
    </p>
   </div>
   <div class='ocr_carea' id='block_1_95' title="bbox 2062 5810 2421 5883">
    <p class='ocr_par' dir='ltr' id='par_1_95' title="bbox 2068 5810 2421 5867">
     <span class='ocr_line' id='line_1_95' title="bbox 2068 5810 2421 5867; baseline 0 -2"><span class='ocrx_word' id='word_1_735' title='bbox 2068 5810 2217 5867; x_wconf 76' lang='lat' dir='ltr'><strong>Enn.</strong></span> <span class='ocrx_word' id='word_1_736' title='bbox 2261 5810 2421 5867; x_wconf 73' lang='lat' dir='ltr'><strong>Pam.</strong></span> 
     </span>
    </p>
   </div>
  </div>
