4058 6456
464 348 562 424 τας
1919 372 2066 429 EPlS

2162 374 2257 427 'LA
2299 374 2367 428 Χ.
3690 392 3764 447 66

484 464 823 550 ζόὒέάςίέν
858 468 921 537 δὲ
968 484 1047 548 ὦς
1099 486 1158 538 ἒν
1203 486 1442 557 σχήματι
1475 488 1754 560 τετράδος,
1790 491 2066 546 ἀλλόκοτοι

2181 496 2638 550 commentarium
2693 506 2856 566 quem
2915 499 2984 552 ad
3036 502 3338 557 monachos
3392 503 3763 588 scripseram,

479 566 613 645 ἕχον
657 574 762 644 τὴν
817 576 1159 647 ἐπιγραφήν.
1199 578 1355 647 Ἔχει
1398 579 1454 633 δὲ
1507 578 1713 644 οὕτως·
1742 581 1888 653 Πρὸς
1929 584 2081 647 τοὺς,

475 663 573 719 διὰ
615 665 720 737 τὴν
774 666 1095 735 συνάφειαν,
1131 667 1285 739 ἢτὴν
1316 668 1549 741 θεότητα
1600 670 1698 725 τοῦ
1743 666 2081 741 Μονογενοῦς

478 755 861 826 σμικροῦντας
883 758 927 822 i,
954 756 989 827 ἢ
1026 757 1398 824 ἀποθεοῦντας
1437 760 1538 832 τὴν
1563 761 1663 815 ἀνθ
1674 762 1984 833 ρωπότητα.
2006 763 2082 817 Τὸ

473 846 539 901 δὲ
568 847 865 917 προοίμιον
895 849 978 913 είς
1005 847 1107 912 τὰς
1136 848 1289 922 παρά
1314 850 1426 903 τῶν
1462 846 1759 923 αἱρετικῶν
1790 852 2078 925 λοιδορίας,

473 936 559 1002 ὡς
590 938 690 991 ἐπὶ
716 938 971 1010 σκληρῶν
999 939 1298 1011 γενομένας
1322 941 1759 999 ἐπαποτείνεται.
1781 946 1892 999 Καὶ
1919 946 2081 1016 δῆθεν

471 1031 747 1100 πειρᾶται
795 1029 1068 1084 δεικνύειν
1104 1031 1187 1085 ὅτι
1225 1032 1289 1085 τὸ
1329 1034 1492 1105 σῶμά
1540 1037 1658 1089 ἐστι
1694 1036 1756 1089 τὸ
1786 1038 2076 1103 πεπονθὸς,

472 1120 577 1173 καὶ
599 1120 704 1191 οὐχ
724 1121 754 1173 ό
780 1119 916 1184 Θεὺς
944 1120 1118 1190 Λόγος
1136 1137 1151 1153 °
1184 1123 1260 1186 ῶς
1290 1141 1453 1179 τινων
1478 1125 1749 1195 λεγόντων
1769 1127 1854 1180 ὅτι
1879 1129 1908 1182 ό
1936 1129 2078 1183 ἀπα-

472 1211 578 1283 Θὴς
596 1212 696 1266 τοῦ
726 1212 865 1267 Θεοῦ
890 1213 1065 1282 Λόγος
1092 1215 1335 1287 παθητός
1362 1218 1529 1272 ἐστιν.
1576 1218 1719 1272 Ἀλλ’
1739 1218 1917 1284 οὐδεὶς
1933 1221 2078 1277 οὕτω

448 1286 759 1374 ³μαίνεται.
807 1302 897 1368 Ὠς
937 1304 994 1357 δὲ
1044 1286 1308 1372 πολλάκις
1339 1307 1589 1380 εἴπομεν,
1624 1311 1658 1378 ἡ
1698 1311 1829 1380 ἁγία
1861 1310 2077 1377 σύνοδος

466 1394 648 1449 αὐτόν
676 1394 787 1466 ἔφη
822 1395 1019 1450 παθεῖν
1063 1397 1158 1451 τὸν
1204 1394 1398 1468 Λόγον,
1437 1401 1534 1455 τὸν
1588 1401 1657 1455 δι’
1686 1395 1747 1455 οὗ
1790 1398 1860 1456 τά
1898 1401 2076 1457 πάντα

467 1486 702 1553 ἐγένετο
720 1502 735 1516 ·
769 1484 966 1541 παθεῖν
999 1488 1055 1542 δὲ
1081 1491 1265 1561 σαρκὶ,
1293 1490 1437 1546 κατὰ
1474 1492 1573 1556 τὰς
1595 1494 1838 1565 Γραφάς.
1863 1494 2074 1549 Παθόν-

463 1593 567 1640 τος
609 1578 725 1650 γὰρ
752 1577 850 1632 τοῦ
883 1579 1137 1651 σώματος
1178 1582 1366 1649 αὐτοῦ,
1394 1584 1558 1649 αὐτὸς
1592 1586 1810 1657 λέγεται
1843 1587 2068 1643 παθεῖν·

465 1670 555 1724 ὅτι
587 1673 686 1725 καὶ
708 1673 745 1742 ἡ
782 1671 876 1726 τοῦ
907 1671 1203 1745 ἀνθρώπου
1240 1673 1413 1746 ψυχὴ,
1446 1675 1629 1731 καίτοι
1662 1679 1949 1749 πάσχουσα
1973 1695 2076 1750 μη-

465 1761 561 1816 δὲν
595 1764 685 1826 είς
720 1763 862 1818 ίδίαν
883 1756 1069 1834 φύσιν,
1102 1765 1337 1837 πάσχειν
1364 1767 1607 1837 λέγεται,
1640 1762 1735 1823 τοῦ
1767 1770 1941 1842 αὐτῆς
1962 1788 2071 1825 πα-

2184 587 2574 657 compositam;
2603 586 2831 643 alteram
2861 589 3034 645 forma
3060 586 3447 662 quater-Ixionis
3465 607 3590 651 cum
3616 602 3766 654 no‘va

2182 678 2344 747 plane
2370 687 2425 732 et
2450 678 2687 734 absurda
2714 680 3074 751 inscriptione
3103 685 3171 739 ad
3198 685 3349 741 hunc
3369 688 3591 743 modum
3612 706 3630 743 :
3656 691 3763 745 Ad-

2179 784 2376 824 versus
2404 785 2500 825 eos
2523 770 2638 838 qui,
2660 780 2886 842 propter
2911 774 3191 842 unionem,
3208 786 3309 833 aut
3334 779 3611 850 Unigeniti
3630 779 3762 837 dei-

2181 862 2350 912 tatem
2401 857 2765 925 immintmnt,
2806 871 2902 916 aut
2938 862 3336 921 humanitatem
3376 868 3651 925 deiﬁcant.
3688 871 3765 927 ‘At

2179 960 2311 1002 vero
2372 948 2703 1018 prooemium
2759 951 3144 1009 haereticorum
3196 958 3442 1012 convicia
3503 967 3762 1031 tanquam

2177 1037 2517 1106 petulantius
2550 1039 2692 1094 facta
2720 1040 3041 1098 insectatur.
3068 1045 3280 1101 Deinde
3313 1055 3545 1102 conatur
3571 1057 3761 1105 osten-

2179 1125 2311 1181 dere
2341 1142 2542 1198 corpus
2579 1129 2686 1185 hoc
2719 1130 2899 1201 ipsum
2930 1147 3051 1188 esse
3079 1135 3228 1205 quod
3264 1145 3486 1205 passum
3513 1149 3618 1205 est,
3649 1150 3761 1195 nun

2178 1226 2363 1271 autem
2389 1218 2487 1273 Dei
2518 1218 2760 1274 Verbum
2797 1237 2812 1275 :
2840 1222 2998 1291 quasi
3026 1238 3163 1279 vero
3197 1226 3309 1280 sint
3326 1227 3429 1296 qui
3457 1227 3761 1297 impatibile

2176 1305 2275 1360 Dei
2314 1306 2557 1362 Verbum
2605 1308 2718 1378 pati
2764 1324 2926 1379 posse
2966 1327 3209 1384 unquam
3249 1315 3509 1372 dixerint.
3553 1318 3761 1373 Verum

2174 1412 2340 1453 nemo
2382 1413 2450 1454 eo
2497 1398 2726 1456 insaniae
2764 1403 3057 1473 prolapsus
3100 1414 3207 1461 est.
3231 1406 3475 1482 .Verum,
3518 1417 3580 1464 ut
3618 1418 3760 1481 saepe

2170 1490 2284 1560 jam
2322 1491 2658 1556 monuimus,
2679 1498 2842 1548 ‘sacra
2878 1495 3121 1566 synodus
3160 1498 3341 1567 ipsum
3371 1499 3470 1555 Dei
3494 1499 3757 1567 Verbum,

2174 1593 2276 1649 per
2317 1580 2467 1650 quod
2510 1581 2698 1637 omnia
2748 1586 2968 1641 condita
3013 1595 3176 1655 sunt,
3221 1604 3444 1659 passum
3491 1591 3756 1658 aﬁirmat;

2172 1684 2397 1741 passum
2443 1681 2631 1728 autem
2679 1688 2867 1742 carne,
2902 1679 3209 1734 secundum
3250 1679 3590 1751 Scripturas.
3618 1683 3757 1738 Cor-

2175 1777 2310 1832 pore
2356 1778 2596 1833 namque
2646 1764 2799 1820 illius
2841 1767 3104 1838 patiente,
3134 1770 3317 1840 ipsum
3352 1773 3467 1841 pati
3508 1771 3754 1828 dicitur:

464 1824 981 1927 οόντος-“’σώματος.
1030 1824 1175 1910 Ἀλλ’
1208 1824 1396 1930 ἐπειδὴ
1437 1824 1649 1926 ’σκοπδς
1700 1824 1938 1925 ἐκείνοιὲ
1980 1860 2066 1915 δύο

2177 1824 2642 1923 quemadmodum
2698 1866 2757 1911 et
2812 1824 3055 1913 hominis
3108 1824 3379 1932 cujusvis:
3394 1863 3607 1929 anima,
3652 1866 3757 1920 etsi

464 1936 657 2013 λέγειν
678 1936 979 2016 Χριστοὺς,
1005 1946 1101 1998 καὶ
1131 1947 1227 2000 δύο
1253 1946 1423 2014 υἱοὺς,
1454 1948 1550 2003 καὶ
1588 1949 1683 2004 τὸν
1707 1949 1827 2022 μὲν,
1860 1949 2076 2022 ἄνθρω-

464 2051 575 2090 ιιυν
600 2032 833 2101 ίῑδικῶς,
883 2036 977 2089 τὸν
1025 2037 1105 2105 δέ,
1154 2034 1289 2093 Θεὸν
1330 2039 1552 2104 ῑδικῶςο
1579 2036 1699 2095 εἶτα
1750 2042 1928 2113 μόνων
1966 2042 2075 2096 τῶν

470 2118 792 2196 προσώπων
820 2125 1072 2181 ποιοῦσιν
1100 2129 1200 2199 τὴν
1218 2124 1436 2196 ἕνωσιν,
1460 2130 1550 2184 διὰ
1572 2129 1733 2185 τοῦτο
1763 2131 2072 2187 ποικίλλον-

479 2210 722 2284 €91,331
767 2219 1080 2291 προφάσεις
1114 2222 1439 2276 πλάττονται
1480 2223 1540 2276 ἐν
1576 2224 1902 2295 ἁμαρτίαις,
1926 2224 2074 2278 καθὰ

834 2304 1407 2382 Συντυχόντεςτοίνυν
1427 2294 1635 2378 αὐτοῖς,
1658 2314 1842 2367 ἐκεῖνα
1855 2313 2068 2384 λέγετε,

468 2397 554 2454 ὅτι
594 2396 835 2455 nomine
880 2402 981 2473 μὲν
1035 2401 1245 2469 κακῶς,
1274 2400 1657 2468 είσδάλλοντές
1706 2422 1863 2469 τινας
1906 2422 2073 2461 κατα-

460 2486 734 2565 φλυαρεῦι
750 2492 851 2547 τοῦ
877 2495 1182 2550 ἐπισκόπου
1206 2495 1391 2567 ύμῶνὶ
1410 2536 1426 2561 ,
1454 2497 1551 2550 καὶ
1586 2496 1809 2563 τούτους
1834 2496 2070 2552 θάλπον-

722 2584 1178 2657 συγκροτοῦντες,
1212 2588 1310 2641 καὶ
1337 2586 1548 2659 δργανα
1575 2588 1674 2660 τῆς
1708 2588 1915 2643 ἑαυτῶν
1966 2606 2069 2660 μο-

420 2696 423 2697 ⁷
454 2674 708 2747 ιοηρίας
745 2675 1090 2748 ποιούμενοι.
1124 2678 1272 2751 Πλὴν
1302 2680 1402 2751 οὐχ
1426 2680 1565 2753 αὕτη
1594 2684 1694 2752 τῆς
1720 2681 1898 2752 λύπης
1920 2682 2069 2737 ἐστὶν

455 2767 495 2838 ἠ
528 2767 854 2839 πρόφασις·
884 2768 1002 2823 ἀλλ’
1030 2769 1155 2822 οὐδὲ
1180 2770 1317 2836 ὅλως
1369 2772 1564 2844 ἐχθρός
1601 2774 1750 2827 ἐστιν
1785 2776 1816 2827 ό
1840 2774 2067 2829 ἐπίσκο-

591 2854 757 2930 ὖμῶν
771 2857 801 2900 ι
831 2856 933 2913 τοῦ
956 2857 1214 2916 ἐνταῦθαᾴ
1238 2862 1417 2916 Λυπεῖ
1439 2862 1495 2918 δὲ
1533 2865 1747 2929 πάντας
1779 2867 1904 2930 τοὺς
1925 2867 2068 2922 κατὰ

454 2948 565 3023 τὴν
591 2949 870 3023 ἀνατολὴν
895 2951 993 3006 καὶ
1020 2949 1175 3008 δύσιν
1222 2954 1578 3022 ἐπισκόπους,
1613 2955 1676 3009 τὸ
1707 2957 1782 3028 μὴ
1814 2957 2066 3026 γίνεσθαι

453 3043 647 3116 ὀρθῶς
675 3044 774 3099 τὸν
803 3046 935 3117 περὶ
961 3044 1201 3118 Χριστοῦ
1224 3046 1406 3117 λόγον,
1432 3047 1572 3102 ἀλλὰ
1588 3049 2062 3122 διεστραμμένους.

2173 1941 2345 2009 nulla,
2378 1942 2528 2013 quod
2570 1943 2796 2013 quidem
2819 1945 2886 2015 ad
2914 1946 3191 2017 propriam
3236 1958 3493 2007 naturam
3536 1953 3754 2017 attinet,

2114 2040 2117 2043 '
2172 2034 2424 2104 passione
2453 2035 2668 2102 affecta,
2694 2044 2876 2092 tamen
2907 2052 3137 2109 corpore
3167 2041 3314 2111 quod
3347 2042 3628 2111 informat,
3655 2061 3756 2117 pa-

2172 2126 2365 2192 tiente,
2389 2127 2502 2197 pati
2538 2129 2826 2184 asseritur.
2853 2128 2960 2185 Sed
2985 2131 3117 2200 quia
3140 2146 3341 2203 scopus
3367 2132 3477 2191 illis
3502 2137 3757 2206 praeﬁxus

2171 2225 2285 2282 est,
2325 2216 2465 2272 duos
2502 2217 2769 2283 christos,
2814 2218 3156 2290 totidemque
3199 2221 3342 2278 ﬁlios
3384 2224 3754 2292 constituere;

2170 2306 2405 2363 alterum
2430 2307 2654 2377 quidem
2687 2325 2789 2379 per
2817 2324 2876 2364 se
2908 2309 3211 2378 hominem,
3234 2314 3471 2369 alterum
3496 2331 3629 2372 vero
3656 2320 3758 2388 per

2169 2411 2229 2452 se
2259 2398 2453 2463 Deum,
2479 2399 2763 2469 solamque
2783 2414 3145 2469 personarum
3165 2404 3311 2460 inter
3330 2420 3390 2460 se
3410 2407 3754 2478 conjunctio-

2168 2502 2296 2542 nem
2340 2486 2655 2556 admittere;
2705 2490 2837 2546 hinc
2871 2500 2960 2547 est
2993 2492 3143 2562 quod
3179 2495 3440 2551 versutiis
3478 2505 3663 2567 agant,
3696 2507 3756 2554 et

2167 2579 2565 2634 excusationes
2580 2579 2636 2634 in
2660 2583 2926 2650 peccatis,
2952 2592 3017 2637 ut
3042 2584 3309 2654 scriptum
3330 2593 3418 2640 est
3436 2580 3502 2652 “,
3526 2587 3751 2659 ﬁngant.

2172 2670 2407 2726 Proinde
2445 2670 2492 2726 si
2530 2672 2751 2741 quando
2787 2673 2846 2727 in
2892 2674 3018 2729 illos
3054 2674 3385 2741 incideritis,
3416 2677 3493 2732 ita
3531 2678 3699 2735 dicite
3736 2698 3751 2734 :

2167 2761 2464 2832 Perperam
2504 2763 2685 2834 agitis,
2722 2763 2855 2819 dum
2892 2765 3211 2832 nonnullos,
3256 2772 3319 2820 ut
3361 2766 3621 2838 episcopo
3655 2784 3755 2825 ve-

2142 2864 2286 2912 -stro
2311 2855 2704 2926 obloquantur,
2729 2856 3067 2922 subornatis,
3085 2856 3317 2928 illosque
3337 2858 3555 2924 fovetis,
3577 2869 3634 2917 et
3659 2877 3755 2932 pa—

2164 2946 2462 3001 trocinium
2490 2946 2711 3001 illorum
2734 2947 3037 3017 suscipitis,
3062 2963 3127 3003 ac
3161 2956 3356 3004 vestrae
3385 2950 3753 3020 improbitatis

2166 3036 2535 3093 instrumenta
2566 3035 2691 3092 illos
2721 3035 2921 3094 facitis.
2949 3038 3154 3093 Verum
3189 3054 3302 3094 non
3326 3047 3413 3094 est
3448 3040 3566 3096 haec
3591 3042 3752 3112 aegri-

440 3132 674 3208 ’Ἂρκεῖ
724 3136 785 3190 δὲ
836 3136 977 3209 πρὸς
1013 3137 1293 3204 ἀπόδειξιν
1351 3140 1450 3193 καὶ
1499 3138 1719 3212 ἔλεγχον
1765 3142 1967 3210 αὐτῶν,
1999 3142 2061 3196 τὸ

2168 3128 2378 3183 tudinis
2396 3142 2561 3182 causa
2590 3143 2605 3181 :
2636 3127 2747 3182 imo
2771 3127 3066 3199 episcopus
3086 3136 3271 3185 vester
3290 3128 3751 3202 nihil;quidquam

460 3227 611 3301 μηδέ
631 3224 859 3281 πώποτε
892 3230 953 3281 ἐν
981 3230 1103 3292 ταῖς
1148 3230 1505 3302 Ἐκκλησίαις
1531 3230 1707 3287 ταῦτα
1736 3232 1891 3305 παρά
1917 3234 2063 3298 τινος

2164 3219 2411 3275 oﬁ'ensus
2441 3225 2526 3274 est
2546 3218 2625 3272 illi
2651 3218 2748 3289 qui
2781 3218 2907 3274 istic
2932 3219 3065 3290 agit.
3106 3218 3214 3275 Sed
3247 3221 3434 3277 turbat
3462 3222 3751 3278 universos

442 3316 749 3389 εἰρῆσθαι,
786 3315 900 3373 οἷον
943 3320 1010 3392 δὴ
1042 3316 1107 3374 τὸ
1146 3321 1401 3392 κείμενον
1423 3323 1482 3375 ἐν
1513 3322 1633 3387 ταῖς
1665 3323 2064 3396 αὐτοῦ-ἐξηγή-

458 3406 645 3464 σεσιν.
679 3411 836 3482 Ἔχει
854 3411 914 3464 δὲ
941 3409 1117 3476 οὕτως
1158 3408 1473 3485 Νεστόριοςο
1513 3414 1624 3469 «ού
1649 3417 1770 3479 ταῖς
1793 3420 2063 3487 κραυγαῖς

455 3492 646 3572 κρίνω
680 3498 890 3570 τὴνείς
926 3494 1030 3572 ἐμὲ
1086 3500 1497 3575 φιλοστοργίαν,
1541 3503 1679 3559 ἀλλὰ
1724 3504 1803 3577 τῷ
1839 3503 2064 3578 περὶτὰ

455 3590 724 3664 δόγματα
751 3590 927 3663 πόθῳ,
969 3593 1069 3646 καὶ
1089 3592 1169 3664 τῷ
1204 3596 1517 3667 μεμνῆσθαι
1545 3596 1646 3667 τῆς
1670 3596 1766 3651 τοῦ
1788 3598 2060 3653 Δεσπότω

455 3682 583 3737 καῖ’
597 3681 856 3753 θεότητος
902 3683 1035 3755 ’ἅμα
1076 3685 1187 3739 καὶ
1239 3685 1681 3758 άνθρωπότητος.
1712 3709 1731 3742 ι
1765 3689 1878 3749 Καὶ
1940 3690 2060 3761 μετ’

454 3766 659 3840 ὀλίγαθ
703 3767 1136 3845 «Καιπροσέχω
1165 3777 1283 3838 τοῖς
1312 3774 1644 3849 ὴμετέροιςι
1680 3778 1875 3849 δήμοις
1903 3779 2061 3835 εὐλά-

455 3862 623 3915 ϐειαν
660 3863 763 3934 μὲν
794 3863 995 3936 πολλὴν
1021 3862 1407 3937 κεκτημένοις,
1453 3868 1547 3921 καὶ
1587 3868 1932 3941 θερμοτάτην
1965 3871 2059 3924 εὐ-

458 3952 715 4017 σέϐειαν,
750 3954 846 4007 ἐπὶ
892 3954 950 4008 δὲ
998 3954 1099 4027 τῆς
1128 3957 1257 4028 περὶ
1288 3956 1350 4011 τὸ
1402 3957 1582 4029 δόγμα
1628 3958 1981 4029 θεογνωσίας,
2006 3961 2062 4015 ἀ-

453 4043 656 4112 γνοίας
699 4044 1181 4123 πεπληρωμένοις.
1215 4047 1387 4102 Τοῦτο
1413 4048 1472 4101 δὲ
1516 4050 1618 4104 οὐκ
1658 4050 1909 4123 ἔγκλημα
1951 4052 2059 4105 τῶν

452 4133 643 4187 λαῶν·
674 4122 825 4189 ἀλλά
845 4137 965 4202 πῶς
992 4135 1062 4192 ἂν
1105 4140 1405 4211 εὐπρεπῶς
1428 4143 1641 4212 εἴποιμι
1678 4142 1742 4196 τὸ
1908 4144 2058 4215 ἔχειν

452 4228 595 4307 τοὺς
628 4226 990 4293 διδασκάλους
1024 4231 1240 4302 καιρὸν,
1271 4232 1368 4286 καί
1397 4251 1452 4286 τι
1492 4233 1603 4287 τῶν
1648 4235 2059 4308 ἀκριϐεστέρων

454 4304 601 4387 ύμῖν
618 4326 663 4354 ιι
683 4318 1032 4391 παραθέσθαι
1056 4321 1346 4392 δογμάτων
1368 4341 1384 4391 ;
1412 4344 1431 4376 ι
1460 4324 1587 4389 Πῶς
1604 4304 1743 4398 γάρξ
1770 4326 1869 4381 οὐκ
1898 4304 2058 4398 ἐσχό-

418 4400 419 4403 “
451 4407 641 4461 λασαν
668 4409 721 4461 ot
752 4409 859 4479 πρὸ
894 4410 1099 4477 αὐτοῦς
1142 4407 1295 4484 7Αρά
1332 4431 1399 4482 γε
1444 4414 1854 4487 εὐστομώτερός
1909 4417 2057 4471 ἐστιν

2162 3325 2288 3365 cum
2299 3308 2560 3376 Orientis,
2579 3315 2693 3364 tum
2709 3309 3022 3366 Occidentis
3039 3320 3259 3380 quaque
3273 3312 3582 3382 episcopos,
3603 3314 3750 3384 quod

2161 3401 2414 3458 doctrina
2468 3401 2537 3457 de
2587 3401 2808 3456 Christo
2859 3416 3209 3471 nequaquam
3250 3402 3486 3468 sincera,
3522 3402 3632 3476 34
3653 3405 3749 3459 sed

2160 3508 2419 3564 perversa
2442 3492 2711 3548 tradatur.
2732 3491 2816 3548 Ad
2836 3493 2994 3565 cujus
3019 3492 3545 3550 demonstrationem
3568 3495 3749 3565 publi-

2160 3598 2390 3655 camque
2439 3584 2887 3656 redargutionem
2935 3602 3108 3641 unum
3157 3586 3264 3643 hoc
3303 3595 3389 3643 sat
3433 3598 3548 3655 est,
3596 3590 3747 3661 quod

2158 3675 2431 3746 ejusmodi
2464 3676 2521 3730 in
2557 3677 2670 3732 illis
2707 3677 3033 3748 exegesibus
3068 3679 3340 3749 legantur,
3372 3681 3681 3751 cujusmodi
3715 3699 3748 3737 a

2158 3767 2381 3822 nemine
2422 3783 2666 3837 unquam
2711 3768 2770 3823 in
2810 3768 3078 3824 Ecclesiis
3124 3769 3270 3825 dicta
3309 3772 3744 3841 comperiantur.

2162 3856 2254 3914 Sic
2286 3868 2473 3914 autem
2502 3858 2725 3915 habent.
2744 3860 3055 3915 Nestorius.
3092 3879 3112 3912 ι
3142 3861 3337 3932 Populi
3361 3870 3489 3934 erga
3515 3880 3601 3920 me
3625 3872 3746 3920 stu-

2158 3949 2318 4005 dium
2372 3965 2486 4006 non
2530 3951 2681 4022 vulgi
2716 3951 3249 4018 acclamationibus,
3283 3953 3381 4009 sed
3428 3955 3744 4026 dogmatum

2158 4040 2436 4097 desiderio
2470 4043 2693 4107 metior,
2723 4057 2787 4097 ac
2832 4042 3000 4098 etiam
3041 4044 3090 4098 si
3130 4045 3353 4101 deitatis
3386 4046 3549 4102 simul
3579 4055 3745 4117 atque

2158 4130 2519 4187 humanitatis
2534 4131 2750 4186 Domini
2768 4132 2882 4186 sint
2904 4147 3197 4189 memores.
3230 4153 3249 4187 ι
3277 4134 3347 4190 Et
3361 4135 3551 4204 paucis
3573 4136 3745 4192 inter-

2153 4221 2318 4292 jectis
2362 4238 2376 4275 :
2420 4239 2439 4273 ι
2472 4221 2874 4278 Animadverto
2915 4223 3133 4292 plebem
3187 4232 3433 4280 nostram
3479 4226 3743 4295 praeclaro

2096 4314 2101 4317 ’
2157 4311 2442 4383 religionis
2462 4318 2521 4366 et
2542 4311 2766 4381 pietatis
2799 4311 2985 4366 studio
3012 4312 3264 4378 fervere;
3297 4314 3394 4368 sed
3424 4328 3619 4385 magna
3655 4316 3741 4370 in-

2157 4399 2320 4455 terim
2355 4399 2559 4455 divinze
2589 4399 2801 4453 notitiae
2832 4397 3171 4468 ignoratione
3209 4400 3387 4455 teneri
3414 4401 3595 4457 video.
3629 4403 3741 4459 Ne-

465 4496 771 4565 Ἰωάννους
802 4501 949 4566 Ἶσος
984 4502 1043 4556 δὲ
1069 4503 1164 4557 τοῦ
1200 4507 1472 4578 μακαρίου
1513 4507 1785 4573 Ἀττικοῦ,
1812 4508 1906 4562 καὶ
1931 4524 2057 4561 συν·

2162 4509 2268 4565 que
2301 4493 2480 4547 tamen
2509 4491 2565 4547 id
2590 4491 2694 4562 ipsi
2723 4490 2928 4562 populo
2954 4491 3090 4547 vitio
3111 4492 3439 4548 vertendum
3461 4493 3737 4559 existimo,

452 4588 773 4660 ετώτερος;
809 4590 911 4654 Τίς
958 4592 993 4663 ή
1037 4593 1212 4665 ὀφρῦς
1258 4595 1430 4668 αὖτη;
1460 4580 1680 4652 Μᾶλλον
1709 4598 1786 4666 δὲ,
1809 4598 1928 4663 πῶς
1957 4600 2054 4670 οὐχ

451 4682 826 4753 ὡμολόγησεν
857 4684 1126 4756 ἐναργῶς.
1160 4688 1242 4743 ὅτι
1274 4689 1437 4761 ξένην
1468 4692 1565 4745 καὶ
1614 4692 1858 4765 ἀσυνήθη
1910 4692 2059 4747 διδα-

453 4773 703 4828 σκαλίαν
723 4774 1011 4844 εἰσήγαγε,
1049 4779 1146 4832 καὶ
1178 4781 1293 4844 τοῖς
1321 4772 1431 4851 πρδ
1467 4780 1635 4837 αὐτοῦ
1658 4784 1748 4855 ⁵μὴ
1781 4785 2061 4855 ἐγνωσμέ-

454 4881 589 4935 νην,
608 4864 703 4918 διὰ
732 4865 833 4933 τὴν
866 4866 1119 4933 ἀτοπίαν,
1149 4869 1286 4941 μήτε
1314 4872 1373 4925 ἐν
1398 4871 1642 4943 συλλόγῳ
1666 4873 1898 4940 πιστῶν,
1920 4876 2057 4946 μήτε

400 4964 411 4967 “
451 4958 517 5011 ἐν
557 4955 753 5024 ἁγίαις
801 4956 1190 5029 Ἑκκλησίαιςς
1261 4962 1418 5032 Ἐμοὶ
1466 4962 1647 5017 τοίνυν
1704 4966 1843 5037 πρὸς
1890 4967 2058 5020 αὑτὸν

450 5048 597 5121 περὶ
625 5049 975 5118 πραγμάτων
991 5049 1130 5114 τέως
1152 5051 1307 5121 λόγος
1326 5054 1448 5107 οὐδὲ
1469 5050 1568 5118 εἷς.
1593 5056 1807 5110 Γένοιτο
1832 5056 1888 5110 δὲ
1922 5058 2055 5128 μᾶλ-

450 5137 551 5192 λον
588 5138 929 5208 μετανοῆσαι
984 5140 1167 5205 αὐτὸν,
1207 5143 1302 5197 καὶ
1351 5144 1453 5217 τὴν
1496 5144 1665 5218 ὀρθὴν
1716 5148 2054 5219 ὁμολογῆσαι

452 5230 653 5285 πίστιν
675 5248 692 5262 ·
721 5230 819 5285 καὶ
860 5231 1003 5304 ὑπὲρ
1036 5225 1112 5287 ὧν
1144 5234 1227 5298 είς
1277 5235 1379 5306 ἐμὲ
1425 5238 1726 5309 πεποίηκεν
1770 5240 2051 5312 ἐρεθίζων,

451 5319 559 5374 καὶ
596 5320 916 5392 ἐπαλείφων
946 5323 1069 5376 κατ’
1101 5325 1239 5393 ἐμοῦ
1262 5326 1390 5388 τοὺς
1417 5325 1669 5396 ἐχθροὺς,
1718 5330 2055 5399 ἀπολογήσε-

444 5426 549 5464 ται
581 5409 668 5481 τῷ
704 5409 852 5482 Θεῷ.
885 5411 1054 5465 Οὐδὲν
1093 5411 1148 5465 δὲ
1196 5412 1532 5484 θαυμαστὸν,
1576 5416 1625 5468 εί
1670 5416 1856 5479 κακῶς
1903 5419 2055 5487 ἡμᾶς

464 5548 473 5560 ·
530 5530 757 5606 "s'bsat.
786 5546 910 5616 cn,
941 5551 998 5606 ι.

2161 4585 2280 4652 sed,
2306 4594 2369 4641 ut
2389 4584 2638 4641 modeste
2660 4584 2877 4654 loquar,
2899 4584 3029 4655 quia
3050 4584 3371 4642 doctoribus
3393 4595 3505 4642 non
3525 4595 3740 4644 tantum

2153 4678 2401 4748 suppetit
2421 4676 2523 4733 otii
2553 4684 2617 4731 ut
2637 4676 2921 4747 quidpiam
2959 4677 3274 4733 accuratius
3299 4678 3369 4735 de
3393 4679 3740 4750 dogmatibus

2152 4768 2313 4824 vobis
2329 4775 2659 4839 proponant.
2690 4786 2709 4819 ι
2738 4766 2895 4833 Quod
2921 4767 3028 4822 hoc
3050 4767 3443 4837 supercilium?
3460 4769 3737 4840 Numquid

2153 4855 2250 4927 qui
2281 4857 2436 4910 illum
2460 4864 2900 4923 antecesserunt,
2928 4855 3195 4913 doctrinae
3220 4857 3349 4915 ﬁdei
3366 4874 3601 4930 operam
3624 4876 3735 4915 non

2154 4965 2460 5022 dederunt?
2483 4963 2781 5034 Numquid
2798 4965 3150 5036 eloquentior
3180 4975 3265 5023 est
3291 4967 3537 5024 Joanne?
3561 4969 3733 5024 Num-

2152 5058 2287 5128 quid
2323 5057 2550 5127 :equalis
2586 5058 2673 5113 vel
2706 5057 3011 5129 sapientior
3041 5068 3127 5116 est
3163 5060 3326 5116 beato
3360 5060 3578 5114 Attico?
3617 5061 3735 5115 lino

2150 5163 2285 5203 vero
2343 5162 2444 5202 cur
2480 5147 2718 5218 ingenue
2754 5161 2870 5203 non
2911 5151 3160 5221 agnoscit
3192 5151 3497 5206 doctrinam
3536 5164 3598 5205 se
3641 5152 3730 5207 in-

2150 5238 2364 5295 vexisse
2415 5239 2796 5309 peregrinam,
2826 5240 3118 5310 planeque
3164 5241 3518 5306 inusitatam,
3566 5240 3730 5297 talem

2151 5329 2389 5400 denique
2423 5334 2563 5399 quae
2586 5340 2685 5385 Sua
2723 5330 3063 5386 absurditate
3100 5333 3406 5402 majoribus
3436 5333 3641 5389 nostris
3671 5332 3730 5387 in

2150 5420 2318 5474 nullis
2356 5426 2604 5488 unquam
2644 5419 2907 5474 Ecclesiis
2947 5428 3045 5476 aut
3083 5420 3326 5480 ﬁdelium
3358 5426 3600 5487 cratibus
3632 5437 3737 5480 (ιο-π

1548 5658 1720 5715 Variae
1744 5659 2005 5714 lectiones
2025 5659 2229 5715 codicis
2249 5660 2608 5731 Seguieriam.

534 5776 556 5814 ³
596 5774 952 5846 νεκροῦντας.
1063 5772 1076 5824 i
1116 5775 1295 5846 ἡμῶν.
1375 5776 1401 5815 k
1438 5777 1611 5846 ἡμῶν.

1699 5776 1716 5815 1
1760 5778 2065 5850 ὑμετέροις.

2140 5790 2176 5817 ιιι
2207 5782 2360 5853 ἡμῖν.
