  <div class='ocr_page' id='page_1' title='image "/cluster/home/n/w/nwhite01/storage/ocr_20150623/77:no.10/coo.31924054869783/041.png"; bbox 0 0 4058 6454; ppageno 0'>
   <div class='ocr_carea' id='block_1_1' title="bbox 421 302 3697 382">
    <p class='ocr_par' dir='ltr' id='par_1_1' title="bbox 421 302 3697 382">
     <span class='ocr_line' id='line_1_1' title="bbox 421 302 3697 382; baseline -0.004 -1"><span class='ocrx_word' id='word_1_1' title='bbox 421 314 492 382; x_wconf 77' lang='grc' dir='ltr'><strong>6⁴ί</strong></span> <span class='ocrx_word' id='word_1_2' title='bbox 1442 312 1505 377; x_wconf 84' lang='lat' dir='ltr'><strong>S.</strong></span> <span class='ocrx_word' id='word_1_3' title='bbox 1544 311 1821 377; x_wconf 69' lang='lat' dir='ltr'><strong>CYRILLI</strong></span> <span class='ocrx_word' id='word_1_4' title='bbox 1860 310 2331 373; x_wconf 75' lang='lat' dir='ltr'><strong>ALEXANDRINI</strong></span> <span class='ocrx_word' id='word_1_5' title='bbox 2368 304 2688 373; x_wconf 76' lang='lat' dir='ltr'><strong>ARCiﬂEP.</strong></span> <span class='ocrx_word' id='word_1_6' title='bbox 3626 302 3697 368; x_wconf 77' lang='lat'><strong>88</strong></span> 
     </span>
    </p>
   </div>
   <div class='ocr_carea' id='block_1_2' title="bbox 420 429 1993 510">
    <p class='ocr_par' dir='ltr' id='par_1_2' title="bbox 420 432 1993 510">
     <span class='ocr_line' id='line_1_2' title="bbox 420 432 1993 510; baseline -0.005 -15"><span class='ocrx_word' id='word_1_7' title='bbox 420 439 575 510; x_wconf 79' lang='lat' dir='ltr'><strong>gnita</strong></span> <span class='ocrx_word' id='word_1_8' title='bbox 604 437 744 494; x_wconf 73' lang='lat' dir='ltr'><strong>fuit?</strong></span> <span class='ocrx_word' id='word_1_9' title='bbox 773 435 906 494; x_wconf 76' lang='lat' dir='ltr'><strong>Mihi</strong></span> <span class='ocrx_word' id='word_1_10' title='bbox 945 437 1130 507; x_wconf 88' lang='lat' dir='ltr'><strong>itaque</strong></span> <span class='ocrx_word' id='word_1_11' title='bbox 1156 449 1285 491; x_wconf 92' lang='lat' dir='ltr'><strong>cum</strong></span> <span class='ocrx_word' id='word_1_12' title='bbox 1306 447 1375 490; x_wconf 86' lang='lat' dir='ltr'><strong>eo</strong></span> <span class='ocrx_word' id='word_1_13' title='bbox 1399 434 1539 490; x_wconf 82' lang='lat' dir='ltr'>nihil</span> <span class='ocrx_word' id='word_1_14' title='bbox 1569 434 1776 506; x_wconf 82' lang='lat' dir='ltr'><strong>negotii</strong></span> <span class='ocrx_word' id='word_1_15' title='bbox 1810 443 1914 489; x_wconf 84' lang='lat' dir='ltr'><strong>est.</strong></span> <span class='ocrx_word' id='word_1_16' title='bbox 1947 432 1993 487; x_wconf 81' lang='lat' dir='ltr'><strong>id</strong></span> 
     </span>
    </p>
   </div>
   <div class='ocr_carea' id='block_1_3' title="bbox 2091 429 3691 510">
    <p class='ocr_par' dir='ltr' id='par_1_3' title="bbox 2109 429 3691 506">
     <span class='ocr_line' id='line_1_3' title="bbox 2109 429 3691 506; baseline 0.001 -20"><span class='ocrx_word' id='word_1_17' title='bbox 2109 433 2362 503; x_wconf 88' lang='grc' dir='ltr'>λέγουσιν</span> <span class='ocrx_word' id='word_1_18' title='bbox 2378 435 2434 487; x_wconf 90' lang='grc' dir='ltr'><strong>αἰ</strong></span> <span class='ocrx_word' id='word_1_19' title='bbox 2452 432 2677 504; x_wconf 87' lang='grc' dir='ltr'>κοπρίαι</span> <span class='ocrx_word' id='word_1_20' title='bbox 2691 430 2795 503; x_wconf 81' lang='grc' dir='ltr'><strong>τῆς</strong></span> <span class='ocrx_word' id='word_1_21' title='bbox 2818 430 3029 496; x_wconf 88' lang='grc' dir='ltr'>πόλεως</span> <span class='ocrx_word' id='word_1_22' title='bbox 3062 429 3391 504; x_wconf 74' lang='grc' dir='ltr'><strong>Χαιρήμων,</strong></span> <span class='ocrx_word' id='word_1_23' title='bbox 3414 430 3691 506; x_wconf 76' lang='grc' dir='ltr'>Οὐῒκτωρ,</span> 
     </span>
    </p>
   </div>
   <div class='ocr_carea' id='block_1_4' title="bbox 420 525 2055 609">
    <p class='ocr_par' dir='ltr' id='par_1_4' title="bbox 420 525 2055 609">
     <span class='ocr_line' id='line_1_4' title="bbox 420 525 2055 609; baseline -0.004 -24"><span class='ocrx_word' id='word_1_24' title='bbox 420 530 608 601; x_wconf 92' lang='lat' dir='ltr'><strong>potius</strong></span> <span class='ocrx_word' id='word_1_25' title='bbox 623 525 862 594; x_wconf 67' lang='lat' dir='ltr'><strong>eveniat,</strong></span> <span class='ocrx_word' id='word_1_26' title='bbox 882 536 942 583; x_wconf 91' lang='lat' dir='ltr'><strong>ut</strong></span> <span class='ocrx_word' id='word_1_27' title='bbox 960 528 1030 582; x_wconf 86' lang='lat' dir='ltr'><strong>ad</strong></span> <span class='ocrx_word' id='word_1_28' title='bbox 1054 541 1245 582; x_wconf 82' lang='lat' dir='ltr'><strong>sanam</strong></span> <span class='ocrx_word' id='word_1_29' title='bbox 1271 534 1512 581; x_wconf 79' lang='lat' dir='ltr'><strong>mentem</strong></span> <span class='ocrx_word' id='word_1_30' title='bbox 1536 526 1747 592; x_wconf 86' lang='lat' dir='ltr'><strong>redeat,</strong></span> <span class='ocrx_word' id='word_1_31' title='bbox 1773 532 2007 581; x_wconf 89' lang='lat' dir='ltr'><strong>rectam-</strong></span> <span class='ocrx_word' id='word_1_32' title='bbox 2050 606 2055 609; x_wconf 20' lang='grc' dir='ltr'><strong>Ι</strong></span> 
     </span>
    </p>
   </div>
   <div class='ocr_carea' id='block_1_5' title="bbox 419 618 2005 691">
    <p class='ocr_par' dir='ltr' id='par_1_5' title="bbox 419 618 2005 691">
     <span class='ocr_line' id='line_1_5' title="bbox 419 618 2005 691; baseline -0.003 -15"><span class='ocrx_word' id='word_1_33' title='bbox 419 636 531 691; x_wconf 83' lang='lat' dir='ltr'><strong>que</strong></span> <span class='ocrx_word' id='word_1_34' title='bbox 566 620 730 676; x_wconf 82' lang='lat' dir='ltr'><strong>fidem</strong></span> <span class='ocrx_word' id='word_1_35' title='bbox 767 627 1052 690; x_wconf 73' lang='lat' dir='ltr'><strong>agnoscat;</strong></span> <span class='ocrx_word' id='word_1_36' title='bbox 1083 619 1153 674; x_wconf 90' lang='lat' dir='ltr'><strong>de</strong></span> <span class='ocrx_word' id='word_1_37' title='bbox 1193 618 1280 674; x_wconf 86' lang='lat' dir='ltr'><strong>his</strong></span> <span class='ocrx_word' id='word_1_38' title='bbox 1307 633 1442 673; x_wconf 90' lang='lat' dir='ltr'><strong>vero</strong></span> <span class='ocrx_word' id='word_1_39' title='bbox 1475 632 1598 688; x_wconf 70' lang='lat' dir='ltr'><strong>qua:</strong></span> <span class='ocrx_word' id='word_1_40' title='bbox 1637 618 1695 672; x_wconf 89' lang='lat' dir='ltr'><strong>in</strong></span> <span class='ocrx_word' id='word_1_41' title='bbox 1725 633 1817 673; x_wconf 89' lang='lat' dir='ltr'><strong>me</strong></span> <span class='ocrx_word' id='word_1_42' title='bbox 1849 632 2005 672; x_wconf 91' lang='lat' dir='ltr'><strong>com-</strong></span> 
     </span>
    </p>
   </div>
   <div class='ocr_carea' id='block_1_6' title="bbox 418 707 2002 780">
    <p class='ocr_par' dir='ltr' id='par_1_6' title="bbox 418 707 2002 780">
     <span class='ocr_line' id='line_1_6' title="bbox 418 707 2002 780; baseline -0.003 -14"><span class='ocrx_word' id='word_1_43' title='bbox 418 713 590 778; x_wconf 90' lang='lat' dir='ltr'><strong>misit,</strong></span> <span class='ocrx_word' id='word_1_44' title='bbox 626 711 914 778; x_wconf 89' lang='lat' dir='ltr'><strong>irritando,</strong></span> <span class='ocrx_word' id='word_1_45' title='bbox 939 718 996 767; x_wconf 89' lang='lat' dir='ltr'><strong>et</strong></span> <span class='ocrx_word' id='word_1_46' title='bbox 1024 710 1211 766; x_wconf 79' lang='lat' dir='ltr'><strong>hostes</strong></span> <span class='ocrx_word' id='word_1_47' title='bbox 1235 709 1527 765; x_wconf 88' lang='lat' dir='ltr'><strong>adversum</strong></span> <span class='ocrx_word' id='word_1_48' title='bbox 1551 724 1640 763; x_wconf 91' lang='lat' dir='ltr'><strong>me</strong></span> <span class='ocrx_word' id='word_1_49' title='bbox 1668 707 2002 780; x_wconf 87' lang='lat' dir='ltr'><strong>instigando,</strong></span> 
     </span>
    </p>
   </div>
   <div class='ocr_carea' id='block_1_7' title="bbox 418 801 2002 876">
    <p class='ocr_par' dir='ltr' id='par_1_7' title="bbox 418 801 2002 876">
     <span class='ocr_line' id='line_1_7' title="bbox 418 801 2002 876; baseline -0.003 -17"><span class='ocrx_word' id='word_1_50' title='bbox 418 805 566 876; x_wconf 87' lang='lat' dir='ltr'><strong>apud</strong></span> <span class='ocrx_word' id='word_1_51' title='bbox 587 805 762 860; x_wconf 92' lang='lat' dir='ltr'><strong>Deum</strong></span> <span class='ocrx_word' id='word_1_52' title='bbox 796 819 1019 859; x_wconf 83' lang='lat' dir='ltr'><strong>causam</strong></span> <span class='ocrx_word' id='word_1_53' title='bbox 1055 802 1223 859; x_wconf 83' lang='lat' dir='ltr'><strong>dicet.</strong></span> <span class='ocrx_word' id='word_1_54' title='bbox 1260 801 1409 856; x_wconf 88' lang='lat' dir='ltr'><strong>Nihil</strong></span> <span class='ocrx_word' id='word_1_55' title='bbox 1450 810 1636 856; x_wconf 91' lang='lat' dir='ltr'><strong>autem</strong></span> <span class='ocrx_word' id='word_1_56' title='bbox 1665 801 1868 855; x_wconf 89' lang='lat' dir='ltr'><strong>mirum</strong></span> <span class='ocrx_word' id='word_1_57' title='bbox 1896 809 2002 867; x_wconf 91' lang='lat' dir='ltr'><strong>est,</strong></span> 
     </span>
    </p>
   </div>
   <div class='ocr_carea' id='block_1_8' title="bbox 416 893 2006 963">
    <p class='ocr_par' dir='ltr' id='par_1_8' title="bbox 416 893 2006 963">
     <span class='ocr_line' id='line_1_8' title="bbox 416 893 2006 963; baseline -0.002 -11"><span class='ocrx_word' id='word_1_58' title='bbox 416 898 465 953; x_wconf 91' lang='lat' dir='ltr'><strong>si</strong></span> <span class='ocrx_word' id='word_1_59' title='bbox 494 896 735 953; x_wconf 91' lang='lat' dir='ltr'><strong>civitatis</strong></span> <span class='ocrx_word' id='word_1_60' title='bbox 767 897 950 962; x_wconf 64' lang='lat' dir='ltr'><strong>faeces,</strong></span> <span class='ocrx_word' id='word_1_61' title='bbox 979 895 1325 960; x_wconf 55' lang='lat' dir='ltr'><strong>Chaeremon,</strong></span> <span class='ocrx_word' id='word_1_62' title='bbox 1350 893 1560 958; x_wconf 84' lang='lat' dir='ltr'><strong>Victor,</strong></span> <span class='ocrx_word' id='word_1_63' title='bbox 1587 893 1925 963; x_wconf 88' lang='lat' dir='ltr'><strong>Sophronas,</strong></span> <span class='ocrx_word' id='word_1_64' title='bbox 1948 900 2006 949; x_wconf 87' lang='lat' dir='ltr'><strong>et</strong></span> 
     </span>
    </p>
   </div>
   <div class='ocr_carea' id='block_1_9' title="bbox 416 985 2005 1057">
    <p class='ocr_par' dir='ltr' id='par_1_9' title="bbox 416 985 2005 1057">
     <span class='ocr_line' id='line_1_9' title="bbox 416 985 2005 1057; baseline -0.001 -15"><span class='ocrx_word' id='word_1_65' title='bbox 416 987 714 1044; x_wconf 87' lang='lat' dir='ltr'><strong>facinorosi</strong></span> <span class='ocrx_word' id='word_1_66' title='bbox 772 987 1019 1043; x_wconf 81' lang='lat' dir='ltr'><strong>Flaviani</strong></span> <span class='ocrx_word' id='word_1_67' title='bbox 1063 987 1330 1057; x_wconf 87' lang='lat' dir='ltr'><strong>puerulus</strong></span> <span class='ocrx_word' id='word_1_68' title='bbox 1383 986 1501 1041; x_wconf 88' lang='lat' dir='ltr'><strong>suis</strong></span> <span class='ocrx_word' id='word_1_69' title='bbox 1548 1001 1652 1041; x_wconf 90' lang='lat' dir='ltr'><strong>nos</strong></span> <span class='ocrx_word' id='word_1_70' title='bbox 1694 985 2005 1041; x_wconf 86' lang='lat' dir='ltr'><strong>maledictis</strong></span> 
     </span>
    </p>
   </div>
   <div class='ocr_carea' id='block_1_10' title="bbox 412 1076 2003 1149">
    <p class='ocr_par' dir='ltr' id='par_1_10' title="bbox 412 1076 2003 1149">
     <span class='ocr_line' id='line_1_10' title="bbox 412 1076 2003 1149; baseline -0.001 -17"><span class='ocrx_word' id='word_1_71' title='bbox 412 1076 759 1132; x_wconf 87' lang='lat' dir='ltr'><strong>insectentur</strong></span> <span class='ocrx_word' id='word_1_72' title='bbox 792 1094 1051 1149; x_wconf 85' lang='lat' dir='ltr'><strong>:semper</strong></span> <span class='ocrx_word' id='word_1_73' title='bbox 1088 1078 1237 1132; x_wconf 91' lang='lat' dir='ltr'><strong>enim</strong></span> <span class='ocrx_word' id='word_1_74' title='bbox 1275 1092 1400 1132; x_wconf 90' lang='lat' dir='ltr'><strong>cum</strong></span> <span class='ocrx_word' id='word_1_75' title='bbox 1441 1077 1497 1131; x_wconf 90' lang='lat' dir='ltr'><strong>in</strong></span> <span class='ocrx_word' id='word_1_76' title='bbox 1540 1076 1772 1147; x_wconf 88' lang='lat' dir='ltr'><strong>seipsos,</strong></span> <span class='ocrx_word' id='word_1_77' title='bbox 1799 1084 1915 1131; x_wconf 90' lang='lat' dir='ltr'><strong>tum</strong></span> <span class='ocrx_word' id='word_1_78' title='bbox 1946 1077 2003 1130; x_wconf 92' lang='lat' dir='ltr'><strong>in</strong></span> 
     </span>
    </p>
   </div>
   <div class='ocr_carea' id='block_1_11' title="bbox 415 1169 2005 1240">
    <p class='ocr_par' dir='ltr' id='par_1_11' title="bbox 415 1169 2005 1240">
     <span class='ocr_line' id='line_1_11' title="bbox 415 1169 2005 1240; baseline -0.001 -14"><span class='ocrx_word' id='word_1_79' title='bbox 415 1179 648 1226; x_wconf 72' lang='lat' dir='ltr'><strong>caeteros</strong></span> <span class='ocrx_word' id='word_1_80' title='bbox 685 1185 904 1240; x_wconf 85' lang='lat' dir='ltr'><strong>quoque</strong></span> <span class='ocrx_word' id='word_1_81' title='bbox 946 1185 1138 1226; x_wconf 91' lang='lat' dir='ltr'><strong>omnes</strong></span> <span class='ocrx_word' id='word_1_82' title='bbox 1174 1169 1413 1240; x_wconf 82' lang='lat' dir='ltr'><strong>improbi</strong></span> <span class='ocrx_word' id='word_1_83' title='bbox 1443 1170 1794 1224; x_wconf 75' lang='lat' dir='ltr'><strong>exstiterunt.</strong></span> <span class='ocrx_word' id='word_1_84' title='bbox 1843 1169 2005 1224; x_wconf 88' lang='lat' dir='ltr'><strong>Norit</strong></span> 
     </span>
    </p>
   </div>
   <div class='ocr_carea' id='block_1_12' title="bbox 416 1261 2003 1332">
    <p class='ocr_par' dir='ltr' id='par_1_12' title="bbox 416 1261 2003 1332">
     <span class='ocr_line' id='line_1_12' title="bbox 416 1261 2003 1332; baseline 0.001 -18"><span class='ocrx_word' id='word_1_85' title='bbox 416 1270 601 1317; x_wconf 91' lang='lat' dir='ltr'><strong>autem</strong></span> <span class='ocrx_word' id='word_1_86' title='bbox 628 1262 723 1332; x_wconf 90' lang='lat' dir='ltr'><strong>qui</strong></span> <span class='ocrx_word' id='word_1_87' title='bbox 754 1262 919 1317; x_wconf 88' lang='lat' dir='ltr'><strong>hosce</strong></span> <span class='ocrx_word' id='word_1_88' title='bbox 948 1261 1243 1317; x_wconf 83' lang='lat' dir='ltr'><strong>adversum</strong></span> <span class='ocrx_word' id='word_1_89' title='bbox 1284 1277 1385 1317; x_wconf 91' lang='lat' dir='ltr'><strong>nos</strong></span> <span class='ocrx_word' id='word_1_90' title='bbox 1409 1262 1662 1328; x_wconf 80' lang='lat' dir='ltr'><strong>armavit,</strong></span> <span class='ocrx_word' id='word_1_91' title='bbox 1694 1276 1796 1317; x_wconf 87' lang='lat' dir='ltr'><strong>nos</strong></span> <span class='ocrx_word' id='word_1_92' title='bbox 1822 1277 2003 1331; x_wconf 89' lang='lat' dir='ltr'><strong>neque</strong></span> 
     </span>
    </p>
   </div>
   <div class='ocr_carea' id='block_1_13' title="bbox 414 1353 2003 1425">
    <p class='ocr_par' dir='ltr' id='par_1_13' title="bbox 414 1353 2003 1425">
     <span class='ocr_line' id='line_1_13' title="bbox 414 1353 2003 1425; baseline 0 -17"><span class='ocrx_word' id='word_1_93' title='bbox 414 1353 634 1425; x_wconf 77' lang='lat' dir='ltr'><strong>longam</strong></span> <span class='ocrx_word' id='word_1_94' title='bbox 656 1354 1153 1425; x_wconf 82' lang='lat' dir='ltr'><strong>peregrinationem</strong></span> <span class='ocrx_word' id='word_1_95' title='bbox 1176 1354 1495 1419; x_wconf 81' lang='lat' dir='ltr'><strong>formidare,</strong></span> <span class='ocrx_word' id='word_1_96' title='bbox 1515 1369 1695 1423; x_wconf 86' lang='lat' dir='ltr'><strong>neque</strong></span> <span class='ocrx_word' id='word_1_97' title='bbox 1719 1353 2003 1423; x_wconf 86' lang='lat' dir='ltr'><strong>publicum</strong></span> 
     </span>
    </p>
   </div>
   <div class='ocr_carea' id='block_1_14' title="bbox 411 1443 2000 1517">
    <p class='ocr_par' dir='ltr' id='par_1_14' title="bbox 411 1443 2000 1517">
     <span class='ocr_line' id='line_1_14' title="bbox 411 1443 2000 1517; baseline 0 -20"><span class='ocrx_word' id='word_1_98' title='bbox 411 1443 702 1513; x_wconf 87' lang='lat' dir='ltr'><strong>judicium,</strong></span> <span class='ocrx_word' id='word_1_99' title='bbox 748 1445 795 1499; x_wconf 94' lang='lat' dir='ltr'><strong>si</strong></span> <span class='ocrx_word' id='word_1_100' title='bbox 835 1461 943 1515; x_wconf 86' lang='lat' dir='ltr'><strong>qua</strong></span> <span class='ocrx_word' id='word_1_101' title='bbox 990 1445 1376 1517; x_wconf 86' lang='lat' dir='ltr'><strong>opportunitas</strong></span> <span class='ocrx_word' id='word_1_102' title='bbox 1419 1444 1628 1507; x_wconf 88' lang='lat' dir='ltr'><strong>tulerit,</strong></span> <span class='ocrx_word' id='word_1_103' title='bbox 1671 1444 2000 1500; x_wconf 84' lang='lat' dir='ltr'><strong>detrectare.</strong></span> 
     </span>
    </p>
   </div>
   <div class='ocr_carea' id='block_1_15' title="bbox 415 1531 2001 1603">
    <p class='ocr_par' dir='ltr' id='par_1_15' title="bbox 415 1531 2001 1603">
     <span class='ocr_line' id='line_1_15' title="bbox 415 1531 2001 1603; baseline 0.001 -17"><span class='ocrx_word' id='word_1_104' title='bbox 415 1531 527 1587; x_wconf 88' lang='lat' dir='ltr'><strong>Usu</strong></span> <span class='ocrx_word' id='word_1_105' title='bbox 564 1548 802 1603; x_wconf 87' lang='lat' dir='ltr'><strong>namque</strong></span> <span class='ocrx_word' id='word_1_106' title='bbox 835 1534 1115 1591; x_wconf 86' lang='lat' dir='ltr'><strong>interdum</strong></span> <span class='ocrx_word' id='word_1_107' title='bbox 1151 1533 1343 1589; x_wconf 87' lang='lat' dir='ltr'><strong>venire</strong></span> <span class='ocrx_word' id='word_1_108' title='bbox 1376 1534 1536 1599; x_wconf 86' lang='lat' dir='ltr'><strong>solet,</strong></span> <span class='ocrx_word' id='word_1_109' title='bbox 1570 1542 1631 1588; x_wconf 89' lang='lat' dir='ltr'><strong>ut</strong></span> <span class='ocrx_word' id='word_1_110' title='bbox 1664 1534 1750 1588; x_wconf 91' lang='lat' dir='ltr'><strong>vel</strong></span> <span class='ocrx_word' id='word_1_111' title='bbox 1775 1533 2001 1603; x_wconf 79' lang='lat' dir='ltr'><strong>exigua-</strong></span> 
     </span>
    </p>
   </div>
   <div class='ocr_carea' id='block_1_16' title="bbox 412 1625 2004 1695">
    <p class='ocr_par' dir='ltr' id='par_1_16' title="bbox 412 1625 2004 1695">
     <span class='ocr_line' id='line_1_16' title="bbox 412 1625 2004 1695; baseline 0.003 -18"><span class='ocrx_word' id='word_1_112' title='bbox 412 1639 539 1678; x_wconf 86' lang='lat' dir='ltr'><strong>rum</strong></span> <span class='ocrx_word' id='word_1_113' title='bbox 580 1625 849 1695; x_wconf 85' lang='lat' dir='ltr'><strong>planeque</strong></span> <span class='ocrx_word' id='word_1_114' title='bbox 889 1626 1097 1682; x_wconf 85' lang='lat' dir='ltr'><strong>levium</strong></span> <span class='ocrx_word' id='word_1_115' title='bbox 1144 1642 1329 1681; x_wconf 89' lang='lat' dir='ltr'><strong>rerum</strong></span> <span class='ocrx_word' id='word_1_116' title='bbox 1374 1625 1663 1681; x_wconf 86' lang='lat' dir='ltr'><strong>occasione</strong></span> <span class='ocrx_word' id='word_1_117' title='bbox 1704 1625 2004 1682; x_wconf 83' lang='lat' dir='ltr'><strong>Salvatoris</strong></span> 
     </span>
    </p>
   </div>
   <div class='ocr_carea' id='block_1_17' title="bbox 412 1712 2001 1787">
    <p class='ocr_par' dir='ltr' id='par_1_17' title="bbox 412 1712 2001 1787">
     <span class='ocr_line' id='line_1_17' title="bbox 412 1712 2001 1787; baseline 0.004 -19"><span class='ocrx_word' id='word_1_118' title='bbox 412 1715 589 1769; x_wconf 90' lang='lat' dir='ltr'><strong>nostri</strong></span> <span class='ocrx_word' id='word_1_119' title='bbox 631 1712 980 1785; x_wconf 86' lang='lat' dir='ltr'><strong>providentia</strong></span> <span class='ocrx_word' id='word_1_120' title='bbox 1021 1717 1317 1772; x_wconf 89' lang='lat' dir='ltr'><strong>concilium</strong></span> <span class='ocrx_word' id='word_1_121' title='bbox 1364 1727 1544 1787; x_wconf 82' lang='lat' dir='ltr'><strong>cogat,</strong></span> <span class='ocrx_word' id='word_1_122' title='bbox 1587 1734 1699 1787; x_wconf 90' lang='lat' dir='ltr'><strong>quo</strong></span> <span class='ocrx_word' id='word_1_123' title='bbox 1739 1718 2001 1774; x_wconf 89' lang='lat' dir='ltr'><strong>nimirum</strong></span> 
     </span>
    </p>
   </div>
   <div class='ocr_carea' id='block_1_18' title="bbox 2106 523 3693 599">
    <p class='ocr_par' dir='ltr' id='par_1_18' title="bbox 2106 523 3693 599">
     <span class='ocr_line' id='line_1_18' title="bbox 2106 523 3693 599; baseline 0 -19"><span class='ocrx_word' id='word_1_124' title='bbox 2106 527 2424 597; x_wconf 82' lang='grc' dir='ltr'>Σωφρονᾶς,</span> <span class='ocrx_word' id='word_1_125' title='bbox 2452 525 2636 580; x_wconf 76' lang='grc' dir='ltr'>καὶτὸ</span> <span class='ocrx_word' id='word_1_126' title='bbox 2663 524 2758 579; x_wconf 87' lang='grc' dir='ltr'><strong>τοῦ</strong></span> <span class='ocrx_word' id='word_1_127' title='bbox 2781 524 3026 597; x_wconf 87' lang='grc' dir='ltr'>φυρατοῦ</span> <span class='ocrx_word' id='word_1_128' title='bbox 3052 523 3357 580; x_wconf 78' lang='grc' dir='ltr'>Φλαϐιανοῦ</span> <span class='ocrx_word' id='word_1_129' title='bbox 3386 525 3693 599; x_wconf 76' lang='grc' dir='ltr'>παιδαρύλο</span> 
     </span>
    </p>
   </div>
   <div class='ocr_carea' id='block_1_19' title="bbox 2103 615 3695 689">
    <p class='ocr_par' dir='ltr' id='par_1_19' title="bbox 2103 615 3695 689">
     <span class='ocr_line' id='line_1_19' title="bbox 2103 615 3695 689; baseline 0.002 -20"><span class='ocrx_word' id='word_1_130' title='bbox 2103 616 2253 671; x_wconf 70' lang='grc' dir='ltr'>λιον*</span> <span class='ocrx_word' id='word_1_131' title='bbox 2283 618 2372 670; x_wconf 69' lang='grc' dir='ltr'><strong>ἀεὶ</strong></span> <span class='ocrx_word' id='word_1_132' title='bbox 2405 617 2516 687; x_wconf 86' lang='grc' dir='ltr'>γὰρ</span> <span class='ocrx_word' id='word_1_133' title='bbox 2549 615 2806 685; x_wconf 84' lang='grc' dir='ltr'>γεγόνασι</span> <span class='ocrx_word' id='word_1_134' title='bbox 2843 615 2938 668; x_wconf 77' lang='grc' dir='ltr'>καὶ</span> <span class='ocrx_word' id='word_1_135' title='bbox 2976 616 3107 687; x_wconf 78' lang='grc' dir='ltr'>περὶ</span> <span class='ocrx_word' id='word_1_136' title='bbox 3135 615 3389 681; x_wconf 77' lang='grc' dir='ltr'>ἑαυτοὺς,</span> <span class='ocrx_word' id='word_1_137' title='bbox 3422 617 3523 670; x_wconf 84' lang='grc' dir='ltr'>καὶ</span> <span class='ocrx_word' id='word_1_138' title='bbox 3564 619 3695 689; x_wconf 83' lang='grc' dir='ltr'><strong>περί</strong></span> 
     </span>
    </p>
   </div>
   <div class='ocr_carea' id='block_1_20' title="bbox 2103 696 3693 775">
    <p class='ocr_par' dir='ltr' id='par_1_20' title="bbox 2103 696 3693 775">
     <span class='ocr_line' id='line_1_20' title="bbox 2103 696 3693 775; baseline 0.001 -14"><span class='ocrx_word' id='word_1_139' title='bbox 2103 708 2317 771; x_wconf 79' lang='grc' dir='ltr'><strong>πάντας</strong></span> <span class='ocrx_word' id='word_1_140' title='bbox 2365 707 2546 763; x_wconf 64' lang='grc' dir='ltr'>κακοίι</span> <span class='ocrx_word' id='word_1_141' title='bbox 2579 708 2744 761; x_wconf 85' lang='grc' dir='ltr'>Ἴστω</span> <span class='ocrx_word' id='word_1_142' title='bbox 2772 706 2828 761; x_wconf 86' lang='grc' dir='ltr'>δὲ</span> <span class='ocrx_word' id='word_1_143' title='bbox 2857 710 2886 761; x_wconf 81' lang='grc' dir='ltr'>ὀ</span> <span class='ocrx_word' id='word_1_144' title='bbox 2915 700 3185 763; x_wconf 84' lang='grc' dir='ltr'>εἰσϐαλὼν</span> <span class='ocrx_word' id='word_1_145' title='bbox 3212 709 3435 775; x_wconf 76' lang='grc' dir='ltr'>αὐτοὺς,</span> <span class='ocrx_word' id='word_1_146' title='bbox 3458 709 3542 762; x_wconf 83' lang='grc' dir='ltr'>ὅτι</span> <span class='ocrx_word' id='word_1_147' title='bbox 3569 696 3693 763; x_wconf 71' lang='grc' dir='ltr'>οὗτε</span> 
     </span>
    </p>
   </div>
   <div class='ocr_carea' id='block_1_21' title="bbox 2103 787 3693 873">
    <p class='ocr_par' dir='ltr' id='par_1_21' title="bbox 2103 787 3693 873">
     <span class='ocr_line' id='line_1_21' title="bbox 2103 787 3693 873; baseline 0.001 -21"><span class='ocrx_word' id='word_1_148' title='bbox 2103 799 2416 871; x_wconf 79' lang='grc' dir='ltr'><strong>ἀποδημίαν</strong></span> <span class='ocrx_word' id='word_1_149' title='bbox 2470 787 2803 872; x_wconf 89' lang='grc' dir='ltr'>φοϐούμεθα,</span> <span class='ocrx_word' id='word_1_150' title='bbox 2847 799 2972 854; x_wconf 76' lang='grc' dir='ltr'>οὔτε</span> <span class='ocrx_word' id='word_1_151' title='bbox 3020 789 3319 869; x_wconf 84' lang='grc' dir='ltr'>ἀπολογίαν</span> <span class='ocrx_word' id='word_1_152' title='bbox 3394 801 3495 873; x_wconf 85' lang='grc' dir='ltr'>τὴν</span> <span class='ocrx_word' id='word_1_153' title='bbox 3554 802 3693 873; x_wconf 84' lang='grc' dir='ltr'>πρὸς</span> 
     </span>
    </p>
   </div>
   <div class='ocr_carea' id='block_1_22' title="bbox 2105 890 3694 963">
    <p class='ocr_par' dir='ltr' id='par_1_22' title="bbox 2105 890 3694 963">
     <span class='ocr_line' id='line_1_22' title="bbox 2105 890 3694 963; baseline 0.001 -19"><span class='ocrx_word' id='word_1_154' title='bbox 2105 890 2375 956; x_wconf 76' lang='grc' dir='ltr'>ἐκείνους,</span> <span class='ocrx_word' id='word_1_155' title='bbox 2405 892 2502 946; x_wconf 80' lang='grc' dir='ltr'>καὶ</span> <span class='ocrx_word' id='word_1_156' title='bbox 2552 894 2602 945; x_wconf 86' lang='grc' dir='ltr'><strong>εἰ</strong></span> <span class='ocrx_word' id='word_1_157' title='bbox 2646 892 2858 960; x_wconf 83' lang='grc' dir='ltr'>γένοιτο</span> <span class='ocrx_word' id='word_1_158' title='bbox 2911 890 3103 944; x_wconf 88' lang='grc' dir='ltr'>τούτου</span> <span class='ocrx_word' id='word_1_159' title='bbox 3153 892 3368 963; x_wconf 84' lang='grc' dir='ltr'>καιρός.</span> <span class='ocrx_word' id='word_1_160' title='bbox 3394 892 3694 962; x_wconf 86' lang='grc' dir='ltr'>Συμϐαἰνει</span> 
     </span>
    </p>
   </div>
   <div class='ocr_carea' id='block_1_23' title="bbox 2103 978 3694 1056">
    <p class='ocr_par' dir='ltr' id='par_1_23' title="bbox 2103 978 3694 1056">
     <span class='ocr_line' id='line_1_23' title="bbox 2103 978 3694 1056; baseline 0.001 -20"><span class='ocrx_word' id='word_1_161' title='bbox 2103 984 2214 1054; x_wconf 82' lang='grc' dir='ltr'><strong>γὰρ</strong></span> <span class='ocrx_word' id='word_1_162' title='bbox 2269 984 2412 1056; x_wconf 87' lang='grc' dir='ltr'>δτιὴ</span> <span class='ocrx_word' id='word_1_163' title='bbox 2443 983 2539 1038; x_wconf 89' lang='grc' dir='ltr'><strong>τοῦ</strong></span> <span class='ocrx_word' id='word_1_164' title='bbox 2570 985 2823 1056; x_wconf 83' lang='grc' dir='ltr'><strong>Σωτῆρος</strong></span> <span class='ocrx_word' id='word_1_165' title='bbox 2870 978 3177 1054; x_wconf 72' lang='grc' dir='ltr'><strong>οἰκονομία,</strong></span> <span class='ocrx_word' id='word_1_166' title='bbox 3219 982 3309 1037; x_wconf 74' lang='grc' dir='ltr'><strong>διά</strong></span> <span class='ocrx_word' id='word_1_167' title='bbox 3366 983 3577 1055; x_wconf 84' lang='grc' dir='ltr'>μικρῶν</span> <span class='ocrx_word' id='word_1_168' title='bbox 3598 985 3694 1038; x_wconf 77' lang='grc' dir='ltr'>καὶ</span> 
     </span>
    </p>
   </div>
   <div class='ocr_carea' id='block_1_24' title="bbox 2102 1073 3696 1146">
    <p class='ocr_par' dir='ltr' id='par_1_24' title="bbox 2102 1073 3696 1146">
     <span class='ocr_line' id='line_1_24' title="bbox 2102 1073 3696 1146; baseline -0.001 -19"><span class='ocrx_word' id='word_1_169' title='bbox 2102 1073 2504 1129; x_wconf 81' lang='grc' dir='ltr'><strong>εὐτελεστάτων</strong></span> <span class='ocrx_word' id='word_1_170' title='bbox 2534 1076 2902 1146; x_wconf 80' lang='grc' dir='ltr'>πραγμάτων,</span> <span class='ocrx_word' id='word_1_171' title='bbox 2935 1074 3159 1142; x_wconf 82' lang='grc' dir='ltr'><strong>συνάγει</strong></span> <span class='ocrx_word' id='word_1_172' title='bbox 3195 1073 3432 1137; x_wconf 85' lang='grc' dir='ltr'><strong>σύνοδον,</strong></span> <span class='ocrx_word' id='word_1_173' title='bbox 3463 1074 3550 1129; x_wconf 76' lang='grc' dir='ltr'>ἵνα</span> <span class='ocrx_word' id='word_1_174' title='bbox 3594 1091 3696 1128; x_wconf 47' lang='grc' dir='ltr'>καθ</span> 
     </span>
    </p>
   </div>
   <div class='ocr_carea' id='block_1_25' title="bbox 2103 1154 3689 1237">
    <p class='ocr_par' dir='ltr' id='par_1_25' title="bbox 2103 1154 3689 1237">
     <span class='ocr_line' id='line_1_25' title="bbox 2103 1154 3689 1237; baseline -0.013 0"><span class='ocrx_word' id='word_1_175' title='bbox 2103 1164 2306 1236; x_wconf 81' lang='grc' dir='ltr'>θαρίση</span> <span class='ocrx_word' id='word_1_176' title='bbox 2357 1166 2456 1237; x_wconf 83' lang='grc' dir='ltr'>τὴν</span> <span class='ocrx_word' id='word_1_177' title='bbox 2501 1165 2698 1219; x_wconf 74' lang='grc' dir='ltr'>ἑαυτοῦ</span> <span class='ocrx_word' id='word_1_178' title='bbox 2737 1165 3090 1236; x_wconf 87' lang='grc' dir='ltr'>Ἐκκλησίαν,</span> <span class='ocrx_word' id='word_1_179' title='bbox 3126 1165 3358 1220; x_wconf 78' lang='grc' dir='ltr'>ἄσπιλον</span> <span class='ocrx_word' id='word_1_180' title='bbox 3386 1165 3484 1220; x_wconf 81' lang='grc' dir='ltr'>καὶ</span> <span class='ocrx_word' id='word_1_181' title='bbox 3516 1154 3689 1234; x_wconf 80' lang='grc' dir='ltr'>ἀσύγ-</span> 
     </span>
    </p>
   </div>
   <div class='ocr_carea' id='block_1_26' title="bbox 2103 1256 3693 1329">
    <p class='ocr_par' dir='ltr' id='par_1_26' title="bbox 2103 1256 3693 1329">
     <span class='ocr_line' id='line_1_26' title="bbox 2103 1256 3693 1329; baseline 0 -21"><span class='ocrx_word' id='word_1_182' title='bbox 2103 1272 2268 1326; x_wconf 88' lang='grc' dir='ltr'>χυτον</span> <span class='ocrx_word' id='word_1_183' title='bbox 2298 1256 2538 1326; x_wconf 79' lang='grc' dir='ltr'>ἔχουσαν</span> <span class='ocrx_word' id='word_1_184' title='bbox 2570 1258 2718 1329; x_wconf 77' lang='grc' dir='ltr'>τὴνιι</span> <span class='ocrx_word' id='word_1_185' title='bbox 2743 1257 2942 1328; x_wconf 81' lang='grc' dir='ltr'><strong>εὐγενῆ</strong></span> <span class='ocrx_word' id='word_1_186' title='bbox 2971 1256 3178 1313; x_wconf 75' lang='grc' dir='ltr'>πίστιν.</span> <span class='ocrx_word' id='word_1_187' title='bbox 3212 1257 3305 1328; x_wconf 80' lang='grc' dir='ltr'><strong>Μὴ</strong></span> <span class='ocrx_word' id='word_1_188' title='bbox 3339 1257 3693 1328; x_wconf 81' lang='grc' dir='ltr'><strong>προσδοκάτω</strong></span> 
     </span>
    </p>
   </div>
   <div class='ocr_carea' id='block_1_27' title="bbox 2101 1343 3692 1416">
    <p class='ocr_par' dir='ltr' id='par_1_27' title="bbox 2101 1343 3692 1416">
     <span class='ocr_line' id='line_1_27' title="bbox 2101 1343 3692 1416; baseline 0.002 -17"><span class='ocrx_word' id='word_1_189' title='bbox 2101 1346 2159 1399; x_wconf 85' lang='grc' dir='ltr'>δὲ</span> <span class='ocrx_word' id='word_1_190' title='bbox 2192 1346 2221 1398; x_wconf 90' lang='grc' dir='ltr'>ὁ</span> <span class='ocrx_word' id='word_1_191' title='bbox 2246 1346 2500 1410; x_wconf 79' lang='grc' dir='ltr'><strong>δείλαιος,</strong></span> <span class='ocrx_word' id='word_1_192' title='bbox 2529 1348 2612 1401; x_wconf 85' lang='grc' dir='ltr'>ὅτι</span> <span class='ocrx_word' id='word_1_193' title='bbox 2652 1350 2702 1402; x_wconf 88' lang='grc' dir='ltr'><strong>εί</strong></span> <span class='ocrx_word' id='word_1_194' title='bbox 2751 1349 2847 1401; x_wconf 67' lang='grc' dir='ltr'><strong>καὶ</strong></span> <span class='ocrx_word' id='word_1_195' title='bbox 2895 1348 3115 1410; x_wconf 89' lang='grc' dir='ltr'>πλείους</span> <span class='ocrx_word' id='word_1_196' title='bbox 3144 1349 3239 1402; x_wconf 76' lang='grc' dir='ltr'>καὶ</span> <span class='ocrx_word' id='word_1_197' title='bbox 3279 1348 3551 1416; x_wconf 79' lang='grc' dir='ltr'><strong>ἀξιόλογοι</strong></span> <span class='ocrx_word' id='word_1_198' title='bbox 3581 1343 3692 1402; x_wconf 87' lang='grc' dir='ltr'>εἷεν</span> 
     </span>
    </p>
   </div>
   <div class='ocr_carea' id='block_1_28' title="bbox 2101 1430 3689 1510">
    <p class='ocr_par' dir='ltr' id='par_1_28' title="bbox 2101 1430 3689 1510">
     <span class='ocr_line' id='line_1_28' title="bbox 2101 1430 3689 1510; baseline 0.003 -21"><span class='ocrx_word' id='word_1_199' title='bbox 2101 1438 2151 1490; x_wconf 84' lang='grc' dir='ltr'>οἱ</span> <span class='ocrx_word' id='word_1_200' title='bbox 2176 1436 2266 1490; x_wconf 81' lang='grc' dir='ltr'>διὰ</span> <span class='ocrx_word' id='word_1_201' title='bbox 2297 1436 2399 1506; x_wconf 85' lang='grc' dir='ltr'>τῆς</span> <span class='ocrx_word' id='word_1_202' title='bbox 2436 1438 2600 1492; x_wconf 84' lang='grc' dir='ltr'>αὐτοῦ</span> <span class='ocrx_word' id='word_1_203' title='bbox 2632 1430 2871 1507; x_wconf 75' lang='grc' dir='ltr'>σπονδῆς</span> <span class='ocrx_word' id='word_1_204' title='bbox 2900 1441 3232 1510; x_wconf 82' lang='grc' dir='ltr'><strong>κατηγορεῖν</strong></span> <span class='ocrx_word' id='word_1_205' title='bbox 3280 1439 3439 1508; x_wconf 82' lang='grc' dir='ltr'>ἡμῶν</span> <span class='ocrx_word' id='word_1_206' title='bbox 3463 1435 3689 1509; x_wconf 81' lang='grc' dir='ltr'>μέλλον-</span> 
     </span>
    </p>
   </div>
   <div class='ocr_carea' id='block_1_29' title="bbox 2101 1529 3690 1603">
    <p class='ocr_par' dir='ltr' id='par_1_29' title="bbox 2101 1529 3690 1603">
     <span class='ocr_line' id='line_1_29' title="bbox 2101 1529 3690 1603; baseline 0.002 -22"><span class='ocrx_word' id='word_1_207' title='bbox 2101 1545 2214 1593; x_wconf 83' lang='grc' dir='ltr'>τες,</span> <span class='ocrx_word' id='word_1_208' title='bbox 2232 1529 2491 1601; x_wconf 81' lang='grc' dir='ltr'>δικαστὴς</span> <span class='ocrx_word' id='word_1_209' title='bbox 2517 1530 2698 1586; x_wconf 80' lang='grc' dir='ltr'>ἔσεται</span> <span class='ocrx_word' id='word_1_210' title='bbox 2726 1532 2836 1585; x_wconf 85' lang='grc' dir='ltr'>τῶν</span> <span class='ocrx_word' id='word_1_211' title='bbox 2860 1531 2985 1585; x_wconf 88' lang='grc' dir='ltr'>καθ’</span> <span class='ocrx_word' id='word_1_212' title='bbox 3013 1532 3185 1601; x_wconf 79' lang='grc' dir='ltr'>ἡμᾶς,</span> <span class='ocrx_word' id='word_1_213' title='bbox 3210 1530 3313 1585; x_wconf 81' lang='grc' dir='ltr'>κᾶν</span> <span class='ocrx_word' id='word_1_214' title='bbox 3341 1532 3502 1585; x_wconf 89' lang='grc' dir='ltr'>τοῦτο</span> <span class='ocrx_word' id='word_1_215' title='bbox 3518 1548 3690 1603; x_wconf 88' lang='grc' dir='ltr'>προσ-</span> 
     </span>
    </p>
   </div>
   <div class='ocr_carea' id='block_1_30' title="bbox 2103 1618 3688 1695">
    <p class='ocr_par' dir='ltr' id='par_1_30' title="bbox 2103 1618 3688 1695">
     <span class='ocr_line' id='line_1_30' title="bbox 2103 1618 3688 1695; baseline 0.002 -22"><span class='ocrx_word' id='word_1_216' title='bbox 2103 1619 2244 1691; x_wconf 81' lang='grc' dir='ltr'>αχθῇ</span> <span class='ocrx_word' id='word_1_217' title='bbox 2276 1618 2337 1685; x_wconf 81' lang='grc' dir='ltr'>ὲξ</span> <span class='ocrx_word' id='word_1_218' title='bbox 2373 1622 2736 1692; x_wconf 78' lang='grc' dir='ltr'>’Δμφιτίωνος</span> <span class='ocrx_word' id='word_1_219' title='bbox 2752 1630 2799 1676; x_wconf 87' lang='grc' dir='ltr'><strong>ο.</strong></span> <span class='ocrx_word' id='word_1_220' title='bbox 2834 1622 3299 1695; x_wconf 84' lang='grc' dir='ltr'>Παραιτησόμεθα</span> <span class='ocrx_word' id='word_1_221' title='bbox 3345 1623 3455 1693; x_wconf 78' lang='grc' dir='ltr'>γὰρ</span> <span class='ocrx_word' id='word_1_222' title='bbox 3507 1625 3688 1676; x_wconf 75' lang='grc' dir='ltr'>ἐκεῖσε</span> 
     </span>
    </p>
   </div>
   <div class='ocr_carea' id='block_1_31' title="bbox 2103 1712 3688 1786">
    <p class='ocr_par' dir='ltr' id='par_1_31' title="bbox 2103 1712 3688 1786">
     <span class='ocr_line' id='line_1_31' title="bbox 2103 1712 3688 1786; baseline 0.003 -21"><span class='ocrx_word' id='word_1_223' title='bbox 2103 1712 2385 1776; x_wconf 70' lang='grc' dir='ltr'>ἐλθόντες*</span> <span class='ocrx_word' id='word_1_224' title='bbox 2420 1714 2537 1778; x_wconf 78' lang='grc' dir='ltr'>καὶ,</span> <span class='ocrx_word' id='word_1_225' title='bbox 2580 1714 2679 1769; x_wconf 82' lang='grc' dir='ltr'>σὺν</span> <span class='ocrx_word' id='word_1_226' title='bbox 2718 1715 2838 1785; x_wconf 87' lang='grc' dir='ltr'><strong>Θεῷ</strong></span> <span class='ocrx_word' id='word_1_227' title='bbox 2888 1716 3077 1784; x_wconf 83' lang='grc' dir='ltr'>φάναι,</span> <span class='ocrx_word' id='word_1_228' title='bbox 3105 1718 3227 1778; x_wconf 83' lang='grc' dir='ltr'>ταῖς</span> <span class='ocrx_word' id='word_1_229' title='bbox 3272 1715 3438 1770; x_wconf 87' lang='grc' dir='ltr'>αὐτοῦ</span> <span class='ocrx_word' id='word_1_230' title='bbox 3481 1715 3688 1786; x_wconf 85' lang='grc' dir='ltr'>δυσφη-</span> 
     </span>
    </p>
   </div>
   <div class='ocr_carea' id='block_1_32' title="bbox 410 1799 1993 1879">
    <p class='ocr_par' dir='ltr' id='par_1_32' title="bbox 410 1804 1993 1878">
     <span class='ocr_line' id='line_1_32' title="bbox 410 1804 1993 1878; baseline 0.002 -18"><span class='ocrx_word' id='word_1_231' title='bbox 410 1804 714 1861; x_wconf 89' lang='lat' dir='ltr'><strong>Ecclesiam</strong></span> <span class='ocrx_word' id='word_1_232' title='bbox 744 1822 921 1872; x_wconf 89' lang='lat' dir='ltr'><strong>suam,</strong></span> <span class='ocrx_word' id='word_1_233' title='bbox 947 1823 1069 1876; x_wconf 73' lang='lat' dir='ltr'><strong>qum</strong></span> <span class='ocrx_word' id='word_1_234' title='bbox 1093 1809 1357 1863; x_wconf 89' lang='lat' dir='ltr'><strong>illibatam</strong></span> <span class='ocrx_word' id='word_1_235' title='bbox 1383 1824 1603 1878; x_wconf 88' lang='lat' dir='ltr'><strong>semper</strong></span> <span class='ocrx_word' id='word_1_236' title='bbox 1630 1808 1993 1865; x_wconf 86' lang='lat' dir='ltr'><strong>inconfusam-</strong></span> 
     </span>
    </p>
   </div>
   <div class='ocr_carea' id='block_1_33' title="bbox 2091 1799 3689 1879">
    <p class='ocr_par' dir='ltr' id='par_1_33' title="bbox 2107 1804 3689 1879">
     <span class='ocr_line' id='line_1_33' title="bbox 2107 1804 3689 1879; baseline 0.003 -23"><span class='ocrx_word' id='word_1_237' title='bbox 2107 1804 2262 1876; x_wconf 88' lang='grc' dir='ltr'>μίαις</span> <span class='ocrx_word' id='word_1_238' title='bbox 2317 1805 2743 1876; x_wconf 78' lang='grc' dir='ltr'>ἀπολογήσεται.</span> <span class='ocrx_word' id='word_1_239' title='bbox 2780 1806 2944 1860; x_wconf 83' lang='grc' dir='ltr'>Ὅθεν</span> <span class='ocrx_word' id='word_1_240' title='bbox 2992 1807 3269 1877; x_wconf 84' lang='grc' dir='ltr'>φεύγομεν</span> <span class='ocrx_word' id='word_1_241' title='bbox 3312 1808 3413 1878; x_wconf 84' lang='grc' dir='ltr'>τὴν</span> <span class='ocrx_word' id='word_1_242' title='bbox 3461 1809 3689 1879; x_wconf 79' lang='grc' dir='ltr'>εἰρήνην</span> 
     </span>
    </p>
   </div>
   <div class='ocr_carea' id='block_1_34' title="bbox 411 1898 1995 1970">
    <p class='ocr_par' dir='ltr' id='par_1_34' title="bbox 411 1898 1995 1970">
     <span class='ocr_line' id='line_1_34' title="bbox 411 1898 1995 1970; baseline 0.002 -19"><span class='ocrx_word' id='word_1_243' title='bbox 411 1912 521 1966; x_wconf 90' lang='lat' dir='ltr'><strong>que</strong></span> <span class='ocrx_word' id='word_1_244' title='bbox 559 1913 624 1952; x_wconf 90' lang='lat' dir='ltr'><strong>ac</strong></span> <span class='ocrx_word' id='word_1_245' title='bbox 648 1898 918 1954; x_wconf 86' lang='lat' dir='ltr'><strong>illustrem</strong></span> <span class='ocrx_word' id='word_1_246' title='bbox 952 1898 1118 1954; x_wconf 83' lang='lat' dir='ltr'><strong>fidem</strong></span> <span class='ocrx_word' id='word_1_247' title='bbox 1161 1899 1313 1962; x_wconf 90' lang='lat' dir='ltr'><strong>colit,</strong></span> <span class='ocrx_word' id='word_1_248' title='bbox 1345 1914 1377 1953; x_wconf 89' lang='lat' dir='ltr'><strong>a</strong></span> <span class='ocrx_word' id='word_1_249' title='bbox 1418 1898 1677 1954; x_wconf 89' lang='lat' dir='ltr'><strong>sordibus</strong></span> <span class='ocrx_word' id='word_1_250' title='bbox 1716 1905 1995 1970; x_wconf 87' lang='lat' dir='ltr'><strong>repurget.</strong></span> 
     </span>
    </p>
   </div>
   <div class='ocr_carea' id='block_1_35' title="bbox 409 1986 2003 2059">
    <p class='ocr_par' dir='ltr' id='par_1_35' title="bbox 409 1986 2003 2059">
     <span class='ocr_line' id='line_1_35' title="bbox 409 1986 2003 2059; baseline 0.003 -17"><span class='ocrx_word' id='word_1_251' title='bbox 409 1986 520 2058; x_wconf 79' lang='lat'><strong>35</strong></span> <span class='ocrx_word' id='word_1_252' title='bbox 556 1988 749 2058; x_wconf 79' lang='lat' dir='ltr'><strong>Neque</strong></span> <span class='ocrx_word' id='word_1_253' title='bbox 798 2000 983 2044; x_wconf 88' lang='lat' dir='ltr'><strong>tamen</strong></span> <span class='ocrx_word' id='word_1_254' title='bbox 1033 1989 1203 2045; x_wconf 88' lang='lat' dir='ltr'><strong>miser</strong></span> <span class='ocrx_word' id='word_1_255' title='bbox 1252 1989 1371 2055; x_wconf 89' lang='lat' dir='ltr'><strong>ille,</strong></span> <span class='ocrx_word' id='word_1_256' title='bbox 1421 1989 1553 2045; x_wconf 90' lang='lat' dir='ltr'><strong>licet</strong></span> <span class='ocrx_word' id='word_1_257' title='bbox 1589 1990 1904 2059; x_wconf 83' lang='lat' dir='ltr'><strong>complures</strong></span> <span class='ocrx_word' id='word_1_258' title='bbox 1945 1999 2003 2047; x_wconf 89' lang='lat' dir='ltr'><strong>et</strong></span> 
     </span>
    </p>
   </div>
   <div class='ocr_carea' id='block_1_36' title="bbox 410 2078 2001 2151">
    <p class='ocr_par' dir='ltr' id='par_1_36' title="bbox 410 2078 2001 2151">
     <span class='ocr_line' id='line_1_36' title="bbox 410 2078 2001 2151; baseline 0.002 -19"><span class='ocrx_word' id='word_1_259' title='bbox 410 2093 606 2148; x_wconf 79' lang='lat' dir='ltr'><strong>graves</strong></span> <span class='ocrx_word' id='word_1_260' title='bbox 627 2078 733 2133; x_wconf 93' lang='lat' dir='ltr'><strong>viri</strong></span> <span class='ocrx_word' id='word_1_261' title='bbox 763 2080 884 2151; x_wconf 87' lang='lat' dir='ltr'><strong>ejus</strong></span> <span class='ocrx_word' id='word_1_262' title='bbox 915 2092 1082 2149; x_wconf 85' lang='lat' dir='ltr'><strong>opera</strong></span> <span class='ocrx_word' id='word_1_263' title='bbox 1108 2095 1210 2135; x_wconf 88' lang='lat' dir='ltr'><strong>nos</strong></span> <span class='ocrx_word' id='word_1_264' title='bbox 1237 2081 1549 2136; x_wconf 87' lang='lat' dir='ltr'><strong>accusaturi</strong></span> <span class='ocrx_word' id='word_1_265' title='bbox 1575 2088 1780 2146; x_wconf 86' lang='lat' dir='ltr'><strong>essent,</strong></span> <span class='ocrx_word' id='word_1_266' title='bbox 1812 2096 2001 2135; x_wconf 91' lang='lat' dir='ltr'><strong>rerum</strong></span> 
     </span>
    </p>
   </div>
   <div class='ocr_carea' id='block_1_37' title="bbox 409 2170 2000 2243">
    <p class='ocr_par' dir='ltr' id='par_1_37' title="bbox 409 2170 2000 2243">
     <span class='ocr_line' id='line_1_37' title="bbox 409 2170 2000 2243; baseline 0.001 -18"><span class='ocrx_word' id='word_1_267' title='bbox 409 2180 727 2226; x_wconf 88' lang='lat' dir='ltr'><strong>nostrarum</strong></span> <span class='ocrx_word' id='word_1_268' title='bbox 760 2170 1005 2243; x_wconf 75' lang='lat' dir='ltr'><strong>iudicem</strong></span> <span class='ocrx_word' id='word_1_269' title='bbox 1051 2172 1171 2227; x_wconf 90' lang='lat' dir='ltr'><strong>fore</strong></span> <span class='ocrx_word' id='word_1_270' title='bbox 1215 2187 1274 2227; x_wconf 89' lang='lat' dir='ltr'><strong>se</strong></span> <span class='ocrx_word' id='word_1_271' title='bbox 1324 2181 1538 2242; x_wconf 89' lang='lat' dir='ltr'><strong>speret,</strong></span> <span class='ocrx_word' id='word_1_272' title='bbox 1582 2173 1837 2242; x_wconf 88' lang='lat' dir='ltr'><strong>quamvis</strong></span> <span class='ocrx_word' id='word_1_273' title='bbox 1874 2172 2000 2243; x_wconf 89' lang='lat' dir='ltr'><strong>jure</strong></span> 
     </span>
    </p>
   </div>
   <div class='ocr_carea' id='block_1_38' title="bbox 408 2261 1998 2336">
    <p class='ocr_par' dir='ltr' id='par_1_38' title="bbox 408 2261 1998 2336">
     <span class='ocr_line' id='line_1_38' title="bbox 408 2261 1998 2336; baseline 0 -19"><span class='ocrx_word' id='word_1_274' title='bbox 408 2261 875 2336; x_wconf 83' lang='lat' dir='ltr'><strong>Amphictyonum</strong></span> <span class='ocrx_word' id='word_1_275' title='bbox 902 2264 1009 2319; x_wconf 87' lang='lat' dir='ltr'><strong>hoc</strong></span> <span class='ocrx_word' id='word_1_276' title='bbox 1033 2264 1138 2319; x_wconf 87' lang='lat' dir='ltr'><strong>sibi</strong></span> <span class='ocrx_word' id='word_1_277' title='bbox 1163 2264 1483 2319; x_wconf 89' lang='lat' dir='ltr'><strong>demandari</strong></span> <span class='ocrx_word' id='word_1_278' title='bbox 1507 2263 1701 2319; x_wconf 81' lang='lat' dir='ltr'><strong>faciat:</strong></span> <span class='ocrx_word' id='word_1_279' title='bbox 1725 2279 1829 2319; x_wconf 91' lang='lat' dir='ltr'><strong>nos</strong></span> <span class='ocrx_word' id='word_1_280' title='bbox 1850 2266 1998 2319; x_wconf 85' lang='lat' dir='ltr'><strong>enim</strong></span> 
     </span>
    </p>
   </div>
   <div class='ocr_carea' id='block_1_39' title="bbox 2103 1894 3687 1969">
    <p class='ocr_par' dir='ltr' id='par_1_39' title="bbox 2103 1894 3687 1969">
     <span class='ocr_line' id='line_1_39' title="bbox 2103 1894 3687 1969; baseline 0.003 -21"><span class='ocrx_word' id='word_1_281' title='bbox 2103 1895 2378 1966; x_wconf 80' lang='grc' dir='ltr'><strong>οὐδαμῶς,</strong></span> <span class='ocrx_word' id='word_1_282' title='bbox 2407 1894 2547 1949; x_wconf 79' lang='grc' dir='ltr'>ἀλλὰ</span> <span class='ocrx_word' id='word_1_283' title='bbox 2583 1897 2786 1967; x_wconf 73' lang='grc' dir='ltr'>μᾶλλον</span> <span class='ocrx_word' id='word_1_284' title='bbox 2829 1898 3174 1969; x_wconf 75' lang='grc' dir='ltr'>ἀρτιάζομεν,</span> <span class='ocrx_word' id='word_1_285' title='bbox 3196 1898 3291 1952; x_wconf 75' lang='grc' dir='ltr'><strong>ἐὰν</strong></span> <span class='ocrx_word' id='word_1_286' title='bbox 3313 1898 3623 1969; x_wconf 79' lang='grc' dir='ltr'>ὁμολογηθῇ</span> <span class='ocrx_word' id='word_1_287' title='bbox 3653 1899 3687 1967; x_wconf 84' lang='grc' dir='ltr'><strong>ἡ</strong></span> 
     </span>
    </p>
   </div>
   <div class='ocr_carea' id='block_1_40' title="bbox 2098 1987 3688 2061">
    <p class='ocr_par' dir='ltr' id='par_1_40' title="bbox 2098 1987 3688 2061">
     <span class='ocr_line' id='line_1_40' title="bbox 2098 1987 3688 2061; baseline -0.001 -19"><span class='ocrx_word' id='word_1_288' title='bbox 2098 1989 2281 2051; x_wconf 81' lang='grc' dir='ltr'><strong>πίστις</strong></span> <span class='ocrx_word' id='word_1_289' title='bbox 2309 1987 2466 2061; x_wconf 83' lang='grc' dir='ltr'>ὀρθὴ,</span> <span class='ocrx_word' id='word_1_290' title='bbox 2490 1990 2586 2043; x_wconf 80' lang='grc' dir='ltr'>καὶ</span> <span class='ocrx_word' id='word_1_291' title='bbox 2615 1989 2937 2043; x_wconf 81' lang='grc' dir='ltr'>παύσωνται</span> <span class='ocrx_word' id='word_1_292' title='bbox 2956 1991 3052 2043; x_wconf 90' lang='grc' dir='ltr'><strong>τοῦ</strong></span> <span class='ocrx_word' id='word_1_293' title='bbox 3073 1990 3255 2060; x_wconf 88' lang='grc' dir='ltr'>λέγειν</span> <span class='ocrx_word' id='word_1_294' title='bbox 3272 1990 3519 2053; x_wconf 83' lang='grc' dir='ltr'>τοιαῦτα,</span> <span class='ocrx_word' id='word_1_295' title='bbox 3544 1990 3688 2061; x_wconf 74' lang='grc' dir='ltr'>ἅπερ</span> 
     </span>
    </p>
   </div>
   <div class='ocr_carea' id='block_1_41' title="bbox 2097 2078 3689 2153">
    <p class='ocr_par' dir='ltr' id='par_1_41' title="bbox 2097 2078 3689 2153">
     <span class='ocr_line' id='line_1_41' title="bbox 2097 2078 3689 2153; baseline 0.002 -21"><span class='ocrx_word' id='word_1_296' title='bbox 2097 2078 2500 2145; x_wconf 81' lang='grc' dir='ltr'>ξενοεποῦντες,</span> <span class='ocrx_word' id='word_1_297' title='bbox 2549 2080 2941 2137; x_wconf 78' lang='grc' dir='ltr'>ἐπικαλοῦνται</span> <span class='ocrx_word' id='word_1_298' title='bbox 2978 2082 3229 2136; x_wconf 89' lang='grc' dir='ltr'>θάνατον.</span> <span class='ocrx_word' id='word_1_299' title='bbox 3269 2082 3553 2153; x_wconf 87' lang='grc' dir='ltr'>Τοσαύτην</span> <span class='ocrx_word' id='word_1_300' title='bbox 3580 2082 3689 2153; x_wconf 81' lang='grc' dir='ltr'>γὰρ</span> 
     </span>
    </p>
   </div>
   <div class='ocr_carea' id='block_1_42' title="bbox 2095 2169 3687 2245">
    <p class='ocr_par' dir='ltr' id='par_1_42' title="bbox 2095 2169 3687 2245">
     <span class='ocr_line' id='line_1_42' title="bbox 2095 2169 3687 2245; baseline 0.003 -23"><span class='ocrx_word' id='word_1_301' title='bbox 2095 2169 2431 2241; x_wconf 80' lang='grc' dir='ltr'>διαστροφὴν</span> <span class='ocrx_word' id='word_1_302' title='bbox 2474 2169 2589 2241; x_wconf 75' lang='grc' dir='ltr'>ἔχει</span> <span class='ocrx_word' id='word_1_303' title='bbox 2622 2170 2683 2223; x_wconf 86' lang='grc' dir='ltr'>τὸ</span> <span class='ocrx_word' id='word_1_304' title='bbox 2720 2171 3030 2225; x_wconf 84' lang='grc' dir='ltr'>άποσταλὲν</span> <span class='ocrx_word' id='word_1_305' title='bbox 3080 2173 3362 2245; x_wconf 84' lang='grc' dir='ltr'>τετράδιον</span> <span class='ocrx_word' id='word_1_306' title='bbox 3393 2174 3500 2228; x_wconf 85' lang='grc' dir='ltr'><strong>τῶν</strong></span> <span class='ocrx_word' id='word_1_307' title='bbox 3522 2174 3687 2227; x_wconf 82' lang='grc' dir='ltr'>αὑτοῦ</span> 
     </span>
    </p>
   </div>
   <div class='ocr_carea' id='block_1_43' title="bbox 2095 2261 3637 2334">
    <p class='ocr_par' dir='ltr' id='par_1_43' title="bbox 2095 2261 3637 2334">
     <span class='ocr_line' id='line_1_43' title="bbox 2095 2261 3637 2334; baseline 0.003 -18"><span class='ocrx_word' id='word_1_308' title='bbox 2095 2262 2438 2334; x_wconf 83' lang='grc' dir='ltr'>δυσφημιῶν,</span> <span class='ocrx_word' id='word_1_309' title='bbox 2463 2263 2538 2326; x_wconf 86' lang='grc' dir='ltr'>ὼς</span> <span class='ocrx_word' id='word_1_310' title='bbox 2566 2261 2893 2333; x_wconf 84' lang='grc' dir='ltr'>μολύνεσθαι</span> <span class='ocrx_word' id='word_1_311' title='bbox 2922 2264 3018 2317; x_wconf 80' lang='grc' dir='ltr'>καὶ</span> <span class='ocrx_word' id='word_1_312' title='bbox 3044 2263 3137 2317; x_wconf 85' lang='grc' dir='ltr'>τὸν</span> <span class='ocrx_word' id='word_1_313' title='bbox 3171 2265 3637 2333; x_wconf 83' lang='grc' dir='ltr'>ἀναγινώσκοντα.</span> 
     </span>
    </p>
   </div>
   <div class='ocr_carea' id='block_1_44' title="bbox 408 2352 3687 2430">
    <p class='ocr_par' dir='ltr' id='par_1_44' title="bbox 408 2352 3687 2430">
     <span class='ocr_line' id='line_1_44' title="bbox 408 2352 3687 2430; baseline -0.001 -15"><span class='ocrx_word' id='word_1_314' title='bbox 408 2361 555 2415; x_wconf 88' lang='lat' dir='ltr'><strong>istuc</strong></span> <span class='ocrx_word' id='word_1_315' title='bbox 583 2358 885 2425; x_wconf 89' lang='lat' dir='ltr'><strong>venientes,</strong></span> <span class='ocrx_word' id='word_1_316' title='bbox 924 2358 995 2413; x_wconf 89' lang='lat' dir='ltr'><strong>ab</strong></span> <span class='ocrx_word' id='word_1_317' title='bbox 1040 2358 1159 2428; x_wconf 89' lang='lat' dir='ltr'><strong>ejus</strong></span> <span class='ocrx_word' id='word_1_318' title='bbox 1178 2358 1388 2429; x_wconf 91' lang='lat' dir='ltr'><strong>judicio</strong></span> <span class='ocrx_word' id='word_1_319' title='bbox 1428 2352 1884 2428; x_wconf 80' lang='lat' dir='ltr'><strong>prevocabimus;</strong></span> <span class='ocrx_word' id='word_1_320' title='bbox 1916 2366 1993 2421; x_wconf 88' lang='lat' dir='ltr'><strong>et,</strong></span> <span class='ocrx_word' id='word_1_321' title='bbox 2033 2356 2079 2410; x_wconf 90' lang='lat' dir='ltr'><strong>si</strong></span> <span class='ocrx_word' id='word_1_322' title='bbox 2110 2357 2223 2411; x_wconf 87' lang='lat' dir='ltr'><strong>Deo</strong></span> <span class='ocrx_word' id='word_1_323' title='bbox 2255 2356 2546 2425; x_wconf 88' lang='lat' dir='ltr'><strong>placuerit,</strong></span> <span class='ocrx_word' id='word_1_324' title='bbox 2579 2358 2696 2425; x_wconf 90' lang='lat' dir='ltr'><strong>ipse</strong></span> <span class='ocrx_word' id='word_1_325' title='bbox 2719 2354 2789 2409; x_wconf 91' lang='lat' dir='ltr'><strong>de</strong></span> <span class='ocrx_word' id='word_1_326' title='bbox 2811 2356 2927 2411; x_wconf 87' lang='lat' dir='ltr'><strong>suis</strong></span> <span class='ocrx_word' id='word_1_327' title='bbox 2953 2355 3310 2425; x_wconf 87' lang='lat' dir='ltr'><strong>hlasphemiis</strong></span> <span class='ocrx_word' id='word_1_328' title='bbox 3366 2357 3423 2418; x_wconf 85' lang='lat' dir='ltr'><strong>in</strong></span> <span class='ocrx_word' id='word_1_329' title='bbox 3476 2359 3687 2430; x_wconf 88' lang='lat' dir='ltr'><strong>judicio</strong></span> 
     </span>
    </p>
   </div>
   <div class='ocr_carea' id='block_1_45' title="bbox 406 2449 3685 2521">
    <p class='ocr_par' dir='ltr' id='par_1_45' title="bbox 406 2449 3685 2521">
     <span class='ocr_line' id='line_1_45' title="bbox 406 2449 3685 2521; baseline 0.001 -18"><span class='ocrx_word' id='word_1_330' title='bbox 406 2450 743 2520; x_wconf 88' lang='lat' dir='ltr'><strong>respondere</strong></span> <span class='ocrx_word' id='word_1_331' title='bbox 769 2460 1016 2521; x_wconf 82' lang='lat' dir='ltr'><strong>cogetur.</strong></span> <span class='ocrx_word' id='word_1_332' title='bbox 1043 2450 1163 2504; x_wconf 91' lang='lat' dir='ltr'><strong>Non</strong></span> <span class='ocrx_word' id='word_1_333' title='bbox 1195 2450 1363 2521; x_wconf 82' lang='lat' dir='ltr'><strong>igitur</strong></span> <span class='ocrx_word' id='word_1_334' title='bbox 1385 2466 1577 2520; x_wconf 88' lang='lat' dir='ltr'><strong>pacem</strong></span> <span class='ocrx_word' id='word_1_335' title='bbox 1636 2450 2029 2513; x_wconf 87' lang='lat' dir='ltr'><strong>detrectamus,</strong></span> <span class='ocrx_word' id='word_1_336' title='bbox 2070 2450 2165 2505; x_wconf 88' lang='lat' dir='ltr'><strong>sed</strong></span> <span class='ocrx_word' id='word_1_337' title='bbox 2203 2450 2389 2519; x_wconf 91' lang='lat' dir='ltr'><strong>potius</strong></span> <span class='ocrx_word' id='word_1_338' title='bbox 2428 2464 2549 2504; x_wconf 87' lang='lat' dir='ltr'><strong>eam</strong></span> <span class='ocrx_word' id='word_1_339' title='bbox 2590 2458 2893 2517; x_wconf 87' lang='lat' dir='ltr'><strong>captamus,</strong></span> <span class='ocrx_word' id='word_1_340' title='bbox 2957 2449 3122 2504; x_wconf 86' lang='lat' dir='ltr'><strong>modo</strong></span> <span class='ocrx_word' id='word_1_341' title='bbox 3154 2458 3336 2506; x_wconf 89' lang='lat' dir='ltr'><strong>tamen</strong></span> <span class='ocrx_word' id='word_1_342' title='bbox 3371 2462 3535 2507; x_wconf 69' lang='lat' dir='ltr'><strong>recta:</strong></span> <span class='ocrx_word' id='word_1_343' title='bbox 3558 2452 3685 2509; x_wconf 85' lang='lat' dir='ltr'><strong>ﬁdei</strong></span> 
     </span>
    </p>
   </div>
   <div class='ocr_carea' id='block_1_46' title="bbox 402 2537 3686 2612">
    <p class='ocr_par' dir='ltr' id='par_1_46' title="bbox 402 2537 3686 2612">
     <span class='ocr_line' id='line_1_46' title="bbox 402 2537 3686 2612; baseline 0.002 -20"><span class='ocrx_word' id='word_1_344' title='bbox 402 2537 603 2593; x_wconf 85' lang='lat' dir='ltr'><strong>edatur</strong></span> <span class='ocrx_word' id='word_1_345' title='bbox 634 2538 930 2605; x_wconf 78' lang='lat' dir='ltr'><strong>confessio,</strong></span> <span class='ocrx_word' id='word_1_346' title='bbox 962 2539 1289 2608; x_wconf 88' lang='lat' dir='ltr'><strong>desinatque</strong></span> <span class='ocrx_word' id='word_1_347' title='bbox 1331 2540 1462 2593; x_wconf 89' lang='lat' dir='ltr'><strong>talia</strong></span> <span class='ocrx_word' id='word_1_348' title='bbox 1526 2541 1582 2595; x_wconf 89' lang='lat' dir='ltr'><strong>in</strong></span> <span class='ocrx_word' id='word_1_349' title='bbox 1623 2540 1867 2595; x_wconf 88' lang='lat' dir='ltr'><strong>medium</strong></span> <span class='ocrx_word' id='word_1_350' title='bbox 1900 2538 2172 2612; x_wconf 81' lang='lat' dir='ltr'><strong>proferre,</strong></span> <span class='ocrx_word' id='word_1_351' title='bbox 2238 2554 2362 2609; x_wconf 68' lang='lat' dir='ltr'><strong>quae</strong></span> <span class='ocrx_word' id='word_1_352' title='bbox 2419 2539 2592 2593; x_wconf 85' lang='lat' dir='ltr'><strong>veluti</strong></span> <span class='ocrx_word' id='word_1_353' title='bbox 2657 2539 2942 2609; x_wconf 85' lang='lat' dir='ltr'><strong>peregrina</strong></span> <span class='ocrx_word' id='word_1_354' title='bbox 2991 2539 3271 2595; x_wconf 77' lang='lat' dir='ltr'><strong>letiferhm</strong></span> <span class='ocrx_word' id='word_1_355' title='bbox 3311 2541 3417 2597; x_wconf 89' lang='lat' dir='ltr'><strong>hoc</strong></span> <span class='ocrx_word' id='word_1_356' title='bbox 3481 2546 3686 2599; x_wconf 86' lang='lat' dir='ltr'><strong>malum</strong></span> 
     </span>
    </p>
   </div>
   <div class='ocr_carea' id='block_1_47' title="bbox 405 2630 3684 2703">
    <p class='ocr_par' dir='ltr' id='par_1_47' title="bbox 405 2630 3684 2703">
     <span class='ocr_line' id='line_1_47' title="bbox 405 2630 3684 2703; baseline 0.002 -18"><span class='ocrx_word' id='word_1_357' title='bbox 405 2631 568 2687; x_wconf 91' lang='lat' dir='ltr'><strong>nobis</strong></span> <span class='ocrx_word' id='word_1_358' title='bbox 624 2632 921 2687; x_wconf 88' lang='lat' dir='ltr'><strong>asciseunt.</strong></span> <span class='ocrx_word' id='word_1_359' title='bbox 970 2631 1108 2688; x_wconf 76' lang='lat' dir='ltr'><strong>Nlm</strong></span> <span class='ocrx_word' id='word_1_360' title='bbox 1162 2631 1516 2701; x_wconf 80' lang='lat' dir='ltr'><strong>blasphemus</strong></span> <span class='ocrx_word' id='word_1_361' title='bbox 1573 2648 1637 2688; x_wconf 88' lang='lat' dir='ltr'><strong>ac</strong></span> <span class='ocrx_word' id='word_1_362' title='bbox 1692 2630 1994 2686; x_wconf 87' lang='lat' dir='ltr'><strong>maledicus</strong></span> <span class='ocrx_word' id='word_1_363' title='bbox 2031 2630 2183 2686; x_wconf 89' lang='lat' dir='ltr'><strong>illius</strong></span> <span class='ocrx_word' id='word_1_364' title='bbox 2248 2631 2562 2701; x_wconf 87' lang='lat' dir='ltr'><strong>quaternio,</strong></span> <span class='ocrx_word' id='word_1_365' title='bbox 2599 2631 2695 2703; x_wconf 91' lang='lat' dir='ltr'><strong>qui</strong></span> <span class='ocrx_word' id='word_1_366' title='bbox 2732 2631 2935 2686; x_wconf 89' lang='lat' dir='ltr'><strong>missus</strong></span> <span class='ocrx_word' id='word_1_367' title='bbox 2960 2640 3066 2700; x_wconf 91' lang='lat' dir='ltr'><strong>est,</strong></span> <span class='ocrx_word' id='word_1_368' title='bbox 3108 2640 3321 2689; x_wconf 87' lang='lat' dir='ltr'><strong>tantum</strong></span> <span class='ocrx_word' id='word_1_369' title='bbox 3381 2634 3684 2692; x_wconf 57' lang='lat' dir='ltr'><strong>insecena</strong></span> 
     </span>
    </p>
   </div>
   <div class='ocr_carea' id='block_1_48' title="bbox 405 2720 2260 2793">
    <p class='ocr_par' dir='ltr' id='par_1_48' title="bbox 405 2720 2260 2793">
     <span class='ocr_line' id='line_1_48' title="bbox 405 2720 2260 2793; baseline -0.001 -16"><span class='ocrx_word' id='word_1_370' title='bbox 405 2724 545 2778; x_wconf 87' lang='lat' dir='ltr'><strong>tinet</strong></span> <span class='ocrx_word' id='word_1_371' title='bbox 579 2720 978 2792; x_wconf 86' lang='lat' dir='ltr'><strong>perversitatis,</strong></span> <span class='ocrx_word' id='word_1_372' title='bbox 1015 2729 1075 2776; x_wconf 92' lang='lat' dir='ltr'><strong>ut</strong></span> <span class='ocrx_word' id='word_1_373' title='bbox 1116 2722 1295 2792; x_wconf 90' lang='lat' dir='ltr'><strong>ipsum</strong></span> <span class='ocrx_word' id='word_1_374' title='bbox 1334 2738 1555 2793; x_wconf 90' lang='lat' dir='ltr'><strong>quoque</strong></span> <span class='ocrx_word' id='word_1_375' title='bbox 1596 2724 1863 2777; x_wconf 87' lang='lat' dir='ltr'><strong>lectorem</strong></span> <span class='ocrx_word' id='word_1_376' title='bbox 1900 2722 1992 2775; x_wconf 87' lang='lat' dir='ltr'><strong>lue</strong></span> <span class='ocrx_word' id='word_1_377' title='bbox 2030 2720 2260 2776; x_wconf 80' lang='lat' dir='ltr'><strong>inliciat.</strong></span> 
     </span>
    </p>
   </div>
   <div class='ocr_carea' id='block_1_49' title="bbox 473 2814 1995 2887">
    <p class='ocr_par' dir='ltr' id='par_1_49' title="bbox 473 2814 1995 2887">
     <span class='ocr_line' id='line_1_49' title="bbox 473 2814 1995 2887; baseline -0.003 -17"><span class='ocrx_word' id='word_1_378' title='bbox 473 2814 746 2882; x_wconf 86' lang='lat' dir='ltr'><strong>Quoniam</strong></span> <span class='ocrx_word' id='word_1_379' title='bbox 772 2830 906 2869; x_wconf 85' lang='lat' dir='ltr'><strong>vero</strong></span> <span class='ocrx_word' id='word_1_380' title='bbox 943 2815 1235 2869; x_wconf 75' lang='lat' dir='ltr'><strong>cavillator</strong></span> <span class='ocrx_word' id='word_1_381' title='bbox 1259 2831 1471 2870; x_wconf 88' lang='lat' dir='ltr'><strong>sacram</strong></span> <span class='ocrx_word' id='word_1_382' title='bbox 1509 2814 1780 2887; x_wconf 87' lang='lat' dir='ltr'><strong>synodum</strong></span> <span class='ocrx_word' id='word_1_383' title='bbox 1802 2827 1995 2867; x_wconf 89' lang='lat' dir='ltr'><strong>vocem</strong></span> 
     </span>
    </p>
   </div>
   <div class='ocr_carea' id='block_1_50' title="bbox 405 2904 1995 2977">
    <p class='ocr_par' dir='ltr' id='par_1_50' title="bbox 405 2904 1995 2977">
     <span class='ocr_line' id='line_1_50' title="bbox 405 2904 1995 2977; baseline -0.005 -14"><span class='ocrx_word' id='word_1_384' title='bbox 405 2908 723 2964; x_wconf 89' lang='lat' dir='ltr'><strong>inusitatam</strong></span> <span class='ocrx_word' id='word_1_385' title='bbox 776 2906 1215 2977; x_wconf 89' lang='lat' dir='ltr'><strong>deprompsisse,</strong></span> <span class='ocrx_word' id='word_1_386' title='bbox 1258 2906 1391 2961; x_wconf 89' lang='lat' dir='ltr'><strong>dum</strong></span> <span class='ocrx_word' id='word_1_387' title='bbox 1442 2922 1658 2962; x_wconf 89' lang='lat' dir='ltr'><strong>sacram</strong></span> <span class='ocrx_word' id='word_1_388' title='bbox 1713 2904 1995 2974; x_wconf 74' lang='lat' dir='ltr'><strong>Virginem</strong></span> 
     </span>
    </p>
   </div>
   <div class='ocr_carea' id='block_1_51' title="bbox 405 2992 1995 3069">
    <p class='ocr_par' dir='ltr' id='par_1_51' title="bbox 405 2992 1995 3069">
     <span class='ocr_line' id='line_1_51' title="bbox 405 2992 1995 3069; baseline -0.006 -15"><span class='ocrx_word' id='word_1_389' title='bbox 405 2998 723 3054; x_wconf 87' lang='lat' dir='ltr'><strong>Theotocon</strong></span> <span class='ocrx_word' id='word_1_390' title='bbox 755 2997 1091 3065; x_wconf 88' lang='lat' dir='ltr'><strong>nominavit;</strong></span> <span class='ocrx_word' id='word_1_391' title='bbox 1124 2998 1499 3069; x_wconf 86' lang='lat' dir='ltr'><strong>interrogetur</strong></span> <span class='ocrx_word' id='word_1_392' title='bbox 1527 3004 1583 3051; x_wconf 89' lang='lat' dir='ltr'><strong>et</strong></span> <span class='ocrx_word' id='word_1_393' title='bbox 1607 2997 1726 3066; x_wconf 87' lang='lat' dir='ltr'><strong>ipse</strong></span> <span class='ocrx_word' id='word_1_394' title='bbox 1747 2992 1995 3048; x_wconf 89' lang='lat' dir='ltr'><strong>vicissim</strong></span> 
     </span>
    </p>
   </div>
   <div class='ocr_carea' id='block_1_52' title="bbox 403 3086 1993 3157">
    <p class='ocr_par' dir='ltr' id='par_1_52' title="bbox 403 3086 1993 3157">
     <span class='ocr_line' id='line_1_52' title="bbox 403 3086 1993 3157; baseline -0.005 -10"><span class='ocrx_word' id='word_1_395' title='bbox 403 3107 532 3147; x_wconf 91' lang='lat' dir='ltr'><strong>cum</strong></span> <span class='ocrx_word' id='word_1_396' title='bbox 569 3092 704 3156; x_wconf 87' lang='lat' dir='ltr'><strong>suis,</strong></span> <span class='ocrx_word' id='word_1_397' title='bbox 740 3091 966 3146; x_wconf 88' lang='lat' dir='ltr'><strong>ubinam</strong></span> <span class='ocrx_word' id='word_1_398' title='bbox 1008 3090 1421 3157; x_wconf 86' lang='lat' dir='ltr'><strong>Christotocon,</strong></span> <span class='ocrx_word' id='word_1_399' title='bbox 1471 3097 1568 3144; x_wconf 89' lang='lat' dir='ltr'><strong>aut</strong></span> <span class='ocrx_word' id='word_1_400' title='bbox 1617 3086 1993 3142; x_wconf 85' lang='lat' dir='ltr'><strong>Theodochon</strong></span> 
     </span>
    </p>
   </div>
   <div class='ocr_carea' id='block_1_53' title="bbox 2175 2806 3683 2890">
    <p class='ocr_par' dir='ltr' id='par_1_53' title="bbox 2175 2806 3683 2890">
     <span class='ocr_line' id='line_1_53' title="bbox 2175 2806 3683 2890; baseline 0.006 -26"><span class='ocrx_word' id='word_1_401' title='bbox 2175 2806 2393 2885; x_wconf 79' lang='grc' dir='ltr'>Ἐπειδὴ</span> <span class='ocrx_word' id='word_1_402' title='bbox 2431 2806 2488 2866; x_wconf 74' lang='grc' dir='ltr'>δὲ</span> <span class='ocrx_word' id='word_1_403' title='bbox 2525 2808 2764 2868; x_wconf 75' lang='grc' dir='ltr'>αἰτιᾶται</span> <span class='ocrx_word' id='word_1_404' title='bbox 2810 2814 2887 2878; x_wconf 85' lang='grc' dir='ltr'>ὡς</span> <span class='ocrx_word' id='word_1_405' title='bbox 2924 2814 3068 2882; x_wconf 80' lang='grc' dir='ltr'>λέξιν</span> <span class='ocrx_word' id='word_1_406' title='bbox 3100 2808 3344 2888; x_wconf 76' lang='grc' dir='ltr'>ἀσυνήθη</span> <span class='ocrx_word' id='word_1_407' title='bbox 3391 2812 3613 2890; x_wconf 70' lang='grc' dir='ltr'>εἴρηκεν</span> 
     </span>
    </p>
   </div>
   <div class='ocr_carea' id='block_1_54' title="bbox 2092 2902 3685 2980">
    <p class='ocr_par' dir='ltr' id='par_1_54' title="bbox 2092 2902 3685 2980">
     <span class='ocr_line' id='line_1_54' title="bbox 2092 2902 3685 2980; baseline 0.004 -23"><span class='ocrx_word' id='word_1_408' title='bbox 2092 2902 2284 2976; x_wconf 83' lang='grc' dir='ltr'>Γραφὴ</span> <span class='ocrx_word' id='word_1_409' title='bbox 2325 2909 2375 2969; x_wconf 85' lang='grc' dir='ltr'>Ρ,</span> <span class='ocrx_word' id='word_1_410' title='bbox 2397 2906 2566 2977; x_wconf 74' lang='grc' dir='ltr'>ἤγουν</span> <span class='ocrx_word' id='word_1_411' title='bbox 2592 2908 2626 2977; x_wconf 82' lang='grc' dir='ltr'>ἡ</span> <span class='ocrx_word' id='word_1_412' title='bbox 2651 2907 2782 2976; x_wconf 84' lang='grc' dir='ltr'>ἁγία</span> <span class='ocrx_word' id='word_1_413' title='bbox 2809 2906 3044 2970; x_wconf 88' lang='grc' dir='ltr'>σύνοδος,</span> <span class='ocrx_word' id='word_1_414' title='bbox 3078 2907 3342 2962; x_wconf 88' lang='grc' dir='ltr'>Θεοτόκον</span> <span class='ocrx_word' id='word_1_415' title='bbox 3366 2909 3685 2980; x_wconf 82' lang='grc' dir='ltr'>ὀνομάσασα</span> 
     </span>
    </p>
   </div>
   <div class='ocr_carea' id='block_1_55' title="bbox 2088 2981 3682 3074">
    <p class='ocr_par' dir='ltr' id='par_1_55' title="bbox 2088 2981 3682 3074">
     <span class='ocr_line' id='line_1_55' title="bbox 2088 2981 3682 3074; baseline 0.004 -25"><span class='ocrx_word' id='word_1_416' title='bbox 2088 2995 2188 3067; x_wconf 82' lang='grc' dir='ltr'>τὴν</span> <span class='ocrx_word' id='word_1_417' title='bbox 2212 2997 2374 3065; x_wconf 83' lang='grc' dir='ltr'>ἁγίαν</span> <span class='ocrx_word' id='word_1_418' title='bbox 2412 2998 2710 3068; x_wconf 77' lang='grc' dir='ltr'>Παρθένον,</span> <span class='ocrx_word' id='word_1_419' title='bbox 2753 2981 3155 3070; x_wconf 77' lang='grc' dir='ltr'>ἐρωτάσθωσαν</span> <span class='ocrx_word' id='word_1_420' title='bbox 3188 3000 3366 3067; x_wconf 77' lang='grc' dir='ltr'>αὐτοὶ,</span> <span class='ocrx_word' id='word_1_421' title='bbox 3407 3002 3511 3055; x_wconf 84' lang='grc' dir='ltr'><strong>ποῦ</strong></span> <span class='ocrx_word' id='word_1_422' title='bbox 3541 3004 3682 3074; x_wconf 85' lang='grc' dir='ltr'>Χρι-</span> 
     </span>
    </p>
   </div>
   <div class='ocr_carea' id='block_1_56' title="bbox 2094 3087 3685 3166">
    <p class='ocr_par' dir='ltr' id='par_1_56' title="bbox 2094 3087 3685 3166">
     <span class='ocr_line' id='line_1_56' title="bbox 2094 3087 3685 3166; baseline 0.005 -25"><span class='ocrx_word' id='word_1_423' title='bbox 2094 3089 2406 3160; x_wconf 81' lang='grc' dir='ltr'>στοτόκον,ἢ</span> <span class='ocrx_word' id='word_1_424' title='bbox 2424 3091 2681 3162; x_wconf 84' lang='grc' dir='ltr'>Θεοδόχον</span> <span class='ocrx_word' id='word_1_425' title='bbox 2708 3087 2768 3146; x_wconf 74' lang='grc' dir='ltr'>εὖ</span> <span class='ocrx_word' id='word_1_426' title='bbox 2777 3109 2866 3164; x_wconf 86' lang='grc' dir='ltr'><strong>ρον</strong></span> <span class='ocrx_word' id='word_1_427' title='bbox 2885 3094 3272 3164; x_wconf 86' lang='grc' dir='ltr'>γεγραμμένον</span> <span class='ocrx_word' id='word_1_428' title='bbox 3292 3110 3308 3159; x_wconf 87' lang='grc'><strong>;</strong></span> <span class='ocrx_word' id='word_1_429' title='bbox 3340 3095 3485 3166; x_wconf 87' lang='grc' dir='ltr'>Πρὸς</span> <span class='ocrx_word' id='word_1_430' title='bbox 3508 3095 3685 3165; x_wconf 82' lang='grc' dir='ltr'>τούτῳ</span> 
     </span>
    </p>
   </div>
   <div class='ocr_carea' id='block_1_57' title="bbox 404 3176 1993 3276">
    <p class='ocr_par' dir='ltr' id='par_1_57' title="bbox 404 3181 1989 3255">
     <span class='ocr_line' id='line_1_57' title="bbox 404 3181 1989 3255; baseline -0.004 -16"><span class='ocrx_word' id='word_1_431' title='bbox 404 3198 639 3255; x_wconf 90' lang='lat' dir='ltr'><strong>usquam</strong></span> <span class='ocrx_word' id='word_1_432' title='bbox 675 3183 943 3253; x_wconf 87' lang='lat' dir='ltr'><strong>scriptum</strong></span> <span class='ocrx_word' id='word_1_433' title='bbox 984 3184 1380 3254; x_wconf 88' lang='lat' dir='ltr'><strong>compererint.</strong></span> <span class='ocrx_word' id='word_1_434' title='bbox 1416 3182 1567 3237; x_wconf 85' lang='lat' dir='ltr'><strong>inter</strong></span> <span class='ocrx_word' id='word_1_435' title='bbox 1604 3181 1711 3233; x_wconf 91' lang='lat' dir='ltr'><strong>alia</strong></span> <span class='ocrx_word' id='word_1_436' title='bbox 1748 3193 1989 3248; x_wconf 89' lang='lat' dir='ltr'><strong>namque</strong></span> 
     </span>
    </p>
   </div>
   <div class='ocr_carea' id='block_1_58' title="bbox 2091 3176 3683 3276">
    <p class='ocr_par' dir='ltr' id='par_1_58' title="bbox 2092 3176 3683 3257">
     <span class='ocr_line' id='line_1_58' title="bbox 2092 3176 3683 3257; baseline 0.004 -25"><span class='ocrx_word' id='word_1_437' title='bbox 2092 3181 2312 3234; x_wconf 83' lang='grc' dir='ltr'>κάκεῖνο</span> <span class='ocrx_word' id='word_1_438' title='bbox 2337 3176 2595 3253; x_wconf 74' lang='grc' dir='ltr'>ἐνέθηκεν</span> <span class='ocrx_word' id='word_1_439' title='bbox 2625 3183 2819 3247; x_wconf 88' lang='grc' dir='ltr'>αύταῖς</span> <span class='ocrx_word' id='word_1_440' title='bbox 2849 3183 3058 3248; x_wconf 82' lang='grc' dir='ltr'>λέξεσιν</span> <span class='ocrx_word' id='word_1_441' title='bbox 3086 3180 3250 3237; x_wconf 75' lang='grc' dir='ltr'>οὕτω·</span> <span class='ocrx_word' id='word_1_442' title='bbox 3287 3203 3306 3237; x_wconf 78' lang='grc' dir='ltr'><strong>ι</strong></span> <span class='ocrx_word' id='word_1_443' title='bbox 3349 3186 3392 3238; x_wconf 83' lang='grc' dir='ltr'>Τ</span> <span class='ocrx_word' id='word_1_444' title='bbox 3395 3185 3460 3257; x_wconf 83' lang='grc' dir='ltr'>ὴν</span> <span class='ocrx_word' id='word_1_445' title='bbox 3494 3185 3683 3239; x_wconf 87' lang='grc' dir='ltr'>Θεοδό-</span> 
     </span>
    </p>
   </div>
   <div class='ocr_carea' id='block_1_59' title="bbox 402 3270 1990 3344">
    <p class='ocr_par' dir='ltr' id='par_1_59' title="bbox 402 3270 1990 3344">
     <span class='ocr_line' id='line_1_59' title="bbox 402 3270 1990 3344; baseline -0.003 -15"><span class='ocrx_word' id='word_1_446' title='bbox 402 3282 460 3329; x_wconf 92' lang='lat' dir='ltr'><strong>et</strong></span> <span class='ocrx_word' id='word_1_447' title='bbox 500 3275 606 3329; x_wconf 88' lang='lat' dir='ltr'><strong>hoc</strong></span> <span class='ocrx_word' id='word_1_448' title='bbox 634 3290 854 3344; x_wconf 90' lang='lat' dir='ltr'><strong>quoque</strong></span> <span class='ocrx_word' id='word_1_449' title='bbox 883 3273 952 3329; x_wconf 89' lang='lat' dir='ltr'><strong>ad</strong></span> <span class='ocrx_word' id='word_1_450' title='bbox 985 3274 1218 3329; x_wconf 86' lang='lat' dir='ltr'><strong>verbum</strong></span> <span class='ocrx_word' id='word_1_451' title='bbox 1256 3272 1539 3328; x_wconf 86' lang='lat' dir='ltr'><strong>interserit</strong></span> <span class='ocrx_word' id='word_1_452' title='bbox 1564 3288 1579 3324; x_wconf 90' lang='lat'><strong>:</strong></span> <span class='ocrx_word' id='word_1_453' title='bbox 1620 3290 1638 3322; x_wconf 83' lang='grc' dir='ltr'><strong>ι</strong></span> <span class='ocrx_word' id='word_1_454' title='bbox 1667 3271 1742 3326; x_wconf 87' lang='lat' dir='ltr'><strong>De</strong></span> <span class='ocrx_word' id='word_1_455' title='bbox 1766 3270 1990 3342; x_wconf 84' lang='lat' dir='ltr'><strong>Virgine</strong></span> 
     </span>
    </p>
   </div>
   <div class='ocr_carea' id='block_1_60' title="bbox 404 3360 1989 3435">
    <p class='ocr_par' dir='ltr' id='par_1_60' title="bbox 404 3360 1989 3435">
     <span class='ocr_line' id='line_1_60' title="bbox 404 3360 1989 3435; baseline -0.003 -16"><span class='ocrx_word' id='word_1_456' title='bbox 404 3364 736 3420; x_wconf 88' lang='lat' dir='ltr'><strong>Theodocha</strong></span> <span class='ocrx_word' id='word_1_457' title='bbox 781 3380 895 3420; x_wconf 90' lang='lat' dir='ltr'><strong>non</strong></span> <span class='ocrx_word' id='word_1_458' title='bbox 943 3364 1312 3435; x_wconf 90' lang='lat' dir='ltr'><strong>disputemus,</strong></span> <span class='ocrx_word' id='word_1_459' title='bbox 1351 3382 1371 3414; x_wconf 72' lang='grc' dir='ltr'><strong>ι</strong></span> <span class='ocrx_word' id='word_1_460' title='bbox 1432 3361 1591 3431; x_wconf 89' lang='lat' dir='ltr'><strong>quasi</strong></span> <span class='ocrx_word' id='word_1_461' title='bbox 1637 3360 1740 3430; x_wconf 94' lang='lat' dir='ltr'><strong>ipsi</strong></span> <span class='ocrx_word' id='word_1_462' title='bbox 1781 3360 1989 3430; x_wconf 90' lang='lat' dir='ltr'><strong>aliquid</strong></span> 
     </span>
    </p>
   </div>
   <div class='ocr_carea' id='block_1_61' title="bbox 401 3450 1991 3523">
    <p class='ocr_par' dir='ltr' id='par_1_61' title="bbox 401 3450 1991 3523">
     <span class='ocr_line' id='line_1_61' title="bbox 401 3450 1991 3523; baseline -0.003 -12"><span class='ocrx_word' id='word_1_463' title='bbox 401 3471 529 3512; x_wconf 91' lang='lat' dir='ltr'><strong>cum</strong></span> <span class='ocrx_word' id='word_1_464' title='bbox 565 3457 679 3512; x_wconf 90' lang='lat' dir='ltr'><strong>Deo</strong></span> <span class='ocrx_word' id='word_1_465' title='bbox 711 3471 1004 3511; x_wconf 88' lang='lat' dir='ltr'><strong>commune</strong></span> <span class='ocrx_word' id='word_1_466' title='bbox 1044 3455 1234 3519; x_wconf 89' lang='lat' dir='ltr'><strong>fuerit,</strong></span> <span class='ocrx_word' id='word_1_467' title='bbox 1269 3466 1501 3523; x_wconf 89' lang='lat' dir='ltr'><strong>prorsus</strong></span> <span class='ocrx_word' id='word_1_468' title='bbox 1539 3450 1673 3520; x_wconf 90' lang='lat' dir='ltr'><strong>quid</strong></span> <span class='ocrx_word' id='word_1_469' title='bbox 1709 3450 1857 3505; x_wconf 90' lang='lat' dir='ltr'><strong>dicat</strong></span> <span class='ocrx_word' id='word_1_470' title='bbox 1895 3459 1991 3507; x_wconf 90' lang='lat' dir='ltr'><strong>aut</strong></span> 
     </span>
    </p>
   </div>
   <div class='ocr_carea' id='block_1_62' title="bbox 402 3541 1989 3620">
    <p class='ocr_par' dir='ltr' id='par_1_62' title="bbox 402 3541 1989 3620">
     <span class='ocr_line' id='line_1_62' title="bbox 402 3541 1989 3620; baseline -0.003 -16"><span class='ocrx_word' id='word_1_471' title='bbox 402 3548 552 3620; x_wconf 90' lang='lat' dir='ltr'><strong>quod</strong></span> <span class='ocrx_word' id='word_1_472' title='bbox 588 3547 820 3603; x_wconf 74' lang='lat' dir='ltr'><strong>afﬁrmet</strong></span> <span class='ocrx_word' id='word_1_473' title='bbox 859 3563 970 3602; x_wconf 90' lang='lat' dir='ltr'><strong>non</strong></span> <span class='ocrx_word' id='word_1_474' title='bbox 1008 3546 1342 3616; x_wconf 87' lang='lat' dir='ltr'><strong>intelligens.</strong></span> <span class='ocrx_word' id='word_1_475' title='bbox 1388 3542 1446 3598; x_wconf 91' lang='lat' dir='ltr'><strong>Si</strong></span> <span class='ocrx_word' id='word_1_476' title='bbox 1485 3541 1634 3596; x_wconf 90' lang='lat' dir='ltr'><strong>enim</strong></span> <span class='ocrx_word' id='word_1_477' title='bbox 1665 3542 1837 3597; x_wconf 85' lang='lat' dir='ltr'><strong>Deum</strong></span> <span class='ocrx_word' id='word_1_478' title='bbox 1876 3559 1989 3599; x_wconf 90' lang='lat' dir='ltr'><strong>non</strong></span> 
     </span>
    </p>
   </div>
   <div class='ocr_carea' id='block_1_63' title="bbox 402 3632 1986 3709">
    <p class='ocr_par' dir='ltr' id='par_1_63' title="bbox 402 3632 1986 3709">
     <span class='ocr_line' id='line_1_63' title="bbox 402 3632 1986 3709; baseline -0.003 -16"><span class='ocrx_word' id='word_1_479' title='bbox 402 3638 650 3709; x_wconf 86' lang='lat' dir='ltr'><strong>peperit,</strong></span> <span class='ocrx_word' id='word_1_480' title='bbox 686 3653 868 3707; x_wconf 89' lang='lat' dir='ltr'><strong>neque</strong></span> <span class='ocrx_word' id='word_1_481' title='bbox 913 3637 1196 3693; x_wconf 86' lang='lat' dir='ltr'><strong>Christum</strong></span> <span class='ocrx_word' id='word_1_482' title='bbox 1241 3634 1414 3688; x_wconf 88' lang='lat' dir='ltr'><strong>Deum</strong></span> <span class='ocrx_word' id='word_1_483' title='bbox 1460 3632 1519 3685; x_wconf 89' lang='lat' dir='ltr'><strong>in</strong></span> <span class='ocrx_word' id='word_1_484' title='bbox 1568 3640 1725 3687; x_wconf 90' lang='lat' dir='ltr'><strong>utero</strong></span> <span class='ocrx_word' id='word_1_485' title='bbox 1773 3632 1986 3702; x_wconf 88' lang='lat' dir='ltr'><strong>habuit,</strong></span> 
     </span>
    </p>
   </div>
   <div class='ocr_carea' id='block_1_64' title="bbox 401 3724 1986 3801">
    <p class='ocr_par' dir='ltr' id='par_1_64' title="bbox 401 3724 1986 3801">
     <span class='ocr_line' id='line_1_64' title="bbox 401 3724 1986 3801; baseline -0.003 -15"><span class='ocrx_word' id='word_1_486' title='bbox 401 3745 515 3801; x_wconf 85' lang='lat' dir='ltr'><strong>quo</strong></span> <span class='ocrx_word' id='word_1_487' title='bbox 551 3737 715 3800; x_wconf 90' lang='lat' dir='ltr'><strong>pacto</strong></span> <span class='ocrx_word' id='word_1_488' title='bbox 747 3728 1114 3784; x_wconf 88' lang='lat' dir='ltr'><strong>Theodochos</strong></span> <span class='ocrx_word' id='word_1_489' title='bbox 1138 3726 1262 3780; x_wconf 83' lang='lat' dir='ltr'><strong>est?</strong></span> <span class='ocrx_word' id='word_1_490' title='bbox 1287 3724 1432 3791; x_wconf 86' lang='lat' dir='ltr'><strong>Quin</strong></span> <span class='ocrx_word' id='word_1_491' title='bbox 1468 3732 1525 3778; x_wconf 91' lang='lat' dir='ltr'><strong>et</strong></span> <span class='ocrx_word' id='word_1_492' title='bbox 1556 3724 1733 3794; x_wconf 85' lang='lat' dir='ltr'><strong>ipsum</strong></span> <span class='ocrx_word' id='word_1_493' title='bbox 1767 3740 1986 3797; x_wconf 90' lang='lat' dir='ltr'><strong>quoque</strong></span> 
     </span>
    </p>
   </div>
   <div class='ocr_carea' id='block_1_65' title="bbox 402 3814 1985 3885">
    <p class='ocr_par' dir='ltr' id='par_1_65' title="bbox 402 3814 1985 3885">
     <span class='ocr_line' id='line_1_65' title="bbox 402 3814 1985 3885; baseline -0.004 -8"><span class='ocrx_word' id='word_1_494' title='bbox 402 3821 620 3877; x_wconf 85' lang='lat' dir='ltr'><strong>Patrem</strong></span> <span class='ocrx_word' id='word_1_495' title='bbox 643 3820 848 3876; x_wconf 87' lang='lat' dir='ltr'><strong>alicubi</strong></span> <span class='ocrx_word' id='word_1_496' title='bbox 873 3819 1195 3873; x_wconf 75' lang='lat' dir='ltr'><strong>Tlteotocon</strong></span> <span class='ocrx_word' id='word_1_497' title='bbox 1226 3814 1483 3885; x_wconf 82' lang='lat' dir='ltr'><strong>appellat.</strong></span> <span class='ocrx_word' id='word_1_498' title='bbox 1518 3814 1622 3871; x_wconf 87' lang='lat' dir='ltr'><strong>Ubi</strong></span> <span class='ocrx_word' id='word_1_499' title='bbox 1653 3824 1837 3871; x_wconf 89' lang='lat' dir='ltr'><strong>autem</strong></span> <span class='ocrx_word' id='word_1_500' title='bbox 1863 3833 1985 3872; x_wconf 87' lang='lat' dir='ltr'><strong>om-</strong></span> 
     </span>
    </p>
   </div>
   <div class='ocr_carea' id='block_1_66' title="bbox 401 3906 1984 3978">
    <p class='ocr_par' dir='ltr' id='par_1_66' title="bbox 401 3906 1984 3978">
     <span class='ocr_line' id='line_1_66' title="bbox 401 3906 1984 3978; baseline -0.003 -9"><span class='ocrx_word' id='word_1_501' title='bbox 401 3927 503 3967; x_wconf 80' lang='lat' dir='ltr'><strong>nes</strong></span> <span class='ocrx_word' id='word_1_502' title='bbox 530 3912 695 3968; x_wconf 76' lang='lat' dir='ltr'><strong>hasce</strong></span> <span class='ocrx_word' id='word_1_503' title='bbox 722 3925 890 3967; x_wconf 88' lang='lat' dir='ltr'><strong>voces</strong></span> <span class='ocrx_word' id='word_1_504' title='bbox 914 3909 1128 3978; x_wconf 88' lang='lat' dir='ltr'><strong>legerit,</strong></span> <span class='ocrx_word' id='word_1_505' title='bbox 1156 3907 1371 3977; x_wconf 88' lang='lat' dir='ltr'><strong>ignoro.</strong></span> <span class='ocrx_word' id='word_1_506' title='bbox 1402 3906 1648 3977; x_wconf 67' lang='lat' dir='ltr'><strong>Reliqua:</strong></span> <span class='ocrx_word' id='word_1_507' title='bbox 1675 3923 1841 3978; x_wconf 86' lang='lat' dir='ltr'><strong>porro</strong></span> <span class='ocrx_word' id='word_1_508' title='bbox 1865 3920 1984 3965; x_wconf 87' lang='lat' dir='ltr'><strong>ma-</strong></span> 
     </span>
    </p>
   </div>
   <div class='ocr_carea' id='block_1_67' title="bbox 399 3998 2002 4075">
    <p class='ocr_par' dir='ltr' id='par_1_67' title="bbox 399 3998 2002 4075">
     <span class='ocr_line' id='line_1_67' title="bbox 399 3998 2002 4075; baseline -0.004 -15"><span class='ocrx_word' id='word_1_509' title='bbox 399 4003 561 4069; x_wconf 57' lang='lat' dir='ltr'><strong>cula,</strong></span> <span class='ocrx_word' id='word_1_510' title='bbox 586 4020 711 4075; x_wconf 73' lang='lat' dir='ltr'><strong>qum</strong></span> <span class='ocrx_word' id='word_1_511' title='bbox 743 4018 853 4058; x_wconf 88' lang='lat' dir='ltr'><strong>non</strong></span> <span class='ocrx_word' id='word_1_512' title='bbox 884 4015 1075 4071; x_wconf 71' lang='lat' dir='ltr'><strong>pauere</strong></span> <span class='ocrx_word' id='word_1_513' title='bbox 1096 4012 1331 4053; x_wconf 89' lang='lat' dir='ltr'><strong>numero</strong></span> <span class='ocrx_word' id='word_1_514' title='bbox 1356 4012 1424 4052; x_wconf 70' lang='lat' dir='ltr'><strong>ex</strong></span> <span class='ocrx_word' id='word_1_515' title='bbox 1447 3998 1594 4054; x_wconf 90' lang='lat' dir='ltr'><strong>illius</strong></span> <span class='ocrx_word' id='word_1_516' title='bbox 1620 4001 2002 4056; x_wconf 90' lang='lat' dir='ltr'><strong>enarrationi-.</strong></span> 
     </span>
    </p>
   </div>
   <div class='ocr_carea' id='block_1_68' title="bbox 400 4090 1986 4166">
    <p class='ocr_par' dir='ltr' id='par_1_68' title="bbox 400 4090 1986 4166">
     <span class='ocr_line' id='line_1_68' title="bbox 400 4090 1986 4166; baseline 0.001 -15"><span class='ocrx_word' id='word_1_517' title='bbox 400 4094 507 4151; x_wconf 86' lang='lat' dir='ltr'><strong>bus</strong></span> <span class='ocrx_word' id='word_1_518' title='bbox 545 4096 902 4166; x_wconf 86' lang='lat' dir='ltr'><strong>colliguntur,</strong></span> <span class='ocrx_word' id='word_1_519' title='bbox 941 4092 1051 4147; x_wconf 90' lang='lat' dir='ltr'><strong>nisi</strong></span> <span class='ocrx_word' id='word_1_520' title='bbox 1089 4090 1468 4161; x_wconf 87' lang='lat' dir='ltr'><strong>resipiscentia</strong></span> <span class='ocrx_word' id='word_1_521' title='bbox 1488 4091 1670 4163; x_wconf 88' lang='lat' dir='ltr'><strong>aliqua</strong></span> <span class='ocrx_word' id='word_1_522' title='bbox 1691 4109 1986 4151; x_wconf 88' lang='lat' dir='ltr'><strong>consecuta</strong></span> 
     </span>
    </p>
   </div>
   <div class='ocr_carea' id='block_1_69' title="bbox 393 4183 1983 4254">
    <p class='ocr_par' dir='ltr' id='par_1_69' title="bbox 393 4183 1983 4254">
     <span class='ocr_line' id='line_1_69' title="bbox 393 4183 1983 4254; baseline 0 -12"><span class='ocrx_word' id='word_1_523' title='bbox 393 4186 602 4253; x_wconf 81' lang='lat' dir='ltr'><strong>fuerit,</strong></span> <span class='ocrx_word' id='word_1_524' title='bbox 652 4187 709 4241; x_wconf 89' lang='lat' dir='ltr'><strong>in</strong></span> <span class='ocrx_word' id='word_1_525' title='bbox 748 4199 910 4241; x_wconf 90' lang='lat' dir='ltr'><strong>suum</strong></span> <span class='ocrx_word' id='word_1_526' title='bbox 954 4191 1172 4254; x_wconf 86' lang='lat' dir='ltr'><strong>tempus</strong></span> <span class='ocrx_word' id='word_1_527' title='bbox 1220 4183 1667 4239; x_wconf 86' lang='lat' dir='ltr'><strong>asservabuntur.</strong></span> <span class='ocrx_word' id='word_1_528' title='bbox 1710 4185 1983 4242; x_wconf 85' lang='lat' dir='ltr'><strong>Libellum</strong></span> 
     </span>
    </p>
   </div>
   <div class='ocr_carea' id='block_1_70' title="bbox 395 4274 1985 4349">
    <p class='ocr_par' dir='ltr' id='par_1_70' title="bbox 395 4274 1985 4349">
     <span class='ocr_line' id='line_1_70' title="bbox 395 4274 1985 4349; baseline -0.001 -16"><span class='ocrx_word' id='word_1_529' title='bbox 395 4279 710 4348; x_wconf 83' lang='lat' dir='ltr'><strong>supplicem</strong></span> <span class='ocrx_word' id='word_1_530' title='bbox 748 4290 781 4331; x_wconf 72' lang='grc' dir='ltr'>α</span> <span class='ocrx_word' id='word_1_531' title='bbox 814 4274 974 4331; x_wconf 89' lang='lat' dir='ltr'><strong>vobis</strong></span> <span class='ocrx_word' id='word_1_532' title='bbox 1009 4274 1076 4329; x_wconf 91' lang='lat' dir='ltr'><strong>ad</strong></span> <span class='ocrx_word' id='word_1_533' title='bbox 1117 4290 1204 4330; x_wconf 91' lang='lat' dir='ltr'><strong>me</strong></span> <span class='ocrx_word' id='word_1_534' title='bbox 1249 4275 1499 4343; x_wconf 88' lang='lat' dir='ltr'><strong>missum,</strong></span> <span class='ocrx_word' id='word_1_535' title='bbox 1533 4277 1627 4346; x_wconf 92' lang='lat' dir='ltr'><strong>qui</strong></span> <span class='ocrx_word' id='word_1_536' title='bbox 1665 4277 1985 4349; x_wconf 87' lang='lat' dir='ltr'><strong>imperatori</strong></span> 
     </span>
    </p>
   </div>
   <div class='ocr_carea' id='block_1_71' title="bbox 399 4365 1982 4438">
    <p class='ocr_par' dir='ltr' id='par_1_71' title="bbox 399 4365 1982 4438">
     <span class='ocr_line' id='line_1_71' title="bbox 399 4365 1982 4438; baseline 0.003 -18"><span class='ocrx_word' id='word_1_537' title='bbox 399 4365 774 4438; x_wconf 85' lang='lat' dir='ltr'><strong>porrigendus</strong></span> <span class='ocrx_word' id='word_1_538' title='bbox 802 4373 908 4431; x_wconf 88' lang='lat' dir='ltr'><strong>est,</strong></span> <span class='ocrx_word' id='word_1_539' title='bbox 944 4379 1055 4420; x_wconf 91' lang='lat' dir='ltr'><strong>non</strong></span> <span class='ocrx_word' id='word_1_540' title='bbox 1093 4373 1275 4421; x_wconf 90' lang='lat' dir='ltr'><strong>tamen</strong></span> <span class='ocrx_word' id='word_1_541' title='bbox 1315 4367 1435 4423; x_wconf 88' lang='lat' dir='ltr'><strong>sine</strong></span> <span class='ocrx_word' id='word_1_542' title='bbox 1468 4377 1655 4424; x_wconf 91' lang='lat' dir='ltr'><strong>nostra</strong></span> <span class='ocrx_word' id='word_1_543' title='bbox 1689 4370 1982 4436; x_wconf 78' lang='lat' dir='ltr'><strong>sententia,</strong></span> 
     </span>
    </p>
   </div>
   <div class='ocr_carea' id='block_1_72' title="bbox 402 4457 1987 4531">
    <p class='ocr_par' dir='ltr' id='par_1_72' title="bbox 402 4457 1987 4531">
     <span class='ocr_line' id='line_1_72' title="bbox 402 4457 1987 4531; baseline 0.003 -19"><span class='ocrx_word' id='word_1_544' title='bbox 402 4460 592 4528; x_wconf 89' lang='lat' dir='ltr'><strong>accepi</strong></span> <span class='ocrx_word' id='word_1_545' title='bbox 615 4466 672 4512; x_wconf 90' lang='lat' dir='ltr'><strong>et</strong></span> <span class='ocrx_word' id='word_1_546' title='bbox 696 4457 824 4527; x_wconf 90' lang='lat' dir='ltr'><strong>legi.</strong></span> <span class='ocrx_word' id='word_1_547' title='bbox 854 4458 1059 4513; x_wconf 81' lang='lat' dir='ltr'><strong>Verum</strong></span> <span class='ocrx_word' id='word_1_548' title='bbox 1084 4458 1230 4529; x_wconf 91' lang='lat' dir='ltr'><strong>quod</strong></span> <span class='ocrx_word' id='word_1_549' title='bbox 1267 4460 1475 4531; x_wconf 82' lang='lat' dir='ltr'><strong>prolixe</strong></span> <span class='ocrx_word' id='word_1_550' title='bbox 1505 4462 1561 4517; x_wconf 93' lang='lat' dir='ltr'><strong>in</strong></span> <span class='ocrx_word' id='word_1_551' title='bbox 1596 4478 1725 4518; x_wconf 91' lang='lat' dir='ltr'><strong>eum</strong></span> <span class='ocrx_word' id='word_1_552' title='bbox 1758 4462 1987 4518; x_wconf 60' lang='lat' dir='ltr'><strong>invehao</strong></span> 
     </span>
    </p>
   </div>
   <div class='ocr_carea' id='block_1_73' title="bbox 2092 3271 3681 3347">
    <p class='ocr_par' dir='ltr' id='par_1_73' title="bbox 2092 3271 3681 3347">
     <span class='ocr_line' id='line_1_73' title="bbox 2092 3271 3681 3347; baseline 0.005 -23"><span class='ocrx_word' id='word_1_553' title='bbox 2092 3288 2186 3341; x_wconf 89' lang='grc' dir='ltr'>χον</span> <span class='ocrx_word' id='word_1_554' title='bbox 2217 3271 2296 3342; x_wconf 87' lang='grc' dir='ltr'>τῷ</span> <span class='ocrx_word' id='word_1_555' title='bbox 2320 3271 2440 3342; x_wconf 84' lang='grc' dir='ltr'><strong>Θεῷ</strong></span> <span class='ocrx_word' id='word_1_556' title='bbox 2473 3273 2548 3344; x_wconf 84' lang='grc' dir='ltr'>μὴ</span> <span class='ocrx_word' id='word_1_557' title='bbox 2580 3273 3021 3346; x_wconf 85' lang='grc' dir='ltr'>συνθεολογῶμεν</span> <span class='ocrx_word' id='word_1_558' title='bbox 3060 3274 3374 3347; x_wconf 82' lang='grc' dir='ltr'>Παρθένον·</span> <span class='ocrx_word' id='word_1_559' title='bbox 3410 3296 3429 3330; x_wconf 72' lang='grc' dir='ltr'><strong>ι</strong></span> <span class='ocrx_word' id='word_1_560' title='bbox 3469 3278 3571 3332; x_wconf 73' lang='grc' dir='ltr'>οὐκ</span> <span class='ocrx_word' id='word_1_561' title='bbox 3605 3279 3681 3331; x_wconf 90' lang='grc' dir='ltr'>εἰ-</span> 
     </span>
    </p>
   </div>
   <div class='ocr_carea' id='block_1_74' title="bbox 2089 3358 3681 3437">
    <p class='ocr_par' dir='ltr' id='par_1_74' title="bbox 2089 3358 3681 3437">
     <span class='ocr_line' id='line_1_74' title="bbox 2089 3358 3681 3437; baseline 0.003 -23"><span class='ocrx_word' id='word_1_562' title='bbox 2089 3358 2194 3425; x_wconf 88' lang='grc' dir='ltr'>δὼς</span> <span class='ocrx_word' id='word_1_563' title='bbox 2218 3360 2246 3414; x_wconf 87' lang='grc' dir='ltr'><strong>ὃ</strong></span> <span class='ocrx_word' id='word_1_564' title='bbox 2284 3360 2454 3430; x_wconf 84' lang='grc' dir='ltr'>λέγει.</span> <span class='ocrx_word' id='word_1_565' title='bbox 2504 3363 2569 3418; x_wconf 89' lang='grc' dir='ltr'>Εί</span> <span class='ocrx_word' id='word_1_566' title='bbox 2601 3363 2710 3434; x_wconf 82' lang='grc' dir='ltr'>γὰρ</span> <span class='ocrx_word' id='word_1_567' title='bbox 2747 3363 2822 3434; x_wconf 83' lang='grc' dir='ltr'>μὴ</span> <span class='ocrx_word' id='word_1_568' title='bbox 2863 3362 3052 3416; x_wconf 84' lang='grc' dir='ltr'>τέτοκε</span> <span class='ocrx_word' id='word_1_569' title='bbox 3068 3363 3225 3428; x_wconf 84' lang='grc' dir='ltr'>Θεὸν,</span> <span class='ocrx_word' id='word_1_570' title='bbox 3264 3363 3401 3435; x_wconf 84' lang='grc' dir='ltr'>μηδὲ</span> <span class='ocrx_word' id='word_1_571' title='bbox 3432 3364 3592 3437; x_wconf 75' lang='grc' dir='ltr'>ἔσχεν</span> <span class='ocrx_word' id='word_1_572' title='bbox 3621 3369 3681 3419; x_wconf 88' lang='grc' dir='ltr'>ὲν</span> 
     </span>
    </p>
   </div>
   <div class='ocr_carea' id='block_1_75' title="bbox 2088 3452 3680 3527">
    <p class='ocr_par' dir='ltr' id='par_1_75' title="bbox 2088 3452 3680 3527">
     <span class='ocr_line' id='line_1_75' title="bbox 2088 3452 3680 3527; baseline 0.004 -24"><span class='ocrx_word' id='word_1_573' title='bbox 2088 3454 2155 3523; x_wconf 81' lang='grc' dir='ltr'>τῇ</span> <span class='ocrx_word' id='word_1_574' title='bbox 2214 3452 2394 3524; x_wconf 75' lang='grc' dir='ltr'>κοιλίᾳ</span> <span class='ocrx_word' id='word_1_575' title='bbox 2452 3452 2586 3508; x_wconf 85' lang='grc' dir='ltr'>Θεὸν</span> <span class='ocrx_word' id='word_1_576' title='bbox 2639 3453 2770 3507; x_wconf 79' lang='grc' dir='ltr'>ὄντα</span> <span class='ocrx_word' id='word_1_577' title='bbox 2803 3453 3061 3524; x_wconf 73' lang='grc' dir='ltr'>Χριστόψ</span> <span class='ocrx_word' id='word_1_578' title='bbox 3102 3452 3221 3517; x_wconf 83' lang='grc' dir='ltr'><strong>πῶς</strong></span> <span class='ocrx_word' id='word_1_579' title='bbox 3272 3453 3355 3508; x_wconf 74' lang='grc' dir='ltr'>ἔτι</span> <span class='ocrx_word' id='word_1_580' title='bbox 3419 3456 3680 3527; x_wconf 75' lang='grc' dir='ltr'>Θεοδόχος</span> 
     </span>
    </p>
   </div>
   <div class='ocr_carea' id='block_1_76' title="bbox 2088 3537 3681 3616">
    <p class='ocr_par' dir='ltr' id='par_1_76' title="bbox 2088 3537 3681 3616">
     <span class='ocr_line' id='line_1_76' title="bbox 2088 3537 3681 3616; baseline 0.004 -22"><span class='ocrx_word' id='word_1_581' title='bbox 2088 3542 2239 3611; x_wconf 83' lang='grc' dir='ltr'>ὲστί;</span> <span class='ocrx_word' id='word_1_582' title='bbox 2268 3537 2381 3600; x_wconf 77' lang='grc' dir='ltr'><strong>Καὶ</strong></span> <span class='ocrx_word' id='word_1_583' title='bbox 2409 3545 2571 3599; x_wconf 83' lang='grc' dir='ltr'>αὐτὸν</span> <span class='ocrx_word' id='word_1_584' title='bbox 2600 3544 2658 3599; x_wconf 81' lang='grc' dir='ltr'>δὲ</span> <span class='ocrx_word' id='word_1_585' title='bbox 2687 3544 2779 3599; x_wconf 76' lang='grc' dir='ltr'>τὸν</span> <span class='ocrx_word' id='word_1_586' title='bbox 2807 3546 3032 3616; x_wconf 82' lang='grc' dir='ltr'>Πατέρα</span> <span class='ocrx_word' id='word_1_587' title='bbox 3066 3539 3189 3598; x_wconf 83' lang='grc' dir='ltr'>εἷπε</span> <span class='ocrx_word' id='word_1_588' title='bbox 3236 3544 3525 3600; x_wconf 82' lang='grc' dir='ltr'>Θεοτόκον.</span> <span class='ocrx_word' id='word_1_589' title='bbox 3566 3548 3681 3601; x_wconf 87' lang='grc' dir='ltr'><strong>Ποῦ</strong></span> 
     </span>
    </p>
   </div>
   <div class='ocr_carea' id='block_1_77' title="bbox 2087 3634 3682 3710">
    <p class='ocr_par' dir='ltr' id='par_1_77' title="bbox 2087 3634 3682 3710">
     <span class='ocr_line' id='line_1_77' title="bbox 2087 3634 3682 3710; baseline 0.003 -23"><span class='ocrx_word' id='word_1_590' title='bbox 2087 3634 2267 3689; x_wconf 89' lang='grc' dir='ltr'>τοίνυν</span> <span class='ocrx_word' id='word_1_591' title='bbox 2303 3637 2515 3705; x_wconf 83' lang='grc' dir='ltr'>ἀνέγνω</span> <span class='ocrx_word' id='word_1_592' title='bbox 2546 3637 2648 3701; x_wconf 87' lang='grc' dir='ltr'>τὰς</span> <span class='ocrx_word' id='word_1_593' title='bbox 2675 3636 2852 3702; x_wconf 82' lang='grc' dir='ltr'>λέξεις</span> <span class='ocrx_word' id='word_1_594' title='bbox 2877 3637 3083 3700; x_wconf 88' lang='grc' dir='ltr'>ταῦτας</span> <span class='ocrx_word' id='word_1_595' title='bbox 3102 3672 3119 3701; x_wconf 93' lang='grc'>,</span> <span class='ocrx_word' id='word_1_596' title='bbox 3161 3637 3363 3707; x_wconf 85' lang='grc' dir='ltr'>ἀγνοῶ.</span> <span class='ocrx_word' id='word_1_597' title='bbox 3400 3638 3549 3710; x_wconf 74' lang='grc' dir='ltr'>Πλὴν</span> <span class='ocrx_word' id='word_1_598' title='bbox 3580 3640 3682 3692; x_wconf 75' lang='grc' dir='ltr'><strong>ἑπ-</strong></span> 
     </span>
    </p>
   </div>
   <div class='ocr_carea' id='block_1_78' title="bbox 2087 3726 3681 3802">
    <p class='ocr_par' dir='ltr' id='par_1_78' title="bbox 2087 3726 3681 3802">
     <span class='ocr_line' id='line_1_78' title="bbox 2087 3726 3681 3802; baseline 0.004 -23"><span class='ocrx_word' id='word_1_599' title='bbox 2087 3726 2200 3798; x_wconf 80' lang='grc' dir='ltr'>ειδὴ</span> <span class='ocrx_word' id='word_1_600' title='bbox 2230 3727 2324 3781; x_wconf 75' lang='grc' dir='ltr'>καὶ</span> <span class='ocrx_word' id='word_1_601' title='bbox 2351 3728 2487 3782; x_wconf 81' lang='grc' dir='ltr'>ἄλλα</span> <span class='ocrx_word' id='word_1_602' title='bbox 2513 3728 2685 3782; x_wconf 84' lang='grc' dir='ltr'>πολλὰ</span> <span class='ocrx_word' id='word_1_603' title='bbox 2713 3728 3068 3802; x_wconf 81' lang='grc' dir='ltr'>ἐπισύρονται</span> <span class='ocrx_word' id='word_1_604' title='bbox 3108 3729 3436 3802; x_wconf 77' lang='grc' dir='ltr'>ἐγκλήματα</span> <span class='ocrx_word' id='word_1_605' title='bbox 3473 3726 3540 3785; x_wconf 72' lang='grc' dir='ltr'>ὲκ</span> <span class='ocrx_word' id='word_1_606' title='bbox 3566 3730 3681 3785; x_wconf 84' lang='grc' dir='ltr'><strong>τῶν</strong></span> 
     </span>
    </p>
   </div>
   <div class='ocr_carea' id='block_1_79' title="bbox 2086 3814 3741 3895">
    <p class='ocr_par' dir='ltr' id='par_1_79' title="bbox 2086 3814 3741 3895">
     <span class='ocr_line' id='line_1_79' title="bbox 2086 3814 3741 3895; baseline 0.004 -24"><span class='ocrx_word' id='word_1_607' title='bbox 2086 3818 2401 3890; x_wconf 77' lang='grc' dir='ltr'>ἐξηγήσεων</span> <span class='ocrx_word' id='word_1_608' title='bbox 2428 3817 2619 3885; x_wconf 83' lang='grc' dir='ltr'>αὐτοῦ,</span> <span class='ocrx_word' id='word_1_609' title='bbox 2653 3814 3094 3892; x_wconf 75' lang='grc' dir='ltr'>φυλαχθησονται</span> <span class='ocrx_word' id='word_1_610' title='bbox 3125 3820 3232 3886; x_wconf 74' lang='grc' dir='ltr'>ἕως</span> <span class='ocrx_word' id='word_1_611' title='bbox 3271 3821 3489 3894; x_wconf 82' lang='grc' dir='ltr'>καιροῦ,</span> <span class='ocrx_word' id='word_1_612' title='bbox 3519 3825 3569 3877; x_wconf 92' lang='grc' dir='ltr'><strong>εἰ</strong></span> <span class='ocrx_word' id='word_1_613' title='bbox 3600 3826 3677 3895; x_wconf 77' lang='grc' dir='ltr'>μή</span> <span class='ocrx_word' id='word_1_614' title='bbox 3734 3814 3741 3821; x_wconf 71' lang='grc'><strong>’</strong></span> 
     </span>
    </p>
   </div>
   <div class='ocr_carea' id='block_1_80' title="bbox 2086 3911 3676 3989">
    <p class='ocr_par' dir='ltr' id='par_1_80' title="bbox 2086 3911 3676 3989">
     <span class='ocr_line' id='line_1_80' title="bbox 2086 3911 3676 3989; baseline 0.005 -25"><span class='ocrx_word' id='word_1_615' title='bbox 2086 3927 2171 3975; x_wconf 90' lang='grc' dir='ltr'><strong>τις</strong></span> <span class='ocrx_word' id='word_1_616' title='bbox 2197 3911 2423 3983; x_wconf 89' lang='grc' dir='ltr'>γένηται</span> <span class='ocrx_word' id='word_1_617' title='bbox 2448 3914 2817 3984; x_wconf 84' lang='grc' dir='ltr'>μετάγνωσις.</span> <span class='ocrx_word' id='word_1_618' title='bbox 2854 3914 2929 3966; x_wconf 84' lang='grc' dir='ltr'>Τὸ</span> <span class='ocrx_word' id='word_1_619' title='bbox 2944 3913 3003 3966; x_wconf 85' lang='grc' dir='ltr'><strong>δέ</strong></span> <span class='ocrx_word' id='word_1_620' title='bbox 3029 3930 3094 3982; x_wconf 90' lang='grc' dir='ltr'><strong>γε</strong></span> <span class='ocrx_word' id='word_1_621' title='bbox 3114 3914 3399 3985; x_wconf 85' lang='grc' dir='ltr'>σχεδάριον</span> <span class='ocrx_word' id='word_1_622' title='bbox 3422 3917 3523 3989; x_wconf 83' lang='grc' dir='ltr'>τῆς</span> <span class='ocrx_word' id='word_1_623' title='bbox 3549 3916 3676 3988; x_wconf 83' lang='grc' dir='ltr'>δεή-</span> 
     </span>
    </p>
   </div>
   <div class='ocr_carea' id='block_1_81' title="bbox 2088 4003 3677 4081">
    <p class='ocr_par' dir='ltr' id='par_1_81' title="bbox 2088 4003 3677 4081">
     <span class='ocr_line' id='line_1_81' title="bbox 2088 4003 3677 4081; baseline 0.004 -24"><span class='ocrx_word' id='word_1_624' title='bbox 2088 4020 2226 4069; x_wconf 90' lang='grc' dir='ltr'>σεως</span> <span class='ocrx_word' id='word_1_625' title='bbox 2252 4005 2314 4057; x_wconf 82' lang='grc' dir='ltr'>τὸ</span> <span class='ocrx_word' id='word_1_626' title='bbox 2345 4006 2477 4074; x_wconf 82' lang='grc' dir='ltr'>παρ’</span> <span class='ocrx_word' id='word_1_627' title='bbox 2520 4003 2675 4074; x_wconf 82' lang='grc' dir='ltr'>ὑμῶν</span> <span class='ocrx_word' id='word_1_628' title='bbox 2708 4004 3037 4081; x_wconf 86' lang='grc' dir='ltr'>ἀποσταλὲν,</span> <span class='ocrx_word' id='word_1_629' title='bbox 3078 4005 3154 4070; x_wconf 83' lang='grc' dir='ltr'><strong>ὡς</strong></span> <span class='ocrx_word' id='word_1_630' title='bbox 3181 4007 3398 4075; x_wconf 85' lang='grc' dir='ltr'>ὀφεῖλον</span> <span class='ocrx_word' id='word_1_631' title='bbox 3424 4008 3677 4079; x_wconf 77' lang='grc' dir='ltr'>ἐπιδοθῆ-</span> 
     </span>
    </p>
   </div>
   <div class='ocr_carea' id='block_1_82' title="bbox 2087 4094 3677 4169">
    <p class='ocr_par' dir='ltr' id='par_1_82' title="bbox 2087 4094 3677 4169">
     <span class='ocr_line' id='line_1_82' title="bbox 2087 4094 3677 4169; baseline 0.004 -20"><span class='ocrx_word' id='word_1_632' title='bbox 2087 4112 2176 4149; x_wconf 89' lang='grc' dir='ltr'><strong>ναι</strong></span> <span class='ocrx_word' id='word_1_633' title='bbox 2204 4094 2304 4166; x_wconf 83' lang='grc' dir='ltr'>μὲν</span> <span class='ocrx_word' id='word_1_634' title='bbox 2336 4094 2564 4163; x_wconf 86' lang='grc' dir='ltr'>βασιλεῖ,</span> <span class='ocrx_word' id='word_1_635' title='bbox 2592 4096 2694 4148; x_wconf 81' lang='grc' dir='ltr'>οὐκ</span> <span class='ocrx_word' id='word_1_636' title='bbox 2721 4095 2849 4150; x_wconf 79' lang='grc' dir='ltr'>ἄνευ</span> <span class='ocrx_word' id='word_1_637' title='bbox 2884 4097 2943 4149; x_wconf 75' lang='grc' dir='ltr'>δὲ</span> <span class='ocrx_word' id='word_1_638' title='bbox 2984 4096 3208 4169; x_wconf 85' lang='grc' dir='ltr'>γνώμης</span> <span class='ocrx_word' id='word_1_639' title='bbox 3240 4098 3396 4169; x_wconf 71' lang='grc' dir='ltr'>ὑμῶν</span> <span class='ocrx_word' id='word_1_640' title='bbox 3423 4110 3476 4165; x_wconf 77' lang='grc' dir='ltr'>(ι,</span> <span class='ocrx_word' id='word_1_641' title='bbox 3499 4100 3677 4156; x_wconf 86' lang='grc' dir='ltr'>λαϐὼν</span> 
     </span>
    </p>
   </div>
   <div class='ocr_carea' id='block_1_83' title="bbox 2088 4183 3679 4263">
    <p class='ocr_par' dir='ltr' id='par_1_83' title="bbox 2088 4183 3679 4263">
     <span class='ocr_line' id='line_1_83' title="bbox 2088 4183 3679 4263; baseline 0.003 -23"><span class='ocrx_word' id='word_1_642' title='bbox 2088 4184 2356 4254; x_wconf 84' lang='grc' dir='ltr'>ἀνέγνων.</span> <span class='ocrx_word' id='word_1_643' title='bbox 2403 4185 2623 4257; x_wconf 82' lang='grc' dir='ltr'>Ἐπειδὴ</span> <span class='ocrx_word' id='word_1_644' title='bbox 2652 4185 2710 4239; x_wconf 78' lang='grc' dir='ltr'>δὲ</span> <span class='ocrx_word' id='word_1_645' title='bbox 2752 4185 2953 4258; x_wconf 86' lang='grc' dir='ltr'>πολλὴν</span> <span class='ocrx_word' id='word_1_646' title='bbox 2994 4183 3108 4258; x_wconf 84' lang='grc' dir='ltr'>εἶχε</span> <span class='ocrx_word' id='word_1_647' title='bbox 3158 4190 3509 4263; x_wconf 77' lang='grc' dir='ltr'>καταδρομὴν</span> <span class='ocrx_word' id='word_1_648' title='bbox 3534 4192 3679 4247; x_wconf 67' lang='grc' dir='ltr'>κατὰ</span> 
     </span>
    </p>
   </div>
   <div class='ocr_carea' id='block_1_84' title="bbox 2084 4271 3675 4356">
    <p class='ocr_par' dir='ltr' id='par_1_84' title="bbox 2084 4271 3675 4356">
     <span class='ocr_line' id='line_1_84' title="bbox 2084 4271 3675 4356; baseline 0.008 -29"><span class='ocrx_word' id='word_1_649' title='bbox 2084 4273 2181 4328; x_wconf 85' lang='grc' dir='ltr'><strong>τοῦ</strong></span> <span class='ocrx_word' id='word_1_650' title='bbox 2229 4271 2431 4342; x_wconf 78' lang='grc' dir='ltr'>ἐκεῖσε,</span> <span class='ocrx_word' id='word_1_651' title='bbox 2487 4275 2521 4347; x_wconf 81' lang='grc' dir='ltr'>ἤ</span> <span class='ocrx_word' id='word_1_652' title='bbox 2560 4275 2817 4346; x_wconf 80' lang='grc' dir='ltr'>ἀδελφοῦ,</span> <span class='ocrx_word' id='word_1_653' title='bbox 2884 4278 2917 4349; x_wconf 80' lang='grc' dir='ltr'>ἢ</span> <span class='ocrx_word' id='word_1_654' title='bbox 2975 4279 3093 4344; x_wconf 84' lang='grc' dir='ltr'><strong>πῶς</strong></span> <span class='ocrx_word' id='word_1_655' title='bbox 3151 4280 3220 4336; x_wconf 85' lang='grc' dir='ltr'>ἂν</span> <span class='ocrx_word' id='word_1_656' title='bbox 3273 4282 3509 4356; x_wconf 85' lang='grc' dir='ltr'>εῐποιμι,</span> <span class='ocrx_word' id='word_1_657' title='bbox 3538 4286 3675 4350; x_wconf 71' lang='grc' dir='ltr'>τέως</span> 
     </span>
    </p>
   </div>
   <div class='ocr_carea' id='block_1_85' title="bbox 2085 4359 3676 4449">
    <p class='ocr_par' dir='ltr' id='par_1_85' title="bbox 2085 4359 3676 4449">
     <span class='ocr_line' id='line_1_85' title="bbox 2085 4359 3676 4449; baseline 0.007 -30"><span class='ocrx_word' id='word_1_658' title='bbox 2085 4366 2340 4438; x_wconf 78' lang='grc' dir='ltr'>ἐπέσχον,</span> <span class='ocrx_word' id='word_1_659' title='bbox 2369 4359 2456 4421; x_wconf 73' lang='grc' dir='ltr'><strong>ἵνα</strong></span> <span class='ocrx_word' id='word_1_660' title='bbox 2499 4367 2574 4439; x_wconf 83' lang='grc' dir='ltr'>μὴ</span> <span class='ocrx_word' id='word_1_661' title='bbox 2602 4368 2891 4439; x_wconf 75' lang='grc' dir='ltr'>ἐπέρχοιτο</span> <span class='ocrx_word' id='word_1_662' title='bbox 2929 4372 3061 4442; x_wconf 78' lang='grc' dir='ltr'>ἡμῖν</span> <span class='ocrx_word' id='word_1_663' title='bbox 3104 4371 3280 4441; x_wconf 88' lang='grc' dir='ltr'>λέγων</span> <span class='ocrx_word' id='word_1_664' title='bbox 3303 4391 3318 4406; x_wconf 75' lang='grc' dir='ltr'>ο</span> <span class='ocrx_word' id='word_1_665' title='bbox 3348 4376 3676 4449; x_wconf 82' lang='grc' dir='ltr'>Κατηγορή-</span> 
     </span>
    </p>
   </div>
   <div class='ocr_carea' id='block_1_86' title="bbox 2087 4458 3675 4541">
    <p class='ocr_par' dir='ltr' id='par_1_86' title="bbox 2087 4458 3675 4541">
     <span class='ocr_line' id='line_1_86' title="bbox 2087 4458 3675 4541; baseline 0.007 -30"><span class='ocrx_word' id='word_1_666' title='bbox 2087 4458 2216 4512; x_wconf 88' lang='grc' dir='ltr'>σατέ</span> <span class='ocrx_word' id='word_1_667' title='bbox 2263 4476 2364 4530; x_wconf 91' lang='grc' dir='ltr'><strong>μου</strong></span> <span class='ocrx_word' id='word_1_668' title='bbox 2403 4460 2496 4513; x_wconf 76' lang='grc' dir='ltr'><strong>ἐπὶ</strong></span> <span class='ocrx_word' id='word_1_669' title='bbox 2528 4459 2624 4513; x_wconf 91' lang='grc' dir='ltr'><strong>τοῦ</strong></span> <span class='ocrx_word' id='word_1_670' title='bbox 2663 4460 2962 4531; x_wconf 84' lang='grc' dir='ltr'>βασιλέως,</span> <span class='ocrx_word' id='word_1_671' title='bbox 2997 4463 3073 4529; x_wconf 84' lang='grc' dir='ltr'><strong>ὡς</strong></span> <span class='ocrx_word' id='word_1_672' title='bbox 3105 4465 3405 4536; x_wconf 85' lang='grc' dir='ltr'>αίρετικοῦ.</span> <span class='ocrx_word' id='word_1_673' title='bbox 3436 4466 3675 4541; x_wconf 81' lang='grc' dir='ltr'>’Υπηγο-</span> 
     </span>
    </p>
   </div>
   <div class='ocr_carea' id='block_1_87' title="bbox 400 4547 1993 4630">
    <p class='ocr_par' dir='ltr' id='par_1_87' title="bbox 400 4547 1984 4624">
     <span class='ocr_line' id='line_1_87' title="bbox 400 4547 1984 4624; baseline 0.005 -23"><span class='ocrx_word' id='word_1_674' title='bbox 400 4556 495 4601; x_wconf 91' lang='lat' dir='ltr'><strong>tur</strong></span> <span class='ocrx_word' id='word_1_675' title='bbox 517 4547 614 4617; x_wconf 89' lang='lat' dir='ltr'><strong>qui</strong></span> <span class='ocrx_word' id='word_1_676' title='bbox 651 4547 776 4602; x_wconf 87' lang='lat' dir='ltr'><strong>istic</strong></span> <span class='ocrx_word' id='word_1_677' title='bbox 807 4547 937 4617; x_wconf 89' lang='lat' dir='ltr'><strong>agit,</strong></span> <span class='ocrx_word' id='word_1_678' title='bbox 975 4548 1090 4603; x_wconf 90' lang='lat' dir='ltr'><strong>sive</strong></span> <span class='ocrx_word' id='word_1_679' title='bbox 1123 4550 1329 4619; x_wconf 86' lang='lat' dir='ltr'><strong>fratris,</strong></span> <span class='ocrx_word' id='word_1_680' title='bbox 1360 4554 1476 4610; x_wconf 90' lang='lat' dir='ltr'><strong>sive</strong></span> <span class='ocrx_word' id='word_1_681' title='bbox 1510 4554 1620 4610; x_wconf 89' lang='lat' dir='ltr'><strong>alio</strong></span> <span class='ocrx_word' id='word_1_682' title='bbox 1653 4569 1984 4624; x_wconf 90' lang='lat' dir='ltr'><strong>quocunque</strong></span> 
     </span>
    </p>
   </div>
   <div class='ocr_carea' id='block_1_88' title="bbox 2091 4547 3675 4630">
    <p class='ocr_par' dir='ltr' id='par_1_88' title="bbox 2091 4549 3675 4630">
     <span class='ocr_line' id='line_1_88' title="bbox 2091 4549 3675 4630; baseline 0.009 -29"><span class='ocrx_word' id='word_1_683' title='bbox 2091 4549 2365 4620; x_wconf 87' lang='grc' dir='ltr'>ρεύσαμεν</span> <span class='ocrx_word' id='word_1_684' title='bbox 2394 4550 2453 4605; x_wconf 82' lang='grc' dir='ltr'>δὲ</span> <span class='ocrx_word' id='word_1_685' title='bbox 2482 4552 2709 4622; x_wconf 80' lang='grc' dir='ltr'>ἑτέρως,</span> <span class='ocrx_word' id='word_1_686' title='bbox 2741 4553 2882 4624; x_wconf 81' lang='grc' dir='ltr'>μετὰ</span> <span class='ocrx_word' id='word_1_687' title='bbox 2899 4553 2996 4607; x_wconf 89' lang='grc' dir='ltr'><strong>τοῦ</strong></span> <span class='ocrx_word' id='word_1_688' title='bbox 3029 4556 3124 4608; x_wconf 79' lang='grc' dir='ltr'>καὶ</span> <span class='ocrx_word' id='word_1_689' title='bbox 3162 4558 3546 4627; x_wconf 83' lang='grc' dir='ltr'>παραιτεῖσθαι</span> <span class='ocrx_word' id='word_1_690' title='bbox 3572 4560 3675 4630; x_wconf 80' lang='grc' dir='ltr'>τὴν</span> 
     </span>
    </p>
   </div>
   <div class='ocr_carea' id='block_1_89' title="bbox 400 4639 1983 4718">
    <p class='ocr_par' dir='ltr' id='par_1_89' title="bbox 400 4639 1983 4718">
     <span class='ocr_line' id='line_1_89' title="bbox 400 4639 1983 4718; baseline 0.004 -24"><span class='ocrx_word' id='word_1_691' title='bbox 400 4639 627 4694; x_wconf 86' lang='lat' dir='ltr'><strong>nomine</strong></span> <span class='ocrx_word' id='word_1_692' title='bbox 662 4647 974 4707; x_wconf 88' lang='lat' dir='ltr'><strong>censeatur,</strong></span> <span class='ocrx_word' id='word_1_693' title='bbox 1025 4641 1292 4701; x_wconf 89' lang='lat' dir='ltr'><strong>hactenus</strong></span> <span class='ocrx_word' id='word_1_694' title='bbox 1335 4647 1638 4718; x_wconf 86' lang='lat' dir='ltr'><strong>suppressi,</strong></span> <span class='ocrx_word' id='word_1_695' title='bbox 1671 4661 1742 4702; x_wconf 89' lang='lat' dir='ltr'><strong>ne</strong></span> <span class='ocrx_word' id='word_1_696' title='bbox 1784 4645 1983 4701; x_wconf 86' lang='lat' dir='ltr'><strong>adver-</strong></span> 
     </span>
    </p>
   </div>
   <div class='ocr_carea' id='block_1_90' title="bbox 399 4729 1981 4806">
    <p class='ocr_par' dir='ltr' id='par_1_90' title="bbox 399 4729 1981 4806">
     <span class='ocr_line' id='line_1_90' title="bbox 399 4729 1981 4806; baseline 0.005 -24"><span class='ocrx_word' id='word_1_697' title='bbox 399 4742 522 4783; x_wconf 86' lang='lat' dir='ltr'><strong>sum</strong></span> <span class='ocrx_word' id='word_1_698' title='bbox 559 4743 664 4784; x_wconf 87' lang='lat' dir='ltr'><strong>nos</strong></span> <span class='ocrx_word' id='word_1_699' title='bbox 699 4729 1011 4803; x_wconf 89' lang='lat' dir='ltr'><strong>insurgens,</strong></span> <span class='ocrx_word' id='word_1_700' title='bbox 1037 4749 1095 4790; x_wconf 87' lang='lat' dir='ltr'><strong>se</strong></span> <span class='ocrx_word' id='word_1_701' title='bbox 1130 4750 1229 4806; x_wconf 89' lang='lat' dir='ltr'><strong>per</strong></span> <span class='ocrx_word' id='word_1_702' title='bbox 1268 4752 1370 4795; x_wconf 90' lang='lat' dir='ltr'><strong>nos</strong></span> <span class='ocrx_word' id='word_1_703' title='bbox 1396 4738 1672 4793; x_wconf 67' lang='lat' dir='ltr'><strong>btereseos</strong></span> <span class='ocrx_word' id='word_1_704' title='bbox 1693 4736 1839 4806; x_wconf 90' lang='lat' dir='ltr'><strong>apud</strong></span> <span class='ocrx_word' id='word_1_705' title='bbox 1876 4737 1981 4791; x_wconf 92' lang='lat' dir='ltr'><strong>im-</strong></span> 
     </span>
    </p>
   </div>
   <div class='ocr_carea' id='block_1_91' title="bbox 398 4822 1983 4899">
    <p class='ocr_par' dir='ltr' id='par_1_91' title="bbox 398 4822 1983 4899">
     <span class='ocr_line' id='line_1_91' title="bbox 398 4822 1983 4899; baseline 0.004 -22"><span class='ocrx_word' id='word_1_706' title='bbox 398 4829 710 4892; x_wconf 85' lang='lat' dir='ltr'><strong>peratorem</strong></span> <span class='ocrx_word' id='word_1_707' title='bbox 754 4822 999 4881; x_wconf 88' lang='lat' dir='ltr'><strong>delatum</strong></span> <span class='ocrx_word' id='word_1_708' title='bbox 1046 4830 1353 4886; x_wconf 86' lang='lat' dir='ltr'><strong>cavilletur.</strong></span> <span class='ocrx_word' id='word_1_709' title='bbox 1395 4831 1586 4899; x_wconf 88' lang='lat' dir='ltr'><strong>Itaque</strong></span> <span class='ocrx_word' id='word_1_710' title='bbox 1629 4828 1754 4882; x_wconf 90' lang='lat' dir='ltr'><strong>aliis</strong></span> <span class='ocrx_word' id='word_1_711' title='bbox 1797 4827 1983 4884; x_wconf 86' lang='lat' dir='ltr'><strong>verbis</strong></span> 
     </span>
    </p>
   </div>
   <div class='ocr_carea' id='block_1_92' title="bbox 397 4912 1980 4991">
    <p class='ocr_par' dir='ltr' id='par_1_92' title="bbox 397 4912 1980 4991">
     <span class='ocr_line' id='line_1_92' title="bbox 397 4912 1980 4991; baseline 0.004 -25"><span class='ocrx_word' id='word_1_712' title='bbox 397 4912 554 4968; x_wconf 88' lang='lat' dir='ltr'><strong>illum</strong></span> <span class='ocrx_word' id='word_1_713' title='bbox 596 4913 944 4984; x_wconf 90' lang='lat' dir='ltr'><strong>dietavimus,</strong></span> <span class='ocrx_word' id='word_1_714' title='bbox 982 4934 1109 4975; x_wconf 88' lang='lat' dir='ltr'><strong>eum</strong></span> <span class='ocrx_word' id='word_1_715' title='bbox 1148 4937 1370 4991; x_wconf 91' lang='lat' dir='ltr'><strong>quoque</strong></span> <span class='ocrx_word' id='word_1_716' title='bbox 1408 4919 1571 4974; x_wconf 89' lang='lat' dir='ltr'><strong>nobis</strong></span> <span class='ocrx_word' id='word_1_717' title='bbox 1599 4918 1841 4988; x_wconf 82' lang='lat' dir='ltr'><strong>iudicem</strong></span> <span class='ocrx_word' id='word_1_718' title='bbox 1881 4918 1980 4973; x_wconf 90' lang='lat' dir='ltr'><strong>de-</strong></span> 
     </span>
    </p>
   </div>
   <div class='ocr_carea' id='block_1_93' title="bbox 399 5007 1983 5080">
    <p class='ocr_par' dir='ltr' id='par_1_93' title="bbox 399 5007 1983 5080">
     <span class='ocr_line' id='line_1_93' title="bbox 399 5007 1983 5080; baseline 0.004 -22"><span class='ocrx_word' id='word_1_719' title='bbox 399 5012 728 5074; x_wconf 85' lang='lat' dir='ltr'><strong>trectantes,</strong></span> <span class='ocrx_word' id='word_1_720' title='bbox 765 5024 1027 5080; x_wconf 77' lang='lat' dir='ltr'><strong>expresso</strong></span> <span class='ocrx_word' id='word_1_721' title='bbox 1065 5009 1483 5068; x_wconf 88' lang='lat' dir='ltr'><strong>inimicitiarum</strong></span> <span class='ocrx_word' id='word_1_722' title='bbox 1525 5007 1717 5072; x_wconf 90' lang='lat' dir='ltr'><strong>modo;</strong></span> <span class='ocrx_word' id='word_1_723' title='bbox 1750 5016 1808 5062; x_wconf 90' lang='lat' dir='ltr'><strong>et</strong></span> <span class='ocrx_word' id='word_1_724' title='bbox 1841 5022 1983 5077; x_wconf 67' lang='lat' dir='ltr'><strong>prte-</strong></span> 
     </span>
    </p>
   </div>
   <div class='ocr_carea' id='block_1_94' title="bbox 395 5098 1981 5167">
    <p class='ocr_par' dir='ltr' id='par_1_94' title="bbox 395 5098 1981 5167">
     <span class='ocr_line' id='line_1_94' title="bbox 395 5098 1981 5167; baseline 0.002 -16"><span class='ocrx_word' id='word_1_725' title='bbox 395 5106 607 5152; x_wconf 86' lang='lat' dir='ltr'><strong>sentem</strong></span> <span class='ocrx_word' id='word_1_726' title='bbox 646 5099 1112 5167; x_wconf 86' lang='lat' dir='ltr'><strong>controversiam,</strong></span> <span class='ocrx_word' id='word_1_727' title='bbox 1152 5102 1199 5157; x_wconf 88' lang='lat' dir='ltr'><strong>si</strong></span> <span class='ocrx_word' id='word_1_728' title='bbox 1242 5100 1470 5157; x_wconf 91' lang='lat' dir='ltr'><strong>omnino</strong></span> <span class='ocrx_word' id='word_1_729' title='bbox 1516 5098 1816 5167; x_wconf 90' lang='lat' dir='ltr'><strong>importuni</strong></span> <span class='ocrx_word' id='word_1_730' title='bbox 1858 5113 1981 5154; x_wconf 89' lang='lat' dir='ltr'><strong>esse</strong></span> 
     </span>
    </p>
   </div>
   <div class='ocr_carea' id='block_1_95' title="bbox 396 5186 1975 5257">
    <p class='ocr_par' dir='ltr' id='par_1_95' title="bbox 396 5186 1975 5257">
     <span class='ocr_line' id='line_1_95' title="bbox 396 5186 1975 5257; baseline -0.002 -15"><span class='ocrx_word' id='word_1_731' title='bbox 396 5188 771 5257; x_wconf 83' lang='lat' dir='ltr'><strong>perrexerint,</strong></span> <span class='ocrx_word' id='word_1_732' title='bbox 821 5190 891 5246; x_wconf 92' lang='lat' dir='ltr'><strong>ad</strong></span> <span class='ocrx_word' id='word_1_733' title='bbox 944 5188 1097 5245; x_wconf 90' lang='lat' dir='ltr'><strong>aliud</strong></span> <span class='ocrx_word' id='word_1_734' title='bbox 1140 5189 1323 5244; x_wconf 90' lang='lat' dir='ltr'><strong>forum</strong></span> <span class='ocrx_word' id='word_1_735' title='bbox 1370 5186 1657 5242; x_wconf 89' lang='lat' dir='ltr'><strong>transferri</strong></span> <span class='ocrx_word' id='word_1_736' title='bbox 1700 5196 1975 5257; x_wconf 84' lang='lat' dir='ltr'><strong>rogantes.</strong></span> 
     </span>
    </p>
   </div>
   <div class='ocr_carea' id='block_1_96' title="bbox 394 5277 1979 5352">
    <p class='ocr_par' dir='ltr' id='par_1_96' title="bbox 394 5277 1979 5352">
     <span class='ocr_line' id='line_1_96' title="bbox 394 5277 1979 5352; baseline 0.002 -19"><span class='ocrx_word' id='word_1_737' title='bbox 394 5277 531 5334; x_wconf 88' lang='lat' dir='ltr'><strong>Cum</strong></span> <span class='ocrx_word' id='word_1_738' title='bbox 570 5280 756 5352; x_wconf 90' lang='lat' dir='ltr'><strong>itaque</strong></span> <span class='ocrx_word' id='word_1_739' title='bbox 782 5282 1032 5339; x_wconf 90' lang='lat' dir='ltr'><strong>libellum</strong></span> <span class='ocrx_word' id='word_1_740' title='bbox 1066 5279 1434 5350; x_wconf 88' lang='lat' dir='ltr'><strong>perlegeritis,</strong></span> <span class='ocrx_word' id='word_1_741' title='bbox 1463 5278 1510 5332; x_wconf 89' lang='lat' dir='ltr'><strong>si</strong></span> <span class='ocrx_word' id='word_1_742' title='bbox 1538 5292 1647 5348; x_wconf 89' lang='lat' dir='ltr'><strong>qua</strong></span> <span class='ocrx_word' id='word_1_743' title='bbox 1677 5277 1979 5336; x_wconf 89' lang='lat' dir='ltr'><strong>necessitas</strong></span> 
     </span>
    </p>
   </div>
   <div class='ocr_carea' id='block_1_97' title="bbox 392 5369 1978 5442">
    <p class='ocr_par' dir='ltr' id='par_1_97' title="bbox 392 5369 1978 5442">
     <span class='ocr_line' id='line_1_97' title="bbox 392 5369 1978 5442; baseline 0.003 -18"><span class='ocrx_word' id='word_1_744' title='bbox 392 5373 744 5442; x_wconf 87' lang='lat' dir='ltr'><strong>poposcerit,</strong></span> <span class='ocrx_word' id='word_1_745' title='bbox 792 5373 1032 5438; x_wconf 80' lang='lat' dir='ltr'><strong>tradite;</strong></span> <span class='ocrx_word' id='word_1_746' title='bbox 1096 5379 1154 5425; x_wconf 91' lang='lat' dir='ltr'><strong>et</strong></span> <span class='ocrx_word' id='word_1_747' title='bbox 1197 5370 1245 5425; x_wconf 91' lang='lat' dir='ltr'><strong>si</strong></span> <span class='ocrx_word' id='word_1_748' title='bbox 1288 5384 1417 5425; x_wconf 90' lang='lat' dir='ltr'><strong>eum</strong></span> <span class='ocrx_word' id='word_1_749' title='bbox 1458 5369 1515 5424; x_wconf 88' lang='lat' dir='ltr'><strong>in</strong></span> <span class='ocrx_word' id='word_1_750' title='bbox 1558 5369 1710 5426; x_wconf 90' lang='lat' dir='ltr'><strong>hisce</strong></span> <span class='ocrx_word' id='word_1_751' title='bbox 1761 5369 1978 5428; x_wconf 87' lang='lat' dir='ltr'><strong>insidiis</strong></span> 
     </span>
    </p>
   </div>
   <div class='ocr_carea' id='block_1_98' title="bbox 392 5461 1976 5532">
    <p class='ocr_par' dir='ltr' id='par_1_98' title="bbox 392 5461 1976 5532">
     <span class='ocr_line' id='line_1_98' title="bbox 392 5461 1976 5532; baseline 0.001 -14"><span class='ocrx_word' id='word_1_752' title='bbox 392 5476 862 5532; x_wconf 82' lang='lat' dir='ltr'><strong>perseverantem,</strong></span> <span class='ocrx_word' id='word_1_753' title='bbox 892 5471 951 5521; x_wconf 90' lang='lat' dir='ltr'><strong>et</strong></span> <span class='ocrx_word' id='word_1_754' title='bbox 979 5461 1119 5517; x_wconf 89' lang='lat' dir='ltr'><strong>nihil</strong></span> <span class='ocrx_word' id='word_1_755' title='bbox 1146 5477 1257 5518; x_wconf 91' lang='lat' dir='ltr'><strong>non</strong></span> <span class='ocrx_word' id='word_1_756' title='bbox 1288 5462 1579 5520; x_wconf 87' lang='lat' dir='ltr'><strong>adversum</strong></span> <span class='ocrx_word' id='word_1_757' title='bbox 1611 5479 1713 5520; x_wconf 90' lang='lat' dir='ltr'><strong>nos</strong></span> <span class='ocrx_word' id='word_1_758' title='bbox 1741 5463 1976 5520; x_wconf 91' lang='lat' dir='ltr'><strong>molien-</strong></span> 
     </span>
    </p>
   </div>
   <div class='ocr_carea' id='block_1_99' title="bbox 2084 4640 3670 4723">
    <p class='ocr_par' dir='ltr' id='par_1_99' title="bbox 2084 4640 3670 4723">
     <span class='ocr_line' id='line_1_99' title="bbox 2084 4640 3670 4723; baseline 0.006 -30"><span class='ocrx_word' id='word_1_759' title='bbox 2084 4640 2253 4694; x_wconf 86' lang='grc' dir='ltr'>αὑτοῦ</span> <span class='ocrx_word' id='word_1_760' title='bbox 2295 4642 2513 4712; x_wconf 86' lang='grc' dir='ltr'>κρίσιν,</span> <span class='ocrx_word' id='word_1_761' title='bbox 2556 4645 2804 4707; x_wconf 83' lang='grc' dir='ltr'>εἰπόντες</span> <span class='ocrx_word' id='word_1_762' title='bbox 2847 4646 2944 4699; x_wconf 84' lang='grc' dir='ltr'><strong>καὶ</strong></span> <span class='ocrx_word' id='word_1_763' title='bbox 2978 4646 3078 4715; x_wconf 83' lang='grc' dir='ltr'>τῆς</span> <span class='ocrx_word' id='word_1_764' title='bbox 3103 4646 3303 4719; x_wconf 77' lang='grc' dir='ltr'>ἔχθρας</span> <span class='ocrx_word' id='word_1_765' title='bbox 3326 4652 3419 4704; x_wconf 81' lang='grc' dir='ltr'>τὸν</span> <span class='ocrx_word' id='word_1_766' title='bbox 3448 4651 3670 4723; x_wconf 84' lang='grc' dir='ltr'>τρόπον,</span> 
     </span>
    </p>
   </div>
   <div class='ocr_carea' id='block_1_100' title="bbox 2084 4732 3675 4807">
    <p class='ocr_par' dir='ltr' id='par_1_100' title="bbox 2084 4732 3675 4807">
     <span class='ocr_line' id='line_1_100' title="bbox 2084 4732 3675 4807; baseline 0.008 -22"><span class='ocrx_word' id='word_1_767' title='bbox 2084 4732 2181 4786; x_wconf 76' lang='grc' dir='ltr'>καὶ</span> <span class='ocrx_word' id='word_1_768' title='bbox 2209 4733 2309 4805; x_wconf 82' lang='grc' dir='ltr'>τὴν</span> <span class='ocrx_word' id='word_1_769' title='bbox 2345 4734 2503 4804; x_wconf 87' lang='grc' dir='ltr'>δίκην</span> <span class='ocrx_word' id='word_1_770' title='bbox 2536 4737 2907 4805; x_wconf 88' lang='grc' dir='ltr'>μετασπάσαι,</span> <span class='ocrx_word' id='word_1_771' title='bbox 2941 4739 2992 4792; x_wconf 88' lang='grc' dir='ltr'><strong>εἰ</strong></span> <span class='ocrx_word' id='word_1_772' title='bbox 3029 4740 3339 4795; x_wconf 80' lang='grc' dir='ltr'>ἐνίστανται</span> <span class='ocrx_word' id='word_1_773' title='bbox 3370 4742 3508 4807; x_wconf 81' lang='grc' dir='ltr'>ὅλως</span> <span class='ocrx_word' id='word_1_774' title='bbox 3529 4744 3675 4798; x_wconf 66' lang='grc' dir='ltr'>ἐκεῖι</span> 
     </span>
    </p>
   </div>
   <div class='ocr_carea' id='block_1_101' title="bbox 2082 4825 3671 4902">
    <p class='ocr_par' dir='ltr' id='par_1_101' title="bbox 2082 4825 3671 4902">
     <span class='ocr_line' id='line_1_101' title="bbox 2082 4825 3671 4902; baseline 0.007 -24"><span class='ocrx_word' id='word_1_775' title='bbox 2082 4841 2197 4889; x_wconf 91' lang='grc' dir='ltr'>νοι,</span> <span class='ocrx_word' id='word_1_776' title='bbox 2256 4825 2337 4887; x_wconf 91' lang='grc' dir='ltr'><strong>είς</strong></span> <span class='ocrx_word' id='word_1_777' title='bbox 2389 4825 2611 4896; x_wconf 80' lang='grc' dir='ltr'>ἑτέρους</span> <span class='ocrx_word' id='word_1_778' title='bbox 2660 4828 2949 4902; x_wconf 79' lang='grc' dir='ltr'>ἄρχοντας.</span> <span class='ocrx_word' id='word_1_779' title='bbox 3005 4830 3356 4901; x_wconf 83' lang='grc' dir='ltr'>Ἀναγνόντες</span> <span class='ocrx_word' id='word_1_780' title='bbox 3406 4834 3589 4889; x_wconf 89' lang='grc' dir='ltr'>τοίνυν</span> <span class='ocrx_word' id='word_1_781' title='bbox 3610 4836 3671 4889; x_wconf 84' lang='grc' dir='ltr'>τὸ</span> 
     </span>
    </p>
   </div>
   <div class='ocr_carea' id='block_1_102' title="bbox 2085 4913 3667 4994">
    <p class='ocr_par' dir='ltr' id='par_1_102' title="bbox 2085 4913 3667 4994">
     <span class='ocr_line' id='line_1_102' title="bbox 2085 4913 3667 4994; baseline 0.011 -29"><span class='ocrx_word' id='word_1_782' title='bbox 2085 4913 2400 4987; x_wconf 86' lang='grc' dir='ltr'>σχεδάριον,</span> <span class='ocrx_word' id='word_1_783' title='bbox 2435 4917 2648 4971; x_wconf 82' lang='grc' dir='ltr'>ὲπίδοτε</span> <span class='ocrx_word' id='word_1_784' title='bbox 2676 4959 2693 4985; x_wconf 94' lang='grc'>,</span> <span class='ocrx_word' id='word_1_785' title='bbox 2738 4922 2789 4974; x_wconf 82' lang='grc' dir='ltr'><strong>εἰ</strong></span> <span class='ocrx_word' id='word_1_786' title='bbox 2832 4921 3081 4975; x_wconf 81' lang='grc' dir='ltr'>καλέσειε</span> <span class='ocrx_word' id='word_1_787' title='bbox 3121 4924 3315 4994; x_wconf 77' lang='grc' dir='ltr'>χρείαο</span> <span class='ocrx_word' id='word_1_788' title='bbox 3349 4925 3454 4980; x_wconf 76' lang='grc' dir='ltr'>κᾶν</span> <span class='ocrx_word' id='word_1_789' title='bbox 3484 4926 3667 4993; x_wconf 75' lang='grc' dir='ltr'>ἴδοιτε,</span> 
     </span>
    </p>
   </div>
   <div class='ocr_carea' id='block_1_103' title="bbox 2051 5005 3668 5090">
    <p class='ocr_par' dir='ltr' id='par_1_103' title="bbox 2051 5005 3668 5090">
     <span class='ocr_line' id='line_1_103' title="bbox 2051 5005 3668 5090; baseline 0.009 -32"><span class='ocrx_word' id='word_1_790' title='bbox 2051 5021 2059 5027; x_wconf 81' lang='lat'><strong>&#39;</strong></span> <span class='ocrx_word' id='word_1_791' title='bbox 2080 5006 2165 5059; x_wconf 79' lang='grc' dir='ltr'>ὅτι</span> <span class='ocrx_word' id='word_1_792' title='bbox 2182 5005 2551 5064; x_wconf 70' lang='grc' dir='ltr'>ἐπιϐουλεύων</span> <span class='ocrx_word' id='word_1_793' title='bbox 2572 5012 2923 5082; x_wconf 77' lang='grc' dir='ltr'>ὲμμένει,καὶ</span> <span class='ocrx_word' id='word_1_794' title='bbox 2940 5013 3160 5085; x_wconf 82' lang='grc' dir='ltr'>ἀληθῶς</span> <span class='ocrx_word' id='word_1_795' title='bbox 3175 5016 3350 5071; x_wconf 86' lang='grc' dir='ltr'>πάντα</span> <span class='ocrx_word' id='word_1_796' title='bbox 3379 5021 3519 5072; x_wconf 85' lang='grc' dir='ltr'>κινεῖ</span> <span class='ocrx_word' id='word_1_797' title='bbox 3542 5020 3668 5090; x_wconf 64' lang='grc' dir='ltr'>τρόά</span> 
     </span>
    </p>
   </div>
   <div class='ocr_carea' id='block_1_104' title="bbox 2085 5096 3665 5181">
    <p class='ocr_par' dir='ltr' id='par_1_104' title="bbox 2085 5096 3665 5181">
     <span class='ocr_line' id='line_1_104' title="bbox 2085 5096 3665 5181; baseline 0.01 -33"><span class='ocrx_word' id='word_1_798' title='bbox 2085 5112 2208 5160; x_wconf 86' lang='grc' dir='ltr'>πον,</span> <span class='ocrx_word' id='word_1_799' title='bbox 2260 5096 2353 5151; x_wconf 84' lang='grc' dir='ltr'>τὸν</span> <span class='ocrx_word' id='word_1_800' title='bbox 2393 5099 2513 5154; x_wconf 85' lang='grc' dir='ltr'>καθ’</span> <span class='ocrx_word' id='word_1_801' title='bbox 2538 5101 2698 5172; x_wconf 82' lang='grc' dir='ltr'>ἡμῶν</span> <span class='ocrx_word' id='word_1_802' title='bbox 2745 5104 2960 5175; x_wconf 84' lang='grc' dir='ltr'>ὁρῶντα</span> <span class='ocrx_word' id='word_1_803' title='bbox 2983 5145 2999 5171; x_wconf 93' lang='grc'>,</span> <span class='ocrx_word' id='word_1_804' title='bbox 3047 5105 3353 5173; x_wconf 87' lang='grc' dir='ltr'>σπουδαίως</span> <span class='ocrx_word' id='word_1_805' title='bbox 3395 5110 3665 5181; x_wconf 80' lang='grc' dir='ltr'>γράψατε.</span> 
     </span>
    </p>
   </div>
   <div class='ocr_carea' id='block_1_105' title="bbox 2080 5189 3664 5272">
    <p class='ocr_par' dir='ltr' id='par_1_105' title="bbox 2080 5189 3664 5272">
     <span class='ocr_line' id='line_1_105' title="bbox 2080 5189 3664 5272; baseline 0.009 -31"><span class='ocrx_word' id='word_1_806' title='bbox 2080 5189 2191 5242; x_wconf 78' lang='grc' dir='ltr'><strong>Καὶ</strong></span> <span class='ocrx_word' id='word_1_807' title='bbox 2227 5190 2612 5264; x_wconf 73' lang='grc' dir='ltr'>ἐπιλεξάμενος</span> <span class='ocrx_word' id='word_1_808' title='bbox 2653 5194 2855 5268; x_wconf 83' lang='grc' dir='ltr'>ἄνδρας</span> <span class='ocrx_word' id='word_1_809' title='bbox 2909 5196 3160 5261; x_wconf 78' lang='grc' dir='ltr'>εὐλαϐεῖς</span> <span class='ocrx_word' id='word_1_810' title='bbox 3206 5198 3301 5252; x_wconf 76' lang='grc' dir='ltr'><strong>καί⁵</strong></span> <span class='ocrx_word' id='word_1_811' title='bbox 3345 5201 3664 5272; x_wconf 87' lang='grc' dir='ltr'>φρονίμους.</span> 
     </span>
    </p>
   </div>
   <div class='ocr_carea' id='block_1_106' title="bbox 2077 5282 3667 5365">
    <p class='ocr_par' dir='ltr' id='par_1_106' title="bbox 2077 5282 3667 5365">
     <span class='ocr_line' id='line_1_106' title="bbox 2077 5282 3667 5365; baseline 0.006 -30"><span class='ocrx_word' id='word_1_812' title='bbox 2077 5282 2412 5350; x_wconf 73' lang='grc' dir='ltr'>ἐπισκόπους</span> <span class='ocrx_word' id='word_1_813' title='bbox 2456 5303 2517 5340; x_wconf 91' lang='grc' dir='ltr'><strong>τε</strong></span> <span class='ocrx_word' id='word_1_814' title='bbox 2554 5287 2652 5340; x_wconf 72' lang='grc' dir='ltr'>καὶ</span> <span class='ocrx_word' id='word_1_815' title='bbox 2703 5287 3057 5358; x_wconf 77' lang='grc' dir='ltr'>μονάζοντας,</span> <span class='ocrx_word' id='word_1_816' title='bbox 3086 5289 3436 5355; x_wconf 75' lang='grc' dir='ltr'>ἐξαποστελῶ</span> <span class='ocrx_word' id='word_1_817' title='bbox 3463 5293 3667 5365; x_wconf 82' lang='grc' dir='ltr'>πρώτῳ</span> 
     </span>
    </p>
   </div>
   <div class='ocr_carea' id='block_1_107' title="bbox 2077 5373 3664 5454">
    <p class='ocr_par' dir='ltr' id='par_1_107' title="bbox 2077 5373 3664 5454">
     <span class='ocr_line' id='line_1_107' title="bbox 2077 5373 3664 5454; baseline 0.005 -26"><span class='ocrx_word' id='word_1_818' title='bbox 2077 5373 2278 5448; x_wconf 83' lang='grc' dir='ltr'>καιρῷ.</span> <span class='ocrx_word' id='word_1_819' title='bbox 2312 5377 2386 5430; x_wconf 83' lang='grc' dir='ltr'><strong>Οὐ</strong></span> <span class='ocrx_word' id='word_1_820' title='bbox 2416 5376 2525 5447; x_wconf 85' lang='grc' dir='ltr'><strong>γὰρ</strong></span> <span class='ocrx_word' id='word_1_821' title='bbox 2560 5378 2636 5449; x_wconf 84' lang='grc' dir='ltr'>μὴ</span> <span class='ocrx_word' id='word_1_822' title='bbox 2669 5379 2828 5434; x_wconf 85' lang='grc' dir='ltr'>δώσω</span> <span class='ocrx_word' id='word_1_823' title='bbox 2853 5377 3044 5445; x_wconf 82' lang='grc' dir='ltr'>ὕπνον,</span> <span class='ocrx_word' id='word_1_824' title='bbox 3074 5380 3220 5436; x_wconf 85' lang='grc' dir='ltr'>κατὰ</span> <span class='ocrx_word' id='word_1_825' title='bbox 3255 5382 3316 5437; x_wconf 83' lang='grc' dir='ltr'>τὸ</span> <span class='ocrx_word' id='word_1_826' title='bbox 3343 5383 3664 5454; x_wconf 75' lang='grc' dir='ltr'>γεγραμμέει</span> 
     </span>
    </p>
   </div>
   <div class='ocr_carea' id='block_1_108' title="bbox 2077 5469 3671 5551">
    <p class='ocr_par' dir='ltr' id='par_1_108' title="bbox 2077 5469 3671 5551">
     <span class='ocr_line' id='line_1_108' title="bbox 2077 5469 3671 5551; baseline 0.004 -28"><span class='ocrx_word' id='word_1_827' title='bbox 2077 5484 2191 5535; x_wconf 92' lang='grc' dir='ltr'>νον,</span> <span class='ocrx_word' id='word_1_828' title='bbox 2222 5470 2336 5533; x_wconf 87' lang='grc' dir='ltr'>τοῖς</span> <span class='ocrx_word' id='word_1_829' title='bbox 2386 5469 2691 5543; x_wconf 85' lang='grc' dir='ltr'>ὀφθαλμοῖς</span> <span class='ocrx_word' id='word_1_830' title='bbox 2736 5488 2841 5545; x_wconf 85' lang='grc' dir='ltr'><strong>μου</strong></span> <span class='ocrx_word' id='word_1_831' title='bbox 2910 5472 3007 5528; x_wconf 80' lang='grc' dir='ltr'>καὶ</span> <span class='ocrx_word' id='word_1_832' title='bbox 3058 5475 3172 5540; x_wconf 81' lang='grc' dir='ltr'>τοῖς</span> <span class='ocrx_word' id='word_1_833' title='bbox 3212 5474 3503 5548; x_wconf 84' lang='grc' dir='ltr'>βλεφάροις</span> <span class='ocrx_word' id='word_1_834' title='bbox 3556 5490 3671 5551; x_wconf 37' lang='grc' dir='ltr'>μου,</span> 
     </span>
    </p>
   </div>
   <div class='ocr_carea' id='block_1_109' title="bbox 1414 5619 2536 5699">
    <p class='ocr_par' dir='ltr' id='par_1_109' title="bbox 1414 5619 2536 5699">
     <span class='ocr_line' id='line_1_109' title="bbox 1414 5619 2536 5699; baseline 0.011 -26"><span class='ocrx_word' id='word_1_835' title='bbox 1414 5662 1421 5671; x_wconf 95' lang='grc'><strong>.</strong></span> <span class='ocrx_word' id='word_1_836' title='bbox 1445 5619 1619 5677; x_wconf 63' lang='lat' dir='ltr'><strong>Variae</strong></span> <span class='ocrx_word' id='word_1_837' title='bbox 1642 5621 1908 5679; x_wconf 87' lang='lat' dir='ltr'><strong>lectiones</strong></span> <span class='ocrx_word' id='word_1_838' title='bbox 1932 5623 2140 5680; x_wconf 90' lang='lat' dir='ltr'><strong>codicis</strong></span> <span class='ocrx_word' id='word_1_839' title='bbox 2173 5625 2536 5699; x_wconf 75' lang='lat' dir='ltr'><strong>Seguieriani.</strong></span> 
     </span>
    </p>
   </div>
   <div class='ocr_carea' id='block_1_110' title="bbox 460 5749 2288 5852">
    <p class='ocr_par' dir='ltr' id='par_1_110' title="bbox 460 5749 2288 5852">
     <span class='ocr_line' id='line_1_110' title="bbox 460 5749 2288 5852; baseline 0.005 -46"><span class='ocrx_word' id='word_1_840' title='bbox 460 5760 490 5791; x_wconf 74' lang='grc' dir='ltr'>η</span> <span class='ocrx_word' id='word_1_841' title='bbox 521 5749 632 5807; x_wconf 84' lang='grc' dir='ltr'>καί.</span> <span class='ocrx_word' id='word_1_842' title='bbox 712 5756 739 5786; x_wconf 85' lang='grc' dir='ltr'><strong><em>ο</em></strong></span> <span class='ocrx_word' id='word_1_843' title='bbox 762 5749 848 5806; x_wconf 80' lang='grc' dir='ltr'><strong>ίσ.</strong></span> <span class='ocrx_word' id='word_1_844' title='bbox 888 5750 1300 5824; x_wconf 80' lang='grc' dir='ltr'>Ἀμφικτύονος.</span> <span class='ocrx_word' id='word_1_845' title='bbox 1338 5834 1356 5838; x_wconf 17' lang='grc' dir='ltr'><em>Α</em></span> <span class='ocrx_word' id='word_1_846' title='bbox 1378 5763 1407 5807; x_wconf 78' lang='lat' dir='ltr'><strong><em>P</em></strong></span> <span class='ocrx_word' id='word_1_847' title='bbox 1436 5755 1626 5830; x_wconf 72' lang='grc' dir='ltr'>εἴρηκε</span> <span class='ocrx_word' id='word_1_848' title='bbox 1653 5757 1721 5829; x_wconf 79' lang='grc' dir='ltr'><strong>τῇ</strong></span> <span class='ocrx_word' id='word_1_849' title='bbox 1751 5758 1955 5830; x_wconf 73' lang='grc' dir='ltr'>γραφῇ.</span> <span class='ocrx_word' id='word_1_850' title='bbox 2020 5765 2062 5846; x_wconf 56' lang='lat' dir='ltr'><strong>ft</strong></span> <span class='ocrx_word' id='word_1_851' title='bbox 2094 5759 2288 5852; x_wconf 45' lang='lat' dir='ltr'><strong>main:</strong></span> 
     </span>
    </p>
   </div>
  </div>
