4058 6440
460 359 571 449 -τι

1496 359 1552 415 S.
1579 357 1854 415 CYRILLI
1895 356 2368 414 ALEXANDRINI
2409 359 2729 416 ARClllEP.

3690 357 3759 412 Ὠ

500 476 629 549 quia
658 474 733 547 (ι)
765 474 936 532 invidi
975 478 1174 543 nostri,
1226 480 1607 535 conveniendo
1654 495 1771 545 vos,
1807 476 2084 548 ﬁngebant
2112 484 2159 540 Α
2257 478 2309 531 5.
2343 477 2463 533 Νοιι
2508 477 2657 548 quod
2703 476 3019 532 omnimodo
3056 475 3322 541 Verbum,
3378 475 3528 547 quod
3560 493 3759 532 secun-

431 640 437 647 _
498 585 559 625 se
581 582 770 637 pacem
795 576 961 638 atque
984 568 1283 624 amicitiam
1297 584 1567 640 quaerere,
1586 577 1642 625 et
1666 568 1850 622 dicere
1862 565 2077 639 [Baluz.

499 657 625 711 add.
666 656 843 729 quia,]
891 659 1036 713 sicut
1070 657 1146 731 (2)
1194 660 1392 730 scripsi
1426 659 1494 713 ad
1529 659 1847 722 monachos,
1909 656 1989 710 sic
2021 669 2080 710 se

498 747 664 802 ﬁdem
708 758 900 805 tenere
928 767 941 803 :
974 749 1175 806 deinde
1206 751 1275 806 ad
1305 751 1587 821 proprium
1628 762 1855 803 sensum
1902 745 2079 816 reSpi-

496 837 729 903 cientes,
768 838 955 896 dicere
986 840 1210 896 eosdem
1250 842 1379 910 quia
1413 849 1469 895 et
1507 840 1622 909 ipse
1656 836 1890 892 dixerim
1950 851 2080 890 san-

497 941 649 986 ctum
690 934 985 988 concilium
1013 950 1126 989 non
1169 934 1486 990 meminisse
1514 932 1664 988 illius
1687 928 1982 987 locutionis
2003 928 2079 1004 (5)

497 1039 621 1095 qua:
652 1033 739 1080 est
771 1024 1051 1089 Θεοτόκος.

557 1116 622 1169 .2.
650 1115 765 1186 Ego
801 1124 986 1171 autem
1035 1115 1251 1185 scripsi,
1294 1114 1442 1185 quod
1488 1111 1705 1169 etiamsi
1752 1127 1865 1167 non
1897 1110 2084 1183 posuit

498 1206 796 1260 concilium
824 1207 1076 1262 voculam
1102 1207 1263 1272 hanc,
1298 1206 1693 1261 convenienter
1732 1212 1917 1260 tamen
1950 1203 2082 1258 fecit

499 1296 713 1370 [Baluz.
758 1315 863 1352 om.
895 1299 1291 1353 convenienter
1319 1305 1501 1352 tam‘en
1526 1294 1679 1367 fecit]
1709 1313 1723 1349 :
1749 1295 1890 1349 nihil
1932 1295 2083 1350 enim

496 1403 690 1442 eorum
719 1398 847 1443 tunc
872 1388 1048 1443 fuerat
1071 1397 1300 1452 motum,
1322 1403 1428 1442 nec
1455 1386 1511 1441 in
1539 1387 1785 1440 medium
1815 1384 1920 1439 fuit
1944 1400 2084 1454 opus

497 1474 686 1529 aﬂ‘erri
745 1476 894 1545 quod
947 1477 1043 1531 illo
1087 1476 1144 1530 in
1178 1485 1425 1546 tempore
1459 1475 1686 1531 minime
1710 1475 2078 1546 quaerebatur.

496 1565 912 1631 Verumtamen,
962 1567 1210 1637 potentia
1252 1576 1309 1623 et
1345 1567 1399 1622 vi
1439 1567 1793 1630 intellectus,
1840 1565 2083 1619 arbitror

494 1656 829 1713 Cenitricem
883 1660 1000 1723 Dei,
1051 1660 1106 1714 id
1159 1659 1549 1724 θει,Θεοτόκον
1587 1658 1658 1713 ab
1702 1658 1798 1712 illo
1845 1655 2077 1728 [Balluz.

496 1748 629 1820 illis]
653 1758 898 1806 sanctam
935 1752 1212 1822 Virginem
1243 1752 1483 1818 dictam;
1514 1752 1691 1821 ipsum
1714 1750 1862 1805 enim
1902 1747 2076 1804 dicit:

2184 568 2316 622 dum
2348 578 2601 624 naturam
2640 567 2708 623 de
2740 568 2853 625 Deo
2889 568 3134 637 genitum
3178 577 3281 629 est,
3319 575 3600 621 mortuum
3640 582 3761 623 esse

2183 658 2519 713 credendum
2567 658 2664 724 sit,
2718 666 2817 713 aut
2865 657 3055 712 lancea
3100 658 3156 712 in
3206 658 3381 713 latere
3412 658 3763 713 vulneratum

2187 748 2354 820 (quod
2404 749 2556 804 enim
2600 749 2769 805 habet
2812 749 2959 804 latus
3008 758 3205 804 natura
3250 748 3616 819 incorporea?
3664 757 3764 804 aut

2184 856 2295 911 quo
2322 851 2483 914 pacto
2506 850 2722 896 mortua
2745 851 2831 896 est
2859 841 2973 897 vita
3002 840 3239 897 vitarum
3257 840 3302 909 Τ)
3351 839 3428 910 (4)
3477 839 3574 896 sed
3623 852 3761 909 quo-

2182 931 2334 986 niam
2368 932 2584 988 unitum
2618 934 2768 989 carni
2793 940 2900 989 hoc
2928 933 3171 990 Verbum
3204 943 3307 997 est,
3343 930 3469 986 ideo
3499 946 3564 987 ea
3594 946 3764 988 carne

2182 1021 2449 1093 patiente,
2488 1034 2747 1095 tanquam
2786 1022 3000 1097 [Βαίας.
3032 1022 3358 1094 patientiam
3386 1017 3578 1093 quam]
3626 1036 3761 1092 pro-

2182 1115 2306 1184 prio
2356 1116 2476 1187 ejus
2532 1115 2790 1171 videlicet
2840 1130 3092 1186 corpore,
3158 1114 3320 1193 inse
3351 1113 3494 1169 hanc
3541 1118 3764 1170 revocat

2185 1205 2421 1279 [Balluz.
2451 1206 2576 1261 add.
2602 1205 2770 1281 inire]
2792 1206 3124 1277 passionem.

2252 1299 2307 1355 4.
2343 1298 2680 1371 Argutantur
2723 1298 2914 1370 igitur,
2942 1307 3000 1354 et
3045 1297 3255 1367 seipsos
3292 1292 3587 1359 seducunt,
3632 1306 3761 1348 cum

2183 1391 2375 1445 dicunt
2417 1406 2609 1462 pacem
2665 1406 2724 1446 se
2766 1391 2929 1457 velle,
2958 1397 3017 1446 et
3064 1389 3321 1445 sensibus
3371 1386 3758 1442 mentiuntur:

2183 1483 2390 1539 habere
2418 1484 2569 1538 enim
2610 1499 2707 1538 eos
2733 1482 3019 1553 proprium
3066 1482 3222 1536 virus
3260 1481 3317 1535 in
3354 1477 3543 1543 corde,
3585 1493 3654 1533 ex
3686 1491 3762 1533 eo

2182 1571 2343 1629 facile
2384 1582 2471 1629 est
2503 1574 2830 1645 intelligere.
2872 1573 3153 1631 Miserum
3191 1573 3323 1628 huic
3370 1571 3627 1637 diacono,
3661 1569 3760 1640 qui

2182 1682 2366 1722 rerum
2382 1667 2875 1722 ecclesiasticarum
2895 1682 3084 1721 curam
3102 1666 3264 1737 gerit,
3287 1666 3425 1720 duas
3444 1663 3757 1720 chartulas:

2172 1773 2351 1811 unam
2407 1758 2634 1827 quidem
2692 1758 3055 1827 compositam
3108 1772 3140 1811 a
3187 1756 3262 1829 (5)
3301 1755 3498 1812 Photio
3542 1753 3757 1827 [Baluz.

503 1859 523 1891 ‘
551 1840 654 1907 Ουί
696 1850 860 1898 natus
903 1852 988 1897 εει
1034 1843 1104 1899 de
1148 1845 1261 1899 ΠΕΟ
1292 1845 1482 1907 Patre,
1530 1858 1629 1912 P0P
1677 1857 1842 1911 quem
1891 1839 2077 1895 omnia
2105 1824 2149 1879 Β
2178 1824 2463 1921 Photinoj,
2510 1857 2607 1903 aut
2652 1849 2723 1904 ab
2770 1824 2881 1903 alio
2915 1848 3163 1919 quolibet
3176 1824 3206 1918 ,v
3241 1824 3508 1906 adversus
3542 1824 3760 1907 ξῑίιΐιιῐιι

495 1936 639 1991 facta
666 1943 815 2001 sunt,
855 1937 1226 2003 incarnatum,
1258 1938 1540 1993 hominem
1573 1936 1800 1999 factum,
1830 1949 2077 2004 passum,

468 2027 800 2082 surrexisse
844 2043 875 2082 a
905 2028 1158 2094 mortuis,
1214 2030 1272 2083 in
1305 2029 1508 2084 caelum
1559 2027 1894 2093 ascendisse,
1925 2026 2079 2099 judi-

496 2132 619 2173 cem
656 2132 878 2189 quoque
909 2127 1377 2176 essevventurum.
1413 2138 1430 2171 ι

494 2301 585 2350 tor
611 2296 900 2368 epistolam
927 2304 1062 2351 tunc
1098 2310 1239 2367 pene
1276 2309 1403 2350 cum
1430 2292 1769 2349 scriberetur
1804 2291 2081 2361 interpre-

496 2372 665 2421 tatus.

566 2435 807 2505 Tempus
836 2434 1152 2506 scriptionis
1166 2450 1236 2490 ex
1258 2449 1328 2506 eo
1347 2431 1507 2506 facile
1528 2431 1875 2506 intelligitur.
1910 2429 2003 2506 _Fit
2022 2429 2082 2506 in

478 2504 615 2575 ipsa
657 2501 895 2575 mentio,
927 2501 997 2561 et.
1022 2520 1224 2575 sparsa}
1260 2504 1319 2558 in
1349 2504 1488 2558 urbe
1514 2502 1701 2575 Cyriili
1719 2501 1979 2575 epistolas
2008 2501 2079 2556 ad

491 2572 796 2645 monachos
833 2572 1074 2645 Egypti,
1110 2572 1694 2645 indequeexacerhati
1718 2572 1995 2645 Nestor-ii;
2022 2579 2079 2645 et

492 2644 872 2713 responsionis
902 2641 1160 2698 a'Photio
1194 2641 1763 2713 adfepistolamedita:
1792 2649 1889 2713 ;_et
1908 2641 2072 2713 libel-

488 2709 669 2768 lorum
690 2712 770 2768 ab
789 2713 1178 2768 Alexandrinis
1205 2709 1695 2767 calumniatoribus
1726 2711 1787 2781 in
1804 2709 2071 2781 Cyrillum

490 2783 747 2838 Nestorio
776 2791 1157 2853 porrectorum
1181 2798 1197 2848 ;
1230 2790 1289 2853 et
1308 2782 1486 2853 habiti
1515 2798 1545 2836 a
1577 2779 1831 2853 Nestorjo
1852 2779 2070 2853 sermo-

487 2853 597 2917 nis,
622 2849 796 2923 cujus—
816 2852 1035 2907 initium
1059 2861 1182 2923 est;
1214 2850 1716 2923 Cantu_m_elias,etc.
1749 2849 1883 2923 Eam
1903 2850 2070 2920 igitur

486 2919 711 2991 oportet
754 2930 881 2991 post
917 2924 1024 2978 ista
1065 2921 1326 2990 scriptam
1365 2921 1556 2985 fuisse,
1599 2929 1762 2991 atque
1794 2919 2069 2991 adeo’non

487 2988 617 3046 ante
656 2988 902 3048 mensem
954 2988 1318 3046 Februarium
1363 3006 1492 3044 ann.
1540 2988 1822 3057 ﬁmum
1850 2988 1969 3059 ipsa
2003 3005 2069 3045 eo

487 3075 665 3143 usque
714 3061 981 3132 perducta
1027 3063 1138 3117 sint
1162 3062 1325 3153 timo
1354 3075 1478 3153 cuin
1509 3059 1655 3153 ideo}
1683 3068 2068 3153 argumentum
2097 3097 2139 3153 α

485 3128 767 3212 commeat
798 3139 963 3212 atque
993 3130 1470 3212 secunda‘Cyrilli
1504 3129 1576 3212 ad
1589 3128 1917 3209 .NestOrium
1943 3129 2065 3212 epi-

482 3200 647 3271 stola,
689 3216 794 3257 nec
822 3198 996 3271 ipsius
1026 3210 1207 3256 tamen
1240 3198 1404 3255 faciat
1434 3198 1791 3271 mentionem,
1822 3213 1949 3252 cum
1980 3198 2064 3254 fa-

483 3269 667 3325 ciendi
703 3268 1005 3327 necessitas
1043 3271 1206 3335 foret,
1245 3271 1291 3325 si
1325 3269 1489 3324 modo
1529 3268 1736 3324 veritas
1761 3278 2063 3338 pateretur,

483 3341 735 3411 oportuit
778 3341 1049 3411 profecto,
1087 3342 1182 3411 vel
1219 3349 1347 3395 ante
1381 3340 1557 3411 ipsam
1584 3339 1787 3411 scribi,
1828 3338 1914 3411 vel
1936 3353 2065 3411 com

634 3408 915 3492 secundat.
934 3410 1099 3479 Atqui
1129 3411 1360 3492 epistola
1380 3408 1701 3492 Nestoritim.
1722 3408 1938 3489 monui;
1955 3408 2062 3492 (ly-

484 3479 643 3534 rillus
667 3480 771 3534 sub
797 3478 1182 3535 initium’anni
1205 3480 1329 3545 450,
1360 3494 1550 3535 mense
1572 3478 1798 3542 Mechir,
1831 3492 1928 3531 seu
1958 3478 2063 3532 Fe-

482 3547 749 3615 bruario;
791 3549 861 3603 ad
900 3551 1010 3606 hoe
1041 3550 1209 3621 igitur
1243 3559 1464 3621 tempus
1489 3547 1640 3619 quod
1664 3556 1794 3604 ante
1824 3547 2064 3607 diximus

482 3619 744 3674 pertinet.
768 3618 939 3674 Cana.

557 3619 744 3673 rtinet.
768 3619 939 3674 Cana.

480 3632 744 3688 pertmet.
768 3632 939 3674 uana.

512 3755 525 3759 _
550 3686 635 3757 (1)
660 3687 727 3759 lln
747 3688 935 3743 Graeco
956 3696 1106 3744 textu
1128 3703 1232 3759 pro
1257 3687 1460 3759 invidis
1485 3686 1805 3759 nominatur
1827 3685 2060 3759 Anasta-

481 3755 905 3829 sius,:limpurus
925 3759 1015 3813 ille
1062 3755 1368 3829 presbyter,
1403 3757 1641 3812 Nestorii
1673 3756 1965 3829 syneellus,
2005 3765 2063 3829 et

480 3826 839 3898 consiliorum
855 3826 1147 3898 particeps,
1179 3826 1513 3896 haeresisque
1542 3826 1860 3898 spargenda:
1881 3826 2059 3880 admi-

478 3895 675 3967 nister,
703 3898 797 3967 qui
827 3895 954 3953 cum
983 3895 1275 3953 Antiochia
1295 3895 1609 3967 venientem
1629 3896 1941 3967 Nestorium
1963 3911 2058 3951 co-

479 3964 897 4031 mitatus—esset,
923 3969 1153 4038 primus,
1179 3968 1225 4023 si
1250 3984 1356 4038 qua
1381 3967 1516 4021 fides
1538 3966 1811 4038 historicis
1833 3964 2055 4038 Graecis,

478 4048 650 4090 ausus
690 4046 776 4092 est
797 4034 1020 4107 publice
1048 4038 1105 4092 in
1133 4034 1364 4107 ecclesia
1382 4051 1599 4107 negare
1630 4034 1851 4107 beatam
1878 4035 2059 4107 Virgi-

477 4118 605 4188 nem
642 4104 1109 4188 Deiparam,
1139 4106 1254 4188 sive
1287 4107 1342 4161 id
1377 4106 1433 4188 in
1461 4104 1754 4188 collatione
1776 4104 2055 4188 ell‘udeifit,

474 4183 613 4228 testu
646 4174 1038 4245 disputationis
1061 4176 1342 4245 abreptus,
1372 4184 1433 4229 ut
1460 4174 1637 4245 innuit
1662 4174 1915 4245 Socrates
1935 4175 2053 4245 (lib.

476 4257 570 4308 vn,
592 4259 643 4317 e.
659 4244 783 4317 37),
800 4246 915 4317 sive
939 4244 1252 4317 scriptam’a
1276 4246 1526 4317 Nestorio
1540 4244 1821 4317 homiliam
1842 4244 2053 4317 legerit,

474 4313 623 4394 quod
651 4312 816 4395 tradit
834 4312 1197 4396 Theophanes
1221 4315 1299 4440 sin
1322 4312 1636 4397 Chronolog.
1661 4314 1731 4394 ad
1753 4330 1882 4367 ann.
1902 4312 2054 4383 1‘28).

548 4383 669 4438 Dixi
691 4400 844 4440 vero.
866 4400 912 4440 ει
928 4401 1036 4440 oua
1068 4385 1204 4440 ﬁdes
1248 4394 1508 4440 nstoncns
1531 4384 1733 4439 Gratus
1758 4400 1771 4435 :
1797 4398 1924 4437 nam
1947 4382 2054 4440 Cv-

548 4383 669 4454 _Dixi
691 4400 844 4454 vero,
866 4385 912 4440 si
928 4382 1036 4454 qua
1068 4385 1204 4441 fides
1230 4382 1508 4440 historicis
1531 4382 1733 4454 Griecis
1758 4400 1771 4435 :
1797 4398 1924 4454 nam
1947 4382 2054 4454 cy-

2178 1955 2362 1995 meum
2395 1954 2560 2010 quem
2607 1939 2675 1994 ad
2708 1938 3009 1994 monachos
3044 1938 3227 2004 edidi;
3263 1936 3339 2010 (6)
3367 1944 3424 1993 et
3449 1937 3613 1992 aliam
3640 1936 3759 1992 vel-

2176 2030 2259 2084 uti
2290 2030 2347 2085 in
2380 2029 2619 2100 speciem
2660 2028 3043 2099 quaternionis
3066 2068 3082 2094 ,
3135 2027 3614 2083 inconvenientem
3656 2025 3759 2080 ba-

2154 2118 2403 2174 bentem
2433 2119 2602 2173 etiam
2626 2118 2873 2183 titulum,
2909 2117 3017 2173 hoc
3040 2116 3243 2173 modo:
3273 2116 3536 2173 Adversus
3559 2132 3645 2171 eos
3667 2115 3760 2187 qui

2184 2290 2423 2363 storium
2464 2290 2687 2347 litteris.
2733 2286 2873 2347 Cum
2914 2291 3069 2347 enim
3111 2306 3371 2363 exegeses
3412 2290 3672 2363 Nestorii,
3701 2302 3759 2347 et

2178 2361 2486 2444 prtesertim
2524 2377 2707 2444 sermo
2735 2364 2971 2444 primus"
2964 2363 3041 2418 de
3058 2361 3492 2444 vipgineopartu
3514 2362 3757 2444 venisset

2177 2431 2237 2503 in
2267 2446 2464 2503 manus
2492 2431 2889 2503 monachorum
2907 2431 3494 2503 Egypti,‘mente_sque
3514 2434 3754 2487 nonnul-

2175 2500 2359 2571 lorum
2403 2501 2479 2557 ita
2520 2502 2895 2571 pervertisset,
2925 2500 3272 2557 ut’audacter
3295 2500 3626 2557 afﬁrmarent
3653 2517 3756 2557 nec

2174 2569 2457 2641 Virginem
2494 2569 2617 2627 esse
2652 2572 2961 2640 Deiparam,
2996 2586 3099 2626 nec
3130 2570 3410 2626 Christum
3437 2571 3633 2641 Deum,
3658 2572 3754 2626 sed

2174 2640 2977 2711 Dcitantumiustrumentum,
3002 2646 3097 2695 aut
3132 2641 3413 2696 hominem
3448 2640 3751 2711 Θεοφόρονς

2175 2710 2309 2765 huic
2331 2711 2475 2765 malo
2502 2709 2752 2781 Cyrillus
2771 2717 2831 2781 ut
2851 2718 3188 2774 occurreret,
3216 2725 3525 2781 sermonem
3547 2711 3616 2766 de
3629 2709 3752 2765 ‘vir-

2175 2780 2338 2851 gineo
2375 2779 2647 2851 partufita
2670 2780 2889 2851 refellit,
2921 2786 2983 2835 ut
3019 2780 3355 2851 ostenderet,
3376 2779 3614 2851 primum
3652 2795 3754 2851 au-

2176 2848 2432 2905 ctoritate
2474 2849 2757 2906 Athanasii
2795 2850 3138 2919 rationeque,
3179 2848 3459 2919 Virginem
3497 2848 3606 2905 dici
3658 2850 3754 2905 de-

2175 2919 2646 2991 bereDeipat-am,
2674 2920 2946 2991 siquidem
2970 2919 3249 2991 Christum
3274 2919 3447 2974 Deum
3477 2921 3751 2991 genuerit;

2175 2989 2376 3044 deinde
2405 2989 2688 3059 Christum
2717 2989 2839 3045 esse
2872 2990 3047 3059 Deum
3082 2989 3401 3053 conficeret,
3439 2989 3639 3059 partim
3679 3005 3751 3045 ex

2175 3059 2424 3132 symbolo
2460 3058 2701 3132 Nieamo,
2742 3060 2941 3132 partim
2979 3058 3276 3132 Scriptum
3307 3058 3656 3132 testimoniis,
3696 3068 3754 3115 et

2172 3128 2268 3201 illo
2310 3129 2657 3201 potissimum
2693 3148 2708 3185 :
2744 3128 2972 3201 verbum
3014 3128 3139 3184 caro
3171 3129 3369 3199 factum
3401 3139 3478 3185 est
3502 3128 3681 3201 (Icari.
3710 3148 3752 3196 ι,

2174 3199 2263 3269 14)
2288 3199 2322 3271 ς’
2342 3207 2459 3254 tum
2483 3199 2925 3256 cavillationibus
2953 3200 3340 3271 haereticorum
3358 3199 3751 3271 respOnderet,

2172 3270 2510 3340 modumque
2544 3281 2846 3339 exponeret
2874 3269 3095 3326 unionis
3116 3270 3362 3326 Verbum
3386 3269 3617 3340 inter-lac
3643 3272 3754 3327 hu-

2171 3354 2391 3395 manam
2420 3338 2675 3395 naturam
2707 3358 2724 3407 ;
2753 3340 2974 3395 tandem
3013 3340 3205 3394 multis
3239 3338 3636 3409 quaestionibus
3673 3342 3754 3398 ita

2169 3409 2536 3474 satisfaceret,
2563 3418 2626 3463 ut
2651 3410 2940 3479 peritiores
2972 3409 3199 3479 quidem
3234 3410 3626 3464 monachorum
3648 3412 3752 3467 ad-

2169 3494 2368 3550 versus
2392 3478 2778 3550 haereticorum
2805 3478 3045 3550 argutias
3085 3479 3404 3550 instrueret,
3443 3479 3755 3550 simplicio~

2169 3564 2262 3604 res
2293 3548 2512 3618 iuberet
2536 3549 2605 3603 ab
2632 3548 2989 3619 inquisitione
3022 3548 3310 3619 subtiliore
3335 3548 3639 3619 abstinere,
3670 3550 3751 3606 lo.

2240 3617 2317 3690 (ὅ)
2341 3620 2471 3673 Post
2504 3617 2736 3690 verbum
2786 3618 3062 3690 locutionis
3104 3618 3361 3690 Baluzins
3396 3617 3587 3674 addit:
3617 3617 3754 3676 Dico

2168 3686 2651 3770 anteinhptterperw
2686 3686 2801 3770 ρςὶ,
2909 3696 3004 3752 est,
3031 3695 3145 3770 _etc.
3173 3688 3324 3770 Eorr.

2242 3756 2597 3828 (iltBaluzius
2638 3757 2905 3823 ediderat,
2951 3759 3042 3813 sed
3088 3759 3339 3828 quoniam
3360 3759 3567 3815 unitum
3596 3766 3754 3817 carni

2167 3828 2261 3900 hoe
2301 3828 2526 3900 Verbum
2561 3836 2658 3900 est,
2694 3828 2809 3881 ideo
2835 3843 2898 3882 ea
2919 3842 3078 3900 carne
3100 3828 3414 3900 patientiam
3435 3844 3595 3900 quam
3616 3846 3749 3900 pro-

2167 3898 2283 3969 prio
2311 3896 2677 3969 ejuspidelicet
2699 3914 2919 3969 corpore
2936 3899 2991 3951 in
3011 3913 3067 3969 se
3082 3896 3455 3969 ﬂagret-evocat
3467 3898 3601 3969 inire
3615 3896 3749 3969 pas-

2164 3966 2383 4037 sionem.
2409 3967 2562 4021 Hanc
2586 3966 2878 4037 lectionem
2900 3967 3120 4037 repetiit
3141 3966 3461 4022 Gallandius
3484 3967 3540 4021 in
3565 3966 3743 4037 textu;

2167 4036 2225 4105 in
2257 4036 2403 4091 notis
2432 4051 2566 4091 vero
2596 4036 2670 4090 ita
2700 4036 2987 4091 correxit:
3024 4054 3042 4087 ι
3080 4036 3259 4105 [meus
3283 4037 3593 4092 mendosus
3619 4036 3744 4105 Gr.,
3818 4058 3839 4075 ι

2136 4136 2139 4139 -
2164 4104 2278 4177 ᾁλλ¹
2307 4106 2633 4177 optumest;
2659 4106 2717 4159 ὲν
2742 4108 2809 4176 τῇ
2844 4105 3030 4177 σαρκὶ,
3060 4102 3179 4159 εἶτα
3202 4106 3519 4177 πᾳσζχούσης
3543 4102 3742 4177 αὐτῆς

2164 4173 2240 4257 ᾡς
2262 4175 2363 4255 tofi
2396 4175 2537 4257 ἰδίου⁸
2561 4173 2864 4257 πάρλχονὲρς
2891 4173 3168 4257 ιτὶῖψκιᾶοςἶ
3202 4173 3365 4240 αὑτδζ
3395 4173 3536 4257 sipo;
3573 4173 3742 4257 αιξσέρὺ

2163 4244 2459 4298 οἰκειοῦται
2490 4244 2550 4299 τὸ
2578 4243 2769 4308 πάθος.
2798 4244 2865 4299 At
2898 4243 3023 4314 quia
3048 4243 3271 4299 Verbum
3297 4243 3454 4299 carni
3472 4248 3527 4299 se
3547 4248 3740 4313 univil,

2164 4314 2360 4384 factum
2392 4322 2467 4369 est
2501 4325 2559 4387 ut
2592 4316 2707 4385 ipsa
2749 4330 2908 4387 carne
2945 4315 3182 4387 patiente
3222 4322 3479 4385 tanquam
3522 4320 3742 4387 proprio

2162 4400 2378 4454 corpore
2419 4384 2714 4455 cruciatum
2747 4384 3016 4447 subeunte,
3057 4385 3229 4454 ipsam
3270 4384 3473 4455 quoque
3507 4384 3743 4455 corporis

476 4448 647 4525 t'illus
668 4453 789 4525 vult
820 4442 849 4507 a
889 4442 1165 4510 Dorotheo
1193 4454 1601 4525 Martianopolis
1624 4453 1885 4523 episcopo
1911 4442 2057 4507 hanc
2089 4442 2131 4497 θ
2159 4442 2541 4525 perpessionem
2558 4452 2713 4525 ueluti
2738 4442 3013 4525 propriam
3038 4442 3093 4507 in
3115 4469 3170 4506 se
3192 4442 3557 4525 transferret.)
3584 4442 3736 4511 Eon.

476 4517 870 4591 blasphemiam
894 4525 1302 4591 pronuntiatam
1318 4566 1333 4588 ,
1372 4517 1625 4579 Nestorio
1641 4517 1927 4591 praesente,
1951 4538 2057 4577 nec

474 4587 843 4661 improbante.
875 4587 966 4647 Lis
1002 4600 1281 4661 utcunque
1310 4587 1565 4661 componi
1595 4587 1795 4659 patest,
1823 4590 1870 4643 si
1903 4591 2052 4646 Ana-

470 4661 677 4717 stasius
707 4662 923 4716 dicatur
952 4676 1179 4731 negasse
1218 4662 1429 4730 primus
1458 4661 1741 4731 Virginem
1780 4674 1900 4731 esse
1924 4661 2052 4716 Dci-

473 4742 707 4810 param;
732 4733 948 4810 primus
970 4730 1260 4810 anathema
1283 4730 1594 4785 Dorotheus
1613 4730 2054 4798 pronuntiaverit

474 4800 534 4854 in
561 4815 664 4871 eos
692 4800 788 4871 qui
829 4800 883 4855 id
911 4808 1240 4871 assererem.

543 4866 867 4925 Anastasius
898 4885 1066 4938 porro
1110 4869 1200 4922 ille
1240 4875 1325 4938 est
1352 4883 1517 4938 quem
1554 4866 1837 4924 Charisius
1862 4872 2051 4927 retulit

470 4937 693 4994 dedisse
714 4956 822 4994 una
851 4936 979 4993 cum
1011 4938 1205 4993 Photio
1231 4936 1421 4992 itidem
1439 4937 1673 4993 Nestorii
1698 4939 2043 5006 administro,

471 5007 688 5065 litteras
719 5008 1218 5065 oommendatorias
1234 5007 1438 5064 Jacobo
1460 5017 1517 5062 et
1536 5009 1770 5066 Antonio
1790 5010 1857 5064 ad
1892 5010 2045 5065 Phil-

440 5118 443 5121 γ
469 5078 878 5149 adelphienses,
911 5087 974 5132 ut
1010 5092 1107 5132 eos
1134 5078 1203 5132 ab
1224 5076 2045 5149 hmresiQuartadecimanorum

470 5147 799 5232 revocarent
833 5147 1059 5232 (tipart.
1104 5164 1249 5202 conc.
1268 5147 1458 5232 ,ΕρΙμζ
1463 5158 1571 5232 act.
1604 5147 1689 5232 6).;
1720 5165 1830 5232 non
1862 5158 2044 5231 tamen

469 5216 541 5271 ad
589 5215 755 5289 fidem
796 5215 1146 5289 catholicam,
1190 5218 1287 5273 sed
1327 5215 1396 5273 ad
1433 5215 1673 5274 Nestorii
1712 5227 1919 5289 partes,
1962 5219 2045 5273 in-

468 5294 633 5340 cauta
676 5288 1078 5360 subscriptione
1116 5289 1344 5360 symboli
1392 5305 1422 5343 a
1462 5288 1761 5360 Theodoro
1794 5288 2046 5360 Mopsue—

466 5363 629 5428 steno
649 5357 906 5428 eonficti,’
934 5357 1002 5413 de
1030 5357 1358 5428 quo'postea
1384 5359 1544 5413 nobis
1583 5360 1692 5413 erit
1727 5357 1927 5428 sermo.
1963 5358 2038 5428 lo.

542 5423 617 5497 (2)
647 5423 894 5499 Epistola
908 5423 1097 5499 Cyril—li
1118 5423 1187 5484 ad
1206 5430 1502 5486 monachos
1521 5428 1738 5499 )Egypti
1756 5427 1939 5497 (epist.
1961 5426 2035 5495 1),

466 5509 591 5565 qua:
627 5503 739 5569 tota
775 5497 890 5553 fere
915 5497 984 5569 lin
1015 5499 1265 5569 dogmate
1292 5497 1613 5569 explicando
1627 5497 1908 5569 versatur,
1928 5499 2041 5566 prio

466 5564 593 5651 mus
624 5564 727 5621 fuit
753 5568 924 5623 sancti
952 5564 1202 5651 prtesiilis
1221 5564 1487 5651 adversus
1503 5566 1817 5651 Nestorium
1834 5564 1997 5651 labor
2022 5584 2034 5619 :

466 5647 632 5703 quem
658 5652 768 5707 qua
788 5635 1076 5708 occasione
1108 5639 1434 5708 susceperit,
1473 5636 1641 5708 tradit
1671 5635 1786 5704 ipse
1820 5650 1944 5708 cum
1980 5638 2037 5708 in

464 5716 621 5831 arte
670 5704 909 5763 secunda
950 5709 1112 5778 hujus
1152 5704 1420 5777 epistolae,
1467 5704 1696 5774 aliisque
1737 5705 1937 5773 passim
1978 5707 2034 5761 in

555 5774 620 5831 's.
658 5782 777 5831 tum
807 5779 1044 5831 maxime
1082 5777 1138 5831 in
1174 5775 1452 5831 orioribus
1490 5774 1797 5830 monitoriis
1834 5775 1900 5830 ad
1929 5776 2034 5831 Nc-

555 5774 620 5839 is.
658 5782 777 5834 tum
807 5774 1044 5837 maxime
1082 5777 1138 5832 in
1170 5774 1452 5849 prioribus
1490 5774 1797 5830 monitoriis
1834 5775 1900 5830 ad
1929 5776 2035 5832 Nc-

2231 4523 2306 4596 (5)
2330 4524 2524 4596 SOCius
2550 4524 2655 4596 ιιιίι
2675 4523 2898 4596 Ᾰηβχίιι
2917 4524 3181 4596 diximus,
3217 4523 3743 4596 Anastasiipreslw‘

2159 4593 2296 4659 teri,
2320 4595 2548 4663 quicum
2587 4593 3148 4663 Philadelphiensium
3184 4594 3602 4663 corruptoribus
3638 4593 3737 4648 lit-

2159 4670 2305 4733 teras
2332 4662 2503 4728 dedit,
2563 4678 2801 4733 quarum
2848 4662 3056 4733 mentio
3089 4662 3150 4715 ﬁt
3195 4662 3251 4717 in
3299 4662 3462 4717 causa
3493 4662 3735 4720 Charisii

2156 4732 2214 4802 (ιι
2243 4741 2383 4802 part.
2420 4749 2563 4787 conc.
2586 4733 2751 4803 Eph“
2777 4740 2899 4803 act;
2915 4732 3199 4803 6)_._Qua_m
3228 4734 3610 4803 veroscripsit
3641 4750 3735 4789 re-

2152 4799 2503 4871 sponsionem
2535 4801 2601 4855 ad
2628 4799 2831 4855 librum
2860 4799 3046 4871 Cyrilli
3072 4801 3144 4871 ad
3167 4799 3598 4871 monachosfea,
3619 4805 3730 4860 nisi

2149 4868 2330 4940 fallor,
2370 4871 2533 4940 periit
2561 4871 2851 4939 absumpta
2878 4868 3112 4940 flammis
3155 4870 3357 4940 quibus
3375 4871 3737 4928 Nestorianos

2149 4938 2323 4996 libros
2352 4938 2611 5012 comburi
2651 4938 2816 5012 jussit
2854 4939 3200 5012 Theodosius
3222 4939 3421 5012 edicto
3467 4941 3545 5012 (ιιι
3579 4952 3727 5012 part.

2150 5026 2295 5064 conc.
2344 5009 2564 5079 Ephes.,
2588 5008 2777 5077 C(48),
2806 5009 2953 5078 quod
2978 5010 3181 5064 lectum
3205 5008 3409 5064 dicitur
3442 5008 3733 5067 monachis

2148 5079 2237 5134 die
2268 5078 2402 5133 χχιιι
2432 5079 2777 5142 Pharmuthi,
2814 5078 3115 5134 indictione
3147 5096 3185 5142 ι,
3220 5095 3363 5134 anno
3400 5080 3725 5135 Diocletiani

2147 5148 2268 5211 164,
2330 5148 2381 5204 id
2429 5159 2513 5203 est
2563 5164 2707 5204 anno
2759 5149 3054 5204 Theodosii
3109 5150 3199 5213 M,
3236 5149 3601 5205 Valentiniani
3630 5150 3724 5215 24,

2143 5216 2348 5273 Christi
2374 5218 2497 5282 448,
2519 5218 2739 5273 Zenone
2764 5228 2819 5275 et
2851 5218 3244 5273 Posthumiano
3281 5235 3449 5283 coss.,
3480 5221 3569 5275 die
3593 5236 3724 5276 xvm

2142 5287 2347 5357 Aprilis
2379 5306 2391 5340 :
2428 5304 2739 5358 quanquam
2772 5290 3065 5343 antecessit
3095 5290 3329 5345 alterum
3366 5290 3608 5343 edictum
3626 5304 3724 5343 ea-

2143 5358 2266 5427 dem
2297 5358 2364 5427 de
2394 5374 2474 5421 re,
2504 5359 2649 5427 quod
2670 5359 2725 5412 in
2746 5358 2947 5414 Codice
2966 5359 3346 5414 Theodosiano
3377 5360 3564 5413 datum
3588 5360 3728 5412 scri-

2143 5426 2293 5483 bitur
2335 5426 2806 5500 Constantinopoli
2844 5442 2898 5483 ιιι
2926 5429 3109 5483 Nonas
3132 5429 3384 5500 Augusti,
3412 5428 3727 5500 Theodosio

2140 5513 2227 5560 xv,
2253 5507 2308 5551 et
2329 5499 2420 5567 qui
2445 5499 2611 5553 fuerit
2642 5497 2947 5564 nuntiatus,
2972 5514 3135 5566 coss.,
3162 5497 3355 5565 id'est,
3392 5513 3537 5553 anno
3556 5497 3725 5553 Chri-

2138 5567 2208 5622 sti
2240 5567 2362 5622 455.
2391 5567 2557 5623 Cum.

2211 5637 2514 5710 (6)lCharta
2545 5638 2712 5710 illain
2735 5640 2973 5710 speciem
3001 5637 3380 5708 quaternionis
3406 5638 3505 5710 cui
3524 5636 3723 5710 titulus

2139 5707 2436 5780 inscriptus
2453 5719 2571 5763 erat
2596 5728 2609 5763 :
2632 5707 2893 5764 Adversus
2921 5726 3006 5763 eos
3020 5707 3123 5780 iqui
3150 5707 3722 5780 proptertconiunetio-

2138 5793 2275 5844 nem,
2316 5778 2398 5832 vel
2422 5780 2752 5843 divinitatem
2775 5780 2901 5836 Filii
2927 5778 3271 5848 morti/50am,
3298 5778 3383 5836 vel
3407 5778 3717 5835 humanita-
