4058 6448
494 384 566 441 79
1557 382 1612 437 s.
1654 378 1929 437 cvmm
1966 376 2439 433 ALEXANDRINI
2472 377 2774 435 Al'lClllEP
3718 382 3786 436 ao

499 494 1334 571 animadverteritis,diligenter
1349 495 1698 567 perscribitc.
1714 494 1924 565 Eligam
1947 493 2096 548 enim
2131 502 2171 557 Α
2204 492 2333 547 liter
2354 493 2517 564 agite.
2545 492 2968 563 Quamprimum
3008 493 3158 547 enim
3183 493 3527 562 parabuntur
3550 509 3579 549 a
3605 509 3690 552 me
3709 496 3795 554 lito

497 593 649 647 viros
670 592 792 663 pios
817 606 881 646 ac
909 591 1231 662 prudentes,
1258 605 1385 646 cum
1414 589 1724 659 episcopos,
1753 599 1869 642 tum
1901 600 2093 641 mona-

476 684 635 739 chos
656 698 901 754 quoque,
927 698 1067 753 quos
1093 682 1258 739 etiam
1286 681 1468 752 primo
1503 693 1724 751 quoque
1753 688 2000 747 tempore
2028 674 2097 730 ad

498 792 600 832 vos
626 778 862 832 mittam.
900 795 919 828 ι
951 776 1138 846 Neque
1163 774 1311 831 enim
1338 772 1515 828 oculis
1553 771 1712 836 meis,
1740 778 1800 824 ut
1831 768 2097 838 scriptum

484 852 606 934 ‘cst,
641 882 896 924 somnum
930 867 1096 932 dabo,
1129 879 1307 936 neque
1345 862 1624 935 palpebris
1661 861 1799 916 meis
1828 859 2097 915 dormita-

482 961 733 1025 -tionem,
763 974 944 1031 neque
970 958 1219 1028 requiem
1242 952 1750 1026 temporibusmeis
1776 953 1844 1018 ",
1872 971 1891 1004 ι
1923 950 2101 1006 donec

484 1054 805 1112 certamine
856 1069 958 1125 pro
1008 1052 1255 1108 omnium
1311 1051 1490 1106 salute
1541 1048 1867 1120 perfunctus
1917 1045 2096 1101 fuero.

501 1149 683 1216 Quare
713 1161 841 1204 cum
870 1160 1048 1202 meam
1074 1159 1224 1201 nunc
1249 1143 1581 1201 sententiam
1610 1140 1943 1205 didiceritis,
1970 1138 2105 1193 viri-

2206 594 2357 648 ιρι-ω,
2396 594 2453 639 et
2490 586 2680 655 quales
2715 593 2953 656 oportet,
2981 593 3037 641 et
3070 588 3139 641 ad
3173 601 3313 657 quos
3349 598 3583 656 oportet.
3621 589 3788 646 Siallli

2205 678 2352 733 enim
2375 686 2601 748 propter
2618 677 2828 733 Christi
2856 677 3019 733 ﬁdere
3035 678 3291 749 quemvis
3315 679 3559 735 laborem
3589 681 3789 748 subire,

2206 769 2414 840 qumvis
2441 784 2660 840 quoque
2685 768 2931 839 perferre
2964 783 3257 838 tormenta,
3283 770 3452 826 etiam
3475 786 3540 828 ea
3572 789 3696 842 qua;
3715 774 3791 828 in-

2207 872 2292 918 ter
2332 862 2601 933 supplicia
2641 870 2940 919 censentur
2968 862 3314 933 gravissima,
3357 866 3536 920 donec
3577 864 3787 921 tandem

2207 966 2465 1020 mortem,
2508 955 2611 1010 hac
2648 954 2716 1010 de
2756 968 2920 1010 causa
2953 963 3288 1027 susceptam,
3325 956 3462 1012 mihi
3498 958 3787 1030 jucundam

2207 1049 2509 1120 pertulere.

2116 1256 2190 1270 ,Δ

1711 1298 1788 1398 (ἰ)
1832 1323 2172 1382 EPISTOLA
2208 1326 2282 1381 x1
2325 1327 2419 1397 (οι.
2463 1327 2558 1400 1X)
2597 1327 2638 1386 ‘.

1671 1437 1874 1477 CYBILLI
1907 1437 1974 1476 AD
2010 1436 2368 1478 CCELESTINUH
2406 1438 2423 1477 l
2463 1436 2656 1481 ΡΛΡΔΙΙ.

504 1519 679 1587 Quam
707 1519 956 1593 pestilens
982 1519 1214 1576 Nestorii
1236 1523 1305 1575 sit
1327 1519 1593 1586 doctrina,
1629 1518 1820 1593 quidve
1861 1521 2116 1593 hactenus
2142 1519 2307 1593 egerit
2330 1535 2440 1593 quo
2470 1535 2589 1593 eunt
2623 1520 2693 1593 ad
2715 1528 2911 1575 rectam
2935 1519 3095 1593 ﬁdem
3128 1529 3415 1593 revocaret,
3446 1520 3678 1593 Cyrillum
3702 1532 3793 1579 at-

568 1588 750 1663 ponit;
773 1591 1009 1663 abillius
1021 1593 1388 1663 communione
1409 1607 1467 1645 se
1498 1588 1939 1663 nondumaperte
1961 1588 2277 1663 discessisse,
2302 1588 2470 1663 donec
2493 1608 2525 1644 (ι
2548 1588 2827 1663 Cwlestino
2847 1592 2974 1661 quid
2994 1592 3093 1645 sibi
3121 1591 3259 1660 facte
3280 1609 3409 1663 opus
3431 1588 3509 1646 sit'
3525 1594 3793 1657 didicerit;

572 1659 632 1714 ut
671 1661 1001 1727 Caelestinns,
1026 1662 1206 1732 _missis
1235 1678 1397 1732 quam
1427 1663 1658 1732 primum
1685 1661 1756 1715 ad
1784 1659 2015 1732 Orientis
2042 1659 2453 1732 acAMacedoniaz
2477 1662 2741 1732 episcepos
2770 1659 2960 1716 litteris
2980 1701 2994 1723 ,
3040 1659 3197 1715 suam
3221 1679 3281 1717 ea
3308 1659 3372 1716 de
3399 1679 3454 1716 re
3482 1667 3795 1719 sententiam

573 1740 757 1787 notam
791 1732 974 1802 faciat.
1012 1729 1273 1799 Subiectis
1299 1732 1369 1787 ad
1394 1729 1593 1787 calcem
1618 1729 1867 1801 capitulis
1896 1730 2214 1800 quibusdam
2236 1739 2350 1785 tota
2372 1729 2605 1786 Nestorii
2634 1729 2879 1787 doctrina
2902 1732 3222 1803 explicatur.

575 1850 940 1907 Sanctissime
968 1851 1178 1924 Deique
1197 1851 1580 1908 amantissimo
1600 1851 1752 1907 Patri
1795 1849 2095 1907 Ctelestine

2211 1850 2296 1918 Τῷ
2354 1850 2662 1915 ὀσιωτὰτῳ
2713 1851 2814 1904 καὶ
2872 1850 3317 1921 θεοφιλεστάτῳ
3370 1849 3550 1918 Harp!
3611 1851 3795 1904 Κελε-

496 1941 742 2015 Cyrillus
772 1942 829 1997 in
854 1943 1091 2000 Domino
1118 1943 1375 1999 salutem.
1574 2012 1583 2020 _

574 2037 626 2090 l.
687 2034 744 2090 Si
792 2034 978 2101 silere,
1024 2042 1082 2091 et
1129 2051 1243 2091 non
1272 2036 1531 2106 pietatem
1560 2044 1709 2091 tuam
1747 2034 1816 2092 de
1837 2035 2098 2091 omnibus

488 2141 628 2195 quae
652 2132 946 2181 moventur
965 2124 1170 2180 litteris
1199 2123 1492 2180 certiorem
1516 2123 1698 2181 facere
1714 2122 1852 2179 citra
1876 2123 2095 2193 culpam

498 2234 569 2271 ac
620 2216 863 2271 sinistra
905 2215 1241 2287 auspicionis
1284 2227 1493 2271 metum
1538 2215 1752 2279 liceret,
1786 2214 2094 2285 praesertim

504 2309 560 2363 in
622 2309 788 2364 rebus
837 2308 978 2365 adeo
1022 2309 1372 2371 necessariis,
1426 2307 1519 2363 ubi
1565 2307 1732 2363 etiam
1774 2316 1923 2363 recta
1959 2305 2096 2363 ﬁdes

501 2418 531 2455 ο
584 2400 869 2456 nonnullis
912 2400 1211 2472 depravata
1243 2398 1625 2471 periclitatur,
1662 2399 1719 2455 in
1742 2405 1949 2455 memet
1974 2398 2095 2468 ipso

501 2492 747 2547 dicerem
781 2509 795 2547 :
825 2491 1043 2549 Bonum
1079 2500 1138 2548 et
1176 2490 1411 2562 periculi
1449 2504 1650 2562 expers
1671 2489 2092 2554 est-silentium,

487 2590 837 2654 praestatque
885 2583 1129 2654 quietam
1172 2581 1346 2639 vitam
1387 2596 1554 2653 agere
1594 2596 1763 2652 quam
1790 2580 2091 2636 turbatam.

502 2674 609 2730 Sed
627 2674 888 2744 quoniam
911 2674 1056 2729 Deus
1079 2673 1233 2728 hisce
1250 2672 1307 2726 in
1330 2672 1501 2729 rebus
1520 2672 1860 2745 vigilantiam
1881 2687 1912 2727 a
1933 2671 2096 2727 nobis

501 2766 692 2837 exigit,
719 2776 776 2821 et
804 2765 965 2837 longa
990 2764 1066 2837 (2)
1089 2764 1467 2821 Ecclesiarum
1501 2764 1848 2822 consuetudo
1898 2763 2096 2820 suadet

502 2867 566 2912 ut
612 2854 930 2930 huiusmodi
973 2873 1064 2913 res
1121 2871 1252 2913 cum
1290 2856 1583 2912 sanctitate
1637 2866 1729 2913 tua
1778 2856 2092 2913 communi-

502 2958 721 3015 centur,
757 2949 941 3005 scribo
957 2950 1119 3019 plane
1134 2951 1464 3006 necessitate
1479 2948 1726 3015 adactus,
1740 2962 1805 3005 ac
1843 2948 2094 3020 signiﬁco

504 3041 763 3097 Satanam
790 3042 844 3096 in
878 3042 1170 3111 praesentia
1194 3042 1381 3097 omnia
1403 3042 1660 3107 miscere,
1692 3048 1749 3097 et
1772 3050 1963 3097 contra
1991 3042 2096 3097 Ec-

409 3179 417 3186 .
490 3132 702 3188 °clcsias
727 3132 822 3188 Dei
867 3132 1075 3199 furere,
1128 3147 1233 3189 nec
1257 3148 1368 3189 non
1402 3132 1651 3188 omnium
1678 3132 1886 3202 ubique
1912 3148 2092 3203 pepu-

2440 1944 2631 2008 στίνφ
2655 1943 2955 2010 Κύριλλος
2982 1942 3054 1995 ἐν
3085 1942 3281 2011 Κυρίῳ
3314 1943 3567 2011 χαίρειν.

2277 2037 2343 2092 Ei
2373 2038 2475 2108 μὲν
2505 2033 2575 2110 ἦν
2618 2036 2918 2106 σιωπῆσαι,
2952 2035 3048 2089 καὶ
3084 2033 3158 2105 μὴ
3203 2035 3380 2089 πάντα
3406 2036 3472 2105 τῇ
3509 2035 3576 2105 σῇ
3614 2031 3803 2086 οεοσε-

2204 2128 2333 2200 ὄείᾳ
2372 2126 2660 2200 γράφοντα
2712 2126 2784 2180 τὰ
2833 2125 3153 2197 κινούμενα,
3213 2127 3308 2180 καὶ
3367 2125 3629 2197 μέμψεως
3691 2122 3804 2188 ἔξω

2205 2218 2483 2292 γενέσθαι,
2504 2219 2599 2273 καὶ
2629 2218 2918 2287 διαφυγεῖν
2944 2217 3209 2273 δύνασθαι
3231 2216 3294 2270 τὸ
3309 2216 3501 2270 δοκοῦν
3530 2217 3801 2289 λυπηρὸν,

2205 2314 2301 2369 καὶ
2333 2312 2572 2384 μάλιστα
2622 2312 2680 2364 ὲν
2721 2308 3042 2378 ἀναγκαίοις
3088 2307 3230 2363 οὕτω
3280 2310 3626 2381 πράγμασιν.
3661 2311 3802 2366 ὅπου
3882 2339 3903 2348 -

2205 2405 2301 2459 καὶ
2329 2406 2363 2475 η
2395 2402 2496 2473 τῆς
2527 2401 2769 2464 πίστεως
2801 2399 3034 2472 ὀρθότης
3055 2400 3501 2471 παρασαλεύεται
3532 2402 3685 2473 παρά
3713 2419 3803 2456 τι·

2203 2513 2331 2561 νων,
2373 2493 2510 2565 ἔφην
2550 2491 2615 2546 ἂν
2668 2492 2727 2544 ὲν
2779 2490 3031 2562 ὲμαυτῷο
3071 2491 3230 2562 Καλὴ
3284 2492 3378 2547 καὶ
3437 2492 3716 2557 ἀκίνδυνος
3766 2497 3806 2565 ἡ

2205 2586 2409 2655 σιωπὴ,
2455 2584 2647 2639 καὶτὸ
2694 2585 2925 2655 ἠρεμεῖν
2972 2582 3067 2636 τοῦ
3104 2584 3474 2655 ταράττεσθαι
3526 2589 3805 2659 κρεῖττον.

2217 2676 2437 2747 Ἐπειδὴ
2474 2675 2531 2729 δὲ
2561 2675 2658 2730 καὶ⁵
2689 2675 2822 2739 Θεὸς
2854 2675 3080 2730 ἀπαιτεί
3113 2677 3243 2745 παρ’
3265 2676 3423 2749 ἡμῶν
3448 2678 3508 2732 τὸ
3538 2679 3810 2750 νηφάλιον

2202 2767 2260 2818 ὲν
2288 2764 2521 2829 τούτοις,
2554 2765 2648 2819 καὶ
2685 2763 2753 2817 τὰ
2787 2764 2977 2837 μακρὰ
3004 2764 3112 2818 τῶν
3163 2765 3502 2839 Ἐκκλησιῶν
3541 2768 3637 2841 ἔθη
3673 2772 3809 2825 πεξ-

2204 2856 2390 2911 θουσιν
2419 2853 2840 2911 ἀνακοινοῦσθαι
2892 2857 2961 2929 τῇ
2997 2858 3064 2929 σῇ
3098 2855 3362 2930 ὁσιότητι,
3392 2858 3592 2930 γράφω
3632 2859 3810 2915 πάλιν

2203 2948 2545 3019 ἀναγκαίως,
2588 2949 2768 3003 ἐκεῖνο
2804 2946 2981 3020 δηλῶν
3006 2949 3090 3004 ὅτι
3122 2949 3364 3023 διακυκᾷ
3388 2953 3455 3006 τὰ
3484 2952 3663 3006 πάντα
3699 2954 3811 3007 καὶ

2203 3041 2299 3097 νῦν
2319 3044 2347 3096 ὁ
2380 3041 2647 3107 Σατανᾶς,
2680 3041 2774 3097 καὶ
2806 3040 2947 3112 μετά
2987 3040 3053 3114 [Ῑ.
3090 3042 3194 3115 leg.
3230 3042 3397 3115 κατὰ]
3420 3043 3533 3097 τῶν
3565 3044 3813 3117 Ἐκκλη-

2205 3132 2337 3187 σιῶν
2357 3131 2451 3186 τοῦ
2480 3130 2616 3185 Θεοῦ
2641 3132 2915 3203 μαίνεται,
2942 3133 3037 3187 καὶ
3064 3132 3497 3205 όροοποδοῦντας
3528 3135 3588 3189 ὲν
3613 3135 3810 3190 πίστει

501 3224 685 3279 lormn
733 3224 829 3295 qui
881 3225 937 3279 in
984 3234 1136 3282 recta
1186 3226 1295 3282 ﬁde
1343 3226 1630 3282 ambulant
1675 3226 2094 3281 subversionem

2205 3224 2330 3287 τοὺς
2375 3220 2717 3292 ἁπανταχόσε
2761 3222 2928 3287 λαοὺς
2984 3224 3246 3295 πειρᾶται
3291 3224 3664 3297 διαστρέφειν.
3717 3222 3810 3280 Οὔ

502 3318 707 3373 moliri.
753 3317 873 3373 Non
895 3317 1042 3373 enim
1083 3317 1154 3373 ab
1191 3318 1494 3388 impietatis
1517 3317 1705 3374 studio
1726 3333 1969 3389 unquam
1995 3316 2094 3373 dc-

488 3409 651 3465 -sistit
680 3409 918 3479 pessima
942 3409 1035 3464 illa
1077 3418 1134 3465 et
1160 3409 1390 3465 eﬁ‘renis
1412 3409 1608 3464 bestia.
1646 3408 1794 3464 Sane
1826 3408 2096 3463 hactenus

499 3500 677 3555 altum
710 3500 877 3565 tacui,
914 3515 977 3555 ac
1016 3499 1156 3555 nihil
1182 3500 1410 3556 omnino
1455 3501 1524 3557 de
1550 3515 1618 3556 eo
1641 3497 1971 3572 (Nestorio)
1998 3498 2094 3569 qui

500 3591 1168 3661 Constantinopolitanam
1202 3591 1505 3648 Ecclesiam
1551 3608 1701 3647 nunc
1744 3591 2097 3647 administrat

501 3683 591 3739 vel
636 3682 704 3738 ad
748 3682 1007 3753 pietatem
1044 3690 1195 3738 tuam
1228 3684 1315 3738 vel
1339 3683 1407 3739 ad
1434 3683 1607 3739 ullum
1633 3683 2095 3739 consacerdotum

502 3779 823 3827 nostrorum
871 3771 1088 3843 scripsi,
1149 3788 1476 3843 persuasum
1505 3772 1717 3828 habens
1750 3770 2096 3843 praecipitem

502 3863 561 3917 in
621 3862 940 3935 hujusmodi
974 3863 1140 3919 rebus
1187 3864 1530 3919 celeritatem
1576 3880 1606 3918 a
1649 3863 1788 3919 vitio
1832 3879 1943 3919 non
1974 3879 2096 3921 esse

502 3954 828 4009 immunem.
890 3953 981 4019 At,
1030 3954 1162 4025 quia
1212 3953 1282 4009 ad
1333 3966 1647 4011 extremum
1694 3956 2095 4026 propemodum

503 4047 776 4101 malorum
805 4046 1150 4112 devenimus,
1187 4047 1373 4102 omnia
1396 4063 1520 4118 qua:
1542 4047 1885 4114 acciderunt,
1933 4059 2096 4121 rupto

494 4137 747 4204 silentio,
782 4139 1099 4195 necessario
1122 4138 1436 4193 enarranda
1457 4152 1579 4194 esse
1606 4138 1760 4194 duxi.

565 4229 626 4284 9..
663 4230 873 4302 Nempe
894 4240 1235 4289 memoratus
1256 4234 1416 4288 simul
1443 4241 1505 4288 ut
1527 4233 1819 4291 ordinatus
1834 4243 1940 4300 est,
1968 4251 2094 4291 cum

498 4322 989 4380 exhortationibus
1039 4324 1146 4396 37
1199 4326 1454 4396 populos,
1504 4337 1617 4383 tum
1662 4329 1941 4398 proprios,
1979 4336 2095 4381 tum

494 4415 1104 4486 peregrinos,-quorum
1130 4433 1327 4489 magna
1350 4419 1649 4476 multitudo
1667 4436 1734 4476 ex
1754 4420 1928 4485 omni,
1946 4427 2007 4474 ut
2022 4419 2096 4472 ita

497 4506 704 4572 dicam,
730 4507 954 4563 civitate
989 4524 1053 4563 ac
1096 4510 1319 4581 regione
1354 4512 1485 4568 illuc
1527 4513 1809 4569 conﬂuere
1831 4513 1992 4575 solet,
2029 4511 2096 4566 ad

502 4594 711 4650 bonum
735 4597 979 4655 excitare
1006 4600 1324 4668 debuisset,
1354 4604 1655 4675 prmdicare
1679 4604 1960 4659 aﬁ‘cctavit
1994 4603 2093 4659 ab-

503 4685 672 4740 surda
696 4687 949 4773 quaedam
971 4697 1029 4745 et
1047 4706 1078 4745 a
1108 4691 1321 4750 ratione
1341 4695 1543 4759 aliena,
1565 4710 1689 4765 quae
1708 4695 1869 4764 longe
1891 4694 2095 4749 absunt

500 4777 575 4832 ab
597 4780 900 4847 apostolica
920 4790 977 4837 et
1000 4786 1316 4856 evangelica
1346 4787 1476 4854 ﬁde,
1499 4802 1665 4858 quam
1688 4786 1879 4840 Patres
1903 4801 2097 4856 magna

504 4883 726 4939 semper
748 4875 1059 4930 constantia
1092 4887 1459 4933 servaverunt
1516 4886 1573 4933 et
1599 4877 1761 4931 nobis
1790 4877 2098 4947 velutprc-

500 4960 701 5018 liosam
730 4968 1084 5037 margaritam
1116 4968 1487 5025 tradiderunt.
1526 4970 1681 5025 Illius
1704 4978 1889 5024 autem
1916 4970 2097 5024 homi-

499 5049 627 5119 lias,
654 5054 731 5127 (5)
781 5073 920 5127 quas
967 5059 1026 5113 in
1075 5062 1315 5115 ecclesia
1353 5071 1411 5117 ct
1446 5061 1768 5129 frequenter
1797 5060 2011 5125 habuit,
2042 5072 2099 5117 et

576 5172 623 5202 "
646 5172 787 5228 Psal.
845 5189 1024 5239 cxxxr,
1059 5173 1112 5226 4.

574 5288 833 5361 (l)Circa
867 5289 1013 5344 med.
1044 5301 1252 5361 annum
1287 5286 1411 5361 45οὶ

572 5359 649 5433 (2)
700 5361 834 5415 Lab.
884 5359 1130 5428 praetulit
1174 5363 1337 5409 vetus.
1374 5359 2093 5433 _Przestat76ra3c:ehzercrc

500 5428 720 5494 nam,
754 5445 861 5503 qua
896 5444 1006 5503 non
1032 5434 1245 5482 tantum
1273 5428 1519 5503 antiqua,
1550 5432 1646 5486 sed
1672 5441 1729 5486 et
1758 5433 1916 5503 longa
1951 5442 2092 5488 tem-

502 5498 1099 5573 purtttn‘scricilsilata
1128 5502 1471 5554 consuetudo
1507 5498 1948 5558 commendatur.

544 5573 650 5642 -(5)
684 5567 970 5643 Nestorius
1013 5568 1128 5637 ipse
1161 5583 1441 5643 cxcgcscon
1469 5589 1691 5643 suarum
1720 5575 2092 5643 quaterniones

494 5636 1081 5713 jamAathwlcstinuin
1114 5636 1357 5713 miserat.
1384 5651 1443 5696 ut
1467 5642 1701 5712 Cyrillus
1722 5636 1787 5697 ad
1824 5643 2091 5699 Joannem

499 5708 907 5766 Antiochenam
945 5709 1105 5778 epist.
1153 5708 1221 5762 15
1266 5709 1415 5782 (olim
1454 5708 1540 5783 Μ’)
1570 5715 1785 5769 scribit.
1810 5714 1983 5780 Quam
2018 5715 2089 5769 ob

568 5828 583 5848 ‘
607 5827 682 5877 Ex
708 5826 925 5877 editione
963 5829 1015 5878 Ρ.
1043 5830 1317 5881 Constantii
1347 5812 1494 5897 Epist.
1527 5836 1659 5886 Rom.
1690 5833 1864 5899 pontii.

2198 3312 2315 3385 γὰρ
2345 3314 2549 3386 ἠρεμεῖ
2573 3312 2637 3366 τὸ
2664 3314 3025 3387 παμπόνηρον
3062 3315 3242 3369 ἐκεῖνο
3276 3315 3467 3388 θηρίον
3494 3318 3590 3372 καὶ
3631 3317 3810 3387 εὐφό-

2201 3406 2465 3478 ρητονμ)
2512 3405 2593 3469 εἰς
2630 3404 2912 3462 ἀσέϐειαν.
2971 3405 3206 3476 Ἐσίγων
3243 3407 3345 3480 μὲν
3388 3404 3483 3463 οὖν
3520 3425 3810 3481 παρῳχη-

2199 3498 2333 3553 κότα
2368 3499 2581 3572 καιρόν-
2607 3501 2703 3554 καὶ
2720 3499 2875 3554 οὐδὲν
2903 3498 3042 3563 ὅλως
3082 3497 3378 3575 abrumpo;
3408 3504 3510 3571 τὴν
3547 3502 3647 3573 σὴν
3676 3502 3807 3556 θεο-

2201 3590 2418 3645 σέὖειαν
2452 3593 2710 3665 γέγραφα
2739 3590 2983 3663 περὶτοῦ
3012 3589 3108 3646 νῦν
3145 3591 3297 3657 ὄντος
3354 3595 3412 3646 ὲν
3445 3593 3808 3649 Κωνσταντι-

2198 3684 2476 3751 νουπόλει,
2512 3686 2609 3738 καὶ
2644 3684 2746 3756 τὴν
2784 3685 3114 3757 Ἐκκλησίαν
3158 3686 3469 3750 διέποντος,
3514 3682 3641 3738 οὔτε
3687 3685 3810 3757 μὴν

2202 3774 2340 3845 πρὸς
2373 3773 2562 3846 ἕτερον
2612 3773 2723 3827 τῶν
2758 3774 3211 3846 συλλειτουργῶν,
3240 3774 3303 3829 τὺ
3331 3776 3390 3828 ὲν
3419 3773 3629 3831 τούτοις
3659 3790 3812 3845 προ-

2201 3863 2364 3928 πετὲς
2390 3864 2493 3917 οὐκ
2520 3862 2626 3928 ἔξω
2670 3861 2864 3934 μώμου
2894 3863 3110 3917 κεῖσθαι
3150 3864 3446 3918 πιστεύων.
3490 3862 3713 3935 Ἐπειδὴ
3743 3865 3811 3918 δὲ.

2200 3957 2281 4020 εἰς
2324 3955 2511 4026 ἀκμὴν
2555 3954 2751 4025 ὥσπερ
2809 3956 3023 4026 ἥκομεν
3055 3956 3150 4011 τοῦ
3193 3956 3388 4023 κακοῦ,
3447 3956 3560 4011 δεῖν
3604 3957 3811 4029 ᾠήθην

2201 4047 2520 4115 ἀναγκαίως
2564 4048 2772 4101 ἀνεῖναι
2799 4046 2987 4102 λοιπὸν
3034 4047 3131 4119 τὴν
3166 4047 3414 4118 γλῶτταν
3468 4050 3562 4104 καὶ
3613 4050 3809 4104 πάντα

2202 4140 2378 4194 εἰπεῖν
2411 4138 2482 4192 τὰ
2508 4138 2863 4209 κεκινημένα.

2285 4232 2344 4286 '0
2398 4231 2510 4303 γὰρ
2563 4231 2963 4302 μνημονευθεὶς
3006 4229 3124 4302 ἅμα
3168 4232 3639 4305 κεχειροτόνηται,
3700 4231 3810 4286 καὶ

2200 4323 2321 4378 δέον
2353 4325 2474 4387 ταῖς
2501 4322 2898 4394 παραινέσεσι,
2937 4325 3061 4385 ταῖς
3098 4325 3180 4386 εἰς
3208 4322 3269 4377 τό
3289 4323 3515 4392 ἀγαθὸν,
3563 4321 3810 4391 ὠφελεῖν

2200 4416 2331 4482 τούς
2377 4433 2438 4470 τε
2484 4417 2665 4470 ὲκείσε
2716 4415 2880 4479 λαοὺς
2931 4414 3026 4469 καὶ
3081 4417 3209 4480 τοὺς
3271 4414 3812 4489 παρεπιδημοῦντας

2205 4508 2406 4575 ξένους
2442 4508 2753 4581 πάμπολλοι
2773 4506 2830 4560 δὲ
2856 4502 3024 4574 οὗτοι,
3061 4508 3158 4561 καὶ
3193 4508 3304 4563 ἀπὸ
3330 4508 3532 4579 πάσης,
3555 4507 3631 4571 ὡς
3662 4508 3810 4573 ἔπος

2203 4602 2400 4667 εἰπεῖν,
2434 4598 2642 4664 πόλεώς
2679 4617 2739 4654 τε
2772 4599 2866 4654 καὶ
2901 4598 3109 4672 χώραςο
3152 4600 3391 4672 σπουδὴν
3424 4600 3576 4654 ἔθετο
3611 4598 3811 4653 λαλεῖν

2202 4693 2413 4747 ἔκτοπά
2449 4708 2593 4758 τινα,
2642 4693 2738 4745 καὶ
2785 4692 2891 4759 ἔξω
2933 4692 3119 4762 λόγου,
3155 4694 3254 4748 καὶ
3283 4694 3387 4747 ὅσα
3418 4692 3638 4764 μακράν
3674 4691 3815 4747 ἐστι

2199 4786 2299 4854 τῆς
2329 4784 2697 4855 ἀποπολικῆς
2726 4783 2821 4838 καὶ
2856 4784 3224 4856 εύαγγελικῆς
3247 4785 3507 4853 πίστεως,
3527 4785 3594 4855 ἥν
3627 4783 3809 4855 μέχρι

2200 4874 2404 4938 παντὸς
2442 4875 2814 4945 τετηρήκασιν
2842 4876 2890 4928 οἱ
2922 4874 3185 4946 Πατέρες,
3217 4875 3523 4945 παρέδοσαν
3557 4890 3618 4928 τε
3657 4874 3813 4945 ἡμῖν

2198 4968 2274 5033 ὡς
2306 4967 2605 5037 πολύτιμον
2637 4966 3006 5038 μαργαρίτην.
3049 4968 3159 5021 Καὶ
3194 4968 3291 5031 τὰς
3322 4967 3422 5039 μὲν
3455 4967 3691 5040 ὁμιλίας,
3726 4965 3814 5030 ἃς

2196 5063 2285 5114 ἐπ’
2316 5059 2617 5131 ἐκκλησίας
2652 5059 2865 5131 εἷρηκε,
2889 5061 2986 5114 καὶ
3018 5061 3178 5116 τοῦτο
3206 5062 3547 5131 πλειστάκις,
3577 5060 3672 5115 καὶ
3704 5059 3818 5113 λέ·-

2205 5294 2448 5358 causam,
2500 5294 2679 5365 inquit
2729 5296 2935 5372 ibidem
2982 5298 3238 5372 Cyrillus,
3266 5300 3567 5372 compulsus
3592 5314 3715 5353 sum
3747 5311 3818 5356 et

2193 5380 2286 5435 ego
2318 5381 2524 5440 quoque
2552 5383 2613 5419 ea
2639 5371 2817 5423 omnia
2853 5386 2971 5440 qua:
3003 5369 3142 5424 inter
3179 5386 3259 5424 me
3285 5382 3332 5425 et
3358 5369 3511 5425 illam
3535 5369 3812 5426 interces-

2190 5434 2373 5488 serunt
2407 5434 2607 5511 (eidem
2654 5439 2831 5511 papas)
2865 5434 3108 5511 "aperire.
3162 5441 3274 5496 llos
3320 5451 3507 5497 autem
3548 5440 3810 5511 Nestorii

2190 5506 2583 5580 (platerniones
2626 5506 2744 5580 sibi?
2776 5506 2875 5580 per
2914 5506 3249 5567 'Antiochum
3288 5511 3470 5566 virum
3515 5510 3809 5568 illustrem

2189 5574 2437 5699 :edlditos
2481 5575 2650 5633 fuisse
2698 5574 3035 5637 Cm‘lestinus
3066 5582 3207 5636 infra
3243 5580 3298 5634 in
3337 5580 3568 5653 epistola
3614 5580 3683 5635 12
3714 5592 3818 5640 te-

2191 5686 2205 5698 .
2245 5662 2274 5699 il
2308 5663 2391 5699 ιη’.

2191 5662 2391 5701 εωιυτ.

2266 5716 2342 5788 (4)
2375 5715 2558 5783 Forte,
2594 5718 2889 5792 ἀφόρητον.
