4058 6520
357 440 421 498 9i
1043 475 1078 504 ρ

1355 433 1412 488 S.
1457 417 1736 490 CYRILLI
1774 431 2248 491 ALEXANDRINI
2287 434 2608 491 ARCHIEP.
3567 430 3646 487 99.-

357 560 417 608 et
449 549 552 621 ipsi
588 563 806 618 semper
827 545 1150 602 defensores
1171 527 1465 600 orthodoxi
1495 545 1765 616 dogmatis
1786 545 1955 600 exsti-

2064 563 2176 611 ταις
2216 548 2558 618 ὑπομνήσεσι
2612 544 2885 616 βεϐαιοῦν.
2923 543 3134 614 ’Ὥσπερ
3175 542 3359 596 ἐκεῖνα
3387 541 3520 612 ἡμῖν
3545 559 3636 595 πι-

360 650 570 707 terunt,
613 640 863 709 exempla
885 640 996 712 jam
1021 639 1243 694 viceris.
1272 639 1413 693 Vere
1440 638 1542 692 tibi
1569 638 1947 709 evangelicum

359 740 541 804 potest
564 731 938 787 testimonium
968 729 1284 794 convenire,
1304 745 1415 800 quo
1436 729 1674 785 dicitur:
1708 749 1726 782 ι
1756 731 1951 785 Pastor

359 825 538 878 bonus
562 823 719 893 ponit
744 821 986 876 animam
1011 836 1165 874 suam
1204 835 1305 890 pro
1329 821 1526 876 ovibus
1547 821 1660 875 suis
1681 821 1746 874 ’⁸.
1779 840 1796 872 ι
1839 821 1949 876 Sed

361 924 422 972 ut
449 924 511 970 tu
541 915 720 969 bonus
743 922 956 984 pastor,
993 914 1068 968 ita
1104 913 1196 966 ille
1221 928 1325 968 nec
1344 921 1603 982 tanquam
1637 913 1812 967 malus
1847 927 1947 982 po-

361 1014 469 1062 test
493 1006 873 1061 mercenarius
903 1004 1173 1069 accusari,
1201 1004 1296 1074 qui
1326 1019 1436 1058 non
1473 1004 1599 1058 ideo
1637 1004 1786 1074 quod
1816 1019 1950 1060 oves

363 1097 640 1167 relinquat
665 1097 938 1168 arguitur,
977 1096 1073 1152 sed
1103 1095 1253 1167 quod
1285 1110 1380 1151 eas
1413 1095 1529 1166 ipse
1553 1095 1761 1150 laniare
1787 1095 1945 1152 inve-

360 1189 549 1242 niam
585 1186 683 1259 (ι).

2056 639 2184 709 κρὰ,
2216 639 2359 692 οὕτω
2387 637 2558 693 ταῦτά
2601 639 2750 691 ἐστιν
2784 635 2945 706 ήδέαο
2979 633 3171 706 ὥσπερ
3200 635 3386 688 ἐκεῖνα
3419 632 3636 703 ἰλυώδη,

2056 730 2200 783 οὕτω
2227 730 2402 783 ταῦτα
2429 728 2670 800 καθαρά.
2705 729 2817 782 Καὶ
2850 726 3116 798 χαίρομεν
3138 725 3410 796 τοσαύτην
3438 725 3638 779 ἐνεῖναι

2056 821 2293 892 ὁρῶντες
2316 824 2381 892 τῇ
2419 823 2483 892 σῇ
2523 817 2779 890 εὐλαϐείᾳ
2808 819 3168 889 ἐγρήγορσιν,
3197 818 3272 881 ὡς
3291 817 3392 888 ήδη
3417 835 3478 870 σε
3503 835 3642 871 νενι-

2059 913 2290 984 κηκέναι
2322 913 2392 968 τὰ
2426 912 2805 984 ὑποδείγματα
2849 911 2958 966 τῶν
2997 928 3091 964 σου
3139 911 3638 982 προηγησαμένων,

2056 1006 2371 1078 γενομένων
2424 1006 2512 1060 άεὶ
2559 1005 2657 1059 καὶ
2707 1003 2888 1058 αὐτῶν
2931 1003 3164 1057 ὲκδίκων
3210 1004 3304 1056 τοῦ
3356 1003 3638 1075 ὀρθοδόξου

2055 1095 2348 1167 δόγματος.
2379 1095 2625 1167 Ἀληθῶς
2653 1113 2713 1149 τε
2743 1094 2839 1149 ἐπὶ
2861 1093 2956 1148 σοῦ
2987 1095 3220 1166 ἁρμόσει
3245 1096 3278 1166 ἡ
3309 1095 3652 1166 εύαγγελικὴ,

2061 1187 2342 1258 μαρτυρία
2386 1189 2420 1259 ἡ
2461 1187 2735 1256 λέγουσα’
2793 1204 2814 1238 ι
2855 1177 2926 1240 Ὅ
2975 1185 3181 1257 ποιμὴν
3219 1187 3248 1239 ὁ
3291 1187 3494 1255 ἀγαθὸς
3540 1185 3640 1256 τὴν

358 1278 543 1348 ψυχὴν
570 1276 738 1331 αὐτοῦ
779 1277 994 1348 τίθησιν
1025 1277 1166 1350 ὑπὲρ
1203 1277 1314 1332 τῶν
1364 1276 1514 1332 ἰδίων
1563 1279 1876 1350 προϐάτων.
1919 1297 1942 1330 ο
1997 1277 2139 1331 Ἀλλ’
2181 1278 2373 1350 ὥσπερ
2407 1281 2472 1334 σὺ
2539 1277 2746 1350 ποιμὴν
2779 1277 3008 1347 ἀγαθὸς,
3049 1275 3225 1341 οῦτως
3264 1278 3472 1340 ἐκεῖνος
3518 1277 3642 1330 οὐδὲ

361 1372 440 1434 ὡς
477 1372 647 1436 κακὸς
689 1372 961 1442 μισθωτὸς
998 1373 1424 1444 κατηγορεῖσθαι
1462 1374 1645 1441 ἄξιος·
1682 1373 1742 1439 ὅς
1776 1373 1837 1427 οὐ
1869 1372 1959 1428 διὰ
1994 1373 2154 1428 τοῦτο
2173 1374 2544 1441 διαϐάλλεται,
2571 1375 2647 1440 ὡς
2676 1373 2747 1428 τά
2790 1373 2985 1428 ἑαυτοῦ
3012 1372 3331 1428 καταλιπὼν
3365 1371 3638 1445 πρόϐατα,

363 1465 479 1520 ἀλλ’
502 1468 585 1519 ὅτι
612 1466 820 1538 ηὑρέθη
849 1467 1014 1531 αὐτὸς
1038 1466 1457 1538 διασπαράττων
1489 1469 1648 1524 αὑτά.

437 1557 492 1610 2.
514 1557 857 1613 Adderemus
878 1559 1109 1628 aliquid,
1134 1559 1305 1628 frater
1325 1559 1672 1628 charissime,
1695 1559 1743 1616 si
1764 1575 1876 1615 non
1897 1567 1953 1614 te

365 1647 559 1703 eadem
581 1649 783 1703 sentire
806 1665 928 1718 quae
951 1649 1220 1706 sentimus
1247 1652 1430 1707 omnia
1450 1650 1787 1717 videremus,
1814 1661 1871 1708 et
1896 1654 1954 1707 in

366 1739 484 1810 ipsa
504 1740 808 1796 assertione
832 1740 955 1795 ﬁdei
983 1741 1327 1797 defensorem
1347 1743 1705 1799 fortissimum
1723 1745 1954 1815 probas-

366 1847 573 1887 semus.
614 1832 826 1903 lngesta
853 1849 984 1888 vero
1014 1834 1177 1888 nobis
1199 1843 1328 1889 sunt
1356 1845 1553 1890 cuncta
1576 1851 1676 1906 per
1701 1837 1957 1891 ordinem

365 1939 396 1977 a
429 1922 543 1976 ﬁlio
565 1932 756 1978 nostro
783 1923 1081 1978 Posidonio
1114 1923 1367 1987 diacono,
1389 1919 1732 1994 quacunque
1762 1925 1829 1980 de
1851 1926 1956 1982 hac

368 2029 429 2068 re
458 2022 550 2067 tua
572 2015 836 2068 sanctitas
857 2013 1098 2083 scripsit.
1128 2012 1332 2070 Omnes
1353 2015 1659 2070 tendiculas
1684 2015 1952 2086 praedica-

369 2103 534 2179 tionis
569 2103 780 2158 callida:
805 2103 1084 2168 detexisti,
1121 2112 1178 2158 et
1203 2103 1367 2158 ﬁdem
1401 2105 1602 2169 taliter,
1631 2121 1699 2159 ne
1733 2105 1958 2161 Christo

368 2195 481 2250 Deo
519 2205 712 2250 nostro
749 2195 1090 2250 credentium
1114 2209 1210 2252 cor
1235 2195 1290 2250 in
1316 2197 1546 2252 alteram
1570 2206 1780 2267 partem
1810 2200 1956 2254 trahi

365 2288 563 2352 valeat,
589 2287 983 2344 communiisti.
1013 2288 1242 2360 Magnus
1275 2287 1400 2344 ﬁdei
1422 2299 1624 2346 nostra:
1643 2290 1960 2361 triumphus

365 2389 473 2445 est,
520 2390 578 2435 et
628 2381 932 2436 asseruisse
971 2392 1158 2438 nostra
1192 2391 1306 2438 tam
1343 2383 1584 2449 fortiter,
1629 2393 1687 2439 et
1725 2385 1960 2440 adversa

365 2478 678 2525 sanctarum
719 2470 1134 2540 Seripturarum
1177 2472 1510 2530 testimoniis
1547 2477 1629 2530 sic
1666 2475 1956 2532 devicisse.

364 2561 508 2628 Quid
547 2571 670 2634 agat
687 2564 842 2634 jam?
867 2562 988 2631 Quo
1014 2579 1074 2619 se
1102 2564 1194 2620 ille
1225 2565 1602 2630 circumferat,
1624 2567 1720 2637 qui
1747 2576 1962 2623 amator

364 2656 552 2726 impia;
580 2656 863 2722 novitatis,
887 2657 1020 2712 dum
1050 2673 1151 2713 suo
1174 2658 1350 2714 voluit
1375 2659 1561 2730 potius
1590 2661 1810 2730 ingenio
1839 2677 1962 2717 ser-

365 2747 485 2802 vire
523 2763 689 2818 quam
728 2748 971 2812 Christo,
1013 2748 1120 2804 sibi
1165 2748 1437 2804 creditam
1482 2750 1701 2820 plebem
1746 2767 1962 2807 veneno

366 2840 546 2894 voluit
581 2855 694 2896 sua;
734 2839 1144 2910 praedicationis
1191 2839 1458 2906 inﬁcere;
1500 2856 1627 2898 cum
1669 2850 1726 2898 et
1773 2843 1956 2916 legere

367 2932 625 2988 debuerit
649 2942 710 2987 et
737 2940 948 2998 tenere,
972 2948 1169 3003 pravas
1196 2933 1554 3004 questiones,
1600 2944 1658 2990 et
1690 2950 1815 3004 qua:
1843 2950 1957 2991 non

2122 1552 2454 1625 Προσθεῖναι
2483 1551 2540 1606 δέ
2566 1569 2689 1606 τινα
2723 1551 2816 1605 καὶ
2841 1551 3003 1622 ἡμεῖς
3029 1549 3353 1621 ἐμέλλομεν,
3390 1550 3640 1620 ἀγαπητὲ

2051 1648 2270 1718 ἀδελφέ,
2302 1648 2352 1700 ei
2376 1645 2454 1716 μὴ
2481 1644 2748 1716 ἑωρῶμέν
2775 1662 2836 1698 σε
2858 1644 2929 1698 τὰ
2958 1643 3096 1698 αὐτὰ
3117 1643 3420 1714 φρονοῦντα
3439 1643 3638 1705 πάντα,

2052 1740 2202 1811 άπερ
2232 1737 2562 1807 φρονοῦμεν,
2601 1736 2697 1788 καὶ
2725 1737 2783 1789 έν
2813 1737 2879 1807 τῇ
2935 1734 3228 1805 βεϐαιώσει
3260 1737 3358 1806 τῆς
3407 1735 3650 1797 πίστεως.

2055 1828 2455 1900 ὲδοκιμάζομέν
2487 1844 2545 1880 σε
2573 1826 2789 1880 ἔκδικον
2818 1827 3194 1898 ἰσχυρότατον.
3247 1826 3512 1897 Ἀπεδόθη
3533 1827 3643 1895 γὰρ

2057 1925 2190 1993 ἡμῖν
2223 1922 2403 1974 πάντα
2430 1919 2572 1973 κατὰ
2597 1919 2751 1983 τάξιν
2787 1920 2875 1974 διὰ
2906 1919 2998 1972 τοῦ
3030 1919 3148 1973 υῖοῦ
3182 1919 3340 1990 ἡμῶν
3373 1918 3641 1972 Ποσειδω-

2055 2013 2172 2064 νίου
2197 2010 2291 2064 τοῦ
2324 2009 2600 2073 διακόνου,
2629 2011 2730 2062 ὅσα
2759 2009 2890 2081 περὶ
2911 2009 3101 2063 τούτου
3138 2008 3233 2062 τοῦ
3263 2009 3588 2079 πράγματος
3610 2008 3650 2078 ή-

2060 2105 2127 2176 σὴ
2161 2103 2388 2172 ἁγιότης
2417 2102 2764 2171 γεγράφηκε.
2801 2101 2988 2154 Πάντα
3027 2101 3096 2155 τὰ
3124 2100 3317 2154 δίκτυα
3340 2100 3440 2170 τῆς
3467 2099 3647 2162 δειλίας

2059 2195 2428 2267 προαομιλίας
2455 2193 2805 2264 έγύμνωσας,
2843 2194 2939 2246 καὶ
2984 2191 3130 2246 οΰτω
3162 2193 3262 2262 τὴν
3293 2192 3477 2244 πίστιν
3503 2190 3648 2261 ὠχύ-

2065 2307 2269 2361 ρωσας,
2291 2288 2368 2351 ὡς
2397 2287 2474 2358 μὴ
2499 2285 2760 2340 δύνασθαι
2792 2285 2892 2357 τὴν
2921 2285 3152 2356 καρδίαν
3182 2284 3292 2338 τῶν
3323 2283 3400 2354 τῷ
3429 2282 3656 2354 Χριστῷ

2061 2382 2144 2454 τῷ
2171 2381 2292 2452 Θεῷ
2340 2378 2498 2452 ἡμῶν
2549 2378 2921 2432 πιστευόντων
2967 2379 3049 2441 είς
3081 2375 3269 2448 ἕτερον
3318 2376 3648 2447 ἑλκυσθῆναι

2063 2476 2251 2547 μέρος.
2292 2474 2488 2542 Μέγας
2521 2466 2677 2535 οὗτος
2723 2471 2843 2524 ἐστι
2873 2471 2974 2541 τῆς
3014 2469 3293 2540 ἡμετέρας
3348 2468 3584 2531 πίστεως
3620 2471 3653 2523 ό

2060 2564 2354 2637 θρίαμϐος,
2389 2564 2452 2618 τδ
2481 2562 2766 2628 ἀποδεῖξαι
2802 2561 2872 2616 τὰ
2907 2561 3158 2632 ἡμέτερα
3189 2560 3362 2624 οὕτως
3391 2561 3649 2632 ἰσχυρῶς,

2061 2658 2157 2714 καὶ
2179 2657 2324 2713 οὓτω
2351 2656 2702 2728 νενικηκέναι
2731 2654 2800 2708 τὰ
2835 2653 3056 2708 ἐναντία
3085 2653 3174 2707 διὰ
3209 2653 3311 2722 τῆς
3349 2652 3460 2705 τῶν
3486 2652 3650 2704 θείων

2060 2749 2298 2823 Γραφῶν
2336 2747 2664 2820 μαρτυρίας.
2701 2745 2768 2799 Τί
2794 2744 2982 2799 λοιπὸν
3011 2743 3405 2814 διαπράξεταις
3443 2743 3514 2796 Ἢ
3545 2741 3652 2796 ποῦ

2062 2841 2258 2896 ἑαυτὸν
2295 2842 2506 2904 ἐκεῖνος
2541 2837 2934 2910 περιστρέψας
2974 2837 3036 2901 ὃς
3086 2838 3382 2906 γενόμενος
3413 2833 3652 2905 ἐραστὴς

2065 2931 2300 2995 ἀσεϐοῦς
2327 2931 2406 3003 (5)
2453 2929 2848 3003 νεωτερισμοῦ,
2897 2930 2975 2992 ὡς
3008 2929 3260 2984 ἐϐούλετο
3293 2928 3498 2999 μᾶλλον
3533 2929 3663 2991 ταῖς

368 3024 664 3096 proﬁciant
698 3024 774 3080 ad
806 3025 1070 3090 salutem,
1110 3025 1209 3081 sed
1239 3024 1309 3080 ad
1347 3025 1716 3094 perditionem
1750 3026 1959 3082 anima—

2067 3023 2266 3080 ἑαυτοῦ
2320 3024 2554 3088 ἐννοίαις
2600 3024 2876 3078 δουλεύειν
2927 3021 3132 3094 ἑαυτῷ,
3192 3023 3225 3094 ἢ
3277 3021 3356 3093 τῷ
3405 3018 3652 3092 Χριστῷ.

371 3131 496 3172 rum
551 3116 820 3181 nitantur,
850 3115 1103 3171 vitandas
1125 3115 1314 3185 potius
1348 3130 1514 3185 quam
1539 3115 1848 3185 sequendas
1867 3116 1958 3170 "‘2

2065 3117 2159 3172 τὸν
2193 3117 2268 3185 (4)
2299 3115 2739 3189 ὲμπιστευθέντα
2767 3114 2947 3186 ἑαυτῷ
2981 3115 3152 3187 δῆμον
3181 3114 3382 3186 βλάψαι
3417 3112 3656 3183 ἠθέλησε

368 3211 448 3282 τῷ
476 3210 588 3282 τῆς,
610 3211 749 3274 ἰδίας
787 3210 1150 3282 προσομιλίας
1178 3209 1525 3282 δηλητηρίῳ,
1551 3210 1670 3265 δέον
1711 3211 1808 3266 καὶ
1843 3212 2156 3281 ἀναγνῶναι
2196 3214 2359 3267 τοῦτο
2404 3213 2500 3266 καὶ
2543 3213 2816 3282 κατέχειν,
2863 3213 2946 3265 ὅτι
2984 3211 3056 3265 τὰ
3097 3211 3302 3283 μάταια
3339 3211 3658 3281 ζητήματα,

371 3309 465 3362 καὶ
492 3307 567 3378 μὴ
602 3306 986 3377 προκόπτοντα
1017 3307 1098 3370 είς
1130 3305 1366 3375 ὑγίειαν,
1394 3306 1532 3361 ἀλλὰ
1556 3307 1840 3379 χωροῦντα
1872 3310 1954 3373 είς
1991 3309 2181 3380 ψυχῶν
2231 3309 2533 3375 ἀπώλειαν,
2568 3310 2796 3378 φεύγειν
2837 3309 3059 3380 μᾶλλον,
3092 3309 3126 3380 ἢ
3155 3308 3436 3378 ἐπιζητεῖν
3463 3306 3565 3361 δεῖ.

437 3399 542 3472 51-
583 3399 637 3453 5.
669 3397 779 3454 Sed
817 3397 885 3455 ad
912 3398 1213 3469 praecipitia
1238 3398 1614 3466 festinantem,
1645 3400 1758 3456 imo
1772 3401 1885 3470 jam
1907 3401 1960 3456 in

2154 3401 2292 3454 Ἀλλ’
2342 3403 2493 3467 ὅμως
2547 3403 2631 3464 εἰς
2688 3401 2972 3473 κρημνοὺς
3017 3400 3218 3463 αὐτοὺς
3275 3399 3663 3468 ἐπειγόμενον,

372 3489 662 3562 principia,
699 3490 848 3546 unde
882 3498 1128 3556 corruat,
1164 3489 1619 3555 constitutum,si
1663 3492 1960 3561 possimus,

2071 3493 2274 3563 μᾶλλον
2310 3493 2366 3546 δὲ
2406 3491 2509 3562 ἤδη
2536 3493 2596 3544 ὲν
2631 3491 2783 3562 αὐτῷ
2810 3491 2890 3562 τῷ
2931 3491 3188 3562 κρημνῷ,
3230 3489 3353 3543 ὅθεν
3379 3491 3660 3551 πεσεῖται,

375 3597 638 3639 revocare
657 3582 945 3647 debemus,
973 3596 1045 3638 ne
1069 3583 1286 3638 ruinam
1315 3584 1455 3654 ejus,
1481 3583 1526 3639 si
1556 3599 1667 3639 non
1691 3585 1964 3641 succurri-

376 3691 521 3740 mus,
545 3689 858 3746 urgeamus.
877 3673 1132 3731 Christus
1154 3675 1301 3730 Deus
1318 3683 1529 3740 noster,
1557 3675 1646 3730 cui
1674 3690 1787 3732 suae
1810 3692 1964 3747 quae-

377 3767 484 3824 stio
521 3766 828 3824 nativitatis
867 3765 1123 3831 infertur,
1162 3781 1262 3837 pro
1293 3781 1404 3823 una
1443 3781 1545 3822 ove
1583 3767 1835 3824 laborare
1864 3784 1967 3825 nos

377 3857 636 3924 docuit”,
664 3857 856 3912 volens
879 3871 1002 3912 eam
1026 3855 1144 3911 suis
1165 3870 1388 3926 quoque
1412 3855 1662 3913 humeris
1687 3858 1960 3926 revocari,

378 3967 450 4006 ne
472 3951 656 4020 rapaci
679 3949 809 4020 lupo
846 3957 1064 4019 pateret
1091 3947 1434 4017 inprzedam.
1461 3948 1642 4019 thui
1669 3963 1772 4020 pro
1800 3948 1970 4005 unius

377 4042 499 4097 ovis
529 4055 754 4096 currere
796 4039 976 4095 salute
1019 4052 1124 4094 nos
1161 4037 1383 4104 docuit,
1433 4039 1672 4110 qualiter
1704 4054 1808 4096 nos
1848 4039 1970 4095 vult

379 4149 480 4204 pro
519 4133 767 4203 ipsarum
809 4130 998 4186 ovium
1039 4129 1291 4185 laborare
1317 4137 1556 4200 pastore,
1596 4131 1691 4201 qui
1717 4129 1879 4187 ofﬁcii
1912 4137 1971 4186 et

378 4223 619 4280 neminis
665 4222 786 4294 ejus
832 4219 1044 4276 oblitus
1081 4219 1140 4274 in
1185 4221 1544 4290 rapacitatem
1587 4220 1704 4291 lupi
1753 4235 1812 4276 se
1851 4220 1969 4290 ipse

376 4314 672 4379 convertit,
712 4327 932 4384 gregem
967 4311 1200 4378 cupiens
1233 4311 1465 4382 perdere
1499 4311 1614 4384 ω
1651 4325 1814 4381 quem
1866 4312 1966 4367 de-

379 4405 575 4461 buerat
614 4403 896 4460 custodire
928 4402 952 4456 ?
988 4401 1164 4469 Quem
1199 4417 1302 4459 nos
1329 4419 1360 4458 a
1387 4403 1558 4473 septis
1587 4419 1851 4472 agnorum
1875 4419 1966 4460 re-

378 4510 600 4550 movere
622 4494 912 4559 debemus,
935 4492 983 4548 si
1011 4508 1120 4549 non
1140 4494 1217 4548 ita
1240 4501 1301 4548 ut
1327 4494 1588 4548 volumus
1604 4494 1962 4566 corrigamus.

378 4586 462 4641 Sit
499 4600 632 4655 spes
661 4583 840 4639 venite
880 4584 1183 4656 eorrigenti
1213 4602 1229 4651 ;
1267 4585 1546 4642 malumus
1583 4585 1734 4640 enim
1775 4595 1836 4641 ut
1874 4603 1964 4642 re-

378 4684 626 4732 vertatur
656 4683 714 4730 et
744 4675 910 4738 vivat,
950 4677 996 4732 si
1035 4677 1204 4733 vitam
1243 4676 1351 4732 sibi
1389 4676 1813 4732 commissorum
1849 4679 1966 4748 ipse

2065 3585 2346 3652 διάγοντα,
2375 3583 2525 3652 εἴγε
2569 3583 2870 3654 δυνάμεθα,
2915 3582 3305 3637 ἀνακαλεῖσθαι
3342 3581 3656 3649 ὀφείλομεν,

2069 3677 2146 3748 μὴ
2173 3675 2272 3747 τὴν
2295 3675 2503 3729 πτῶσιν
2524 3676 2690 3730 αὐτοῦ
2714 3674 2794 3746 τῷ
2819 3675 3034 3747 βοηθεῖν
3067 3675 3142 3746 (5)
3181 3671 3658 3744 προσωθήσωμεν.

2077 3769 2140 3824 ’0
2171 3769 2408 3840 Χριστὸς
2442 3770 2472 3822 6
2493 3769 2626 3834 Θεὸς
2651 3769 2830 3840 ἡμῶν,
2873 3763 2918 3837 ᾧ
2946 3768 3213 3837 ἐπάγεται
3256 3765 3486 3835 ζήτησις
3527 3763 3660 3833 περὶ

2067 3863 2169 3934 τῆς
2209 3861 2348 3926 ιδίας
2395 3863 2728 3934 γεννήσεως,
2764 3861 3005 3928 ἐδίδαξεν
3053 3861 3202 3931 ἡμᾶς
3239 3857 3472 3927 κάμνειν
3515 3853 3660 3922 ὑπὲρ

2071 3953 2352 4026 προϐάτου
2379 3953 2520 4019 ἐνὸς,
2554 3955 2726 4008 θέλων
2753 3953 2847 4008 καὶ
2881 3952 2968 4006 διὰ
2999 3953 3108 4006 τῶν
3149 3950 3294 4004 ίδίων
3323 3947 3488 4019 ὥμων
3527 3946 3662 3999 ἀνα-

2069 4042 2378 4108 καλεῖσθαι,
2411 4043 2489 4108 ὡς
2519 4044 2595 4115 μὴ
2634 4044 2903 4114 ὲκκέηται
2943 4041 3024 4112 τῷ
3066 4040 3217 4110 λύκῳ
3246 4043 3326 4103 είς
3372 4036 3658 4109 ἁρπαγήν.

2069 4129 2206 4188 Εἶτα
2235 4135 2265 4188 ὁ
2292 4133 2701 4206 διδάξας.ἡμᾶς
2740 4133 2886 4188 οὕτω
2925 4133 3159 4206 δραμεῖν
3201 4131 3344 4202 ὑπὲρ
3385 4127 3662 4197 σωτηρίας

2069 4224 2346 4295 προϐάτου
2362 4225 2503 4290 ένὺς,
2531 4205 2651 4289 πῶς
2676 4227 2785 4298 ἄρα
2814 4227 2964 4296 ἡμᾶς
2986 4205 3214 4296 κάμνειν
3236 4222 3487 4294 βούλεται
3516 4221 3670 4292 ὑπὲρ

2067 4315 2239 4371 αὐτοῦ
2269 4317 2367 4371 τοῦ
2391 4316 2503 4371 τῶν
2525 4316 2818 4388 προϐάτων
2843 4315 3102 4385 ποιμένος
3123 4331 3139 4380 ;
3166 4314 3225 4377 ὃς
3250 4312 3351 4381 τῆς
3384 4325 3662 4382 προσηγο-

2070 4411 2194 4481 ρίας
2223 4409 2431 4482 ταύτης
2463 4409 2558 4464 καὶ
2593 4408 2689 4463 τοῦ
2739 4407 3161 4478 ἐπαγγέλματος
3207 4401 3657 4472 ἐπιλελησμένος,

2066 4503 2229 4565 αὐτὸς
2256 4503 2448 4558 ἑαυτὸν
2473 4503 2554 4566 είς
2579 4503 2838 4575 ἁρπαγὴν
2862 4500 3030 4555 λύκου
3053 4498 3130 4570 (6)
3157 4487 3510 4568 μετήλλαξεν,
3537 4494 3661 4546 επι-

2067 4593 2259 4662 θυμῶν
2289 4595 2554 4648 ἀπολέσαι
2582 4594 2680 4664 τὴν
2707 4593 2932 4664 ἀγέλην,
2954 4591 3022 4662 ἦν
3047 4589 3211 4653 αὐτὸς
3236 4587 3434 4658 ὤφειλε
3459 4601 3660 4654 συντηο

2069 4685 2256 4755 ρῆσαι.
2294 4667 2499 4740 Τοῦτον
2523 4681 2617 4738 οὖν
2647 4686 2809 4754 ἡμεῖς
2847 4682 2956 4736 άπὸ
2988 4682 3088 4752 τῆς
3129 4677 3520 4752 περικλείσεως
3546 4675 3661 4755 τῶν

376 4785 488 4826 non
511 4768 722 4840 perdat.
752 4767 835 4825 Sit
856 4779 1045 4840 aperta
1067 4769 1344 4827 sententia
1371 4767 1447 4843 (2)
1480 4768 1804 4840 perduranti
1827 4787 1842 4837 ;
1866 4771 1960 4827 ab-

2073 4753 2268 4847 άμνῶν
2294 4775 2630 4846 ἀποκινῆσαι
2663 4753 2972 4846 ὀφείλομεν,
3009 4773 3108 4827 ὲ-ὰν
3147 4772 3226 4844 μὴ
3254 4771 3440 4837 αὑτὸν,
3471 4768 3546 4832 ὡς
3571 4753 3666 4821 θέὲ-

445 4886 492 4919 ⁸⁸
514 4885 672 4942 Joan.
704 4901 758 4949 κ,
785 4886 871 4941 Η.
952 4889 997 4921 ’⁸
1021 4889 1127 4944 'l‘it.
1169 4888 1318 4954 nr,9.
1389 4887 1437 4921 ³ο
1468 4888 1602 4945 Luc.
1634 4906 1725 4954 xv,
1762 4889 1816 4945 5.

447 4976 767 5051 (l)_Ba_l_uz.,
799 4978 984 5041 laniet,
1008 4981 1297 5034 invenitur.
1321 4977 1547 5036 Grascus
1567 4989 1748 5051 textus
1771 4981 1962 5051 exigit:

376 5045 466 5104 Itd
484 5045 576 5120 ille
603 5047 791 5119 dignus
810 5057 884 5104 est
907 5052 996 5120 qui
1019 5059 1318 5113 accusetur,
1351 5065 1454 5103 non
1475 5060 1534 5104 ut
1563 5050 1740 5106 malus
1765 5045 1964 5105 mer'ce-

377 5119 584 5204 narius,
622 5121 812 5204 quippe
849 5119 939 5204 qui
976 5137 1079 5202 non
1113 5120 1397 5204 ideoquod
1421 5121 1853 5204 oves_reiiquerit,
1875 5137 1967 5175 ar-

375 5198 593 5261 guatur,
616 5189 707 5242 sed
735 5189 873 5261 quod
895 5207 984 5244 eas
1010 5190 1121 5260 ipse
1140 5189 1348 5244 laniare
1376 5191 1614 5245 inventus
1635 5189 1724 5246 sit.

449 5259 618 5332 (‘2)_ln
655 5259 912 5332 vulgatis,
947 5261 1016 5314 sit
1034 5259 1186 5315 certa
1219 5262 1499 5332 sententia.
1529 5261 1754 5332 Gnaeus
1782 5269 1966 5318 textus

375 5330 618 5402 postulat
635 5331 704 5384 sit
722 5330 912 5402 aperta
935 5332 1226 5402 sententia,
1254 5330 1359 5402 boc
1379 5331 1671 5401 est,palam
1697 5340 1754 5386 et
1771 5341 1965 5402 aperte

376 5399 521 5455 dicta
546 5398 819 5455 sententia
849 5400 1160 5466 damnetur,
1185 5401 1231 5454 si
1260 5398 1316 5453 in
1339 5398 1533 5456 errore
1555 5398 1832 5470 persistaf.
1862 5401 1964 5458 Hic

378 5471 674 5544 respondet
702 5470 1038 5544 Gmlestinus
1072 5485 1136 5544 ac
1177 5470 1339 5541 plane
1357 5471 1966 5544 satisfaciticyrilliipe-

378 5538 581 5611 titioni.
621 5541 675 5595 ls
718 5542 880 5611 enim,
909 5541 1142 5611 epistola
1178 5538 1480 5610 superiori,
1527 5558 1584 5597 n.
1617 5543 1670 5608 7,
1693 5538 1962 5599 'nondum

361 5610 603 5682 quidem
649 5625 733 5682 se
757 5625 788 5665 a
836 5610 1073 5682 Nestorii
1113 5611 1500 5682 communione
1533 5621 1721 5682 aperte
1751 5613 1963 5670 disces-

381 5681 516 5756 sisse
561 5680 917 5756 signiﬁcant,
957 5680 1055 5736 sed
1092 5680 1232 5756 quid
1269 5679 1530 5756 deinceps
1556 5679 1661 5738 sibi
1688 5684 1960 5756 agendum

381 5750 544 5872 feriet;
581 5750 939 5807 caelestinum
980 5760 1042 5806 ut
1074 5750 1273 5809 docere
1315 5750 1638 5828 dignaretur
1673 5750 1834 5813 enixe
1873 5771 1964 5812 ro-

383 5835 444 5872 ιω
471 5836 516 5872 κι
553 5862 563 5872 .

383 5828 563 5891 gabat.

457 5891 532 5959 (3)
557 5889 615 5944 [ιι
638 5907 767 5947 mss.
805 5892 956 5950 deest
983 5893 1228 5958 ἀσεϐοῦς.

2148 4981 2224 5055 (4)
2255 4983 2402 5055 Edit.
2433 4979 2882 5055 δουλεύων
2915 4977 3094 5048 ἐαυτῷ
3119 4978 3151 5049 ἢ
3183 4977 3261 5048 τῷ
3286 4977 3508 5051 Χριστῷ
3562 4978 3658 5047 ἐξ..

2075 5050 2411 5117 ακολουθῶν,
2444 5053 2538 5106 καὶ
2560 5052 2672 5107 τόν.
2705 5050 3055 5120 Castigantur
3083 5065 3151 5104 ex
3175 5065 3308 5104 mss.

2145 5123 2222 5196 (5)
2274 5123 2334 5178 In
2364 5122 2548 5196 regiis
2585 5119 3002 5196 exemplaribus
3037 5120 3241 5196 Graecis
3275 5128 3398 5190 post
3420 5119 3656 5196 verbum

2073 5191 2289 5265 βοηθεῖν
2314 5191 2538 5265 additur
2592 5191 2764 5265 iiut),
2786 5191 2931 5265 baud
2971 5191 3145 5265 dubie
3175 5206 3244 5246 ex
3277 5199 3407 5265 nota
3447 5191 3655 5262 margi-

2071 5262 2204 5336 nali,
2237 5280 2346 5336 qua
2378 5264 2504 5335 quis
2537 5262 2893 5336 antiquarius
2912 5262 3240 5332 particulam
3259 5264 3348 5336 gf;
3370 5270 3500 5336 ante
3525 5277 3655 5336 ver-

2069 5334 2205 5406 bum
2239 5331 2562 5406 praedictum
2592 5331 2896 5406 desiderari
2915 5331 3226 5406 mon-uerat.
3259 5331 3396 5387 Nam
3426 5331 3572 5406 istud
3593 5331 3653 5406 ᾖ.

2071 5405 2177 5461 hoc
2216 5401 2303 5461 e'st
2333 5406 2438 5472 vel,
2475 5403 2775 5476 respondet
2794 5412 2982 5476 nostro
3005 5404 3160 5472 forte,
3182 5418 3356 5476 eaque
3385 5401 3656 5476 particula

2066 5486 2262 5551 notare
2299 5479 2478 5532 solent
2515 5473 2730 5545 antiqui
2765 5473 3239 5551 lectionequuas
3258 5473 3493 5551 vulgatis
3518 5486 3656 5551 pra;-

2067 5547 2321 5602 ferendas
2365 5555 2594 5602 censent
2625 5543 2694 5599 a‘e
2725 5544 3002 5599 meliores.
3039 5543 3271 5614 Censuit,
3303 5543 3469 5614 igitur
3507 5543 3653 5614 anti-

2065 5618 2298 5687 quarius
2316 5616 2719 5697 noster_Gra;ce
2734 5614 3028 5697 legendum
3052 5614 3130 5683 τῷ
3156 5615 3229 5685 μὴ
3255 5611 3488 5697 βοηθεῖν,
3509 5611 3651 5697 ejus-

2107 5704 2174 5743 ue
2202 5703 2492 5744 censuram
2512 5687 2674 5742 lectio
2697 5685 2911 5751 Latina,
2939 5686 2985 5740 si
3005 5701 3106 5740 non
3118 5685 3498 5751 succurrimus,
3515 5695 3651 5738 eon-

2083 5767 2267 5813 irmat.

2138 5827 2214 5900 (6)
2249 5830 2326 5885 lta
2347 5844 2478 5886 mss.
2498 5828 2566 5884 At
2597 5829 2756 5896 cdit.,
2787 5829 2866 5894 εἰς
2893 5826 3118 5900 ἅρπαγα
3137 5822 3318 5883 λύκον.
