4058 6484
327 434 404 490 95
1331 431 1388 487 S.
1428 429 1710 488 CYRILLI
1744 428 2216 487 ALEXANDRINI
2257 431 2576 490 ARCHIE‘P.
3541 426 3621 482 9”

330 549 535 617 alioqui
587 548 872 602 honestate
924 555 979 600 et
1032 546 1305 617 probitate
1349 546 1655 618 conspicui,
1696 553 1916 617 gravem

2031 548 2117 603 νῦν
2163 542 2331 603 οὖσαν
2388 546 2746 614 κατάστασιν,
2783 545 2866 600 ὅτι
2916 541 3277 615 τεθορύϐηται
3331 540 3475 607 λίαν,
3519 545 3613 597 καὶ

329 638 646 701 admodum,
674 645 900 707 propter
943 638 1208 693 nonnulla
1248 652 1371 709 qua:
1415 636 1914 693 reverendissimus

325 731 617 799 episcopus
637 727 924 785 Nestorius
946 730 1166 800 publice
1190 744 1289 800 pro
1310 728 1578 785 concione
1601 729 1910 799 proposuit,

330 821 383 873 in
442 818 559 889 ipsa
617 818 724 874 ﬁde
778 820 1255 890 perturbationem
1299 820 1545 891 perpessi
1588 820 1719 885 sint,
1748 827 1914 889 atque

328 911 467 965 adeo
488 926 518 965 a
546 911 827 966 consuetis
858 912 1224 967 conventibus
1245 926 1473 983 prorsus
1496 927 1554 968 se
1578 912 1911 976 abstineant,

328 1016 396 1056 ex
420 1001 611 1057 multis
636 1000 782 1057 haud
808 1001 975 1057 dubie
998 1003 1174 1072 pietas
1197 1010 1288 1057 tua
1311 1002 1584 1073 cognovit.
1610 1001 1915 1058 Consuluc~

330 1108 448 1148 ram
474 1092 580 1165 43
606 1094 683 1148 illi
711 1108 811 1164 per
830 1095 1065 1159 litteras,
1090 1102 1172 1160 ut,
1195 1095 1380 1164 pravis
1403 1093 1511 1150 illis
1530 1095 1915 1165 perversisque

330 1184 728 1252 quaestionibus
777 1184 1054 1250 dimissis,
1104 1192 1420 1241 sanctorum
1472 1184 1699 1239 Patrum
1749 1184 1914 1239 fidem

331 1283 654 1331 sectaretur.
678 1277 881 1333 Verum
911 1286 1064 1331 ratus
1088 1275 1203 1332 haec
1229 1292 1316 1331 me
1345 1292 1414 1330 ex
1447 1275 1576 1332 odio
1604 1276 1912 1351 scripsisse,

332 1377 544 1423 tantum
576 1367 752 1423 abfuit
788 1379 849 1424 ut
881 1370 1044 1424 ullam
1073 1370 1300 1425 omnino
1338 1370 1486 1425 illius
1518 1370 1787 1425 rationem
1816 1371 1915 1425 ha-

333 1460 515 1513 buerit
541 1460 634 1529 qui
672 1460 786 1515 haec
819 1476 885 1514 ex
922 1460 1192 1516 ebaritate
1233 1461 1300 1517 ad
1339 1463 1459 1533 ejus
1491 1462 1750 1533 pietatem
1789 1479 1916 1534 per-

333 1550 648 1619 scripserat,
679 1560 740 1603 ut
765 1550 837 1604 ita
866 1552 1112 1607 sentiens
1136 1561 1192 1607 ct
1217 1553 1291 1609 ita
1315 1553 1531 1619 dicens,
1559 1554 1613 1608 in
1640 1554 1917 1614 Romano-

338 1656 462 1694 rum
498 1656 718 1710 quoque
761 1658 923 1699 aures
966 1644 1248 1700 insinuare
1285 1661 1343 1700 se
1371 1661 1552 1716 posse,
1587 1647 1918 1717 easdemque

334 1744 718 1800 praeoccupare
779 1734 1034 1803 sperarit.
1098 1736 1315 1791 Etenim
1381 1737 1593 1811 prolixa
1651 1739 1918 1811 epistola,

333 1821 569 1875 absurda
622 1823 872 1891 quaedam
919 1825 1173 1896 dogmata
1228 1829 1581 1898 complexus,
1626 1844 1801 1899 eaque
1851 1829 1919 1885 ad

2016 640 2383 695 άποσύνακτοι
2410 639 2755 710 μεμενήκασι
2778 637 2987 704 πολλοὶ,
3019 637 3113 691 καί
3143 636 3251 690 τῶν
3278 634 3417 703 ἄγαν
3448 652 3614 688 σπου-

2016 731 2183 786 δαίων
2224 730 2318 785 κα¹ι
2356 729 2637 795 ἐπιεικῶν,
2668 729 2731 782 οὐ
2766 729 2856 784 τὸν
2876 727 3109 798 τυχόντα
3146 726 3374 797 θόρυϐον
3402 727 3482 789 εἰς
3512 724 3612 778 αὑ-

2015 824 2115 894 τὴν
2145 823 2511 893 ὑπομένοντες
2552 821 2651 893 τὴν
2695 819 2897 886 πίστιν,
2928 819 2993 872 ἐκ
3031 818 3142 872 τῶν
3186 817 3498 888 λεγομένων
3529 816 3616 868 ἐπ’

2014 912 2313 983 ἐκκλησίας
2354 911 2525 982 αὐτῆς
2552 909 2705 982 παρὰ
2734 907 2831 963 τοῦ
2873 906 3273 961 εὐσεϐεστάτου
3307 905 3612 959 ἐπισκόπου

2015 1000 2340 1073 Νεστορίου,
2397 995 2441 1069 ᾧ
2496 1000 2590 1057 καὶ
2645 997 3050 1059 συνεϐούλευσα
3105 996 3195 1051 διὰ
3267 995 3617 1068 γραμμάτων

2017 1093 2358 1165 ἀποσχέσθαι
2411 1092 2521 1147 τῶν
2570 1091 2727 1146 οὓτω.
2764 1090 2973 1145 σκαιῶν
3007 1089 3103 1144 καὶ
3153 1087 3620 1159 ἐξεστραμμένων

2018 1184 2373 1256 ζητημάτων,
2396 1185 2490 1241 καί
2512 1187 2577 1256 τῇ
2607 1184 2719 1237 τῶν
2741 1182 3004 1255 Πατέρων
3017 1180 3388 1250 ἀκολουθῆσαι
3413 1178 3615 1232 πίστει.

2031 1276 2171 1329 Ἀλλ’
2216 1276 2314 1346 ἐμὲ
2351 1276 2450 1347 μὲν
2482 1276 2640 1347 ᾠήθη
2675 1275 2850 1331 ταῦτα
2889 1273 3177 1346 γράφοντα
3234 1270 3497 1341 δυσμενῆ,
3524 1257 3621 1321 καὶ

2021 1369 2281 1422 τοσοῦτον
2303 1367 2511 1440 ἀπέσχε
2540 1366 2636 1421 τοῦ
2675 1366 2968 1439 προσέχειν
3005 1364 3084 1436 τῷ
3103 1363 3162 1429 ἐξ
3187 1364 3409 1432 ἀγάπης
3438 1361 3622 1413 ἐκεῖνα

2021 1460 2321 1530 γεγραφότι
2352 1458 2490 1531 πρὸς
2522 1457 2621 1529 τὴν
2656 1455 2823 1512 αὐτοῦ
2851 1454 3159 1518 εὐλάϐειαν,
3185 1454 3327 1507 ὥστε
3358 1451 3513 1522 ᾠήθη
3552 1448 3620 1502 τὰ

2020 1550 2247 1609 τοιαῦτα
2278 1550 2494 1622 φρονῶν
2525 1549 2619 1604 καὶ
2643 1548 2841 1618 λέγων,
2863 1548 2956 1602 καί
2987 1548 3086 1610 τὰς
3125 1545 3411 1615 Ῥωμαίων
3449 1543 3617 1609 ἀκοάς

2024 1644 2371 1714 συναρπάσαι
2417 1641 2699 1695 δύνασθαι.
2743 1642 2999 1712 Γέγραφε
3059 1638 3170 1711 γάρ
3214 1636 3425 1692 ἔκτοπά
3474 1653 3616 1701 τινα,

2027 1735 2241 1799 συνθεὶς
2265 1736 2323 1787 ἐν
2355 1734 2627 1807 ἐπιστολῇ
2657 1736 2848 1805 μακρᾷ
2868 1733 2948 1805 τῷ
2976 1732 3151 1804 κυρίῳ
3193 1748 3295 1802 μου
3314 1730 3409 1783 καὶ
3434 1729 3621 1783 θεοσε-

2024 1830 2273 1900 ϐεστάτῳ
2313 1829 2599 1899 ἐπισκόπῳ
2653 1828 2755 1898 τῆς
2791 1826 3080 1897 Ῥωμαίων
3128 1824 3461 1893 Ἐκκλησίας
3513 1824 3618 1874 Κε-

332 1911 617 1965 dominum
668 1927 850 1968 meum
889 1913 1279 1979 leestinum,
1319 1917 1627 1987 piissimum
1667 1919 1924 1974 Ecclesiae

2031 1918 2276 1989 λεστίνῳ,
2312 1918 2407 1971 καὶ
2445 1918 2510 1989 δὴ
2554 1918 2648 1972 καὶ
2703 1918 2818 1980 τοῖς
2870 1915 3024 1979 ἰδίοις
3058 1913 3287 1982 ἐνέθηκε
3327 1913 3622 1983 γράμμασι

332 2004 594 2059 Romana:
628 2005 971 2077 episcopum,
1001 2007 1190 2073 missa,
1232 2008 1379 2063 inter
1420 2018 1617 2067 caetera
1661 2010 1925 2069 adversus

332 2095 456 2151 illos
485 2098 580 2166 qui
623 2098 692 2151 ab
736 2098 853 2169 ipso
887 2098 1245 2165 dissentiunt,
1276 2101 1393 2156 haec
1425 2117 1645 2175 quoque
1677 2102 1876 2173 adjecit
1908 2120 1920 2157 :

330 2184 481 2241 Citra
524 2187 815 2242 horrorem
861 2203 1073 2245 sacram
1114 2190 1394 2262 Virginem
1441 2193 1537 2246 Dei
1586 2192 1925 2249 Genitrieem

333 2276 633 2345 appellant.
682 2277 828 2332 Misit
874 2287 1077 2349 praeter
1124 2280 1242 2335 haec
1286 2292 1342 2336 et
1390 2280 1654 2351 quosdam
1704 2298 1925 2355 quoque

333 2381 561 2421 suarum
587 2382 895 2439 exegeseon
917 2372 1311 2440 quaterniones
1338 2390 1351 2426 :
1377 2388 1519 2443 quos
1538 2389 1662 2428 cum
1691 2374 1925 2444 piissimi

331 2457 598 2529 episcopi,
632 2459 728 2530 qui
761 2460 818 2514 in
855 2475 1050 2531 magna
1084 2461 1460 2517 Romanorum
1491 2463 1634 2519 urbe
1657 2465 1926 2535 comperti

330 2556 480 2616 sunt,
513 2550 796 2622 legissent,
829 2552 1131 2622 multisque
1174 2553 1528 2609 consessibus
1564 2556 1928 2612 consultatio-

330 2641 609 2715 nibusqne
654 2644 859 2701 habitis
900 2646 1330 2712 examinassent,
1377 2647 1596 2702 illorum
1647 2657 1928 2705 auctorem

2032 2012 2175 2067 κατά
2216 2011 2325 2065 τῶν
2363 2009 2581 2065 ἐναντία
2618 2008 2951 2077 δοξαζόντων
2988 2004 3161 2075 αὐτῷ,
3196 2005 3279 2057 ὅτι
3302 2003 3414 2071 Τὴν
3461 2001 3625 2070 ἁγίαν

2032 2103 2310 2176 Παρθένον
2339 2103 2604 2157 Θεοτόκον
2635 2101 2887 2170 λέγοντες
2909 2098 2972 2152 οὐ
3000 2098 3338 2169 φρίττουσιν.
3365 2088 3502 2147 Εἶτα
3532 2094 3625 2146 καὶ

2031 2195 2299 2267 τετράδας
2335 2194 2481 2250 ἰδίων
2514 2194 2831 2264 ἐξηγήσεων
2864 2189 3206 2255 ἀπέστειλεν,
3255 2187 3322 2250 ἀς
3353 2187 3448 2241 καὶ
3495 2187 3626 2239 ἀνα-

2032 2286 2253 2356 γνόντες
2285 2283 2512 2338 οἱκατὰ
2556 2281 2658 2353 τὴν
2707 2280 2953 2354 μεγάλην
2999 2279 3159 2333 πόλιν
3216 2276 3442 2347 Ῥώμην
3476 2276 3629 2346 εὑρε-

2035 2378 2221 2441 θέντες
2251 2376 2664 2432 θεοσεϐέστατοι
2709 2374 3024 2438 ἐπίσκοποι,
3047 2371 3146 2431 καὶ
3173 2370 3469 2443 συνεδρίων
3498 2369 3627 2422 πολ-

2035 2469 2143 2523 λῶν
2172 2467 2504 2539 γενομένων,
2539 2464 2881 2535 κατεϐόησαν
2916 2462 3107 2530 αὐτοῦ,
3141 2463 3448 2532 φάσκοντες
3470 2462 3632 2530 ἐναρι-

2035 2560 2171 2629 γῶς,
2210 2561 2425 2631 αἳρεσιν
2465 2557 2628 2612 αὐτὸν
2675 2555 3072 2628 καιωτομῆσαι
3118 2553 3497 2626 παγχάλεπον,
3528 2552 3629 2623 τὴν

2036 2650 2214 2704 οὐδενὶ
2242 2649 2352 2704 τῶν
2384 2649 2552 2704 πάλαι
2589 2648 2893 2718 γεγονότων
2910 2647 3308 2721 ἐξευρημένην.

331 2753 443 2799 non
493 2738 702 2810 absque
755 2738 1136 2809 indignatione
1179 2740 1578 2808 exsibilarunt;
1614 2742 1794 2814 palam
1859 2757 2173 2801 asserentes
2233 2758 2434 2800 novam
2496 2743 2653 2798 illum
2702 2757 2936 2813 eamque
2997 2740 3522 2813 perniciosissimam
3575 2752 3633 2797 et

332 2844 363 2883 a
397 2828 549 2882 nullo
586 2839 838 2887 veterum
875 2833 1264 2891 haereticorum
1302 2844 1463 2894 antea
1493 2854 1736 2910 unquam
1764 2840 2127 2912 excogitatam
2154 2838 2411 2895 haeresim
2440 2838 2715 2893 molitum.

403 2918 543 2987 Quia
561 2935 694 2992 ergo
714 2921 1005 2979 Nestorius
1028 2924 1145 2980 haec
1174 2926 1308 2982 illuc
1333 2928 1753 3001 perscripserat,
1779 2944 1930 2991 com-

331 3009 526 3078 pulsus
550 3025 672 3065 sum
701 3019 758 3066 et
782 3027 886 3083 ego
919 3028 1142 3084 quoque
1174 3029 1238 3070 ea
1277 3016 1463 3071 omnia
1501 3033 1625 3088 qua:
1664 3019 1812 3075 inter
1841 3033 1933 3074 me

334 3109 393 3156 et
421 3100 575 3157 illum
608 3102 1058 3172 intercesserant,
1088 3107 1335 3177 aperire,
1374 3106 1675 3181 earumque
1713 3111 1932 3167 littera-

334 3208 482 3261 rum,
508 3210 646 3267 quas
682 3197 751 3252 ad
779 3197 937 3254 illum
964 3199 1252 3266 dederam,
1277 3203 1527 3272 exempla
1561 3219 1661 3275 per
1697 3204 1932 3264 Posido-

336 3302 492 3342 mum
547 3289 813 3345 dilectum
880 3291 1143 3349 Ecclesiae
1194 3294 1578 3353 Alexandrina:
1636 3296 1931 3358 diaconum

334 3381 579 3436 mittere.
613 3382 786 3438 Porro
824 3381 1011 3440 autem
1047 3385 1206 3442 lectis
1245 3387 1302 3461 in
1340 3388 1581 3443 concilio
1635 3389 1933 3459 expositio-

335 3469 501 3526 nibus
532 3471 682 3528 illius
712 3473 1094 3546 epistolisque,
1132 3484 1190 3532 et
1216 3476 1284 3533 iis
1309 3478 1585 3549 praecipue
1616 3479 1674 3533 in
1706 3479 1931 3550 quibus,

340 3562 489 3631 quod
513 3572 761 3634 apertam
789 3566 964 3636 ipsius
986 3568 1452 3639 subscriptionem
1482 3586 1594 3640 pm
1616 3587 1674 3628 sc
1699 3572 1931 3640 ferrent,

339 3653 530 3710 nullus
558 3655 957 3727 tergiversandi
988 3659 1146 3715 locus
1173 3661 1424 3732 reliquus
1444 3669 1582 3728 erat,
1609 3672 1796 3720 sancta
1821 3665 1933 3721 Ro-

339 3758 504 3800 mana
530 3746 772 3818 synodus
797 3747 1061 3805 disertam
1093 3751 1282 3806 statim
1317 3752 1372 3807 in
1407 3752 1560 3808 illum
1596 3755 1939 3812 sententiam

341 3834 504 3902 tulit;
544 3851 654 3906 qua
686 3838 757 3894 de
798 3855 859 3896 re
895 3846 954 3895 et
991 3841 1062 3897 ad
1102 3850 1253 3898 tuam
1277 3859 1496 3916 quoque
1522 3845 1784 3917 pietatem
1808 3863 1936 3918 per-

342 3925 584 3995 scripsit.
634 3927 843 3983 Horum
894 3931 1128 4001 proinde
1169 3934 1394 3990 decreto
1441 3936 1622 3993 modis
1674 3937 1935 3993 omnibus

342 4014 650 4083 parendum
698 4028 784 4075 est
815 4020 923 4077 illis
953 4022 1048 4091 qui
1082 4037 1114 4078 a
1148 4024 1319 4081 totius
1339 4024 1655 4083 Occidentis
1683 4043 1934 4084 commu-

342 4106 511 4162 nione
542 4109 799 4166 excidere
836 4112 1136 4169 noluerint.
1184 4115 1537 4187 Scripserunt
1572 4134 1809 4189 namque
1837 4135 1934 4175 ex-

342 4198 536 4268 positae
565 4202 853 4258 sententia:
877 4206 1127 4277 exempla
1151 4222 1279 4264 cum
1305 4209 1374 4265 ad
1396 4211 1600 4267 Rufum
1624 4211 1934 4282 piissimum

345 4290 749 4351 Thessalonicae
773 4297 1116 4370 episcopum,
1139 4308 1256 4358 tum
1286 4303 1355 4359 ad
1382 4303 1520 4360 alios
1546 4318 1767 4374 quoque
1792 4320 1935 4361 non-

2122 2926 2344 3001 Ἐπειδὴ
2386 2928 2444 2982 δὲ
2489 2926 2706 2998 ἀνάγκη
2745 2944 2838 2998 με,
2868 2926 3162 2997 γραψάσης
3196 2926 3301 2996 τῆς
3338 2925 3503 2981 αὐτοῦ
3538 2926 3633 2980 εὑ-

2036 3020 2262 3085 λαϐείας
2292 3020 2494 3084 ἐκεῖσε,
2522 3016 2701 3073 ταῦτα
2741 3018 2812 3072 τὰ
2851 3017 3113 3086 γεγονότα
3158 3019 3334 3071 εἰπεῖν
3391 3016 3643 3083 ἅπαντα,

2040 3110 2254 3185 πέμψαι
2304 3111 2363 3166 δὲ
2412 3110 2511 3165 καὶ
2559 3108 2629 3163 τὰ
2678 3108 2771 3163 ι’σα
2811 3106 2921 3161 τῶν
2964 3107 3095 3179 παρ’
3120 3106 3257 3175 ἐμοῦ
3309 3108 3643 3178 γραφέντων.

2040 3205 2176 3276 πρὸς
2245 3202 2409 3257 αὐτὸν
2472 3200 2823 3273 γραμμάτων
2842 3213 2857 3228 ·
2894 3198 3270 3271 ἐκδεδήμηκεν
3314 3197 3636 3267 ἀναγκαίως

2043 3296 2304 3368 κληρικὺς
2355 3295 2455 3365 τῆς
2495 3291 2892 3364 Ἀλεξανδρέων
2944 3292 2973 3344 ὁ
3018 3290 3309 3362 ἀγαπητὸς
3383 3290 3643 3355 διάκονος

2043 3385 2420 3449 Ποσειδώνιος.
2478 3381 2955 3452 ’Λναγνωσθεισῶν
3030 3382 3214 3437 τοίνυν
3263 3384 3323 3435 ἐν
3375 3382 3647 3454 συνεδρίῳ

2040 3481 2148 3533 τῶν
2195 3478 2513 3548 ἐξηγήσεων
2543 3474 2733 3539 αὐτοῦ,
2767 3476 2864 3530 καὶ
2894 3475 3004 3529 τῶν
3039 3475 3343 3530 ἐπιστολῶν
3375 3475 3655 3547 μάλιστα,,

2042 3572 2099 3624 ἐν
2115 3565 2196 3632 οἷς
2217 3570 2320 3623 οὑκ
2341 3568 2457 3622 ἐστι
2486 3568 2856 3635 συκοφαντίας
2906 3569 3073 3631 τόπος
3103 3566 3309 3638 (έχουσι
3336 3566 3447 3639 γὰρ
3471 3566 3647 3620 αὐτοῦ

2042 3665 2141 3729 τὴν
2177 3658 2553 3731 ὑπογραφὴν),
2593 3661 2626 3729 ἡ
2668 3659 2800 3726 ἁγία
2842 3658 3133 3729 Ῥωμαίων
3171 3657 3389 3723 σύνοδος
3428 3659 3647 3727 φανερὰ

2040 3750 2347 3818 τετύπωκε,
2378 3751 2475 3806 καὶ
2509 3751 2574 3822 δὴ
2618 3752 2715 3804 καὶ
2752 3752 3076 3822 γεγράφηκε
3100 3750 3238 3821 πρὸς
3255 3751 3356 3821 τὴν
3393 3749 3492 3823 σὴν
3521 3750 3651 3805 θεο-

2047 3843 2288 3907 σέϐειαν,
2315 3838 2397 3906 οἷς
2426 3842 2520 3896 καὶ
2549 3843 2764 3913 ἀνάγκη
2784 3841 3070 3896 πείθεσθαι
3092 3843 3219 3906 τοὺς
3240 3842 3645 3913 ἀντεχομένους

2044 3936 2143 4008 τῆς
2183 3934 2321 4007 πρὸς
2362 3935 2584 3989 ἃπασαν
2627 3935 2724 4005 τὴν
2767 3935 2931 3988 Λύσιν
2971 3934 3280 3998 κοινωνίας.
3321 3935 3647 4006 Γεγράφασι

2044 4027 2155 4098 γὰρ
2184 4026 2281 4082 καὶ
2307 4025 2377 4081 τὰ
2418 4026 2510 4081 ῐσα
2549 4027 2643 4081 καί
2674 4025 2814 4097 πρὸς
2841 4025 2932 4080 τὸν
2961 4025 3377 4095 θεοφιλέστατον
3420 4026 3646 4079 ἐπίσκο-

2045 4136 2146 4173 πον
2181 4118 2585 4189 Θεσσαλονίκης
2618 4118 2868 4188 Ῥοῦφον,
2901 4120 2995 4172 καὶ
3042 4118 3182 4190 πρὸς
3225 4118 3445 4190 ἐτέρους
3492 4117 3651 4181 τινὰς

2043 4208 2153 4262 τῶν
2184 4209 2325 4283 κατά
2359 4207 2459 4279 τὴν
2494 4206 2841 4262 Μακεδονίαν
2889 4205 3166 4270 θεοσεϐεῖς
3206 4207 3565 4269 ἐπισκόπους,
3593 4204 3648 4258 οῖ

2044 4298 2143 4354 καί¹
2168 4298 2257 4353 ἀεὶ
2285 4298 2641 4369 συντρέχουσι
2671 4297 2793 4359 ταῖς
2816 4297 2949 4366 παρ’
2974 4294 3142 4349 αὐτοῦ
3173 4295 3400 4364 ψήφοις.
3428 4294 3647 4363 Γεγρά-

343 4381 531 4439 nullos
564 4385 1015 4458 religiosissimos
1046 4390 1379 4451 Macedoniae
1401 4393 1714 4465 episcopos,
1747 4395 1842 4467 qui
1866 4396 1924 4452 al

2047 4412 2179 4464 φασι
2217 4393 2275 4447 δὲ
2320 4391 2475 4447 οὐδὲν
2512 4387 2677 4462 ἦττον
2731 4389 2826 4443 καὶ
2869 4388 3007 4459 πρὸς
3051 4389 3149 4460 τῆς
3187 4388 3418 4442 Αίλιέων
3454 4386 3647 4440 θεοσε-

346 4470 497 4529 illius
522 4478 793 4534 sententia
822 4496 1105 4553 nunquam
1137 4483 1424 4541 discedere
1451 4483 1651 4541 solent.
1686 4486 1924 4558 Scripse-

2046 4487 2307 4541 ϐἑστατον
2362 4483 2663 4538 ἐπίσκοπον
2719 4481 3094 4536 Ἰουϐενάλιον.
3144 4479 3257 4551 Τῆς
3306 4481 3407 4551 σῆς
3464 4479 3648 4532 τοίνυν

348 4572 481 4618 runt
527 4566 891 4665 nihilosecius
944 4580 1015 4629 et‘
1041 4574 1111 4629 ad
1150 4576 1472 4632 Iuvenalem
1500 4591 1723 4647 quoque
1750 4580 1924 4649 piissi-

2049 4578 2367 4640 θεοσεϐείας
2396 4574 2517 4629 ἐστί
2546 4576 2827 4644 σκοπῆσαι
2851 4572 2912 4627 τὸ
2945 4572 3250 4643 συμφέρον.
3300 4572 3496 4640 Ἡμεῖς
3535 4570 3650 4640 γὰρ

345 4667 499 4707 mum
527 4654 1036 4735 Hierosolymorum
1063 4667 1408 4742 episcopum.
1439 4667 1557 4729 1am
1586 4677 1694 4725 tua:
1719 4670 1924 4739 pietati:

2047 4674 2159 4735 τοῖς
2205 4671 2336 4739 παρ’
2382 4666 2549 4721 αὑτοῦ
2595 4665 3044 4736 ἀκολουθήσομεν
3096 4663 3351 4736 κρίμασι,
3409 4662 3651 4725 δεδιότες

347 4746 520 4804 fuerit
576 4753 709 4823 quid
744 4756 799 4811 in
834 4774 950 4816 rem
994 4761 1245 4818 futurum
1285 4763 1358 4817 sit
1405 4762 1701 4834 diligenter
1734 4779 1924 4833 expen~

2049 4758 2458 4817 ἀπολισθαίνειν
2487 4758 2588 4824 τῆς
2620 4755 2899 4809 τοσούτων
2946 4754 3254 4820 κοινωνίας,
3291 4754 3391 4823 οὐχ
3415 4754 3504 4823 ὑφ’
3527 4751 3653 4804 ἐτέ-

346 4836 481 4896 dere
506 4839 604 4913 (l).
630 4846 742 4903 Nos
767 4850 916 4906 enim
943 4867 1067 4922 qua:
1095 4853 1172 4908 illi
1201 4853 1614 4923 iudicaverunt,
1640 4855 1797 4925 sequi
1828 4871 1924 4910 om

2053 4862 2204 4925 ροιςἰ
2262 4851 2406 4903 τισὶν
2459 4848 2929 4918 ὴγανακτηκότων
2973 4847 3318 4918 πράγμασιν,
3381 4843 3505 4898 οὐδὲ
3553 4844 3652 4897 ἐπὶ

348 4929 482 4986 nino
501 4937 911 4998 constituimus.
943 4943 1216 4999 Veremur
1241 4958 1482 5016 namque
1512 4962 1582 5002 ne
1606 4963 1636 5002 a
1662 4957 1924 5003 tantorun

2055 4945 2272 5015 μικροῖς
2307 4940 2695 5012 πεποιημένων
2734 4938 2833 5012 τὴν
2882 4941 3068 5013 κρίσιν
3112 4940 3207 4994 καὶ
3249 4939 3502 5009 κίνησιν·
3527 4935 3653 4990 ἀλλ’

348 5021 597 5081 virorum
633 5034 1024 5091 communione
1059 5036 1397 5102 exeidamus,
1427 5040 1522 5109 qui
1555 5056 1667 5095 non
1694 5036 1924 5095 ob'aliut

2053 5038 2193 5110 ὑπὲρ
2218 5035 2387 5106 αὐτῆς
2411 5034 2513 5103 τῆς
2548 5033 2810 5101 πίστεως,
2848 5035 2944 5088 καί
2973 5034 3083 5089 τῶν
3118 5031 3398 5103 πανταχοῦ
3435 5046 3653 5099 κεκινη-

351 5111 732 5189 indignantur,
758 5139 941 5195 neque
981 5125 1053 5181 ob
1087 5128 1241 5196 parvi
1270 5131 1537 5185 momenti
1564 5146 1653 5186 res
1682 5141 1924 5187 commot

2060 5128 2237 5197 μένων
2301 5123 2672 5196 Ἐκκλησιῶν,
2723 5124 2818 5177 καί
2856 5124 2957 5194 τῆς
2988 5123 3285 5195 οἰκοδομῆς
3311 5122 3423 5176 τῶν
3474 5117 3647 5173 λαῶν.

353 5213 502 5272 sunt,
537 5222 773 5282 eamque
801 5216 1136 5271 sententiam
1165 5218 1440 5285 tulerunt;
1467 5220 1579 5293 Μ
1601 5221 1697 5277 sed
1726 5230 1917 5292 prople

2056 5220 2330 5287 Πρόσειπε
2358 5217 2458 5289 τὴν
2492 5215 2646 5285 παρὰ
2700 5216 2783 5269 σοὶ
2826 5215 3198 5288 ἀδελφότητα⁶
3233 5216 3293 5270 σέ
3330 5218 3363 5287 ἠ
3396 5215 3493 5268 σὺν
3524 5211 3656 5284 ἐμοὶ

355 5294 531 5367 ipsam
556 5299 744 5371 ﬁdem,
772 5305 1171 5376 universasque
1201 5309 1353 5366 orbis
1395 5319 1670 5368 terrarum
1701 5312 1918 5368 turbata

2057 5315 2114 5367 ἐν
2140 5311 2330 5384 Κυρίῳ
2358 5308 2783 5382 προσαγορεύει.

1429 5448 1607 5507 Variae
1635 5451 1901 5509 lectiones
1941 5451 2150 5509 codicis
2188 5446 2558 5522 Seguieriani.

427 5531 451 5563 '
477 5527 567 5598 ἐφ’
603 5530 831 5602 ἑτέροις.

432 5660 510 5742 (l)
551 5661 791 5719 Joannes
838 5662 1063 5735 quidem
1117 5668 1351 5723 tentavit
1405 5669 1643 5742 Nestorii
1703 5671 1949 5725 animum
2059 5671 2350 5742 Nestorius
2382 5671 2436 5725 in
2468 5672 2707 5742 speciem
2755 5672 3155 5742 aliquantulum
3198 5671 3420 5738 cedens,
3454 5688 3653 5729 vocem

363 5730 874 5815 ξὶοειριςεωιεεηίιξεὲ
893 5751 1217 5815 permovere
1247 5749 1324 5806 ut,
1357 5739 1530 5815 priori
1556 5742 1830 5797 sententia
1866 5758 1951 5795 re-
2063 5741 2309 5815 Deiparw
2338 5758 2455 5815 non
2494 5730 2740 5815 absolute
2779 5730 3058 5815 rcj'iceret.
3095 5730 3247 5815 Vide
3267 5730 3653 5815 JoannisAn-

365 5806 642 5893 gae‘tatah,
677 5803 737 5858 Β.
790 5806 850 5859 V.
894 5803 1185 5893 Deiparam
1240 5803 1598 5893 confiterentu-
1663 5829 1789 5867 cum
1839 5820 1952 5892 tota
2064 5803 2230 5867 tioeh.
2264 5812 2424 5893 epist.
2475 5813 2543 5868 ad
2590 5803 2906 5871 Nestorzu'm
2936 5814 2989 5869 in
3024 5813 3178 5871 [ictis
3218 5828 3373 5869 conc.
3419 5814 3652 5893 Ειιιῃεη

367 5868 645 5939 Εηϐιε5ἱ²;
694 5891 885 5934 verum
933 5868 1116 5937 surdis
1158 5881 1359 5940 cecinit
1407 5883 1655 5949 auribus,
1701 5883 1952 5953 quann'is
2066 5898 2117 5952 p.
2158 5898 2194 5948 ι,
2226 5868 2395 5937 ο.’25.
