4058 6462
345 352 447 406 ’τςῖ

1783 346 2121 402 EPISTOLA
2171 346 2314 400 XIV.

3612 343 3685 396 98

355 453 688 532 ‘Eeelesias,
727 472 786 520 et
831 479 1187 520 communem
1264 465 1450 536 populi
1493 449 1934 518 :cdiﬁtationcm.
1999 462 2183 516 Saluta
2243 476 2361 530 qum
2410 460 2553 528 apud
2601 469 2648 511 te
2698 467 2777 511 est
2823 458 3258 524 fraternilalem;
3303 471 3423 524 qum
3465 471 3674 510 merum

363 561 478 622 est,
505 555 568 612 in
595 551 842 612 Domino
867 565 922 612 te
948 557 1176 614 salutat.

1634 780 1976 837 EPISTOLA
2015 780 2133 835 xw
2175 778 2268 849 (0!.
2311 773 2447 844 xu).

1581 931 1787 971 οῑιιιιιι
1814 932 1881 970 AD
1913 929 2136 969 ACACIUH
2168 926 2521 965 Βειιοεεινεειι.

343 1059 548 1136 41031!
573 1069 646 1116 1η
675 1063 922 1118 animum
949 1075 1112 1115 suum
1141 1059 1205 1114 ob
1237 1059 1527 1136 periculum
1714 1075 1936 1136 moerere
1972 1059 2278 1136 depressum
2317 1056 2508 1134 erigat,
2530 1053 2731 1134 sibique
2757 1050 2949 1103 indicet
2985 1047 3263 1103 consilium
3301 1047 3529 1100 remedia
3567 1048 3678 1116 for--

1313 1133 1451 1194 tiara
1491 1125 1795 1195 adhibendi,
1832 1146 1950 1183 cum
1985 1125 2126 1182 haud
2154 1127 2492 1196 profecissent
2527 1125 2759 1176 mitiora.

425 1261 510 1319 -οε
540 1263 759 1333 σφόδρα
797 1261 1160 1333 λυπούμενοι,
1203 1261 1300 1316 καὶ
1337 1262 1591 1334 φροντίσι
1627 1262 1978 1334 τετρωμένην

2157 1261 2260 1328 Qui
2308 1259 2462 1331 gravi
2511 1273 2635 1312 cum
2682 1255 2908 1311 tristitia
2959 1253 3368 1317 conflictantur,
3420 1254 3680 1324 curisque

361 1357 596 1426 ἔχοντες
636 1355 740 1425 τὴν
781 1355 1036 1425 καρδίαν,
1068 1355 1131 1408 οὐ
1170 1355 1382 1426 μικρῶς
1414 1355 1597 1426 ἔχουσι
1627 1355 1980 1426 παραψυχὴν,

357 1445 495 1502 ’ὅταν
535 1448 654 1500 τισὶ
685 1447 798 1500 τῶν
829 1449 1234 1518 ὁμογνωμόνων
1278 1448 1349 1501 τὰ
1394 1450 1479 1519 ἐφ’
1509 1444 1590 1513 οἷς
1625 1449 1978 1520 λελύπηνται,

362 1541 598 1608 λέγωσι.
626 1537 892 1600 Τοιοῦτός
918 1555 1003 1601 τις
1045 1539 1250 1606 γέγονα
1279 1540 1437 1608 κάγὼ
1455 1557 1468 1570 °
1501 1541 1591 1594 διά
1616 1557 1697 1593 τοι
1729 1540 1890 1595 τοῦτο
1913 1543 1980 1612 τῇ

363 1633 434 1700 σῇ
485 1631 804 1699 τελειότητι
845 1630 1057 1701 γράψαι
1099 1631 1213 1686 δεῖν
1265 1630 1452 1703 ᾠήθην
1493 1632 1593 1696 τὰς
1633 1633 1833 1699 αἰτίας,
1895 1635 1980 1703 ἐφ’

361 1717 456 1786 εἷς
488 1722 751 1784 εἰκότως,
779 1719 857 1784 ὥς
886 1737 951 1789 γε
985 1717 1162 1791 οἴμαι,
1189 1722 1519 1794 λελύπημαι,
1561 1724 1764 1795 μᾶλλον
1797 1723 1856 1777 δὲ
1887 1726 1982 1778 καὶ

360 1815 450 1868 ἔτι
519 1811 836 1882 λυποῦμαι.
911 1813 988 1865 Ub
1038 1813 1151 1883 γὰρ
1207 1814 1408 1884 ἤρκεσε
1464 1815 1543 1886 τῷ
1599 1815 1981 1885 εὐλαϐεστάτῳ

361 1905 666 1978 ἐπισκόπει
689 1902 980 1976 Νεστορίῳ
1025 1904 1087 1958 το
1121 1904 1207 1958 ἐπ’
1233 1905 1531 1977 ἐκκλησίας
1565 1906 1761 1974 εἰπεῖν,
1787 1906 1823 1960 ἃ
1845 1909 1932 1961 ἐπ’
1959 1912 1976 1944 ι

365 1997 674 2070 ἐκκλησίας
723 1996 1126 2062 ὲσκανδάλισε,
1184 1999 1280 2051 καὶ
1323 1998 1598 2070 παρέλυσε
1645 1999 1847 2064 πίστιν,
1881 1999 1980 2070 τὴν

361 2093 472 2150 Ἐπὶ
491 2091 574 2166 τῷ
607 2091 840 2147 πάντων
867 2088 1031 2162 ἡμῶν
1055 2085 1275 2161 Σωτῆρι
1304 2091 1531 2161 Χριστῷ
1548 2106 1560 2120 ·
1584 2090 1722 2144 ἀλλὰ
1751 2089 1860 2161 γὰρ
1887 2091 1982 2144 καὶ

381 2185 642 2256 ﬁstulam
663 2181 953 2255 Δωροθέου
981 2181 1128 2244 τινὸς
1158 2182 1462 2236 ἐπισκόπου
1493 2181 1873 2253 τολμήσαντος
1893 2183 1979 2234 ἐπ’

381 2273 682 2347 huius!“
705 2273 808 2329 καὶ
841 2271 1121 2336 συνάξεως
1167 2274 1343 2327 εἰπεῖν
1393 2272 1731 2344 ἀναφανδόν’
1782 2272 1852 2326 Εἴ
1897 2290 1982 2336 τις

377 2365 534 2438 λέγει
559 2365 826 2424 Μόθων
848 2365 950 2436 τὴν
974 2365 1219 2436 Μαρίαν,
1255 2367 1507 2437 ἀνάθεμα
1529 2367 1688 2420 ἔστω.
1709 2365 1774 2419 Τί
1802 2365 1982 2418 τοίνυν

371 2461 652 2538 59mm
677 2459 744 2515 iv
791 2459 1067 2530 ἐκκλησίᾳ
1104 2458 1372 2530 ὀρθοδὸξῳ
1399 2468 1424 2494 υ
1451 2457 1982 2528 ἀναθεματισθέντες

371 2553 650 2628 μετὰτῶν
687 2553 866 2625 ἁγίων
907 2551 1204 2624 Πατέρων;
1234 2553 1490 2623 Εὑρίσκω
1518 2552 1628 2622 γὰρ
1660 2555 1718 2604 ἐν
1740 2560 1981 2620 συγγρα-

2091 1354 2505 1409 consauciatum
2542 1359 2736 1422 pectus
2760 1349 2986 1413 habent,
3016 1348 3052 1402 ii
3089 1363 3198 1401 non
3224 1363 3405 1416 parvae
3431 1349 3677 1402 consola-

2092 1446 2261 1501 tionis
2302 1445 2423 1499 loco
2457 1443 2661 1497 ducere
2689 1441 2888 1505 solent,
2917 1441 2964 1493 si
2993 1439 3322 1509 quibusdam
3355 1438 3473 1508 pari
3509 1439 3678 1492 animi

2090 1554 2254 1594 sensu
2303 1535 2551 1606 prteditis
2595 1549 2660 1588 ea
2708 1547 2985 1602 exponere
3025 1538 3250 1601 queant.
3293 1539 3519 1599 propter
3559 1547 3681 1600 qua:

2089 1631 2275 1685 animo
2304 1627 2735 1683 diseruelantur.
2760 1624 2897 1690 Quia
2923 1638 3056 1693 ergo
3079 1632 3133 1676 et
3159 1622 3292 1676 mihi
3329 1638 3549 1692 quoque
3576 1623 3680 1676 hoc

2091 1733 2340 1793 tempore
2400 1719 2508 1775 tale
2572 1717 2835 1788 quiddam
2877 1715 3166 1778 usuveuit,
3213 1715 3517 1770 arbitratus
3557 1730 3680 1768 sum

2086 1824 2284 1865 causas
2325 1807 2398 1862 ob
2431 1821 2569 1876 quas
2604 1821 2716 1860 non
2751 1803 2980 1875 injuste,
3008 1813 3070 1858 ut
3105 1804 3361 1873 equidem
3401 1805 3678 1867 existimo,

2088 1901 2280 1957 dolore
2322 1900 2555 1954 allectus
2598 1913 2741 1962 sum,
2777 1896 2888 1951 imo
2931 1912 3066 1951 vero
3113 1896 3341 1959 allicior,
3379 1896 3680 1966 integritati

2088 2001 2198 2051 tuae
2224 1992 2628 2072 patefaciendas
2661 2005 2804 2046 esse.
2835 1990 2956 2044 Non
2990 1989 3138 2043 enim
3174 1998 3257 2043 sat
3295 1988 3398 2043 fuit
3424 2004 3680 2042 reveren-

2088 2080 2318 2138 dissimo
2339 2081 2592 2138 Nestorio
2612 2097 2674 2136 ea
2696 2081 2917 2151 publice
2938 2095 3038 2150 pro
3059 2081 3323 2135 concione
3367 2094 3681 2148 proponere

2088 2191 2210 2246 qua:
2242 2175 2543 2230 Ecelesiam
2575 2174 2897 2244 gravissime
2920 2173 3288 2238 oﬂ‘enderent,
3321 2172 3595 2242 ﬁdemque
3627 2172 3680 2224 in

2087 2266 2368 2321 Christum
2397 2263 2645 2318 omnium
2677 2271 2930 2316 nostrum
2962 2261 3302 2316 Salvatorem
3332 2270 3682 2323 everterent;

2090 2359 2187 2414 sed
2228 2359 2462 2414 ulterius
2501 2372 2847 2428 progressus,
2875 2355 3198 2425 episc0pum
3240 2352 3535 2422 quemdam
3576 2353 3680 2404 Do-

2091 2452 2345 2506 rotheum
2389 2450 2570 2520 palam
2606 2449 2660 2504 in
2695 2447 2952 2510 ecclesia,
2986 2445 3118 2500 dum
3157 2459 3313 2499 sacra
3349 2457 3681 2514 perageren-

2091 2550 2204 2605 tur,
2251 2538 2548 2593 temerario
2595 2552 2734 2592 ausu
2781 2534 3004 2590 eil‘utire
3048 2544 3246 2603 passus
3285 2540 3418 2585 est:
3457 2529 3514 2584 Si
3559 2528 3684 2600 quis

369 2619 500 2720 ξοαῖς
543 2651 647 2704 καὶ
679 2619 780 2704 τὸν
806 2649 910 2719 τῆς
936 2619 1184 2718 ἀοιδίμου
1223 2619 1442 2716 μνήμης
1492 2619 1792 2698 ἐπίσκοπον
1830 2619 1987 2696 Ἀθα-

2094 2628 2313 2681 Mariam
2337 2626 2627 2695 Deiparam
2649 2639 2771 2680 esse
2789 2623 3011 2687 dixerit,
3037 2622 3329 2676 anathema
3353 2620 3442 2675 sit.
3469 2619 3684 2689 Ecquid

367 2741 583 2804 νάσιον,
640 2739 974 2803 πλειστάκις
1047 2739 1222 2808 αὐτὴν
1281 2735 1634 2806 ὀνομάσαντα
1686 2733 1977 2786 Θεοτόκον·

368 2833 466 2886 καὶ
503 2833 602 2884 τὸν
654 2832 932 2902 μακάριον
976 2831 1034 2884 δὲ
1081 2829 1306 2900 Πατέρα
1354 2827 1513 2899 ἡμῶν
1561 2825 1844 2894 Θεόφιλον,
1887 2826 1985 2877 καὶ

359 2923 598 2994 ἓτέρους
627 2922 869 2985 πολλοὺς
903 2921 1012 2974 τῶν
1040 2920 1210 2989 ἁγίων
1255 2920 1349 2972 καὶ
1401 2917 1540 2971 κατὰ
1597 2917 1823 2988 καιροὺς
1872 2917 1986 2968 ὲπι-

373 3018 601 3072 σκὸπων
622 3035 637 3048 ο
681 3017 850 3071 τοῦτο
883 3017 982 3088 μὲν
1011 3015 1316 3080 Βασίλειον,
1345 3012 1503 3066 τοῦτο
1555 3011 1613 3065 δὲ
1658 3010 1982 3082 Γρηγόριον,

369 3112 468 3165 καὶ
499 3111 672 3165 αὐτὸν
696 3109 758 3162 δὲ
786 3109 878 3162 τὸν
899 3107 1172 3178 μακάριον
1201 3105 1472 3160 Ἀττικόν.
1499 3102 1687 3168 Οὐδεὶς
1709 3097 1983 3173 δὲ,οῐμαι,

367 3201 481 3254 ’τῶν
511 3200 825 3272 ὀρθοδὸξων
867 3200 1134 3252 Θεοτόκον
1168 3195 1337 3268 αὐτὴν
1371 3195 1545 3249 δέδιεν
1577 3195 1784 3248 εἰπεῖν·
1827 3194 1987 3265 εἴπερ

366 3295 527 3348 ’ἐστὶν
554 3294 765 3365 ἀληθὲς
793 3293 880 3351 ὅτι
904 3291 1038 3354 Θεός
1065 3292 1215 3344 ἐστιν
1241 3293 1269 3344 ὁ
1320 3288 1694 3360 Ἐμμανουήλ.
1724 3287 1987 3356 Γεγόνασι

371 3389 560 3441 τοίνυν
611 3386 869 3457 ἀνάθεμα
899 3384 1037 3458 πρὸς
1077 3383 1211 3438 Θεὸν
1235 3383 1389 3446 ὄντες
1409 3383 1554 3452 amt
1590 3381 1855 3452 Πατέρες,
1891 3381 1988 3434 καὶ

375 3477 585 3541 πάντες
608 3478 727 3532 ὅσοι
743 3479 858 3540 τοῖς
879 3476 1062 3547 ὀρθοῖς
1087 3475 1186 3545 τῆς
1201 3475 1464 3545 ἀληθείας
1486 3473 1740 3544 ἑπόμενοι
1753 3472 1988 3542 δόγμασι

366 3565 864 3639 ’Θεδνὸμολογοῦσι
879 3565 1240 3635 τὸνΧριστόν.
1259 3565 1371 3618 Καὶ
1385 3565 1443 3616 οὐ
1464 3563 1628 3634 μέχρι
1649 3562 1855 3616 τούτων
1873 3563 1906 3631 ἡ
1925 3563 1991 3613 ἐκ

369 3661 474 3715 ’τοῦ
497 3660 839 3732 πράγματος
857 3658 1031 3730 ζημία
1048 3675 1061 3690 ·
1094 3656 1232 3712 ἀλλὰ
1251 3657 1360 3728 γὰρ
1385 3656 1481 3710 καὶ
1510 3655 1912 3726 διεστράφησαν
1935 3653 1992 3706 αἱ

375 3749 489 3803 τῶν
509 3749 666 3804 λαῶν
695 3747 941 3818 γνῶμαι.
968 3748 1298 3821 Τεθρήνηκα
1347 3748 1460 3818 γὰρ
1488 3744 1701 3798 ἁκούων
1730 3745 1857 3807 τοὺς
1891 3743 1991 3814 μὲν

366 3841 459 3902 είς
503 3837 675 3894 τοῦτο
723 3838 998 3903 πεσόντας
1043 3837 1310 3901 ἀπιστίας
1339 3836 1439 3907 ἤδη
1475 3837 1570 3889 καὶ
1617 3834 1882 3905 ἀμαθίας,
1914 3834 1992 3896 ὡς

380 3932 522 4004 μηδὲ
565 3929 706 3983 Θεὸν
744 3929 1032 4001 ὁμολογεῖν
1070 3929 1163 3982 τὸν
1209 3928 1476 4000 Χριστόν’
1520 3929 1648 3990 τοὺς
1692 3926 1770 3992 δὲ,
1815 3926 1918 3978 κᾶν
1943 3927 1992 3978 εἰ

371 4023 597 4076 ἕλοιντο
625 4021 916 4092 ὁμολογεῖν
964 4021 1103 4084 ὅλως
1130 4020 1294 4074 αὐτὸν
1323 4019 1476 4083 Θεὸν,
1503 4019 1670 4090 μηδὲν
1724 4018 1874 4086 ὑγιὲς
1905 4017 1991 4070 ἐπ’

375 4116 535 4186 αὐτῷ
559 4113 840 4179 δοξάζειν,
884 4113 1002 4166 ἀλλ’
1045 4112 1265 4182 εὐδοκία
1304 4112 1398 4164 καί
1437 4112 1621 4181 χάριτι
1683 4109 1803 4181 μεθ’
1836 4107 1992 4180 ἡμῶν

373 4205 694 4277 κεκλῆσθαι
741 4207 881 4277 πρὸς
914 4205 1078 4259 τοῦτο
1109 4205 1387 4272 λέγοντας.
1425 4201 1610 4256 Ταῦτα
1655 4201 1855 4273 θρήνου
1900 4201 1994 4254 καὶ

371 4301 637 4371 οἰμωγῆς
662 4300 810 4364 ἄξια.
845 4299 984 4352 Ποία
1017 4299 1127 4368 γὰρ
1151 4297 1288 4359 ὅλως
1329 4298 1360 4367 ἡ
1389 4295 1548 4366 χρεία
1595 4295 1688 4348 καὶ
1719 4296 1798 4356 εἰς
1830 4293 1994 4364 μέσον

375 4395 624 4464 ἄγεσθαι
659 4394 728 4446 τά
755 4392 898 4446 οὕτω
925 4392 1101 4444 λεπτὰ
1137 4391 1229 4443 καὶ
1271 4387 1664 4459 κεκρυμμένα;
1708 4384 1808 4437 Διὰ
1853 4384 1905 4437 τί
1938 4383 1995 4437 δὲ

384 4491 466 4560 μὴ
543 4485 754 4557 μᾶλλον
813 4485 1038 4554 ἠθικαῖς
1101 4482 1428 4553 ἐξηγήσεσιν
1494 4478 1816 4548 ὠφελοῦμεν
1868 4475 1997 4537 τοὺς

381 4579 584 4642 λαοὺς,
638 4579 688 4629 εί
732 4575 807 4647 μὴ
846 4575 1057 4644 σφόδρα
1093 4573 1288 4645 ἔχομεν
1345 4571 1548 4634 ἱκανῶς
1589 4571 1668 4633 είς
1709 4567 1997 4638 ἀκρίϐειαν

381 4671 488 4740 τὴν
521 4667 902 4737 δογματικήνς
953 4666 1172 4735 Ἐπειδὴ
1215 4663 1273 4718 δὲ
1324 4661 1619 4734 μονάζουσι
1673 4662 1785 4722 τοῖς
1855 4657 1997 4712 κατὰ

377 4763 486 4834 τὴν
519 4762 806 4828 Αἴγυπτον
848 4759 945 4813 καὶ
992 4757 1403 4827 ’Δλεξάνδρειαν
1449 4751 1908 4825 τεθορυϐημένοις
1933 4753 1998 4804 ὲκ

377 4853 658 4908 τοιούτων
692 4851 1144 4921 ἀναγνωσμάτων
1177 4850 1349 4920 ἤγουν
1402 4847 1742 4917 ἐξηγήσεων,
1771 4847 1866 4898 τὸν
1912 4844 1997 4915 ορ-

383 4944 485 4998 θὸν
521 4941 628 5011 τῆς
681 4941 922 5004 πίστεως
952 4939 1346 5010 ὲξηγησάμεθα
1379 4938 1562 5007 λόγον,
1603 4936 2000 5006 ὲκπεπολέμω-

381 5051 507 5095 ται,
543 5033 646 5086 καὶ
662 5031 890 5099 γέγονεν
919 5029 1112 5102 ἐχθρός
1133 5045 1146 5057 ⁸
1174 5032 1269 5084 καὶ
1291 5029 1547 5098 συλλέγει
1569 5031 1721 5092 τινάς
1755 5028 2000 5098 ἀγύρτας

385 5126 490 5178 καὶ
537 5123 1050 5192 κατεγνωσμένους,
1094 5122 1189 5174 καὶ
1247 5119 1660 5193 παρασκευάζει
1706 5118 2002 5190 ψεύδεσθαι

385 5215 520 5270 κατ’
569 5213 710 5285 ἐμοῦ
756 5231 878 5268 τινα
925 5214 1019 5266 ἐπὶ
1046 5213 1280 5268 πολλῶν.
1329 5215 1594 5284 Καὶτάχα
1639 5212 1885 5276 δικαίως.
1937 5211 2001 5263 Et

2085 2733 2217 2789 ergo
2259 2718 2312 2772 in
2354 2715 2789 2770 orthodoxorum
2836 2713 3081 2768 Ecclesia
3114 2724 3241 2766 cum
3272 2711 3479 2766 sanctis
3503 2711 3683 2765 Patri-

2086 2811 2190 2864 bus
2223 2809 2514 2863 anathema
2553 2806 2678 2860 facti
2721 2803 3078 2860 adoriemur?
3109 2801 3407 2871 Comperio
3443 2816 3685 2870 namque

2086 2908 2306 2957 aeterna:
2363 2898 2641 2953 memorim
2686 2897 3006 2967 episc0pum
3065 2893 3428 2948 Athanasium
3486 2894 3687 2963 sacpius

2088 2992 2238 3046 illam
2276 2990 2566 3060 Deiparam
2609 2987 2924 3058 appellare;
2967 2996 3131 3056 atque
3161 2987 3328 3040 etiam
3362 2985 3553 3040 beatos
3581 2985 3684 3038 lla-

2089 3091 2203 3138 tres
2229 3091 2449 3136 nostros
2476 3079 2869 3148 Theophilum,
2908 3077 3194 3140 Basilium,
3221 3075 3567 3146 Gregorium,
3595 3075 3690 3128 At—

2089 3174 2282 3236 ticum,
2309 3182 2366 3228 et
2396 3173 2534 3226 alios
2566 3178 2834 3242 praeterea
2876 3185 2987 3223 non
3027 3183 3252 3239 paucos,
3282 3168 3378 3238 qui
3415 3183 3516 3237 per
3547 3175 3686 3222 tem-

2089 3282 2224 3337 pora
2261 3265 2543 3329 vixerunt,
2590 3273 2811 3319 sanctos
2852 3261 3164 3331 episcopos.
3211 3259 3460 3329 Denique
3498 3267 3685 3320 nemo,

2090 3359 2307 3429 opinor,
2343 3373 2412 3413 ex
2448 3355 2885 3411 orthodoxorum
2930 3367 3163 3407 numero
3202 3351 3351 3404 illam
3396 3347 3686 3418 Deiparam

2091 3452 2378 3507 nominare
2454 3447 2768 3513 dubitavit;
2840 3442 3289 3516 quandoquidem
3353 3454 3548 3494 verum
3604 3448 3690 3493 est

2091 3543 2508 3600 Emmanuelem
2546 3541 2718 3596 Deum
2746 3555 2887 3595 esse.
2915 3538 3094 3592 Erunt
3118 3535 3303 3604 itaque
3335 3531 3688 3586 anathemate

2093 3634 2381 3691 constricti
2430 3632 2605 3688 sancti
2649 3632 2873 3695 Patres,
2927 3628 3022 3700 qui
3063 3626 3392 3698 jamdudum
3443 3633 3570 3679 ante
3619 3625 3687 3678 ad

2095 3733 2264 3785 Deum
2298 3730 2609 3792 evolarunt,
2641 3724 2937 3793 caeterique
2972 3735 3186 3784 omnes,
3215 3723 3489 3788 quotquot
3524 3715 3688 3771 Chri-

2095 3833 2241 3877 stum
2273 3822 2446 3875 Dcum
2487 3819 2608 3875 esse
2648 3816 2909 3881 confessi,
2949 3823 3101 3869 recta
3145 3810 3392 3866 veritatis
3434 3808 3688 3878 dogmata

2096 3923 2506 3970 consectantur.
2541 3911 2731 3980 Neque
2768 3923 2903 3964 vero
2939 3906 3027 3961 his
3064 3904 3268 3958 ﬁnibus
3304 3900 3510 3957 malum
3552 3915 3686 3953 con-

2097 4007 2257 4072 stitit,
2285 4005 2380 4061 sed
2404 4005 2736 4075 populorum
2764 3999 3101 4068 mentesjam
3127 3994 3410 4066 pervertit.
3437 3992 3687 4061 Intelligo

2096 4107 2269 4168 enim,
2292 4111 2348 4159 et
2371 4102 2596 4173 quidem
2625 4115 2738 4154 non
2763 4098 2881 4153 sine
2911 4095 3188 4167 lacrymis,
3214 4093 3350 4147 alios
3371 4091 3593 4161 quidem
3621 4106 3687 4142 eo

2098 4196 2342 4269 perﬁdia:
2367 4202 2423 4249 et
2449 4192 2682 4247 inscitiae
2706 4189 2992 4260 prolapsos
3017 4188 3127 4258 jam
3154 4199 3296 4248 esse,
3325 4191 3385 4236 ut
3407 4181 3689 4236 Christum

2097 4293 2271 4345 Deum
2315 4301 2438 4341 esse
2477 4285 2681 4340 diserte
2725 4281 3076 4343 inﬁcientur;
3116 4277 3281 4330 alios-
3312 4287 3444 4327 vero
3480 4274 3554 4327 ita
3595 4274 3689 4326 Dei

2097 4379 2522 4452 appellationem
2569 4371 2646 4427 illi
2691 4370 2903 4440 largiri.
2937 4377 2998 4422 ut
3033 4367 3173 4420 nihil
3215 4374 3397 4418 tamen
3436 4371 3584 4417 recte
3622 4362 3690 4415 de

2100 4475 2195 4528 illo
2236 4469 2478 4525 sentiant
2515 4485 2528 4519 ι
2568 4465 2866 4534 epinantur
2915 4459 3063 4516 enim
3111 4458 3265 4512 illum
3316 4457 3555 4527 benigna
3593 4456 3690 4510 Dei

2098 4561 2384 4616 voluntate
2413 4566 2470 4611 et
2498 4554 2694 4626 gratia,
2727 4550 2955 4622 perinde
2994 4565 3057 4603 ac
3094 4564 3262 4603 unum
3305 4564 3372 4602 ex
3417 4547 3594 4611 nobis,
3622 4547 3689 4600 ad

2103 4654 2157 4708 id
2193 4649 2477 4722 dignitatis
2504 4652 2756 4703 evectum
2783 4657 2925 4697 esse.
2963 4641 3046 4695 An
3083 4655 3191 4694 non
3228 4638 3336 4710 [‘5
3365 4640 3481 4693 haec
3514 4639 3693 4710 lacry-

2102 4747 2208 4802 mis
2251 4751 2307 4798 et
2346 4742 2554 4813 gemitu
2593 4741 2716 4811 jure
2760 4743 2892 4792 sunt
2932 4732 3354 4804 prosequenda?
3396 4731 3692 4797 Quorsum,

2103 4851 2312 4908 qmeso,
2354 4832 2622 4888 attinebat
2661 4827 2886 4884 subtilia
2917 4827 3007 4881 illa
3039 4835 3094 4879 et
3127 4840 3326 4879 arcana
3361 4824 3418 4878 in
3451 4823 3695 4893 medium

2105 4926 2412 4985 adducere?
2444 4925 2556 4980 Cur
2583 4923 2769 4994 potius
2802 4919 3104 4975 moralibus
3133 4917 3572 4988 expositionibus
3595 4928 3695 4986 po-

2105 5023 2264 5093 pulos
2295 5035 2408 5074 non
2440 5016 2748 5078 erudimus,
2779 5013 2822 5068 si
2853 5012 2922 5068 ad
2956 5020 3204 5066 exactam
3231 5009 3549 5078 dogmatum
3583 5013 3695 5059 tra-

2106 5113 2400 5170 ctationem
2439 5124 2550 5164 non
2591 5122 2784 5161 sumus
2806 5104 2964 5159 valde
2990 5101 3213 5157 idonei?
3248 5099 3518 5153 Caeterum
3549 5096 3696 5165 quod

2107 5207 2175 5262 iis
2213 5206 2308 5276 qui
2349 5202 2651 5259 solitariam
2691 5199 2859 5253 vitam
2903 5211 3004 5266 per
3039 5193 3331 5264 {Egyptum
3365 5198 3420 5243 et
3461 5188 3698 5242 Alexan-

387 5307 510 5376 γὰρ
541 5278 770 5375 εῖέίομεν
793 5304 956 5375 ζῆλον
979 5304 1138 5372 Θεοῦ,
1162 5306 1257 5359 καὶ
1290 5305 1392 5374 τῆς
1434 5278 1830 5373 τῶννΠατέρων
1857 5301 1989 5372 φιλο-

2108 5299 2283 5356 driam
2331 5303 2518 5367 agunt,
2553 5301 2608 5348 et
2651 5286 2967 5362 hujusmodi
3011 5283 3416 5353 expositionum
3460 5278 3698 5334 lectione

389 5401 554 5462 θεϊας
582 5397 882 5467 ἐγινόμεθα
936 5398 1196 5468 μιμηταὶ,
1245 5398 1504 5452 πάλαιᾶν
1545 5393 1687 5468 ἦμεν
1727 5397 1868 5450 κατά
1894 5395 2004 5448 τῶν

390 5490 823 5560 τετολμηκότωι
877 5489 1191 5559 φλυαρῆσαι
1260 5490 1402 5543 κατὰ
1452 5489 1544 5542 τοῦ
1597 5487 1857 5558 Χριστοῦ,
1909 5488 2005 5540 καὶ

390 5583 939 5653 ἁναθεματισάντων
977 5583 1123 5652 ἡμᾶς
1162 5583 1288 5647 τοὺς
1321 5583 1554 5648 ζῶντας,
1591 5581 1842 5644 καὶτοὺς
1867 5579 2002 5652 πρὸς

2111 5387 2427 5445 conturbati
2475 5386 2720 5446 fuerant,
2767 5385 2931 5433 recta:
2975 5375 3100 5430 ﬁdei
3142 5373 3472 5428 sententiam
3527 5384 3698 5438 expo-

2112 5483 2367 5544 suissem,
2395 5478 2448 5531 in
2479 5478 2691 5530 hostem
2722 5471 2998 5525 infensum
3023 5479 3234 5531 versus,
3260 5463 3525 5534 quosdam
3556 5474 3699 5529 pra:—

2112 5574 2428 5645 stigiatores
2472 5567 2884 5633 deSperataeque
2927 5557 3092 5615 sortis
3135 5557 3389 5612 homines
3427 5556 3483 5609 in
3529 5564 3700 5607 unum

1490 5699 1664 5754 Varia:
1693 5697 1961 5754 lectiones
1989 5693 2195 5750 codicis
2230 5685 2574 5761 Seguieriaui

477 5801 496 5833 ‘
533 5795 659 5860 τὰς.
715 5806 772 5870 ,τί
803 5791 1128 5865 ὀρθοδὸξων.
