4058 6508
380 409 466 465 ‘99
1424 397 1493 453 ‘S.
1533 394 1810 455 CYRILLI
1851 390 2325 455 ALEXANDBINI
2362 391 2683 453 ARCHIEP.

3573 392 3675 456 1⁷00

395 521 693 588 colligere,
737 527 948 584 eosque
996 519 1058 568 ut
1103 508 1389 566 mendacia
1438 512 1496 565 in
1539 508 1737 581 vulgus
1784 507 1853 564 de
1903 522 1992 581 me

2102 504 2235 560 Θεὸν
2257 505 2415 570 ὄντας
2438 507 2539 580 ἥδη
2562 505 2714 561 Πατέ
2723 524 2821 580 ρας
2850 506 3059 578 ἁγίους,
3083 504 3263 578 ψῆφον
3282 505 3435 561 όσξαν
3465 506 3677 577 ἐξενέγ-

396 616 681 679 spargant,
713 607 1021 662 subornare
1058 619 1170 660 non
1198 603 1424 660 desinit.
1467 603 1537 659 Et
1575 600 1720 658 forte
1755 616 1866 657 non
1898 600 1987 656 in-

379 698 541 768 ,juria
585 697 641 752 id
690 697 854 752 nobis
898 694 1233 751 incommodi
1276 692 1498 749 accidit.
1542 691 1681 747 Nam
1719 690 1765 747 si
1805 690 1987 745 zelum

398 786 497 841 Dei
529 786 940 852 habuissemus,
971 784 1260 854 sedulique
1289 783 1514 853 Patrum
1550 779 1772 851 pietatis
1798 779 1985 834 imita-

390 887 548 933 tores
600 877 933 943 fuissemus,
984 878 1188 948 justam
1238 873 1565 947 jamdudum
1628 881 1984 942 sanctamque

2095 615 2295 663 καντες
2359 600 2439 653 Δι’
2477 595 2546 671 ἦς
2581 596 2651 671 ἦν
2691 600 2842 664 εἰκὸς
2875 598 3275 672 θεραπεύεσθαι
3311 600 3402 654 καὶ
3441 601 3567 664 τοὺς
3595 602 3677 665 εἰς

2094 690 2281 743 πίστιν
2321 690 2686 761 ἠδικημένους
2726 690 2837 745 τῶν
2873 690 3037 746 λαῶν.
3073 691 3350 762 Πρόσειπε
3395 691 3494 763 τὴν
3527 692 3679 763 παρὰ

2093 784 2179 838 σοὶ
2210 783 2582 856 ιιιὸελιρότητα⁹
2610 785 2732 858 σὲή
2775 787 2873 840 σὺν
2911 786 3036 857 ἐμοὶ
3082 788 3141 839 ὲν
3177 785 3369 858 Κυρίῳ
3408 802 3678 859 προσαγορ-

2090 874 2258 946 ρεὺει.

386 968 879 1025 -condemnationis
923 968 1255 1024 sententiam
1290 965 1348 1021 in
1390 981 1489 1022 eos
1526 965 1863 1029 tulissemus,
1929 962 2026 1034 qui
2069 974 2262 1021 contra
2302 965 2586 1022 Christum
2617 966 2873 1039 obloqui,
2930 975 2994 1023 et
3022 975 3138 1023 tam
3174 984 3272 1024 nos
3309 969 3458 1040 ipsos
3492 967 3586 1039 qui
3622 967 3678 1023 in

398 1060 544 1115 vivis
581 1059 767 1116 adhuc
801 1059 1074 1130 degimus,
1114 1072 1282 1128 quam
1314 1067 1535 1113 sanctos
1595 1056 1785 1112 Patres
1814 1055 1910 1126 qui
1966 1052 2081 1128 jam
2116 1056 2249 1112 olim
2285 1057 2356 1113 ad
2396 1058 2572 1114 Deum
2615 1059 3082 1131 commigrarunt,
3121 1059 3470 1115 anathemate
3510 1060 3679 1117 ferire

397 1155 521 1210 ausi
557 1162 708 1211 sunt.
746 1153 865 1221 Qua
907 1153 1130 1225 quidem
1164 1152 1437 1209 sententia
1462 1159 1521 1208 et
1553 1150 1622 1207 iis
1686 1164 1928 1221 quoque,
1962 1157 2027 1203 ut
2097 1150 2386 1221 probabile
2426 1152 2507 1221 ﬁt,
2546 1163 2864 1224 poteramus
2899 1155 3131 1220 mederi,
3156 1154 3251 1226 qui
3276 1170 3343 1210 ex
3365 1154 3523 1225 plebe
3551 1152 3679 1209 ﬁdei

398 1247 718 1306 scandalum
746 1246 895 1318 passi
920 1246 1160 1301 fuerant.
1193 1243 1380 1299 Saluta
1419 1257 1551 1316 «quae
1588 1249 1770 1298 tecum
1813 1248 1898 1296 est
1934 1238 2342 1304 fraternitatem
2360 1261 2382 1299 ει
2404 1253 2501 1313 te,
2533 1262 2657 1317 quae
2682 1262 2906 1304 meeum
2941 1258 3049 1316 est,
3093 1248 3149 1304 in
3177 1249 3412 1306 Domino
3451 1247 3676 1305 salutat.

1990 1381 2063 1396 -

1634 1484 1972 1545 ΕΡιδτοιΑ
2012 1488 2110 1547 xv
2149 1488 2244 1562 (οι.
2281 1486 2448 1563 χιιι).

1494 1637 1671 1679 Αωοιι
1696 1638 1908 1680 Βειιωλε
1943 1640 2185 1682 EPISGOPI
2227 1606 2297 1682 in
2330 1641 2609 1683 εηιιιιυιι.

472 1741 760 1813 Beniguius
782 1739 849 1794 de
874 1734 1109 1793 Nestorii
1141 1736 1359 1808 ejusque
1396 1736 1671 1790 sociorum
1718 1751 1899 1791 errore
1934 1737 2330 1813 judicaadunt,
2382 1754 2492 1813 nec
2537 1740 2771 1813 severius
2831 1752 2949 1793 eum
2974 1737 3051 1794 ei:
3094 1738 3394 1811 agendum;
3434 1736 3681 1795 eumdm

1310 1823 1513 1878 quoque
1543 1823 1656 1861 esse
1677 1823 1899 1862 sensum
1919 1804 2148 1864 Joannis
2179 1810 2494 1865 Antiochcni
2531 1807 2824 1881 signiﬁcet.

475 1949 718 2004 Domino
747 1961 874 2002 meo
899 1961 1000 2017 per
1034 1944 1220 2000 omnia
1251 1941 1619 2008 sanctissimo,
1656 1942 1882 2014 Deoque
1905 1943 1993 2000 di-

2164 1944 2259 2017 Τῷ
2277 1945 2519 2020 δεσπότῃ
2564 1962 2669 2018 μου
2696 1944 2776 2017 τῷ
2815 1944 2997 2001 πάντα
3038 1945 3327 2017 ἁγιωτάτῳ
3372 1947 3468 2000 καὶ
3499 1947 3683 2016 θεοφι-

398 2044 705 2101 lectissimo
734 2043 995 2114 episcopo
1015 2039 1241 2113 Cyrillo,
1267 2039 1501 2095 Aeacius
1549 2038 1606 2093 in
1632 2038 1870 2097 Domino
1904 2055 1992 2099 sa-

400 2136 599 2193 lutem.

475 2248 709 2305 Pietatis
727 2256 837 2305 tuae
866 2246 1083 2303 litteras
1101 2259 1282 2315 nuper
1323 2235 1394 2299 ad
1438 2257 1541 2298 nos
1566 2241 1830 2313 perlatas,
1855 2252 1989 2310 pro-

401 2353 525 2417 pter
554 2357 806 2398 rumores
840 2351 898 2397 et
929 2340 1122 2395 turbas
1138 2337 1194 2394 in
1218 2337 1359 2393 urbe
1381 2333 1993 2405 Constantinopolitana

398 2436 695 2500 excitatas,
722 2433 1000 2489 'infaustis
1044 2429 1304 2503 lacrymis
1376 2426 1744 2498 lamentisque
1798 2425 1993 2495 plenas

2093 2038 2339 2111 λεστάτῳ
2405 2039 2702 2112 ὲπισκόπιρ
2752 2038 3013 2113 [nam
3075 2040 3331 2105 ’Δκάκιος
3378 2040 3440 2095 ιν
3486 2041 3683 2113 Κυρίῳ

2094 2132 2327 2204 χαίρειν.

2179 2242 2464 2316 Ἐνέτυχον
2489 2242 2785 2318 γράμμασι
2824 2243 2925 2315 ’τῆς
2977 2238 3077 2314 σῆς
3107 2233 3450 2307 θεοσεϐεῖας,
3488 2240 3555 2297 ἐκ
3587 2241 3685 2297 τοῦ

2095 2335 2368 2406 σύνεγγυς
2399 2338 2536 2408 ἡμῖν
2569 2335 2917 2391 ἀποδοθεϊσιν
2948 2330 3268 2400 ἀπεῦκτοις,
3296 2327 3553 2406 δακρύων
3587 2335 3687 2390 καὶ

2095 2425 2312 2501 θρήνων
2343 2429 2587 2501 μεστοῖς,
2616 2426 2726 2483 τῶν
2742 2426 2886 2481 κατὰ
2915 2424 3491 2481 Κωνσταντινούπολιν
3520 2425 3689 2499 θρυλ-

398 2528 531 2600 legi,
560 2527 621 2582 in
652 2525 856 2598 quibus
891 2524 1076 2580 elucet
1106 2519 1437 2579 Christianae
1462 2517 1592 2574 ﬁdei
1621 2514 1990 2589 profunditas,

2102 2520 2374 2593 λουμένων
2410 2520 2598 2575 ἕνεκεν
2618 2535 2633 2551 ⁸
2670 2522 2728 2574 ὲν
2758 2513 2841 2584 οἷς
2865 2518 2962 2574 καὶ⁵
2991 2520 3190 2591 κρατεῖ
3225 2517 3288 2573 τὸ
3327 2517 3492 2591 βάθος
3521 2522 3551 2557 ν
3583 2516 3687 2587 τῆς

402 2620 535 2677 dum
556 2619 665 2675 hoc
691 2619 860 2674 etiam
897 2616 1044 2671 inter
1071 2615 1178 2670 alia
1209 2611 1522 2677 continent,
1554 2608 1830 2681 principio
1848 2622 1993 2678 quo~

402 2728 511 2783 que
542 2713 660 2766 haec
689 2709 745 2764 in
786 2706 1038 2765 medium
1085 2704 1287 2759 aﬁ‘erre
1338 2716 1811 2774 supervacaneum
1853 2700 1994 2757 fuis-

403 2798 663 2867 se.Quam
678 2795 1141 2853 enim‘utilitatem
1160 2792 1390 2864 insignis
1401 2790 1816 2863 ille;disputator
1829 2789 1997 2860 Apol~

401 2890 600 2946 linaris
633 2888 981 2945 Laodicenus
1007 2886 1064 2941 in
1096 2884 1397 2941 Eeelesiam
1425 2883 1628 2951 attulit,
1659 2882 1793 2939 dum
1820 2881 1997 2939 veluti

405 2998 552 3039 unus
567 2998 598 3039 e
615 2980 964 3055 principibus
986 2978 1056 3035 de
1077 2988 1229 3035 recta
1253 2976 1358 3033 ﬁde
1381 2976 1648 3033 adversus
1663 2974 1791 3031 ﬁdei
1808 2974 1997 3033 hostes

406 3074 689 3147 depugnat
702 3073 725 3127 ’ἔ
738 3071 823 3128 An
840 3086 975 3138 non,
990 3070 1123 3126 dum
1148 3085 1262 3126 suae
1279 3067 1567 3141 sapientia:
1585 3067 1819 3123 nimium
1837 3064 1994 3132 ﬁdit,

406 3165 653 3236 dumque
673 3178 743 3219 ex
770 3162 938 3219 inviis
961 3162 1235 3233 planeque
1265 3157 1800 3233 impermeabilibus,
1833 3170 1999 3229 quos-

2096 2614 2240 2669 κατὰ
2287 2613 2523 2687 Χριστὸν
2572 2612 2849 2677 πίστεως,
2891 2610 3028 2666 καθὸ
3075 2611 3157 2664 δεῖ
3204 2608 3550 2683 μετέχουσιν,
3609 2610 3688 2676 ὡς

2097 2709 2352 2782 περιττὸν
2378 2702 2448 2780 ἦν
2467 2706 2647 2775 τοῦτο,
2682 2707 2777 2762 καὶ
2801 2705 2900 2779 τὴν
2919 2705 3095 2779 ἀρχὴν
3117 2705 3199 2770 εἰς
3231 2704 3398 2777 μέσον
3426 2702 3684 2776 ἀχθῆναι.

2096 2799 2164 2856 Τί
2197 2799 2307 2873 γάρ
2336 2798 2554 2871 ὤνησεν
2595 2799 2975 2871 Ἀπολινάριος
3005 2799 3035 2852 ό
3064 2796 3386 2864 Λαοδικεὺς,
3414 2784 3496 2861 εἷς
3523 2794 3601 2851 ὢν
3627 2796 3686 2850 ὲν

2097 2891 2212 2956 τοῖς
2238 2889 2551 2964 ἔμπροσθεν
2593 2890 2622 2943 ό
2657 2889 2836 2962 μέγας
2868 2887 3209 2960 ἀγωνιστὴς,
3238 2887 3267 2941 ό
3296 2886 3441 2960 ὑπὲρ
3462 2886 3563 2958 τῆς
3592 2886 3687 2957 ὀρ-

2104 2980 2207 3054 θῆς
2240 2981 2475 3047 πίστεως
2504 2982 2787 3055 κραταιῶς
2838 2981 2975 3053 πρὸς
3004 2981 3133 3045 τοὺς
3173 2979 3405 3053 ἐχθροὺς
3439 2978 3687 3051 μαχεσά-

2103 3089 2302 3146 μενος;
2347 3073 2647 3147 Θαρσήσας
2685 3072 2882 3127 ἑαυτοῦ
2910 3074 2978 3145 τῇ
3025 3071 3228 3145 σοφίᾳ,
3270 3072 3366 3128 καὶ
3412 3069 3683 3142 ἐθελήσας

2098 3169 2535 3237 παρεισαγαγεῖν
2570 3164 2630 3232 ἐξ
2657 3163 2879 3237 ἀπόρων
2909 3164 3112 3237 πόρους
3152 3162 3306 3230 τινὰς
3347 3165 3415 3236 τῇ
3468 3161 3690 3233 καθαρᾷ

408 3258 537 3313 dam
560 3263 778 3313 meatus
802 3264 860 3312 et
891 3253 1052 3326 quasi
1101 3252 1220 3309 vias
1253 3251 1311 3308 in
1346 3249 1839 3307 incontaminatam
1867 3247 1998 3305 sim-

2102 3257 2197 3313 καὶ
2216 3257 2395 3329 ἀδόλῳ
2428 3257 2526 3321 τοῦ
2551 3255 2793 3330 Χριστοῦ
2828 3255 3034 3323 πίστει,
3066 3256 3128 3310 οὑ
3175 3253 3592 3327 παρεσκεύασεν
3624 3255 3686 3309 ὲν

407 3350 723 3423 plicemqae
755 3346 963 3403 Christi
990 3344 1155 3401 ﬁdem
1186 3343 1541 3401 introducere
1569 3340 1790 3406 nititur,
1820 3337 1877 3395 id
1896 3353 1998 3395 eo-

407 3450 543 3497 natu
570 3455 671 3496 suo
711 3445 1043 3499 consecutus
1068 3444 1174 3501 est,
1230 3444 1292 3490 ut
1336 3434 1407 3491 ab
1429 3432 1688 3488 universa
1727 3427 1998 3488 catholica

408 3532 657 3590 Ecclesia
670 3531 818 3587 inter
834 3527 1218 3586 schismatieos
1232 3524 1569 3581 haberetur?
1586 3523 1673 3579 An
1688 3538 1799 3579 non
1818 3538 1847 3579 a
1863 3536 2001 3595 quo-

409 3621 920 3701 ἀεικιῶ-αμα)
938 3628 1188 3678 veterum
1200 3619 1589 3691 episcoporum
1606 3616 1820 3688 integro
1831 3630 1999 3673 sensu

409 3724 470 3773 et
497 3716 742 3788 perfecta
765 3713 967 3771 mentis
993 3711 1360 3784 intelligentia
1377 3709 1588 3767 dictum
1610 3718 1715 3778 est,
1740 3710 1874 3766 dum
1897 3708 2001 3765 be»

409 3826 484 3867 ne
520 3809 767 3874 affectos,
790 3823 860 3863 ne
882 3806 1160 3863 curiosius
1189 3821 1313 3876 qua:
1329 3805 1635 3860 humanum
1661 3809 1882 3874 captum
1902 3816 2001 3858 ex-

414 3901 623 3958 cedunt
655 3899 1114 3972 pervestigarent,
1130 3897 1441 3970 reprimere
1469 3895 1666 3952 vellet:
1691 3892 2000 3962 Quomodo,

414 3992 616 4064 inquit,
655 3993 818 4048 Pater
840 3989 1198 4062 Unigenitum
1236 3988 1513 4061 genuerit,
1562 3983 1782 4043 silentio
1822 3984 2002 4041 bono-

414 4092 571 4139 retur
599 4082 703 4156 (4)?
728 4082 796 4138 Et
836 4081 894 4136 in
909 4079 1184 4137 sermonis
1212 4093 1510 4151 progressu
1540 4074 1730 4132 addit:
1759 4073 2003 4147 Hujusce

417 4175 503 4232 rei
550 4172 903 4244 investigatio
930 4186 1125 4228 omnes
1156 4169 1556 4243 propemodum
1602 4168 1858 4249 caelestes
1889 4164 2005 4219 vir-

415 4275 587 4333 tutes,
641 4265 848 4323 nedum
922 4264 1181 4321 homines
1234 4263 1595 4324 hominumve
1640 4256 2005 4330 cogitationes

416 4358 658 4416 excedit.
685 4355 974 4426 Quomodo
1014 4370 1148 4429 ergo
1196 4355 1515 4412 necessaria
1556 4347 2004 4420 conveniensque

415 4466 530 4506 non
571 4459 658 4507 est
715 4450 809 4505 illa
853 4463 1139 4505 sacrarum
1192 4445 1609 4520 Scripturarum
1661 4441 2001 4501 admonitio:

423 4560 445 4594 ι
464 4542 676 4597 Altiora
708 4549 763 4597 te
788 4556 859 4597 ne
876 4539 1190 4612 quaesieris,
1215 4549 1273 4596 et
1304 4538 1540 4596 fortiora
1578 4544 1634 4592 te
1658 4550 1727 4591 ne
1742 4549 2005 4607 perscru-

2101 3352 2216 3415 τοῖς
2253 3351 2637 3422 σχισματικοϊς
2671 3347 2866 3403 ἑαυτὸν
2899 3346 3052 3420 παρὰ
3078 3349 3146 3420 τῇ
3183 3345 3415 3401 καθόλου
3455 3346 3689 3419 Ἐκκλη-

2103 3440 2196 3513 atq.
2222 3438 2570 3511 λογισθῆναι;
2598 3439 2713 3493 Οὑκ
2742 3437 2961 3511 εἴρηταί
2979 3455 3087 3493 τινι
3114 3436 3226 3494 τῶν
3251 3438 3357 3511 πρὸ
3383 3437 3543 3511 ἡμῶν
3571 3439 3687 3493 ὲπιο

2104 3532 2345 3598 σκόπων,
2379 3530 2692 3585 ἀναστεῖλαι
2723 3537 2752 3568 ι
2782 3529 3112 3603 βουλομένῳ,
3138 3530 3209 3587 τὰ
3238 3531 3380 3603 ὑπὲρ
3401 3530 3691 3604 ἄνθρωπον

2105 3621 2184 3693 μὴ
2218 3618 2679 3693 περιεργάζεσθαι
2710 3620 2838 3685 τοὺς
2877 3616 2937 3674 εὖ
2970 3618 3373 3692 διακειμένους,
3402 3619 3695 3693 ἐρρωμένη

2103 3715 2173 3786 τῇ
2213 3712 2426 3784 διανοίᾳ
2472 3712 2569 3766 καὶ
2611 3711 2818 3767 ὲντελεῖ
2845 3709 3061 3767 συνέσει
3106 3710 3311 3784 ταύτην
3341 3712 3568 3785 ρήξαντι
3594 3711 3694 3784 τὴν

2107 3806 2323 3877 φωνήνο
2351 3804 2477 3870 Πῶς
2497 3806 2526 3859 ό
2551 3803 2743 3877 Πατὴρ
2769 3803 2863 3859 τόν
2890 3805 3170 3877 Μονογενῆ
3201 3806 3484 3876 ἐγέννησε,
3513 3807 3692 3877 σιωπῇ

2102 3896 2358 3969 τιμάσθω
2384 3913 2400 3965 ;
2432 3895 2556 3957 ,Καὶ
2583 3898 2866 3970 προϊόντος
2892 3895 2990 3951 τοῦ
3021 3895 3215 3966 λόγου,
3262 3896 3696 3972 ἀπηριθμήσατο

2104 3990 2181 4054 ὡς
2230 3988 2586 4045 Διαλανθάνει
2617 3989 2713 4059 ἥδε
2753 3989 2789 4060 ἡ
2832 3987 3028 4061 ἔρευνα
3077 3989 3222 4045 κατὰ
3266 3988 3466 4064 μικρὸν
3513 3989 3696 4052 πάσας

2104 4080 2244 4152 ὁμοῦ
2284 4080 2383 4147 τὰς
2428 4080 2550 4135 κατ’
2598 4080 2829 4154 οὐρανὸν
2858 4081 3146 4153 δυνάμεις,
3211 4082 3443 4153 μήτοιγε
3482 4079 3692 4151 ἀνθρώ-

2107 4189 2264 4239 πους,
2309 4171 2406 4226 καὶ
2433 4170 2643 4228 ἔννοιαν
2675 4171 3002 4244 ἀνθρώπων.
3046 4171 3173 4236 Πῶς
3204 4170 3261 4226 δὲ
3285 4172 3387 4226 οὑκ
3419 4170 3696 4241 ἀναγκαία

2107 4266 2203 4323 καὶ
2240 4264 2531 4339 πρέπουσα
2554 4266 2588 4335 ἡ
2623 4265 2951 4337 παραίνεσις
2974 4264 3084 4319 τῶν
3114 4264 3275 4320 θείων
3306 4264 3567 4336 Γραφῶν,
3601 4265 3697 4319 ὲκ-

2106 4358 2440 4414 διδάσκουσα
2465 4371 2481 4389 ο
2514 4375 2533 4410 ι
2569 4355 2859 4431 Βαθύτερά
2889 4375 2983 4414 σου
3018 4359 3095 4430 μὴ
3135 4358 3311 4429 ζήτει,
3346 4359 3442 4414 καὶ
3477 4357 3696 4430 ἰσχυρό-

2106 4451 2246 4522 τερά
2285 4467 2379 4505 σου
2426 4448 2502 4523 μὴ
2535 4449 2759 4519 ἐξέταζε
2789 4459 2841 4507 γ.
2894 4451 2962 4505 ’Δ
3014 4449 3331 4522 προσετάγη
3365 4468 3450 4505 σοι
3475 4491 3490 4517 ,
3525 4448 3700 4504 ταῦτα

2108 4543 2341 4611 διανοοῦ.
2380 4542 2456 4597 υὺ
2513 4542 2624 4615 γὰρ
2666 4542 2829 4615 χρεία
2879 4559 2963 4597 σοι
3009 4541 3121 4598 τῶν
3160 4540 3512 4615 κρυπτῶνλι
3551 4541 3614 4595 Οἱ
3643 4539 3700 4594 δὲ

422 4643 571 4689 tatus
618 4632 811 4688 fueris.
855 4631 989 4699 Qua:
1037 4632 1136 4687 tibi
1187 4639 1461 4702 praecepta
1500 4635 1650 4694 sunt,
1694 4644 1759 4683 ea
1805 4627 1998 4698 cogita.

2114 4634 2648 4707 ὑπεραπολογεῖσθαι
2683 4632 2973 4706 ζητοῦντες
2994 4633 3105 4689 τῶν
3124 4633 3300 4688 ταῦτα
3324 4634 3579 4706 ἐννοῆσαι
3599 4634 3696 4686 καὶ

423 4723 544 4780 Non
568 4723 717 4778 enim
743 4721 844 4779 tibi
871 4721 1250 4779 necessarium
1274 4734 1339 4774 ea
1364 4733 1487 4790 quae
1515 4716 1839 4772 abscondita
1879 4724 1998 4770 sunt

2116 4727 2330 4798 φράσαι
2377 4725 2872 4796 ἐπιχειρησάντων,
2925 4724 3228 4797 παρόμοιόν
3260 4743 3314 4780 τι
3346 4724 3566 4795 λέγουσι
3598 4742 3701 4778 πε-

421 4815 613 4872 videre
640 4815 820 4873 oculis
866 4816 981 4872 tuis
1009 4816 1129 4870 "ii
1163 4814 1292 4869 Illos
1334 4819 1519 4869 autem
1566 4808 1663 4880 qui
1700 4807 2007 4877 inquirunt,

422 4921 535 4978 qua
564 4907 780 4964 ratione
812 4914 1199 4964 eosexcusent
1224 4903 1320 4976 qui
1343 4903 1463 4958 haec
1500 4914 1837 4973 cognoscere
1871 4898 2010 4955 eﬁ‘a-

2113 4818 2394 4880 πονθέναι,
2421 4808 2498 4870 ὧν
2529 4815 2828 4887 ὑπέμεινεν
2856 4818 2886 4870 ό
2920 4816 3191 4889 μακάριος
3222 4817 3487 4882 Παυλῖνος
3522 4818 3551 4871 ὁ
3581 4816 3703 4870 ἐπι-

2116 4922 2345 4972 σκοπος,
2387 4907 2448 4972 ὃς
2493 4910 2793 4980 παρῃτεῖτο
2833 4909 2986 4982 τρεῖς
3031 4909 3360 4974 ὑποστάσεις
3391 4910 3571 4979 λέγειν
3605 4911 3703 4982 ρη-

425 4999 543 5055 rive
595 4999 876 5067 laborant,
928 4998 1204 5073 ejusmodi
1246 4997 1381 5068 quid
1416 5011 1607 5068 passos
1659 4995 1835 5059 aiunt,
1890 5008 1998 5064 qua

2114 5000 2222 5065 τῶς
2245 5040 2261 5065 ,
2291 4999 2521 5072 δυνάμει
2552 5001 2646 5055 καὶ
2677 5000 2893 5070 άληθῶς
2918 5000 3091 5056 ταῦτα
3117 5012 3140 5040 ι
3176 5002 3418 5075 φρονῶν,
3442 5002 3621 5058 ταῦτα
3649 5003 3698 5040 δ’

426 5091 590 5149 beato
620 5094 854 5151 Paulino
877 5093 1142 5164 episcopo
1172 5090 1444 5149 accidisse
1495 5088 1737 5146 traditur
1788 5086 1890 5161 (Ξ).
1914 5087 1998 5142 [lit

2120 5091 2341 5163 μετιών.
2406 5090 2773 5164 Ἠκολούθησε
2829 5093 2888 5148 δὲ
2932 5096 3047 5159 τοῖς
3103 5094 3342 5160 δυτικοϊς
3396 5095 3703 5166 θεοφιλέων

426 5186 576 5241 enim
597 5186 702 5242 etsi
727 5194 840 5243 tres
872 5185 1200 5258 hypostases
1240 5183 1423 5254 palam
1482 5181 1670 5237 dicere
1709 5190 2012 5246 recusaret,

2120 5183 2439 5249 ἐπισκόποις
2463 5223 2479 5248 ,
2526 5183 2604 5255 τῷ
2636 5183 2968 5240 ὲστενῶσοαι
3004 5185 3103 5257 τὴν
3152 5187 3465 5260 Ῥωμαϊκὴν
3496 5186 3700 5256 φωνὴν,

428 5291 491 5334 re
529 5286 714 5335 tamen
757 5288 817 5335 et
849 5278 1057 5333 virtute
1078 5276 1148 5331 ab
1194 5275 1416 5330 illorum
1472 5272 1742 5329 sententia
1807 5282 1864 5327 et
1908 5271 1998 5327 1ὶώ

2121 5274 2214 5327 καὶ
2249 5271 2615 5346 μὴδύνασθαι
2660 5273 2798 5345 πρὸς
2837 5272 2936 5346 τὴν
2969 5274 3249 5346 ἡμετέραν
3293 5274 3406 5331 τῶν
3446 5270 3704 5345 Τραῖκῶν

430 5371 654 5445 quihoc
691 5370 1121 5442 proﬁtebantur,
1148 5381 1261 5422 non
1325 5365 1639 5422 recedebat.
1683 5363 1998 5421 Sectabatun

2123 5363 2349 5436 φράσιν,
2380 5367 2531 5437 τρεῖς
2566 5364 2894 5430 ὑποστάσεις
2915 5363 3116 5435 λέγειν.

497 5508 540 5541 ⁸⁸
562 5506 734 5563 Eccli.
767 5520 845 5571 ιιι,
866 5502 957 5558 22.

1408 5670 1417 5675 ν
1534 5594 1709 5651 Variae
1728 5594 1995 5651 lectiones
2024 5593 2234 5650 codicis
2262 5591 2627 5663 Seguieriani.

500 5722 531 5754 ν
563 5712 756 5775 πάθος.
836 5722 861 5750 κ
885 5712 1228 5786 ἀναγγεῖλαι.
1306 5724 1335 5764 γ
1370 5711 1761 5786 περιεργάζου.

384 5886 411 5914 ⁸
503 5824 582 5891 tl)
608 5822 770 5880 Basil.
802 5823 856 5881 in
879 5836 1000 5884 orat
1043 5826 1121 5883 De
1144 5826 1419 5884 nativitate
1440 5823 1655 5884 Christi.

1843 5722 1865 5751 ⁸
1898 5712 1967 5768 τὰ
1996 5710 2157 5767 αὑτά.

2237 5715 2285 5747 τ’
2313 5711 2385 5764 τὰ
2410 5710 2572 5765 αὑτά.

2197 5821 2272 5894 (2)
2308 5822 2445 5879 Vide
2473 5821 2698 5879 llieron.
2728 5822 2889 5894 epist.
2925 5824 2993 5882 57
3020 5832 3077 5881 et
3103 5823 3172 5880 58
3222 5823 3290 5880 ad
3314 5822 3548 5879 Damasu
3570 5839 3626 5879 ιι.
