  <div class='ocr_page' id='page_1' title='image "/cluster/home/n/w/nwhite01/storage/ocr_20150623/77:no.10/coo.31924054869783/058.png"; bbox 0 0 4058 6442; ppageno 0'>
   <div class='ocr_carea' id='block_1_1' title="bbox 376 345 1978 443">
    <p class='ocr_par' dir='ltr' id='par_1_1' title="bbox 376 345 1978 443">
     <span class='ocr_line' id='line_1_1' title="bbox 376 345 1978 443; baseline -0.001 -27"><span class='ocrx_word' id='word_1_1' title='bbox 376 345 493 399; x_wconf 69' lang='grc' dir='ltr'><strong>τω</strong></span> <span class='ocrx_word' id='word_1_2' title='bbox 1798 357 1978 443; x_wconf 77' lang='lat' dir='ltr'><strong>EPIS&#39;.</strong></span> 
     </span>
    </p>
   </div>
   <div class='ocr_carea' id='block_1_2' title="bbox 2072 345 3674 443">
    <p class='ocr_par' dir='ltr' id='par_1_2' title="bbox 2072 352 3674 418">
     <span class='ocr_line' id='line_1_2' title="bbox 2072 352 3674 418; baseline -0.001 -2"><span class='ocrx_word' id='word_1_3' title='bbox 2072 358 2147 416; x_wconf 70' lang='lat' dir='ltr'><strong>LA</strong></span> <span class='ocrx_word' id='word_1_4' title='bbox 2185 352 2303 411; x_wconf 67' lang='lat' dir='ltr'><strong>XV.</strong></span> <span class='ocrx_word' id='word_1_5' title='bbox 3571 362 3674 418; x_wconf 69' lang='grc'><strong>102</strong></span> 
     </span>
    </p>
   </div>
   <div class='ocr_carea' id='block_1_3' title="bbox 376 465 3681 544">
    <p class='ocr_par' dir='ltr' id='par_1_3' title="bbox 376 465 3681 544">
     <span class='ocr_line' id='line_1_3' title="bbox 376 465 3681 544; baseline 0.005 -25"><span class='ocrx_word' id='word_1_6' title='bbox 376 466 482 519; x_wconf 77' lang='lat' dir='ltr'><strong>hic</strong></span> <span class='ocrx_word' id='word_1_7' title='bbox 540 473 735 520; x_wconf 88' lang='lat' dir='ltr'><strong>autem</strong></span> <span class='ocrx_word' id='word_1_8' title='bbox 787 465 1075 536; x_wconf 90' lang='lat' dir='ltr'><strong>piissimos</strong></span> <span class='ocrx_word' id='word_1_9' title='bbox 1118 469 1433 528; x_wconf 73' lang='lat' dir='ltr'><strong>Occidentis</strong></span> <span class='ocrx_word' id='word_1_10' title='bbox 1489 472 1803 542; x_wconf 85' lang='lat' dir='ltr'><strong>episcOpes,</strong></span> <span class='ocrx_word' id='word_1_11' title='bbox 1866 483 2161 542; x_wconf 85' lang='lat' dir='ltr'><strong>propterea</strong></span> <span class='ocrx_word' id='word_1_12' title='bbox 2187 468 2334 541; x_wconf 91' lang='lat' dir='ltr'><strong>quod</strong></span> <span class='ocrx_word' id='word_1_13' title='bbox 2372 469 2636 525; x_wconf 76' lang='lat' dir='ltr'><strong>Romanae</strong></span> <span class='ocrx_word' id='word_1_14' title='bbox 2681 469 2888 543; x_wconf 69' lang='lat' dir='ltr'><strong>lingua:</strong></span> <span class='ocrx_word' id='word_1_15' title='bbox 2938 472 3219 544; x_wconf 76' lang='lat' dir='ltr'><strong>angustia,</strong></span> <span class='ocrx_word' id='word_1_16' title='bbox 3277 473 3442 531; x_wconf 84' lang='lat' dir='ltr'><strong>sicuti</strong></span> <span class='ocrx_word' id='word_1_17' title='bbox 3491 487 3681 535; x_wconf 80' lang='lat' dir='ltr'><strong>nostra</strong></span> 
     </span>
    </p>
   </div>
   <div class='ocr_carea' id='block_1_4' title="bbox 368 555 2224 630">
    <p class='ocr_par' dir='ltr' id='par_1_4' title="bbox 368 555 2224 630">
     <span class='ocr_line' id='line_1_4' title="bbox 368 555 2224 630; baseline 0.003 -21"><span class='ocrx_word' id='word_1_18' title='bbox 368 560 582 610; x_wconf 64' lang='lat' dir='ltr'><strong>Graeca</strong></span> <span class='ocrx_word' id='word_1_19' title='bbox 608 555 854 625; x_wconf 84' lang='lat' dir='ltr'><strong>phrasis,</strong></span> <span class='ocrx_word' id='word_1_20' title='bbox 878 566 1004 612; x_wconf 82' lang='lat' dir='ltr'><strong>tres</strong></span> <span class='ocrx_word' id='word_1_21' title='bbox 1032 557 1357 630; x_wconf 80' lang='lat' dir='ltr'><strong>bypostases</strong></span> <span class='ocrx_word' id='word_1_22' title='bbox 1378 559 1566 616; x_wconf 85' lang='lat' dir='ltr'><strong>dicere</strong></span> <span class='ocrx_word' id='word_1_23' title='bbox 1585 561 1874 618; x_wconf 86' lang='lat' dir='ltr'><strong>commode</strong></span> <span class='ocrx_word' id='word_1_24' title='bbox 1914 578 2026 619; x_wconf 93' lang='lat' dir='ltr'><strong>non</strong></span> <span class='ocrx_word' id='word_1_25' title='bbox 2064 562 2224 617; x_wconf 76' lang='lat' dir='ltr'><strong>ferat.</strong></span> 
     </span>
    </p>
   </div>
   <div class='ocr_carea' id='block_1_5' title="bbox 450 649 2052 731">
    <p class='ocr_par' dir='ltr' id='par_1_5' title="bbox 450 649 2052 726">
     <span class='ocr_line' id='line_1_5' title="bbox 450 649 2052 726; baseline 0.004 -24"><span class='ocrx_word' id='word_1_26' title='bbox 450 649 614 719; x_wconf 74' lang='grc' dir='ltr'>Πλὴν</span> <span class='ocrx_word' id='word_1_27' title='bbox 643 650 730 703; x_wconf 83' lang='grc' dir='ltr'>ὅτι</span> <span class='ocrx_word' id='word_1_28' title='bbox 756 649 865 721; x_wconf 81' lang='grc' dir='ltr'><strong>χρὴ</strong></span> <span class='ocrx_word' id='word_1_29' title='bbox 908 649 1126 716; x_wconf 81' lang='grc' dir='ltr'><strong>πάντας</strong></span> <span class='ocrx_word' id='word_1_30' title='bbox 1152 655 1300 725; x_wconf 75' lang='grc' dir='ltr'>ημᾶς</span> <span class='ocrx_word' id='word_1_31' title='bbox 1335 656 1462 720; x_wconf 84' lang='grc' dir='ltr'>τοὺς</span> <span class='ocrx_word' id='word_1_32' title='bbox 1490 654 1822 726; x_wconf 80' lang='grc' dir='ltr'><strong>δυναμένους</strong></span> <span class='ocrx_word' id='word_1_33' title='bbox 1858 671 1982 709; x_wconf 86' lang='grc' dir='ltr'>συν-</span> <span class='ocrx_word' id='word_1_34' title='bbox 2017 662 2052 719; x_wconf 72' lang='grc' dir='ltr'><strong><em>Α</em></strong></span> 
     </span>
    </p>
   </div>
   <div class='ocr_carea' id='block_1_6' title="bbox 2077 649 3679 731">
    <p class='ocr_par' dir='ltr' id='par_1_6' title="bbox 2160 653 3679 731">
     <span class='ocr_line' id='line_1_6' title="bbox 2160 653 3679 731; baseline 0.006 -20"><span class='ocrx_word' id='word_1_35' title='bbox 2160 653 2655 711; x_wconf 78' lang='lat' dir='ltr'><strong>Verumenimvero</strong></span> <span class='ocrx_word' id='word_1_36' title='bbox 2704 663 2926 726; x_wconf 81' lang='lat' dir='ltr'><strong>oportet</strong></span> <span class='ocrx_word' id='word_1_37' title='bbox 2969 672 3073 713; x_wconf 87' lang='lat' dir='ltr'><strong>nos</strong></span> <span class='ocrx_word' id='word_1_38' title='bbox 3148 673 3362 726; x_wconf 83' lang='lat' dir='ltr'><strong>omnes,</strong></span> <span class='ocrx_word' id='word_1_39' title='bbox 3419 662 3516 731; x_wconf 88' lang='lat' dir='ltr'><strong>qui</strong></span> <span class='ocrx_word' id='word_1_40' title='bbox 3570 665 3679 721; x_wconf 72' lang='lat' dir='ltr'><strong>Ec~</strong></span> 
     </span>
    </p>
   </div>
   <div class='ocr_carea' id='block_1_7' title="bbox 374 740 1976 822">
    <p class='ocr_par' dir='ltr' id='par_1_7' title="bbox 374 740 1976 817">
     <span class='ocr_line' id='line_1_7' title="bbox 374 740 1976 817; baseline 0.003 -22"><span class='ocrx_word' id='word_1_41' title='bbox 374 740 576 810; x_wconf 84' lang='grc' dir='ltr'>αλγεῖν</span> <span class='ocrx_word' id='word_1_42' title='bbox 627 741 729 795; x_wconf 73' lang='grc' dir='ltr'>καὶ</span> <span class='ocrx_word' id='word_1_43' title='bbox 792 741 1147 813; x_wconf 79' lang='grc' dir='ltr'><strong>συμπάσχειν</strong></span> <span class='ocrx_word' id='word_1_44' title='bbox 1196 746 1262 817; x_wconf 78' lang='grc' dir='ltr'>τῇ</span> <span class='ocrx_word' id='word_1_45' title='bbox 1323 746 1622 817; x_wconf 70' lang='grc' dir='ltr'>Ἐκκλησία</span> <span class='ocrx_word' id='word_1_46' title='bbox 1661 745 1758 800; x_wconf 82' lang='grc' dir='ltr'>τοῦ</span> <span class='ocrx_word' id='word_1_47' title='bbox 1807 745 1976 813; x_wconf 75' lang='grc' dir='ltr'>Θεοῦ,</span> 
     </span>
    </p>
   </div>
   <div class='ocr_carea' id='block_1_8' title="bbox 2073 740 3675 822">
    <p class='ocr_par' dir='ltr' id='par_1_8' title="bbox 2082 743 3675 822">
     <span class='ocr_line' id='line_1_8' title="bbox 2082 743 3675 822; baseline 0.005 -22"><span class='ocrx_word' id='word_1_48' title='bbox 2082 743 2274 800; x_wconf 71' lang='lat' dir='ltr'><strong>clesiae</strong></span> <span class='ocrx_word' id='word_1_49' title='bbox 2305 743 2406 800; x_wconf 81' lang='lat' dir='ltr'><strong>Dei</strong></span> <span class='ocrx_word' id='word_1_50' title='bbox 2427 743 2607 798; x_wconf 81' lang='lat' dir='ltr'><strong>vicem</strong></span> <span class='ocrx_word' id='word_1_51' title='bbox 2628 743 2842 810; x_wconf 83' lang='lat' dir='ltr'><strong>dolere,</strong></span> <span class='ocrx_word' id='word_1_52' title='bbox 2875 745 3170 817; x_wconf 88' lang='lat' dir='ltr'><strong>eidemque</strong></span> <span class='ocrx_word' id='word_1_53' title='bbox 3213 751 3454 820; x_wconf 89' lang='lat' dir='ltr'><strong>compati</strong></span> <span class='ocrx_word' id='word_1_54' title='bbox 3478 767 3675 822; x_wconf 82' lang='lat' dir='ltr'><strong>pessu-</strong></span> 
     </span>
    </p>
   </div>
   <div class='ocr_carea' id='block_1_9' title="bbox 368 831 1970 909">
    <p class='ocr_par' dir='ltr' id='par_1_9' title="bbox 368 831 1970 909">
     <span class='ocr_line' id='line_1_9' title="bbox 368 831 1970 909; baseline 0.006 -25"><span class='ocrx_word' id='word_1_55' title='bbox 368 832 517 905; x_wconf 74' lang='grc' dir='ltr'>ιπερὶ</span> <span class='ocrx_word' id='word_1_56' title='bbox 541 831 750 885; x_wconf 71' lang='grc' dir='ltr'>πολλοῦ</span> <span class='ocrx_word' id='word_1_57' title='bbox 776 833 1029 903; x_wconf 79' lang='grc' dir='ltr'>ποιῆσαι,</span> <span class='ocrx_word' id='word_1_58' title='bbox 1053 836 1407 891; x_wconf 81' lang='grc' dir='ltr'><strong>καταστεῖλαι</strong></span> <span class='ocrx_word' id='word_1_59' title='bbox 1432 837 1532 909; x_wconf 83' lang='grc' dir='ltr'><strong>τὴν</strong></span> <span class='ocrx_word' id='word_1_60' title='bbox 1562 837 1970 907; x_wconf 63' lang='grc' dir='ltr'>ὲξαγγελθεῖσαπ</span> 
     </span>
    </p>
   </div>
   <div class='ocr_carea' id='block_1_10' title="bbox 2076 831 3678 909">
    <p class='ocr_par' dir='ltr' id='par_1_10' title="bbox 2087 834 3678 900">
     <span class='ocr_line' id='line_1_10' title="bbox 2087 834 3678 900; baseline 0.006 -10"><span class='ocrx_word' id='word_1_61' title='bbox 2087 850 2234 900; x_wconf 88' lang='lat' dir='ltr'><strong>mus,</strong></span> <span class='ocrx_word' id='word_1_62' title='bbox 2270 834 2487 889; x_wconf 90' lang='lat' dir='ltr'><strong>nullum</strong></span> <span class='ocrx_word' id='word_1_63' title='bbox 2542 850 2656 890; x_wconf 92' lang='lat' dir='ltr'><strong>non</strong></span> <span class='ocrx_word' id='word_1_64' title='bbox 2703 845 2962 891; x_wconf 85' lang='lat' dir='ltr'><strong>conatum</strong></span> <span class='ocrx_word' id='word_1_65' title='bbox 3020 852 3085 893; x_wconf 89' lang='lat' dir='ltr'><strong>ac</strong></span> <span class='ocrx_word' id='word_1_66' title='bbox 3130 838 3375 894; x_wconf 89' lang='lat' dir='ltr'><strong>studium</strong></span> <span class='ocrx_word' id='word_1_67' title='bbox 3412 838 3678 900; x_wconf 66' lang='lat' dir='ltr'><strong>adbibere</strong></span> 
     </span>
    </p>
   </div>
   <div class='ocr_carea' id='block_1_11' title="bbox 365 923 1967 1002">
    <p class='ocr_par' dir='ltr' id='par_1_11' title="bbox 365 923 1967 1000">
     <span class='ocr_line' id='line_1_11' title="bbox 365 923 1967 1000; baseline 0.004 -24"><span class='ocrx_word' id='word_1_68' title='bbox 365 927 613 996; x_wconf 61' lang='grc' dir='ltr'>τφωνήνν</span> <span class='ocrx_word' id='word_1_69' title='bbox 667 925 820 987; x_wconf 82' lang='grc' dir='ltr'>ὅπως</span> <span class='ocrx_word' id='word_1_70' title='bbox 876 923 952 997; x_wconf 82' lang='grc' dir='ltr'>μὴ</span> <span class='ocrx_word' id='word_1_71' title='bbox 1010 926 1283 998; x_wconf 83' lang='grc' dir='ltr'>πρόφασις</span> <span class='ocrx_word' id='word_1_72' title='bbox 1332 928 1462 999; x_wconf 84' lang='grc' dir='ltr'>δοθῇ</span> <span class='ocrx_word' id='word_1_73' title='bbox 1518 931 1636 994; x_wconf 77' lang='grc' dir='ltr'>τοῖς</span> <span class='ocrx_word' id='word_1_74' title='bbox 1686 928 1967 1000; x_wconf 68' lang='grc' dir='ltr'>διασχίζειε</span> 
     </span>
    </p>
   </div>
   <div class='ocr_carea' id='block_1_12' title="bbox 2074 923 3676 1002">
    <p class='ocr_par' dir='ltr' id='par_1_12' title="bbox 2082 925 3676 1002">
     <span class='ocr_line' id='line_1_12' title="bbox 2082 925 3676 1002; baseline 0.005 -23"><span class='ocrx_word' id='word_1_75' title='bbox 2082 939 2199 994; x_wconf 81' lang='lat' dir='ltr'><strong>quo</strong></span> <span class='ocrx_word' id='word_1_76' title='bbox 2223 939 2419 980; x_wconf 81' lang='lat' dir='ltr'><strong>vocem</strong></span> <span class='ocrx_word' id='word_1_77' title='bbox 2464 925 2609 981; x_wconf 87' lang='lat' dir='ltr'><strong>male</strong></span> <span class='ocrx_word' id='word_1_78' title='bbox 2652 925 2900 997; x_wconf 81' lang='lat' dir='ltr'><strong>elapsam</strong></span> <span class='ocrx_word' id='word_1_79' title='bbox 2950 927 3338 997; x_wconf 78' lang='lat' dir='ltr'><strong>reprimamus,</strong></span> <span class='ocrx_word' id='word_1_80' title='bbox 3388 946 3460 986; x_wconf 92' lang='lat' dir='ltr'><strong>ne</strong></span> <span class='ocrx_word' id='word_1_81' title='bbox 3510 947 3676 1002; x_wconf 85' lang='lat' dir='ltr'><strong>quam</strong></span> 
     </span>
    </p>
   </div>
   <div class='ocr_carea' id='block_1_13' title="bbox 372 1013 1974 1091">
    <p class='ocr_par' dir='ltr' id='par_1_13' title="bbox 372 1013 1974 1089">
     <span class='ocr_line' id='line_1_13' title="bbox 372 1013 1974 1089; baseline 0.002 -21"><span class='ocrx_word' id='word_1_82' title='bbox 372 1014 475 1068; x_wconf 76' lang='grc' dir='ltr'><strong>καὶ</strong></span> <span class='ocrx_word' id='word_1_83' title='bbox 525 1013 850 1083; x_wconf 85' lang='grc' dir='ltr'>διατέμνειν</span> <span class='ocrx_word' id='word_1_84' title='bbox 904 1013 1007 1084; x_wconf 82' lang='grc' dir='ltr'>τὴν</span> <span class='ocrx_word' id='word_1_85' title='bbox 1079 1016 1410 1088; x_wconf 79' lang='grc' dir='ltr'><strong>Ἐκκλησίαν</strong></span> <span class='ocrx_word' id='word_1_86' title='bbox 1452 1016 1550 1072; x_wconf 80' lang='grc' dir='ltr'><strong>τοῦ</strong></span> <span class='ocrx_word' id='word_1_87' title='bbox 1587 1017 1724 1073; x_wconf 83' lang='grc' dir='ltr'><strong>Θεοῦ</strong></span> <span class='ocrx_word' id='word_1_88' title='bbox 1754 1018 1974 1089; x_wconf 78' lang='grc' dir='ltr'>ἑτοίμως</span> 
     </span>
    </p>
   </div>
   <div class='ocr_carea' id='block_1_14' title="bbox 2075 1013 3677 1091">
    <p class='ocr_par' dir='ltr' id='par_1_14' title="bbox 2086 1016 3677 1091">
     <span class='ocr_line' id='line_1_14' title="bbox 2086 1016 3677 1091; baseline 0.005 -19"><span class='ocrx_word' id='word_1_89' title='bbox 2086 1016 2220 1072; x_wconf 80' lang='lat' dir='ltr'><strong>hinc</strong></span> <span class='ocrx_word' id='word_1_90' title='bbox 2243 1016 2596 1072; x_wconf 80' lang='lat' dir='ltr'><strong>occasionem</strong></span> <span class='ocrx_word' id='word_1_91' title='bbox 2620 1026 2969 1089; x_wconf 85' lang='lat' dir='ltr'><strong>aucupentur</strong></span> <span class='ocrx_word' id='word_1_92' title='bbox 2994 1018 3077 1074; x_wconf 82' lang='lat' dir='ltr'><strong>illi</strong></span> <span class='ocrx_word' id='word_1_93' title='bbox 3107 1019 3206 1091; x_wconf 87' lang='lat' dir='ltr'><strong>qui</strong></span> <span class='ocrx_word' id='word_1_94' title='bbox 3250 1021 3351 1076; x_wconf 87' lang='lat' dir='ltr'><strong>Dei</strong></span> <span class='ocrx_word' id='word_1_95' title='bbox 3370 1021 3677 1080; x_wconf 82' lang='lat' dir='ltr'><strong>Eeclesiam</strong></span> 
     </span>
    </p>
   </div>
   <div class='ocr_carea' id='block_1_15' title="bbox 362 1101 1964 1180">
    <p class='ocr_par' dir='ltr' id='par_1_15' title="bbox 362 1101 1964 1180">
     <span class='ocr_line' id='line_1_15' title="bbox 362 1101 1964 1180; baseline 0.005 -25"><span class='ocrx_word' id='word_1_96' title='bbox 362 1101 590 1174; x_wconf 63' lang='grc' dir='ltr'>ἔχουσι.</span> <span class='ocrx_word' id='word_1_97' title='bbox 625 1103 723 1158; x_wconf 83' lang='grc' dir='ltr'><strong>Διὸ</strong></span> <span class='ocrx_word' id='word_1_98' title='bbox 766 1104 877 1176; x_wconf 82' lang='grc' dir='ltr'><strong>χρὴ</strong></span> <span class='ocrx_word' id='word_1_99' title='bbox 923 1106 1027 1178; x_wconf 82' lang='grc' dir='ltr'>τὴν</span> <span class='ocrx_word' id='word_1_100' title='bbox 1063 1104 1164 1177; x_wconf 77' lang='grc' dir='ltr'>σὴν</span> <span class='ocrx_word' id='word_1_101' title='bbox 1196 1107 1385 1179; x_wconf 74' lang='grc' dir='ltr'>ἐντελῆ</span> <span class='ocrx_word' id='word_1_102' title='bbox 1433 1108 1528 1162; x_wconf 80' lang='grc' dir='ltr'>καὶ</span> <span class='ocrx_word' id='word_1_103' title='bbox 1559 1108 1964 1180; x_wconf 65' lang='grc' dir='ltr'>ἀπηρτισμένη</span> 
     </span>
    </p>
   </div>
   <div class='ocr_carea' id='block_1_16' title="bbox 2074 1101 3676 1180">
    <p class='ocr_par' dir='ltr' id='par_1_16' title="bbox 2087 1106 3676 1180">
     <span class='ocr_line' id='line_1_16' title="bbox 2087 1106 3676 1180; baseline 0.006 -18"><span class='ocrx_word' id='word_1_104' title='bbox 2087 1106 2351 1164; x_wconf 73' lang='lat' dir='ltr'><strong>divellere</strong></span> <span class='ocrx_word' id='word_1_105' title='bbox 2381 1107 2813 1179; x_wconf 79' lang='lat' dir='ltr'><strong>discindereque</strong></span> <span class='ocrx_word' id='word_1_106' title='bbox 2835 1110 3015 1180; x_wconf 88' lang='lat' dir='ltr'><strong>parati</strong></span> <span class='ocrx_word' id='word_1_107' title='bbox 3031 1119 3184 1167; x_wconf 86' lang='lat' dir='ltr'><strong>sunt.</strong></span> <span class='ocrx_word' id='word_1_108' title='bbox 3229 1110 3598 1178; x_wconf 79' lang='lat' dir='ltr'><strong>Quamobrem</strong></span> <span class='ocrx_word' id='word_1_109' title='bbox 3628 1116 3676 1171; x_wconf 87' lang='lat' dir='ltr'><strong>si</strong></span> 
     </span>
    </p>
   </div>
   <div class='ocr_carea' id='block_1_17' title="bbox 364 1196 1966 1289">
    <p class='ocr_par' dir='ltr' id='par_1_17' title="bbox 364 1196 1966 1289">
     <span class='ocr_line' id='line_1_17' title="bbox 364 1196 1966 1289; baseline 0.001 -38"><span class='ocrx_word' id='word_1_110' title='bbox 364 1196 628 1289; x_wconf 68' lang='grc' dir='ltr'>σύνεσιν,</span> <span class='ocrx_word' id='word_1_111' title='bbox 660 1199 712 1252; x_wconf 87' lang='grc' dir='ltr'><strong>εί</strong></span> <span class='ocrx_word' id='word_1_112' title='bbox 754 1198 851 1252; x_wconf 80' lang='grc' dir='ltr'><strong>καί</strong></span> <span class='ocrx_word' id='word_1_113' title='bbox 885 1216 970 1252; x_wconf 87' lang='grc' dir='ltr'><strong>τοι</strong></span> <span class='ocrx_word' id='word_1_114' title='bbox 1001 1199 1247 1252; x_wconf 74' lang='grc' dir='ltr'>τοιοῦτον</span> <span class='ocrx_word' id='word_1_115' title='bbox 1276 1198 1376 1271; x_wconf 80' lang='grc' dir='ltr'>τὴν</span> <span class='ocrx_word' id='word_1_116' title='bbox 1421 1201 1602 1273; x_wconf 78' lang='grc' dir='ltr'>ἀρχὴν</span> <span class='ocrx_word' id='word_1_117' title='bbox 1632 1200 1894 1289; x_wconf 51' lang='lat' dir='ltr'><strong>tamen,</strong></span> <span class='ocrx_word' id='word_1_118' title='bbox 1925 1200 1966 1254; x_wconf 72' lang='grc' dir='ltr'><strong>τὲ</strong></span> 
     </span>
    </p>
   </div>
   <div class='ocr_carea' id='block_1_18' title="bbox 2074 1196 3676 1289">
    <p class='ocr_par' dir='ltr' id='par_1_18' title="bbox 2086 1199 3676 1273">
     <span class='ocr_line' id='line_1_18' title="bbox 2086 1199 3676 1273; baseline 0.005 -19"><span class='ocrx_word' id='word_1_119' title='bbox 2086 1199 2220 1270; x_wconf 84' lang='lat' dir='ltr'><strong>quid</strong></span> <span class='ocrx_word' id='word_1_120' title='bbox 2244 1199 2353 1255; x_wconf 82' lang='lat' dir='ltr'><strong>tale</strong></span> <span class='ocrx_word' id='word_1_121' title='bbox 2376 1200 2541 1257; x_wconf 81' lang='lat' dir='ltr'><strong>initio</strong></span> <span class='ocrx_word' id='word_1_122' title='bbox 2571 1200 2803 1268; x_wconf 77' lang='lat' dir='ltr'><strong>eﬂluxit,</strong></span> <span class='ocrx_word' id='word_1_123' title='bbox 2854 1202 3007 1273; x_wconf 86' lang='lat' dir='ltr'><strong>quod</strong></span> <span class='ocrx_word' id='word_1_124' title='bbox 3060 1204 3267 1261; x_wconf 88' lang='lat' dir='ltr'><strong>multos</strong></span> <span class='ocrx_word' id='word_1_125' title='bbox 3306 1206 3507 1261; x_wconf 89' lang='lat' dir='ltr'><strong>merito</strong></span> <span class='ocrx_word' id='word_1_126' title='bbox 3542 1207 3676 1263; x_wconf 86' lang='lat' dir='ltr'><strong>reli-</strong></span> 
     </span>
    </p>
   </div>
   <div class='ocr_carea' id='block_1_19' title="bbox 350 1288 1952 1367">
    <p class='ocr_par' dir='ltr' id='par_1_19' title="bbox 350 1288 1952 1362">
     <span class='ocr_line' id='line_1_19' title="bbox 350 1288 1952 1362; baseline 0.001 -19"><span class='ocrx_word' id='word_1_127' title='bbox 350 1288 572 1343; x_wconf 64' lang='grc' dir='ltr'>λυπεῖν</span> <span class='ocrx_word' id='word_1_128' title='bbox 624 1300 655 1329; x_wconf 75' lang='grc' dir='ltr'>ι</span> <span class='ocrx_word' id='word_1_129' title='bbox 704 1290 805 1343; x_wconf 80' lang='grc' dir='ltr'>καὶ</span> <span class='ocrx_word' id='word_1_130' title='bbox 850 1290 1238 1362; x_wconf 78' lang='grc' dir='ltr'><strong>διαταράττειν</strong></span> <span class='ocrx_word' id='word_1_131' title='bbox 1308 1289 1539 1357; x_wconf 87' lang='grc' dir='ltr'>πολλοὺς</span> <span class='ocrx_word' id='word_1_132' title='bbox 1582 1291 1692 1345; x_wconf 86' lang='grc' dir='ltr'><strong>τῶν</strong></span> <span class='ocrx_word' id='word_1_133' title='bbox 1736 1290 1952 1346; x_wconf 77' lang='grc' dir='ltr'>εὐλασῶ</span> 
     </span>
    </p>
   </div>
   <div class='ocr_carea' id='block_1_20' title="bbox 2074 1288 3676 1367">
    <p class='ocr_par' dir='ltr' id='par_1_20' title="bbox 2086 1291 3676 1367">
     <span class='ocr_line' id='line_1_20' title="bbox 2086 1291 3676 1367; baseline 0.006 -20"><span class='ocrx_word' id='word_1_134' title='bbox 2086 1291 2280 1362; x_wconf 83' lang='lat' dir='ltr'><strong>giesos</strong></span> <span class='ocrx_word' id='word_1_135' title='bbox 2302 1292 2538 1362; x_wconf 83' lang='lat' dir='ltr'><strong>piosque</strong></span> <span class='ocrx_word' id='word_1_136' title='bbox 2575 1292 2836 1351; x_wconf 79' lang='lat' dir='ltr'><strong>homines</strong></span> <span class='ocrx_word' id='word_1_137' title='bbox 2866 1294 3069 1367; x_wconf 73' lang='lat' dir='ltr'><strong>adligat</strong></span> <span class='ocrx_word' id='word_1_138' title='bbox 3088 1305 3148 1352; x_wconf 89' lang='lat' dir='ltr'><strong>et</strong></span> <span class='ocrx_word' id='word_1_139' title='bbox 3182 1298 3499 1360; x_wconf 89' lang='lat' dir='ltr'><strong>conturbet,</strong></span> <span class='ocrx_word' id='word_1_140' title='bbox 3523 1307 3676 1356; x_wconf 87' lang='lat' dir='ltr'><strong>tuam</strong></span> 
     </span>
    </p>
   </div>
   <div class='ocr_carea' id='block_1_21' title="bbox 366 1378 1968 1461">
    <p class='ocr_par' dir='ltr' id='par_1_21' title="bbox 366 1378 1968 1455">
     <span class='ocr_line' id='line_1_21' title="bbox 366 1378 1968 1455; baseline 0.004 -23"><span class='ocrx_word' id='word_1_141' title='bbox 366 1379 471 1433; x_wconf 72' lang='grc' dir='ltr'>καὶ</span> <span class='ocrx_word' id='word_1_142' title='bbox 519 1378 906 1452; x_wconf 73' lang='grc' dir='ltr'>φιλοχρίστων</span> <span class='ocrx_word' id='word_1_143' title='bbox 948 1381 1286 1452; x_wconf 80' lang='grc' dir='ltr'>δυνάμενον,</span> <span class='ocrx_word' id='word_1_144' title='bbox 1319 1381 1674 1437; x_wconf 79' lang='grc' dir='ltr'>καταστεῖλαι</span> <span class='ocrx_word' id='word_1_145' title='bbox 1727 1382 1790 1436; x_wconf 79' lang='grc' dir='ltr'>τὸ</span> <span class='ocrx_word' id='word_1_146' title='bbox 1832 1400 1968 1455; x_wconf 82' lang='grc' dir='ltr'>κινη-</span> 
     </span>
    </p>
   </div>
   <div class='ocr_carea' id='block_1_22' title="bbox 2076 1378 3678 1461">
    <p class='ocr_par' dir='ltr' id='par_1_22' title="bbox 2088 1381 3678 1461">
     <span class='ocr_line' id='line_1_22' title="bbox 2088 1381 3678 1461; baseline 0.007 -24"><span class='ocrx_word' id='word_1_147' title='bbox 2088 1381 2472 1452; x_wconf 87' lang='lat' dir='ltr'><strong>integritatem</strong></span> <span class='ocrx_word' id='word_1_148' title='bbox 2515 1384 2892 1456; x_wconf 84' lang='lat' dir='ltr'><strong>omnibusque</strong></span> <span class='ocrx_word' id='word_1_149' title='bbox 2930 1388 3187 1447; x_wconf 82' lang='lat' dir='ltr'><strong>numeris</strong></span> <span class='ocrx_word' id='word_1_150' title='bbox 3215 1387 3523 1446; x_wconf 70' lang='lat' dir='ltr'><strong>absolutam</strong></span> <span class='ocrx_word' id='word_1_151' title='bbox 3542 1407 3678 1461; x_wconf 90' lang='lat' dir='ltr'><strong>pru-</strong></span> 
     </span>
    </p>
   </div>
   <div class='ocr_carea' id='block_1_23' title="bbox 364 1470 1966 1548">
    <p class='ocr_par' dir='ltr' id='par_1_23' title="bbox 364 1470 1966 1545">
     <span class='ocr_line' id='line_1_23' title="bbox 364 1470 1966 1545; baseline 0.001 -20"><span class='ocrx_word' id='word_1_152' title='bbox 364 1471 499 1525; x_wconf 69' lang='grc' dir='ltr'>θένο</span> <span class='ocrx_word' id='word_1_153' title='bbox 550 1471 606 1525; x_wconf 78' lang='grc' dir='ltr'><strong>εί</strong></span> <span class='ocrx_word' id='word_1_154' title='bbox 638 1471 739 1525; x_wconf 78' lang='grc' dir='ltr'><strong>καὶ</strong></span> <span class='ocrx_word' id='word_1_155' title='bbox 783 1470 854 1525; x_wconf 83' lang='grc' dir='ltr'><strong>τά</strong></span> <span class='ocrx_word' id='word_1_156' title='bbox 899 1471 1173 1543; x_wconf 81' lang='grc' dir='ltr'>μάλιστα,</span> <span class='ocrx_word' id='word_1_157' title='bbox 1206 1474 1279 1538; x_wconf 83' lang='grc' dir='ltr'>ὡς</span> <span class='ocrx_word' id='word_1_158' title='bbox 1333 1472 1550 1543; x_wconf 77' lang='grc' dir='ltr'>φθάσας</span> <span class='ocrx_word' id='word_1_159' title='bbox 1585 1472 1745 1545; x_wconf 73' lang='grc' dir='ltr'>ἔφην,</span> <span class='ocrx_word' id='word_1_160' title='bbox 1797 1472 1966 1527; x_wconf 70' lang='grc' dir='ltr'>πολλά</span> 
     </span>
    </p>
   </div>
   <div class='ocr_carea' id='block_1_24' title="bbox 2074 1470 3676 1548">
    <p class='ocr_par' dir='ltr' id='par_1_24' title="bbox 2086 1473 3676 1548">
     <span class='ocr_line' id='line_1_24' title="bbox 2086 1473 3676 1548; baseline 0.007 -18"><span class='ocrx_word' id='word_1_161' title='bbox 2086 1473 2334 1531; x_wconf 79' lang='lat' dir='ltr'><strong>dentiam</strong></span> <span class='ocrx_word' id='word_1_162' title='bbox 2393 1490 2748 1548; x_wconf 82' lang='lat' dir='ltr'><strong>summopere</strong></span> <span class='ocrx_word' id='word_1_163' title='bbox 2768 1478 2876 1534; x_wconf 78' lang='lat' dir='ltr'><strong>niti</strong></span> <span class='ocrx_word' id='word_1_164' title='bbox 2927 1479 3108 1546; x_wconf 84' lang='lat' dir='ltr'><strong>decet,</strong></span> <span class='ocrx_word' id='word_1_165' title='bbox 3156 1487 3220 1537; x_wconf 88' lang='lat' dir='ltr'><strong>ut</strong></span> <span class='ocrx_word' id='word_1_166' title='bbox 3264 1491 3479 1538; x_wconf 87' lang='lat' dir='ltr'><strong>metum</strong></span> <span class='ocrx_word' id='word_1_167' title='bbox 3525 1484 3676 1543; x_wconf 88' lang='lat' dir='ltr'><strong>hunc</strong></span> 
     </span>
    </p>
   </div>
   <div class='ocr_carea' id='block_1_25' title="bbox 363 1562 1965 1645">
    <p class='ocr_par' dir='ltr' id='par_1_25' title="bbox 363 1562 1965 1637">
     <span class='ocr_line' id='line_1_25' title="bbox 363 1562 1965 1637; baseline 0.002 -21"><span class='ocrx_word' id='word_1_168' title='bbox 363 1562 482 1616; x_wconf 69' lang='grc' dir='ltr'>ςιῖιν</span> <span class='ocrx_word' id='word_1_169' title='bbox 539 1562 659 1616; x_wconf 80' lang='grc' dir='ltr'>άπὸ</span> <span class='ocrx_word' id='word_1_170' title='bbox 716 1562 1361 1628; x_wconf 84' lang='grc' dir='ltr'>Κωνσταντινουπόλεως</span> <span class='ocrx_word' id='word_1_171' title='bbox 1416 1565 1836 1637; x_wconf 70' lang='grc' dir='ltr'>ἀφικνουμένων</span> <span class='ocrx_word' id='word_1_172' title='bbox 1895 1567 1965 1631; x_wconf 76' lang='grc' dir='ltr'>είς</span> 
     </span>
    </p>
   </div>
   <div class='ocr_carea' id='block_1_26' title="bbox 2074 1562 3676 1645">
    <p class='ocr_par' dir='ltr' id='par_1_26' title="bbox 2075 1565 3676 1645">
     <span class='ocr_line' id='line_1_26' title="bbox 2075 1565 3676 1645; baseline 0.007 -25"><span class='ocrx_word' id='word_1_173' title='bbox 2075 1565 2354 1623; x_wconf 80' lang='lat' dir='ltr'><strong>continuo</strong></span> <span class='ocrx_word' id='word_1_174' title='bbox 2393 1566 2589 1634; x_wconf 86' lang='lat' dir='ltr'><strong>sedet,</strong></span> <span class='ocrx_word' id='word_1_175' title='bbox 2631 1583 2970 1639; x_wconf 84' lang='lat' dir='ltr'><strong>quanquam,</strong></span> <span class='ocrx_word' id='word_1_176' title='bbox 3012 1580 3075 1627; x_wconf 92' lang='lat' dir='ltr'><strong>ut</strong></span> <span class='ocrx_word' id='word_1_177' title='bbox 3100 1571 3217 1643; x_wconf 68' lang='lat' dir='ltr'><strong>iam</strong></span> <span class='ocrx_word' id='word_1_178' title='bbox 3268 1572 3402 1639; x_wconf 70' lang='lat' dir='ltr'><strong>diri,</strong></span> <span class='ocrx_word' id='word_1_179' title='bbox 3444 1575 3676 1645; x_wconf 85' lang='lat' dir='ltr'><strong>plurimi</strong></span> 
     </span>
    </p>
   </div>
   <div class='ocr_carea' id='block_1_27' title="bbox 378 1652 1980 1734">
    <p class='ocr_par' dir='ltr' id='par_1_27' title="bbox 378 1652 1980 1730">
     <span class='ocr_line' id='line_1_27' title="bbox 378 1652 1980 1730; baseline 0.002 -21"><span class='ocrx_word' id='word_1_180' title='bbox 378 1655 737 1724; x_wconf 78' lang='grc' dir='ltr'>’Δντιόχειαν</span> <span class='ocrx_word' id='word_1_181' title='bbox 769 1653 870 1709; x_wconf 79' lang='grc' dir='ltr'>καὶ</span> <span class='ocrx_word' id='word_1_182' title='bbox 912 1652 1055 1726; x_wconf 75' lang='grc' dir='ltr'>πρὸς</span> <span class='ocrx_word' id='word_1_183' title='bbox 1105 1655 1295 1726; x_wconf 78' lang='grc' dir='ltr'>ἡμᾶς,</span> <span class='ocrx_word' id='word_1_184' title='bbox 1336 1655 1497 1710; x_wconf 82' lang='grc' dir='ltr'>τοῦτο</span> <span class='ocrx_word' id='word_1_185' title='bbox 1542 1656 1648 1728; x_wconf 80' lang='grc' dir='ltr'>μὲν</span> <span class='ocrx_word' id='word_1_186' title='bbox 1679 1658 1980 1730; x_wconf 84' lang='grc' dir='ltr'>κληρικῶν,</span> 
     </span>
    </p>
   </div>
   <div class='ocr_carea' id='block_1_28' title="bbox 2073 1652 3675 1734">
    <p class='ocr_par' dir='ltr' id='par_1_28' title="bbox 2086 1658 3675 1734">
     <span class='ocr_line' id='line_1_28' title="bbox 2086 1658 3675 1734; baseline 0.01 -23"><span class='ocrx_word' id='word_1_187' title='bbox 2086 1664 2206 1712; x_wconf 89' lang='lat' dir='ltr'><strong>tum</strong></span> <span class='ocrx_word' id='word_1_188' title='bbox 2230 1658 2383 1714; x_wconf 91' lang='lat' dir='ltr'><strong>clero</strong></span> <span class='ocrx_word' id='word_1_189' title='bbox 2402 1660 2659 1731; x_wconf 83' lang='lat' dir='ltr'><strong>ascripti,</strong></span> <span class='ocrx_word' id='word_1_190' title='bbox 2686 1669 2802 1719; x_wconf 89' lang='lat' dir='ltr'><strong>tum</strong></span> <span class='ocrx_word' id='word_1_191' title='bbox 2828 1662 3011 1732; x_wconf 85' lang='lat' dir='ltr'><strong>plebei</strong></span> <span class='ocrx_word' id='word_1_192' title='bbox 3038 1679 3353 1734; x_wconf 76' lang='lat' dir='ltr'><strong>quoque,ex</strong></span> <span class='ocrx_word' id='word_1_193' title='bbox 3367 1666 3504 1722; x_wconf 88' lang='lat' dir='ltr'><strong>urbe</strong></span> <span class='ocrx_word' id='word_1_194' title='bbox 3527 1666 3675 1727; x_wconf 84' lang='lat' dir='ltr'><strong>Con-</strong></span> 
     </span>
    </p>
   </div>
   <div class='ocr_carea' id='block_1_29' title="bbox 354 1745 1956 1829">
    <p class='ocr_par' dir='ltr' id='par_1_29' title="bbox 354 1745 1956 1822">
     <span class='ocr_line' id='line_1_29' title="bbox 354 1745 1956 1822; baseline 0.001 -20"><span class='ocrx_word' id='word_1_195' title='bbox 354 1747 533 1802; x_wconf 70' lang='lat' dir='ltr'><strong>Wt&#39;rro</strong></span> <span class='ocrx_word' id='word_1_196' title='bbox 553 1747 615 1800; x_wconf 74' lang='grc' dir='ltr'>δὲ</span> <span class='ocrx_word' id='word_1_197' title='bbox 639 1745 873 1812; x_wconf 62' lang='grc' dir='ltr'>λαῖκιῖη,</span> <span class='ocrx_word' id='word_1_198' title='bbox 893 1748 1220 1818; x_wconf 73' lang='grc' dir='ltr'>συνηγορεῖν</span> <span class='ocrx_word' id='word_1_199' title='bbox 1240 1746 1457 1802; x_wconf 81' lang='grc' dir='ltr'>δοκοῦσι</span> <span class='ocrx_word' id='word_1_200' title='bbox 1475 1747 1554 1820; x_wconf 80' lang='grc' dir='ltr'>τῷ</span> <span class='ocrx_word' id='word_1_201' title='bbox 1571 1747 1793 1820; x_wconf 79' lang='grc' dir='ltr'>ῥηθέντι</span> <span class='ocrx_word' id='word_1_202' title='bbox 1811 1750 1956 1822; x_wconf 80' lang='grc' dir='ltr'>ρητῷ</span> 
     </span>
    </p>
   </div>
   <div class='ocr_carea' id='block_1_30' title="bbox 2073 1745 3675 1829">
    <p class='ocr_par' dir='ltr' id='par_1_30' title="bbox 2086 1749 3675 1829">
     <span class='ocr_line' id='line_1_30' title="bbox 2086 1749 3675 1829; baseline 0.008 -25"><span class='ocrx_word' id='word_1_203' title='bbox 2086 1749 2582 1824; x_wconf 78' lang='lat' dir='ltr'><strong>stantinopelitana</strong></span> <span class='ocrx_word' id='word_1_204' title='bbox 2600 1752 2953 1811; x_wconf 83' lang='lat' dir='ltr'><strong>Antiochiam</strong></span> <span class='ocrx_word' id='word_1_205' title='bbox 3001 1763 3058 1812; x_wconf 91' lang='lat' dir='ltr'><strong>et</strong></span> <span class='ocrx_word' id='word_1_206' title='bbox 3084 1757 3154 1812; x_wconf 87' lang='lat' dir='ltr'><strong>ad</strong></span> <span class='ocrx_word' id='word_1_207' title='bbox 3200 1772 3309 1813; x_wconf 86' lang='lat' dir='ltr'><strong>nos</strong></span> <span class='ocrx_word' id='word_1_208' title='bbox 3357 1774 3535 1829; x_wconf 84' lang='lat' dir='ltr'><strong>usque</strong></span> <span class='ocrx_word' id='word_1_209' title='bbox 3579 1776 3675 1819; x_wconf 83' lang='lat' dir='ltr'><strong>ve-</strong></span> 
     </span>
    </p>
   </div>
   <div class='ocr_carea' id='block_1_31' title="bbox 364 1836 1966 1920">
    <p class='ocr_par' dir='ltr' id='par_1_31' title="bbox 364 1836 1966 1915">
     <span class='ocr_line' id='line_1_31' title="bbox 364 1836 1966 1915; baseline 0.001 -20"><span class='ocrx_word' id='word_1_210' title='bbox 364 1842 473 1895; x_wconf 84' lang='grc' dir='ltr'>οὐκ</span> <span class='ocrx_word' id='word_1_211' title='bbox 496 1839 776 1904; x_wconf 67' lang='grc' dir='ltr'>ἐναντίως</span> <span class='ocrx_word' id='word_1_212' title='bbox 792 1837 974 1909; x_wconf 78' lang='grc' dir='ltr'>ἔχοντι</span> <span class='ocrx_word' id='word_1_213' title='bbox 988 1836 1135 1892; x_wconf 82' lang='grc' dir='ltr'>κατὰ</span> <span class='ocrx_word' id='word_1_214' title='bbox 1166 1837 1407 1895; x_wconf 85' lang='grc' dir='ltr'>διάνοιαν</span> <span class='ocrx_word' id='word_1_215' title='bbox 1429 1842 1496 1912; x_wconf 76' lang='grc' dir='ltr'><strong>τῇ</strong></span> <span class='ocrx_word' id='word_1_216' title='bbox 1519 1842 1852 1915; x_wconf 75' lang='grc' dir='ltr'>άποστολικῇ</span> <span class='ocrx_word' id='word_1_217' title='bbox 1890 1843 1966 1896; x_wconf 88' lang='grc' dir='ltr'>πί-</span> 
     </span>
    </p>
   </div>
   <div class='ocr_carea' id='block_1_32' title="bbox 2076 1836 3678 1920">
    <p class='ocr_par' dir='ltr' id='par_1_32' title="bbox 2084 1841 3678 1920">
     <span class='ocr_line' id='line_1_32' title="bbox 2084 1841 3678 1920; baseline 0.009 -23"><span class='ocrx_word' id='word_1_218' title='bbox 2084 1841 2329 1910; x_wconf 88' lang='lat' dir='ltr'><strong>nientes,</strong></span> <span class='ocrx_word' id='word_1_219' title='bbox 2361 1842 2664 1903; x_wconf 82' lang='lat' dir='ltr'><strong>defendere</strong></span> <span class='ocrx_word' id='word_1_220' title='bbox 2685 1845 2949 1902; x_wconf 88' lang='lat' dir='ltr'><strong>videntur</strong></span> <span class='ocrx_word' id='word_1_221' title='bbox 2960 1849 3114 1920; x_wconf 79' lang='lat' dir='ltr'><strong>quod</strong></span> <span class='ocrx_word' id='word_1_222' title='bbox 3138 1849 3349 1907; x_wconf 81' lang='lat' dir='ltr'><strong>dictum</strong></span> <span class='ocrx_word' id='word_1_223' title='bbox 3378 1860 3481 1908; x_wconf 69' lang='lat' dir='ltr'><strong>esL</strong></span> <span class='ocrx_word' id='word_1_224' title='bbox 3504 1852 3678 1911; x_wconf 84' lang='lat' dir='ltr'><strong>Aiunt</strong></span> 
     </span>
    </p>
   </div>
   <div class='ocr_carea' id='block_1_33' title="bbox 362 1926 1964 2014">
    <p class='ocr_par' dir='ltr' id='par_1_33' title="bbox 362 1926 1964 2005">
     <span class='ocr_line' id='line_1_33' title="bbox 362 1926 1964 2005; baseline 0.001 -18"><span class='ocrx_word' id='word_1_225' title='bbox 362 1950 492 1987; x_wconf 71' lang='grc' dir='ltr'>στει</span> <span class='ocrx_word' id='word_1_226' title='bbox 519 1971 537 1997; x_wconf 90' lang='grc'><strong>,</strong></span> <span class='ocrx_word' id='word_1_227' title='bbox 565 1931 808 2004; x_wconf 77' lang='grc' dir='ltr'>προσέτι</span> <span class='ocrx_word' id='word_1_228' title='bbox 840 1930 902 1985; x_wconf 82' lang='grc' dir='ltr'>δὲ</span> <span class='ocrx_word' id='word_1_229' title='bbox 935 1932 1030 1985; x_wconf 74' lang='grc' dir='ltr'>καὶ</span> <span class='ocrx_word' id='word_1_230' title='bbox 1055 1933 1124 2005; x_wconf 73' lang='grc' dir='ltr'>τῇ</span> <span class='ocrx_word' id='word_1_231' title='bbox 1152 1932 1262 1986; x_wconf 83' lang='grc' dir='ltr'><strong>τῶν</strong></span> <span class='ocrx_word' id='word_1_232' title='bbox 1290 1926 1473 2002; x_wconf 78' lang='grc' dir='ltr'>ἁγίων</span> <span class='ocrx_word' id='word_1_233' title='bbox 1493 1933 1759 2005; x_wconf 89' lang='grc' dir='ltr'>Πατέρων</span> <span class='ocrx_word' id='word_1_234' title='bbox 1782 1933 1892 1988; x_wconf 87' lang='grc' dir='ltr'><strong>τῶν</strong></span> <span class='ocrx_word' id='word_1_235' title='bbox 1924 1935 1964 1987; x_wconf 50' lang='grc' dir='ltr'><strong>ὲκ</strong></span> 
     </span>
    </p>
   </div>
   <div class='ocr_carea' id='block_1_34' title="bbox 2074 1926 3676 2014">
    <p class='ocr_par' dir='ltr' id='par_1_34' title="bbox 2086 1933 3676 2014">
     <span class='ocr_line' id='line_1_34' title="bbox 2086 1933 3676 2014; baseline 0.008 -26"><span class='ocrx_word' id='word_1_236' title='bbox 2086 1933 2236 1989; x_wconf 91' lang='lat' dir='ltr'><strong>enim</strong></span> <span class='ocrx_word' id='word_1_237' title='bbox 2270 1935 2327 1990; x_wconf 92' lang='lat' dir='ltr'><strong>in</strong></span> <span class='ocrx_word' id='word_1_238' title='bbox 2344 1952 2515 1992; x_wconf 88' lang='lat' dir='ltr'><strong>sensu</strong></span> <span class='ocrx_word' id='word_1_239' title='bbox 2538 1936 2679 1993; x_wconf 86' lang='lat' dir='ltr'><strong>nihil</strong></span> <span class='ocrx_word' id='word_1_240' title='bbox 2710 1938 3003 1996; x_wconf 86' lang='lat' dir='ltr'><strong>continere</strong></span> <span class='ocrx_word' id='word_1_241' title='bbox 3029 1941 3178 2012; x_wconf 89' lang='lat' dir='ltr'><strong>quod</strong></span> <span class='ocrx_word' id='word_1_242' title='bbox 3236 1943 3321 1998; x_wconf 89' lang='lat' dir='ltr'><strong>vel</strong></span> <span class='ocrx_word' id='word_1_243' title='bbox 3356 1945 3676 2014; x_wconf 66' lang='lat' dir='ltr'><strong>apostolicae</strong></span> 
     </span>
    </p>
   </div>
   <div class='ocr_carea' id='block_1_35' title="bbox 365 2001 1967 2099">
    <p class='ocr_par' dir='ltr' id='par_1_35' title="bbox 365 2001 1967 2097">
     <span class='ocr_line' id='line_1_35' title="bbox 365 2001 1967 2097; baseline -0.001 -18"><span class='ocrx_word' id='word_1_244' title='bbox 365 2021 582 2096; x_wconf 66' lang='grc' dir='ltr'>Νικαίᾳ</span> <span class='ocrx_word' id='word_1_245' title='bbox 607 2001 1135 2095; x_wconf 72' lang='grc' dir='ltr'>συνελθόντων</span> <span class='ocrx_word' id='word_1_246' title='bbox 1155 2022 1252 2078; x_wconf 81' lang='grc' dir='ltr'>τοῦ</span> <span class='ocrx_word' id='word_1_247' title='bbox 1288 2001 1601 2094; x_wconf 85' lang='grc' dir='ltr'>ὁμοουσίου,</span> <span class='ocrx_word' id='word_1_248' title='bbox 1625 2001 1967 2097; x_wconf 23' lang='grc' dir='ltr'>θύεσπισθείστ</span> 
     </span>
    </p>
   </div>
   <div class='ocr_carea' id='block_1_36' title="bbox 2075 2001 3677 2099">
    <p class='ocr_par' dir='ltr' id='par_1_36' title="bbox 2084 2001 3677 2099">
     <span class='ocr_line' id='line_1_36' title="bbox 2084 2001 3677 2099; baseline 0.007 -18"><span class='ocrx_word' id='word_1_249' title='bbox 2084 2023 2356 2083; x_wconf 68' lang='lat' dir='ltr'><strong>doctrina:</strong></span> <span class='ocrx_word' id='word_1_250' title='bbox 2413 2028 2759 2099; x_wconf 81' lang='lat' dir='ltr'><strong>adversetur,</strong></span> <span class='ocrx_word' id='word_1_251' title='bbox 2791 2032 2882 2089; x_wconf 86' lang='lat' dir='ltr'><strong>vel</strong></span> <span class='ocrx_word' id='word_1_252' title='bbox 2926 2001 3065 2089; x_wconf 71' lang='lat' dir='ltr'><strong>ﬁdei</strong></span> <span class='ocrx_word' id='word_1_253' title='bbox 3087 2050 3119 2089; x_wconf 89' lang='lat' dir='ltr'><strong>a</strong></span> <span class='ocrx_word' id='word_1_254' title='bbox 3163 2036 3373 2091; x_wconf 76' lang='lat' dir='ltr'><strong>sanctis</strong></span> <span class='ocrx_word' id='word_1_255' title='bbox 3392 2001 3677 2093; x_wconf 49' lang='lat' dir='ltr'><strong>.Patribus</strong></span> 
     </span>
    </p>
   </div>
   <div class='ocr_carea' id='block_1_37' title="bbox 376 2115 1978 2200">
    <p class='ocr_par' dir='ltr' id='par_1_37' title="bbox 376 2115 1978 2188">
     <span class='ocr_line' id='line_1_37' title="bbox 376 2115 1978 2188; baseline 0.001 -18"><span class='ocrx_word' id='word_1_256' title='bbox 376 2115 478 2170; x_wconf 76' lang='grc' dir='ltr'><strong>καλ</strong></span> <span class='ocrx_word' id='word_1_257' title='bbox 493 2115 805 2187; x_wconf 60' lang='grc' dir='ltr'>διαδοθείσης]</span> <span class='ocrx_word' id='word_1_258' title='bbox 826 2117 909 2180; x_wconf 80' lang='grc' dir='ltr'>εἰς</span> <span class='ocrx_word' id='word_1_259' title='bbox 934 2116 1118 2171; x_wconf 83' lang='grc' dir='ltr'>πᾶσαν</span> <span class='ocrx_word' id='word_1_260' title='bbox 1137 2115 1237 2187; x_wconf 81' lang='grc' dir='ltr'>τὴν</span> <span class='ocrx_word' id='word_1_261' title='bbox 1261 2115 1492 2171; x_wconf 84' lang='grc' dir='ltr'>καθόλου</span> <span class='ocrx_word' id='word_1_262' title='bbox 1527 2115 1876 2188; x_wconf 83' lang='grc' dir='ltr'>Ἐκκλησίαν.</span> <span class='ocrx_word' id='word_1_263' title='bbox 1908 2118 1978 2171; x_wconf 78' lang='grc' dir='ltr'><strong>Τὸ</strong></span> 
     </span>
    </p>
   </div>
   <div class='ocr_carea' id='block_1_38' title="bbox 2071 2115 3673 2200">
    <p class='ocr_par' dir='ltr' id='par_1_38' title="bbox 2085 2117 3673 2200">
     <span class='ocr_line' id='line_1_38' title="bbox 2085 2117 3673 2200; baseline 0.007 -28"><span class='ocrx_word' id='word_1_264' title='bbox 2085 2117 2144 2172; x_wconf 92' lang='lat' dir='ltr'><strong>in</strong></span> <span class='ocrx_word' id='word_1_265' title='bbox 2188 2118 2393 2185; x_wconf 72' lang='lat' dir='ltr'><strong>Nicaea,</strong></span> <span class='ocrx_word' id='word_1_266' title='bbox 2434 2121 2504 2176; x_wconf 88' lang='lat' dir='ltr'><strong>ad</strong></span> <span class='ocrx_word' id='word_1_267' title='bbox 2552 2121 2890 2179; x_wconf 77' lang='lat' dir='ltr'><strong>homousion</strong></span> <span class='ocrx_word' id='word_1_268' title='bbox 2942 2126 3395 2183; x_wconf 84' lang='lat' dir='ltr'><strong>constituendum</strong></span> <span class='ocrx_word' id='word_1_269' title='bbox 3439 2143 3673 2200; x_wconf 88' lang='lat' dir='ltr'><strong>congre-</strong></span> 
     </span>
    </p>
   </div>
   <div class='ocr_carea' id='block_1_39' title="bbox 375 2206 1977 2282">
    <p class='ocr_par' dir='ltr' id='par_1_39' title="bbox 375 2206 1977 2282">
     <span class='ocr_line' id='line_1_39' title="bbox 375 2206 1977 2282; baseline 0.004 -22"><span class='ocrx_word' id='word_1_270' title='bbox 375 2206 571 2261; x_wconf 71' lang='grc' dir='ltr'>’τοίνυν</span> <span class='ocrx_word' id='word_1_271' title='bbox 591 2206 812 2261; x_wconf 77' lang='grc' dir='ltr'>συνετὸν</span> <span class='ocrx_word' id='word_1_272' title='bbox 842 2207 943 2261; x_wconf 77' lang='grc' dir='ltr'>καὶ</span> <span class='ocrx_word' id='word_1_273' title='bbox 966 2224 1030 2261; x_wconf 89' lang='grc' dir='ltr'><strong>συ</strong></span> <span class='ocrx_word' id='word_1_274' title='bbox 1034 2206 1387 2279; x_wconf 83' lang='grc' dir='ltr'>μπαθητικὸν</span> <span class='ocrx_word' id='word_1_275' title='bbox 1405 2208 1502 2263; x_wconf 72' lang='grc' dir='ltr'>καὶ</span> <span class='ocrx_word' id='word_1_276' title='bbox 1521 2209 1737 2277; x_wconf 73' lang='grc' dir='ltr'>ἐντελὲς</span> <span class='ocrx_word' id='word_1_277' title='bbox 1758 2210 1858 2282; x_wconf 82' lang='grc' dir='ltr'>τῆς</span> <span class='ocrx_word' id='word_1_278' title='bbox 1882 2210 1977 2281; x_wconf 72' lang='grc' dir='ltr'>σῆς</span> 
     </span>
    </p>
   </div>
   <div class='ocr_carea' id='block_1_40' title="bbox 2066 2206 3668 2282">
    <p class='ocr_par' dir='ltr' id='par_1_40' title="bbox 2080 2207 3668 2276">
     <span class='ocr_line' id='line_1_40' title="bbox 2080 2207 3668 2276; baseline 0.008 -16"><span class='ocrx_word' id='word_1_279' title='bbox 2080 2207 2243 2276; x_wconf 85' lang='lat' dir='ltr'><strong>gatis,</strong></span> <span class='ocrx_word' id='word_1_280' title='bbox 2283 2207 2524 2266; x_wconf 70' lang='lat' dir='ltr'><strong>definitae</strong></span> <span class='ocrx_word' id='word_1_281' title='bbox 2569 2221 2626 2264; x_wconf 86' lang='lat' dir='ltr'><strong>et</strong></span> <span class='ocrx_word' id='word_1_282' title='bbox 2678 2212 2957 2269; x_wconf 66' lang='lat' dir='ltr'><strong>universa:</strong></span> <span class='ocrx_word' id='word_1_283' title='bbox 3004 2213 3269 2272; x_wconf 71' lang='lat' dir='ltr'><strong>Ecclesia:</strong></span> <span class='ocrx_word' id='word_1_284' title='bbox 3302 2216 3527 2272; x_wconf 73' lang='lat' dir='ltr'><strong>traditae</strong></span> <span class='ocrx_word' id='word_1_285' title='bbox 3574 2232 3668 2272; x_wconf 90' lang='lat' dir='ltr'><strong>re-</strong></span> 
     </span>
    </p>
   </div>
   <div class='ocr_carea' id='block_1_41' title="bbox 376 2295 1978 2377">
    <p class='ocr_par' dir='ltr' id='par_1_41' title="bbox 376 2295 1978 2371">
     <span class='ocr_line' id='line_1_41' title="bbox 376 2295 1978 2371; baseline 0.002 -19"><span class='ocrx_word' id='word_1_286' title='bbox 376 2296 719 2371; x_wconf 70' lang='grc' dir='ltr'><strong>ἱερωσύνης,</strong></span> <span class='ocrx_word' id='word_1_287' title='bbox 759 2295 967 2370; x_wconf 80' lang='grc' dir='ltr'>καιροῦ</span> <span class='ocrx_word' id='word_1_288' title='bbox 1008 2297 1308 2363; x_wconf 80' lang='grc' dir='ltr'>καλοῦντος</span> <span class='ocrx_word' id='word_1_289' title='bbox 1332 2338 1349 2364; x_wconf 95' lang='grc'><strong>,</strong></span> <span class='ocrx_word' id='word_1_290' title='bbox 1401 2299 1780 2364; x_wconf 77' lang='grc' dir='ltr'>ἐπιδείξασθαι</span> <span class='ocrx_word' id='word_1_291' title='bbox 1842 2319 1978 2355; x_wconf 89' lang='grc' dir='ltr'>κατ-</span> 
     </span>
    </p>
   </div>
   <div class='ocr_carea' id='block_1_42' title="bbox 2072 2295 3674 2377">
    <p class='ocr_par' dir='ltr' id='par_1_42' title="bbox 2078 2301 3674 2377">
     <span class='ocr_line' id='line_1_42' title="bbox 2078 2301 3674 2377; baseline 0.006 -23"><span class='ocrx_word' id='word_1_292' title='bbox 2078 2307 2311 2371; x_wconf 83' lang='lat' dir='ltr'><strong>pugnet.</strong></span> <span class='ocrx_word' id='word_1_293' title='bbox 2374 2301 2514 2358; x_wconf 90' lang='lat' dir='ltr'><strong>Cum</strong></span> <span class='ocrx_word' id='word_1_294' title='bbox 2562 2317 2813 2372; x_wconf 63' lang='lat' dir='ltr'><strong>prmsens</strong></span> <span class='ocrx_word' id='word_1_295' title='bbox 2896 2303 3087 2376; x_wconf 78' lang='lat' dir='ltr'><strong>itaque</strong></span> <span class='ocrx_word' id='word_1_296' title='bbox 3160 2314 3389 2377; x_wconf 81' lang='lat' dir='ltr'><strong>tempus</strong></span> <span class='ocrx_word' id='word_1_297' title='bbox 3433 2309 3503 2364; x_wconf 88' lang='lat' dir='ltr'><strong>ad</strong></span> <span class='ocrx_word' id='word_1_298' title='bbox 3567 2308 3674 2364; x_wconf 87' lang='lat' dir='ltr'><strong>hoc</strong></span> 
     </span>
    </p>
   </div>
   <div class='ocr_carea' id='block_1_43' title="bbox 373 2377 1975 2470">
    <p class='ocr_par' dir='ltr' id='par_1_43' title="bbox 373 2387 1975 2462">
     <span class='ocr_line' id='line_1_43' title="bbox 373 2387 1975 2462; baseline 0.001 -20"><span class='ocrx_word' id='word_1_299' title='bbox 373 2387 611 2454; x_wconf 74' lang='grc' dir='ltr'>αξίωσον</span> <span class='ocrx_word' id='word_1_300' title='bbox 635 2405 651 2419; x_wconf 76' lang='grc' dir='ltr'><strong>ο</strong></span> <span class='ocrx_word' id='word_1_301' title='bbox 683 2387 1094 2461; x_wconf 83' lang='grc' dir='ltr'>μεσιτευούσης</span> <span class='ocrx_word' id='word_1_302' title='bbox 1125 2405 1220 2442; x_wconf 88' lang='grc' dir='ltr'><strong>σου</strong></span> <span class='ocrx_word' id='word_1_303' title='bbox 1252 2388 1354 2460; x_wconf 85' lang='grc' dir='ltr'>τῆς</span> <span class='ocrx_word' id='word_1_304' title='bbox 1392 2389 1731 2462; x_wconf 82' lang='grc' dir='ltr'>ἁγιωσύνης,</span> <span class='ocrx_word' id='word_1_305' title='bbox 1779 2389 1859 2462; x_wconf 83' lang='grc' dir='ltr'><strong>τῷ</strong></span> <span class='ocrx_word' id='word_1_306' title='bbox 1889 2392 1975 2462; x_wconf 80' lang='grc' dir='ltr'>ρη·</span> 
     </span>
    </p>
   </div>
   <div class='ocr_carea' id='block_1_44' title="bbox 2070 2377 3672 2470">
    <p class='ocr_par' dir='ltr' id='par_1_44' title="bbox 2082 2377 3672 2470">
     <span class='ocr_line' id='line_1_44' title="bbox 2082 2377 3672 2470; baseline 0.006 -25"><span class='ocrx_word' id='word_1_307' title='bbox 2082 2400 2364 2461; x_wconf 87' lang='lat' dir='ltr'><strong>provecet,</strong></span> <span class='ocrx_word' id='word_1_308' title='bbox 2414 2392 2703 2459; x_wconf 87' lang='lat' dir='ltr'><strong>elabores,</strong></span> <span class='ocrx_word' id='word_1_309' title='bbox 2759 2409 2976 2464; x_wconf 73' lang='lat' dir='ltr'><strong>quaeso,</strong></span> <span class='ocrx_word' id='word_1_310' title='bbox 3002 2377 3319 2465; x_wconf 44' lang='lat' dir='ltr'><strong>‘quantum</strong></span> <span class='ocrx_word' id='word_1_311' title='bbox 3374 2398 3672 2470; x_wconf 82' lang='lat' dir='ltr'><strong>prudentia</strong></span> 
     </span>
    </p>
   </div>
   <div class='ocr_carea' id='block_1_45' title="bbox 358 2478 1960 2559">
    <p class='ocr_par' dir='ltr' id='par_1_45' title="bbox 358 2478 1960 2556">
     <span class='ocr_line' id='line_1_45' title="bbox 358 2478 1960 2556; baseline 0.002 -22"><span class='ocrx_word' id='word_1_312' title='bbox 358 2478 519 2534; x_wconf 62' lang='grc' dir='ltr'>θέντι</span> <span class='ocrx_word' id='word_1_313' title='bbox 548 2479 706 2553; x_wconf 72' lang='grc' dir='ltr'>ῥητῷ</span> <span class='ocrx_word' id='word_1_314' title='bbox 736 2479 882 2552; x_wconf 76' lang='grc' dir='ltr'>πρὸς</span> <span class='ocrx_word' id='word_1_315' title='bbox 904 2481 1035 2544; x_wconf 82' lang='grc' dir='ltr'>τοὺς</span> <span class='ocrx_word' id='word_1_316' title='bbox 1057 2479 1403 2547; x_wconf 79' lang='grc' dir='ltr'>ἀκούσαντας</span> <span class='ocrx_word' id='word_1_317' title='bbox 1433 2483 1528 2535; x_wconf 82' lang='grc' dir='ltr'>καὶ</span> <span class='ocrx_word' id='word_1_318' title='bbox 1554 2482 1960 2556; x_wconf 70' lang='grc' dir='ltr'><strong>διαρραγέντας⁴</strong></span> 
     </span>
    </p>
   </div>
   <div class='ocr_carea' id='block_1_46' title="bbox 2071 2478 3673 2559">
    <p class='ocr_par' dir='ltr' id='par_1_46' title="bbox 2076 2485 3673 2559">
     <span class='ocr_line' id='line_1_46' title="bbox 2076 2485 3673 2559; baseline 0.004 -21"><span class='ocrx_word' id='word_1_319' title='bbox 2076 2492 2138 2539; x_wconf 86' lang='lat' dir='ltr'><strong>et</strong></span> <span class='ocrx_word' id='word_1_320' title='bbox 2164 2485 2547 2554; x_wconf 88' lang='lat' dir='ltr'><strong>compassiene</strong></span> <span class='ocrx_word' id='word_1_321' title='bbox 2591 2485 2778 2539; x_wconf 87' lang='lat' dir='ltr'><strong>valeas</strong></span> <span class='ocrx_word' id='word_1_322' title='bbox 2803 2526 2819 2551; x_wconf 94' lang='lat'><strong>,</strong></span> <span class='ocrx_word' id='word_1_323' title='bbox 2846 2486 3172 2542; x_wconf 85' lang='lat' dir='ltr'><strong>ostendere:</strong></span> <span class='ocrx_word' id='word_1_324' title='bbox 3233 2502 3414 2558; x_wconf 89' lang='lat' dir='ltr'><strong>neque</strong></span> <span class='ocrx_word' id='word_1_325' title='bbox 3479 2503 3673 2559; x_wconf 86' lang='lat' dir='ltr'><strong>grave-</strong></span> 
     </span>
    </p>
   </div>
   <div class='ocr_carea' id='block_1_47' title="bbox 352 2570 1954 2649">
    <p class='ocr_par' dir='ltr' id='par_1_47' title="bbox 352 2570 1954 2646">
     <span class='ocr_line' id='line_1_47' title="bbox 352 2570 1954 2646; baseline 0.002 -21"><span class='ocrx_word' id='word_1_326' title='bbox 352 2570 511 2625; x_wconf 70' lang='grc' dir='ltr'>ὥστε</span> <span class='ocrx_word' id='word_1_327' title='bbox 557 2587 660 2627; x_wconf 75' lang='grc' dir='ltr'><strong>σου</strong></span> <span class='ocrx_word' id='word_1_328' title='bbox 708 2570 814 2643; x_wconf 79' lang='grc' dir='ltr'>τὴν</span> <span class='ocrx_word' id='word_1_329' title='bbox 867 2572 1185 2644; x_wconf 73' lang='grc' dir='ltr'>ἁγιωσύνην</span> <span class='ocrx_word' id='word_1_330' title='bbox 1218 2575 1406 2628; x_wconf 77' lang='grc' dir='ltr'>ἐκεῖνα</span> <span class='ocrx_word' id='word_1_331' title='bbox 1452 2575 1724 2646; x_wconf 84' lang='grc' dir='ltr'>φρονῆσαί</span> <span class='ocrx_word' id='word_1_332' title='bbox 1770 2592 1829 2629; x_wconf 90' lang='grc' dir='ltr'><strong>τε</strong></span> <span class='ocrx_word' id='word_1_333' title='bbox 1878 2578 1954 2630; x_wconf 82' lang='grc' dir='ltr'><strong>κα</strong></span> 
     </span>
    </p>
   </div>
   <div class='ocr_carea' id='block_1_48' title="bbox 2067 2570 3669 2649">
    <p class='ocr_par' dir='ltr' id='par_1_48' title="bbox 2081 2575 3669 2649">
     <span class='ocr_line' id='line_1_48' title="bbox 2081 2575 3669 2649; baseline 0.004 -19"><span class='ocrx_word' id='word_1_334' title='bbox 2081 2576 2158 2630; x_wconf 92' lang='lat' dir='ltr'><strong>ris</strong></span> <span class='ocrx_word' id='word_1_335' title='bbox 2193 2576 2441 2645; x_wconf 86' lang='lat' dir='ltr'><strong>elapsum</strong></span> <span class='ocrx_word' id='word_1_336' title='bbox 2494 2575 2725 2631; x_wconf 90' lang='lat' dir='ltr'><strong>verbum</strong></span> <span class='ocrx_word' id='word_1_337' title='bbox 2764 2576 2822 2631; x_wconf 90' lang='lat' dir='ltr'><strong>in</strong></span> <span class='ocrx_word' id='word_1_338' title='bbox 2861 2591 3060 2633; x_wconf 89' lang='lat' dir='ltr'><strong>eorum</strong></span> <span class='ocrx_word' id='word_1_339' title='bbox 3101 2578 3338 2649; x_wconf 80' lang='lat' dir='ltr'><strong>gratiam</strong></span> <span class='ocrx_word' id='word_1_340' title='bbox 3377 2578 3473 2649; x_wconf 80' lang='lat' dir='ltr'><strong>qui</strong></span> <span class='ocrx_word' id='word_1_341' title='bbox 3525 2579 3669 2637; x_wconf 87' lang='lat' dir='ltr'><strong>bau-</strong></span> 
     </span>
    </p>
   </div>
   <div class='ocr_carea' id='block_1_49' title="bbox 360 2657 1962 2743">
    <p class='ocr_par' dir='ltr' id='par_1_49' title="bbox 360 2657 1962 2739">
     <span class='ocr_line' id='line_1_49' title="bbox 360 2657 1962 2739; baseline 0.004 -23"><span class='ocrx_word' id='word_1_342' title='bbox 360 2662 721 2727; x_wconf 80' lang='grc' dir='ltr'>ὲπιτελέσαι,</span> <span class='ocrx_word' id='word_1_343' title='bbox 774 2663 819 2719; x_wconf 75' lang='grc' dir='ltr'>ἃ</span> <span class='ocrx_word' id='word_1_344' title='bbox 868 2657 1204 2734; x_wconf 86' lang='grc' dir='ltr'>δυνήσεται,</span> <span class='ocrx_word' id='word_1_345' title='bbox 1268 2666 1680 2739; x_wconf 77' lang='grc' dir='ltr'>χειμαζομένης</span> <span class='ocrx_word' id='word_1_346' title='bbox 1729 2667 1825 2721; x_wconf 75' lang='grc' dir='ltr'><strong>ἐπὶ</strong></span> <span class='ocrx_word' id='word_1_347' title='bbox 1877 2667 1962 2722; x_wconf 71' lang='grc' dir='ltr'>τοῦ</span> 
     </span>
    </p>
   </div>
   <div class='ocr_carea' id='block_1_50' title="bbox 2066 2657 3668 2743">
    <p class='ocr_par' dir='ltr' id='par_1_50' title="bbox 2079 2667 3668 2743">
     <span class='ocr_line' id='line_1_50' title="bbox 2079 2667 3668 2743; baseline 0.002 -20"><span class='ocrx_word' id='word_1_348' title='bbox 2079 2676 2296 2734; x_wconf 82' lang='lat' dir='ltr'><strong>serunt,</strong></span> <span class='ocrx_word' id='word_1_349' title='bbox 2320 2675 2377 2723; x_wconf 92' lang='lat' dir='ltr'><strong>et</strong></span> <span class='ocrx_word' id='word_1_350' title='bbox 2398 2667 2471 2723; x_wconf 93' lang='lat' dir='ltr'><strong>ob</strong></span> <span class='ocrx_word' id='word_1_351' title='bbox 2501 2667 2556 2723; x_wconf 88' lang='lat' dir='ltr'><strong>id</strong></span> <span class='ocrx_word' id='word_1_352' title='bbox 2573 2667 2774 2723; x_wconf 89' lang='lat' dir='ltr'><strong>divulsi</strong></span> <span class='ocrx_word' id='word_1_353' title='bbox 2793 2676 2945 2730; x_wconf 90' lang='lat' dir='ltr'><strong>sunt,</strong></span> <span class='ocrx_word' id='word_1_354' title='bbox 2965 2684 3066 2739; x_wconf 84' lang='lat' dir='ltr'><strong>per</strong></span> <span class='ocrx_word' id='word_1_355' title='bbox 3084 2679 3233 2725; x_wconf 91' lang='lat' dir='ltr'><strong>tuam</strong></span> <span class='ocrx_word' id='word_1_356' title='bbox 3262 2670 3373 2743; x_wconf 78' lang='lat'><strong>65</strong></span> <span class='ocrx_word' id='word_1_357' title='bbox 3399 2670 3668 2727; x_wconf 86' lang='lat' dir='ltr'><strong>sanctita-</strong></span> 
     </span>
    </p>
   </div>
   <div class='ocr_carea' id='block_1_51' title="bbox 361 2753 1963 2831">
    <p class='ocr_par' dir='ltr' id='par_1_51' title="bbox 361 2753 1963 2828">
     <span class='ocr_line' id='line_1_51' title="bbox 361 2753 1963 2828; baseline 0.004 -21"><span class='ocrx_word' id='word_1_358' title='bbox 361 2754 649 2825; x_wconf 76' lang='grc' dir='ltr'>παρόντος</span> <span class='ocrx_word' id='word_1_359' title='bbox 700 2753 806 2825; x_wconf 84' lang='grc' dir='ltr'>τῆς</span> <span class='ocrx_word' id='word_1_360' title='bbox 836 2753 1074 2809; x_wconf 78' lang='grc' dir='ltr'>καθόλου</span> <span class='ocrx_word' id='word_1_361' title='bbox 1112 2755 1444 2828; x_wconf 77' lang='grc' dir='ltr'>Ἐκκλησίας</span> <span class='ocrx_word' id='word_1_362' title='bbox 1467 2799 1483 2825; x_wconf 91' lang='grc'><strong>,</strong></span> <span class='ocrx_word' id='word_1_363' title='bbox 1512 2757 1592 2812; x_wconf 77' lang='grc' dir='ltr'>ἔτι</span> <span class='ocrx_word' id='word_1_364' title='bbox 1626 2757 1831 2828; x_wconf 81' lang='grc' dir='ltr'>μᾶλλον</span> <span class='ocrx_word' id='word_1_365' title='bbox 1873 2759 1963 2813; x_wconf 78' lang='grc' dir='ltr'>καὶ</span> 
     </span>
    </p>
   </div>
   <div class='ocr_carea' id='block_1_52' title="bbox 2066 2753 3668 2831">
    <p class='ocr_par' dir='ltr' id='par_1_52' title="bbox 2079 2758 3668 2831">
     <span class='ocr_line' id='line_1_52' title="bbox 2079 2758 3668 2831; baseline 0.001 -16"><span class='ocrx_word' id='word_1_366' title='bbox 2079 2765 2230 2827; x_wconf 88' lang='lat' dir='ltr'><strong>tem,</strong></span> <span class='ocrx_word' id='word_1_367' title='bbox 2300 2760 2494 2831; x_wconf 91' lang='lat' dir='ltr'><strong>tuique</strong></span> <span class='ocrx_word' id='word_1_368' title='bbox 2542 2758 2842 2816; x_wconf 83' lang='lat' dir='ltr'><strong>sacerdotii</strong></span> <span class='ocrx_word' id='word_1_369' title='bbox 2897 2762 3327 2827; x_wconf 87' lang='lat' dir='ltr'><strong>auctoritatem,</strong></span> <span class='ocrx_word' id='word_1_370' title='bbox 3385 2761 3456 2816; x_wconf 88' lang='lat' dir='ltr'><strong>ad</strong></span> <span class='ocrx_word' id='word_1_371' title='bbox 3540 2776 3668 2817; x_wconf 86' lang='lat' dir='ltr'><strong>eum</strong></span> 
     </span>
    </p>
   </div>
   <div class='ocr_carea' id='block_1_53' title="bbox 352 2846 1954 2924">
    <p class='ocr_par' dir='ltr' id='par_1_53' title="bbox 352 2846 1954 2923">
     <span class='ocr_line' id='line_1_53' title="bbox 352 2846 1954 2923; baseline 0.002 -24"><span class='ocrx_word' id='word_1_372' title='bbox 352 2847 579 2919; x_wconf 72' lang='grc' dir='ltr'>μᾶλλον</span> <span class='ocrx_word' id='word_1_373' title='bbox 603 2848 691 2913; x_wconf 77' lang='grc' dir='ltr'><strong>εἰς</strong></span> <span class='ocrx_word' id='word_1_374' title='bbox 714 2846 852 2917; x_wconf 55' lang='lat' dir='ltr'><strong>Wo;</strong></span> <span class='ocrx_word' id='word_1_375' title='bbox 873 2846 1325 2919; x_wconf 83' lang='grc' dir='ltr'>άναπεμφθῆναι,</span> <span class='ocrx_word' id='word_1_376' title='bbox 1352 2850 1658 2922; x_wconf 78' lang='grc' dir='ltr'>Δεσποτικῇ</span> <span class='ocrx_word' id='word_1_377' title='bbox 1681 2868 1789 2903; x_wconf 86' lang='grc' dir='ltr'>τινι</span> <span class='ocrx_word' id='word_1_378' title='bbox 1822 2854 1954 2923; x_wconf 62' lang='grc' dir='ltr'>φωνῇ</span> 
     </span>
    </p>
   </div>
   <div class='ocr_carea' id='block_1_54' title="bbox 2066 2846 3668 2924">
    <p class='ocr_par' dir='ltr' id='par_1_54' title="bbox 2075 2851 3668 2924">
     <span class='ocr_line' id='line_1_54' title="bbox 2075 2851 3668 2924; baseline 0.001 -18"><span class='ocrx_word' id='word_1_379' title='bbox 2075 2852 2303 2907; x_wconf 82' lang='lat' dir='ltr'><strong>modum</strong></span> <span class='ocrx_word' id='word_1_380' title='bbox 2328 2851 2699 2921; x_wconf 86' lang='lat' dir='ltr'><strong>comprimere</strong></span> <span class='ocrx_word' id='word_1_381' title='bbox 2720 2891 2736 2918; x_wconf 91' lang='lat'><strong>,</strong></span> <span class='ocrx_word' id='word_1_382' title='bbox 2768 2859 2830 2906; x_wconf 90' lang='lat' dir='ltr'><strong>ut</strong></span> <span class='ocrx_word' id='word_1_383' title='bbox 2851 2867 2916 2907; x_wconf 89' lang='lat' dir='ltr'><strong>ea</strong></span> <span class='ocrx_word' id='word_1_384' title='bbox 2934 2867 3084 2907; x_wconf 82' lang='lat' dir='ltr'><strong>nunc</strong></span> <span class='ocrx_word' id='word_1_385' title='bbox 3108 2853 3390 2924; x_wconf 79' lang='lat' dir='ltr'><strong>praecipue</strong></span> <span class='ocrx_word' id='word_1_386' title='bbox 3408 2852 3668 2909; x_wconf 83' lang='lat' dir='ltr'><strong>meditari</strong></span> 
     </span>
    </p>
   </div>
   <div class='ocr_carea' id='block_1_55' title="bbox 353 2937 1955 3014">
    <p class='ocr_par' dir='ltr' id='par_1_55' title="bbox 353 2937 1955 3013">
     <span class='ocr_line' id='line_1_55' title="bbox 353 2937 1955 3013; baseline 0.002 -21"><span class='ocrx_word' id='word_1_387' title='bbox 353 2938 683 3010; x_wconf 80' lang='grc' dir='ltr'>χρώμενον,</span> <span class='ocrx_word' id='word_1_388' title='bbox 740 2939 837 2993; x_wconf 76' lang='grc' dir='ltr'>καὶ</span> <span class='ocrx_word' id='word_1_389' title='bbox 879 2937 1226 3009; x_wconf 72' lang='grc' dir='ltr'>ἐπιτιμῶντα</span> <span class='ocrx_word' id='word_1_390' title='bbox 1262 2941 1331 3011; x_wconf 71' lang='grc' dir='ltr'><strong>τῇ</strong></span> <span class='ocrx_word' id='word_1_391' title='bbox 1363 2942 1529 3012; x_wconf 79' lang='grc' dir='ltr'>νοητῇ</span> <span class='ocrx_word' id='word_1_392' title='bbox 1562 2940 1802 3013; x_wconf 83' lang='grc' dir='ltr'>θαλάττῃ</span> <span class='ocrx_word' id='word_1_393' title='bbox 1824 2981 1840 3006; x_wconf 88' lang='grc'><strong>,</strong></span> <span class='ocrx_word' id='word_1_394' title='bbox 1880 2943 1955 2995; x_wconf 78' lang='grc' dir='ltr'>ἐπ</span> 
     </span>
    </p>
   </div>
   <div class='ocr_carea' id='block_1_56' title="bbox 2068 2937 3670 3014">
    <p class='ocr_par' dir='ltr' id='par_1_56' title="bbox 2078 2942 3670 3014">
     <span class='ocr_line' id='line_1_56' title="bbox 2078 2942 3670 3014; baseline -0.001 -16"><span class='ocrx_word' id='word_1_395' title='bbox 2078 2942 2378 3013; x_wconf 73' lang='lat' dir='ltr'><strong>molirique</strong></span> <span class='ocrx_word' id='word_1_396' title='bbox 2430 2942 2676 2998; x_wconf 89' lang='lat' dir='ltr'><strong>videaris</strong></span> <span class='ocrx_word' id='word_1_397' title='bbox 2730 2958 2853 3013; x_wconf 76' lang='lat' dir='ltr'><strong>qua:</strong></span> <span class='ocrx_word' id='word_1_398' title='bbox 2902 2944 3133 3014; x_wconf 88' lang='lat' dir='ltr'><strong>poteris,</strong></span> <span class='ocrx_word' id='word_1_399' title='bbox 3188 2943 3436 2999; x_wconf 83' lang='lat' dir='ltr'><strong>Ecclesia</strong></span> <span class='ocrx_word' id='word_1_400' title='bbox 3480 2943 3670 2999; x_wconf 85' lang='lat' dir='ltr'><strong>catho-</strong></span> 
     </span>
    </p>
   </div>
   <div class='ocr_carea' id='block_1_57' title="bbox 348 3029 1950 3107">
    <p class='ocr_par' dir='ltr' id='par_1_57' title="bbox 348 3029 1950 3104">
     <span class='ocr_line' id='line_1_57' title="bbox 348 3029 1950 3104; baseline 0.003 -20"><span class='ocrx_word' id='word_1_401' title='bbox 348 3030 455 3084; x_wconf 72' lang='grc' dir='ltr'>τοῦ</span> <span class='ocrx_word' id='word_1_402' title='bbox 479 3031 765 3099; x_wconf 77' lang='grc' dir='ltr'>παρόντος</span> <span class='ocrx_word' id='word_1_403' title='bbox 791 3029 1029 3103; x_wconf 82' lang='grc' dir='ltr'>δοκούσῃ</span> <span class='ocrx_word' id='word_1_404' title='bbox 1057 3030 1539 3103; x_wconf 83' lang='grc' dir='ltr'>διαταράττεσθαι,</span> <span class='ocrx_word' id='word_1_405' title='bbox 1569 3034 1664 3089; x_wconf 73' lang='grc' dir='ltr'>καὶ</span> <span class='ocrx_word' id='word_1_406' title='bbox 1695 3033 1950 3104; x_wconf 71' lang='grc' dir='ltr'>ἐπάγοντι</span> 
     </span>
    </p>
   </div>
   <div class='ocr_carea' id='block_1_58' title="bbox 2065 3029 3667 3107">
    <p class='ocr_par' dir='ltr' id='par_1_58' title="bbox 2074 3034 3667 3107">
     <span class='ocr_line' id='line_1_58' title="bbox 2074 3034 3667 3107; baseline 0.001 -18"><span class='ocrx_word' id='word_1_407' title='bbox 2074 3034 2181 3091; x_wconf 89' lang='lat' dir='ltr'><strong>lica</strong></span> <span class='ocrx_word' id='word_1_408' title='bbox 2206 3035 2451 3106; x_wconf 80' lang='lat' dir='ltr'><strong>graviter</strong></span> <span class='ocrx_word' id='word_1_409' title='bbox 2469 3034 2578 3090; x_wconf 86' lang='lat' dir='ltr'><strong>hoc</strong></span> <span class='ocrx_word' id='word_1_410' title='bbox 2619 3042 2871 3105; x_wconf 88' lang='lat' dir='ltr'><strong>tempore</strong></span> <span class='ocrx_word' id='word_1_411' title='bbox 2891 3036 3096 3107; x_wconf 84' lang='lat' dir='ltr'><strong>agitata</strong></span> <span class='ocrx_word' id='word_1_412' title='bbox 3136 3043 3195 3093; x_wconf 86' lang='lat' dir='ltr'><strong>et</strong></span> <span class='ocrx_word' id='word_1_413' title='bbox 3250 3034 3518 3091; x_wconf 77' lang='lat' dir='ltr'><strong>ﬂuctibus</strong></span> <span class='ocrx_word' id='word_1_414' title='bbox 3566 3051 3667 3106; x_wconf 87' lang='lat' dir='ltr'><strong>pe-</strong></span> 
     </span>
    </p>
   </div>
   <div class='ocr_carea' id='block_1_59' title="bbox 348 3122 1950 3199">
    <p class='ocr_par' dir='ltr' id='par_1_59' title="bbox 348 3122 1175 3194">
     <span class='ocr_line' id='line_1_59' title="bbox 348 3122 1175 3194; baseline -0.001 -19"><span class='ocrx_word' id='word_1_415' title='bbox 348 3122 442 3190; x_wconf 74' lang='grc' dir='ltr'><strong>τὺ,</strong></span> <span class='ocrx_word' id='word_1_416' title='bbox 484 3141 506 3175; x_wconf 81' lang='grc' dir='ltr'><strong>ι</strong></span> <span class='ocrx_word' id='word_1_417' title='bbox 539 3123 764 3183; x_wconf 81' lang='grc' dir='ltr'>Σιώπα,</span> <span class='ocrx_word' id='word_1_418' title='bbox 799 3122 1115 3194; x_wconf 71' lang='grc' dir='ltr'><strong>πεφίμωσο⁴</strong></span> <span class='ocrx_word' id='word_1_419' title='bbox 1154 3141 1175 3174; x_wconf 79' lang='grc' dir='ltr'><strong>ι</strong></span> 
     </span>
    </p>
   </div>
   <div class='ocr_carea' id='block_1_60' title="bbox 2065 3122 3667 3199">
    <p class='ocr_par' dir='ltr' id='par_1_60' title="bbox 2074 3127 3667 3199">
     <span class='ocr_line' id='line_1_60' title="bbox 2074 3127 3667 3199; baseline -0.001 -15"><span class='ocrx_word' id='word_1_420' title='bbox 2074 3143 2146 3184; x_wconf 88' lang='lat' dir='ltr'><strong>ne</strong></span> <span class='ocrx_word' id='word_1_421' title='bbox 2192 3143 2374 3183; x_wconf 87' lang='lat' dir='ltr'><strong>mersa</strong></span> <span class='ocrx_word' id='word_1_422' title='bbox 2406 3127 2578 3199; x_wconf 86' lang='lat' dir='ltr'><strong>magis</strong></span> <span class='ocrx_word' id='word_1_423' title='bbox 2621 3127 2906 3197; x_wconf 83' lang='lat' dir='ltr'><strong>magisque</strong></span> <span class='ocrx_word' id='word_1_424' title='bbox 2958 3128 3490 3192; x_wconf 84' lang='lat' dir='ltr'><strong>intumescentibus;</strong></span> <span class='ocrx_word' id='word_1_425' title='bbox 3531 3142 3667 3182; x_wconf 87' lang='lat' dir='ltr'><strong>voce</strong></span> 
     </span>
    </p>
   </div>
   <div class='ocr_carea' id='block_1_61' title="bbox 349 3215 3668 3293">
    <p class='ocr_par' dir='ltr' id='par_1_61' title="bbox 349 3215 3668 3293">
     <span class='ocr_line' id='line_1_61' title="bbox 349 3215 3668 3293; baseline 0 -21"><span class='ocrx_word' id='word_1_426' title='bbox 349 3216 608 3288; x_wconf 77' lang='lat' dir='ltr'><strong>proinde</strong></span> <span class='ocrx_word' id='word_1_427' title='bbox 652 3216 951 3272; x_wconf 88' lang='lat' dir='ltr'><strong>Deminica</strong></span> <span class='ocrx_word' id='word_1_428' title='bbox 978 3226 1166 3284; x_wconf 88' lang='lat' dir='ltr'><strong>utens,</strong></span> <span class='ocrx_word' id='word_1_429' title='bbox 1190 3215 1567 3289; x_wconf 78' lang='lat' dir='ltr'><strong>.spiritaleque</strong></span> <span class='ocrx_word' id='word_1_430' title='bbox 1626 3233 1802 3286; x_wconf 87' lang='lat' dir='ltr'><strong>mare,</strong></span> <span class='ocrx_word' id='word_1_431' title='bbox 1853 3218 2004 3289; x_wconf 91' lang='lat' dir='ltr'><strong>quod</strong></span> <span class='ocrx_word' id='word_1_432' title='bbox 2040 3221 2208 3278; x_wconf 87' lang='lat' dir='ltr'><strong>modo</strong></span> <span class='ocrx_word' id='word_1_433' title='bbox 2262 3221 2547 3278; x_wconf 87' lang='lat' dir='ltr'><strong>turbatum</strong></span> <span class='ocrx_word' id='word_1_434' title='bbox 2590 3218 2862 3285; x_wconf 75' lang='lat' dir='ltr'><strong>cernitur,</strong></span> <span class='ocrx_word' id='word_1_435' title='bbox 2908 3220 3224 3293; x_wconf 77' lang='lat' dir='ltr'><strong>increpans,</strong></span> <span class='ocrx_word' id='word_1_436' title='bbox 3273 3219 3411 3275; x_wconf 89' lang='lat' dir='ltr'><strong>illud</strong></span> <span class='ocrx_word' id='word_1_437' title='bbox 3466 3219 3668 3289; x_wconf 88' lang='lat' dir='ltr'><strong>depro-</strong></span> 
     </span>
    </p>
   </div>
   <div class='ocr_carea' id='block_1_62' title="bbox 348 3309 1257 3374">
    <p class='ocr_par' dir='ltr' id='par_1_62' title="bbox 348 3309 1257 3374">
     <span class='ocr_line' id='line_1_62' title="bbox 348 3309 1257 3374; baseline -0.003 -8"><span class='ocrx_word' id='word_1_438' title='bbox 348 3326 511 3366; x_wconf 76' lang='lat' dir='ltr'><strong>mas:</strong></span> <span class='ocrx_word' id='word_1_439' title='bbox 554 3329 575 3362; x_wconf 78' lang='grc' dir='ltr'><strong>ι</strong></span> <span class='ocrx_word' id='word_1_440' title='bbox 599 3309 773 3374; x_wconf 88' lang='lat' dir='ltr'><strong>Tace,</strong></span> <span class='ocrx_word' id='word_1_441' title='bbox 799 3309 1124 3366; x_wconf 86' lang='lat' dir='ltr'><strong>obmutesce</strong></span> <span class='ocrx_word' id='word_1_442' title='bbox 1145 3311 1214 3366; x_wconf 83' lang='lat'><strong>“.</strong></span> <span class='ocrx_word' id='word_1_443' title='bbox 1238 3330 1257 3363; x_wconf 74' lang='grc' dir='ltr'><strong>ι</strong></span> 
     </span>
    </p>
   </div>
   <div class='ocr_carea' id='block_1_63' title="bbox 442 3399 2044 3476">
    <p class='ocr_par' dir='ltr' id='par_1_63' title="bbox 442 3401 2042 3476">
     <span class='ocr_line' id='line_1_63' title="bbox 442 3401 2042 3476; baseline 0.001 -20"><span class='ocrx_word' id='word_1_444' title='bbox 442 3402 725 3473; x_wconf 83' lang='grc' dir='ltr'>Ἐποίησα</span> <span class='ocrx_word' id='word_1_445' title='bbox 752 3401 812 3455; x_wconf 82' lang='grc' dir='ltr'>δὲ</span> <span class='ocrx_word' id='word_1_446' title='bbox 849 3402 1271 3473; x_wconf 78' lang='grc' dir='ltr'>ἀναγνωσθῆναι</span> <span class='ocrx_word' id='word_1_447' title='bbox 1298 3405 1401 3476; x_wconf 82' lang='grc' dir='ltr'>τὴν</span> <span class='ocrx_word' id='word_1_448' title='bbox 1433 3403 1721 3475; x_wconf 80' lang='grc' dir='ltr'>ἐπιστολὴν</span> <span class='ocrx_word' id='word_1_449' title='bbox 1744 3402 1847 3474; x_wconf 83' lang='grc' dir='ltr'>τῆς</span> <span class='ocrx_word' id='word_1_450' title='bbox 1871 3403 1971 3475; x_wconf 77' lang='grc' dir='ltr'><strong>σῆς</strong></span> <span class='ocrx_word' id='word_1_451' title='bbox 1997 3410 2042 3467; x_wconf 86' lang='lat' dir='ltr'><strong>C.</strong></span> 
     </span>
    </p>
   </div>
   <div class='ocr_carea' id='block_1_64' title="bbox 2060 3399 3662 3476">
    <p class='ocr_par' dir='ltr' id='par_1_64' title="bbox 2143 3399 3662 3475">
     <span class='ocr_line' id='line_1_64' title="bbox 2143 3399 3662 3475; baseline -0.003 -15"><span class='ocrx_word' id='word_1_452' title='bbox 2143 3402 2374 3461; x_wconf 89' lang='lat' dir='ltr'><strong>Pietatis</strong></span> <span class='ocrx_word' id='word_1_453' title='bbox 2427 3412 2535 3459; x_wconf 71' lang='lat' dir='ltr'><strong>tuae</strong></span> <span class='ocrx_word' id='word_1_454' title='bbox 2592 3402 2881 3475; x_wconf 75' lang='lat' dir='ltr'><strong>epistolam</strong></span> <span class='ocrx_word' id='word_1_455' title='bbox 2925 3401 3274 3457; x_wconf 85' lang='lat' dir='ltr'><strong>sanctissimo</strong></span> <span class='ocrx_word' id='word_1_456' title='bbox 3322 3399 3521 3457; x_wconf 87' lang='lat' dir='ltr'><strong>Joanni</strong></span> <span class='ocrx_word' id='word_1_457' title='bbox 3552 3400 3662 3456; x_wconf 88' lang='lat' dir='ltr'><strong>Ec-</strong></span> 
     </span>
    </p>
   </div>
   <div class='ocr_carea' id='block_1_65' title="bbox 352 3491 1954 3567">
    <p class='ocr_par' dir='ltr' id='par_1_65' title="bbox 352 3491 1954 3567">
     <span class='ocr_line' id='line_1_65' title="bbox 352 3491 1954 3567; baseline 0.001 -19"><span class='ocrx_word' id='word_1_458' title='bbox 352 3492 687 3558; x_wconf 75' lang='grc' dir='ltr'>θεοσεϐείας</span> <span class='ocrx_word' id='word_1_459' title='bbox 742 3491 822 3565; x_wconf 82' lang='grc' dir='ltr'><strong>τῷ</strong></span> <span class='ocrx_word' id='word_1_460' title='bbox 850 3492 1144 3565; x_wconf 84' lang='grc' dir='ltr'>ἁγιωτάτῳ</span> <span class='ocrx_word' id='word_1_461' title='bbox 1180 3495 1466 3567; x_wconf 81' lang='grc' dir='ltr'>ὲπισκόπῳ</span> <span class='ocrx_word' id='word_1_462' title='bbox 1515 3495 1738 3567; x_wconf 84' lang='grc' dir='ltr'>Ἰωάννῃ</span> <span class='ocrx_word' id='word_1_463' title='bbox 1761 3493 1842 3566; x_wconf 84' lang='grc' dir='ltr'><strong>τῷ</strong></span> <span class='ocrx_word' id='word_1_464' title='bbox 1868 3495 1954 3567; x_wconf 79' lang='grc' dir='ltr'><strong>τῆς</strong></span> 
     </span>
    </p>
   </div>
   <div class='ocr_carea' id='block_1_66' title="bbox 2051 3491 3653 3567">
    <p class='ocr_par' dir='ltr' id='par_1_66' title="bbox 2077 3492 3653 3565">
     <span class='ocr_line' id='line_1_66' title="bbox 2077 3492 3653 3565; baseline -0.003 -13"><span class='ocrx_word' id='word_1_465' title='bbox 2077 3496 2261 3553; x_wconf 70' lang='grc' dir='ltr'>οιεείεε</span> <span class='ocrx_word' id='word_1_466' title='bbox 2281 3495 2640 3552; x_wconf 77' lang='lat' dir='ltr'><strong>Antiochense</strong></span> <span class='ocrx_word' id='word_1_467' title='bbox 2670 3494 2932 3565; x_wconf 91' lang='lat' dir='ltr'><strong>episcopo</strong></span> <span class='ocrx_word' id='word_1_468' title='bbox 2958 3492 3066 3563; x_wconf 85' lang='lat' dir='ltr'><strong>legi</strong></span> <span class='ocrx_word' id='word_1_469' title='bbox 3083 3492 3309 3558; x_wconf 88' lang='lat' dir='ltr'><strong>curavi;</strong></span> <span class='ocrx_word' id='word_1_470' title='bbox 3341 3505 3506 3561; x_wconf 83' lang='lat' dir='ltr'><strong>quam</strong></span> <span class='ocrx_word' id='word_1_471' title='bbox 3558 3492 3653 3547; x_wconf 90' lang='lat' dir='ltr'><strong>ille</strong></span> 
     </span>
    </p>
   </div>
   <div class='ocr_carea' id='block_1_67' title="bbox 365 3582 1967 3659">
    <p class='ocr_par' dir='ltr' id='par_1_67' title="bbox 365 3583 1967 3659">
     <span class='ocr_line' id='line_1_67' title="bbox 365 3583 1967 3659; baseline 0.001 -21"><span class='ocrx_word' id='word_1_472' title='bbox 365 3585 745 3656; x_wconf 78' lang='grc' dir='ltr'>Ἀντιοχείας,</span> <span class='ocrx_word' id='word_1_473' title='bbox 781 3583 880 3639; x_wconf 78' lang='grc' dir='ltr'>καὶ</span> <span class='ocrx_word' id='word_1_474' title='bbox 912 3584 1263 3650; x_wconf 78' lang='grc' dir='ltr'>κατακούσας</span> <span class='ocrx_word' id='word_1_475' title='bbox 1301 3586 1443 3657; x_wconf 86' lang='grc' dir='ltr'>μετὰ</span> <span class='ocrx_word' id='word_1_476' title='bbox 1469 3585 1671 3659; x_wconf 81' lang='grc' dir='ltr'>πολλῆς</span> <span class='ocrx_word' id='word_1_477' title='bbox 1706 3584 1807 3657; x_wconf 83' lang='grc' dir='ltr'>τῆς</span> <span class='ocrx_word' id='word_1_478' title='bbox 1839 3601 1967 3639; x_wconf 90' lang='grc' dir='ltr'>συν-</span> 
     </span>
    </p>
   </div>
   <div class='ocr_carea' id='block_1_68' title="bbox 2059 3582 3661 3659">
    <p class='ocr_par' dir='ltr' id='par_1_68' title="bbox 2075 3582 3661 3659">
     <span class='ocr_line' id='line_1_68' title="bbox 2075 3582 3661 3659; baseline -0.004 -15"><span class='ocrx_word' id='word_1_479' title='bbox 2075 3603 2298 3659; x_wconf 89' lang='lat' dir='ltr'><strong>quoque</strong></span> <span class='ocrx_word' id='word_1_480' title='bbox 2316 3602 2531 3643; x_wconf 88' lang='lat' dir='ltr'><strong>summa</strong></span> <span class='ocrx_word' id='word_1_481' title='bbox 2570 3586 2901 3650; x_wconf 81' lang='lat' dir='ltr'><strong>attentione,</strong></span> <span class='ocrx_word' id='word_1_482' title='bbox 2927 3599 3032 3639; x_wconf 87' lang='lat' dir='ltr'><strong>nec</strong></span> <span class='ocrx_word' id='word_1_483' title='bbox 3066 3596 3238 3654; x_wconf 86' lang='lat' dir='ltr'><strong>parvo</strong></span> <span class='ocrx_word' id='word_1_484' title='bbox 3256 3582 3465 3638; x_wconf 88' lang='lat' dir='ltr'><strong>doloris</strong></span> <span class='ocrx_word' id='word_1_485' title='bbox 3490 3598 3661 3638; x_wconf 88' lang='lat' dir='ltr'><strong>sensu</strong></span> 
     </span>
    </p>
   </div>
   <div class='ocr_carea' id='block_1_69' title="bbox 351 3673 1953 3750">
    <p class='ocr_par' dir='ltr' id='par_1_69' title="bbox 351 3676 1953 3750">
     <span class='ocr_line' id='line_1_69' title="bbox 351 3676 1953 3750; baseline -0.002 -18"><span class='ocrx_word' id='word_1_486' title='bbox 351 3677 685 3748; x_wconf 78' lang='grc' dir='ltr'>αισθήσεως</span> <span class='ocrx_word' id='word_1_487' title='bbox 723 3676 819 3730; x_wconf 75' lang='grc' dir='ltr'><strong>καὶ</strong></span> <span class='ocrx_word' id='word_1_488' title='bbox 849 3676 1222 3749; x_wconf 82' lang='grc' dir='ltr'>συμπαθείας,</span> <span class='ocrx_word' id='word_1_489' title='bbox 1268 3678 1341 3734; x_wconf 79' lang='grc' dir='ltr'>τὰ</span> <span class='ocrx_word' id='word_1_490' title='bbox 1384 3679 1524 3734; x_wconf 80' lang='grc' dir='ltr'>αὐτὰ</span> <span class='ocrx_word' id='word_1_491' title='bbox 1553 3680 1686 3750; x_wconf 79' lang='grc' dir='ltr'>ἡμῖν</span> <span class='ocrx_word' id='word_1_492' title='bbox 1715 3677 1953 3749; x_wconf 82' lang='grc' dir='ltr'>βούλεται</span> 
     </span>
    </p>
   </div>
   <div class='ocr_carea' id='block_1_70' title="bbox 2059 3673 3661 3750">
    <p class='ocr_par' dir='ltr' id='par_1_70' title="bbox 2075 3673 3661 3744">
     <span class='ocr_line' id='line_1_70' title="bbox 2075 3673 3661 3744; baseline -0.003 -10"><span class='ocrx_word' id='word_1_493' title='bbox 2075 3678 2308 3734; x_wconf 87' lang='lat' dir='ltr'><strong>audivit.</strong></span> <span class='ocrx_word' id='word_1_494' title='bbox 2339 3679 2477 3734; x_wconf 80' lang='lat' dir='ltr'><strong>Nam</strong></span> <span class='ocrx_word' id='word_1_495' title='bbox 2504 3679 2635 3733; x_wconf 88' lang='lat' dir='ltr'><strong>licet</strong></span> <span class='ocrx_word' id='word_1_496' title='bbox 2660 3691 2856 3732; x_wconf 86' lang='lat' dir='ltr'><strong>recens</strong></span> <span class='ocrx_word' id='word_1_497' title='bbox 2882 3675 3182 3731; x_wconf 86' lang='lat' dir='ltr'><strong>admodum</strong></span> <span class='ocrx_word' id='word_1_498' title='bbox 3202 3673 3661 3744; x_wconf 87' lang='lat' dir='ltr'><strong>adepiscopatum</strong></span> 
     </span>
    </p>
   </div>
   <div class='ocr_carea' id='block_1_71' title="bbox 350 3766 1952 3841">
    <p class='ocr_par' dir='ltr' id='par_1_71' title="bbox 350 3768 1952 3841">
     <span class='ocr_line' id='line_1_71' title="bbox 350 3768 1952 3841; baseline -0.001 -19"><span class='ocrx_word' id='word_1_499' title='bbox 350 3769 754 3841; x_wconf 66' lang='grc' dir='ltr'>πρεσϐυτικὴν</span> <span class='ocrx_word' id='word_1_500' title='bbox 791 3769 1021 3837; x_wconf 72' lang='grc' dir='ltr'>ἄγουσιν</span> <span class='ocrx_word' id='word_1_501' title='bbox 1051 3768 1291 3840; x_wconf 80' lang='grc' dir='ltr'>ἠλικίαν,</span> <span class='ocrx_word' id='word_1_502' title='bbox 1321 3770 1521 3825; x_wconf 66' lang='grc' dir='ltr'>νεωστὶ</span> <span class='ocrx_word' id='word_1_503' title='bbox 1547 3771 1627 3835; x_wconf 74' lang='grc' dir='ltr'><strong>εἰς</strong></span> <span class='ocrx_word' id='word_1_504' title='bbox 1659 3768 1952 3840; x_wconf 58' lang='grc' dir='ltr'>ὲπισκοπὴι</span> 
     </span>
    </p>
   </div>
   <div class='ocr_carea' id='block_1_72' title="bbox 2056 3766 3658 3841">
    <p class='ocr_par' dir='ltr' id='par_1_72' title="bbox 2074 3766 3658 3838">
     <span class='ocr_line' id='line_1_72' title="bbox 2074 3766 3658 3838; baseline -0.004 -11"><span class='ocrx_word' id='word_1_505' title='bbox 2074 3772 2312 3837; x_wconf 88' lang='lat' dir='ltr'><strong>venerit,</strong></span> <span class='ocrx_word' id='word_1_506' title='bbox 2350 3770 2545 3826; x_wconf 88' lang='lat' dir='ltr'><strong>eadem</strong></span> <span class='ocrx_word' id='word_1_507' title='bbox 2568 3778 2752 3826; x_wconf 88' lang='lat' dir='ltr'><strong>tamen</strong></span> <span class='ocrx_word' id='word_1_508' title='bbox 2771 3770 2893 3826; x_wconf 84' lang='lat' dir='ltr'><strong>vult</strong></span> <span class='ocrx_word' id='word_1_509' title='bbox 2916 3776 2973 3824; x_wconf 90' lang='lat' dir='ltr'><strong>et</strong></span> <span class='ocrx_word' id='word_1_510' title='bbox 2997 3766 3167 3829; x_wconf 84' lang='lat' dir='ltr'><strong>sentit</strong></span> <span class='ocrx_word' id='word_1_511' title='bbox 3195 3782 3318 3838; x_wconf 66' lang='lat' dir='ltr'><strong>quae</strong></span> <span class='ocrx_word' id='word_1_512' title='bbox 3343 3782 3448 3822; x_wconf 86' lang='lat' dir='ltr'><strong>nos</strong></span> <span class='ocrx_word' id='word_1_513' title='bbox 3468 3780 3658 3833; x_wconf 85' lang='lat' dir='ltr'><strong>senes;</strong></span> 
     </span>
    </p>
   </div>
   <div class='ocr_carea' id='block_1_73' title="bbox 348 3855 1950 3933">
    <p class='ocr_par' dir='ltr' id='par_1_73' title="bbox 348 3858 1950 3933">
     <span class='ocr_line' id='line_1_73' title="bbox 348 3858 1950 3933; baseline -0.001 -19"><span class='ocrx_word' id='word_1_514' title='bbox 348 3859 647 3933; x_wconf 70' lang='grc' dir='ltr'>ἐληλυθώς</span> <span class='ocrx_word' id='word_1_515' title='bbox 674 3876 688 3889; x_wconf 87' lang='grc'><strong>·</strong></span> <span class='ocrx_word' id='word_1_516' title='bbox 725 3859 786 3924; x_wconf 80' lang='grc' dir='ltr'>ὃς</span> <span class='ocrx_word' id='word_1_517' title='bbox 814 3862 879 3931; x_wconf 77' lang='grc' dir='ltr'><strong>τῇ</strong></span> <span class='ocrx_word' id='word_1_518' title='bbox 916 3858 1011 3913; x_wconf 79' lang='grc' dir='ltr'><strong>τοῦ</strong></span> <span class='ocrx_word' id='word_1_519' title='bbox 1033 3858 1169 3914; x_wconf 81' lang='grc' dir='ltr'>Θεοῦ</span> <span class='ocrx_word' id='word_1_520' title='bbox 1205 3861 1391 3932; x_wconf 88' lang='grc' dir='ltr'>χάριτι</span> <span class='ocrx_word' id='word_1_521' title='bbox 1412 3860 1653 3933; x_wconf 75' lang='grc' dir='ltr'>ἀκμάζει</span> <span class='ocrx_word' id='word_1_522' title='bbox 1677 3862 1735 3916; x_wconf 79' lang='grc' dir='ltr'>ἐν</span> <span class='ocrx_word' id='word_1_523' title='bbox 1760 3863 1871 3925; x_wconf 86' lang='grc' dir='ltr'>τοῖς</span> <span class='ocrx_word' id='word_1_524' title='bbox 1894 3864 1950 3932; x_wconf 62' lang='grc' dir='ltr'>τῇ</span> 
     </span>
    </p>
   </div>
   <div class='ocr_carea' id='block_1_74' title="bbox 2060 3855 3662 3933">
    <p class='ocr_par' dir='ltr' id='par_1_74' title="bbox 2073 3855 3662 3932">
     <span class='ocr_line' id='line_1_74' title="bbox 2073 3855 3662 3932; baseline -0.003 -17"><span class='ocrx_word' id='word_1_525' title='bbox 2073 3860 2170 3932; x_wconf 90' lang='lat' dir='ltr'><strong>qui</strong></span> <span class='ocrx_word' id='word_1_526' title='bbox 2185 3861 2353 3915; x_wconf 85' lang='lat' dir='ltr'><strong>etiam</strong></span> <span class='ocrx_word' id='word_1_527' title='bbox 2369 3859 2467 3915; x_wconf 89' lang='lat' dir='ltr'><strong>Dei</strong></span> <span class='ocrx_word' id='word_1_528' title='bbox 2490 3859 2665 3930; x_wconf 88' lang='lat' dir='ltr'><strong>gratia</strong></span> <span class='ocrx_word' id='word_1_529' title='bbox 2684 3859 2955 3924; x_wconf 88' lang='lat' dir='ltr'><strong>munitus,</strong></span> <span class='ocrx_word' id='word_1_530' title='bbox 2978 3857 3035 3913; x_wconf 89' lang='lat' dir='ltr'><strong>in</strong></span> <span class='ocrx_word' id='word_1_531' title='bbox 3056 3856 3384 3912; x_wconf 90' lang='lat' dir='ltr'><strong>muneribus</strong></span> <span class='ocrx_word' id='word_1_532' title='bbox 3407 3855 3662 3911; x_wconf 89' lang='lat' dir='ltr'><strong>certami-</strong></span> 
     </span>
    </p>
   </div>
   <div class='ocr_carea' id='block_1_75' title="bbox 352 3947 1954 4023">
    <p class='ocr_par' dir='ltr' id='par_1_75' title="bbox 352 3950 1954 4023">
     <span class='ocr_line' id='line_1_75' title="bbox 352 3950 1954 4023; baseline -0.002 -16"><span class='ocrx_word' id='word_1_533' title='bbox 352 3953 649 4023; x_wconf 75' lang='grc' dir='ltr'>ὲπισκοπῇ</span> <span class='ocrx_word' id='word_1_534' title='bbox 676 3952 962 4023; x_wconf 82' lang='grc' dir='ltr'>προσεῖναι</span> <span class='ocrx_word' id='word_1_535' title='bbox 980 3950 1290 4023; x_wconf 84' lang='grc' dir='ltr'>ὀφείλουσιν</span> <span class='ocrx_word' id='word_1_536' title='bbox 1309 3951 1675 4017; x_wconf 79' lang='grc' dir='ltr'>ὲπάθλοις,ὡς</span> <span class='ocrx_word' id='word_1_537' title='bbox 1705 3951 1848 4023; x_wconf 83' lang='grc' dir='ltr'>μέγα</span> <span class='ocrx_word' id='word_1_538' title='bbox 1876 3950 1954 4004; x_wconf 51' lang='lat' dir='ltr'><strong>se</strong></span> 
     </span>
    </p>
   </div>
   <div class='ocr_carea' id='block_1_76' title="bbox 2058 3947 3660 4023">
    <p class='ocr_par' dir='ltr' id='par_1_76' title="bbox 2073 3947 3660 4022">
     <span class='ocr_line' id='line_1_76' title="bbox 2073 3947 3660 4022; baseline -0.004 -14"><span class='ocrx_word' id='word_1_539' title='bbox 2073 3952 2351 4022; x_wconf 88' lang='lat' dir='ltr'><strong>nibusque</strong></span> <span class='ocrx_word' id='word_1_540' title='bbox 2374 3951 2636 4022; x_wconf 88' lang='lat' dir='ltr'><strong>episcopo</strong></span> <span class='ocrx_word' id='word_1_541' title='bbox 2659 3950 2842 4022; x_wconf 88' lang='lat' dir='ltr'><strong>dignis</strong></span> <span class='ocrx_word' id='word_1_542' title='bbox 2862 3949 3001 4005; x_wconf 88' lang='lat' dir='ltr'><strong>adeo</strong></span> <span class='ocrx_word' id='word_1_543' title='bbox 3033 3964 3092 4005; x_wconf 85' lang='lat' dir='ltr'><strong>se</strong></span> <span class='ocrx_word' id='word_1_544' title='bbox 3124 3947 3270 4019; x_wconf 86' lang='lat' dir='ltr'><strong>gerit</strong></span> <span class='ocrx_word' id='word_1_545' title='bbox 3301 3948 3542 4019; x_wconf 84' lang='lat' dir='ltr'><strong>egregie,</strong></span> <span class='ocrx_word' id='word_1_546' title='bbox 3597 3955 3660 4002; x_wconf 90' lang='lat' dir='ltr'><strong>ut</strong></span> 
     </span>
    </p>
   </div>
   <div class='ocr_carea' id='block_1_77' title="bbox 351 4037 1953 4114">
    <p class='ocr_par' dir='ltr' id='par_1_77' title="bbox 351 4040 1953 4114">
     <span class='ocr_line' id='line_1_77' title="bbox 351 4040 1953 4114; baseline 0.032 -20"><span class='ocrx_word' id='word_1_547' title='bbox 351 4041 512 4114; x_wconf 65' lang='grc' dir='ltr'>αὐτῷ</span> <span class='ocrx_word' id='word_1_548' title='bbox 569 4044 819 4113; x_wconf 78' lang='grc' dir='ltr'>φρονεῖν,</span> <span class='ocrx_word' id='word_1_549' title='bbox 873 4041 971 4094; x_wconf 76' lang='grc' dir='ltr'>καὶ</span> <span class='ocrx_word' id='word_1_550' title='bbox 1039 4040 1404 4112; x_wconf 74' lang='grc' dir='ltr'>σεμνύνεσθαι</span> <span class='ocrx_word' id='word_1_551' title='bbox 1450 4042 1663 4106; x_wconf 68' lang='grc' dir='ltr'>πάντας</span> <span class='ocrx_word' id='word_1_552' title='bbox 1691 4043 1821 4107; x_wconf 61' lang='grc' dir='ltr'><strong>τοὺς</strong></span> <span class='ocrx_word' id='word_1_553' title='bbox 1862 4040 1953 4109; x_wconf 49' lang='lat' dir='ltr'><strong>ﬁ“</strong></span> 
     </span>
    </p>
   </div>
   <div class='ocr_carea' id='block_1_78' title="bbox 2058 4037 3660 4114">
    <p class='ocr_par' dir='ltr' id='par_1_78' title="bbox 2073 4037 3660 4114">
     <span class='ocr_line' id='line_1_78' title="bbox 2073 4037 3660 4114; baseline -0.004 -14"><span class='ocrx_word' id='word_1_554' title='bbox 2073 4059 2196 4100; x_wconf 89' lang='lat' dir='ltr'><strong>sese</strong></span> <span class='ocrx_word' id='word_1_555' title='bbox 2231 4043 2299 4099; x_wconf 91' lang='lat' dir='ltr'><strong>de</strong></span> <span class='ocrx_word' id='word_1_556' title='bbox 2321 4043 2416 4098; x_wconf 91' lang='lat' dir='ltr'><strong>illo</strong></span> <span class='ocrx_word' id='word_1_557' title='bbox 2431 4044 2643 4114; x_wconf 88' lang='lat' dir='ltr'><strong>jactent</strong></span> <span class='ocrx_word' id='word_1_558' title='bbox 2669 4041 3070 4114; x_wconf 78' lang='lat' dir='ltr'><strong>magniﬁcoque</strong></span> <span class='ocrx_word' id='word_1_559' title='bbox 3096 4040 3394 4111; x_wconf 82' lang='lat' dir='ltr'><strong>loquantur</strong></span> <span class='ocrx_word' id='word_1_560' title='bbox 3419 4037 3660 4094; x_wconf 86' lang='lat' dir='ltr'><strong>Orientis</strong></span> 
     </span>
    </p>
   </div>
   <div class='ocr_carea' id='block_1_79' title="bbox 348 4128 1950 4207">
    <p class='ocr_par' dir='ltr' id='par_1_79' title="bbox 348 4132 1950 4204">
     <span class='ocr_line' id='line_1_79' title="bbox 348 4132 1950 4204; baseline 0.001 -15"><span class='ocrx_word' id='word_1_561' title='bbox 348 4134 414 4189; x_wconf 74' lang='grc' dir='ltr'><strong>’Δ</strong></span> <span class='ocrx_word' id='word_1_562' title='bbox 422 4134 669 4204; x_wconf 78' lang='grc' dir='ltr'>νατολῆς</span> <span class='ocrx_word' id='word_1_563' title='bbox 686 4132 1130 4198; x_wconf 77' lang='grc' dir='ltr'>ὲπισκόπους,πα</span> <span class='ocrx_word' id='word_1_564' title='bbox 1138 4133 1391 4204; x_wconf 82' lang='grc' dir='ltr'>ρακαλῶν</span> <span class='ocrx_word' id='word_1_565' title='bbox 1407 4149 1500 4187; x_wconf 89' lang='grc' dir='ltr'><strong>σου</strong></span> <span class='ocrx_word' id='word_1_566' title='bbox 1516 4134 1614 4203; x_wconf 78' lang='grc' dir='ltr'>τὴν</span> <span class='ocrx_word' id='word_1_567' title='bbox 1628 4133 1950 4198; x_wconf 61' lang='grc' dir='ltr'>θεοσέϐειαν,</span> 
     </span>
    </p>
   </div>
   <div class='ocr_carea' id='block_1_80' title="bbox 2057 4128 3659 4207">
    <p class='ocr_par' dir='ltr' id='par_1_80' title="bbox 2071 4128 3659 4207">
     <span class='ocr_line' id='line_1_80' title="bbox 2071 4128 3659 4207; baseline -0.004 -16"><span class='ocrx_word' id='word_1_568' title='bbox 2071 4136 2319 4207; x_wconf 87' lang='lat' dir='ltr'><strong>episcopi</strong></span> <span class='ocrx_word' id='word_1_569' title='bbox 2338 4151 2549 4191; x_wconf 90' lang='lat' dir='ltr'><strong>omnes.</strong></span> <span class='ocrx_word' id='word_1_570' title='bbox 2582 4135 2686 4191; x_wconf 82' lang='lat' dir='ltr'><strong>Hic</strong></span> <span class='ocrx_word' id='word_1_571' title='bbox 2713 4143 2865 4190; x_wconf 88' lang='lat' dir='ltr'><strong>tuam</strong></span> <span class='ocrx_word' id='word_1_572' title='bbox 2909 4148 3155 4204; x_wconf 86' lang='lat' dir='ltr'><strong>quoque,</strong></span> <span class='ocrx_word' id='word_1_573' title='bbox 3206 4139 3269 4186; x_wconf 91' lang='lat' dir='ltr'><strong>ut</strong></span> <span class='ocrx_word' id='word_1_574' title='bbox 3308 4131 3509 4195; x_wconf 84' lang='lat' dir='ltr'><strong>fertur,</strong></span> <span class='ocrx_word' id='word_1_575' title='bbox 3535 4128 3659 4199; x_wconf 84' lang='lat' dir='ltr'><strong>pie-</strong></span> 
     </span>
    </p>
   </div>
   <div class='ocr_carea' id='block_1_81' title="bbox 343 4219 1945 4298">
    <p class='ocr_par' dir='ltr' id='par_1_81' title="bbox 343 4219 1945 4297">
     <span class='ocr_line' id='line_1_81' title="bbox 343 4219 1945 4297; baseline 0.001 -21"><span class='ocrx_word' id='word_1_576' title='bbox 343 4224 429 4288; x_wconf 77' lang='grc' dir='ltr'><strong>ὡς</strong></span> <span class='ocrx_word' id='word_1_577' title='bbox 470 4220 1018 4293; x_wconf 75' lang='grc' dir='ltr'>παραλαμϐάνεται,</span> <span class='ocrx_word' id='word_1_578' title='bbox 1066 4219 1210 4276; x_wconf 82' lang='grc' dir='ltr'>ὥστε</span> <span class='ocrx_word' id='word_1_579' title='bbox 1264 4238 1357 4276; x_wconf 90' lang='grc' dir='ltr'><strong>σου</strong></span> <span class='ocrx_word' id='word_1_580' title='bbox 1403 4222 1502 4294; x_wconf 83' lang='grc' dir='ltr'>τὴν</span> <span class='ocrx_word' id='word_1_581' title='bbox 1550 4223 1848 4295; x_wconf 86' lang='grc' dir='ltr'>άγιοσύνην</span> <span class='ocrx_word' id='word_1_582' title='bbox 1893 4228 1945 4297; x_wconf 65' lang='grc' dir='ltr'><strong>τῇ</strong></span> 
     </span>
    </p>
   </div>
   <div class='ocr_carea' id='block_1_82' title="bbox 2056 4219 3658 4298">
    <p class='ocr_par' dir='ltr' id='par_1_82' title="bbox 2072 4221 3658 4297">
     <span class='ocr_line' id='line_1_82' title="bbox 2072 4221 3658 4297; baseline -0.006 -15"><span class='ocrx_word' id='word_1_583' title='bbox 2072 4234 2242 4284; x_wconf 89' lang='lat' dir='ltr'><strong>tatem</strong></span> <span class='ocrx_word' id='word_1_584' title='bbox 2266 4227 2469 4283; x_wconf 75' lang='lat' dir='ltr'><strong>obnixe</strong></span> <span class='ocrx_word' id='word_1_585' title='bbox 2499 4233 2735 4297; x_wconf 86' lang='lat' dir='ltr'><strong>rogatut</strong></span> <span class='ocrx_word' id='word_1_586' title='bbox 2775 4224 3040 4282; x_wconf 83' lang='lat' dir='ltr'><strong>sanctitas</strong></span> <span class='ocrx_word' id='word_1_587' title='bbox 3091 4232 3209 4288; x_wconf 90' lang='lat' dir='ltr'><strong>tua,</strong></span> <span class='ocrx_word' id='word_1_588' title='bbox 3242 4237 3307 4277; x_wconf 87' lang='lat' dir='ltr'><strong>ea</strong></span> <span class='ocrx_word' id='word_1_589' title='bbox 3333 4236 3444 4291; x_wconf 87' lang='lat' dir='ltr'><strong>qua</strong></span> <span class='ocrx_word' id='word_1_590' title='bbox 3488 4221 3658 4290; x_wconf 89' lang='lat' dir='ltr'><strong>pollet</strong></span> 
     </span>
    </p>
   </div>
   <div class='ocr_carea' id='block_1_83' title="bbox 304 4309 1906 4388">
    <p class='ocr_par' dir='ltr' id='par_1_83' title="bbox 304 4312 1906 4388">
     <span class='ocr_line' id='line_1_83' title="bbox 304 4312 1906 4388; baseline -0.001 -18"><span class='ocrx_word' id='word_1_591' title='bbox 304 4326 309 4335; x_wconf 92' lang='lat'><strong>&#39;</strong></span> <span class='ocrx_word' id='word_1_592' title='bbox 348 4315 664 4387; x_wconf 76' lang='grc' dir='ltr'>πρεπούσῃ</span> <span class='ocrx_word' id='word_1_593' title='bbox 686 4312 717 4352; x_wconf 66' lang='grc' dir='ltr'>ι’</span> <span class='ocrx_word' id='word_1_594' title='bbox 745 4313 883 4384; x_wconf 77' lang='grc' dir='ltr'>αὐτῇ</span> <span class='ocrx_word' id='word_1_595' title='bbox 917 4312 1132 4367; x_wconf 84' lang='grc' dir='ltr'>συνέσει</span> <span class='ocrx_word' id='word_1_596' title='bbox 1164 4314 1544 4386; x_wconf 81' lang='grc' dir='ltr'>χρησαμένην,</span> <span class='ocrx_word' id='word_1_597' title='bbox 1579 4315 1906 4388; x_wconf 62' lang='grc' dir='ltr'>μεταχειρίσι</span> 
     </span>
    </p>
   </div>
   <div class='ocr_carea' id='block_1_84' title="bbox 2052 4309 3654 4388">
    <p class='ocr_par' dir='ltr' id='par_1_84' title="bbox 2073 4309 3654 4387">
     <span class='ocr_line' id='line_1_84' title="bbox 2073 4309 3654 4387; baseline -0.005 -16"><span class='ocrx_word' id='word_1_598' title='bbox 2073 4316 2372 4387; x_wconf 87' lang='lat' dir='ltr'><strong>prudentia</strong></span> <span class='ocrx_word' id='word_1_599' title='bbox 2402 4331 2522 4381; x_wconf 88' lang='lat' dir='ltr'><strong>usa,</strong></span> <span class='ocrx_word' id='word_1_600' title='bbox 2562 4315 2797 4369; x_wconf 89' lang='lat' dir='ltr'><strong>verbum</strong></span> <span class='ocrx_word' id='word_1_601' title='bbox 2841 4313 2978 4368; x_wconf 90' lang='lat' dir='ltr'><strong>illud</strong></span> <span class='ocrx_word' id='word_1_602' title='bbox 3006 4311 3152 4382; x_wconf 91' lang='lat' dir='ltr'><strong>quod</strong></span> <span class='ocrx_word' id='word_1_603' title='bbox 3184 4310 3390 4365; x_wconf 76' lang='lat' dir='ltr'><strong>excidit</strong></span> <span class='ocrx_word' id='word_1_604' title='bbox 3428 4318 3487 4364; x_wconf 89' lang='lat' dir='ltr'><strong>et</strong></span> <span class='ocrx_word' id='word_1_605' title='bbox 3514 4309 3654 4364; x_wconf 81' lang='lat' dir='ltr'><strong>tole-</strong></span> 
     </span>
    </p>
   </div>
   <div class='ocr_carea' id='block_1_85' title="bbox 348 4400 1950 4477">
    <p class='ocr_par' dir='ltr' id='par_1_85' title="bbox 348 4400 1950 4477">
     <span class='ocr_line' id='line_1_85' title="bbox 348 4400 1950 4477; baseline 0 -16"><span class='ocrx_word' id='word_1_606' title='bbox 348 4410 484 4461; x_wconf 83' lang='grc' dir='ltr'>σθαι</span> <span class='ocrx_word' id='word_1_607' title='bbox 510 4406 580 4457; x_wconf 77' lang='grc' dir='ltr'><strong>τὺ</strong></span> <span class='ocrx_word' id='word_1_608' title='bbox 615 4403 934 4474; x_wconf 75' lang='grc' dir='ltr'>ὲπισυμϐἅν</span> <span class='ocrx_word' id='word_1_609' title='bbox 963 4405 1065 4457; x_wconf 81' lang='grc' dir='ltr'>οὐκ</span> <span class='ocrx_word' id='word_1_610' title='bbox 1098 4404 1327 4459; x_wconf 77' lang='grc' dir='ltr'>ἀνεκτὸν</span> <span class='ocrx_word' id='word_1_611' title='bbox 1354 4407 1527 4477; x_wconf 78' lang='grc' dir='ltr'>ῥῆμα,</span> <span class='ocrx_word' id='word_1_612' title='bbox 1566 4405 1642 4470; x_wconf 75' lang='grc' dir='ltr'>ὡς</span> <span class='ocrx_word' id='word_1_613' title='bbox 1663 4406 1732 4460; x_wconf 85' lang='grc' dir='ltr'><strong>δι’</strong></span> <span class='ocrx_word' id='word_1_614' title='bbox 1754 4400 1830 4465; x_wconf 78' lang='grc' dir='ltr'>ὧν</span> <span class='ocrx_word' id='word_1_615' title='bbox 1867 4407 1950 4462; x_wconf 85' lang='grc' dir='ltr'>λα-</span> 
     </span>
    </p>
   </div>
   <div class='ocr_carea' id='block_1_86' title="bbox 2054 4400 3656 4477">
    <p class='ocr_par' dir='ltr' id='par_1_86' title="bbox 2073 4402 3656 4471">
     <span class='ocr_line' id='line_1_86' title="bbox 2073 4402 3656 4471; baseline -0.007 -8"><span class='ocrx_word' id='word_1_616' title='bbox 2073 4407 2184 4463; x_wconf 90' lang='lat' dir='ltr'><strong>rari</strong></span> <span class='ocrx_word' id='word_1_617' title='bbox 2212 4422 2326 4463; x_wconf 92' lang='lat' dir='ltr'><strong>non</strong></span> <span class='ocrx_word' id='word_1_618' title='bbox 2366 4405 2552 4471; x_wconf 83' lang='lat' dir='ltr'><strong>debet,</strong></span> <span class='ocrx_word' id='word_1_619' title='bbox 2585 4405 2653 4460; x_wconf 89' lang='lat' dir='ltr'><strong>ad</strong></span> <span class='ocrx_word' id='word_1_620' title='bbox 2679 4419 2811 4460; x_wconf 88' lang='lat' dir='ltr'><strong>eum</strong></span> <span class='ocrx_word' id='word_1_621' title='bbox 2843 4402 3069 4458; x_wconf 86' lang='lat' dir='ltr'><strong>modum</strong></span> <span class='ocrx_word' id='word_1_622' title='bbox 3091 4408 3308 4465; x_wconf 87' lang='lat' dir='ltr'><strong>tractet,</strong></span> <span class='ocrx_word' id='word_1_623' title='bbox 3338 4407 3402 4454; x_wconf 91' lang='lat' dir='ltr'><strong>ut</strong></span> <span class='ocrx_word' id='word_1_624' title='bbox 3422 4408 3531 4454; x_wconf 90' lang='lat' dir='ltr'><strong>tam</strong></span> <span class='ocrx_word' id='word_1_625' title='bbox 3556 4415 3656 4470; x_wconf 88' lang='lat' dir='ltr'><strong>per</strong></span> 
     </span>
    </p>
   </div>
   <div class='ocr_carea' id='block_1_87' title="bbox 344 4487 1946 4570">
    <p class='ocr_par' dir='ltr' id='par_1_87' title="bbox 344 4488 1946 4570">
     <span class='ocr_line' id='line_1_87' title="bbox 344 4488 1946 4570; baseline 0.001 -18"><span class='ocrx_word' id='word_1_626' title='bbox 344 4500 490 4563; x_wconf 85' lang='grc' dir='ltr'><strong>λεῖς,</strong></span> <span class='ocrx_word' id='word_1_627' title='bbox 520 4497 599 4550; x_wconf 72' lang='grc' dir='ltr'><strong>δι’</strong></span> <span class='ocrx_word' id='word_1_628' title='bbox 651 4488 731 4550; x_wconf 83' lang='grc' dir='ltr'>ὧν</span> <span class='ocrx_word' id='word_1_629' title='bbox 761 4494 1026 4567; x_wconf 81' lang='grc' dir='ltr'>πράττεις</span> <span class='ocrx_word' id='word_1_630' title='bbox 1049 4537 1064 4562; x_wconf 88' lang='grc'><strong>,</strong></span> <span class='ocrx_word' id='word_1_631' title='bbox 1101 4494 1164 4548; x_wconf 77' lang='grc' dir='ltr'>τὸ</span> <span class='ocrx_word' id='word_1_632' title='bbox 1204 4496 1586 4560; x_wconf 78' lang='grc' dir='ltr'>άποστολικδν,</span> <span class='ocrx_word' id='word_1_633' title='bbox 1622 4496 1816 4570; x_wconf 76' lang='grc' dir='ltr'>καιροῦ</span> <span class='ocrx_word' id='word_1_634' title='bbox 1857 4516 1946 4553; x_wconf 90' lang='grc' dir='ltr'>κα-</span> 
     </span>
    </p>
   </div>
   <div class='ocr_carea' id='block_1_88' title="bbox 2054 4487 3656 4570">
    <p class='ocr_par' dir='ltr' id='par_1_88' title="bbox 2070 4487 3656 4565">
     <span class='ocr_line' id='line_1_88' title="bbox 2070 4487 3656 4565; baseline -0.003 -18"><span class='ocrx_word' id='word_1_635' title='bbox 2070 4507 2137 4547; x_wconf 89' lang='lat' dir='ltr'><strong>ea</strong></span> <span class='ocrx_word' id='word_1_636' title='bbox 2167 4507 2289 4565; x_wconf 63' lang='lat' dir='ltr'><strong>qua!</strong></span> <span class='ocrx_word' id='word_1_637' title='bbox 2315 4491 2533 4547; x_wconf 88' lang='lat' dir='ltr'><strong>dictura</strong></span> <span class='ocrx_word' id='word_1_638' title='bbox 2567 4498 2672 4555; x_wconf 90' lang='lat' dir='ltr'><strong>est,</strong></span> <span class='ocrx_word' id='word_1_639' title='bbox 2696 4506 2859 4560; x_wconf 88' lang='lat' dir='ltr'><strong>quam</strong></span> <span class='ocrx_word' id='word_1_640' title='bbox 2882 4506 2981 4561; x_wconf 91' lang='lat' dir='ltr'><strong>per</strong></span> <span class='ocrx_word' id='word_1_641' title='bbox 2999 4505 3064 4545; x_wconf 90' lang='lat' dir='ltr'><strong>ea</strong></span> <span class='ocrx_word' id='word_1_642' title='bbox 3089 4504 3308 4544; x_wconf 88' lang='lat' dir='ltr'><strong>rursum</strong></span> <span class='ocrx_word' id='word_1_643' title='bbox 3345 4503 3467 4558; x_wconf 73' lang='lat' dir='ltr'><strong>qua:</strong></span> <span class='ocrx_word' id='word_1_644' title='bbox 3483 4487 3656 4543; x_wconf 80' lang='lat' dir='ltr'><strong>factu-</strong></span> 
     </span>
    </p>
   </div>
   <div class='ocr_carea' id='block_1_89' title="bbox 344 4577 1946 4663">
    <p class='ocr_par' dir='ltr' id='par_1_89' title="bbox 344 4583 1946 4663">
     <span class='ocr_line' id='line_1_89' title="bbox 344 4583 1946 4663; baseline 0.001 -21"><span class='ocrx_word' id='word_1_645' title='bbox 344 4588 615 4650; x_wconf 75' lang='grc' dir='ltr'>λοῦντος,</span> <span class='ocrx_word' id='word_1_646' title='bbox 656 4583 909 4657; x_wconf 75' lang='grc' dir='ltr'>ἐπιδείξῃ</span> <span class='ocrx_word' id='word_1_647' title='bbox 935 4583 996 4636; x_wconf 77' lang='grc' dir='ltr'>τὸ</span> <span class='ocrx_word' id='word_1_648' title='bbox 1043 4584 1290 4652; x_wconf 83' lang='grc' dir='ltr'>φάσκον·</span> <span class='ocrx_word' id='word_1_649' title='bbox 1329 4604 1348 4638; x_wconf 84' lang='grc' dir='ltr'><strong>ι</strong></span> <span class='ocrx_word' id='word_1_650' title='bbox 1412 4586 1540 4640; x_wconf 83' lang='grc' dir='ltr'>Ἔὰν</span> <span class='ocrx_word' id='word_1_651' title='bbox 1584 4587 1723 4643; x_wconf 89' lang='grc' dir='ltr'>θέλω</span> <span class='ocrx_word' id='word_1_652' title='bbox 1753 4591 1946 4663; x_wconf 86' lang='grc' dir='ltr'>χρήσα·</span> 
     </span>
    </p>
   </div>
   <div class='ocr_carea' id='block_1_90' title="bbox 2051 4577 3653 4663">
    <p class='ocr_par' dir='ltr' id='par_1_90' title="bbox 2070 4577 3653 4652">
     <span class='ocr_line' id='line_1_90' title="bbox 2070 4577 3653 4652; baseline -0.001 -15"><span class='ocrx_word' id='word_1_653' title='bbox 2070 4598 2132 4637; x_wconf 90' lang='lat' dir='ltr'><strong>ra</strong></span> <span class='ocrx_word' id='word_1_654' title='bbox 2186 4590 2292 4649; x_wconf 85' lang='lat' dir='ltr'><strong>est,</strong></span> <span class='ocrx_word' id='word_1_655' title='bbox 2319 4582 2612 4637; x_wconf 87' lang='lat' dir='ltr'><strong>occasione</strong></span> <span class='ocrx_word' id='word_1_656' title='bbox 2646 4581 2713 4637; x_wconf 90' lang='lat' dir='ltr'><strong>ad</strong></span> <span class='ocrx_word' id='word_1_657' title='bbox 2769 4582 2874 4637; x_wconf 89' lang='lat' dir='ltr'><strong>hoc</strong></span> <span class='ocrx_word' id='word_1_658' title='bbox 2930 4596 3081 4638; x_wconf 89' lang='lat' dir='ltr'><strong>nunc</strong></span> <span class='ocrx_word' id='word_1_659' title='bbox 3122 4587 3478 4652; x_wconf 83' lang='lat' dir='ltr'><strong>provocante,</strong></span> <span class='ocrx_word' id='word_1_660' title='bbox 3519 4577 3653 4635; x_wconf 89' lang='lat' dir='ltr'><strong>illud</strong></span> 
     </span>
    </p>
   </div>
   <div class='ocr_carea' id='block_1_91' title="bbox 347 4665 1949 4747">
    <p class='ocr_par' dir='ltr' id='par_1_91' title="bbox 347 4665 1949 4747">
     <span class='ocr_line' id='line_1_91' title="bbox 347 4665 1949 4747; baseline 0 -16"><span class='ocrx_word' id='word_1_661' title='bbox 347 4678 486 4731; x_wconf 78' lang='grc' dir='ltr'>σθαι</span> <span class='ocrx_word' id='word_1_662' title='bbox 521 4678 595 4746; x_wconf 80' lang='grc' dir='ltr'><strong>τῇ</strong></span> <span class='ocrx_word' id='word_1_663' title='bbox 632 4673 858 4744; x_wconf 75' lang='grc' dir='ltr'>ἐξουσίᾳ</span> <span class='ocrx_word' id='word_1_664' title='bbox 885 4711 901 4737; x_wconf 90' lang='grc'><strong>,</strong></span> <span class='ocrx_word' id='word_1_665' title='bbox 939 4665 976 4747; x_wconf 77' lang='grc' dir='ltr'>ᾖ</span> <span class='ocrx_word' id='word_1_666' title='bbox 1007 4672 1210 4726; x_wconf 78' lang='grc' dir='ltr'>ἔδωκεν</span> <span class='ocrx_word' id='word_1_667' title='bbox 1242 4675 1377 4745; x_wconf 71' lang='grc' dir='ltr'>ἡμῖν</span> <span class='ocrx_word' id='word_1_668' title='bbox 1404 4674 1434 4726; x_wconf 84' lang='grc' dir='ltr'><strong>ὁ</strong></span> <span class='ocrx_word' id='word_1_669' title='bbox 1472 4674 1606 4740; x_wconf 80' lang='grc' dir='ltr'>Θεὸς</span> <span class='ocrx_word' id='word_1_670' title='bbox 1639 4678 1720 4741; x_wconf 80' lang='grc' dir='ltr'><strong>εἰς</strong></span> <span class='ocrx_word' id='word_1_671' title='bbox 1752 4678 1949 4733; x_wconf 80' lang='grc' dir='ltr'>οἰκοδο-</span> 
     </span>
    </p>
   </div>
   <div class='ocr_carea' id='block_1_92' title="bbox 2039 4665 3641 4747">
    <p class='ocr_par' dir='ltr' id='par_1_92' title="bbox 2074 4672 3641 4745">
     <span class='ocr_line' id='line_1_92' title="bbox 2074 4672 3641 4745; baseline -0.001 -16"><span class='ocrx_word' id='word_1_672' title='bbox 2074 4674 2439 4745; x_wconf 88' lang='lat' dir='ltr'><strong>apestolicum</strong></span> <span class='ocrx_word' id='word_1_673' title='bbox 2460 4673 2702 4729; x_wconf 89' lang='lat' dir='ltr'><strong>eluceat:</strong></span> <span class='ocrx_word' id='word_1_674' title='bbox 2755 4692 2773 4725; x_wconf 80' lang='grc' dir='ltr'><strong>ι</strong></span> <span class='ocrx_word' id='word_1_675' title='bbox 2794 4672 2852 4730; x_wconf 89' lang='lat' dir='ltr'><strong>Si</strong></span> <span class='ocrx_word' id='word_1_676' title='bbox 2883 4689 2969 4739; x_wconf 88' lang='lat' dir='ltr'><strong>ea,</strong></span> <span class='ocrx_word' id='word_1_677' title='bbox 3018 4672 3217 4743; x_wconf 85' lang='lat' dir='ltr'><strong>inquit,</strong></span> <span class='ocrx_word' id='word_1_678' title='bbox 3253 4679 3528 4743; x_wconf 88' lang='lat' dir='ltr'><strong>potestate</strong></span> <span class='ocrx_word' id='word_1_679' title='bbox 3552 4685 3641 4728; x_wconf 85' lang='lat' dir='ltr'><strong>vo-</strong></span> 
     </span>
    </p>
   </div>
   <div class='ocr_carea' id='block_1_93' title="bbox 348 4758 1950 4839">
    <p class='ocr_par' dir='ltr' id='par_1_93' title="bbox 348 4762 1950 4839">
     <span class='ocr_line' id='line_1_93' title="bbox 348 4762 1950 4839; baseline 0.001 -20"><span class='ocrx_word' id='word_1_680' title='bbox 348 4769 488 4839; x_wconf 80' lang='grc' dir='ltr'>μὴν,</span> <span class='ocrx_word' id='word_1_681' title='bbox 522 4767 629 4821; x_wconf 76' lang='grc' dir='ltr'>καὶ</span> <span class='ocrx_word' id='word_1_682' title='bbox 660 4765 764 4818; x_wconf 83' lang='grc' dir='ltr'>οὐκ</span> <span class='ocrx_word' id='word_1_683' title='bbox 795 4764 877 4828; x_wconf 89' lang='grc' dir='ltr'><strong>εἰς</strong></span> <span class='ocrx_word' id='word_1_684' title='bbox 913 4762 1274 4835; x_wconf 81' lang='grc' dir='ltr'>καθαίρεσιν,</span> <span class='ocrx_word' id='word_1_685' title='bbox 1313 4764 1413 4819; x_wconf 85' lang='grc' dir='ltr'>οὐκ</span> <span class='ocrx_word' id='word_1_686' title='bbox 1441 4766 1897 4839; x_wconf 75' lang='grc' dir='ltr'>αἰσχυνθήσομαι.</span> <span class='ocrx_word' id='word_1_687' title='bbox 1935 4787 1950 4821; x_wconf 86' lang='grc' dir='ltr'><strong>ι</strong></span> 
     </span>
    </p>
   </div>
   <div class='ocr_carea' id='block_1_94' title="bbox 2048 4758 3650 4839">
    <p class='ocr_par' dir='ltr' id='par_1_94' title="bbox 2070 4758 3650 4834">
     <span class='ocr_line' id='line_1_94' title="bbox 2070 4758 3650 4834; baseline -0.003 -15"><span class='ocrx_word' id='word_1_688' title='bbox 2070 4765 2230 4820; x_wconf 90' lang='lat' dir='ltr'><strong>luere</strong></span> <span class='ocrx_word' id='word_1_689' title='bbox 2254 4763 2336 4819; x_wconf 90' lang='lat' dir='ltr'><strong>uti</strong></span> <span class='ocrx_word' id='word_1_690' title='bbox 2381 4778 2549 4834; x_wconf 87' lang='lat' dir='ltr'><strong>quam</strong></span> <span class='ocrx_word' id='word_1_691' title='bbox 2590 4763 2744 4819; x_wconf 87' lang='lat' dir='ltr'><strong>dedit</strong></span> <span class='ocrx_word' id='word_1_692' title='bbox 2774 4762 2936 4818; x_wconf 89' lang='lat' dir='ltr'><strong>nobis</strong></span> <span class='ocrx_word' id='word_1_693' title='bbox 2955 4762 3101 4816; x_wconf 92' lang='lat' dir='ltr'><strong>Deus</strong></span> <span class='ocrx_word' id='word_1_694' title='bbox 3117 4761 3172 4815; x_wconf 90' lang='lat' dir='ltr'><strong>in</strong></span> <span class='ocrx_word' id='word_1_695' title='bbox 3210 4758 3650 4825; x_wconf 70' lang='lat' dir='ltr'><strong>tediﬁcationem,</strong></span> 
     </span>
    </p>
   </div>
   <div class='ocr_carea' id='block_1_95' title="bbox 252 4852 1854 4930">
    <p class='ocr_par' dir='ltr' id='par_1_95' title="bbox 252 4854 1854 4930">
     <span class='ocr_line' id='line_1_95' title="bbox 252 4854 1854 4930; baseline 0 -17"><span class='ocrx_word' id='word_1_696' title='bbox 252 4858 271 4865; x_wconf 88' lang='grc'><em>’</em></span> <span class='ocrx_word' id='word_1_697' title='bbox 344 4860 460 4913; x_wconf 68' lang='grc' dir='ltr'><strong>Τὸν</strong></span> <span class='ocrx_word' id='word_1_698' title='bbox 499 4858 564 4912; x_wconf 74' lang='grc' dir='ltr'>δὲ</span> <span class='ocrx_word' id='word_1_699' title='bbox 598 4854 986 4910; x_wconf 81' lang='grc' dir='ltr'>ποθεινότατον</span> <span class='ocrx_word' id='word_1_700' title='bbox 1012 4855 1104 4909; x_wconf 78' lang='grc' dir='ltr'>τὸν</span> <span class='ocrx_word' id='word_1_701' title='bbox 1127 4854 1196 4908; x_wconf 82' lang='grc' dir='ltr'>τὰ</span> <span class='ocrx_word' id='word_1_702' title='bbox 1225 4856 1533 4928; x_wconf 84' lang='grc' dir='ltr'>γράμματα</span> <span class='ocrx_word' id='word_1_703' title='bbox 1568 4858 1726 4930; x_wconf 79' lang='grc' dir='ltr'>ἡμῶν</span> <span class='ocrx_word' id='word_1_704' title='bbox 1756 4861 1854 4914; x_wconf 77' lang='grc' dir='ltr'>ἐπα</span> 
     </span>
    </p>
   </div>
   <div class='ocr_carea' id='block_1_96' title="bbox 2050 4852 3652 4930">
    <p class='ocr_par' dir='ltr' id='par_1_96' title="bbox 2067 4852 3652 4922">
     <span class='ocr_line' id='line_1_96' title="bbox 2067 4852 3652 4922; baseline -0.004 -8"><span class='ocrx_word' id='word_1_705' title='bbox 2067 4863 2126 4914; x_wconf 88' lang='lat' dir='ltr'><strong>et</strong></span> <span class='ocrx_word' id='word_1_706' title='bbox 2146 4873 2257 4913; x_wconf 93' lang='lat' dir='ltr'><strong>non</strong></span> <span class='ocrx_word' id='word_1_707' title='bbox 2285 4857 2341 4912; x_wconf 91' lang='lat' dir='ltr'><strong>in</strong></span> <span class='ocrx_word' id='word_1_708' title='bbox 2371 4857 2830 4922; x_wconf 86' lang='lat' dir='ltr'><strong>destructionem,</strong></span> <span class='ocrx_word' id='word_1_709' title='bbox 2853 4871 2964 4911; x_wconf 91' lang='lat' dir='ltr'><strong>non</strong></span> <span class='ocrx_word' id='word_1_710' title='bbox 2996 4855 3319 4911; x_wconf 85' lang='lat' dir='ltr'><strong>erubescam</strong></span> <span class='ocrx_word' id='word_1_711' title='bbox 3342 4853 3407 4907; x_wconf 83' lang='grc'><strong>³³.</strong></span> <span class='ocrx_word' id='word_1_712' title='bbox 3435 4872 3453 4905; x_wconf 75' lang='grc' dir='ltr'><strong>ι</strong></span> <span class='ocrx_word' id='word_1_713' title='bbox 3477 4852 3652 4908; x_wconf 61' lang='grc' dir='ltr'>ϐαδιε-</span> 
     </span>
    </p>
   </div>
   <div class='ocr_carea' id='block_1_97' title="bbox 343 4943 1945 5023">
    <p class='ocr_par' dir='ltr' id='par_1_97' title="bbox 343 4945 1945 5023">
     <span class='ocr_line' id='line_1_97' title="bbox 343 4945 1945 5023; baseline 0.002 -21"><span class='ocrx_word' id='word_1_714' title='bbox 343 4968 546 5023; x_wconf 70' lang='grc' dir='ltr'>μενον,</span> <span class='ocrx_word' id='word_1_715' title='bbox 573 4947 772 5002; x_wconf 73' lang='grc' dir='ltr'>πιστὸν</span> <span class='ocrx_word' id='word_1_716' title='bbox 816 4947 949 5002; x_wconf 72' lang='grc' dir='ltr'>ὄντα</span> <span class='ocrx_word' id='word_1_717' title='bbox 1000 4947 1098 5000; x_wconf 75' lang='grc' dir='ltr'>καὶ</span> <span class='ocrx_word' id='word_1_718' title='bbox 1155 4945 1487 5018; x_wconf 75' lang='grc' dir='ltr'>Χρίστιανὸν</span> <span class='ocrx_word' id='word_1_719' title='bbox 1534 4949 1599 5003; x_wconf 78' lang='grc' dir='ltr'>ὲκ</span> <span class='ocrx_word' id='word_1_720' title='bbox 1653 4950 1945 5021; x_wconf 63' lang='grc' dir='ltr'>προγόνων,</span> 
     </span>
    </p>
   </div>
   <div class='ocr_carea' id='block_1_98' title="bbox 2047 4943 3649 5023">
    <p class='ocr_par' dir='ltr' id='par_1_98' title="bbox 2065 4943 3649 5008">
     <span class='ocr_line' id='line_1_98' title="bbox 2065 4943 3649 5008; baseline -0.004 -7"><span class='ocrx_word' id='word_1_721' title='bbox 2065 4946 2736 5002; x_wconf 85' lang='lat' dir='ltr'><strong>rumdcsidcratissimum</strong></span> <span class='ocrx_word' id='word_1_722' title='bbox 2788 4946 2939 5001; x_wconf 90' lang='lat' dir='ltr'><strong>hunc</strong></span> <span class='ocrx_word' id='word_1_723' title='bbox 2980 4955 3232 5001; x_wconf 89' lang='lat' dir='ltr'><strong>nostrum</strong></span> <span class='ocrx_word' id='word_1_724' title='bbox 3280 4943 3649 5008; x_wconf 74' lang='lat' dir='ltr'><strong>tabellarium,</strong></span> 
     </span>
    </p>
   </div>
   <div class='ocr_carea' id='block_1_99' title="bbox 342 5032 1944 5111">
    <p class='ocr_par' dir='ltr' id='par_1_99' title="bbox 342 5038 1944 5111">
     <span class='ocr_line' id='line_1_99' title="bbox 342 5038 1944 5111; baseline -0.004 -11"><span class='ocrx_word' id='word_1_725' title='bbox 342 5042 710 5108; x_wconf 78' lang='grc' dir='ltr'>καταξέωσον</span> <span class='ocrx_word' id='word_1_726' title='bbox 742 5042 810 5111; x_wconf 80' lang='grc' dir='ltr'><strong>τῇ</strong></span> <span class='ocrx_word' id='word_1_727' title='bbox 836 5038 1034 5111; x_wconf 79' lang='grc' dir='ltr'>ὲνούσῃ</span> <span class='ocrx_word' id='word_1_728' title='bbox 1064 5038 1158 5091; x_wconf 76' lang='grc' dir='ltr'><strong>καὶ</strong></span> <span class='ocrx_word' id='word_1_729' title='bbox 1185 5038 1572 5111; x_wconf 80' lang='grc' dir='ltr'>ὲνυπαρχούσῃ</span> <span class='ocrx_word' id='word_1_730' title='bbox 1609 5056 1692 5092; x_wconf 83' lang='grc' dir='ltr'><strong>σοι</strong></span> <span class='ocrx_word' id='word_1_731' title='bbox 1731 5041 1944 5111; x_wconf 79' lang='grc' dir='ltr'>φιλαγα·</span> 
     </span>
    </p>
   </div>
   <div class='ocr_carea' id='block_1_100' title="bbox 2047 5032 3649 5111">
    <p class='ocr_par' dir='ltr' id='par_1_100' title="bbox 2066 5032 3649 5110">
     <span class='ocr_line' id='line_1_100' title="bbox 2066 5032 3649 5110; baseline -0.006 -17"><span class='ocrx_word' id='word_1_732' title='bbox 2066 5038 2163 5109; x_wconf 92' lang='lat' dir='ltr'><strong>qui</strong></span> <span class='ocrx_word' id='word_1_733' title='bbox 2184 5039 2296 5110; x_wconf 84' lang='lat' dir='ltr'><strong>jam</strong></span> <span class='ocrx_word' id='word_1_734' title='bbox 2322 5037 2451 5093; x_wconf 89' lang='lat' dir='ltr'><strong>inde</strong></span> <span class='ocrx_word' id='word_1_735' title='bbox 2473 5054 2505 5094; x_wconf 90' lang='lat' dir='ltr'><strong>a</strong></span> <span class='ocrx_word' id='word_1_736' title='bbox 2531 5038 2838 5109; x_wconf 83' lang='lat' dir='ltr'><strong>majoribus</strong></span> <span class='ocrx_word' id='word_1_737' title='bbox 2857 5037 2972 5092; x_wconf 89' lang='lat' dir='ltr'><strong>suis</strong></span> <span class='ocrx_word' id='word_1_738' title='bbox 3002 5035 3183 5090; x_wconf 83' lang='lat' dir='ltr'><strong>ﬁdelis</strong></span> <span class='ocrx_word' id='word_1_739' title='bbox 3215 5043 3272 5089; x_wconf 91' lang='lat' dir='ltr'><strong>et</strong></span> <span class='ocrx_word' id='word_1_740' title='bbox 3301 5032 3649 5093; x_wconf 86' lang='lat' dir='ltr'><strong>Christianus</strong></span> 
     </span>
    </p>
   </div>
   <div class='ocr_carea' id='block_1_101' title="bbox 338 5124 1940 5208">
    <p class='ocr_par' dir='ltr' id='par_1_101' title="bbox 338 5124 1940 5208">
     <span class='ocr_line' id='line_1_101' title="bbox 338 5124 1940 5208; baseline -0.003 -17"><span class='ocrx_word' id='word_1_741' title='bbox 338 5139 445 5208; x_wconf 65' lang='grc' dir='ltr'><strong>θίᾳ</strong></span> <span class='ocrx_word' id='word_1_742' title='bbox 468 5179 484 5203; x_wconf 87' lang='grc'><strong>,</strong></span> <span class='ocrx_word' id='word_1_743' title='bbox 518 5130 939 5206; x_wconf 77' lang='grc' dir='ltr'>προστήσεσθαι</span> <span class='ocrx_word' id='word_1_744' title='bbox 973 5141 997 5169; x_wconf 71' lang='grc' dir='ltr'><strong>θ</strong></span> <span class='ocrx_word' id='word_1_745' title='bbox 1020 5147 1034 5160; x_wconf 90' lang='grc'>·</span> <span class='ocrx_word' id='word_1_746' title='bbox 1085 5132 1179 5183; x_wconf 76' lang='grc' dir='ltr'>καὶ</span> <span class='ocrx_word' id='word_1_747' title='bbox 1211 5131 1270 5185; x_wconf 79' lang='grc' dir='ltr'>ὲν</span> <span class='ocrx_word' id='word_1_748' title='bbox 1313 5124 1395 5193; x_wconf 73' lang='grc' dir='ltr'>οἷς</span> <span class='ocrx_word' id='word_1_749' title='bbox 1430 5130 1496 5184; x_wconf 82' lang='grc' dir='ltr'>ἂν</span> <span class='ocrx_word' id='word_1_750' title='bbox 1524 5130 1744 5202; x_wconf 85' lang='grc' dir='ltr'>δεηθείη</span> <span class='ocrx_word' id='word_1_751' title='bbox 1766 5172 1780 5194; x_wconf 89' lang='grc'><strong>,</strong></span> <span class='ocrx_word' id='word_1_752' title='bbox 1829 5149 1940 5204; x_wconf 87' lang='grc' dir='ltr'><strong>προ</strong></span> 
     </span>
    </p>
   </div>
   <div class='ocr_carea' id='block_1_102' title="bbox 2042 5124 3644 5208">
    <p class='ocr_par' dir='ltr' id='par_1_102' title="bbox 2063 5124 3644 5202">
     <span class='ocr_line' id='line_1_102' title="bbox 2063 5124 3644 5202; baseline -0.005 -17"><span class='ocrx_word' id='word_1_753' title='bbox 2063 5139 2168 5196; x_wconf 88' lang='lat' dir='ltr'><strong>est,</strong></span> <span class='ocrx_word' id='word_1_754' title='bbox 2199 5145 2301 5201; x_wconf 87' lang='lat' dir='ltr'><strong>pro</strong></span> <span class='ocrx_word' id='word_1_755' title='bbox 2345 5146 2409 5186; x_wconf 89' lang='lat' dir='ltr'><strong>ea</strong></span> <span class='ocrx_word' id='word_1_756' title='bbox 2457 5147 2580 5201; x_wconf 80' lang='lat' dir='ltr'><strong>qum</strong></span> <span class='ocrx_word' id='word_1_757' title='bbox 2621 5132 2781 5202; x_wconf 90' lang='lat' dir='ltr'><strong>plane</strong></span> <span class='ocrx_word' id='word_1_758' title='bbox 2822 5130 2923 5186; x_wconf 87' lang='lat' dir='ltr'><strong>tibi</strong></span> <span class='ocrx_word' id='word_1_759' title='bbox 2972 5130 3135 5184; x_wconf 86' lang='lat' dir='ltr'><strong>insita</strong></span> <span class='ocrx_word' id='word_1_760' title='bbox 3159 5134 3243 5182; x_wconf 89' lang='lat' dir='ltr'><strong>est</strong></span> <span class='ocrx_word' id='word_1_761' title='bbox 3283 5124 3644 5195; x_wconf 80' lang='lat' dir='ltr'><strong>benignitate,</strong></span> 
     </span>
    </p>
   </div>
   <div class='ocr_carea' id='block_1_103' title="bbox 341 5220 1943 5296">
    <p class='ocr_par' dir='ltr' id='par_1_103' title="bbox 341 5221 1943 5296">
     <span class='ocr_line' id='line_1_103' title="bbox 341 5221 1943 5296; baseline -0.006 -12"><span class='ocrx_word' id='word_1_762' title='bbox 341 5230 506 5293; x_wconf 80' lang='grc' dir='ltr'>νοίας</span> <span class='ocrx_word' id='word_1_763' title='bbox 547 5225 719 5280; x_wconf 79' lang='grc' dir='ltr'>αὐτὸν</span> <span class='ocrx_word' id='word_1_764' title='bbox 746 5223 980 5289; x_wconf 81' lang='grc' dir='ltr'>ἀξιῶσαι</span> <span class='ocrx_word' id='word_1_765' title='bbox 1009 5224 1108 5292; x_wconf 85' lang='grc' dir='ltr'>τῆς</span> <span class='ocrx_word' id='word_1_766' title='bbox 1139 5222 1224 5276; x_wconf 72' lang='grc' dir='ltr'>σοὶ</span> <span class='ocrx_word' id='word_1_767' title='bbox 1259 5221 1602 5293; x_wconf 82' lang='grc' dir='ltr'>πρεπούσης.</span> <span class='ocrx_word' id='word_1_768' title='bbox 1640 5224 1831 5277; x_wconf 83' lang='grc' dir='ltr'>Πᾶσαν</span> <span class='ocrx_word' id='word_1_769' title='bbox 1861 5223 1943 5296; x_wconf 66' lang='lat' dir='ltr'><strong>rip</strong></span> 
     </span>
    </p>
   </div>
   <div class='ocr_carea' id='block_1_104' title="bbox 2042 5220 3644 5296">
    <p class='ocr_par' dir='ltr' id='par_1_104' title="bbox 2068 5220 3644 5295">
     <span class='ocr_line' id='line_1_104' title="bbox 2068 5220 3644 5295; baseline -0.006 -18"><span class='ocrx_word' id='word_1_770' title='bbox 2068 5221 2355 5292; x_wconf 87' lang='lat' dir='ltr'><strong>suscipere</strong></span> <span class='ocrx_word' id='word_1_771' title='bbox 2381 5222 2660 5295; x_wconf 83' lang='lat' dir='ltr'><strong>digneris;</strong></span> <span class='ocrx_word' id='word_1_772' title='bbox 2711 5223 2846 5277; x_wconf 89' lang='lat' dir='ltr'><strong>etsi</strong></span> <span class='ocrx_word' id='word_1_773' title='bbox 2881 5220 3068 5291; x_wconf 88' lang='lat' dir='ltr'><strong>quain</strong></span> <span class='ocrx_word' id='word_1_774' title='bbox 3110 5234 3169 5271; x_wconf 90' lang='lat' dir='ltr'><strong>re</strong></span> <span class='ocrx_word' id='word_1_775' title='bbox 3213 5232 3437 5287; x_wconf 84' lang='lat' dir='ltr'><strong>cperam</strong></span> <span class='ocrx_word' id='word_1_776' title='bbox 3495 5222 3644 5268; x_wconf 89' lang='lat' dir='ltr'><strong>tuam</strong></span> 
     </span>
    </p>
   </div>
   <div class='ocr_carea' id='block_1_105' title="bbox 345 5303 1947 5388">
    <p class='ocr_par' dir='ltr' id='par_1_105' title="bbox 345 5312 1947 5388">
     <span class='ocr_line' id='line_1_105' title="bbox 345 5312 1947 5388; baseline -0.005 -13"><span class='ocrx_word' id='word_1_777' title='bbox 345 5323 454 5375; x_wconf 71' lang='grc' dir='ltr'>σὺν</span> <span class='ocrx_word' id='word_1_778' title='bbox 484 5321 575 5373; x_wconf 66' lang='grc' dir='ltr'><strong>σοι</strong></span> <span class='ocrx_word' id='word_1_779' title='bbox 615 5317 962 5388; x_wconf 81' lang='grc' dir='ltr'>ἀδελφότητα</span> <span class='ocrx_word' id='word_1_780' title='bbox 982 5355 999 5381; x_wconf 93' lang='grc'><strong>,</strong></span> <span class='ocrx_word' id='word_1_781' title='bbox 1027 5312 1140 5384; x_wconf 84' lang='grc' dir='ltr'><strong>ὲγώ</strong></span> <span class='ocrx_word' id='word_1_782' title='bbox 1183 5330 1243 5368; x_wconf 85' lang='grc' dir='ltr'><strong>τε</strong></span> <span class='ocrx_word' id='word_1_783' title='bbox 1279 5314 1371 5368; x_wconf 80' lang='grc' dir='ltr'>καὶ</span> <span class='ocrx_word' id='word_1_784' title='bbox 1410 5314 1462 5368; x_wconf 76' lang='lat' dir='ltr'><strong>ei</strong></span> <span class='ocrx_word' id='word_1_785' title='bbox 1512 5315 1610 5368; x_wconf 83' lang='grc' dir='ltr'>σὺν</span> <span class='ocrx_word' id='word_1_786' title='bbox 1635 5315 1759 5385; x_wconf 76' lang='grc' dir='ltr'>ἐμοὶ</span> <span class='ocrx_word' id='word_1_787' title='bbox 1789 5331 1947 5387; x_wconf 79' lang='grc' dir='ltr'>προσ-</span> 
     </span>
    </p>
   </div>
   <div class='ocr_carea' id='block_1_106' title="bbox 2042 5303 3644 5388">
    <p class='ocr_par' dir='ltr' id='par_1_106' title="bbox 2064 5303 3644 5385">
     <span class='ocr_line' id='line_1_106' title="bbox 2064 5303 3644 5385; baseline -0.005 -17"><span class='ocrx_word' id='word_1_788' title='bbox 2064 5313 2421 5379; x_wconf 88' lang='lat' dir='ltr'><strong>desiderabit,</strong></span> <span class='ocrx_word' id='word_1_789' title='bbox 2452 5325 2566 5380; x_wconf 90' lang='lat' dir='ltr'><strong>tua,</strong></span> <span class='ocrx_word' id='word_1_790' title='bbox 2586 5328 2791 5385; x_wconf 69' lang='grc' dir='ltr'>(ιιιεεεο,</span> <span class='ocrx_word' id='word_1_791' title='bbox 2841 5308 3189 5382; x_wconf 89' lang='lat' dir='ltr'><strong>providentia</strong></span> <span class='ocrx_word' id='word_1_792' title='bbox 3220 5306 3297 5361; x_wconf 92' lang='lat' dir='ltr'><strong>illi</strong></span> <span class='ocrx_word' id='word_1_793' title='bbox 3337 5322 3446 5361; x_wconf 89' lang='lat' dir='ltr'><strong>non</strong></span> <span class='ocrx_word' id='word_1_794' title='bbox 3476 5303 3644 5361; x_wconf 86' lang='lat' dir='ltr'><strong>desis.</strong></span> 
     </span>
    </p>
   </div>
   <div class='ocr_carea' id='block_1_107' title="bbox 338 5398 1940 5482">
    <p class='ocr_par' dir='ltr' id='par_1_107' title="bbox 338 5409 726 5482">
     <span class='ocr_line' id='line_1_107' title="bbox 338 5409 726 5482; baseline -0.015 -15"><span class='ocrx_word' id='word_1_795' title='bbox 338 5409 726 5482; x_wconf 83' lang='grc' dir='ltr'>αγορεύομεν.</span> 
     </span>
    </p>
   </div>
   <div class='ocr_carea' id='block_1_108' title="bbox 2036 5398 3638 5482">
    <p class='ocr_par' dir='ltr' id='par_1_108' title="bbox 2067 5398 3638 5477">
     <span class='ocr_line' id='line_1_108' title="bbox 2067 5398 3638 5477; baseline -0.004 -18"><span class='ocrx_word' id='word_1_796' title='bbox 2067 5404 2263 5461; x_wconf 88' lang='lat' dir='ltr'><strong>Totam</strong></span> <span class='ocrx_word' id='word_1_797' title='bbox 2291 5423 2415 5477; x_wconf 76' lang='lat' dir='ltr'><strong>quae</strong></span> <span class='ocrx_word' id='word_1_798' title='bbox 2442 5416 2621 5462; x_wconf 87' lang='lat' dir='ltr'><strong>tecum</strong></span> <span class='ocrx_word' id='word_1_799' title='bbox 2654 5401 3177 5467; x_wconf 82' lang='lat' dir='ltr'><strong>estfraternitatem,</strong></span> <span class='ocrx_word' id='word_1_800' title='bbox 3199 5407 3256 5456; x_wconf 89' lang='lat' dir='ltr'><strong>et</strong></span> <span class='ocrx_word' id='word_1_801' title='bbox 3279 5414 3403 5472; x_wconf 81' lang='lat' dir='ltr'><strong>ego,</strong></span> <span class='ocrx_word' id='word_1_802' title='bbox 3437 5403 3497 5454; x_wconf 86' lang='lat' dir='ltr'><strong>et</strong></span> <span class='ocrx_word' id='word_1_803' title='bbox 3547 5398 3638 5472; x_wconf 87' lang='lat' dir='ltr'><strong>qui</strong></span> 
     </span>
    </p>
   </div>
   <div class='ocr_carea' id='block_1_109' title="bbox 2063 5494 3125 5569">
    <p class='ocr_par' dir='ltr' id='par_1_109' title="bbox 2063 5494 3125 5569">
     <span class='ocr_line' id='line_1_109' title="bbox 2063 5494 3125 5569; baseline -0.002 -17"><span class='ocrx_word' id='word_1_804' title='bbox 2063 5513 2282 5552; x_wconf 87' lang='lat' dir='ltr'><strong>mecum</strong></span> <span class='ocrx_word' id='word_1_805' title='bbox 2305 5506 2453 5563; x_wconf 87' lang='lat' dir='ltr'><strong>sunt,</strong></span> <span class='ocrx_word' id='word_1_806' title='bbox 2477 5499 2775 5569; x_wconf 87' lang='lat' dir='ltr'><strong>plurimum</strong></span> <span class='ocrx_word' id='word_1_807' title='bbox 2802 5494 3125 5552; x_wconf 84' lang='lat' dir='ltr'><strong>salutamus.</strong></span> 
     </span>
    </p>
   </div>
   <div class='ocr_carea' id='block_1_110' title="bbox 420 5562 1432 5632">
    <p class='ocr_par' dir='ltr' id='par_1_110' title="bbox 420 5562 1432 5632">
     <span class='ocr_line' id='line_1_110' title="bbox 420 5562 1432 5632; baseline -0.007 -8"><span class='ocrx_word' id='word_1_808' title='bbox 420 5566 665 5623; x_wconf 66' lang='lat' dir='ltr'><strong>“Marc.</strong></span> <span class='ocrx_word' id='word_1_809' title='bbox 699 5581 776 5632; x_wconf 76' lang='grc' dir='ltr'><strong>ιν,</strong></span> <span class='ocrx_word' id='word_1_810' title='bbox 803 5563 895 5620; x_wconf 79' lang='lat'><strong>59.</strong></span> <span class='ocrx_word' id='word_1_811' title='bbox 972 5562 1018 5594; x_wconf 83' lang='grc'>³³</span> <span class='ocrx_word' id='word_1_812' title='bbox 1057 5562 1099 5617; x_wconf 89' lang='lat' dir='ltr'><strong>ll</strong></span> <span class='ocrx_word' id='word_1_813' title='bbox 1127 5562 1257 5620; x_wconf 89' lang='lat' dir='ltr'><strong>Cor.</strong></span> <span class='ocrx_word' id='word_1_814' title='bbox 1299 5580 1353 5628; x_wconf 65' lang='grc' dir='ltr'>Χ,</span> <span class='ocrx_word' id='word_1_815' title='bbox 1382 5563 1432 5618; x_wconf 91' lang='grc'><strong>8.</strong></span> 
     </span>
    </p>
   </div>
   <div class='ocr_carea' id='block_1_111' title="bbox 1475 5657 2570 5733">
    <p class='ocr_par' dir='ltr' id='par_1_111' title="bbox 1475 5657 2570 5733">
     <span class='ocr_line' id='line_1_111' title="bbox 1475 5657 2570 5733; baseline 0.004 -20"><span class='ocrx_word' id='word_1_816' title='bbox 1475 5657 1650 5713; x_wconf 74' lang='lat' dir='ltr'><strong>Varia:</strong></span> <span class='ocrx_word' id='word_1_817' title='bbox 1673 5658 1938 5716; x_wconf 87' lang='lat' dir='ltr'><strong>lectiones</strong></span> <span class='ocrx_word' id='word_1_818' title='bbox 1963 5660 2171 5720; x_wconf 89' lang='lat' dir='ltr'><strong>codicis</strong></span> <span class='ocrx_word' id='word_1_819' title='bbox 2205 5660 2570 5733; x_wconf 82' lang='lat' dir='ltr'><strong>Seguicriaui.</strong></span> 
     </span>
    </p>
   </div>
   <div class='ocr_carea' id='block_1_112' title="bbox 422 5766 1768 5840">
    <p class='ocr_par' dir='ltr' id='par_1_112' title="bbox 422 5766 1768 5840">
     <span class='ocr_line' id='line_1_112' title="bbox 422 5766 1768 5840; baseline -0.002 -10"><span class='ocrx_word' id='word_1_820' title='bbox 422 5781 452 5810; x_wconf 86' lang='grc'><strong><em>⁸</em></strong></span> <span class='ocrx_word' id='word_1_821' title='bbox 484 5771 725 5830; x_wconf 72' lang='grc' dir='ltr'>λυποῦν.</span> <span class='ocrx_word' id='word_1_822' title='bbox 815 5770 843 5810; x_wconf 73' lang='grc' dir='ltr'><strong>ιι</strong></span> <span class='ocrx_word' id='word_1_823' title='bbox 873 5766 1177 5840; x_wconf 73' lang='grc' dir='ltr'>προσιούσῃ.</span> <span class='ocrx_word' id='word_1_824' title='bbox 1254 5779 1277 5809; x_wconf 65' lang='grc' dir='ltr'>ιδ</span> <span class='ocrx_word' id='word_1_825' title='bbox 1313 5768 1399 5823; x_wconf 76' lang='grc' dir='ltr'><strong>ῑσ.</strong></span> <span class='ocrx_word' id='word_1_826' title='bbox 1427 5769 1768 5840; x_wconf 79' lang='grc' dir='ltr'>προσίεσθαι.</span> 
     </span>
    </p>
   </div>
  </div>
