4058 6448
2050 488 2121 509 Α.-

1456 329 1521 385 'S.
1563 328 1837 384 CYRILLI
1878 318 2351 385 ALEXANDIUNI
2390 330 2710 387 ARCIIIEP.

3640 340 3743 392 “Mt

1646 577 1656 587 ’
1694 616 2034 674 EPISTULA
2072 618 2189 675 xw
2228 620 2322 691 (ol.
2366 621 2527 692 xw).

1384 771 1590 811 CYR'LLI
1620 774 1686 811 AD
1709 773 2012 815 ιυνεΝΑιειι
2045 775 2519 818 HIEROSOLYMORUN
2542 780 2850 820 EPISCOPUH.

872 895 1102 952 Nuntiat
1120 893 1424 950 Nestorium
1449 895 1507 947 in
1550 896 1751 965 synodo
1778 894 2025 952 Romana
2076 898 2425 966 damnatum;
2465 902 2736 958 Caelestim'
2762 919 2917 974 papa:
2942 902 3152 958 litteras
3168 905 3358 959 mittit.

526 1028 1024 1087 Desideratissimo
1041 1027 1197 1083 fratri
1215 1043 1279 1083 ac
1295 1027 1675 1084 comministro
1690 1029 1914 1085 domino”
1930 1047 2034 1087 met

2229 1042 2321 1114 Τῷ
2373 1044 2549 1115 κυρίῳ
2609 1054 2713 1115 μου
2778 1044 3141 1116 ποθεινοτάτῳ
3195 1046 3290 1098 καὶ
3343 1046 3742 1117 συλλειτουργῷ

459 1115 735 1189 Juvenali,
760 1121 1004 1193 Cyrillus
1029 1121 1325 1190 episcopus
1369 1119 1427 1174 in
1462 1120 1694 1177 Domino
1720 1122 1973 1178 salutem.

534 1214 825 1284 Optasscm
849 1227 1005 1278 sane,
1038 1210 1559 1267 reverendissimum
1599 1212 1921 1283 episcopum
1940 1215 2051 1270 Ne-

462 1308 722 1371 storium,
759 1305 1067 1375 proborum
1087 1305 1337 1358 virorum
1364 1304 1613 1376 vestigiis
1655 1306 1925 1373 innixum,
1960 1324 2050 1365 re-

460 1404 566 1451 ctae
598 1395 727 1451 ﬁdei
776 1395 1088 1450 doctrinam
1143 1396 1473 1451 consectari.
1535 1391 1673 1452 Nam
1733 1399 1858 1469 quis
1906 1415 2052 1456 sana:

457 1491 663 1546 mentis
716 1489 845 1545 illos
900 1490 997 1559 qui
1054 1488 1360 1545 Salvatoris
1409 1490 1561 1561 gregi
1601 1491 1848 1561 praefecti
1898 1504 2047 1557 sunt,

457 1581 879 1651 probatissimos
900 1582 1012 1652 66
1039 1594 1159 1635 esse
1197 1596 1311 1634 non
1333 1579 1884 1651 exoptet‘lQuoniam
1918 1598 2051 1639 vero

455 1684 663 1745 praeter
689 1690 911 1729 omnem
946 1690 1099 1745 spem
1127 1689 1314 1729 rerum
1347 1683 1546 1729 natura
1593 1675 1902 1731 interversa
1926 1685 2045 1732 est:

456 1765 731 1836 siquidem
755 1782 919 1836 quem
976 1766 1258 1822 sincerum
1304 1775 1583 1836 pastorem
1627 1766 1744 1822 fore
1790 1768 2050 1836 speraba-

457 1872 602 1921 mus,
637 1859 784 1912 hunc
807 1867 974 1913 rectae
1008 1857 1134 1913 ﬁdei
1174 1869 1584 1929 persecutorem
1617 1860 1859 1915 evasisse
1893 1875 2045 1921 com-

454 1948 736 2018 perimus;
792 1949 1073 2019 reliquum
1122 1960 1208 2006 est
1264 1962 1325 2007 ut
1369 1951 1505 2008 illud
1545 1952 1747 2008 Christi
1798 1952 2045 2007 omnium

454 2048 709 2091 nostrum
743 2038 1049 2094 Salvatoris
1096 2039 1153 2094 in
1204 2049 1445 2096 mentem
1488 2056 1842 2096 revocemus:
1884 2041 2044 2096 «Non

454 2128 605 2194 veni,
638 2130 741 2194 ait,
761 2146 955 2200 pacem
990 2131 1213 2187 mittere
1264 2130 1320 2186 in
1360 2141 1580 2195 terram,
1632 2131 1726 2187 sed
1776 2130 2041 2202 gladium.

453 2218 594 2275 Veni
643 2222 792 2275 enim
848 2237 1105 2292 separare
1167 2223 1448 2278 hominem
1513 2223 1778 2280 adversus
1828 2233 2041 2294 patrem

454 2326 615 2366 suum
644 2312 708 2366 ³⁵.
740 2332 758 2365 ι
793 2312 952 2380 Quod
987 2313 1031 2369 si
1057 2310 1268 2385 absque
1307 2317 1458 2370 omni
1509 2315 1742 2371 crimine
1774 2323 1830 2371 et
1875 2330 2038 2382 noxa,

2170 1132 2534 1207 ’Ῑουϐεναλίῳ,
2565 1136 2837 1208 Κύριλλος
2870 1138 2928 1191 ἐν
2960 1138 3154 1209 Κυρίῳ
3183 1140 3417 1210 χαίρειν.

2227 1227 2491 1299 Ηύχόμην
2528 1229 2625 1299 μὲν
2653 1230 2766 1293 τοῖς
2803 1228 2913 1282 τῶν
2944 1229 3424 1301 εὐδοκιμησάντων
3448 1231 3619 1302 ἴχνεσι
3646 1233 3741 1286 καὶ

2152 1323 2220 1392 τῇ
2277 1320 2410 1392 ὀρθῇ
2477 1321 2660 1375 πίστει
2717 1322 3145 1377 κατακολουθεῖν
3202 1323 3295 1378 τὸν
3344 1324 3739 1378 εὐλαϐέστατον

2153 1411 2453 1468 ἐπίσκοπον
2496 1413 2813 1484 Νεστόριον.
2861 1414 2960 1477 Τίς
2993 1414 3103 1485 γὰρ
3148 1414 3257 1469 τῶν
3303 1411 3363 1470 εὖ
3396 1417 3739 1488 φρονούντων

2152 1502 2253 1556 οὐκ
2273 1502 2339 1556 ἂν
2364 1502 2598 1569 εὔξαιτο,
2627 1503 3036 1575 δοκιμωτάτους
3056 1500 3197 1560 εἶναι
3223 1507 3351 1570 τοὺς
3377 1497 3739 1578 καθηγεῖσθαι

2151 1590 2419 1661 λαχόντας
2459 1590 2570 1646 τῶν
2618 1590 2715 1646 τοῦ
2761 1592 3018 1666 Σωτῆρος
3059 1594 3369 1666 ποιμνίων;
3415 1590 3634 1669 Ἐπειδὴ
3681 1598 3737 1651 δὲ

2153 1685 2283 1755 παρ’
2329 1684 2552 1748 ἐλπίδας
2583 1685 2618 1756 ἡ
2646 1684 2756 1740 τῶν
2790 1687 3132 1759 πραγμάτων
3162 1689 3296 1759 ἡμῖν
3326 1689 3597 1762 ἐκϐέϐηκε
3633 1691 3736 1762 φύ-

2152 1791 2235 1837 σις
2254 1791 2268 1803 ·
2304 1766 2363 1828 δν
2389 1775 2497 1846 γὰρ
2527 1773 2748 1829 ἔσεσθαι
2774 1777 3193 1849 προσεδοκῶμεν
3222 1780 3458 1850 ποιμένα
3490 1782 3734 1853 γνήσιον,

2148 1865 2339 1921 τοῦτον
2378 1867 2483 1937 τῆς
2513 1867 2681 1939 ὀρθῆς
2716 1869 2954 1935 πίστεως
2989 1869 3227 1945 διώκτην
3276 1868 3626 1946 εὑρήκαμεν·
3656 1863 3740 1929 δεῖ

2150 1956 2336 2012 λοιπὸν
2389 1958 2767 2030 μνημονεῦσαι
2828 1961 2924 2015 τοῦ
2979 1964 3199 2017 πάντων
3258 1965 3417 2036 ἡμῶν
3481 1956 3737 2037 Σωτῆρος

2147 2051 2409 2123 Χριστοῦ,
2441 2052 2691 2121 λέγοντος
2715 2071 2728 2083 ·
2770 2070 2792 2105 ι
2834 2055 2948 2109 υῦκ
2974 2049 3139 2126 ἦλθον
3170 2056 3353 2128 βαλεῖν
3387 2059 3613 2131 εἰρήνην
3644 2060 3737 2114 ἐπὶ

2145 2144 2245 2215 τὴν
2273 2143 2400 2214 γῆν,
2423 2145 2560 2201 ἀλλὰ
2592 2147 2890 2218 μάχαιραν.
2919 2142 3124 2203 Ἦλθον
3145 2150 3254 2221 γὰρ
3276 2149 3497 2221 διχάσαι
3523 2151 3736 2223 ἄνθρω-

2147 2255 2247 2291 πον
2276 2238 2422 2293 κατὰ
2454 2239 2549 2294 τοῦ
2579 2232 2785 2312 πατρὸς
2810 2236 2998 2295 αὐτοῦ.
3043 2261 3061 2294 ι
3093 2240 3156 2297 El
3179 2236 3236 2297 δὲ
3261 2242 3324 2315 δὴ
3360 2245 3455 2298 καὶ
3486 2237 3621 2316 πρὸς
3643 2260 3738 2314 γο-

2145 2328 2270 2395 νέας
2295 2324 2428 2402 ἡμῖν
2450 2332 2480 2384 ό
2509 2324 2747 2400 πόλεμος
2777 2322 3111 2405 ἀνέγκλητός
3135 2352 3195 2388 τε
3219 2336 3314 2388 καὶ
3344 2336 3571 2406 ἀνεπίλη
3581 2342 3732 2401 πτος,

452 2403 566 2458 imo
616 2419 750 2459 vero
782 2418 997 2460 summa
1053 2419 1179 2462 cum
1231 2407 1395 2463 laude
1442 2408 1648 2463 bellum
1680 2409 1736 2463 in
1785 2421 2034 2481 parentes

2153 2421 2354 2492 μᾶλλον
2398 2422 2455 2476 δὲ
2499 2421 2593 2476 καὶ
2640 2427 2844 2488 παντὸς
2886 2403 3113 2479 ἐπαίνου
3158 2426 3380 2497 μεστὸς,
3416 2427 3506 2481 ὅτε
3534 2403 3600 2498 τῇ
3638 2427 3734 2481 τοῦ

451 2495 777 2565 suscipitur,
811 2498 1041 2567 quando
1075 2498 1128 2554 id
1160 2498 1229 2554 ad
1255 2499 1463 2555 Christi
1490 2499 1719 2570 gloriam
1752 2500 1931 2558 facere
1958 2499 2043 2558 di-

446 2587 755 2655 gnoscitur,
793 2604 905 2658 quo
929 2598 1091 2660 pacto
1124 2590 1305 2645 modis
1346 2592 1607 2647 omnibus
1665 2595 2040 2650 necessarium

448 2689 561 2729 non
587 2685 691 2740 est,
717 2687 798 2742 ut,
830 2677 964 2733 licet
1000 2679 1073 2734 ob
1122 2679 1310 2735 fratris
1333 2681 1601 2751 jacturam
1632 2683 1888 2757 lacrymis
1910 2701 2039 2755 per-

448 2763 771 2832 fundamur,
813 2767 1007 2822 divino
1043 2769 1162 2824 zelo
1203 2771 1578 2843 accingamur,
1626 2775 1875 2847 illudque
1917 2785 2039 2832 tan-

451 2865 569 2910 tum
591 2872 703 2911 non
730 2859 991 2914 omnibus
1026 2861 1121 2930 qui
1151 2868 1356 2918 terram
1384 2863 1652 2941 incolunt,
1687 2868 2035 2925 occinamus:

459 2964 477 2996 ι
502 2945 714 3015 Siquis
745 2955 831 3002 est
848 2948 1088 3015 Domini,
1135 2951 1397 3023 jungatur
1433 2954 1569 3010 mihi
1605 2956 1725 3011 ³⁸⁸3»
1766 2958 2036 3029 Equidem

447 3034 624 3090 amice
653 3037 782 3092 unis
802 3039 915 3108 jam
940 3047 1039 3095 aut
1089 3041 1280 3098 alteris
1332 3044 1488 3099 illum
1514 3045 1778 3104 admonui
1807 3049 2032 3118 litteris,

445 3139 517 3179 ne
547 3127 755 3196 proprii
771 3128 967 3198 judicii
993 3144 1216 3186 sensum
1230 3133 1385 3204 sequi
1405 3135 1578 3201 malit,
1607 3146 1773 3208 quam
1799 3150 2031 3207 rectam,

444 3217 917 3289 apostolicamque
967 3220 1311 3297 etEcclesiis
1338 3225 1451 3296 jam
1496 3228 1627 3283 olim
1676 3230 1935 3287 traditam
1965 3233 2033 3287 fi-

447 3306 615 3374 dem;
662 3316 815 3365 ratus
862 3310 980 3368 fore
1027 3323 1090 3369 ut
1140 3314 1243 3370 hac
1272 3317 1484 3373 ratione
1528 3320 1599 3375 ah
1624 3322 2033 3392 expositionum

444 3414 672 3457 suarum
732 3406 1007 3475 pravitate
1052 3407 1358 3465 recederet.
1420 3409 1621 3469 Verum
1672 3415 2033 3486 pharrnacum

441 3491 848 3552 benevolentiae
881 3498 1031 3553 nihil
1056 3499 1328 3558 hactenus
1355 3504 1585 3574 profuit,
1604 3518 2031 3581 suggestumque

442 3584 735 3641 consilium
770 3587 826 3642 vi
852 3590 1054 3644 caruit.
1084 3588 1200 3647 lmo
1223 3610 1356 3650 vero
1382 3602 1595 3652 tantum
1618 3598 1795 3653 abfuit
1831 3609 1894 3653 ut
1931 3615 2029 3655 ve-

441 3674 624 3732 ritatis
668 3676 924 3749 dogmata
989 3683 1278 3754 complecti
1330 3686 1653 3756 instituerit,
1701 3698 1764 3746 ut
1815 3692 2030 3749 litteras

441 3783 665 3839 quoque
691 3784 790 3825 sua
824 3771 1004 3841 ipsius
1034 3774 1443 3848 subscriptione
1466 3754 1707 3836 munitas
1723 3781 1791 3836 ad
1817 3797 1904 3838 me
1926 3782 2024 3838 de-
2055 3754 2098 3812 θ

439 3859 621 3925 derit;
657 3860 716 3916 in
745 3863 974 3933 quibus,
1003 3867 1151 3923 haud
1181 3885 1342 3926 secus
1373 3887 1437 3927 ac
1468 3873 1620 3944 gravi
1657 3874 1856 3946 injuria
1885 3892 1915 3931 a
1940 3892 2028 3932 me

438 3953 689 4023 aﬂ‘ectus,
746 3960 1123 4017 stomachatur
1169 3974 1467 4037 aperteque
1505 3982 1715 4023 sacram
1754 3969 2027 4041 Virginem

436 4045 534 4102 Dei
564 4046 905 4106 Genitricem
930 4068 1055 4109 esse
1083 4054 1360 4111 inliciatur
1386 4076 1399 4111 :
1444 4057 1613 4129 quod,
1639 4076 1846 4129 qumso,
1895 4062 2026 4133 quid

438 4136 589 4192 aliud
632 4147 719 4194 est
743 4156 912 4210 quam
945 4143 1241 4201 manifeste
1279 4147 1463 4204 dicere
1491 4150 1928 4221 Emmanuelem,
1958 4170 2027 4210 ex

435 4242 548 4297 quo
568 4235 677 4284 tota
731 4231 926 4288 salutis
990 4243 1195 4292 nostrae
1242 4235 1443 4294 fiducia
1506 4241 1731 4311 pendet,
1765 4259 1877 4299 non
1904 4261 2025 4301 esse

432 4333 627 4376 verum
650 4322 857 4378 Deum?

502 4409 804 4481 Caeterum,
841 4417 1147 4475 Romanam
1185 4420 1489 4479 Ecclesiam
1521 4424 1576 4481 in
1612 4442 1767 4487 suam
1797 4436 2023 4484 senten-

436 4501 569 4559 tiam
592 4507 920 4576 pertrahere
938 4526 997 4565 se
1015 4526 1177 4582 posse
1200 4514 1519 4583 arbitratus,
1547 4519 1766 4590 scripsit
1792 4521 1859 4576 ad
1878 4523 2024 4592 ejus-

433 4594 562 4651 dem
615 4597 877 4655 Ecclesia:
922 4603 1244 4676 episcopum
1281 4605 1664 4676 Caelestinum,
1711 4604 2019 4678 dominum,

433 4685 661 4743 fratrem
687 4698 745 4747 et
768 4697 1208 4753 comministrum
1232 4706 1417 4754 meum
1467 4699 1627 4771 longe
1684 4702 2018 4771 piissimum,

431 4778 656 4853 Deoque
704 4784 1167 4858 dilectissimum;
1228 4790 1404 4863 iisque
1449 4792 1653 4849 litteris
1702 4796 2019 4867 dogmatum

429 4887 657 4930 suorum
686 4883 1107 4949 perversitatem
1135 4883 1388 4940 inseruit.
1416 4881 1563 4940 Misit
1588 4885 1765 4941 eidem
1797 4894 1854 4940 et
1873 4888 2018 4942 mul-

430 4970 514 5019 tas
533 4981 753 5038 quoque
784 4985 1066 5044 exegeses,
1121 4989 1189 5028 ex
1234 4974 1439 5044 quibus
1482 4990 1745 5046 perversa
1810 4978 2017 5033 sentire

2144 2513 2383 2585 Χριστοῦ
2404 2512 2533 2585 δόξῃ
2566 2513 2851 2570 συναθλεῖν
2876 2515 3200 2586 ἐγνώκαμεν
3217 2533 3232 2549 ·
3260 2518 3378 2582 πῶς
3392 2518 3494 2572 οὐκ
3519 2519 3732 2589 ἀνάγκη

2146 2608 2317 2671 πᾶσα,
2365 2607 2544 2661 καίτοι
2590 2606 2927 2678 δακρύοντας
2957 2609 3034 2673 ὡς
3070 2609 3298 2680 ἀδελφὸν
3329 2609 3731 2675 ἀπολέσαντας.

2142 2694 2235 2751 τὸν
2265 2696 2487 2769 θεοφιλῆ
2520 2696 2933 2766 περιζῶσασθαι
2967 2698 3130 2771 ζῆλον
3150 2740 3165 2767 ,
3193 2696 3290 2755 καὶ
3316 2703 3598 2773 μονονουχὶ
3621 2694 3735 2764 τοῖς

2140 2789 2245 2844 ἀνὰ
2276 2791 2459 2844 πᾶσαν
2508 2790 2610 2860 τὴν
2660 2791 2766 2861 γῆν
2804 2792 2982 2846 έκεῖνο
3026 2794 3240 2847 εἰπεῖν·
3291 2811 3311 2846 ι
3358 2793 3429 2846 Εἴ
3469 2811 3555 2857 τις
3596 2792 3735 2864 πρὸς

2141 2880 2370 2953 Κύριον,
2404 2881 2504 2935 ῐτω
2536 2883 2673 2953 πρός
2704 2899 2810 2954 με;
2852 2901 2870 2934 ι
2929 2881 3071 2952 Ἐγὼ
3107 2885 3207 2957 μὲν
3236 2884 3343 2957 γὰρ
3385 2882 3454 2940 δι’
3484 2875 3602 2949 ἐνὸς
3634 2885 3739 2939 καὶ

2140 2965 2397 3046 δευτέρου
2436 2975 2768 3045 γράμματος
2816 2975 2893 3039 ὼς
2940 2974 3170 3044 ἀδελφὸν
3217 2966 3613 3046 παρεκάλεσα,
3651 2976 3736 3049 μὴ

2138 3064 2261 3133 ταῖς
2307 3066 2467 3131 ἰδίαις
2504 3062 2819 3121 ἀκολουθεῖν
2862 3060 3134 3131 ἐννοίαις,
3179 3066 3318 3121 ἀλλά
3350 3070 3418 3140 τῇ
3455 3067 3590 3139 ὀρθῇ
3633 3069 3738 3122 καὶ

2137 3156 2474 3230 ἀποστολικῇ
2504 3158 2688 3211 πίστει
2724 3160 2791 3228 τῇ
2819 3147 3186 3229 παραδοθείσῃ
3233 3158 3354 3221 ταῖς
3380 3157 3566 3227 ἁγίαις
3607 3158 3734 3211 Ἐκ-

2137 3247 2415 3321 κλησίαις,
2461 3242 2669 3319 οἰηθεὶς
2707 3239 3043 3314 ἀπαλλάξειν
3077 3250 3240 3304 αὐτὸν
3277 3251 3380 3320 τῆς
3420 3248 3527 3304 τῶν
3558 3248 3734 3303 αὐτοῦ

2137 3343 2489 3415 γραμμάτων
2544 3343 2893 3414 σκαιότητος.
2974 3342 3115 3397 Ἀλλ’
3142 3342 3294 3396 οὐδὲν
3327 3341 3506 3413 ὢνησε
3537 3341 3599 3396 τὸ
3627 3341 3731 3412 τῆς

2134 3434 2426 3500 διαθέσεως
2491 3436 2805 3507 φάρμακον.
2860 3436 3180 3508 Ἀπρακτος
3233 3435 3458 3505 γέγονεν
3505 3437 3538 3508 ἡ
3588 3453 3731 3507 συμυ

2136 3528 2323 3600 ϐουλή.
2353 3524 2465 3583 Καὶ
2492 3526 2749 3583 τοσοῦτον
2772 3529 2978 3601 ἀπέσχε
3004 3528 3099 3582 τοῦ
3131 3528 3307 3583 θέλειν
3330 3531 3442 3593 τοῖς
3465 3528 3567 3599 τῆς
3593 3528 3731 3600 ἀλη-

2134 3620 2286 3687 θείας
2321 3620 2550 3675 ἓπεσθαι
2587 3618 2876 3691 δόγμασιν,
2928 3618 3070 3673 ὥστε
3113 3620 3208 3673 καὶ¹
3253 3617 3545 3691 ἐπιστολὴν
3582 3619 3727 3673 ἀπο-

2135 3712 2340 3768 στεῖλαι
2370 3711 2509 3784 πρός
2535 3728 2601 3783 με
2627 3711 2747 3783 μεθ’
2779 3711 3107 3784 ὑπογραφῆς
3138 3711 3297 3777 ἰδίας,
3332 3703 3445 3783 ὲνῇ
3484 3711 3577 3765 καὶ
3605 3712 3729 3764 ἑπι-

2132 3805 2361 3877 πλήττει
2400 3806 2539 3876 μὲν,
2579 3804 2654 3868 ὡς
2687 3803 3029 3874 λυπούμενος
3054 3843 3068 3865 .
3116 3802 3488 3875 διωμολόγηκε
3527 3796 3584 3857 δὲ
3635 3811 3727 3858 σὰ-

2131 3899 2270 3969 φῶς,
2298 3899 2561 3955 Θεοτόκον
2590 3899 2765 3952 εἰπεῖν
2801 3896 2877 3968 μὴ
2917 3892 3058 3950 εῖναι
3088 3896 3188 3967 τὴν
3220 3892 3382 3966 ἁγίαν
3406 3889 3718 3968 Παρθένονο

2129 3991 2267 4063 ὅπερ
2310 3991 2460 4046 ἐστὶν
2499 3989 2751 4060 ἐναργῶς
2800 3990 2995 4053 εἰπεῖν,
3037 3989 3112 4060 μὴ
3154 3984 3295 4043 εἶναι
3328 3984 3462 4043 Θεὸν
3500 3978 3722 4058 ἀληθῶς

2128 4083 2220 4137 τὸν
2256 4078 2625 4156 Ἐμμανουήλ,
2652 4082 2738 4151 ἐφ’
2763 4073 2808 4151 ᾧ
2838 4080 2936 4146 τὰς
2966 4080 3264 4154 σωτηρίους
3284 4079 3310 4122 ἀ
3341 4076 3538 4153 ἔχομεν
3564 4071 3721 4135 ἑλπί-

2126 4170 2243 4238 δας.

2197 4434 2418 4513 Οίηθεὶς
2444 4441 2502 4496 δὲ
2528 4444 2609 4498 ὅτι
2643 4443 2738 4497 καὶ
2758 4442 2856 4512 τὴν
2896 4436 3184 4515 Ῥωμαίων
3227 4435 3557 4511 Ἐκκλησίαν
3584 4459 3712 4497 συν-

2126 4531 2379 4605 αρπάσαι
2416 4533 2751 4604 δυνήσεται,
2788 4534 2996 4606 ἔγραψε
3036 4533 3174 4605 πρὸς
3206 4532 3299 4587 τὸν
3341 4534 3532 4603 κύριόν
3563 4552 3667 4604 μου
3694 4574 3709 4599 ,

2124 4626 2219 4680 τδν
2276 4626 2673 4680 εύλαὸέστατον
2719 4627 2817 4680 καὶ
2872 4624 3295 4682 θεοσεϐέστατον
3351 4622 3577 4697 ἀδελφὸν
3615 4628 3712 4681 καὶ

2127 4717 2537 4787 συλλειτουργδν
2560 4718 3013 4787 Κελεστῖνον,τῆς
3048 4718 3337 4789 Ῥωμαίων
3380 4718 3712 4788 Ἐκκλησίας

2122 4808 2445 4872 ἐπίσκοπον,
2472 4808 2648 4872 ἐνθεὶς
2675 4810 2795 4872 ταῖς
2828 4809 3141 4873 ἐπιστολαῖς
3172 4808 3278 4863 τῶν
3307 4808 3473 4863 αὐτοῦ
3504 4809 3710 4880 δογμά-

2119 4917 2228 4953 των
2250 4899 2347 4971 τὴν
2372 4898 2728 4972 διαστροφήν.
2764 4901 3029 4973 Πέπομφε
3056 4901 3113 4955 δὲ
3142 4901 3238 4955 καλ¹
3262 4900 3553 4973 ἐξηγήσεις
3582 4901 3712 4953 πολ-

2119 4987 2240 5055 λὰς,
2271 4988 2332 5054 ἐξ
2361 4978 2435 5043 ὧν
2466 4988 2791 5061 ὲλήλεγκται
2820 4991 3036 5062 φρονῶν
3064 4990 3133 5044 τὰ
3154 4986 3583 5064 διεστραμμένα·
3612 4994 3709 5046 καὶ

428 5066 621 5123 aperte
647 5057 1054 5131 deprehensus,
1104 5065 1233 5134 jure
1283 5064 1483 5119 merito
1526 5064 1714 5121 abillo
1742 5067 2019 5124 hatrescos

2137 5080 2477 5153 ιατεγνώσθη
2504 5081 2693 5137 λοιπὸν
2726 5084 3011 5156 ἀραρότως
3039 5075 3110 5147 ὡς
3142 5084 3438 5155 αίρετικός.
3484 5084 3707 5153 Ἐπειδὴ

425 5152 511 5200 est
541 5148 961 5209 condemnatus.
988 5151 1127 5209 Cum
1177 5152 1345 5225 igitur
1368 5154 1862 5214 reverendissimus
1883 5158 2016 5230 piis-

2137 5148 2302 5228 τοίνυν
2357 5177 2386 5228 ὁ
2425 5148 2854 5247 μνημονευθελς’
2880 5148 3277 5242 εὐλαϐέστατος
3322 5178 3415 5233 καὶ
3459 5148 3707 5231 θεοσεόέλ

426 5234 707 5311 simusque
736 5242 997 5300 Romanae
1042 5242 1308 5300 Ecclesiae
1337 5246 1632 5318 episcopus
1680 5249 2011 5308 Coelestinus

422 5340 705 5402 comperta
728 5335 796 5390 de
832 5337 926 5391 illo
952 5337 1264 5407 scripserit,
1293 5338 1549 5410 ipsasque
1593 5342 1808 5399 litteras
1831 5346 1897 5400 ad
1923 5363 2008 5403 me

423 5416 659 5491 dederit,
686 5429 945 5498 equidem
1011 5431 1133 5486 illas
1188 5431 1436 5487 vicissim
1494 5435 1561 5490 ad
1622 5446 1674 5492 te
1711 5439 2007 5498 mittendas

495 5556 540 5588 "
568 5558 758 5615 Matth.
790 5580 841 5628 χ,
865 5563 953 5618 54.
1030 5565 1073 5597 ³⁸
1104 5565 1277 5624 Exod.
1310 5584 1475 5629 xxx".
1515 5570 1605 5626 9.6.

2120 5274 2314 5331 στατος
2360 5268 2456 5339 τῆς
2501 5268 2788 5339 Ῥωμαίων
2832 5270 3159 5340 Ἐκκλησίας
3192 5272 3494 5334 ἐπίσκοπος
3528 5269 3701 5322 Κελε-

2118 5362 2293 5423 στῖνος
2340 5362 2549 5432 φανερὰ
2595 5361 2842 5433 γέγραφε
2882 5356 3011 5433 περὶ
3062 5365 3268 5425 αὑτοῦ.
3298 5365 3393 5420 καὶ
3443 5364 3699 5433 πέπομφε

2116 5448 2251 5520 πρός
2286 5466 2354 5520 με
2385 5450 2486 5514 τὰς
2512 5451 2817 5517 ἐπιστολὰς,
2851 5453 2961 5507 δεῖν
2993 5453 3182 5528 ᾠήθην
3221 5454 3537 5510 ἀποστεῖλαι
3566 5448 3700 5507 ταύ-

1524 5686 1693 5743 Variae
1723 5685 1991 5745 lectiones
2013 5688 2221 5744 codicis
2257 5688 2627 5759 Seguieriani.

491 5762 519 5805 δ
553 5767 651 5838 τῆς
677 5769 967 5842 σωτηρίας.
