4058 6452
287 320 393 374 105

1695 322 2030 380 EPISTULA
2072 324 2232 380 XVII.

3462 319 3559 378 1θῦ

280 454 405 500 τας,
447 435 550 491 καὶ
582 437 951 510 ἀκονηθεϊσαν
985 439 1198 493 οἷκοθεν
1234 439 1311 504 εἰς
1352 441 1550 513 εὐσεϐῆ
1593 444 1753 514 ζῆλον
1789 443 1885 513 τὴν

2000 443 2314 506 axistimavi,
2335 458 2442 511 quo
2468 441 2728 496 nimirum
2763 441 2914 512 pium
2949 440 3242 511 quemdam
3266 441 3467 506 zelum,
3493 442 3559 495 ad

285 529 386 598 σὴν
438 527 765 584 θεοσέϐειαν
813 531 1176 601 διαναστῆσαι
1222 533 1309 588 διὰ
1359 534 1468 586 τοῦ-
1515 535 1878 605 γράμματος·

282 621 432 683 ὅπως
450 622 522 673 ἂν
547 623 616 674 ἐκ
640 625 774 692 μιᾶς
798 623 1001 694 ψυχῆς,
1037 627 1132 679 καὶ
1165 629 1412 679 συντόνου
1435 626 1766 697 προθυμίας,
1787 625 1885 696 τὴν

281 713 361 774 είς
393 714 644 782 Χριστὸν
683 715 911 782 ἀγάπην
943 715 1270 786 ζωσώμεθα,
1306 718 1402 770 καὶ
1438 717 1702 788 σώσωμεν
1725 717 1888 780 λαοὺς

282 804 716 869 κινδυνεύοντας
739 846 754 868 ,
785 808 882 858 καὶ
911 808 1201 877 στήσωμεν
1252 807 1579 878 Ἐκκλησίαν
1617 810 1717 878 τὴν
1744 807 1888 860 οὕτω

281 893 521 964 διαφανῆ
546 935 562 958 ,
615 895 935 966 σύμφρονες
988 896 1272 964 γεγονότες
1327 896 1572 966 δηλονότι
1637 896 1888 957 ἑκάστοις

280 988 547 1050 ἅπαντες,
582 988 681 1039 καὶ
718 988 864 1040 κατὰ
893 987 985 1040 τὸν
1019 988 1305 1056 ὁρισθέντα
1343 988 1511 1041 τύπον
1545 988 1888 1041 ἐπιστέλλον-

279 1097 369 1142 τες
403 1079 565 1148 αὐτῷ
606 1081 706 1132 καὶ
740 1082 856 1142 τοῖς
891 1080 1058 1143 λαοῖς.
1100 1081 1200 1132 Ἂν
1231 1080 1329 1149 μὲν
1358 1079 1751 1150 ὠφελήσωμεν,
1796 1080 1889 1132 καὶ

280 1172 735 1242 μεταστήσωμεν
760 1170 904 1224 κατὰ
929 1170 990 1224 τὸ
1017 1170 1214 1239 ἀληθὲς
1239 1170 1424 1233 αὑτὸν,
1451 1164 1526 1225 ὧν
1554 1169 1887 1240 πεφρόνηκε,

279 1263 719 1332 κεκερδήκαμεν
749 1263 846 1314 τὸν
874 1262 1125 1330 ἀδελφὺν,
1151 1262 1244 1314 καὶ
1267 1260 1592 1336 σεσώκαμεν
1617 1260 1853 1330 ποιμένα
1871 1277 1887 1290 ·

280 1351 371 1405 ἐὰν
399 1352 460 1404 δὲ
500 1353 806 1422 ἄπρακτος
836 1354 871 1422 ή
925 1351 1205 1422 συμϐουλὴ
1251 1341 1412 1422 ἡμῶν
1443 1335 1692 1421 γένηται,
1729 1351 1889 1413 αὐτὸς

281 1444 458 1511 ἑαυτῷ
497 1443 837 1512 ἐπιγράψας
861 1441 925 1495 τὸ
955 1441 1195 1512 συμϐὰν.
1219 1443 1379 1506 αὐτὸς
1404 1442 1514 1495 τῶν
1549 1442 1768 1494 οἰκείων
1804 1442 1894 1494 πό-

283 1552 382 1589 νων
411 1535 608 1588 ἔδεται
647 1535 782 1597 τοὺς
835 1533 1107 1602 καρπούς.
1142 1535 1235 1586 Δεῖ
1259 1534 1318 1587 δὲ
1365 1535 1513 1604 ἡμᾶς
1548 1526 1887 1601 ἀναγκαίως,

283 1629 374 1684 καὶ
399 1625 488 1700 τῷ
533 1612 895 1697 φιλοχρίωῦ
955 1626 1054 1678 καὶ
1097 1624 1475 1694 εὐσεϐεστάτη»
1521 1623 1752 1693 βασιλεῖ,
1799 1623 1893 1676 καὶ

281 1723 450 1780 ἄταισι
467 1720 532 1776 δὲ
556 1723 684 1786 τοῖς
711 1721 774 1776 ἐν
794 1719 942 1773 τέλει
973 1718 1187 1790 γράψαι
1242 1718 1337 1773 καὶ
1387 1716 1788 1787 συμϐουλεῦσαι
1815 1717 1890 1786 μὴ

1986 549 2151 603 quem
2176 535 2380 602 alioqui
2407 535 2580 603 pietas
2605 544 2698 590 tua
2733 543 2925 602 suapte
2967 541 3163 587 natura
3199 533 3422 587 incensa
3453 543 3557 596 est,

1987 624 2189 678 litteris
2211 623 2321 678 illis
2338 625 2691 688 exsuscitem,
2718 631 2989 694 quatenus
3012 623 3257 676 unanimi
3287 637 3560 678 consensu

1987 714 2263 784 alacrique
2307 720 2660 771 contentione
2692 716 3015 772 charitatem
3045 732 3169 785 qua:
3195 725 3280 770 est
3312 716 3368 769 in
3394 715 3562 770 Chri—

1988 813 2074 859 sto
2094 805 2467 875 accingamur,
2502 808 2610 877 67
2667 807 2982 877 populoque
3031 821 3143 859 non
3185 805 3369 874 parvis
3413 807 3565 875 peri-

1988 898 2129 952 culis
2174 899 2391 969 objccto
2445 901 2678 954 salutem
2726 913 3106 969 procuremus,
3155 912 3220 952 ac
3264 897 3568 952 Ecclesiam

1989 989 2226 1058 denique
2250 989 2387 1044 adeo
2409 991 2763 1059 conSpicuam
2789 991 3168 1059 illustremque
3189 989 3566 1056 stabiliamus:

1990 1083 2096 1138 hoc
2127 1091 2310 1137 autem
2364 1098 2789 1153 consequemur,
2841 1084 2885 1137 si
2921 1081 3123 1152 singuli
3173 1095 3299 1136 cum
3338 1081 3570 1151 singulis

1991 1185 2380 1244 congruentes,
2411 1174 2715 1228 secundum
2749 1172 3071 1241 prmfmitam
3098 1171 3412 1235 formulam,
3442 1187 3569 1226 cum

1991 1264 2060 1318 ad
2112 1266 2314 1334 ipsum,
2366 1272 2482 1318 tum
2543 1264 2612 1318 ad
2666 1265 2928 1332 pepulum
2973 1277 3196 1332 quoque
3238 1262 3567 1318 scribamus.

1991 1355 2126 1410 Nam
2152 1356 2196 1409 si
2228 1355 2283 1409 in
2314 1370 2429 1408 rem
2453 1355 2507 1409 id
2525 1354 2842 1418 fecerimus,
2868 1355 2974 1408 hoc
2993 1361 3078 1407 est
3125 1353 3169 1408 si
3205 1352 3362 1406 illum
3401 1353 3471 1406 ab
3501 1353 3572 1406 iis

1993 1459 2117 1513 quae
2149 1445 2420 1498 hactenus
2447 1445 2632 1508 sentit,
2663 1443 2730 1498 ad
2757 1443 3046 1497 veritatem
3099 1442 3567 1506 transtulerimus,

1992 1535 2403 1590 lucrifaciemus
2432 1536 2680 1600 fratrem,
2710 1535 3054 1589 servabimus
3071 1545 3127 1589 et
3152 1535 3410 1589 Ecclesia:
3429 1550 3569 1604 quo—

1993 1643 2100 1696 que
2153 1637 2468 1697 pastorem:
2521 1628 2607 1683 sin
2664 1642 2796 1681 vero
2831 1627 3123 1680 consilium
3173 1626 3280 1680 hoc
3321 1635 3569 1681 nostrum

1995 1717 2198 1771 frustra
2233 1724 2550 1786 susceptum
2576 1715 2763 1782 fuerit,
2789 1707 2893 1771 sibi
2926 1716 3027 1786 ipsi
3047 1716 3414 1785 quodcunque
3448 1725 3570 1770 tan-

280 1813 626 1886 πρπιιιῆπιι
665 1811 777 1882 τῆς
815 1812 904 1886 είς
941 1785 1182 1882 Χριστὸν
1210 1785 1526 1873 εὐσεϐείας,
1561 1808 1851 1878 ἄνθρωπον
1871 1785 1895 1863 έ.

2001 1807 2125 1886 dem
2155 1807 2422 1870 evenerit,
2459 1807 2764 1872 ascribens,
2791 1807 3042 1862 laborum
3073 1821 3301 1860 suorum
3330 1806 3571 1860 fructum

281 1901 420 1959 me
439 1899 798 1975 χαρίσασθαι
827 1903 899 1972 τῇ
936 1900 1232 1972 οἰκουμένῃ
1264 1900 1327 1953 τὸ
1355 1900 1570 1970 βέϐαιον
1599 1901 1680 1962 εἰς
1706 1899 1890 1952 πίστιν

283 1993 484 2067 ὀρθήν,
519 1993 621 2047 καὶ
669 1992 947 2063 ποιμένος
979 1991 1288 2062 ἀπαλλάξαι
1340 1991 1579 2062 πονηροῦ
1627 1991 1695 2043 τὰ
1729 1989 1899 2061 θρέμ-

293 2101 478 2158 ματα-ς
503 2087 562 2142 αἱ
585 2085 668 2158 μὴ
707 2087 842 2150 ταῖς
874 2085 1138 2140 ἁπάντων
1171 2085 1307 2138 εἴκει
1342 2083 1693 2155 συμϐουλαῖς.
1725 2083 1900 2152 Πρόσ-

299 2177 568 2264 cui
597 2177 762 2250 παρὰ
797 2177 890 2232 σοὶ
923 2176 1300 2248 ἀδελφότητα·
1354 2176 1414 2229 σὲ
1445 2177 1479 2246 ή
1514 2176 1615 2229 σὺν
1663 2175 1797 2244 ἡμῖν
1840 2175 1899 2226 ὲν

304 2267 952 2343 Κυρίᾳ-Μρεύει.

1998 1877 2115 1968 ipse
2149 1899 2525 1953 manducabit.
2556 1898 2846 1969 Oportebit
2869 1906 3076 1962 autem,
3095 1899 3296 1955 litteris
3317 1897 3388 1953 ad
3409 1897 3571 1953 Chri-

1997 1989 2396 2045 stianissimum
2460 1991 2882 2062 piissimumque
2955 1993 3344 2062 imperatorem
3415 2001 3575 2046 crete-

1998 2095 2203 2149 rosque
2245 2081 2303 2135 in
2362 2083 2684 2152 magistratu
2731 2083 3062 2139 constitutos
3117 2083 3322 2148 missis,
3379 2083 3574 2137 iisdem

1996 2171 2356 2239 persuadere,
2398 2173 2529 2228 hinc
2569 2174 2818 2243 quidem,
2874 2191 2944 2229 ne
2985 2175 3201 2245 pietati,
3227 2191 3350 2245 quae
3399 2183 3486 2230 est
3519 2174 3577 2229 in

1997 2262 2301 2329 Christum,
2325 2265 2436 2318 ulla
2463 2267 2676 2320 ratione
2706 2267 2988 2323 hominem
3033 2267 3344 2323 anteferam
3376 2284 3392 2333 ;
3448 2266 3576 2320 inde

299 2371 456 2424 ven,
493 2365 876 2416 litterarum
901 2359 1030 2415 orbi
1055 2368 1219 2414 rectae
1258 2358 1392 2414 ﬁdei
1432 2357 1787 2414 stabilitatem
1812 2352 2130 2417 concilient,
2154 2368 2394 2423 ovesque
2428 2371 2459 2408 a
2521 2357 2663 2410 malo
2707 2368 2926 2426 pastore
2963 2359 3224 2423 liberem,
3271 2358 3379 2414 nisi
3417 2358 3465 2411 is
3497 2365 3578 2411 ta-

297 2450 525 2506 monita
550 2461 928 2523 compara-tus
975 2453 1070 2517 sit,
1107 2459 1171 2506 ut
1196 2453 1446 2507 omnium
1488 2448 1734 2506 consiliis
1778 2445 2010 2514 obsequi
2070 2445 2223 2500 velit.
2297 2447 2483 2501 Saluta
2549 2463 2670 2517 qua:
2724 2449 2866 2517 apud
2914 2457 2966 2504 te
3018 2459 3102 2505 est
3139 2449 3574 2513 fraternitatem;

289 2555 409 2612 quae
425 2542 572 2613 apud
595 2557 704 2600 nos
729 2550 846 2612 est,
880 2555 936 2600 te
955 2545 1013 2600 in
1039 2544 1274 2600 Domino
1294 2544 1512 2600 salutat.

1915 2685 1983 2693 ...-

1544 2792 1879 2849 EPISTOLA
1918 2791 2059 2847 XV'll
2103 2791 2196 2862 (ot.
2234 2783 2369 2856 XV).

1296 2944 1500 3008 οτιιιιιι
1531 2956 1595 2994 AD
1619 2953 1916 2993 NES'romuu
1947 2953 2011 2991 DE
2035 2941 2591 2990 sxcouuumcnioxn

290 3067 482 3152 Erilli
508 3089 558 3134 et
583 3081 780 3152 synodi
804 3081 1187 3152 Alexandrina:
1210 3078 1438 3152 Patrum
1471 3079 1742 3149 Expositio
1775 3078 1900 3152 ﬁdei
1932 3077 2202 3152 cat/colum
2230 3074 2293 3129 de
2326 3072 2719 3152 Inparuationis
2746 3069 3012 3152 mysterio,
3034 3069 3316 3152 cujuslurc
3333 3082 3538 3152 summa
3565 3082 3581 3124 :

370 3169 391 3202 ι
456 3140 684 3207 Πηὶιιῖηι
737 3154 893 3206 carni
943 3151 1169 3205 Verbum
1208 3151 1494 3205 secundum
1544 3140 1889 3221 personam}

2000 3151 2028 3201 Γ
2079 3144 2411 3221 ὑπόστασιν)
2455 3140 2830 3221 conﬁtemur.)
2869 3140 3274 3221 subjunguntu'
3316 3140 3582 3221 duodecim

364 3224 814 3275 anathematismi
842 3224 896 3276 in
930 3221 1114 3291 quibus
1149 3221 1398 3290 prmcipui
1429 3211 1632 3274 erro-res
1663 3232 1797 3274 vera:
1835 3211 2225 3291 lucaruationis
2255 3211 2505 3291 doctrimrz
2540 3213 2763 3282 oppositi
2799 3211 3251 3291 condemnamur;
3279 3228 3348 3291 ac
3373 3212 3585 3291 tandem

360 3291 543 3361 ipsum
587 3291 900 3346 Nestorium
943 3279 979 3344 'a
1020 3307 1117 3344 sua
1149 3279 1514 3343 't'omm'unione
1549 3289 1934 3361 segregandam
1971 3288 2309 3361 denuntiant,
2340 3282 2438 3361 nisi
2477 3279 2619 3336 intra
2657 3291 2858 3350 tempus
2892 3279 3348 3361 juxta,_Ca.2.l_estini
3383 3281 3586 3361 litteras

359 3349 531 3416 simul
579 3365 934 3417 transmissus
981 3361 1306 3431 prwﬁm'tum
1358 3375 1539 3413 veram
1579 3349 1738 3427 ﬁdem
1779 3361 1861 3412 hic
1899 3359 2222 3428 prapositam
2257 3354 2592 3422 conﬁteatur,
2617 3349 2820 3404 errores
2857 3358 3033 3403 autem
3068 3349 3324 3402 inditatos
3361 3350 3585 3405 anathe-

361 3437 606 3486 matizet.

359 3563 458 3634 τῷ
485 3562 884 3632 εὖλαϐεστάτῳ
921 3562 1018 3615 καὶ⁵
1067 3559 1468 3631 θεοφιλεστάτῳ
1502 3559 1896 3629 συλλειτουργῷ

2073 3560 2310 3630 Cyrillus
2342 3567 2397 3612 et
2433 3556 2675 3628 synodus
2706 3571 2772 3610 ex
2801 3553 3016 3626 Egypti
3051 3555 3332 3625 provincia
3357 3554 3589 3610 Alexan-

287 3655 624 3724 Νεστορίῳ,
671 3653 944 3722 Κύριλλος
988 3651 1084 3705 καὶ⁵
1129 3653 1162 3721 ή
1203 3651 1533 3705 συνελθοῦσα
1583 3651 1802 3713 σύνοδος
1838 3653 1898 3726 ἐν

302 3745 706 3818 Ἀλεξανδρείᾳ
725 3745 792 3798 ὲκ
814 3745 914 3814 τῆς
947 3744 1329 3814 Αἰγυπτιακῆς
1349 3743 1669 3812 διοικήσεως
1695 3743 1753 3794 ἐν
1783 3742 1898 3793 Κυ-

289 3837 398 3909 ρίῳ
433 3836 681 3906 χαίρειν.

359 3928 476 3984 Τοῦ
497 3927 769 3996 ’Σωτῆρος
802 3923 961 3995 ἡμῶν
989 3921 1238 3991 λέγοντος
1262 3923 1527 3993 ἐναργῶς·
1571 3941 1589 3973 ι
1635 3922 1693 3974 '0
1731 3920 1901 3989 φιλῶν

287 4023 514 4091 πατέρα
541 4021 580 4090 ἢ
615 4017 836 4089 μητέρα
868 4015 1014 4087 ὑπὲρ
1048 4014 1170 4086 ἐμὲ,
1201 4015 1302 4069 οὐκ
1334 4014 1451 4068 ἔστι
1479 4031 1582 4085 μου
1612 4014 1780 4080 ἄξιος·
1807 4015 1902 4066 καὶ

287 4117 318 4168 ὸ
368 4111 554 4180 φιλῶν
593 4110 715 4162 υἱὸν
746 4107 781 4178 ἢ
822 4108 1098 4178 θυγατέρα
1147 4107 1289 4178 ὑπὲρ
1319 4107 1447 4178 ἐμὲ,
1483 4107 1585 4159 οὐκ
1639 4105 1755 4158 ἔστι
1797 4122 1900 4174 μου

286 4205 444 4271 ἄξιος
471 4221 488 4234 ·
527 4221 557 4257 ,ι
591 4201 646 4255 τί
675 4199 939 4271 πάθωμεν
971 4201 1154 4271 ἡμεῖς,
1194 4201 1243 4251 οἱ
1274 4199 1423 4269 παρὰ
1451 4198 1550 4268 τῆς
1602 4197 1702 4266 σῆς
1739 4196 1902 4249 εὐλα-

287 4297 448 4359 ϐείας
479 4291 909 4360 ἀπαιτούμενοι,
943 4291 1004 4342 τὸ
1055 4290 1422 4362 ὑπεραγαπᾷν
1455 4307 1515 4342 σε
1555 4288 1648 4343 τοῦ
1684 4288 1901 4341 πάντων

287 4389 456 4458 ήμῶν
481 4387 752 4454 Σωτῆρος
772 4379 1013 4452 Χριστοῦ
1039 4397 1054 4444 ;
1077 4381 1173 4442 Τίς
1200 4381 1346 4450 ἡμᾶς
1373 4382 1432 4434 ὲν
1452 4380 1636 4451 ἡμέρᾳ
1670 4384 1902 4454 κρίσεως

287 4481 490 4550 ὀνῆσαι
544 4477 880 4545 δυνήσεται,
932 4474 967 4543 ἦ
1023 4473 1182 4525 ποίαν
1231 4474 1541 4543 εὑρήσομεν
1573 4475 1900 4542 ἀπολογίαν,

292 4569 515 4638 σιωπὴν
539 4564 693 4618 οὕτω
719 4564 1057 4633 τιμήσαντες
1079 4563 1180 4634 τὴν
1207 4563 1446 4632 μακρὰν,
1482 4563 1572 4615 ἐπὶ
1604 4566 1724 4628 ταῖς
1752 4566 1904 4636 παρὰ

291 4659 389 4713 σοῦ
423 4653 767 4725 γενομέναις
797 4653 918 4704 κατ’
952 4649 1120 4704 αὐτοῦ
1164 4650 1539 4722 δυσφημίαις;
1573 4655 1682 4708 Καὶ
1720 4656 1768 4708 εί
1805 4656 1904 4726 μὲν

290 4749 499 4804 σαυτὸν
526 4746 750 4815 ἠδίκεις
793 4744 976 4813 μόνον,
1001 4744 1071 4795 τὰ
1098 4741 1327 4797 τοιαῦτα
1370 4745 1586 4815 φρονῶν
1632 4746 1724 4798 καὶ
1757 4746 1904 4800 διδά-

292 4857 473 4902 σκων.
489 4841 683 4908 ἥττων
710 4838 778 4889 ἂν
804 4831 873 4905 ἦν
890 4838 923 4905 ἡ
944 4835 1184 4906 φροντίς·
1215 4835 1403 4905 ἐπειδὴ
1431 4836 1489 4890 δὲ
1509 4839 1688 4890 πᾶσαν
1711 4839 1905 4892 ἐσκαν-

2005 3650 2139 3705 driae
2161 3656 2487 3721 congregata
2528 3647 2781 3703 Nestorio
2801 3646 3213 3718 religiosissimo
3232 3647 3588 3718 piissimoque

2006 3757 2288 3797 sacrorum
2313 3741 2692 3796 comministro
2715 3739 2770 3793 in
2795 3739 3027 3794 Domino
3050 3739 3303 3796 Salutem.

2075 3935 2214 3990 Cum
2241 3936 2487 3991 Salvator
2517 3943 2705 3988 noster
2731 3933 2934 3987 diserte
2957 3932 3282 4002 pronuntiet
3309 3931 3352 3962 ⁸⁸
3390 3949 3401 3983 :
3444 3950 3461 3981 ι
3485 3929 3586 3996 Qui

2007 4034 2154 4080 amat
2173 4034 2384 4096 patrem
2407 4035 2502 4079 aut
2525 4033 2755 4078 matrem
2786 4024 2910 4093 plus
2929 4038 3094 4092 quam
3121 4037 3229 4087 me,
3253 4036 3366 4075 non
3391 4029 3476 4076 est
3503 4036 3590 4075 me

2008 4114 2208 4185 dignus
2231 4157 2244 4179 ,
2267 4123 2324 4168 et
2341 4114 2435 4184 qui
2480 4121 2626 4166 amat
2661 4112 2834 4166 [ilium
2855 4120 2950 4165 aut
2968 4111 3134 4165 ﬁliam
3159 4111 3281 4180 plus
3295 4126 3458 4180 quam
3481 4126 3590 4172 me.

2008 4223 2117 4260 non
2144 4216 2228 4261 eSt
2267 4220 2354 4260 me
2394 4205 2628 4274 dignus;
2661 4222 2679 4254 ι
2726 4202 2858 4271 quid
2888 4201 3049 4255 nobis
3073 4201 3184 4264 fiet,
3207 4216 3236 4254 a
3260 4200 3462 4269 quibus
3499 4211 3589 4254 tua

2007 4297 2183 4366 pietas
2227 4310 2395 4364 supra
2431 4293 2712 4348 Christum
2759 4291 3004 4344 omnium
3047 4289 3386 4343 Salvatorem
3429 4289 3580 4358 diligi

2009 4385 2280 4456 postulat?
2305 4383 2438 4449 Quis
2455 4380 2613 4445 indie
2624 4377 2818 4449 judicii
2836 4377 2995 4431 nobis
3015 4374 3475 4445 patrocinabitur,
3490 4381 3585 4428 aut

2009 4476 2225 4546 qualem
2245 4483 2375 4528 tunc
2389 4470 2795 4526 excusationem
2814 4465 3275 4536 inveniemus,qui
3293 4473 3441 4520 tanto
3461 4473 3593 4520 tem-

2008 4580 2141 4635 pore
2158 4564 2377 4619 silentio
2396 4569 2732 4625 utentes,tua
2749 4558 2841 4612 illa
2861 4556 3378 4626 maledicta,quibus
3395 4556 3447 4610 in
3465 4572 3592 4611 eum

2011 4656 2281 4723 invasisti,
2307 4651 2808 4709 dissimulavimus?
2834 4650 2991 4717 Quod
3017 4649 3084 4714 si,
3111 4649 3240 4702 dum
3273 4649 3391 4703 hate
3423 4647 3612 4703 sentis‘

2010 4761 2067 4806 et
2108 4751 2294 4814 doces,
2344 4748 2580 4818 teipsum
2634 4741 3012 4800 tantummodo
3049 4742 3297 4805 laederes,
3342 4739 3596 4796 fortassis

2011 4845 2193 4898 minor
2219 4857 2321 4896 nos
2347 4837 2660 4895 sollicitudo
2690 4843 2936 4901 teneret;
2963 4843 3019 4890 at
3045 4833 3173 4903 quia
3209 4842 3376 4887 totam
3400 4831 3593 4886 Eccle-

288 4933 524 4995 δάλισας
567 4928 928 4998 Ἐκκλησίαν,
962 4927 1053 4980 καὶ
1078 4927 1257 4996 ζύμην
1288 4929 1557 4998 αἱρέσεως
1583 4929 1780 4999 ἀήθους
1809 4931 1896 4982 καὶ

2007 4935 2145 4990 siam
2185 4933 2426 5004 graviter
2455 4929 2752 4994 offendisti,
2781 4943 2845 4982 ac
2876 4943 2986 4982 non
3022 4927 3090 4981 iis
3125 4925 3289 4980 modo
3317 4924 3411 4994 qui
3443 4922 3590 4979 Con-

290 5023 460 5094 ξένης
495 5019 862 5092 ἐμϐέϐληκας
899 5021 1012 5081 τοῖς
1061 5017 1230 5081 λαοῖς·
1265 5020 1362 5072 καὶ
1403 5021 1524 5090 οὐχὶ
1569 5023 1682 5083 τοῖς
1728 5023 1906 5074 ἐκεῖσε

293 5117 466 5187 μόνον
496 5126 548 5177 ε,
588 5112 733 5166 ἀλλὰ
761 5113 874 5181 γὰρ
903 5110 999 5164 καὶ
1031 5113 1143 5173 τοῖς
1187 5110 1505 5180 ἁπανταχοῦ
1547 5111 1905 5182 (περιηνέχθη

291 5208 405 5262 τῶν
435 5206 556 5260 σῶν
583 5204 912 5273 ἐξηγήσεων
958 5201 1028 5254 τὰ
1059 5201 1278 5271 βιϐλία)
1307 5221 1317 5232 ·
1349 5205 1501 5265 ποῖος
1527 5203 1608 5255 ἔτι
1636 5203 1744 5255 τῶν
1775 5204 1906 5274 παρ’

291 5301 432 5370 ἡμῖν
481 5295 708 5364 σιωπῆς
741 5293 760 5332 ί
806 5293 1033 5364 ἀρκέσει
1063 5294 1241 5362 λόγος,
1311 5294 1342 5364 ἢ
1391 5295 1507 5357 πῶς
1545 5296 1646 5348 οὐκ
1691 5295 1904 5366 ἀνάγκη

292 5387 623 5461 μεμνῆσθαι
665 5384 765 5440 τοῦ
811 5384 1051 5456 Χριστοῦ
1094 5385 1362 5454 λέγοντος·
1419 5405 1436 5435 ι
1479 5386 1570 5454 Μὴ
1609 5387 1905 5456 νομίσητε,

361 5547 412 5579 ³⁵
446 5542 646 5599 Matth.
694 5556 748 5602 ι,
778 5539 870 5592 57.

2013 5024 2368 5095 stantinopoli
2404 5031 2712 5086 versantur,
2754 5035 2909 5074 novae
2945 5019 3284 5085 insolitaque
3319 5015 3593 5068 bmrcseos

2013 5119 2366 5176 fermentum,
2408 5116 2504 5170 sed
2539 5114 2798 5169 omnibus
2828 5110 3010 5166 ubivis
3058 5110 3305 5163 locorum
3343 5103 3592 5174 degenti~

2014 5208 2119 5263 bus
2151 5207 2400 5279 objecisti
2434 5205 2922 5276 (circumferuntur
2955 5200 3102 5256 enim
3133 5197 3334 5269 passim
3372 5203 3593 5250 tuarum

2014 5315 2318 5370 exegeseon
2343 5297 2558 5367 libelli),
2582 5312 2724 5367 quae,
2750 5296 2998 5356 obsecro,
3031 5290 3208 5346 oratio
3239 5289 3460 5344 silentio
3491 5301 3594 5341 rio-

2016 5399 2132 5444 stro
2174 5388 2520 5443 defendendo
2563 5388 2695 5444 satis
2736 5386 2932 5442 idonea
2976 5381 3302 5452 reperietur,
3341 5379 3454 5452 68
3494 5382 3592 5432 aut

1389 5629 1560 5684 Variae
1587 5631 1854 5716 lectiones
1876 5634 2082 5691 codicis
2105 5637 2468 5707 Seguicriaui.

361 5769 386 5795 ο
425 5756 637 5826 μόνοις.
735 5747 756 5787 τ
789 5749 917 5809 ταῖς
959 5744 1088 5816 παρ’
1132 5743 1289 5813 ἡμῶν
1347 5747 1606 5806 σιωπαῖς.

535 5851 811 5910 PATRUI.
880 5842 1000 5902 GR.
1047 5839 1330 5900 LXXVII.
