4058 6494
465 322 574 388 ΪΟἾ
1469 327 1526 383 S.
1565 328 1842 385 CYRlLLl
1879 329 2037 384 ALE}

2135 331 2353 390 NlDRlNI
2400 336 2713 395 ARCHIEP.
3342 352 3347 355 ⁷
3640 351 3717 407 108

466 446 747 520 quomodo
775 440 1044 502 sermonis
1064 443 1274 501 Christi
1312 460 1588 502 memores
1613 462 1736 503 esse
1756 463 1867 503 non
1899 457 2037 519 pote-

2162 449 2243 504 ὅτι
2274 446 2440 524 ἦλθον
2473 454 2660 526 βαλεῖν
2693 457 2787 511 ἐπὶ
2827 458 2929 530 τὴν
2958 460 3062 532 γῆν
3089 462 3336 534 εἰρήνην,
3376 464 3514 521 ἀλλὰ
3541 469 3716 542 μάχαι-

458 539 680 593 rimus?
716 557 734 589 ι
763 538 883 592 Non
923 537 1147 608 putetis,
1176 535 1378 608 inquit,
1403 540 1550 609 quod
1582 554 1773 610 pacem
1804 539 2037 594 venerin

2161 561 2262 634 ραν
2285 541 2530 634 ’,Ἦλθον
2569 547 2680 620 γὰρ
2702 549 2916 620 διχάσαι
2939 551 3225 627 ἄνθρωπον
3255 556 3402 611 κατὰ
3418 558 3513 634 τοῦ
3539 535 3717 634 πατρὸς

467 630 686 684 mittere
709 643 876 698 super
896 635 1123 693 terram,
1151 627 1248 683 sed
1274 629 1537 700 gladium.
1563 630 1700 686 Veni
1724 630 1875 685 enim
1906 630 2037 686 divi-

2157 632 2344 699 αὐτοῦ,
2376 636 2470 689 καὶ
2499 637 2778 711 θυγατέρα
2805 640 2951 695 κατὰ
2973 643 3075 713 τῆς
3098 645 3307 717 μητρὸς
3346 632 3552 721 αὑτῆςς
3585 670 3605 705 ι
3640 627 3718 708 lli;

462 722 595 775 dere
621 720 900 775 hominem
925 727 1118 776 contra
1139 729 1353 791 patrem
1381 736 1564 785 suum,
1588 729 1645 777 et
1666 722 1833 776 ﬁliam
1858 731 2037 776 contra

2157 741 2329 788 στεως
2361 726 2471 798 γὰρ
2497 727 2884 802 ἀδικουμένης,
2927 733 3141 804 ιρῤέτω
3166 735 3299 806 μὲν,
3336 739 3415 803 ὡς
3447 720 3616 808 ἕωλος
3646 747 3721 800 xal

460 821 696 868 matrem
722 828 877 868 suam
905 812 1185 869 ".i'Certe
1210 812 1256 869 si
1286 812 1422 869 ﬁdes
1440 813 1698 879 violatur,
1723 813 1904 870 omnis
1927 829 2037 869 0m-

2155 815 2485 888 ὲπισφαλής,
2514 820 2547 890 ή
2577 819 2714 891 πρὸς
2750 822 2945 890 γονέας
2976 824 3163 890 αἰδώς·
3204 828 3485 901 ἠρεμείτω
3512 834 3569 888 δὲ
3600 838 3722 892 κο.ὶό

461 906 592 960 nino
638 919 771 976 erga
813 911 1075 975 parentes
1119 904 1427 960 reverentia
1468 914 1730 976 tanquam
1771 905 1956 961 inanis
1993 915 2050 961 et

450 997 769 1067 periculosa
792 998 999 1064 valeat;
1032 997 1265 1053 facessat
1290 997 1376 1052 lex
1402 996 1491 1052 illa
1514 997 1721 1053 amoris
1751 1012 1880 1069 erga
1906 997 2048 1054 libe-

456 1107 549 1145 ros
590 1098 648 1145 et
690 1091 892 1146 fratres
929 1108 941 1144 :
979 1091 1110 1161 quia
1148 1090 1289 1145 mori
1338 1090 1530 1161 utique
1573 1091 1748 1146 satius
1811 1100 1898 1147 eat
1941 1092 2049 1163 piis

370 1208 383 1215 -
455 1186 621 1251 quam
665 1181 873 1248 vivere,
911 1200 930 1232 ι
966 1188 1028 1234 ιιι
1063 1179 1371 1246 meliorem,
1411 1199 1429 1232 ι
1476 1180 1621 1236 sicut
1646 1181 1914 1253 scriptum
1939 1191 2043 1250 est,

462 1294 481 1325 ι
514 1273 799 1328 inveniant
828 1272 1290 1328 resurrectionem
1317 1272 1381 1327 ³⁸.
1414 1289 1433 1324 ι

523 1366 666 1421 Ecce
689 1366 858 1438 igitur
881 1381 987 1421 una
1007 1380 1133 1420 cum
1155 1375 1345 1421 sancta
1366 1366 1596 1438 synodo,
1621 1382 1745 1438 qua:
1768 1366 1823 1422 in
1847 1380 2044 1440 magna
2096 1375 2098 1378 ’

450 1459 827 1512 Romanorum
856 1457 1099 1523 civitate,
1125 1458 1473 1513 sanctissimo
1496 1467 1553 1513 et
1577 1460 2037 1515 reverendissimo

2150 1434 2396 1505 μεγάλην
2447 1436 2671 1509 Ῥώμην
2706 1440 3122 1515 συνειλεγμένη,
3175 1447 3599 1520 προεδρεύοντος
3637 1450 3726 1507 τοῦ

440 1550 711 1621 episcopo
754 1549 925 1605 fratre
971 1566 1036 1605 ac
1081 1551 1464 1606 comministro
1514 1560 1707 1608 nostro
1744 1553 2037 1609 Caelestino

2145 1527 2447 1582 ὀσιοηάτου
2466 1529 2560 1584 καὶ
2584 1528 3002 1590 θεοσεσεστάτου
3024 1534 3256 1607 ἀδελφοῦ
3276 1540 3372 1594 καὶ
3392 1539 3729 1615 συλλειτουρ-

444 1641 802 1712 prmsidcntc,
837 1644 1119 1709 convenit,
1145 1645 1256 1716 jam
1286 1643 1453 1699 tertio
1482 1644 1569 1700 his
1603 1655 1655 1701 te
1685 1645 1887 1702 litteris
1906 1661 2037 1701 con-

2145 1621 2247 1728 τοθ
2278 1621 2440 1731 ήμιΞιν
2468 1621 2795 1678 Κελεστίνου
2828 1625 2925 1680 τοῦ
2957 1627 3284 1696 ἐπισκόπου,
3318 1633 3417 1686 καὶ
3445 1634 3618 1706 τρίτῳ
3649 1652 3728 1731 afer

448 1744 717 1790 testamur
741 1743 798 1790 et
822 1735 1187 1802 obtestamur,
1211 1744 1274 1792 ut
1294 1739 1585 1794 consilium
1607 1746 1856 1793 nostrum
1884 1752 2037 1794 secu-

2143 1713 2320 1784 τούτῳ
2368 1713 2857 1787 διαμαρτυρόμεθα
2901 1718 3225 1791 γράμματι,
3271 1713 3729 1795 συμϐουλεύοντες

444 1838 554 1891 tus,
581 1843 611 1881 a
647 1827 865 1883 stolidis
886 1828 996 1883 illis
1023 1828 1390 1900 absurdisque
1413 1830 1782 1903 dogmatibus,
1808 1846 1930 1901 qua:
1944 1829 2037 1895 fo-

2142 1804 2479 1876 άποσχέσθαι
2508 1808 2608 1878 μὲν
2631 1808 2742 1863 τῶν
2768 1808 2913 1864 οὕτω
2935 1811 3142 1869 σκαιῶν
3164 1814 3261 1868 καὶ
3280 1814 3731 1888 διεστραμμένων

2152 904 2252 975 τῆς
2287 908 2368 970 εἰς
2394 908 2563 962 τέκνα
2593 911 2687 964 καὶ
2720 912 2985 983 ἀδελφοὺς
3016 916 3405 992 φιλοστοργίας
3438 926 3622 997 νόμος,
3643 931 3723 983 καὶ

2150 997 2247 1050 τοῦ
2280 997 2379 1071 ζῇν
2409 1000 2649 1072 ἀμείνων
2681 1004 2824 1058 ἔστω
2847 1008 2873 1047 ⁸
2901 1007 3090 1064 λοιπὸν
3119 1013 3234 1077 τοῖς
3271 1014 3556 1071 εὐσεϐέσιν
3583 1020 3612 1073 ὀ
3639 1020 3722 1076 θαι

2150 1107 2327 1158 νατος,
2367 1111 2386 1144 ι
2422 1093 2507 1148 ἵνα
2547 1097 2861 1167 κρείττονος
2894 1100 3249 1170 ἀναστάσεως
3268 1105 3500 1178 τύχωσι,
3540 1127 3561 1162 ι
3594 1113 3727 1168 κατὰ

2150 1182 2213 1236 τὸ
2255 1187 2676 1259 γεγραμμένον.

2234 1341 2367 1397 Ἰδοὺ
2397 1343 2582 1399 τοίνυν
2627 1347 2752 1417 ἅμα
2780 1350 2847 1421 τῇ
2888 1348 3029 1422 ’ἁγία
3073 1352 3299 1425 συνόδῳ,
3333 1357 3400 1428 τῇ
3452 1359 3596 1414 κατὰ
3632 1359 3727 1430 τὴν

442 1928 539 1973 ves
573 1918 903 1989 publiceque
927 1919 1115 1985 doces,
1142 1898 1453 1987 abstineas,
1491 1898 1770 1991 ﬁdemque
1803 1898 2033 1986 rectam,

2140 1898 2451 1969 δογμάτων,
2481 1898 2519 1954 ἃ.
2565 1900 2661 1955 καὶ
2688 1904 2910 1972 φρονεῖς
2942 1903 3039 1958 καὶ
3073 1904 3374 1972 διδάσκεις,
3406 1906 3730 1964 ἀνθελέσθαι

2134 1992 2193 2044 δὲ
2222 1992 2323 2060 τὴν
2347 1991 2519 2064 ὀρθήν
2551 1993 2756 2060 πίστιν,
2796 1994 2898 2066 τὴν
2929 1997 3054 2061 ταῖς
3093 1996 3448 2069 Ἐκκλησίαις
3479 2001 3729 2073 παραδο-

2137 2081 2326 2136 θεῖσαν
2357 2083 2417 2149 ἐξ
2440 2085 2617 2156 ἀρχῆς
2642 2085 2732 2140 διὰ
2759 2086 2869 2142 τῶν
2894 2088 3075 2158 ἁγίων
3102 2089 3417 2146 ἀποστόλων
3438 2092 3534 2147 καὶ
3559 2093 3731 2163 εὐαγ-

2133 2176 2421 2244 γελιστῶν,
2462 2177 2513 2231 οἳ
2546 2179 2642 2232 καὶ
2664 2178 2942 2235 αὐτόπται
2988 2179 3087 2237 οιαὶ
3115 2180 3392 2254 ὑπηρέται
3429 2182 3527 2237 τοῦ
3564 2184 3732 2254 λόγου

2134 2267 2417 2336 γεγόνασι.
2450 2269 2563 2322 Καὶ
2592 2270 2640 2323 εί
2676 2268 2752 2341 μὴ
2780 2268 2941 2325 τοῦτο
2967 2270 3218 2343 δράσειεν
3262 2274 3298 2345 ἠ
3324 2274 3395 2347 σὴ
3434 2274 3719 2347 εὐλάϐεια,

2133 2358 2278 2413 κατὰ
2309 2359 2408 2430 τήν
2443 2360 2763 2432 ὁρισθεῖσαν
2793 2361 3139 2435 προθεσμίαν
3166 2365 3228 2420 ἄν
3262 2366 3383 2430 τοῖς
3426 2365 3732 2437 γράμμασι

2130 2450 2226 2505 ⁴ιιοῡ
2285 2452 2756 2523 μνημονωθέντας
2798 2454 3098 2511 ὁσιωτάτου
3152 2456 3256 2513 καὶ
3292 2456 3730 2514 Gemma

2128 2544 2361 2614 ἀδελφοῦ
2397 2546 2493 2600 καὶ
2517 2546 2942 2620 ,συλλειτουργοῦ
2972 2548 3135 2621 ἡμῶν
3164 2548 3263 2607 τοῦ
3296 2549 3401 2621 τῆς
3431 2551 3733 2623 Ῥωμαίων

2141 2635 2472 2709 Ἐκκλησίας
2512 2639 2813 2693 ἐπισκόπου
2852 2640 3200 2707 Κελεστίνου,
3247 2643 3485 2712 γίνωσκε
3521 2646 3731 2699 σαυτὸν

2126 2733 2317 2788 οὐδένα
2360 2735 2564 2806 κλῆρον
2607 2735 2801 2807 ἔχοντα
2856 2738 2978 2809 μεθ’
3023 2740 3202 2811 ήμῶν,
3257 2742 3382 2796 οὐδὲ
3440 2744 3605 2798 τόπον
3687 2744 3728 2816 ἢ

2125 2825 2284 2895 λόγον
2341 2826 2402 2880 ὲν
2451 2829 2565 2890 τοῖς
2619 2829 2825 2901 ἱερεῦσι
2877 2830 2970 2883 τοῦ
3025 2831 3162 2886 Θεοῦ
3211 2834 3307 2889 καὶ
3372 2836 3724 2900 ἐπισκόποιςι

2125 2920 2262 2974 Οὐδὲ
2284 2919 2395 2992 γὰρ
2428 2920 2703 2993 ἐνδέχεται
2728 2923 2993 2993 περιϊδεῖν
3024 2925 3173 2995 ἡμᾶς
3215 2925 3541 2997 Ἐκκλησίας
3572 2928 3730 2982 οὕτω

432 2018 499 2064 et
515 2009 628 2080 jam
661 2009 789 2064 inde
818 2009 888 2064 ab
920 2007 1081 2064 initio
1104 2025 1206 2080 per
1228 2018 1449 2065 sanctos
1478 2010 1764 2081 apostolos
1784 2017 1842 2064 et
1866 2024 2035 2064 evan‘

436 2094 685 2170 ‘gclistas,
711 2100 806 2171 qui
829 2100 985 2156 verbi
1008 2108 1349 2171 spectatores
1370 2110 1427 2157 et
1450 2101 1690 2156 ministri
1715 2100 1941 2156 fuerunt
1963 2100 2031 2163 ⁸⁸,

437 2184 706 2245 Ecclesiis
735 2189 995 2245 traditam
1032 2199 1356 2246 reverenter
1391 2190 1681 2262 suscipias.
1713 2189 1871 2257 Quod
1902 2204 2034 2246 sane

434 2281 544 2337 nisi
580 2282 737 2353 juxta
772 2291 990 2353 tempus
1030 2283 1087 2337 in
1124 2282 1325 2338 litteris
1355 2282 1640 2339 Ceelestini
1675 2282 2032 2338 sacratissimi

436 2373 998 2444 reverendissimique
1022 2374 1208 2429 fratris
1233 2382 1291 2429 et
1317 2373 1683 2430 comministri
1719 2374 1897 2429 nostri
1922 2372 2034 2429 Ro-

431 2480 726 2522 manorum
762 2465 1009 2538 episcopi
1049 2482 1373 2538 expressum
1411 2467 1855 2537 praeﬁnitumque
1885 2480 2030 2537 pra-:-

430 2558 829 2623 stiteris,certo
851 2558 994 2613 scias
1015 2556 1221 2612 nullam
1250 2557 1350 2612 tibi
1375 2557 1639 2628 deinceps
1662 2573 1788 2613 cum
1812 2558 2028 2628 episco-

427 2650 518 2722 pis
534 2658 592 2706 et
610 2650 996 2705 sacerdotibus
1012 2649 1110 2705 Dei
1141 2657 1371 2715 sortem,
1402 2650 1610 2704 nullam
1632 2649 1712 2705 tui
1732 2650 2026 2717 rationem,

429 2742 646 2797 nullum
671 2740 912 2811 denique
938 2741 1086 2796 inter
1106 2756 1203 2797 eos
1233 2741 1416 2797 locum
1449 2740 1701 2797 futurum
1739 2756 1881 2797 esse.
1914 2742 2028 2798 Nec

422 2832 578 2887 enim
601 2830 722 2887 ﬁeri
751 2837 953 2902 potest,
980 2838 1042 2885 ut
1064 2846 1168 2887 nos
1188 2829 1465 2887 Ecclesias
1493 2829 1762 2897 turbatas,
1789 2826 2026 2902 populos

427 2922 692 2989 offensos,
718 2921 883 2977 ﬁdem
905 2928 1115 2978 rectam
1138 2922 1545 2989 labefactatam,
1569 2938 1794 2995 gregem
1815 2922 2023 2979 Christi

423 3012 769 3085 negligamus
800 3010 1002 3067 misere
1034 3012 1135 3068 abs
1169 3018 1222 3067 te
1259 3011 1608 3083 dissipatum,
1637 3013 1733 3084 qui
1766 3010 1944 3079 illum,
1974 3012 2021 3067 si

2135 3008 2603 3082 εεθορυόημένας,
2658 3012 2750 3066 καὶ
2802 3012 3296 3079 σκανδαλισθέντας
3357 3015 3523 3082 λαοὺς
3547 3059 3564 3083 ,
3619 3022 3730 3073 καὶ

425 3105 652 3177 quidem
682 3104 913 3177 perinde
941 3119 1005 3161 ac
1035 3120 1139 3161 nos
1175 3114 1341 3161 rectm
1376 3104 1505 3160 ﬁdei
1546 3105 1855 3161 doctrinam
1882 3121 2016 3162 con-

2135 3101 2307 3155 πιίστιν
2356 3102 2527 3175 ὀρθὴν
2575 3103 2967 3178 άθετουμένην,
3015 3106 3111 3161 καὶ
3153 3107 3512 3181 διασπώμενα
3561 3114 3727 3184 παρὰ

423 3199 626 3256 sectari
658 3208 1090 3271 sanctorumque
1123 3200 1349 3257 Patrum
1381 3200 1643 3271 pietatem
1672 3199 1922 3256 aemulari
1945 3200 2015 3255 li—

2135 3192 2217 3248 τοῦ
2244 3195 2313 3249 τὰ
2339 3195 2587 3265 ποίμνια,
2618 3196 2715 3251 τοῦ
2756 3196 2954 3263 σώζειν
2990 3197 3303 3268 ὀφείλοντος
3323 3240 3338 3267 ,
3378 3199 3540 3274 εἴπερ
3568 3197 3725 3275 ἦσθα

424 3290 656 3358 lmisset,
684 3291 894 3364 alioqui
937 3291 1212 3348 debueras
1260 3306 1608 3349 conservare.
1654 3292 1845 3363 Itaque
1887 3308 2013 3349 cum

2135 3286 2242 3342 ιαθ’
2272 3289 2422 3359 ἡμᾶς
2450 3288 2621 3360 ὀρθῆς
2648 3288 2808 3359 δόξης
2832 3290 3092 3362 ἐραστὴς,
3126 3292 3227 3363 τὴν
3255 3292 3366 3348 τῶν
3393 3293 3565 3363 ἁγίων
3594 3297 3722 3350 Πα-

422 3384 703 3451 omnibus,
728 3391 846 3440 tum
891 3383 1130 3450 clericis,
1168 3393 1283 3440 tum
1306 3384 1465 3443 laicis
1507 3400 1751 3455 quoque,
1777 3401 1918 3456 quos
1956 3394 2015 3442 tu

2135 3380 2294 3453 τέρων
2322 3380 2624 3452 ίχνηλατῶν
2646 3381 2948 3439 εὐσέϐειαν.
2981 3382 3190 3438 ’Δπασι
3208 3384 3268 3438 δὲ
3286 3386 3400 3452 τοῖς
3426 3387 3581 3458 παρὰ
3610 3389 3723 3458 σῆς

419 3484 646 3549 propter
680 3476 847 3533 ﬁdem
892 3476 1385 3534 excommunicasti
1416 3478 1505 3534 vel
1536 3477 1732 3534 ordine
1768 3478 2011 3545 movisti,

2135 3471 2404 3536 εὐλαϐείας
2434 3473 2863 3546 κεχωρισμένοις
2887 3474 2976 3529 διὰ
3001 3474 3100 3547 τὴν
3131 3477 3335 3544 πίστιν,
3367 3477 3401 3549 ἢ
3442 3479 3722 3552 καθαιρε-

416 3571 967 3626 communicavimus.
1002 3569 1160 3625 Haud
1184 3570 1333 3626 enim
1364 3585 1466 3641 par
1494 3578 1618 3626 erat
1644 3585 1772 3637 eos,
1795 3570 1891 3643 qui
1928 3587 2016 3628 re—

2135 3565 2256 3619 lator.
2299 3565 2511 3630 λαῖκοίς
2541 3583 2603 3620 τε
2634 3567 2731 3620 καὶ
2780 3567 3063 3639 κληρικοίς
3080 3608 3097 3635 ,
3145 3571 3455 3626 κοινωνικοὶ
3498 3570 3721 3638 πάντες

416 3668 565 3719 ctam
587 3661 755 3719 ﬁdem
774 3671 968 3719 tenere
991 3662 1327 3727 maluerunt,
1350 3662 1423 3717 ob
1443 3663 1688 3733 iniquam
1713 3672 1864 3718 tuam
1888 3678 2015 3720 sen-

2135 3656 2303 3728 :opiv.
2337 3656 2415 3712 Οὐ
2438 3658 2548 3730 γάρ
2579 3660 2698 3712 ἐστι
2725 3658 2935 3715 δίκαιον
2958 3662 3086 3726 τοὺς
3116 3660 3257 3733 ὀρθὰ
3283 3665 3502 3734 φρονεῖν
3528 3664 3713 3733 ἐγνω-

416 3754 646 3811 tentiam
685 3754 1084 3810 detrimentum
1125 3753 1349 3825 aliquod
1384 3754 1520 3825 pati,
1548 3754 1622 3811 ob
1655 3753 1712 3810 id
1744 3756 2010 3811 nimirum

2135 3747 2279 3812 ιότας
2320 3751 2443 3813 σαῖς
2464 3749 2772 3805 ἀδικεῖσθαι
2790 3750 3016 3824 ψήφοις,
3038 3753 3124 3806 ὃτι
3148 3754 3201 3807 οἱ
3223 3751 3250 3791 δ
3278 3754 3463 3820 καλῶς
3491 3755 3717 3811 ποιοῦν-

410 3846 563 3918 quod
586 3856 734 3903 recte
763 3846 1068 3902 sentientes
1101 3853 1210 3902 tua:
1245 3844 1513 3902 doctrinae
1534 3847 1791 3904 assentiri
1813 3848 2008 3904 nolue‘

2135 3856 2203 3903 re;
2229 3841 2608 3914 ἀντειρήκασι.
2653 3841 2825 3898 Τοῦτο
2857 3845 2966 3915 γὰρ
2991 3845 3123 3900 αὐτό
3150 3849 3620 3920 καταμεμήνυκας
3644 3851 3716 3905 ἐν

413 3946 565 3994 runt.
597 3938 738 3994 Nam
769 3946 827 3994 et
858 3937 1026 4008 hujus
1059 3950 1281 4009 quoque
1318 3938 1787 3994 exauctorationis
1812 3937 1871 3993 in
1890 3939 2009 4009 epi-

2135 3933 2176 4003 ῇ
2207 3933 2467 4006 ἐπιστολῇ
2518 3935 2585 4006 τῇ
2635 3936 2913 4009 γραφείσῃ
2955 3937 3110 4010 παρὰ
3149 3937 3246 3993 σοῦ
3288 3940 3430 4013 πρὸς
3466 3942 3559 3997 τὸν
3599 3943 3715 4015 τῆς

410 4031 551 4086 stola
588 4043 755 4100 quam
788 4029 857 4084 ad
877 4043 1086 4101 magna:
1106 4028 1293 4086 Romae
1317 4029 1724 4085 sanctissimum
1743 4036 1800 4084 et
1817 4028 2005 4099 coepi-

2135 4023 2360 4095 ιεγάλης
2402 4025 2628 4098 Ῥώμης
2660 4026 2968 4096 ἁγιώτατον
2994 4030 3091 4084 καὶ
3110 4032 3511 4091 συνεπίσκοπον
3535 4037 3571 4108 ἠ
3580 4034 3713 4106 μῶν

408 4136 640 4192 scopum
671 4127 924 4176 nostrum
955 4118 1316 4176 leestinum
1354 4120 1661 4192 scripsisti,
1685 4119 1749 4175 ﬁt
1772 4121 2000 4176 mentio.

2135 4117 2448 4172 ἱελεοτῑνον.
2490 4119 2606 4174 Οὐκ
2634 4119 2863 4190 ἀρκέσει
2889 4120 2948 4175 δὲ
2985 4124 3052 4194 τῇ
3084 4125 3150 4195 σῇ
3180 4123 3439 4197 εὐλαϐείᾳ
3473 4126 3537 4181 τὸ
3567 4143 3709 4181 συν-

400 4214 679 4270 Caeterum
701 4213 928 4269 minime
947 4223 1031 4269 sat
1045 4214 1153 4269 erit
1171 4213 1218 4270 si
1235 4214 1543 4271 reverentia
1564 4222 1657 4269 tua
1675 4213 1853 4269 solum
1873 4212 2002 4268 fidei

2138 4209 2438 4281 μολογῆσαι
2482 4208 2643 4281 μόνον
2681 4212 2744 4266 τὸ
2774 4213 2877 4284 τῆς
2917 4212 3156 4279 πίστεως
3189 4214 3479 4287 σύμϐολον,
3508 4216 3573 4271 τὸ
3595 4218 3710 4272 ἐκ·

402 4304 739 4375 symbolum,
765 4303 912 4375 quod
950 4319 979 4359 a
1001 4319 1196 4376 magna
1218 4305 1308 4362 illa
1331 4304 1543 4377 synodo
1572 4320 1696 4375 quae
1713 4304 1771 4359 in
1790 4303 2001 4376 Spiritu

2137 4299 2257 4355 εθὲν
2271 4301 2413 4356 κατὰ
2434 4302 2661 4372 καιροὺς
2680 4303 2738 4357 ὲν
2760 4303 2902 4375 ἁγίῳ
2929 4301 3212 4375 Πνεύματι
3240 4305 3394 4378 παρὰ
3410 4307 3511 4378 τῆς
3530 4307 3707 4376 ἁγίας

407 4406 599 4454 sancto
623 4396 737 4471 69
770 4398 828 4453 in
862 4398 1002 4454 urbe
1023 4397 1203 4454 Nicaea
1224 4400 1503 4470 quondam
1525 4397 1805 4468 convenit,
1827 4414 1998 4471 expo-

2135 4391 2198 4446 ni
2230 4391 2473 4463 μεγάλης
2501 4390 2741 4457 συνόδου,
2771 4392 2872 4464 τῆς
2897 4391 3043 4447 κατὰ
3071 4395 3300 4465 καιροὺς
3329 4396 3705 4469 συναχθείσης

402 4489 571 4543 situm
589 4496 694 4552 est,
714 4487 1003 4543 nobiscum
1019 4487 1368 4543 conﬁteatur.
1385 4488 1524 4543 Nam
1546 4488 1650 4544 etsi
1670 4502 1805 4544 voce
1837 4497 2000 4547 tenus
2029 4491 2037 4549 J

2135 4503 2162 4540 ν
2204 4487 2273 4557 τῇ
2318 4482 2595 4540 Νικαέων.
2624 4483 2910 4555 Νενόηκας
2932 4484 3045 4555 γὰρ
3073 4485 3167 4539 καὶ
3196 4487 3551 4558 ήρμήνευσας
3585 4488 3702 4543 οὐκ

405 4579 543 4634 iilud
568 4578 902 4650 proﬁtearis,
933 4587 1175 4635 attamen
1198 4594 1383 4648 neque
1401 4588 1549 4635 recte
1580 4579 1862 4651 intelligis,
1886 4593 1989 4636 ne:

2135 4573 2276 4647 ρθῶς
2304 4574 2457 4640 αὐτὸ,
2480 4573 2933 4645 διεστραμμένως
2955 4573 3014 4628 δὲ
3040 4573 3263 4645 μᾶλλον,
3291 4575 3393 4631 κᾶν
3418 4577 3701 4649 ὁμολογῇς

400 4684 510 4738 que
538 4669 756 4724 sincere
790 4684 1033 4741 quoque,
1059 4668 1157 4725 sed
1198 4683 1458 4738 perverse
1491 4668 1657 4740 plane
1690 4677 1992 4741 praeposte-

2135 4668 2161 4736 ᾖ
2197 4667 2351 4735 φωνῇ
2385 4665 2486 4735 τὴν
2516 4664 2682 4731 λέξιν.
2726 4663 2888 4719 Ἀλλὰ
2914 4663 3025 4736 γὰρ
3061 4666 3356 4722 ἀκόλουθον
3389 4667 3702 4740 ἐγγράφως

400 4768 570 4832 reque
611 4760 1010 4832 interpretaris.
1051 4759 1256 4817 Verum
1304 4769 1505 4831 praeter
1533 4762 1641 4817 hoc
1670 4761 1987 4818 addendum

2135 4757 2190 4808 αὶ
2209 4754 2500 4826 ἐνωμότως
2523 4754 2880 4825 ὁμολογῆσαι,
2906 4755 2992 4809 ὅτι
3020 4756 3117 4811 καὶ
3135 4755 3557 4829 άναθεματίζεις
3582 4756 3699 4829 μὲν

400 4851 538 4907 iilud
559 4858 665 4917 est,
696 4861 756 4908 ut
782 4853 989 4924 scripto
1020 4867 1087 4907 ac
1108 4851 1470 4922 jurejurando
1495 4851 1733 4908 aﬁirmes
1760 4862 1813 4909 te
1841 4868 1986 4924 pra:-

2135 4846 2163 4901 ὴ
2193 4846 2368 4916 μιαρὰ
2394 4844 2595 4900 σαυτοῦ
2629 4846 2725 4901 καὶ
2761 4845 2966 4918 βέϐηλα
2996 4847 3265 4919 δόγματα’
3306 4850 3598 4921 φρονήσεις
3621 4848 3697 4904 δὲ

401 4955 551 5001 terea
574 4944 1038 5000 anathematizare
1059 4958 1182 5014 quae
1211 4943 1442 4999 sceleste
1465 4950 1523 4998 et
1547 4943 1778 5015 profane
1800 4943 1987 4999 hacte-

2135 4939 2188 4993 αὶ
2218 4935 2486 5004 διδάξεις,
2514 4938 2552 4993 ἃ
2603 4938 2698 4993 καὶ
2747 4940 2908 5010 ἡμεῖς
2941 4941 3144 5005 πάντες
3164 4980 3181 5008 ,
3209 4941 3266 4996 οἵ
3289 4957 3351 4996 τε
3389 4942 3532 4996 κατὰ
3574 4941 3694 5012 τὴν

400 5051 504 5092 nus
530 5034 774 5101 sensisti,
805 5045 862 5091 et
889 5051 955 5091 ea
994 5048 1217 5107 rursum
1251 5034 1480 5103 posthac
1512 5043 1565 5090 te
1600 5050 1893 5091 sensurum
1929 5042 1987 5091 et

2135 5031 2376 5103 Εσπέραν
2398 5032 2494 5086 καὶ
2521 5030 2620 5103 τὴν
2652 5030 2830 5103 Ἐῴαν
2868 5032 3164 5088 ἐπίσκοποι
3182 5075 3199 5102 ,
3221 5035 3325 5089 καῖ
3339 5034 3688 5104 διδάσκαλοι,

399 5128 694 5182 «lecturum
734 5127 1054 5198 polliceare,
1089 5139 1212 5194 quas
1243 5133 1299 5178 et
1327 5138 1431 5179 nos
1475 5133 1533 5179 et
1572 5126 1759 5181 caeteri
1795 5141 1990 5182 omnes

2135 5124 2184 5177 ut
2227 5122 2376 5179 λαῶν
2418 5124 2734 5197 ἡγούμενοι.
2777 5126 3038 5181 Συνέθετο
3077 5126 3135 5181 δὲ
3173 5128 3270 5185 καὶ
3301 5128 3335 5200 ή
3381 5128 3524 5183 κατὰ
3569 5126 3688 5199 τὴν

396 5223 670 5288 quotquot
693 5216 781 5271 vel
807 5216 862 5270 in
888 5212 1187 5271 Occidente
1206 5213 1293 5267 vel
1314 5212 1372 5267 in
1389 5211 1616 5270 Oriente
1648 5215 1844 5270 vivunt
1865 5215 1986 5287 epi-

2135 5214 2320 5287 Ρώμην
2345 5215 2480 5285 ἁγία
2511 5216 2759 5285 σύνοδος,
2788 5217 2884 5272 καὶ
2911 5220 3075 5290 ἡμεῖς
3105 5219 3372 5287 ἅπαντες,
3396 5219 3474 5285 ὡς
3495 5217 3688 5290 ὀρθῶς

394 5308 568 5379 scopi,
605 5307 863 5363 doctores
900 5321 967 5362 ac
1005 5303 1338 5375 populorum
1374 5304 1566 5361 duces.
1606 5306 1688 5361 Ad
1719 5306 1985 5378 epistolas

2135 5306 2339 5381 ίούσαις
2374 5310 2471 5363 καὶ
2500 5309 2919 5382 ἀνεπιλήπτως,
2948 5313 3065 5376 ταῖς
3094 5311 3424 5384 γραφείσαις
3447 5311 3685 5365 ἐπιστο-

395 5416 562 5472 porro
594 5400 742 5473 quod
780 5400 1001 5463 attinet,
1039 5411 1178 5467 quas
1208 5396 1577 5454 Alexandrina
1617 5398 1865 5456 Ecclesia
1909 5400 1978 5455 ad

2135 5404 2201 5467 ιτς
2227 5402 2368 5475 πρὸς
2396 5401 2496 5474 τὴν
2525 5403 2624 5475 σὴν
2651 5402 2936 5459 εὐλάϐειαν
2963 5403 3115 5478 παρὰ
3136 5404 3236 5477 τῆς
3272 5400 3683 5474 Ἀλεξανδρέων

460 5580 503 5611 ³⁷
539 5575 731 5632 Matth.
760 5592 818 5641 χ,
845 5574 935 5641 54,
963 5575 1053 5631 55.
1124 5574 1170 5608 ³⁸
1194 5577 1363 5635 Hebr.
1392 5597 1468 5649 x1,
1499 5568 1589 5636 35.
1666 5582 1709 5614 ”
1737 5580 1871 5636 Luc.
1906 5598 1946 5646 ι,
1969 5579 2021 5636 2.

1466 5704 1640 5761 Variae
1668 5705 1933 5762 lectiones
1970 5702 2177 5760 codicis
2200 5699 2560 5772 Seguieriaui.

465 5804 491 5845 ι
523 5794 695 5849 ἔσται.
776 5796 803 5835 h
830 5790 934 5848 σὸί.
