4058 6448
335 353 437 410 100

1740 339 2077 421 ἐιδιετοιλ
2114 366 2271 422 xm.

3543 366 3641 426 HO

335 474 697 546 Ἐκκλησίας.
735 475 1125 550 ’Υπετάξαμεν
1148 480 1203 534 δὲ
1223 482 1432 545 τούτοις
1454 482 1610 553 ἡμῶν
1633 484 1743 544 τοῖς
1769 481 1922 550 γράμ

2055 494 2108 537 ιο
2136 484 2307 546 misit,
2333 499 2428 538 eas
2455 499 2578 537 eum
2630 501 2660 538 a
2705 493 2860 538 sacra
2904 484 3149 538 Romana
3193 483 3424 551 synodo,
3449 481 3564 539 tum
3611 503 3643 541 a

326 583 520 635 μασιν,
541 567 580 620 ἃ.
599 585 659 619 τε
675 568 759 621 δεῖ
777 573 1000 640 φρονεῖν
1023 573 1120 625 καὶ
1135 572 1431 638 διδάσκειν,
1453 574 1546 628 καὶ
1562 568 1635 627 ὧν
1653 572 1926 642 ἀπέχεσθαι

2049 576 2211 630 nobis
2235 576 2497 644 onmibus
2536 592 2777 647 quoque,
2802 577 2871 631 ab
2897 576 3047 631 omni
3082 592 3268 631 errore
3298 586 3354 630 et
3378 577 3512 633 vitio
3535 577 3641 632 im-

323 661 634 730 προσήκει.
674 661 824 733 Αὕτη
857 662 969 733 γὰρ
993 663 1098 734 τῆς
1131 664 1431 736 ηθολικῆς
1461 666 1556 719 καὶ
1587 663 1926 732 ἁποστολικῆη

2051 683 2250 722 munes
2271 667 2547 738 judicatus
2578 684 2697 723 esse
2729 669 2892 723 scias.
2927 669 3087 722 Hisce
3111 669 3296 723 autem
3319 670 3520 724 litteris
3547 684 3645 724 no—

334 751 677 824 Ὲκκλησίας
699 757 732 821 ὴ
757 756 963 819 πίστις,
1032 757 1376 811 συναινοῦσιν
1405 759 1662 821 ἅπαντες,
1677 759 1787 812 οἵτε
1811 774 1926 810 κατέ

2052 758 2183 812 stris
2227 767 2464 828 utraque
2507 759 2914 830 subjunximus,
2955 769 3013 814 et
3051 775 3116 814 ea
3159 776 3281 830 qua:
3325 770 3377 816 te
3422 768 3645 831 oportet

321 851 426 920 τὴν
452 851 759 922 Ἑσπέραν,
794 855 893 907 καὶ¹
919 854 1020 924 τὴν
1052 855 1226 925 Ἐῴαν
1255 857 1526 927 ὀρθόδοξοι
1558 857 1870 909 ἐπίσκοποι.

2051 853 2242 920 Sapere
2277 851 2608 916 et—docere,
2656 862 2713 906 et
2762 868 2826 906 ea
2856 868 3076 907 rursum
3103 868 3135 906 a
3163 853 3366 922 quibus
3412 860 3465 907 te
3503 868 3642 908 con-

320 941 478 994 venit
503 941 813 998 abstinere.
862 944 1163 1001 Catholicae
1224 949 1373 1002 enim
1398 950 1827 1019 apostolici-eque
1850 943 2110 1000 Ecclesim
2146 941 2305 1006 ﬁdes,
2357 943 2414 997 in
2481 958 2592 1013 qua
2665 944 2908 999 universi
2969 943 3288 999 Occidentis
3333 957 3388 1000 et
3441 943 3641 1000 Orien-

322 1031 394 1084 tis
415 1031 721 1088 orthodoki
751 1033 1000 1104 episcopi
1031 1037 1406 1104 consentiunt,
1443 1038 1756 1108 hujusmodi
1784 1045 1887 1091 est.

399 1146 797 1219 «ιΠιστεὺομεν
829 1150 912 1213 εἰς
937 1146 1036 1204 ἕνα
1049 1151 1202 1215 Θεὸν,
1235 1154 1456 1226 Πατέρα
1486 1145 1936 1224 παντοκράτορα,

319 1237 549 1292 πᾶντων
576 1239 797 1310 ὁρατῶν
825 1257 887 1294 τε
915 1243 1015 1294 καὶ
1043 1243 1292 1312 ἀοράτων
1319 1245 1574 1315 ποιητήν’
1608 1245 1704 1298 καὶ
1740 1245 1818 1306 εἰς
1843 1243 1939 1295 ἕνα

317 1332 534 1401 Κύριον
582 1330 801 1399 Ἰησοῦν
833 1333 1092 1404 Χριστὸν,
1128 1335 1220 1388 τὸν
1259 1335 1388 1390 Υἱὸν
1418 1335 1512 1390 τοῦ
1537 1335 1676 1390 Θεοῦ
1706 1336 1795 1389 τὸν
1844 1353 1940 1406 μο-

317 1423 544 1494 νογενῆ,
576 1422 919 1493 γεννηθέντα
960 1425 1026 1478 ἐκ
1053 1425 1146 1478 τοῦ
1195 1427 1431 1498 Πατρὸς,
1474 1427 1619 1482 τοῦτ’
1657 1428 1828 1492 ἔστιν,
1875 1421 1940 1482 ἐκ

315 1512 418 1581 τῆς
443 1511 642 1574 οὐσίας
660 1512 760 1564 τοῦ
791 1513 1030 1583 Πατρός
1050 1513 1188 1568 Θεὸν
1213 1517 1279 1568 ὲκ
1302 1510 1463 1581 Θεοῦ,
1499 1516 1617 1586 φῶς
1643 1518 1710 1570 ὲκ
1732 1517 1935 1587 φωτὸς,

312 1605 454 1657 Θεὸν
508 1603 779 1675 ἀληθινὸν
829 1607 894 1658 ἐκ
940 1605 1080 1659 Θεοῦ
1135 1607 1426 1678 ἀληθινοῦ·
1477 1609 1844 1679 γεννηθέντα,
1875 1611 1938 1662 οὐ

315 1696 652 1768 ποιηθέντα,
680 1695 980 1767 ὁμοούσιον
1005 1697 1085 1767 τῷ
1107 1699 1304 1770 Πατρί·
1330 1699 1399 1753 δι’
1427 1692 1489 1752 οὗ
1515 1701 1586 1754 τὰ
1615 1703 1796 1756 πάντα
1817 1690 1938 1770 ἐγέ-

313 1803 441 1838 νετο
477 1785 527 1848 ί,
553 1786 628 1838 τά
656 1801 721 1837 τε
749 1786 811 1839 ὲν
832 1784 912 1855 τῷ
937 1786 1175 1858 οὐρανῷ,
1207 1791 1304 1844 καὶ
1331 1790 1400 1844 τὰ
1437 1793 1497 1845 ὲν
1525 1795 1593 1864 τῇ
1623 1793 1716 1863 γῇ·
1751 1793 1843 1845 τὸν
1869 1793 1936 1846 δι’

314 1880 468 1948 ἡμεῖς
491 1879 628 1941 τοὺς
659 1877 1014 1949 ἀνθρώπους,
1055 1880 1152 1933 καὶ
1179 1880 1267 1934 διὰ
1308 1883 1410 1953 τὴν
1443 1884 1731 1955 ἡμετέραν
1763 1899 1939 1954 σωτη-

321 1971 445 2040 Ρεαν
485 1969 861 2037 κατελθόντα,
895 1972 1005 2024 ⁴καὶ
1039 1972 1418 2044 σαρκωθέντα,
1455 1975 1551 2028 καὶ
1581 1975 1935 2045 ὲνανθρωπή-
1970 1958 2010 2012 Β

325 2081 516 2119 σαντα·
544 2065 803 2120 παθόντα
825 2066 922 2119 καὶ
939 2066 1256 2122 ἀναστάντα
1278 2071 1344 2138 τῇ
1367 2069 1528 2142 τρίτῃ
1553 2069 1757 2141 ἡμέρᾳο
1783 2068 1937 2122 ἀνελ-

333 2157 500 2210 θόντα
543 2159 622 2220 εις
655 2157 792 2221 τοὺς
839 2159 1110 2229 οὐρανοὺς
1129 2201 1143 2225 ,
1178 2160 1479 2232 ἐρχόμενον
1509 2164 1697 2233 κρῖναι
1729 2161 1936 2227 ζῶντας

343 2250 438 2301 καὶ
461 2250 713 2319 νεκρούς·
761 2252 866 2304 καὶ
914 2253 996 2315 εἰς
1023 2252 1088 2306 τὸ
1115 2251 1341 2324 Πνεῦμα
1379 2255 1440 2308 τὸ
1478 2254 1656 2323 ἅγιον.
1702 2255 1844 2318 Τοὺς
1877 2253 1935 2308 δὲ

332 2341 607 2409 λέγοντας·
636 2338 746 2396 Ἦν
775 2359 937 2409 ποτε,
962 2345 1052 2398 ὅτε
1081 2345 1182 2399 οὐκ
1206 2341 1293 2417 ἦν,
1320 2347 1416 2400 καὶ
1443 2347 1576 2418 πρὶν
1602 2346 1932 2417 γεννηθῆναι

323 2433 423 2485 οὐκ
449 2427 539 2502 ἦν,
577 2434 672 2487 καὶ
705 2434 794 2490 ὅτι
823 2435 886 2500 ἐξ
923 2436 1026 2490 οὐκ
1052 2435 1223 2491 ὅντων
1265 2437 1518 2506 ἐγένετο,
1551 2438 1584 2508 ἢ
1631 2437 1691 2502 ἐξ
1740 2438 1931 2510 ἑτέρας

317 2525 460 2588 τινὸς
483 2525 848 2604 ὑποστάσεως
876 2528 910 2599 ἢ
936 2527 1128 2592 οὐσίας
1157 2527 1467 2598 φάσκοντας
1495 2525 1657 2594 εἶναι,
1691 2529 1786 2584 καὶ
1807 2547 1931 2599 τρε-

318 2619 449 2670 πτὸν
471 2618 510 2686 ἢ
544 2604 852 2673 ἀλλοιωτὸν
881 2619 974 2673 τὸν
1015 2616 1146 2674 Υἱὸν
1173 2620 1268 2674 τοῦ
1295 2621 1455 2687 Θεοῦ,
1481 2623 1703 2687 τούτους
1731 2621 1930 2676 ἀναθε-

315 2708 536 2777 ματίζει
556 2711 595 2780 ἡ
617 2709 896 2783 καθολικὴ
916 2712 1370 2786 καὶ-ἀποστολικὴ
1386 2714 1702 2785 Ἐκκλησία.
1731 2731 1750 2765 ι
1771 2715 1930 2768 Ἐπό-

315 2817 470 2869 μενοι
497 2801 559 2856 δὲ
595 2787 886 2873 πανταχοῦ
920 2805 1044 2868 ταῖς
1071 2804 1182 2858 τῶν
1214 2805 1386 2874 ἁγίων
1432 2806 1694 2877 Πατέρων
1738 2805 1929 2876 ὁμολο-

311 2893 479 2959 γίαις,
520 2895 584 2947 αἲ
621 2895 986 2966 πεποίηνται,
1017 2895 1311 2962 λαλοῦντος
1339 2899 1399 2950 ὸν
1426 2898 1612 2960 αὐτοῖς
1644 2897 1738 2950 τοῦ
1768 2897 1927 2966 ἁγίου

312 2985 680 3064 avsum-.05,
729 2987 826 3041 καὶ
858 2987 954 3041 τὸν
979 2989 1090 3043 τῶν
1133 2991 1193 3043 ὲν
1237 2991 1424 3054 αὐτοῖς
1455 2990 1676 3044 ἐννοιῶν
1708 2989 1927 3060 ἰχνηλα-

313 3080 534 3145 τοῦντες
565 3081 806 3145 σκοπὸν,
835 3082 934 3136 καὶ
968 3081 1252 3152 βασιλικὴν
1282 3081 1473 3153 ὥσπερ
1493 3082 1780 3153 ἐρχόμενοι
1805 3080 1924 3152 τρί-

313 3173 424 3239 ϐον,
456 3174 652 3244 φαμὲν
686 3175 774 3228 ὅτι
808 3174 971 3238 αὐτὸς
993 3176 1024 3228 6
1053 3172 1350 3246 μονογενὴς
1376 3172 1472 3227 τοῦ
1498 3173 1635 3227 Θεοῦ
1675 3173 1870 3241 Λόγος,
1897 3175 1926 3226 6

312 3265 372 3330 ἐξ
400 3265 582 3336 αὐτῆς
625 3265 921 3338 γεννηθεὶς
951 3267 1054 3339 τῆς
1094 3267 1286 3332 οὐσίας
1337 3265 1434 3320 τοῦ
1483 3265 1732 3337 Πατρὸς,
1781 3268 1810 3319 6
1860 3268 1924 3319 ὲκ
1951 3300 1994 3359 C

310 3359 447 3412 Θεοῦ
482 3359 756 3430 ἀληθινοῦ
775 3359 912 3423 Θεὸς
935 3361 1211 3432 ἀληθινὸς,
1238 3361 1300 3414 τὸ
1327 3360 1444 3430 φῶς
1478 3360 1539 3413 τὸ
1571 3361 1636 3414 ἐκ
1666 3359 1863 3430 φωτὸς,
1896 3362 1926 3414 6

309 3449 374 3504 δι’
403 3444 468 3504 οὗ
501 3451 578 3503 τὰ
605 3451 794 3504 πάντα
821 3451 1060 3520 ἐγένετο,
1089 3451 1160 3506 τά
1184 3469 1246 3515 τε
1279 3453 1339 3506 ὲν
1359 3453 1438 3524 τῷ
1460 3450 1678 3524 οὐρανῷ
1728 3453 1824 3505 καὶ
1854 3449 1926 3504 τὰ

307 3545 367 3595 ἐν
393 3545 466 3614 τῇ
502 3547 605 3614 γῇ,
648 3542 758 3612 τῆς
787 3543 1067 3616 ἡμετέρας
1105 3543 1267 3598 ἕνεκα
1313 3545 1589 3616 σωτηρίας
1622 3541 1922 3610 κατελθὼν,

308 3636 402 3687 καὶ
421 3634 622 3699 καθεὶς
643 3634 844 3688 ἑαυτὸν
867 3637 949 3698 εἰς
973 3635 1227 3703 κένωσιν,
1252 3636 1542 3708 ὲσαρκώθη
1565 3653 1625 3689 τε
1651 3636 1740 3690 καὶ
1767 3636 1924 3706 ἐνην-

305 3726 599 3798 θρώπησε,
650 3727 802 3780 τοῦτ’
855 3727 993 3793 ἔστι,
1047 3709 1231 3799 σάρκα
1282 3727 1465 3782 λαϐὼν
1507 3729 1574 3781 ὲκ
1619 3729 1721 3798 τῆς
1763 3726 1924 3796 άγίας

305 3819 599 3890 Παρθένου
619 3857 636 3881 ,
669 3807 769 3873 καὶ
801 3819 940 3873 ἰδιαν
971 3818 1144 3890 αὐτὴν
1175 3821 1548 3891 ποιησάμενος
1570 3823 1635 3875 ὲκ
1665 3823 1882 3893 μήτρας
1905 3861 1920 3886 ,

301 3909 404 3978 τὴν
437 3909 571 3962 καθ’
605 3910 760 3979 ἡμᾶς
787 3909 1053 3978 ὑπέμεινε
1081 3909 1362 3980 γέννησιν,
1404 3913 1498 3964 καὶ
1522 3910 1796 3982 προῆλθεν
1825 3912 1921 3966 άν-

303 4001 536 4071 θρωττος
558 4002 628 4054 ἐκ
655 4000 944 4068 γυναικὸς,
973 4003 1074 4073 οὐχ
1095 4002 1237 4074 ὅπερ
1261 3998 1330 4074 ἦν
1353 4001 1769 4074 ἀποϐεϐληκὼς,
1804 4001 1922 4056 ἀλλ’

299 4096 352 4145 εὶ
385 4093 486 4146 καὶ
519 4093 756 4161 γέγονεν
783 4095 843 4146 ὲν
861 4093 1170 4164 προσλήψει
1193 4095 1399 4165 σαρκὸς
1428 4095 1524 4148 καὶ
1539 4094 1792 4165 αἵματος,
1827 4095 1924 4148 καὶ

298 4184 448 4239 οὕτω
487 4183 832 4255 μεμενηκὼς
861 4186 1001 4255 ὅπερ
1037 4182 1129 4258 ἦν,
1182 4186 1317 4250 Θεὸς
1353 4187 1600 4258 δηλονότι
1634 4187 1798 4256 φύσει
1826 4187 1922 4241 καὶ

296 4275 564 4347 ἀληθείᾳ.
602 4274 744 4329 Οὔτε
770 4275 828 4328 δὲ
848 4276 950 4346 τὴν
975 4275 1158 4348 σάρκα
1183 4277 1366 4348 φαμὲν
1389 4280 1470 4341 εἰς
1493 4279 1761 4349 θεότητος
1791 4295 1922 4348 τρα-

299 4366 480 4436 πῆναι
508 4366 706 4435 φύσιν,
738 4364 870 4420 οὔτε
907 4366 1017 4438 μὴν
1056 4367 1262 4439 σαρκὸς
1290 4369 1370 4432 εις
1402 4368 1566 4438 φύσιν
1611 4368 1712 4441 τὴν
1741 4369 1919 4439 ἀπόρ-

298 4461 470 4529 ρητον
501 4457 649 4512 Θεοῦ
672 4457 852 4526 Λόγου
879 4459 1228 4529 παραχθῆναι
1253 4457 1267 4510 i
1309 4459 1493 4529 φύσιν·
1519 4462 1788 4534 ἄτρεπτος
1811 4461 1921 4530 γάρ

293 4551 415 4603 ἐστι
444 4550 551 4604 καὶ
585 4549 950 4615 ἀναλλοίωτος
970 4551 1254 4615 παντελῶς
1283 4551 1385 4621 μὲν
1403 4553 1432 4604 6
1461 4552 1625 4615 αὐτὸς
1651 4553 1740 4606 ἀεὶ
1763 4550 1840 4604 ὢν
1865 4553 1917 4616 ιι,

2123 1166 2139 1197 ι
2157 1137 2518 1204 Credimusin
2535 1165 2706 1204 unum
2732 1137 3157 1213 Deum,Patrem
3183 1151 3639 1219 omnipotentem,

2041 1237 2288 1291 omnium
2316 1238 2620 1294 visibilium
2643 1250 2700 1294 et
2725 1241 3087 1296 invisibilium
3118 1250 3424 1296 creatorem
3454 1260 3467 1295 :
3496 1255 3554 1298 et
3585 1244 3642 1298 in

2041 1346 2214 1384 unum
2247 1331 2541 1386 Dominum
2571 1332 2758 1388 Jesum
2791 1333 3097 1397 Christum,
3138 1333 3337 1388 Filium
3378 1335 3473 1390 Dei
3512 1337 3640 1390 uni-

2041 1421 2314 1491 genitum,
2347 1430 2535 1476 natum
2578 1438 2646 1476 ex
2687 1423 2870 1486 Patre,
2907 1422 3013 1476 hoc
3048 1430 3153 1484 est,
3190 1438 3258 1476 ex
3294 1423 3473 1478 Patris
3511 1423 3642 1478 sub-

2042 1513 2450 1578 stantia,Deum
2471 1514 2538 1568 de
2556 1514 2691 1577 Deo,
2710 1514 2897 1569 lumen
2919 1514 2987 1570 d'c
3007 1514 3236 1578 lumine,
3252 1514 3425 1570 Deum
3445 1531 3640 1570 verum

2039 1605 2108 1660 de
2144 1607 2256 1660 Deo
2293 1622 2454 1672 vero;
2485 1607 2754 1677 genitum,
2785 1622 2895 1660 non
2930 1605 3158 1671 factum,
3189 1607 3638 1662 consUbstantia-

2037 1697 2144 1751 rem
2186 1698 2368 1764 Patri;
2403 1715 2503 1768 per
2543 1714 2708 1769 quem
2747 1698 2935 1753 omnia
2969 1699 3111 1753 facta
3152 1709 3302 1764 sunt,
3334 1709 3390 1753 et
3426 1714 3549 1769 quae
3584 1699 3639 1753 in

2037 1790 2198 1854 coelo,
2222 1797 2278 1844 et
2306 1806 2429 1860 qum
2460 1792 2514 1844 in
2545 1799 2727 1856 terra;
2757 1793 2850 1862 qui
2877 1800 3103 1862 propter
3137 1807 3242 1847 nos
3279 1792 3553 1856 homines,
3582 1802 3641 1847 et

2037 1890 2266 1951 propter
2305 1891 2550 1937 nostram
2595 1884 2830 1938 salutem
2867 1883 3276 1948 descendit,.et
3317 1883 3638 1938 incarnatus

2039 1981 2144 2038 est,
2179 1981 2236 2028 et
2273 1974 2439 2028 homo
2477 1973 2656 2030 factus
2682 1981 2788 2041 est,
2819 1984 2876 2030 et
2912 1990 3104 2045 passus
3137 1985 3242 2038 est,
3266 1983 3324 2030 et
3356 1975 3520 2030 tertia
3544 1974 3638 2030 die

2042 2067 2346 2122 resurrexit
2379 2086 2392 2120 :
2424 2068 2673 2122 ascendit
2713 2068 2782 2123 ad
2828 2069 3032 2133 oculos,
3075 2076 3347 2123 venturus
3384 2067 3636 2139 judicare

2040 2156 2197 2212 vivos
2219 2167 2276 2212 et
2299 2168 2548 2214 mortuos
2573 2176 2589 2212 :
2613 2167 2671 2214 et
2701 2161 2757 2214 in
2783 2158 3052 2230 Spiritum
3091 2171 3365 2216 sanctum.
3397 2159 3503 2227 Qui
3532 2177 3634 2215 au-

2039 2257 2156 2338 tem
2174 2251 2367 2306 dicunt
2389 2269 2402 2305 :
2427 2247 2560 2307 Erat
2585 2253 2884 2322 aliquando
2905 2268 3032 2308 cum
3055 2269 3166 2307 non
3189 2263 3355 2318 esset,
3378 2264 3435 2308 et
3455 2254 3636 2324 prius-

2035 2354 2202 2408 quam
2242 2343 2588 2406 nasceretur,
2610 2356 2724 2396 non
2762 2351 2916 2407 erat;
2945 2342 3035 2396 vel
3067 2343 3215 2412 quod
3246 2359 3313 2401 ex
3337 2357 3450 2397 non
3483 2347 3629 2399 exsi-

2037 2431 2336 2495 stentibus,
2363 2439 2459 2485 aut
2484 2447 2552 2486 ex
2575 2432 2682 2486 alia
2709 2431 3017 2487 substantia
3037 2433 3123 2487 vel
3143 2435 3385 2488 essentia
3409 2434 3508 2500 sit;
3536 2446 3635 2490 aut

2035 2521 2131 2591 qui
2145 2521 2348 2577 Filium
2361 2523 2459 2578 Dei
2475 2523 2768 2578 mutationi
2785 2531 2881 2579 aut
2895 2523 3210 2579 alterationi
3225 2525 3527 2581 obnoxium
3541 2542 3627 2582 as-

2033 2622 2246 2680 serunt;
2266 2614 2648 2670 hes-catholica
2675 2625 2732 2672 et
2753 2615 3058 2686 apostolica
3083 2615 3512 2672 anathematizat
3532 2618 3634 2673 Ec-

2031 2703 2251 2761 clesiafi
2275 2705 2604 2762 Sanctorum
2628 2716 2814 2763 autem
2825 2707 3052 2762 Patrum
3077 2706 3476 2772 confessiones,
3493 2725 3632 2779 quas

2029 2804 2222 2852 sancto
2251 2797 2310 2851 in
2327 2797 2465 2867 ipsis
2482 2799 2746 2868 loquente
2767 2797 2976 2869 Spiritu
2993 2797 3310 2863 ediderunt,
3333 2809 3629 2867 sectantes,

2029 2901 2368 2957 scopumque
2391 2903 2455 2943 ac
2478 2902 2701 2944 sensum
2725 2901 2890 2958 quem
2922 2888 3002 2942 illi
3033 2897 3351 2953 tenuerunt,
3384 2889 3633 2945 studiose

2029 2977 2236 3048 ubique
2251 2978 2632 3043 observantes,
2649 2987 2708 3034 et
2727 2977 2876 3050 regia
2895 2979 3052 3049 quasi
3073 2979 3161 3034 via
3185 2979 3530 3047 incedentes,
3546 2981 3631 3051 ip-

2027 3083 2152 3126 sum
2169 3070 2514 3140 unigenitum
2529 3071 2627 3125 Dei
2641 3071 2906 3136 Verbum,
2925 3086 2992 3126 ex
3009 3071 3189 3126 Patris
3206 3071 3514 3127 substantia
3529 3089 3629 3127 na-

2028 3170 2167 3227 tum,
2191 3162 2364 3217 Deum
2409 3178 2604 3217 verum
2627 3161 2696 3218 de
2719 3163 2830 3218 Deo
2866 3178 3022 3228 vero,
3047 3163 3236 3219 lumen
3280 3163 3349 3218 de
3397 3165 3628 3229 lumine,

2027 3271 2127 3325 per
2142 3271 2308 3326 quem
2330 3255 2513 3311 omnia
2535 3263 2592 3311 et
2606 3271 2730 3325 quae
2745 3256 2798 3309 in
2827 3256 2969 3311 coelo
2991 3263 3046 3311 et
3069 3273 3191 3326 quae
3223 3257 3278 3311 in
3303 3258 3466 3312 terris
3485 3258 3629 3314 facta

2026 3349 2357 3414 consistunt,
2386 3348 2581 3404 salutis
2603 3355 2806 3404 nostrae
2826 3363 2992 3403 causa
3019 3347 3394 3413 descendisse,
3415 3349 3523 3419 70
3542 3365 3630 3405 se-

2027 3453 2133 3508 que
2153 3439 2222 3494 ad
2237 3439 2669 3496 exinanitionem
2686 3437 2927 3494 demisso
2941 3439 2984 3470 “
3003 3439 3348 3494 incarnatum
3367 3448 3424 3494 et
3443 3439 3626 3495 homi-

2025 3545 2155 3584 nem
2184 3529 2410 3594 factum,
2434 3530 2542 3585 hoc
2557 3537 2664 3594 est,
2688 3543 2853 3584 carne
2874 3545 2943 3583 ex
2965 3544 3120 3584 sacra
3142 3529 3366 3599 Virgine
3386 3538 3625 3601 sumpta,

2027 3621 2336 3692 eademque
2381 3621 2488 3677 sibi
2525 3621 2900 3692 appropriate,
2943 3622 3000 3678 in
3043 3631 3204 3676 utero
3240 3635 3396 3676 more
3436 3631 3628 3676 nostro

2026 3715 2301 3784 genitum,
2330 3713 2725 3783 hominemque
2751 3728 2820 3768 ex
2847 3713 3078 3768 muliere
3113 3712 3170 3766 in
3200 3713 3380 3767 lucem
3411 3711 3624 3768 editum

2027 3803 2297 3859 dicimus:
2331 3803 2387 3858 id
2424 3802 2646 3860 interim
2687 3801 2834 3872 quod
2870 3809 3064 3871 suapte
3106 3807 3305 3854 natura
3341 3807 3484 3864 erat,
3511 3814 3624 3852 non

2025 3896 2316 3968 abjiciens,
2350 3895 2446 3951 sed
2486 3895 2593 3950 hoc
2627 3894 2809 3964 ipsum
2838 3894 2985 3963 quod
3013 3904 3150 3958 erat,
3184 3892 3289 3947 hoc
3321 3900 3426 3956 est,
3455 3907 3623 3945 verus

2027 3987 2405 4056 naturalisque
2447 3986 2613 4050 Deus,
2641 3985 2772 4040 licet
2817 3999 3040 4039 carnem
3076 3994 3134 4040 et
3167 3983 3492 4053 sanguinem
3531 3997 3620 4036 as—

2026 4080 2382 4150 sumpsisset,
2426 4087 2744 4134 constanter
2780 4091 3028 4132 manens.
3067 4076 3256 4145 Neque
3305 4089 3528 4128 carnem
3565 4073 3622 4127 in

2025 4171 2334 4228 divinitatis
2377 4179 2634 4224 naturam
2717 4182 2953 4232 versam,
3004 4182 3106 4221 nec
3154 4173 3346 4220 contra
3398 4180 3621 4219 rursum

2027 4263 2367 4319 iuetl‘abilem
2415 4261 2566 4316 illam
2612 4269 2870 4330 naturam
2919 4259 2976 4312 in
3023 4257 3208 4311 carnis
3253 4255 3620 4312 substantlam

2026 4361 2447 4408 transmutatam
2505 4351 2838 4414 asserimus;
2889 4357 2975 4402 est
3020 4347 3167 4401 enim
3223 4345 3617 4410 immutabilis,

2024 4445 2274 4513 nullique
2301 4442 2620 4499 .alterationi
2649 4440 2943 4505 obnoxius,
2974 4454 3192 4508 semper
3228 4437 3396 4501 idem,
3421 4436 3619 4506 suique

2023 4537 2244 4603 similis,
2273 4547 2334 4592 ut
2365 4536 2631 4606 scriptum
2667 4543 2773 4598 est,
2804 4548 3052 4588 manens.
3087 4531 3305 4586 Etenim
3343 4545 3468 4585 cum
3505 4531 3618 4600 jam

295 4641 444 4696 κατὰ
463 4641 574 4703 τὰς
610 4640 862 4711 Γραφάς.
898 4641 1207 4713 Ὀρώμενος
1236 4643 1292 4695 δὲ
1315 4643 1412 4696 καὶ
1437 4642 1636 4712 βρέφος
1663 4643 1722 4694 ὲν
1743 4657 1920 4712 σπαρ-

2031 4629 2261 4684 visibilis
2297 4628 2476 4686 factus
2496 4636 2662 4691 esset,
2690 4625 3076 4694 infantumque
3119 4638 3273 4678 more
3306 4621 3492 4676 fasciis
3515 4621 3615 4676 ad—

295 4734 492 4801 γάνοις
519 4732 709 4802 μένων
737 4731 755 4770 ι
779 4732 883 4798 ἔτι,
901 4734 995 4787 καὶ
1013 4737 1072 4787 ὲν
1096 4735 1321 4799 κόλποις
1338 4734 1448 4804 τῆς
1473 4733 1742 4804 τεκούσης
1766 4734 1917 4803 Παρ-

293 4827 484 4891 θένου,
512 4827 706 4878 πᾶσαν
739 4825 983 4896 ἐπλήρου
1006 4827 1107 4896 τὴν
1133 4829 1333 4892 κτίσιν,
1366 4829 1442 4891 ὡς
1471 4827 1622 4888 Θεὸς,
1655 4826 1751 4880 καὶ
1787 4826 1916 4879 σύν-

290 4920 454 4990 εδρος
497 4913 574 4988 ἦν
617 4916 700 4987 τῷ
727 4918 1107 4986 γεγεννηκότι.
1146 4919 1221 4972 Τὸ
1263 4917 1372 4989 γὰρ
1419 4917 1582 4978 θεῖον,
1613 4916 1820 4970 ἀποσόν
1855 4915 1917 4968 τέ

290 5013 415 5064 ἐστι
451 5009 558 5064 καὶ
588 5008 890 5078 άμέγεθες,
924 5009 1021 5062 καὶ
1051 5009 1412 5082 περιορισμὸν
1434 5008 1534 5062 οὐκ
1562 5008 1838 5076 ἀνέχεται.
1923 5050 1932 5056 .

378 5185 669 5240 Ἠνῶσθαί
693 5201 758 5252 γε
786 5179 892 5254 μὴν
921 5185 1089 5254 σαρκὶ
1114 5184 1236 5238 καθ’
1265 5184 1562 5237 ὑπόστασιν
1588 5181 1916 5253 ὁμολογοῦν-

291 5297 383 5343 τες
411 5280 511 5332 τὸν
551 5279 754 5345 Λόγον,
796 5279 893 5330 ἕνα
953 5279 1375 5348 προσκυνοῦμεν
1409 5278 1538 5330 Υῑὸν
1571 5276 1666 5328 καὶ
1694 5275 1914 5344 Κύριον

303 5372 526 5440 Ἰησοῦν
570 5370 835 5441 Χριστὸν,
869 5371 994 5424 οὔτε
1024 5373 1127 5426 ἀνὰ
1172 5372 1337 5444 μέρος
1399 5369 1641 5431 τιθέντες
1689 5369 1786 5422 καὶ
1835 5367 1915 5421 δι-

286 5461 582 5532 ορίζοντες
619 5459 912 5529 ἄνθρωπον
941 5459 1036 5514 καὶ⁵
1069 5460 1242 5528 Θεὸν,
1292 5457 1416 5512 οὗτε
1459 5464 1496 5485 ’³
1537 5453 1917 5524 συνημμένους

361 5626 410 5657 ’⁸
435 5623 692 5694 Philipp.
734 5638 795 5686 ιι,
821 5622 876 5674 7.

2024 4725 2134 4778 huc
2153 4722 2548 4784 involveretur,
2569 4736 2633 4775 ac
2653 4719 2711 4774 in
2728 4718 2967 4790 Virginis
2988 4719 3179 4772 matris
3195 4716 3408 4787 gremio
3425 4716 3617 4769 etiam-

2021 4831 2155 4871 num
2174 4814 2474 4875 foveretur,
2494 4827 2713 4867 omnem
2733 4811 2996 4881 implebat
3017 4821 3353 4874 creaturam,
3371 4819 3434 4863 ut
3450 4811 3617 4873 Deus,

2021 4908 2252 4978 parique
2299 4921 2425 4960 cum
2465 4905 2625 4958 Patre
2674 4913 2944 4973 potestate
2997 4903 3280 4972 regnabat.
3329 4899 3615 4970 Siquidem

2020 4996 2283 5052 divinitas
2317 4994 2642 5063 quantitatis
2679 5002 2736 5047 et
2780 4993 2941 5048 molis
2979 5009 3182 5063 expers
3215 4999 3321 5054 est,
3351 5005 3452 5045 nec
3489 4989 3615 5042 ullis

2021 5087 2292 5143 limitibus
2329 5084 2828 5142 circumscribitur.

2091 5179 2352 5245 Quamvis
2367 5185 2550 5231 autem
2570 5176 2812 5230 Verbum
2837 5173 2990 5230 carui
3014 5171 3316 5228 secundum
3346 5169 3612 5238 hyposta-

2021 5271 2126 5325 sim
2159 5269 2377 5324 unitum
2414 5268 2713 5330 fateamur,
2757 5279 2928 5318 unum
2965 5271 3145 5316 tamen
3185 5260 3383 5314 Filium
3413 5274 3478 5312 ac
3502 5259 3610 5312 Do—

2023 5362 2234 5416 minum
2275 5361 2463 5415 les-um
2507 5357 2790 5413 Christum
2837 5355 3165 5417 adoramus;
3213 5367 3394 5421 neque
3438 5350 3608 5405 Deum

2020 5462 2076 5508 et
2100 5452 2380 5506 hominem
2401 5463 2673 5512 secamus,
2698 5454 2790 5501 aut
2815 5447 2870 5499 in
2896 5454 3082 5516 partes
3099 5443 3434 5508 divellimus,
3453 5439 3607 5511 quasi

1387 5701 1566 5757 Varias
1591 5697 1858 5754 lectiones
1885 5694 2094 5750 codicis
2125 5694 2489 5764 Seguieriani.

372 5846 385 5882 i
430 5834 506 5890 δι’
547 5827 612 5889 οὗ
641 5830 868 5901 ἐποίησε
913 5825 1041 5886 τοῦς
1069 5821 1291 5887 αὶῶνας.
1374 5831 1386 5869 1
1434 5816 1857 5889 μετενεχθεῖναι.
1937 5815 1960 5853 ιι
2003 5813 2201 5884 μένων.
2288 5811 2302 5850 ¹
2339 5812 2436 5884 μὲν
2471 5811 2569 5867 ὧν.
2643 5821 2678 5848 ιιι
2716 5812 2812 5874 ὼς.
