4058 6480
480 365 599 425 ‘Ili

1530 358 1588 416 S.
1626 356 1905 415 CYRILLI
1944 356 2416 417 ALEXANDRINI
2454 360 2777 418 ARCHIEP.

3677 365 3785 423 “2

495 482 777 559 dignitatis
824 487 1038 538 tantum
1083 484 1141 534 et
1190 476 1539 534 auctoritatis
1584 475 2075 532 communicatione

2190 478 2392 549 μᾶλλον
2424 479 2676 551 ἀλλήλοις
2713 481 2778 552 τῆ
2807 479 2903 545 τῆς
2933 478 3091 547 ἀξίας
3119 478 3215 534 καὶ
3247 478 3538 545 αὒθεντίας
3571 479 3785 551 ἑνότητι

496 577 641 632 inter
663 590 725 632 se
761 573 1152 629 consocientur
1183 570 1311 641 (hoc
1344 568 1497 626 enim
1535 568 1741 633 dicere,
1765 567 1903 621 nihil
1934 567 2084 621 aliud

490 681 577 726 est
597 683 763 739 quam
788 666 1010 722 inanem
1032 663 1330 737 quamdam
1352 675 1555 718 vocum
1578 660 1876 715 novitatem
1903 659 2086 729 inepte

489 755 893 832 profundere);
938 771 1122 829 neque
1163 755 1306 812 duos
1351 751 1743 811 constituimus
1794 749 2076 806 Christus:

487 856 724 912 alterum
769 869 872 926 per
917 868 979 910 se
1024 868 1091 908 ac
1138 863 1389 907 seorsum
1439 846 1536 903 Dei
1577 845 1755 902 Patris
1806 843 2080 909 Verbum,

486 948 724 1003 alterum
749 946 905 1003 illum
930 959 1121 1001 rursus
1141 956 1413 1003 seorsum,
1435 939 1530 1010 qui
1564 953 1633 993 ex
1651 935 1886 991 muliere
1923 944 2087 990 natus

484 1048 603 1108 est;
631 1040 730 1097 sed
757 1054 932 1096 unum
968 1037 1237 1094 duntaxat
1267 1033 1551 1090 Christum
1592 1031 1961 1103 agnoscimus,
1985 1026 2082 1082 Dei

477 1131 751 1188 -videlicet
776 1130 956 1187 Patris
974 1128 1215 1185 Verbum
1245 1140 1371 1180 cum
1395 1139 1583 1190 carne,
1612 1139 1779 1194 quam
1800 1121 2085 1194 propriam

485 1224 593 1281 sibi
632 1224 848 1280 ascivit.
887 1221 1046 1278 Tunc
1077 1231 1140 1275 ut
1170 1219 1361 1281 homo,
1393 1216 1685 1272 nobiseum
1741 1223 1942 1271 unctus
1978 1219 2083 1277 est,

483 1332 612 1372 cum
644 1324 826 1371 tamen
868 1314 986 1384 ipse
1022 1312 1096 1368 sit
1125 1311 1222 1382 qui
1254 1309 1525 1382 Spiritum
1550 1308 1648 1364 dat
1672 1323 1782 1364 non
1821 1304 2084 1377 indignis,

482 1409 666 1480 idque
690 1424 806 1463 non
861 1407 931 1462 ad
984 1419 1325 1470 mensuram,
1378 1412 1439 1458 ut
1496 1402 1696 1457 beatus
1750 1396 2087 1470 evangelista

472 1502 731 1558 Joannes
784 1509 1027 1555 testatur
1062 1500 1130 1554 δ’.
1203 1496 1313 1555 Sed
1353 1509 1535 1567 neque
1592 1493 1693 1550 Dei
1755 1492 1995 1548 Verbum
2028 1490 2087 1545 in

484 1608 656 1648 sacrae
703 1590 946 1662 Virginis
994 1589 1136 1658 lilio,
1183 1586 1357 1645 veluti
1412 1587 1469 1642 in
1517 1583 1799 1643 communi
1846 1581 2087 1654 quodam

483 1685 708 1742 homine
768 1683 1107 1741 inhabitasse
1162 1683 1430 1744 dicimus,
1460 1695 1543 1749 ,ne
1596 1676 1854 1735 Christus
1906 1671 2089 1729 Deifer

482 1779 651 1834 homo
697 1792 822 1833 esse
867 1774 1224 1847 intelligatur.
1264 1773 1402 1830 Nam
1444 1771 1577 1827 licet
1600 1767 1845 1829 Verbum
1888 1766 1943 1821 in
1981 1780 2086 1820 no-

480 1869 570 1925 bis
595 1867 861 1924 habitarit
880 1867 945 1932 ’⁶³,
972 1845 1306 1935 omnemque
1331 1862 1642 1919 divinitatis
1676 1857 2081 1931 plenitudinem
2111 1845 2155 1901 Β

476 1960 846 2032 corporaliter
869 1959 925 2014 in
946 1957 1172 2013 Christo
1208 1954 1520 2012 inhabitare
1550 1951 1778 2008 Litteris
1795 1949 2078 2021 proditum

479 2054 555 2111 sit
572 2053 643 2118 “,
672 2059 914 2108 attamen
938 2066 1049 2106 non
1080 2049 1155 2105 ita
1176 2049 1233 2103 in
1257 2047 1353 2103 illo
1385 2044 1674 2110 habitavit,
1702 2051 1764 2099 ut
1784 2043 1838 2098 in
1874 2040 2080 2097 sanctis

480 2146 797 2204 inhabitare
826 2144 1051 2200 dici-tur.
1077 2140 1358 2197 Habitavit
1384 2140 1536 2196 enim
1570 2135 1880 2194 secundum
1913 2143 2076 2189 natu-

478 2252 600 2294 rus
630 2235 869 2302 unitum,
898 2249 1009 2290 non
1045 2232 1101 2288 in
1130 2246 1354 2288 carnem
1389 2238 1683 2295 mutatum,
1721 2228 1815 2283 tali
1855 2225 2078 2282 inhabi-

479 2329 711 2395 tatione,
743 2327 968 2400 qualem
995 2325 1105 2381 dici
1130 2333 1311 2396 potest
1335 2321 1577 2380 hominis
1599 2321 1782 2377 anima
1813 2333 1941 2391 erga
1970 2319 2077 2374 sibi

477 2419 768 2492 proprium
793 2433 1000 2491 corpus
1026 2415 1256 2474 habere.

548 2530 654 2602 71
696 2530 853 2589 Unus
877 2530 1068 2601 itaque
1090 2538 1179 2586 est
1203 2527 1467 2585 Christus
1511 2535 1571 2585 et
1599 2525 1777 2583 Filius
1799 2533 1858 2581 et
1884 2525 2074 2581 Domi-

476 2636 586 2678 nus
601 2621 673 2686 “,
691 2636 803 2677 non
822 2620 897 2676 ita
916 2619 1075 2690 quasi
1093 2619 1264 2675 homo
1278 2630 1402 2675 eam
1429 2624 1647 2672 tantum
1663 2631 1792 2673 cum
1810 2616 1924 2690 Deo
1946 2631 2079 2672 con-

470 2711 819 2784 junctionem
839 2688 1074 2766 sortitus
1091 2709 1186 2774 sit,
1208 2723 1334 2780 qua:
1348 2708 1404 2763 in
1425 2707 1541 2762 sola
1559 2688 1956 2778 dignitatisxvel
1982 2722 2079 2762 au-

475 2803 755 2859 ctoritatis
777 2802 989 2859 unitate
1012 2801 1191 2872 positu
1209 2800 1300 2857 sit.
1334 2801 1456 2856 Non
1473 2800 1622 2855 enim
1646 2799 1876 2856 honoris
1893 2815 2079 2872 aequa-

412 2908 418 2915 '
473 2896 604 2952 litas
642 2901 871 2951 naturas
908 2893 1032 2949 unit
1061 2912 1075 2947 :
1107 2892 1312 2970 alioqui
1360 2892 1561 2948 Petrus
1595 2899 1653 2946 et
1670 2890 1935 2957 Joannes,
1978 2891 2075 2963 qui

478 2985 632 3058 paris
659 2984 945 3057 dignitatis
961 2983 1295 3040 exstiterunt
1311 2994 1589 3055 quatenus
1603 2983 1820 3039 scilicet
1838 2984 2075 3054 apostoli

413 3100 417 3104 ί
473 3092 540 3133 ac
585 3076 764 3134 sancti
790 3077 1075 3157 discipuli,
1096 3091 1206 3131 non
1238 3090 1384 3132 unus
1407 3084 1615 3143 essent,
1654 3074 1752 3133 sed
1779 3075 1890 3132 duo
1928 3093 1943 3131 :
1974 3091 2077 3133 nec

473 3184 699 3226 rursum
721 3168 1071 3241 appositione
1097 3168 1303 3224 factum
1337 3168 1699 3241 intelligimus
1721 3168 2073 3240 conjunctio-

474 3262 566 3320 nis
607 3262 869 3330 modum;
903 3276 968 3317 ea
1005 3261 1156 3317 enim
1194 3261 1262 3316 ad
1300 3261 1610 3316 naturalem
1640 3261 1902 3317 unionem
1944 3275 2076 3317 con-

472 3341 811 3408 stituendam
853 3360 940 3407 sat
979 3365 1106 3407 esse
1156 3351 1386 3422 nequit;
1419 3365 1603 3422 neque
1633 3346 1942 3408 secundum
1989 3351 2074 3408 af-

465 3443 766 3500 fectualem
788 3441 1372 3509 communicationem,
1401 3443 1683 3514 quomodo
1713 3459 1818 3500 nos
1838 3444 2074 3501 Domino

462 3537 847 3604 coharemus,
898 3551 1177 3607 unusque,
1211 3544 1275 3591 ut
1323 3535 1590 3606 scriptum
1629 3536 1796 3601 est“,
1825 3551 1950 3592 cum
2002 3552 2074 3593 eo

460 3629 703 3700 spiritus
739 3626 1045 3693 eﬂicimur;
1083 3627 1198 3682 imo
1219 3640 1352 3682 vero
1394 3628 1802 3699 conjunctionis
1824 3629 2071 3685 vocabu-

459 3722 609 3783 ‘lum,
638 3728 901 3791 tanquam
938 3720 1007 3774 ad
1038 3719 1300 3775 unionem
1342 3719 1488 3776 hanc
1515 3720 1932 3793 exprimendam
1963 3720 2070 3776 mi-

461 3825 579 3866 nus
625 3809 911 3875 idoneum,
949 3808 1329 3880 repudiamus.
1398 3809 1508 3866 Sed
1555 3825 1737 3882 neque
1770 3811 1867 3867 Dei
1892 3810 2071 3867 Patris

462 3902 740 3967 Verbum,
768 3901 985 3959 Christi
1028 3902 1202 3957 Deum
1230 3911 1327 3959 aut
1357 3902 1652 3959 Dominum
1680 3905 2065 3972 nominamus;

460 4010 541 4052 "ne
565 4011 738 4051 unum
788 4010 985 4051 rursus
1015 3994 1300 4052 Christum
1326 4005 1383 4053 et
1422 3996 1626 4053 Filium
1668 4006 1727 4053 et
1771 3998 2066 4053 Dominum

458 4087 528 4142 in
556 4087 700 4143 duos
741 4095 932 4158 aperte
980 4087 1328 4154 divellentes,
1376 4091 1431 4145 in
1465 4089 1822 4161 blasphemiae
1855 4088 2065 4144 crimen

458 4187 687 4257 ‘(utpote
733 4180 909 4238 Deum
950 4181 1133 4253 ipsum
1187 4183 1275 4239 sui
1321 4181 1498 4254 ipsius
1534 4181 1825 4237 dominum
1861 4179 2070 4237 consti-

464 4272 727 4345 tuentes)
781 4271 1111 4330 incidamus.
1169 4274 1417 4333 Verbum
1458 4273 1607 4329 enim
1648 4272 1781 4336 Dei,
1816 4280 1881 4327 ut
1922 4286 2067 4343 saepe

460 4366 576 4440 iam
589 4365 1015 4433 admonuimus,
1055 4366 1210 4423 carni
1236 4365 1546 4424 secundum
1580 4363 1917 4436 hypostasim
1944 4364 2066 4421 uni-

470 4466 612 4521 tum,
637 4463 694 4510 et
713 4455 863 4511 Deus
881 4464 987 4524 est,
1012 4463 1072 4512 et
1099 4464 1485 4512 creaturarum
1510 4454 1756 4511 omnium
1776 4454 2061 4523 Dominus;

2180 572 2549 642 (καινοφωνία
2612 573 2720 645 γὰρ
2772 572 2962 636 τοῦτο,
3024 574 3118 628 καὶ
3166 573 3354 646 ἕτερον
3393 573 3607 645 οὐδὲν),
3657 573 3786 629 οὔτε

2194 665 2303 735 μὴν
2335 666 2570 737 Χριστὸν
2608 664 2790 730 ἰδικῶς
2821 666 3182 735 ὀνομάζοντες
3209 666 3302 720 τὸν
3331 666 3397 721 ὲκ
3425 664 3561 720 Θεοῦ
3585 666 3784 736 Λόγον,

2192 758 2288 812 καὶ
2312 759 2513 828 ὁμοίως
2556 757 2740 821 ίδικὼς
2773 757 3008 829 Χριστὸν
3034 757 3244 830 ἕτερον,
3274 759 3367 813 τὸν
3395 760 3459 813 ὲκ
3490 760 3750 829 γυναικός
3769 776 3784 791 ⁸

2188 847 2308 902 ἀλλ’
2333 847 2432 902 ἕνα
2466 848 2630 920 μόνον
2664 849 2868 911 εἰδότες
2907 848 3165 922 Χριστὸν,
3192 850 3286 904 τὸν
3313 851 3379 904 ὲκ
3404 849 3541 904 Θεοῦ
3571 851 3789 922 Πατρὸς

2188 939 2365 1009 Λόγον
2394 941 2534 1012 μετὰ
2560 941 2658 1013 τῆς
2694 942 2829 1005 ἰδίας
2861 943 3084 1012 σαρκός.
3128 943 3263 996 Τότε
3292 942 3403 1014 γὰρ
3429 941 3790 1012 ἀνθρωπίνως

2188 1033 2474 1104 κέχρισται
2511 1035 2630 1105 μεθ’
2666 1035 2848 1106 ἡμῶν,
2900 1035 3077 1089 καίτοι
3124 1037 3239 1100 τοῖς
3268 1034 3442 1101 ἀξίοις
3478 1034 3575 1088 τοῦ
3601 1034 3791 1090 λαϐεῖν

2188 1123 2249 1178 τὸ
2293 1125 2521 1196 Πνεῦμα
2554 1126 2731 1190 διδοὺς
2770 1128 2970 1195 αὐτὸς,
3001 1128 3092 1182 καὶ
3122 1128 3225 1182 οὐκ
3253 1127 3319 1180 ὲκ
3369 1127 3792 1200 μέτρου,νκαθά

2189 1234 2356 1288 φησιν
2380 1217 2409 1270 ὁ
2440 1217 2712 1292 μακάριος
2740 1220 3140 1289 εὐαγγελιστὴς
3182 1220 3459 1291 Ἰωάννης.
3502 1219 3644 1275 Ἀλλ’
3673 1219 3791 1273 οὐδ’

2187 1313 2365 1368 ὲκείνό
2399 1330 2603 1385 φαμεν,
2631 1315 2714 1369 ὅτι
2737 1312 3058 1384 κατῴκησεν
3079 1315 3108 1367 ὁ
3131 1314 3195 1367 ὲκ
3224 1311 3360 1367 Θεοῦ
3394 1312 3591 1382 Λόγος,
3621 1312 3696 1376 ὼς
3724 1313 3789 1365 ὲν

2188 1404 2463 1478 ἀνθρώπῳ
2483 1406 2668 1478 κοινῷ,
2694 1405 2774 1477 τῷ
2801 1408 2867 1460 ὲκ
2888 1406 2987 1477 τῆς
3016 1406 3179 1474 ἁγίας
3209 1403 3487 1477 Παρθένου
3514 1422 3786 1476 γεγεννη-

2190 1498 2357 1569 μένῳ·
2391 1499 2481 1553 Eva.
2510 1498 2586 1571 μὴ
2615 1499 2876 1571 θεοφόρος
2899 1498 3188 1570 ἄνθρωπος
3217 1498 3392 1552 νοοῖτο
3421 1497 3679 1569 Χριστός.
3715 1499 3788 1552 El.

2186 1590 2296 1661 γὰρ
2325 1591 2422 1644 καὶ
2445 1589 2758 1662 ἐσκήνωσεν
2794 1591 2853 1645 ὲν
2880 1592 3013 1662 ἡμῖν
3038 1590 3068 1643 ὁ
3104 1587 3302 1657 Λόγος,
3334 1590 3554 1661 εῐρηται
3594 1589 3653 1642 δὲ
3686 1588 3790 1643 καὶ

2187 1684 2245 1737 ὲν
2270 1681 2495 1755 Χριστῷ
2519 1681 2850 1753 κατοικῆσαι
2871 1682 2981 1737 πᾶν
3004 1681 3068 1735 τὸ
3095 1680 3369 1753 πλήρωμα
3398 1681 3496 1753 τῆς
3526 1679 3787 1751 θεότητος

2189 1774 2540 1846 σωματικῶς⁸
2573 1774 2689 1828 ἀλλ’
2713 1771 2807 1830 οὖν
2828 1764 3143 1847 ὲννὸοῦμεν,
3172 1775 3255 1829 ὃτι
3289 1774 3583 1845 γενόμενος
3615 1772 3783 1845 σὰρξ,

2181 1868 2281 1938 οὐχ
2317 1866 2510 1939 ὥσπερ
2539 1868 2605 1923 ἐν
2628 1868 2743 1932 τοῖς
2768 1866 2950 1936 ἁγίοις
2975 1867 3309 1937 κατοικῆσαι
3346 1865 3593 1936 λέγεται,
3633 1867 3786 1921 κατά

2180 1957 2274 2012 τὸν
2322 1957 2437 2012 ίσον
2466 1957 2563 2012 καὶ
2600 1957 2659 2013 ὲν
2698 1956 2850 2028 αὐτῷ
2882 1958 3086 2030 τρόπον
3129 1957 3385 2027 γενέσθαι
3428 1955 3787 2028 διοριζόμεθα

2180 2048 2279 2121 τὴν
2309 2048 2653 2122 κατοίκησιν.
2703 2048 2847 2127 Ἀλλ’
2891 2048 3117 2114 ἑνωθεὶς
3159 2047 3305 2103 κατὰ
3333 2047 3519 2119 φύσιν,
3547 2049 3643 2103 καὶ
3675 2048 3785 2102 οὐκ

2180 2141 2261 2207 είς
2292 2140 2474 2214 σάρκα
2490 2139 2745 2213 τραπεὶς,
2776 2139 3035 2212 τοιαύτην
3066 2141 3365 2212 ἐποιήσατο
3385 2138 3485 2213 τὴν
3515 2138 3785 2211 κατοίκη-

2182 2249 2290 2301 σιν,
2321 2233 2390 2305 ἠν
2427 2231 2494 2287 ἂν
2524 2231 2672 2305 ἔχειν
2710 2232 2926 2303 λέγοιτο
2964 2233 3063 2288 καὶ
3090 2235 3128 2307 ἠ
3155 2231 3255 2290 τοῦ
3299 2231 3590 2305 ἀνθρώπου
3629 2231 3781 2305 ψυχὴ

2181 2327 2319 2398 πρὸς
2339 2326 2400 2381 τὸ
2421 2325 2550 2381 ἴδιον
2574 2327 2777 2398 ἑαυτῆς
2808 2326 2987 2399 σῶμα.
3108 2361 3193 2401 λη

2255 2516 2353 2586 Εἷς
2378 2516 2473 2577 οῦν
2501 2523 2612 2595 ἄρα
2635 2523 2875 2597 Χριστὸς
2900 2525 2997 2580 καὶ
3027 2525 3154 2591 Υἱὸς
3190 2526 3288 2581 καὶ
3314 2528 3541 2600 Κύριος,
3574 2528 3674 2600 οὐχ
3696 2528 3783 2594 ὡς

2180 2614 2480 2685 συνάφειαν
2521 2616 2713 2682 ἁπλῶς
2750 2618 2853 2689 τὴν
2883 2618 2962 2684 ὡς
3000 2619 3156 2687 Θεὸν,
3202 2620 3417 2692 ὲνότητι
3456 2621 3560 2693 τῆς
3591 2621 3778 2688 ἀξίας,

2177 2708 2346 2779 ἤγουν
2378 2707 2694 2776 αὐθεντίας,
2739 2709 2957 2782 ἔχοντος
3004 2711 3298 2784 ἀνθρώπου
3344 2713 3483 2784 πρὸς
3510 2713 3666 2769 Θεόν.
3696 2715 3781 2770 Οὐ

2177 2799 2290 2870 γὰρ
2319 2799 2433 2853 ἑνοῖ
2459 2798 2560 2863 τὰς
2583 2798 2780 2870 φύσεις
2806 2803 2841 2872 ή
2883 2801 3125 2872 ἰσοτιμία
3145 2818 3160 2833 ⁸
3191 2802 3287 2857 καὶ
3312 2803 3448 2871 γοῦν
3473 2804 3683 2878 Πέτρος
3711 2823 3779 2860 τε

2178 2890 2274 2943 καὶ
2325 2890 2603 2961 Ἰωάννης,
2641 2892 2877 2963 ἰσότιμοι
2908 2894 3010 2963 μὲν
3037 2894 3309 2966 ἀλληλοις,
3346 2895 3485 2951 καθὸ
3511 2898 3608 2951 καὶ
3635 2898 3779 2953 ἀπό-

2177 2981 2358 3035 στολοι
2384 2980 2480 3035 καὶ
2500 2981 2651 3052 ἅγιοι
2677 2981 2955 3055 μαθηταί·
2993 2982 3139 3055 πλὴν
3161 2985 3264 3055 οὐχ
3292 2980 3376 3050 εἷς
3404 2986 3457 3055 οἱ
3485 2985 3600 3042 δύο.
3631 2986 3779 3043 Οὔτε

2180 3075 2288 3144 μὴν
2341 3074 2485 3129 κατὰ
2531 3054 2836 3146 παράθεσιν
2886 3074 2981 3131 τὸν
3040 3076 3145 3148 τῆς
3197 3054 3499 3148 συναφείας
3540 3078 3780 3150 νοοῦμεν

2176 3166 2382 3237 τρόπον
2402 3182 2415 3195 ·
2443 3166 2545 3220 οὐκ
2564 3166 2784 3239 ἀπόχρη
2809 3166 2919 3238 γὰρ
2933 3167 3094 3221 τοῦτο
3117 3167 3256 3240 πρὸς
3271 3168 3467 3227 ἕνωσιν
3495 3173 3736 3242 φυσικήν
3755 3188 3774 3203 ·

2177 3256 2302 3312 οὔτε
2338 3259 2450 3330 μὴν
2478 3259 2555 3324 ὼς
2582 3258 2726 3313 κατὰ
2766 3259 2990 3331 μέθεξιν
3040 3261 3323 3335 σχετικὴν,
3369 3262 3446 3328 ὡς
3486 3265 3582 3320 καὶ
3608 3267 3777 3337 ἡμεῖς

2177 3352 2516 3425 κολλώμενοι
2564 3353 2644 3426 τῷ
2676 3355 2893 3428 Κυρίῳ,
2950 3355 3094 3411 κατὰ
3132 3357 3195 3411 τὸ
3247 3359 3653 3432 γεγραμμένον,
3710 3360 3774 3415 ἓν

2176 3444 2402 3517 πνεῦμά
2423 3446 2594 3518 ἔσμεν
2614 3446 2754 3519 πρὸς
2772 3448 2936 3503 αὐτόν
2956 3464 2971 3481 ’
2998 3442 3200 3520 μᾶλλον
3214 3449 3273 3504 δὲ
3283 3449 3457 3523 τὸτῆς
3473 3453 3776 3523 συναφείας

2173 3536 2347 3609 ὄνομα
2379 3538 2824 3611 παραιτούμεθα,
2849 3539 2927 3603 ὡς
2970 3540 3073 3593 οὐκ
3118 3538 3244 3611 ἔχον
3289 3541 3490 3607 ἱκανῶς
3523 3543 3773 3615 σημῆναι

2172 3629 2273 3703 τὴν
2301 3630 2520 3686 ἕνωσιν.
2556 3630 2697 3685 Ἀλλ’
2714 3632 2839 3687 οὐδὲ
2868 3631 3002 3687 Θεὸν
3028 3632 3062 3704 ἢ
3106 3634 3388 3708 Δεσπότην
3408 3635 3505 3690 τοῦ
3524 3636 3772 3709 Χριστοῦ

2172 3719 2265 3774 τὸν
2299 3720 2367 3774 ἐκ
2398 3720 2536 3774 Θεοῦ
2570 3721 2786 3794 [ἰατρὸς
2814 3721 2993 3791 Λόγον
3018 3723 3363 3796 ὀνομάζομεν
3382 3740 3398 3756 °
3436 3726 3525 3782 ἵνα
3555 3727 3633 3800 μὴ
3660 3729 3774 3784 πά-

2172 3811 2256 3866 λιν
2301 3812 2609 3883 ἀναφανδὸν
2640 3814 2932 3887 τέμνωμεν
2973 3816 3056 3880 είς
3085 3815 3181 3870 δύο
3233 3816 3326 3873 τὸν
3359 3817 3458 3872 ἕνα
3504 3820 3771 3892 Χριστὸν,

2171 3902 2266 3956 τὸν
2303 3902 2430 3958 my
2461 3906 2557 3958 καὶ
2586 3904 2820 3977 Κύριον,
2843 3907 2941 3961 καὶ
2974 3906 3293 3979 δυσφημίας
3316 3910 3625 3983 ἐγκλήματι
3660 3924 3774 3968 πε-

2176 3994 2511 4066 ριπέσωμεν,
2571 3996 2706 4052 Θεὸν
2757 3996 2957 4052 ἑαυτοῦ
3010 4000 3108 4054 καὶ
3153 4000 3425 4072 δεσπότην
3479 4002 3778 4072 ποιοῦντας

2168 4087 2356 4143 αὐτόν.
2405 4087 2662 4155 Ἐνωθεὶς
2699 4091 2839 4161 γὰρ,
2892 4090 2970 4156 ὡς
3016 4091 3119 4165 ἤδη
3175 4092 3536 4166 προείπομεν,
3583 4097 3613 4150 ὁ
3663 4098 3775 4153 τοῦ

2169 4178 2309 4234 Θεοῦ
2361 4181 2537 4251 Λόγος
2591 4185 2757 4255 σαρκὶ⁵
2804 4184 2930 4239 καθ’
2979 4185 3305 4256 ὑπόστασιν,
3337 4187 3472 4252 Θεὸς
3505 4188 3607 4260 μέν
3640 4190 3772 4247 ἐστι

2168 4270 2280 4326 τῶν
2326 4271 2489 4337 ὅλων,
2535 4272 2790 4340 δεσπόξει
2817 4275 2876 4331 δὲ
2906 4275 3002 4331 τοῦ
3051 4277 3286 4342 παντός’
3315 4277 3443 4333 οὔτε
3490 4279 3550 4334 δὲ
3596 4280 3775 4347 αὐτὸς

2168 4362 2367 4419 ἑαυτοῦ
2415 4364 2605 4432 δοῦλός
2651 4368 2826 4435 ἐστιν,
2864 4368 2993 4424 οὔτε
3036 4370 3329 4444 δεσπότης.
3371 4371 3585 4446 Εύηθες
3624 4375 3767 4449 γὰρ,

2172 4457 2378 4529 μᾶλλον
2414 4459 2474 4514 δὲ
2522 4460 2626 4533 ήδη
2677 4461 2777 4516 καὶ
2814 4461 3098 4529 δυσσεϐὲς,
3143 4464 3206 4519 τὸ
3232 4464 3379 4520 οὕτω
3409 4468 3630 4537 φρονεῖν
3662 4469 3769 4522 καὶ

464 4545 555 4601 sui
587 4554 771 4600 autem
825 4545 1003 4617 ipsius
1048 4561 1233 4618 neque
1273 4545 1572 4615 dominus,
1628 4561 1812 4619 neque
1860 4562 2060 4604 servus

2178 4551 2373 4621 λέγειν.
2411 4553 2559 4624 Ἔφη
2590 4553 2691 4624 μὲν
2705 4554 2817 4626 γὰρ
2839 4554 2975 4610 Θεὸν
2999 4556 3197 4611 ἑαυτοῦ
3220 4556 3313 4611 τὸν
3335 4558 3555 4630 Πατέρα
3580 4558 3769 4613 καίτοι

465 4645 573 4693 est.
616 4636 698 4692 Ita
725 4637 874 4692 enim
904 4652 1106 4710 sapere
1165 4646 1263 4694 aut
1291 4635 1502 4703 dicere,
1544 4638 1685 4693 nihil
1719 4637 1871 4694 aliud
1908 4646 2063 4694 esset

461 4742 632 4799 quam
692 4727 867 4799 impie
917 4729 1193 4800 desipere.
1253 4728 1510 4801 Appellat
1562 4728 1788 4800 quidem
1837 4730 2057 4785 Patrem

463 4817 640 4873 Deum
668 4834 831 4875 suum
848 4820 919 4886 “,
948 4820 1077 4883 licet
1107 4821 1255 4876 Deus
1282 4831 1479 4877 natura
1511 4819 1605 4886 sit,
1647 4830 1706 4876 et
1729 4835 1798 4876 ex
1830 4829 2059 4891 paterna

464 4909 776 4966 substantia
796 4912 1065 4985 genitum.
1084 4912 1205 4967 Non
1226 4910 1544 4983 ignoramus
1569 4919 1773 4975 tamen,
1803 4925 1928 4967 cum
1952 4909 2061 4966 hoc

461 5001 586 5073 ipso
610 5003 760 5074 quod
802 5004 951 5060 Deus
976 5012 1083 5069 est,
1118 5004 1401 5059 hominem
1423 5018 1646 5074 quoque
1678 5001 1888 5058 factum
1906 5017 2057 5068 esse,

463 5094 816 5167 proindeque
846 5095 1154 5152 secundum
1193 5096 1371 5167 legem
1396 5095 1654 5151 humanae
1682 5105 1895 5151 naturae
1920 5110 2026 5151 con
2045 5125 2058 5136 -

461 5195 779 5254 gruentern,
808 5187 923 5243 Deo
947 5186 1263 5257 subjectum
1277 5200 1421 5242 esse.
1444 5185 1670 5242 interim
1695 5194 1756 5243 ut
1775 5187 1860 5243 sui
1884 5186 2058 5258 ipsius

461 5276 552 5333 vel
587 5277 754 5345 Deus,
778 5278 864 5334 vel
895 5276 1155 5333 dominus
1178 5277 1270 5342 sit,
1297 5276 1352 5332 id
1391 5275 1511 5332 ﬁeri
1544 5277 1695 5333 nulla
1720 5278 1935 5335 ratione
1960 5294 2058 5350 po-

466 5376 596 5427 test.
622 5370 694 5426 Ut
730 5369 900 5425 homo
933 5367 1124 5439 igitur,
1157 5378 1216 5425 et
1241 5367 1311 5423 ad
1339 5368 1734 5426 exinanitionis
1778 5370 2056 5427 conditio-

2163 4644 2300 4709 Θεὸς
2327 4645 2405 4700 ὣν
2436 4646 2623 4716 φύσει,
2660 4650 2756 4701 καὶ
2783 4650 2853 4702 ὲκ
2888 4650 2989 4720 τῆς
3024 4650 3214 4716 οὐσίας
3241 4650 3432 4706 αὑτοῦ.
3487 4651 3627 4705 Ἀλλ’
3655 4653 3768 4709 οὐκ

2165 4735 2521 4807 ἠγνοήκαμεν
2543 4738 2627 4791 ὅτι
2655 4737 2797 4809 μετὰ
2814 4738 2909 4794 τοῦ
2952 4743 3133 4811 μεῖναι
3159 4741 3312 4809 Θεὸς,
3343 4744 3440 4798 καὶ
3467 4742 3769 4816 ἄνθρωπος

2164 4825 2392 4894 γέγονεν
2423 4826 2530 4880 ὑπὸ
2576 4827 2719 4899 Θεῷ,
2750 4829 2895 4884 κατά
2936 4849 3001 4901 γε
3028 4832 3122 4886 τὸν
3166 4835 3449 4905 πρέποντα
3478 4835 3642 4907 νόμον
3682 4841 3763 4911 τῇ

2163 4915 2268 4986 τῆς
2301 4917 2725 4990 ἀνθρωπότητος
2759 4922 2941 4993 φύσει.
2993 4924 3165 4990 Αὐτὸς
3197 4926 3255 4980 δὲ
3282 4926 3479 4982 ἑαυτοῦ
3523 4929 3643 4993 πῶς
3683 4930 3764 4986 ἂν

2166 5008 2379 5077 γένοιτο
2407 5011 2542 5077 Θεὸς
2562 5013 2597 5085 ἢ
2624 5014 2924 5087 demetit-nc;
2949 5017 3181 5085 Οὐκοῦν,
3214 5019 3291 5084 ὡς
3327 5019 3632 5092 ἄνθρωπος,
3657 5025 3764 5079 καὶ

2164 5099 2289 5154 ὅσον
2312 5097 2448 5175 ἧκεν
2483 5104 2565 5170 είς
2586 5121 2652 5174 γε
2686 5104 2748 5160 τὸ
2790 5106 3001 5179 πρέπον
3020 5097 3145 5173 (τοῖς
3174 5108 3276 5180 τῆς
3321 5111 3605 5175 κενώσεως
3655 5114 3766 5183 μέ-

2162 5207 2332 5262 τροις,
2366 5196 2471 5250 ὑπὸ
2495 5196 2617 5269 Θεῷ
2647 5199 2767 5268 μεθ’
2796 5200 2954 5271 ἡμῶν
2980 5202 3175 5257 ἑαυτὸν
3202 5198 3344 5258 εἷναί
3376 5221 3564 5277 φησιν.
3590 5204 3759 5262 Οὕτω

2162 5282 2355 5353 γέγονε
2394 5288 2491 5342 καὶ
2537 5289 2644 5344 ὑπὸ
2684 5290 2849 5362 νόμον
2872 5331 2888 5357 ,
2938 5293 3115 5346 καίτοι
3168 5293 3407 5365 λαλήσας
3456 5296 3619 5361 αὐτὸς
3653 5297 3757 5354 τὸν

2161 5376 2347 5449 νόμον,
2379 5381 2475 5436 καὶ
2501 5383 2802 5457 νομοθέτης
2828 5385 3110 5458 ὑπάρχων,
3132 5387 3211 5453 ὡς
3232 5389 3386 5452 Θεός.

459 5478 589 5521 nem
615 5462 764 5534 quod
796 5469 1029 5553 spectat,
1053 5475 1210 5532 atque
1241 5474 1305 5517 ac
1328 5476 1431 5517 nos
1459 5461 1574 5518 Deo
1601 5477 1661 5518 se
1683 5461 1968 5519 subditum
1996 5463 2222 5525 fatetur.
2259 5470 2340 5527 Ad
2374 5473 2523 5531 hunc
2545 5491 2768 5547 quoque
2799 5478 3022 5533 modum
3058 5478 3164 5534 sub
3194 5479 3313 5552 lege
3336 5479 3515 5539 factus
3550 5490 3635 5540 est
3673 5484 3749 5553 ",

461 5555 702 5621 etiamsi,
736 5564 798 5610 ut
818 5554 986 5619 Deus,
1019 5552 1197 5625 legem
1225 5554 1342 5625 ipse
1362 5554 1553 5613 tulerit
1576 5570 1643 5611 ac
1669 5556 2056 5628 promulgarit.

535 5713 582 5787 ‘_‘
609 5711 786 5787 _Joan.
820 5730 901 5782 ιιι,
938 5714 1025 5770 54.
1098 5715 1145 5749 δ’
1176 5714 1333 5773 Joan.
1361 5731 1415 5786 ι,
1448 5717 1535 5775 14.
1615 5717 1663 5752 ⁸³
1686 5717 1899 5776 Coloss.
1930 5735 1967 5774 ιι
1987 5759 2002 5787 ,
2032 5718 2089 5776 9.

464 5783 507 5816 δ’
526 5781 707 5840 Galat.
729 5800 800 5853 tv,
827 5787 893 5842 ι.

2162 5717 2405 5777 “lCor.
2433 5736 2549 5789 VIII,
2582 5718 2637 5784 6.
2709 5724 2755 5759 “
2780 5724 2801 5781 l
2829 5723 2959 5782 Cor.
3001 5739 3076 5791 νι,
3108 5724 3195 5780 Π.
3270 5724 3317 5759 ⁸⁸
3340 5726 3495 5783 Joan.
3531 5745 3621 5795 xx,
3653 5734 3742 5788 17.
