4058 6462
357 397 462 452 113

1754 416 2089 474 EPISTULA
2130 419 2286 476 XVII.

3537 427 3560 480 l
3576 425 3652 481 η·

419 518 869 608 Παραιτούμεθα
893 521 952 575 δὲ
982 522 1160 592 λέγειν
1187 523 1281 578 ἐπὶ
1309 526 1545 598 Χριστοῦ
1569 547 1581 560 ·
1615 530 1713 584 Διά
1735 533 1828 586 τὸν
1863 551 1940 602 φο-

2132 535 2406 592 Cavemus
2437 535 2603 589 etiam
2627 536 2728 590 hoc
2765 536 2928 592 modo
2948 537 3095 608 loqui
3125 538 3192 593 dc
3213 537 3434 593 Christo
3463 555 3476 594 :
3507 540 3641 596 Pro-

349 607 558 678 ροῦντα
585 648 602 672 ,
661 609 758 661 τὸν
815 611 1155 683 φορούμενον
1207 615 1376 669 σέόωο
1429 618 1518 672 διὰ
1573 621 1666 674 τὸν
1723 624 1955 694 ἀόρατον

295 728 304 735 -
345 699 660 769 προσκυνῶ
709 701 805 755 τὸν
865 702 1164 774 ὁρώμενον.
1222 708 1458 778 Φρικτὸν
1501 711 1560 764 δὲ
1613 713 1749 783 πρὸς
1780 716 1955 787 τούτῳ

345 793 582 846 κάκεῖνο
614 794 818 846 εἰπεῖν·
839 795 898 848 '0
927 796 1153 866 ληφθεὶς
1175 798 1252 870 τῷ
1276 799 1492 856 λαϐόντι
1521 809 1954 878 συγχρηματίζει

344 882 505 945 Θεός.
570 887 635 936 Ὀ
668 884 783 956 γὰρ
820 885 997 940 ταῦτα
1029 887 1205 956 λέγων
1236 889 1517 963 διατέμνει
1565 896 1727 949 πάλιν
1753 900 1833 962 είς
1861 900 1956 954 δύο

345 974 389 1024 Χ
401 975 657 1042 ριστοὺς,
689 977 789 1029 καὶ
835 976 1125 1049 ἄνθρωπον
1160 981 1376 1052 ἵστησιν
1411 984 1514 1039 ἀνὰ
1547 986 1712 1058 μέρος
1746 989 1951 1055 ίδικῶς,

346 1068 443 1118 καὶ
481 1066 627 1120 Θεὸν
678 1067 908 1138 ὁμοίως.
957 1070 1225 1140 Ἀρνεῖται
1249 1072 1356 1142 γὰρ
1381 1075 1832 1148 ὁμολογουμένως
1855 1081 1953 1152 τὴν

342 1157 574 1223 ἕνωσιν,
606 1157 740 1211 καθ’
771 1159 838 1228 ἢν
862 1160 961 1230 οὐχ
986 1161 1060 1224 ὡς
1086 1161 1275 1234 ἕτερος
1310 1165 1368 1218 ὲν
1394 1166 1569 1237 ἑτέρῳ
1601 1185 1953 1240 συμπροσκυ-

341 1247 522 1302 νείταί
551 1265 680 1314 τις,
725 1247 855 1302 οὔτε
903 1251 1011 1322 μὴν
1049 1256 1484 1326 συγχρηματίξει
1513 1258 1646 1322 Θεός
1672 1277 1685 1290 ·
1723 1261 1840 1314 ἀλλ’
1870 1257 1952 1327 εἷς

341 1345 550 1395 νοεῖται
571 1343 822 1411 Χριστὸς
854 1344 1084 1415 Ἰησοῦς,
1109 1347 1237 1410 Υἱὸς
1259 1351 1575 1421 μονογενὴς,
1598 1354 1696 1423 μιᾷ
1711 1370 1952 1424 προσκυ-

341 1435 498 1504 νήσει
527 1432 859 1503 τιμώμενος
896 1435 1034 1504 μετά
1060 1437 1158 1506 τῆς
1189 1438 1324 1502 ιδίας
1355 1441 1578 1512 σαρκός.
1626 1441 1953 1512 Ὀμολογοῦ-

345 1542 445 1594 μεν
475 1525 535 1578 δὲ
565 1525 659 1578 ὅτι
690 1525 860 1588 αὐτὸς
893 1529 922 1580 ὁ
947 1529 1012 1581 ὲκ
1056 1528 1196 1582 Θεοῦ
1241 1531 1457 1601 Πατρὸς
1484 1531 1769 1603 γεννηθεὶς
1797 1535 1948 1600 Υἱὸς,

341 1615 434 1668 καὶ
473 1614 619 1678 Θεὸς⁹
659 1617 987 1688 μονογενὴς,
1019 1619 1199 1674 καίτοι
1229 1623 1372 1676 κατά
1416 1623 1582 1693 φύσιν
1612 1625 1752 1680 ίδίαν
1778 1627 1950 1700 ὑπάρ-

338 1724 448 1776 χων
483 1705 740 1778 ἀπαθὴς,
790 1710 959 1780 σαρκὶ
1004 1710 1273 1768 πέπονθεν
1298 1715 1440 1788 ὑπὲρ
1465 1717 1645 1788 ήμῶν,
1681 1720 1823 1778 κατά
1849 1720 1950 1788 τὰς

337 1795 592 1866 Γμφάς,
620 1799 721 1851 καὶ
745 1794 817 1870 ἦν
841 1799 922 1871 τῷ
951 1802 1324 1874 σταυρωθέντι
1355 1804 1567 1877 σώματι
1597 1807 1668 1862 τὰ
1688 1811 1784 1880 τῆς
1810 1812 1949 1876 ίδίας

2059 635 2182 695 pter
2203 642 2331 680 cum
2367 627 2458 696 qui
2487 627 2688 692 induit,
2735 627 2992 683 indutum
3037 640 3379 696 veneror;et
3419 641 3645 702 propter

2060 718 2396 775 invisibilem
2432 720 2710 775 visibilem
2743 721 2931 776 adoro.
2965 723 3331 777 Praamreaoet
3369 723 3475 778 hoc
3506 740 3646 794 quo-

2057 824 2166 878 que
2219 825 2330 864 non
2373 811 2584 881 absque
2635 812 2867 866 horrore
2901 813 3145 868 dicitur:
3182 814 3507 884 Assumptus
3533 831 3644 871 una

2057 915 2182 955 cum
2208 913 2524 957 assumente
2560 904 2842 958 coexsistit
2863 905 3027 959 Deus.
3056 905 3160 972 Qui
3180 909 3329 961 enim
3354 907 3458 961 hoc
3476 907 3643 962 modo

2056 993 2380 1063 loquuntur,
2405 1012 2576 1050 unum
2607 1012 2799 1052 rursus
2818 997 3098 1052 Christum
3133 999 3188 1052 in
3206 999 3345 1054 duos
3361 999 3640 1065 dividunt,

2054 1094 2111 1141 et
2136 1086 2414 1141 hominem
2441 1103 2538 1158 per
2565 1104 2622 1142 se
2644 1104 2916 1154 seorsum,
2951 1099 3006 1144 et
3046 1091 3218 1144 Deum
3257 1091 3513 1146 similiter
3544 1108 3645 1163 per

2055 1190 2115 1230 se
2141 1191 2393 1231 seorsum
2433 1178 2726 1242 collocant,
2773 1195 3069 1249 veramque
3102 1179 3368 1236 unionem
3409 1181 3513 1236 hac
3555 1195 3644 1234 ra-

2056 1269 2205 1324 tione
2239 1270 2583 1339 apertissime
2612 1271 2948 1326 inﬁciantur.
2983 1272 3302 1328 Secundum
3323 1273 3467 1328 hanc
3489 1274 3642 1330 enim

2053 1362 2194 1416 alter
2215 1362 2387 1416 veluti
2429 1362 2482 1416 in
2507 1363 2681 1417 altero
2710 1378 2820 1418 non
2847 1362 3010 1418 simul
3032 1364 3324 1430 adoretur,
3353 1379 3535 1434 neque
3568 1365 3645 1420 si-

2053 1451 2169 1506 mul
2203 1467 2328 1508 cum
2359 1453 2536 1508 altero
2577 1454 2725 1508 Deus
2767 1453 3014 1520 exsistit;
3040 1453 3136 1509 sed
3191 1470 3338 1509 unus
3382 1454 3645 1524 idemque

2054 1547 2160 1616 72
2183 1546 2439 1602 Christus
2469 1545 2648 1611 Iesus,
2671 1548 3098 1618 unigenitusque
3127 1548 3225 1602 Dei
3255 1547 3432 1602 Filius
3455 1546 3642 1602 animo

2052 1635 2383 1706 concipitur,
2415 1635 2512 1706 qui
2538 1652 2647 1691 una
2662 1635 2986 1692 adoratione
3007 1637 3170 1692 simul
3194 1652 3321 1692 cum
3353 1652 3453 1692 sua
3474 1651 3653 1692 carne-

2051 1726 2272 1782 eolitur.
2299 1725 2640 1782 Confitemur
2663 1727 2829 1782 etiam
2863 1727 3044 1798 ipsum
3065 1727 3410 1799 unigenitum
3433 1727 3531 1782 Dei
3552 1726 3643 1781 Εἰς

2050 1816 2187 1870 lium
2217 1832 2287 1872 ex
2316 1816 2478 1872 Patre
2507 1825 2722 1882 natum,
2757 1817 2976 1872 etiamsi
3021 1817 3324 1874 secundum
3357 1817 3640 1887 propriam

339 1888 548 1960 σαρκὸς
574 1890 816 1954 ἀπαθῶς
856 1881 1232 1964 οἰκειούμενος
1281 1897 1427 1969 πάθη
1449 1913 1464 1927 ⁸
1489 1900 1675 1971 χάριτι
1715 1901 1772 1954 δὲ
1810 1901 1940 1955 Θεοῦ

2050 1917 2310 1964 naturam
2349 1907 2708 1978 impassibilis
2730 1907 2823 1974 sit,
2863 1908 3042 1963 nostri
3081 1917 3264 1964 tamen
3289 1923 3454 1964 causa
3487 1922 3650 1963 ωσι-ο.

339 1982 439 2035 καλ⁵
480 1982 632 2054 ὑπὲρ
680 1983 892 2048 παντὸς
939 1985 1210 2055 ἐγεύσατο
1257 1985 1490 2042 θανάτου
1512 2030 1525 2053 ,
1582 1991 1758 2055 διδοὺς
1798 1993 1948 2065 αὐτῴ

341 2075 405 2127 τὸ
429 2075 565 2128 ῐδιον
593 2074 786 2147 σῶμα,
825 2076 1009 2132 καίτοι
1041 2079 1184 2132 κατά
1204 2079 1367 2149 φύσιν
1393 2083 1655 2154 ὑπάρχων
1683 2083 1818 2156 ζωὴ,
1853 2088 1949 2140 καὶ

355 2164 517 2226 αὺτὸς
542 2165 664 2236 Iovi)
689 2166 1018 2232 ἀνάστασις.
1049 2169 1168 2224 Ἵνα
1194 2171 1304 2243 γὰρ
1327 2173 1556 2244 ἀρρήτῳ
1586 2175 1816 2246 δυνάμει
1845 2193 1948 2229 πα-

357 2254 534 2324 τήσας
551 2255 642 2309 τὸν
671 2256 924 2324 θάνατον,
964 2258 1041 2324 ὡς
1063 2259 1120 2314 ἐν
1141 2278 1205 2330 γε
1224 2262 1288 2333 δὴ
1308 2262 1503 2336 πρώτῃ
1529 2268 1594 2336 τῇ
1624 2266 1731 2337 ἰδίᾳ
1760 2267 1944 2336 σαρκὶ,

351 2344 579 2414 γένηται
616 2349 971 2417 πρωτὰτοκος
1011 2353 1078 2405 ὲκ
1123 2353 1358 2426 νεκρῶν,
1409 2355 1504 2408 καὶ
1561 2357 1784 2428 ἀπαρχὴ
1836 2357 1945 2411 τῶν

345 2439 767 2508 κεκοιμημένων
783 2457 799 2471 ·
834 2441 1135 2517 ὁδοποιήσῃ
1154 2460 1216 2497 τε
1239 2447 1306 2517 τῇ
1330 2444 1428 2499 τοῦ
1460 2445 1756 2518 ἀνθρώπου
1781 2449 1944 2518 φύσει

338 2521 437 2592 τὴν
462 2525 546 2586 είς
578 2525 900 2597 ἀφθαρσίαν
929 2530 1242 2602 ἀναδρομὴν
1275 2533 1461 2604 χάριτι
1500 2533 1658 2596 Θεοῦ,
1689 2535 1945 2608 καθάπερ

335 2612 551 2685 ἔφημεν
612 2617 850 2688 ἀρτίως,
910 2620 1057 2691 ὑπὲρ
1107 2622 1310 2686 παντὸς
1360 2625 1628 2692 ἐγεύσατο
1683 2625 1938 2681 θάνατον’

330 2706 642 2778 τριήμερος
672 2708 733 2762 δὲ
765 2709 975 2764 ἀνεϐίω
999 2713 1306 2778 σκυλεύσας
1335 2714 1429 2770 τὸν
1457 2715 1608 2787 ᾅδην.
1646 2717 1809 2770 ’Ὥστε
1838 2718 1944 2772 κᾶν

331 2795 571 2868 λέγηται
623 2799 698 2852 δι’
756 2801 1060 2872 ἀνθρώπου
1093 2805 1351 2874 γενέσθαι
1394 2809 1427 2878 ἡ
1479 2808 1776 2874 ἀνάστασις
1832 2812 1943 2868 τῶν

328 2889 569 2959 νεκρῶν,
602 2891 749 2945 ἀλλά
786 2893 1022 2964 νοοῦμεν
1061 2894 1352 2968 ἄνθρωπον
1383 2897 1476 2952 τὸν
1507 2900 1578 2970 ἐκ
1610 2901 1747 2954 Θεοῦ
1777 2919 1942 2972 γεγο-

327 2978 462 3033 νότα
494 2981 682 3050 Λόγον
707 2999 722 3013 ο
753 2986 853 3037 καὶ
901 2984 1159 3041 λελύσθαι
1191 2988 1260 3042 δι’
1296 2989 1464 3043 αὐτοῦ
1495 2990 1591 3044 τοῦ
1619 2991 1852 3047 θανάτου
1879 2995 1944 3048 τὸ

326 3070 535 3140 κράτος
554 3089 570 3102 ο
608 3073 736 3144 ἥξει
773 3075 834 3128 δὲ
859 3078 1005 3132 κατά
1033 3080 1280 3151 καιροὺς,
1325 3083 1403 3146 ὡς
1430 3078 1511 3147 εἷς
1535 3083 1663 3148 Υἱὸς
1691 3085 1787 3138 καὶ
1830 3087 1942 3141 Κύ-

328 3177 476 3277 ριοςέ
495 3165 650 3277 ἐξαιτῇ
681 3163 821 3273 δόξῃ
840 3165 938 3221 τοῦ
963 3169 1202 3240 Πατρὸς,
1239 3172 1328 3225 ἵνα
1357 3172 1522 3246 κρίνῃ
1557 3173 1656 3244 τὴν
1689 3174 1941 3245 οίκουμέ-
1967 3217 2010 3277 c

323 3268 426 3324 νην
452 3255 515 3308 ὲν
543 3255 897 3330 δικαιοσύνῃ,
923 3260 1070 3314 καθὰ
1095 3263 1430 3334 γέγραπται.

2053 2005 2162 2053 tem
2190 1997 2247 2051 in
2287 2012 2478 2063 carne,
2516 1997 2821 2052 secundum
2857 1996 3192 2068 Scripturas,
3223 2011 3446 2068 passum
3491 2011 3637 2063 esse,

2049 2090 2396 2159 propriaeque
2445 2089 2631 2144 carnis
2683 2088 3033 2153 aﬂlictiones,
3080 2105 3219 2159 quas
3267 2088 3533 2143 nimirum
3578 2087 3635 2142 in

2048 2174 2310 2228 cruciﬁxo
2339 2191 2572 2245 corpore
2616 2177 2868 2246 pertulit,
2902 2177 3042 2232 citra
3087 2177 3256 2232 ullam
3293 2177 3379 2232 sui
3422 2177 3633 2247 passio-

2047 2280 2174 2319 nem
2211 2265 2318 2319 sibi
2357 2266 2618 2321 ascivisse
2646 2285 2658 2320 :
2689 2269 2864 2338 gratia
2910 2269 3057 2324 enim
3100 2268 3198 2323 Dei
3247 2278 3483 2324 mortem
3533 2284 3636 2339 pro

2046 2358 2304 2414 onmibus
2338 2358 2664 2429 gustavit“;
2718 2375 2844 2414 nam
2895 2360 2999 2414 etsi
3040 2359 3346 2414 secundum
3377 2369 3633 2414 naturam

2044 2455 2102 2502 et
2130 2448 2242 2503 vita
2285 2458 2342 2504 et
2376 2457 2724 2503 mortuorum
2775 2449 3110 2505 resurrectio
3141 2450 3454 2512 exsisteret,
3501 2465 3633 2519 pro-

2044 2539 2228 2608 prium
2267 2547 2450 2594 tamen
2508 2555 2712 2610 corpus
2761 2540 2906 2595 ultro
2953 2541 3009 2596 in
3065 2549 3304 2596 mortem
3337 2542 3543 2597 obtulit
3562 2543 3632 2602 δ’.

2043 2632 2262 2687 Etenim
2294 2647 2426 2702 quo,
2465 2632 2517 2686 vi
2559 2631 2796 2702 quadam
2837 2648 3039 2687 arcana
3079 2640 3136 2688 et
3185 2633 3530 2698 admirabili,
3572 2633 3635 2693 in

2042 2723 2265 2793 propria
2291 2722 2463 2777 veluti
2487 2722 2544 2776 in
2562 2723 2738 2792 prima
2757 2738 2855 2777 sua
2881 2738 3051 2778 carne
3081 2732 3258 2777 morte
3288 2723 3636 2794 proculcata,

2042 2813 2443 2884 primogenitus
2474 2828 2539 2868 ex
2579 2813 2814 2867 mortuis
2836 2813 2915 2877 ⁸ο,
2949 2812 3458 2882 dormientiumque
3511 2812 3629 2882 pri-

2042 2905 2214 2960 mitiae
2244 2903 2402 2960 ﬁeret
2425 2905 2491 2969 δι,
2513 2903 2730 2974 iterque
2757 2903 3016 2958 humanae
3040 2911 3252 2958 natura:
3277 2917 3343 2957 ac
3385 2902 3630 2958 reditum

2042 2993 2111 3047 ad
2133 2992 2607 3062 incorruptionem
2649 2992 2893 3047 muniret
2916 2991 2983 3058 θ’,
3018 2990 3116 3047 Dei
3161 2991 3337 3062 gratia
3389 2999 3630 3047 mortem

2042 3100 2146 3154 pro
2185 3086 2467 3151 omnibus,
2495 3095 2558 3140 ut
2586 3085 2751 3141 modo
2781 3084 3022 3150 aiebam,
3052 3083 3400 3156 degustavit;
3424 3092 3482 3139 et
3505 3092 3631 3154 post

2043 3177 2290 3232 triduum
2353 3177 2482 3232 vitae
2536 3177 2867 3242 restitutus,
2926 3175 3207 3232 infernum
3277 3174 3628 3246 despoliavit.

2043 3267 2414 3334 Quamobrem
2462 3267 2594 3323 licet
2619 3277 2966 3322 mortuorum
3015 3265 3351 3322 resurrectio
3394 3282 3494 3337 per
3523 3265 3628 3320 ho-

323 3345 537 3402 minem
573 3346 723 3404 facta
767 3349 988 3408 dicatur
1012 3353 1082 3420 ⁵³,
1131 3354 1416 3411 hominem
1461 3365 1641 3412 tamen
1682 3357 1836 3414 illum
1882 3357 2047 3413 simul
2104 3359 2202 3414 Dei
2241 3359 2486 3414 Verbum
2524 3358 2800 3414 exstitisse
2846 3357 3238 3429 intelligamus,
3273 3357 3392 3427 qui,
3431 3356 3628 3413 mortis

323 3443 569 3514 imperio
598 3444 913 3514 destructo,
961 3456 1221 3518 tanquam
1254 3465 1398 3507 unus
1459 3451 1727 3508 Dominus
1760 3461 1817 3508 et
1859 3453 2032 3508 Filius
2057 3453 2113 3508 in
2156 3453 2337 3506 Patris
2375 3452 2545 3524 gloria
2586 3467 2688 3508 suo
2746 3460 2995 3520 tempore
3056 3458 3328 3507 venturus
3390 3459 3506 3505 est.
3537 3465 3629 3506 or-

321 3536 453 3593 bem
489 3546 778 3592 terrarum
813 3539 870 3593 in
888 3540 1126 3611 justitia,
1152 3551 1213 3596 ut
1244 3542 1514 3612 scriptum
1534 3543 1704 3608 est“,
1730 3543 2100 3615 iudicaturus.

407 3631 770 3699 ’Δναγκαίως
811 3631 870 3685 δὲ
899 3634 1126 3688 κάκεῖνο
1170 3633 1587 3706 προσθήσομενο
1625 3636 1930 3705 καταγγέλ-

316 3721 513 3785 λοντες
541 3721 660 3792 γάρ
688 3722 782 3775 τὸν
813 3723 958 3778 κατά
991 3724 1171 3794 σάρκα
1205 3725 1435 3779 θάνατον
1475 3726 1570 3780 τοῦ
1607 3727 1930 3798 μονογενοῦς

317 3809 459 3864 Υἰοῦ
493 3810 597 3864 τοῦ
639 3810 802 3876 Θεοῦ,
839 3811 986 3866 τοῦτ’
1018 3813 1188 3880 ἐστιν,
1236 3816 1412 3887 Ἰησοῦ
1446 3817 1706 3888 Χριστοῦ,
1741 3819 1840 3888 τήν
1869 3835 1930 3871 τε

316 3904 385 3956 ὲκ
414 3901 644 3973 νεκρῶν
669 3902 995 3971 ἀναϐίωσιν,
1018 3906 1114 3959 καὶ
1135 3905 1234 3977 τὴν
1257 3907 1336 3970 είς
1365 3907 1630 3978 οὐρανοὺς
1659 3907 1930 3978 ἀνάληψιν

314 3993 752 4065 ὁμολογοῦντες,
786 3994 887 4065 τὴν
921 3996 1265 4068 ἀναίμακτον
1299 3999 1358 4052 ὲν
1397 4001 1518 4064 ταῖς
1582 3998 1930 4070 Ἐκκλησίαις

314 4087 595 4158 τελοῦμεν
617 4086 813 4142 θυσίαν
832 4097 938 4142 "'0.
959 4089 1230 4162 πρόσιμέν
1252 4108 1311 4145 τε
1337 4091 1480 4146 οὕτω
1497 4094 1617 4156 ταῖς
1639 4095 1930 4164 μυστικαῖς

312 4177 612 4247 εὐλογίαις
641 4179 741 4232 καὶ
770 4179 1135 4251 ἀγιαζόμεθα,
1173 4181 1390 4254 μέτοχοι
1420 4184 1706 4256 γενόμενοι
1737 4187 1837 4255 τῆς
1867 4201 1928 4237 τε

309 4270 485 4339 ἁγίας
541 4269 775 4341 σαρκὸς,
811 4271 909 4326 καὶ
940 4272 1038 4326 τοῦ
1079 4274 1264 4343 τιμίου
1314 4275 1550 4346 αἵματος
1578 4275 1673 4329 τοῦ
1707 4276 1928 4330 πάντων

311 4361 482 4430 ἡμῶν
521 4361 790 4432 Σωτῆρος
819 4362 1081 4434 Χριστοῦ.
1133 4366 1243 4419 Καὶ
1281 4367 1380 4438 οὐχ
1409 4369 1485 4431 ὡς
1524 4369 1702 4440 σάρκα
1742 4368 1928 4438 κοινὴν

309 4454 634 4526 δεχόμενοι,
661 4453 738 4526 μὴ
771 4454 986 4523 γένοιτο
1008 4473 1022 4487 ·
1049 4457 1176 4510 οὔτε
1205 4457 1312 4529 μὴν
1333 4457 1409 4522 ὡς
1437 4459 1631 4530 ἀνδρὸς
1663 4461 1928 4530 ἡγιασμέ-

309 4565 432 4614 νου,
496 4549 604 4602 καὶ
637 4549 1006 4618 συναφθέντος
1056 4550 1135 4622 τῷ
1171 4552 1332 4623 Λόγῳ
1379 4553 1521 4606 κατὰ
1567 4550 1666 4622 τὴν
1698 4552 1926 4622 ἑνότητα

2105 3635 2250 3703 Quin
2281 3634 2416 3689 illud
2433 3648 2655 3704 quoque
2682 3648 2791 3688 non
2824 3647 3050 3703 possum
3087 3632 3192 3688 hoc
3219 3632 3342 3687 loco
3372 3647 3482 3687 non
3523 3631 3624 3687 ad-

2031 3729 2224 3800 jicere,
2250 3743 2446 3798 nempe
2493 3725 2762 3796 unigeniti
2789 3725 2912 3779 Filii
2934 3723 3054 3790 Dei,
3078 3724 3184 3779 hoc
3203 3732 3288 3779 est
3313 3723 3444 3779 Jcsu
3466 3723 3627 3780 Chri-

2036 3821 2124 3884 sti,
2159 3827 2417 3882 mortcm,
2452 3827 2508 3873 et
2533 3834 2600 3872 ex
2633 3818 2867 3872 mortuis
2899 3815 3370 3871 resurrectionem
3403 3831 3622 3870 annun-

2036 3913 2308 3977 tiantes",
2338 3910 2696 3983 ejusdemque
2725 3909 2780 3963 in
2810 3908 3009 3963 ccelum
3035 3905 3464 3976 assumptionem
3492 3921 3624 3962 con-

2034 4003 2275 4066 ﬁtentes,
2302 4001 2656 4056 incruentum
2686 3999 2742 4054 in
2772 3997 3017 4053 Ecclesia
3047 3995 3379 4052 sacriﬁcium
3404 4013 3504 4052 nos
3527 4013 3636 4052 ce-.

2029 4093 2267 4157 lebrare,
2290 4100 2455 4162 atque
2485 4089 2554 4145 ad
2589 4089 2847 4162 mysticas
2884 4087 3302 4143 benedictiones
3334 4088 3618 4154 accedere,

2030 4193 2088 4240 et
2111 4183 2465 4247 sanctiﬁcari,
2487 4191 2676 4252 utpote
2708 4179 3006 4251 participes
3029 4195 3197 4234 sacra:
3216 4181 3402 4235 carnis
3427 4188 3483 4235 ct
3498 4196 3620 4250 pre-

2033 4276 2160 4330 tiosi
2183 4274 2467 4345 sanguinis
2491 4272 2698 4328 Christi
2723 4270 2970 4326 omnium
3001 4277 3252 4324 nostrum
3292 4270 3624 4332 Salvatoris,

2030 4367 2220 4436 Neque
2259 4366 2407 4421 enim
2442 4365 2593 4419 illam
2636 4371 2698 4418 ut
2730 4378 2952 4418 carnem
2990 4376 3338 4416 communem
3385 4362 3620 4431 suscipi».

2031 4471 2155 4511 mus
2183 4473 2194 4508 :
2227 4455 2370 4510 absit
2395 4455 2536 4510 hoc!
2574 4469 2754 4523 neque
2787 4467 2980 4506 rursus
3014 4460 3273 4520 tanquam
3300 4451 3405 4508 viri
3425 4452 3612 4522 cujus-

2029 4550 2174 4620 piam
2207 4545 2551 4610 sanctiﬁcati,
2595 4551 2691 4600 aut
2737 4542 3019 4613 dignitatis
3069 4541 3384 4611 aequalitate
3432 4543 3621 4608 Verbo

307 4639 418 4710 τῆς
449 4639 646 4706 ἀξίας,
665 4640 839 4711 ήγουν
867 4642 944 4705 ὡς
970 4641 1124 4697 θείαν
1150 4643 1424 4714 ἐνοίκησιν
1448 4643 1743 4715 ἐσχηκότος
1762 4658 1776 4674 ο
1807 4642 1922 4696 ἀλλ’

2042 4641 2354 4706 :onsociati,
2380 4648 2474 4696 aut
2507 4639 2752 4693 divinam
2791 4635 3249 4693 inhabitationem
3281 4636 3486 4703 sortiti,
3517 4639 3620 4696 sed

307 4731 389 4795 ὡς
446 4732 728 4797 ζωοποιὸν
775 4733 1017 4805 ἀληθῶς,
1069 4735 1166 4789 καὶ
1201 4735 1338 4788 ἰδίαν
1378 4734 1544 4788 αὐτοῦ
1577 4732 1672 4788 τοῦ
1719 4734 1918 4803 Λόγου.

310 4823 442 4894 Ζωὴ
484 4822 606 4894 γάρ
633 4823 714 4877 ὢν
742 4825 885 4879 κατά
915 4824 1080 4894 φύσιν
1105 4826 1180 4890 ὡς
1209 4825 1363 4890 Θεὸς,
1387 4826 1577 4898 ἐπειδὴ
1605 4825 1828 4895 γέγονεν
1863 4825 1921 4880 ἓν

308 4915 460 4985 πρὸς
496 4914 606 4986 τὴν
637 4915 839 4970 ἑαυτοῦ
870 4917 1070 4988 σάρκα,
1109 4919 1376 4983 ζωοποιὸν
1418 4919 1700 4988 ἀπέφηνεν
1727 4919 1915 4990 αὑτήν.

307 5009 487 5063 Ὥστε
531 5008 644 5064 κᾶν
683 5009 820 5082 λέγῃ
853 5010 992 5082 πρὸς
1031 5013 1178 5082 ἡμᾶς
1198 5029 1213 5044 ·
1275 5031 1296 5066 ι
1357 5013 1550 5083 Ἂμὴν,
1597 5010 1746 5082 ἀμὴν
1777 5009 1921 5079 λέγω

305 5099 471 5168 ὑμῖν,
504 5100 611 5153 ὲάν
641 5099 720 5171 μὴ
750 5102 966 5172 φάγητε
983 5102 1092 5172 τὴν
1107 5105 1290 5176 σάρκα
1311 5103 1408 5158 τοῦ
1427 5104 1558 5158 Υίοῦ
1585 5103 1678 5158 τοῦ
1703 5101 1917 5172 ἀνθρώ-

305 5202 444 5256 που,
476 5187 582 5242 καὶ¹
615 5188 786 5260 πίητε
814 5189 983 5244 αὑτοῦ
1011 5190 1074 5244 τὸ
1105 5185 1246 5263 αἷμα
1266 5211 1280 5225 ο
1322 5213 1342 5246 ι
1369 5195 1468 5265 οὐχ
1509 5194 1586 5258 ὡς
1629 5191 1917 5264 ἀνθρώπου

2029 4745 2290 4804 tanquam
2323 4748 2450 4788 vere
2484 4730 2756 4786 viviﬁcam
2794 4729 3076 4800 ipsiusque
3105 4728 3272 4784 Verbi
3309 4729 3624 4800 propriam,

2027 4829 2163 4884 Nam
2180 4841 2306 4882 cum
2329 4826 2438 4882 vita
2482 4824 2554 4880 sit
2583 4832 2644 4878 ut
2669 4823 2814 4878 Deus
2836 4822 3139 4880 secundum
3163 4830 3441 4887 naturam,
3467 4833 3615 4894 post-

2028 4935 2191 4990 quam
2218 4934 2388 4974 unum
2421 4915 2684 4987 quiddam
2711 4929 2839 4969 cum
2872 4913 2988 4984 ipsa
3021 4928 3118 4968 sua
3147 4927 3317 4968 carne
3350 4913 3610 4968 ell'ectum

2027 5018 2132 5075 est,
2160 5006 2480 5062 viviﬁcandi
2505 5005 2767 5060 virtutem
2800 5003 2879 5058 illi
2902 5003 3154 5059 contulit.
3191 5001 3451 5068 Quamvis
3480 5004 3640 5072 ergo

2029 5101 2098 5156 ad
2128 5115 2232 5156 nos
2250 5100 2399 5154 dicat
2434 5117 2447 5152 :
2493 5118 2511 5149 ι
2545 5098 2741 5160 Amen,
2768 5110 2928 5152 amen
2955 5095 3080 5157 dico
3107 5093 3286 5157 vobis,
3317 5093 3421 5147 nisi
3452 5109 3610 5148 man-

2029 5193 2366 5250 ducavcritis
2389 5206 2607 5247 carnem
2642 5189 2766 5245 Filii
2808 5187 3070 5252 hominis,
3108 5194 3165 5240 et
3197 5184 3453 5240 biberitis
3488 5185 3608 5256 ejus

370 5390 421 5423 ⁸⁸
448 5389 727 5464 llebr.§,-_
745 5390 801 5464 εξ.
874 5391 921 5425 ⁸³
944 5391 1121 5464 Galat.
1149 5411 1207 5461 ιι,
1235 5396 1324 5452 20.
1398 5397 1444 5430 ⁶⁰
1469 5396 1677 5454 Coloss.
1703 5415 1741 5462 ι,
1773 5400 1859 5455 18.

2042 5398 2196 5455 lCor.
2240 5414 2328 5464 xv,
2359 5398 2446 5454 20.
2523 5398 2567 5430 ³²
2592 5393 2732 5453 Ibid.
2774 5390 2861 5447 53.
2968 5387 3014 5420 ⁸⁸
3042 5386 3295 5448 1ὺί(1.21.
3383 5388 3428 5428 ⁵⁸
3458 5387 3605 5453 Ρςςιι,
3694 5446 3699 5454 ,

302 5476 472 5526 xcvn,
497 5462 556 5518 9.
628 5461 676 5493 ⁵⁵
707 5460 878 5518 lCor.
907 5479 984 5526 χι,
1005 5463 1095 5519 26.

1417 5645 1591 5702 Variae
1614 5647 1878 5703 lectiones
1904 5649 2110 5706 codicis
2142 5647 2503 5720 Seguieriani.

368 5832 456 5862 ω’*
478 5824 762 5898 λατρείαν.
