4058 6446
308 404 420 458 117

1725 403 2059 461 EPISTOLA
2095 404 2257 460 XVII;

3503 404 3610 462 “8

304 518 647 592 προσφορὰν
682 519 787 574 οὐκ
810 522 1089 596 ἠθέλησας
1108 540 1124 556 ο
1159 526 1319 598 σῶμα
1347 526 1408 580 δὲ
1451 526 1770 598 κατηρτίσω
1799 518 1905 598 μοι.

2016 526 2267 590 noluisti,
2299 539 2500 593 corpus
2524 532 2708 578 autem
2740 524 2939 593 aptasti
2966 523 3122 577 mihi.
3154 522 3603 577 Holocautomata

319 609 802 682 Ὁλοκαυτὼματα
835 613 933 667 καὶ
981 616 1115 687 περὶ
1156 616 1431 689 ἁμαρτίας
1465 617 1565 671 οὐκ
1594 617 1912 687 εὐδόκησας.

304 701 353 755 Τ
354 699 450 755 ἅτε
482 696 646 755 εἶπον
666 716 681 730 ⁸
726 702 862 757 Ἰδοὺ
892 705 1038 777 ἥκω.
1077 706 1168 762 Ἐν
1196 707 1440 779 κεφαλίδι
1467 708 1677 780 βιϐλίου
1712 710 1917 782 γέγρα-

305 810 448 847 πται
471 797 608 865 περὶ
625 796 791 867 ἐμοῦ,
813 795 910 850 τοῦ
942 800 1173 877 ποιῆσαι
1199 801 1261 853 τὸ
1281 800 1499 872 θέλημά
1518 817 1636 864 σου,
1663 802 1693 855 ὁ
1708 801 1862 865 Θεός.
1892 821 1911 854 ι

304 887 744 958 Προσκεκόμικε
778 887 890 961 γὰρ
915 889 1058 961 ὑπὲρ
1083 890 1241 961 ἡμῶν
1274 892 1354 955 είς
1385 892 1563 963 ὀσμὴν
1598 891 1826 956 εὐωδίας
1856 894 1917 945 τὸ

304 980 445 1033 ῐδιον
475 979 667 1050 σῶμα,
697 980 796 1034 καὶ
833 981 936 1051 οὐχ
966 981 1110 1053 ὑπὲρ
1147 981 1365 1038 ἑαυτοῦ.
1393 984 1561 1048 Ποίας
1587 983 1696 1055 γὰρ
1720 983 1915 1055 ἐδεήθη

305 1072 645 1141 προσφορᾶς
684 1071 719 1143 ἦ
753 1070 950 1137 θυσίας
983 1074 1124 1145 ὑπὲρ
1154 1074 1373 1140 ἑαυτοῦ,
1402 1075 1669 1147 κρείττων
1697 1074 1916 1148 ἁπάσης

302 1162 587 1233 ὑπάρχων
615 1163 908 1236 ἁμαρτίας
937 1163 1014 1229 ὡς
1061 1164 1229 1232 Θεός;
1265 1167 1329 1220 El
1361 1165 1470 1239 γὰρ
1502 1168 1702 1232 πάντες
1733 1167 1915 1238 ἡμαρ-

297 1271 421 1319 τον,
452 1255 553 1307 καὶ
581 1254 950 1328 ὑστεροῦνται
977 1254 1078 1325 τῆς
1103 1254 1264 1326 δόξης
1291 1256 1385 1317 τοῦ
1407 1256 1567 1321 Θεοῦ,
1602 1256 1741 1311 καθὸ
1764 1259 1915 1326 γεγό-

300 1364 481 1418 mpm!
518 1348 695 1418 ἡμεῖς
724 1347 945 1418 ἕτοιμοι
989 1348 1129 1420 πρὸς
1175 1351 1528 1422 παραφορὰν,
1574 1352 1670 1405 καὶ
1704 1354 1913 1423 κατηρ-

301 1438 599 1511 ῥώστησεν
615 1443 652 1511 ἡ
680 1438 978 1510 ἀνθρώπου
996 1442 1161 1510 φύσις
1190 1443 1291 1514 τὴν
1315 1444 1595 1515 ἁμαρτίαν
1620 1461 1633 1475 ·
1665 1443 1830 1507 αὐτὸς
1855 1443 1913 1496 δὲ

298 1532 397 1604 οὐχ
431 1532 609 1597 οὔτω,
640 1533 741 1586 καὶ
764 1533 1066 1605 ἡττώμεθα
1090 1534 1178 1594 διὰ
1206 1533 1365 1589 τοῦτο
1392 1536 1493 1604 τῆς
1519 1533 1679 1605 δόξης
1708 1534 1875 1588 αὑτοῦ
1895 1552 1911 1566 ο

299 1623 421 1686 πῶς
450 1623 523 1676 ἂν
573 1623 667 1693 εξη
705 1623 899 1678 λοιπὸν
939 1623 1265 1694 ἀμφίϐολον,
1295 1625 1389 1677 ὅτιί
1412 1623 1629 1677 τέθυται
1670 1625 1737 1678 διῖ
1764 1626 1913 1695 ἡμᾶς

297 1717 397 1787 διαὶ
448 1715 602 1786 ὑπὲρ
638 1713 809 1787 ἡμῶν
840 1717 870 1769 ὁ
914 1715 1112 1786 ’Λμνὸς
1138 1717 1167 1769 ό
1198 1715 1484 1786 ἀληθινός
1512 1716 1621 1771 Καὶ
1645 1716 1706 1770 τὸ
1734 1716 1921 1783 λέγειν,

293 1807 389 1875 ἃ,
548 1807 1011 1881 Musa:
1051 1808 1261 1873 suum,
1295 1808 1437 1880 ὑπέρ
1483 1824 1547 1877 γε
1592 1808 1793 1867 ἑαυτοῦ
1816 1812 1911 1864 καὶ

2019 627 2076 675 et
2116 632 2218 688 pro
2256 625 2486 686 peccato
2526 631 2637 670 non
2695 615 2797 670 tibi
2844 615 3196 686 placuerunt.
3244 615 3402 681 Tune
3441 615 3599 671 dixi:

2018 710 2161 766 Ecce
2184 709 2370 765 venio.
2404 708 2465 763 In
2509 708 2693 778 capite
2730 707 2860 761 libri
2891 708 3160 777 scriptum
3188 715 3279 762 est
3295 706 3363 761 de
3398 721 3504 770 me,
3542 716 3604 762 ut

2016 801 2217 871 faciam
2264 801 2607 856 voluntatem
2648 807 2795 855 tuam
2818 841 2833 865 ,
2872 801 3019 855 Deus
3040 801 3108 854 “.
3139 818 3157 852 ι
3196 800 3379 854 Nostri
3429 801 3599 864 enim,

2017 908 2129 949 non
2160 894 2246 947 sui
2269 907 2435 948 causa
2458 908 2663 963 corpus
2688 892 2974 963 proprium
3002 893 3059 946 in
3096 892 3323 947 odorem
3356 894 3603 947 suavitu-

2017 985 2088 1040 tis
2114 984 2337 1040 obtulit.
2368 985 2488 1051 Qua
2505 985 2655 1040 enim
2676 985 2771 1039 ille
2792 984 3074 1039 oblatione
3094 990 3190 1038 aut
3211 983 3484 1038 sacriﬁcio
3503 998 3604 1053 pro

2014 1091 2074 1134 se
2097 1076 2216 1146 ipso
2238 1075 2531 1146 indigeret.
2556 1076 2652 1145 qui
2689 1076 2841 1130 omni
2870 1084 3121 1145 peccato,
3153 1084 3217 1129 ut
3240 1075 3406 1137 Deus,
3432 1089 3603 1142 supe-

2015 1166 2131 1221 rior
2175 1166 2519 1226 exsistebat?
2580 1166 2637 1221 Si
2670 1167 2819 1221 enim
2864 1181 3060 1221 omnes
3108 1176 3497 1236 peccaverunt,
3547 1173 3605 1220 et

2014 1264 2178 1328 egent
2201 1257 2377 1328 gloria
2402 1256 2501 1314 Dei
2521 1258 2589 1323 ⁸⁷,
2622 1256 3074 1328 quandoquidem
3109 1256 3238 1311 laeti
3264 1271 3457 1310 sumus
3480 1270 3602 1310 om:-

2012 1363 2111 1403 nes
2133 1348 2204 1406 ad
2235 1348 2449 1417 lapsum
2494 1347 2753 1418 propensi
2794 1348 3172 1419 peccandique
3200 1347 3398 1403 morbo
3437 1355 3602 1402 natu-

2012 1453 2131 1493 ram
2190 1438 2495 1509 subiectam
2531 1438 2996 1505 circumierimus,
3050 1439 3169 1510 ipse
3210 1453 3344 1494 vero
3390 1453 3603 1508 nequa.-

2011 1545 2177 1600 quam
2208 1528 2398 1601 (quare
2426 1530 2655 1601 gloriam
2670 1544 2892 1600 quoque
2912 1529 3061 1597 illius
3078 1545 3189 1585 non
3212 1526 3601 1600 assequimur);

2011 1621 2102 1675 cui
2150 1620 2383 1690 dubium
2421 1636 2544 1679 esse
2591 1628 2797 1692 potest,
2841 1621 2975 1690 quin
3022 1629 3250 1692 propter
3276 1636 3380 1677 nos
3402 1629 3461 1675 et
3498 1636 3603 1691 pro

2010 1711 2173 1773 nobis
2207 1728 2381 1767 verus.
2401 1713 2495 1773 ille
2521 1712 2708 1784 Agnus
2738 1713 3055 1769 immolatus
3095 1714 3201 1768 sit?
3229 1712 3598 1779 Quamobrem

2010 1801 2058 1859 si
2077 1801 2205 1871 quis
2227 1802 2450 1866 dixerit,
2474 1818 2585 1859 non
2611 1818 2713 1872 pro
2748 1802 2909 1859 nobis
2927 1805 3105 1869 solum
3127 1819 3186 1858 se
3222 1805 3402 1874 ipsum
3441 1804 3601 1859 obtu-

296 1900 486 1971 ἡμῖν,
512 1887 892 1979 Metu
920 1898 989 1969 ἂν
1015 1899 1267 1968 οὐδαμῶς
1311 1898 1423 1952 τῶν
1460 1901 1539 1962 είς
1584 1899 1905 1954 δυσσέϐειαν

2009 1893 2160 1959 lisse,
2204 1894 2303 1951 sed
2340 1895 2508 1951 simul
2544 1897 2712 1951 etiam
2754 1913 2857 1968 pro
2896 1912 2955 1953 se
2982 1897 3133 1967 ipso,
3169 1897 3259 1952 ille
3301 1896 3605 1968 impietatis

727 1989 1185 2062 Πεπλημμέληκε
1202 1990 1310 2062 γὰρ
1326 1993 1447 2048 κατ’
1463 1990 1658 2045 οὐδένα
1682 1993 1906 2062 τρόπον,

302 2080 437 2137 ὦτί
616 2080 891 2154 minacia
935 2084 1237 2155 ἁμαρτίαν.
1296 2083 1462 2146 Ποίας
1512 2093 1535 2122 ι
1585 2078 1679 2137 οὖν
1713 2083 1909 2154 ἐδεήθη

697 2173 987 2245 ἁμαρτίας
1019 2175 1121 2229 οὐκ
1176 2172 1365 2246 οῦσης,
1411 2174 1495 2243 ἐφ’
1537 2168 1682 2248 ᾗπερ
1714 2173 1780 2232 ἂν
1810 2174 1903 2242 γέο

319 2258 481 2321 ηαξ
804 2265 1071 2333 εἰκότως-ς

375 2416 632 2484 Ὅτσννδὲ
680 2431 822 2501 λέγῃ
872 2431 1006 2502 περὶ
1059 2430 1152 2485 τοῦ
1199 2431 1548 2503 Πνεῦματος·
1593 2452 1610 2485 ι
1670 2434 1905 2496 Ἐκεῖνος

296 2519 399 2591 ly;
419 2520 644 2588 δοξὶσει
664 2538 680 2552 ο
721 2541 742 2574 ι
773 2521 1028 2586 νοοῦντες
1058 2522 1255 2590 ὀρθῶς,
1285 2523 1384 2593 οὐχ
1417 2522 1493 2585 ὡς
1525 2520 1683 2592 δόξης
1717 2523 1907 2576 ἐπιδεᾶ

293 2611 393 2683 τῆς
421 2613 559 2684 παρ’
611 2613 809 2683 ἐτέρου
868 2612 1052 2681 φαμὲν
1084 2611 1175 2666 τὸν
1219 2612 1316 2666 ἕνα
1365 2613 1604 2685 Χριστὸν
1640 2613 1733 2667 καὶ
1778 2613 1904 2666 Υἱὸν

291 2704 392 2773 τὴν
419 2703 581 2775 παρὰ
603 2704 701 2758 τοῦ
733 2704 896 2773 ἁγίου
931 2704 1071 2758 Πνεύ
1080 2722 1251 2773 ματος
1274 2704 1432 2768 δόξαν
1452 2703 1595 2758 ἑλεῖν
1615 2721 1629 2734 ’
1653 2705 1736 2757 ὅτι
1768 2705 1904 2776 μηδὲ

290 2796 543 2865 κρεῖττον
577 2794 778 2858 αὑτοῦ,
829 2795 926 2849 καὶ
960 2794 1104 2865 ὑπὲρ
1145 2794 1310 2849 αὐτὸν
1345 2795 1405 2848 τὸ
1439 2795 1665 2866 Πνεῦμα
1712 2795 1899 2849 αὑτοῦ.

304 2885 605 2958 Ἐπειδὴδέ
637 2889 722 2951 εἰς
748 2887 1111 2957 ἑνδειξινλτῆς
1137 2887 1333 2941 ἑαυτοῦ
1360 2887 1618 2959 θεότητος
1638 2888 1904 2959 ἐκέχρητο

289 2975 367 3048 τῷ
395 2978 541 3048 ἁγίῳ
571 2978 865 3048 Πνεῦματι
888 2989 936 3043 ⁸,
965 2978 1106 3049 πρὸς
1129 2979 1558 3050 μεγαλουργίαν,
1585 2978 1904 3044 δεδοξάσθαι

292 3070 422 3140 παρ’
452 3069 631 3123 αὑτοῦ
678 3087 873 3139 φησιν,
920 3069 1113 3142 ὥσπερ
1146 3070 1213 3123 ἂν
1257 3072 1305 3123 εἰ
1352 3070 1446 3123 καί
1484 3087 1568 3134 τις
1603 3071 1750 3136 λέγοι
1792 3070 1901 3123 τῶν

290 3160 412 3213 καθ’
472 3161 653 3231 ἡμᾶς,
701 3159 837 3232 περὶ
882 3159 986 3230 τῆς
1035 3159 1262 3230 ἐνούσης
1312 3160 1496 3230 ίσχύος
1544 3160 1696 3231 αὐτῷ
1737 3161 1903 3230 τυχὸν

2010 1985 2222 2040 crimen
2269 1986 2446 2042 vitare
2478 1988 2632 2043 nulla
2672 1989 2891 2044 ratione
2926 1998 3128 2059 potest.
3174 1989 3405 2045 Constat
3448 1989 3597 2045 enim

2008 2077 2148 2131 nihil
2174 2094 2417 2148 unquam
2444 2095 2575 2135 eum
2618 2080 2939 2151 deliquisse,
2996 2098 3102 2138 nec
3132 2082 3307 2137 ullum
3354 2094 3611 2151 unquam.

2009 2180 2296 2253 peccatum
2319 2171 2658 2242 designasse.
2673 2172 2791 2241 Qua
2812 2174 2979 2245 igitur
2997 2175 3278 2245 indigebat
3292 2175 3604 2239 oblatione,

2009 2278 2135 2317 cum
2162 2271 2471 2332 peccatum,
2495 2266 2655 2335 cujus
2677 2281 2840 2320 causa
2865 2266 3045 2321 hostia
3067 2268 3192 2338 jure
3216 2266 3412 2321 merito
3428 2266 3595 2321 oll‘er—

2012 2366 2121 2418 tur,
2145 2355 2357 2409 nullum
2381 2355 2740 2411 admisisset?

2079 2446 2353 2503 Caeterum
2408 2463 2535 2502 cum
2578 2447 2651 2503 de
2680 2447 2893 2519 Spiritu
2935 2458 3130 2504 saneto
3156 2449 3266 2503 ait:
3312 2468 3331 2499 ι
3374 2449 3471 2503 llle
3508 2463 3597 2504 me

2006 2536 2332 2591 clariticabit
2355 2535 2400 2567 ⁸⁸
2420 2576 2437 2601 ,
2469 2555 2487 2588 ι
2514 2537 2620 2592 nisi
2661 2553 2851 2594 errare
2882 2539 3137 2602 velimus,
3171 2538 3450 2594 Christum
3498 2538 3599 2592 Dei

2006 2626 2205 2681 Filium
2224 2667 2239 2692 ,
2274 2627 2444 2682 veluti
2470 2629 2659 2698 gloriae
2687 2644 2812 2699 quae
2841 2629 3065 2686 aliunde
3094 2629 3468 2700 proﬁciscitur
3508 2630 3595 2685 inv

2006 2714 2219 2786 dignm,
2244 2731 2274 2769 a
2300 2715 2509 2786 Spiritu
2531 2724 2724 2772 sancto
2741 2717 3109 2787 gloriﬁcatum
3133 2733 3482 2788 nequaquam
3508 2718 3595 2771 di-

2006 2820 2197 2861 cemus
2238 2823 2253 2859 :
2283 2805 2556 2875 siquidem
2606 2806 2849 2876 Spiritus
2872 2807 3023 2862 illius
3046 2822 3228 2878 neque
3257 2807 3353 2862 illo
3379 2808 3611 2873 melior,

2006 2912 2188 2966 neque
2230 2896 2326 2951 illo
2368 2912 2591 2952 rursum
2632 2897 2928 2961 sublimior
2956 2907 3062 2955 est.
3114 2898 3318 2953 Verum
3349 2898 3497 2967 quod
3524 2898 3597 2954 ad

2006 2986 2317 3042 divinitatis
2373 3002 2487 3042 suae
2538 2986 2999 3057 significationem
3039 3002 3142 3043 suo
3189 2986 3424 3042 subinde
3467 2986 3594 3055 Spi—

2005 3079 2113 3134 ritu
2141 3079 2196 3133 in
2221 3079 2517 3150 insignium
2537 3095 2767 3149 operum
2795 3079 3206 3150 perpetratione
3229 3086 3500 3144 uteretur,
3524 3077 3596 3132 ob

2006 3171 2060 3226 id
2093 3187 2152 3226 se
2193 3172 2263 3226 ab
2298 3172 2394 3227 illo
2423 3170 2717 3242 glorificari
2754 3170 3145 3241 proﬁtebatur,
3182 3169 3418 3240 perinde
3442 3185 3508 3225 ac
3547 3170 3601 3229 si,

287 3253 460 3324 ἧγουν
499 3252 829 3324 ἐπιστήμης
854 3254 957 3323 τῆς
991 3253 1079 3327 ἐφ’
1111 3252 1336 3324 ὁτῳοῦν,
1371 3253 1454 3306 ὅτι
1488 3238 1898 3322 Δοξὰσουσίμε.

2007 3262 2130 3334 quis
2172 3272 2424 3317 nostrum
2465 3262 2535 3317 de
2579 3278 2679 3317 sua
2715 3261 3065 3328 fortitudine,
3099 3271 3196 3318 aut
3221 3261 3470 3332 cujusvis
3509 3261 3593 3316 rei

289 3346 354 3399 Et
382 3343 633 3417 γὰρκαὶ
664 3344 817 3398 ἔστιν
845 3344 904 3397 ὲν
932 3344 1236 3407 ὑποστάσει
1262 3344 1326 3398 τὸ
1354 3344 1583 3414 Πνεῦμα
1613 3345 1777 3416 ἱδικῇ,
1804 3344 1901 3398 καὶ

2007 3354 2231 3410 scientia
2261 3354 2409 3409 dicat
2439 3373 2451 3407 :
2476 3354 2592 3409 Mea
2622 3370 2711 3410 me
2757 3356 2941 3410 virtus
2993 3364 3091 3410 aut
3128 3354 3361 3410 scientia
3383 3354 3594 3425 gloriﬁ-

285 3436 355 3509 δὴ
392 3440 495 3491 καὶ
526 3439 741 3501 νοεῖται
770 3436 894 3503 καθ’
941 3436 1126 3501 ἑαυτὸ,
1168 3436 1305 3491 καθὸ
1348 3437 1580 3507 Πνεῦμά
1622 3442 1760 3506 ἐστι,
1805 3441 1900 3495 καὶ

2007 3442 2166 3499 eabit.
2215 3443 2353 3497 Nam
2401 3443 2508 3497 etsi
2553 3442 2795 3514 Spiritus
2828 3444 2883 3498 in
2933 3443 3158 3515 propria
3197 3458 3433 3513 persona
3458 3442 3591 3497 sub-

283 3531 386 3603 οςιχ
403 3530 541 3594 Υἱός
559 3547 572 3557 ·
593 3528 714 3584 ἀλλ’
737 3524 831 3584 οὖν
849 3530 1000 3583 ἐστιν
1018 3529 1122 3583 οὐκ
1137 3529 1419 3601 ἀλλότριον
1438 3530 1604 3584 αὑτοῦ
1626 3546 1642 3567 '-
1673 3528 1899 3602 Πνεῦμα

2007 3535 2179 3599 sistat,
2218 3543 2557 3605 eatenusque
2603 3535 2660 3590 in
2703 3535 2890 3606 seipso
2926 3534 3344 3599 consideretur,
3395 3541 3592 3603 quatev

284 3623 396 3692 γὰρ
422 3621 698 3691 ἀληθείας
714 3620 1062 3691 ὠνόμασται,
1087 3621 1182 3675 καὶ
1198 3619 1560 3692 ἔστιΧριστὸς
1590 3623 1623 3691 ἡ
1648 3621 1895 3693 ἀλήθεια’

2007 3642 2105 3681 nus
2135 3625 2376 3695 Spiritus
2419 3633 2476 3681 et
2520 3643 2632 3681 non
2684 3627 2896 3693 Fili-us;
2922 3641 3034 3682 non
3067 3634 3155 3681 est
3200 3637 3385 3680 tamen
3425 3624 3497 3678 ab
3526 3640 3613 3679 eo,

284 3713 384 3767 καὶ
416 3714 723 3784 προχεῖται
760 3709 892 3783 παρ’
937 3710 1142 3785 αὑτοῦ,
1175 3713 1431 3784 καθάπερ
1464 3713 1658 3785 ἀμέλει
1700 3716 1796 3769 καὶ
1835 3717 1900 3769 ἐκ

2007 3716 2247 3783 alienus;
2294 3716 2745 3786 quandoquidem
2787 3716 3032 3786 Spiritus
3052 3715 3303 3773 veritatis
3337 3712 3591 3769 nomina-

279 3802 383 3857 τοῦ
436 3802 587 3856 Θεοῦ
647 3804 746 3856 καὶ
788 3789 1050 3872 Πατρός·
1096 3800 1438 3876 Ἑνεργῆσαν
1488 3805 1781 3878 τοιγαροῦν
1837 3807 1900 3861 τὸ

2007 3813 2093 3861 tur
2118 3823 2135 3873 ;
2160 3805 2416 3861 Christus
2442 3814 2624 3861 autem
2656 3810 2864 3861 veritas
2878 3814 3006 3872 est;
3036 3812 3092 3861 et
3114 3804 3349 3875 proinde
3371 3818 3593 3873 quoque

280 3894 524 3965 Πνεῦμα
567 3894 670 3946 καὶ
719 3893 808 3947 διὰ
864 3894 1051 3965 χειρὸς
1104 3894 1211 3949 τῶν
1240 3896 1414 3964 ἁγίων
1470 3897 1785 3953 ἀποστόλων
1829 3899 1900 3954 τὰ

280 3985 588 4058 παράδοξα
611 3984 759 4057 μετὰ
787 3985 848 4038 τὸ
869 3985 1117 4040 ἀνελθεῖν
1142 3986 1234 4039 τὸν
1264 3988 1469 4059 Κύριον
1497 3989 1655 4058 ἡμῶν
1693 3991 1897 4060 Ἰησοῦν

277 4080 533 4152 Χριστὸν
561 4082 647 4142 είς
677 4078 770 4133 τὸν
798 4079 1054 4151 οὐρανὸν,
1077 4079 1330 4146 ἐδόξασεν
1349 4081 1537 4135 αὐτόν.
1568 4082 1893 4154 Ἑπιστεύθη

276 4172 416 4241 γὰρ.
442 4172 538 4224 ὃτι
568 4170 707 4234 Θεὸς
739 4170 885 4224 κατὰ
912 4169 1078 4239 φύσιν
1112 4172 1250 4235 ἐστὶ,
1279 4172 1442 4226 πάλιν
1459 4174 1624 4237 αὐτὸς
1655 4174 1896 4243 ἐνεργῶν

274 4263 368 4318 διὰ
396 4263 505 4317 τοῦ
559 4262 695 4315 ίδίου
740 4263 1084 4332 Πνεῦματος.
1136 4263 1237 4317 Διὰ
1275 4263 1436 4317 τοῦτο
1472 4266 1568 4319 καὶ
1619 4264 1891 4334 ἔφασκενο

279 4370 303 4404 Ι
342 4354 478 4406 Ὀτι
514 4354 585 4405 ὲκ
626 4350 724 4404 τοῦ
755 4350 888 4421 ἐμοῦ
929 4350 1182 4421 λήψεται,
1224 4353 1320 4406 καὶ
1352 4354 1650 4423 ἀναγγελεῖ
1676 4356 1827 4424 ὑμῖν.
1868 4374 1886 4407 ι

276 4446 392 4499 Καὶ
429 4443 500 4498 οὗ
539 4444 597 4496 τί
651 4442 754 4495 πού
810 4460 1017 4513 φαμεν,
1066 4443 1143 4506 ὡς
1172 4445 1238 4496 ὲκ
1274 4445 1508 4515 μετοχῆς
1559 4445 1621 4499 τὸ
1666 4446 1894 4517 Πνεῦμά

275 4538 399 4590 ἔστι
426 4535 606 4606 σοφόν
628 4552 691 4587 τε
713 4534 808 4589 καὶ
833 4534 1081 4588 δυνατόν’
1107 4536 1423 4590 παντέλειον
1444 4537 1552 4608 γὰρ
1570 4538 1662 4590 καὶ
1677 4538 1890 4609 ἀπροσ-

273 4629 397 4694 δεές
447 4631 579 4682 ἐστι
630 4627 836 4690 παντὸς
876 4626 1105 4696 ἀγαθοῦ.
1149 4628 1367 4698 Ἐπειδὴ
1411 4629 1469 4685 δὲ
1504 4630 1603 4700 τῆς
1648 4628 1743 4682 τοῦ
1781 4630 1892 4682 Πα-

276 4723 411 4793 τρὺς
458 4722 760 4789 δυνάμεως
811 4720 907 4774 καὶ
959 4719 1182 4787 σοφίας,
1227 4719 1371 4772 τοῦτ’
1417 4719 1536 4772 ἐστι
1582 4718 1676 4773 τοῦ
1734 4717 1890 4784 Υἰοῦ,

2007 4738 2128 4776 nem
2154 4721 2375 4791 sapiens
2406 4730 2503 4776 aut
2541 4727 2740 4791 potens
2770 4720 2843 4773 sit
2869 4737 2881 4772 :
2908 4726 2992 4773 est
3016 4718 3164 4774 enim
3206 4717 3297 4771 ille
3337 4714 3586 4773 numeris

276 4811 521 4881 Πνεῦμα
560 4810 738 4871 ἐστιν,
778 4807 1105 4879 αὐτόχρημα
1134 4811 1253 4861 ἐστι
1287 4808 1447 4877 σοφία
1481 4809 1573 4867 καὶ
1593 4807 1845 4878 δύναμις.

2007 4813 2266 4867 omnibus
2288 4811 2591 4885 perfectus,
2620 4811 2941 4882 nulliusque
2958 4810 3183 4880 penitus
3206 4808 3447 4879 indigus.
3477 4805 3584 4862 Ve-

277 4920 407 4959 rum
426 4904 569 4974 quia
591 4897 857 4973 potentia:
880 4909 939 4957 et
962 4901 1249 4972 sapientiae
1272 4901 1473 4969 Patris,
1499 4902 1605 4958 hoc
1627 4909 1711 4957 est
1740 4901 1894 4969 Filii,
1928 4903 2168 4981 Spiritus
2192 4913 2298 4971 est,
2325 4905 2456 4973 hinc
2482 4913 2540 4960 et
2570 4905 2688 4976 ipse
2705 4920 2927 4975 quoque
2991 4918 3177 4974 reipsa
3236 4899 3487 4983 potentia
3529 4904 3601 4966 et-

276 4998 567 5070 sapientia
594 5004 703 5052 cst.
3576 5058 3581 5061 _

348 5092 466 5146 Kal.
500 5088 703 5159 ἐπειδὴ
735 5087 875 5141 Θεὸν
915 5087 1185 5142 ἑνωθέντα
1220 5089 1387 5157 σαρκὶ
1434 5074 1889 5145 καθ”ὑπόστασιν

2061 5088 2201 5158 Quia
2227 5104 2360 5142 vero
2388 5102 2543 5145 sacra
2569 5086 2735 5157 Virgo
2759 5085 2931 5139 Deum
2956 5081 3111 5137 carni
3139 5079 3443 5139 secundum
3480 5078 3581 5149 hy-

268 5187 303 5254 η
330 5181 476 5251 ἁγία
509 5178 799 5251 Παρθένος
829 5179 1089 5232 ἐκτὲτοκε
1130 5179 1434 5251 σαρκικῶς,
1468 5179 1645 5252 ταύτῃ
1680 5198 1763 5235 τοι
1795 5182 1891 5234 καὶ

2007 5179 2259 5250 postasim
2296 5179 2513 5234 unitum
2552 5175 2920 5247 corporaliter
2969 5171 3179 5247 genuit,
3230 5170 3302 5224 ob
3336 5169 3390 5224 id
3429 5170 3578 5227 illam

274 5275 553 5328 Θεοτόκον
589 5267 736 5325 εἶναί
767 5288 951 5341 φαμεν
983 5271 1178 5341 αὐτὴν,
1212 5273 1312 5342 οὐχ
1344 5272 1419 5335 ὡς
1449 5273 1549 5343 τῆς
1584 5272 1679 5326 τοῦ
1713 5271 1888 5340 Λόγου

2007 5286 2214 5340 meque
2240 5269 2527 5340 Deiparam
2552 5284 2672 5324 esse
2700 5267 2964 5331 dicimus;
2992 5280 3103 5327 non
3116 5261 3263 5334 quod
3292 5256 3387 5316 Dei
3413 5261 3579 5317 Verbi

276 5365 504 5432 φύσεως
528 5364 634 5435 τήν
656 5361 760 5430 τῆς
782 5360 1074 5433 ὑπάρξεως
1086 5362 1260 5434 ἀρχὴν
1278 5362 1511 5433 ἐχούσης
1530 5361 1638 5415 ἀπὸ
1660 5363 1886 5431 σαρκός·

2007 5366 2191 5414 natura
2214 5359 2514 5415 exsistcndi
2546 5358 2767 5413 initium
2793 5371 2861 5410 ex
2889 5369 3055 5409 carne
3089 5350 3352 5407 traxerit:
3386 5371 3404 5403 ι
3445 5351 3601 5411 Erat,

279 5478 300 5513 ι
338 5454 450 5513 Ἦν
491 5458 619 5530 γὰρ⁷
657 5457 720 5508 ἐν
767 5456 939 5526 ἀρχῇ,
974 5455 1072 5508 καὶ
1124 5453 1258 5519 Θεὸς
1292 5451 1361 5527 ἦν
1395 5456 1424 5509 ὁ
1455 5456 1654 5520 Λόγος,
1705 5454 1802 5506 καὶ
1853 5455 1883 5506 ὁ

2007 5450 2139 5507 enim
2166 5452 2404 5507 Verbum
2434 5451 2490 5506 in
2519 5449 2816 5521 principio,
2840 5455 2897 5505 et
2918 5445 3065 5501 Deus
3086 5452 3207 5501 erat
3230 5444 3495 5510 Verbum,
3516 5453 3591 5507 ct,

1999 3899 2068 3954 ab
2086 3899 2200 3965 illo,
2218 3907 2382 3969 atque
2411 3915 2441 3953 a
2474 3899 2586 3953 Deo
2607 3899 2769 3953 Patre
2792 3898 3064 3969 procedit.
3090 3896 3199 3968 75
3221 3897 3361 3953 Cum
3406 3897 3589 3967 igitur,

1996 3990 2231 4046 Domino
2252 3998 2443 4044 nostro
2464 3988 2531 4043 ad
2559 3990 2759 4050 ecelum
2781 3996 3082 4058 assumpto,
3104 3987 3344 4058 Spiritus
3368 3993 3590 4045 sanctus

1998 4081 2269 4152 stupenda
2306 4080 2561 4152 prodigia
2604 4096 2704 4152 per
2728 4089 3048 4137 sanctorum
3076 4079 3452 4150 apostolorum
3473 4094 3589 4131 ma—

1996 4188 2102 4227 nus
2127 4171 2338 4236 ederet,
2384 4171 2538 4225 illum
2580 4171 2939 4242 gloriﬁcavit.‘
2985 4169 3269 4227 Creditum
3301 4166 3388 4222 est
3417 4168 3588 4227 enim,

1996 4261 2145 4333 quod
2167 4263 2315 4316 Deus
2353 4261 2659 4319 secundum
2686 4268 2940 4315 naturam
2980 4267 3148 4324 esset,
3184 4274 3283 4327 per
3322 4257 3586 4326 Spiritum

1996 4369 2158 4407 suum
2182 4352 2368 4408 denuo
2395 4353 2551 4406 illum
2599 4351 2842 4422 Operari.
2882 4350 3185 4420 Propterea
3214 4362 3437 4417 quoque
3470 4346 3586 4403 aie~

1995 4444 2132 4500 bat:
2177 4463 2195 4494 ι
2230 4444 2501 4521 Quoniam
2548 4442 2618 4497 de
2650 4458 2774 4498 meo
2814 4440 3073 4511 accipiet,
3123 4448 3181 4496 et
3230 4436 3585 4494 annuntiabit

1994 4539 2154 4598 vobis
2174 4537 2242 4592 “9.
2282 4558 2299 4589 ι
2352 4538 2467 4592 lloc
2514 4546 2697 4592 tamen
2741 4552 2853 4590 non
2904 4535 2983 4599 ita
3040 4531 3423 4604 accipiendum
3480 4538 3584 4596 est,

2000 4632 2158 4703 quasi
2204 4630 2444 4701 Spiritus
2478 4638 2702 4696 sanctus
2744 4645 2843 4705 per
2875 4626 3167 4699 quamdam
3209 4622 3593 4696 participatio-

337 5617 382 5649 “
404 5615 584 5673 Hebr.
616 5630 674 5681 ι,
701 5611 842 5677 5-7;
868 5609 1015 5679 Psal.
1049 5625 1231 5675 χχιιι,
1263 5609 1380 5665 7›9.
1460 5609 1503 5640 ⁵⁷
1538 5609 1698 5663 Rom.
1730 5624 1809 5673 ιιι,
1843 5607 1905 5662 23

2007 5607 2043 5638 ⁸⁸
2079 5608 2238 5663 Joan.
2261 5624 2370 5671 xvi,
2409 5606 2493 5659 14.
2573 5606 2617 5640 ⁸⁸
2651 5605 2792 5661 Ibid.

1366 5720 1542 5775 Variae
1568 5720 1836 5777 lectiones
1866 5718 2074 5777 codicis
2108 5715 2472 5793 Seguieriani.

332 5866 351 5894 r
396 5853 543 5919 πῶς,
634 5858 655 5886 ι
697 5844 913 5915 ἐχρῆτο
936 5839 1013 5912 τῷ
1051 5841 1165 5913 ίδίῳ
1194 5838 1490 5910 πνεύματι.
