4058 6448
459 387 560 448 H9

1457 401 1511 458 S.
1557 404 1836 462 CYRILLI
1873 408 2343 469 ALEXANDRINI
2383 416 2685 473 ARCHIEP

3630 422 3730 478 120

455 508 699 566 Verbum
759 519 879 565 erat
933 510 1079 581 apud
1142 512 1317 570 Deum
1342 515 1431 570 "°:
1465 537 1485 570 ι
1529 526 1587 573 ct
1617 520 1799 589 ipsum
1840 522 2041 577 saecula

2153 525 2316 595 Λόγος
2345 522 2415 599 ἦν
2445 529 2583 598 πρὸς
2613 528 2705 582 τὸν
2732 528 2866 582 Θεόν
2886 545 2901 558 ο
2946 547 2965 582 ι
3002 529 3096 582 καὶ
3120 530 3282 594 αὑτός
3316 532 3432 585 ἐστι
3455 531 3564 587 τῶν
3595 533 3735 587 alti)-

453 601 727 666 condidit,
766 601 1028 674 Patrique
1054 620 1305 662 cozevum
1352 623 1443 665 res
1469 624 1665 667 omnes
1686 612 2040 682 procreavit;

451 691 552 748 sed
589 692 723 763 quia
749 693 992 750 humana
1026 705 1225 753 natura
1249 701 1556 757 secundum
1578 703 1915 775 hypostasim
1936 706 2043 761 sibi

453 783 629 847 unita,
677 800 1003 857 corpoream
1029 829 1045 854 ,
1083 798 1143 844 ut
1188 792 1355 848 modo
1400 793 1743 862 dicebamus,
1789 812 1855 852 ex
1881 804 2045 854 utero

453 877 800 935 nativitatem
825 890 1119 951 expertum
1138 895 1261 940 est:
1291 902 1403 941 non
1430 887 1580 956 quod
1622 896 1850 959 propter
1884 898 2047 945 natu-

453 983 574 1023 ram
600 973 884 1042 propriam
904 977 1215 1046 temporali,
1238 993 1304 1032 es
1329 977 1591 1034 videlicet
1611 994 1735 1049 quae
1762 980 1821 1035 in
1854 981 2043 1036 novis-

452 1059 611 1116 simis
640 1063 826 1119 saeculi
862 1067 1209 1137 temporibus
1235 1069 1456 1136 accidit,
1483 1071 1768 1127 nativitate
1792 1088 2045 1129 necessa—

454 1152 541 1206 rio
580 1152 856 1226 indigeret
898 1158 1033 1214 :sed
1063 1173 1175 1228 quo
1206 1167 1409 1215 nostra
1451 1177 1674 1233 quoque
1722 1163 2045 1220 substantiae

454 1253 640 1299 ortum
682 1261 779 1302 sua
812 1248 1201 1307 benedictione
1230 1253 1560 1319 cumularet,
1593 1255 2041 1327 maledictioque,

453 1352 582 1408 quae
608 1341 861 1396 mortalia
885 1356 1118 1412 corpora
1149 1353 1340 1400 nostra
1362 1346 1420 1401 in
1466 1356 1703 1403 mortem
1736 1348 2047 1420 praecipita-

454 1429 570 1495 bat,
600 1431 708 1487 hoc
751 1433 873 1503 ipso
903 1434 959 1489 in
985 1444 1273 1505 posterum
1305 1445 1501 1494 contra
1522 1439 1844 1496 universum
1871 1457 2045 1510 genus

458 1527 716 1585 nostrum
757 1523 950 1579 saevire
991 1524 1310 1592 desisteret,
1334 1542 1446 1598 quo
1476 1529 1613 1585 illud
1648 1532 1804 1586 carni
1826 1534 2044 1588 unitum

451 1627 522 1667 ex
558 1613 795 1669 muliere
842 1614 900 1670 in
940 1616 1121 1672 lucem
1170 1619 1505 1688 prodiisset;
1557 1630 1616 1678 et
1646 1622 1742 1678 illo
1776 1622 1998 1679 tandem
2029 1643 2041 1678 :

460 1723 484 1756 ι
514 1703 575 1758 1η
617 1704 809 1761 dolore
830 1707 1011 1777 paries
1032 1707 1174 1765 ﬁlios
1194 1711 1265 1778 ⁷⁸,
1296 1730 1314 1762 ι
1348 1726 1446 1782 per
1472 1712 1652 1783 ipsum
1677 1713 2042 1780 labefactata;

452 1811 651 1851 verum
679 1812 803 1863 esse
823 1799 1146 1855 ostenderet
1174 1802 1320 1871 quod
1349 1804 1637 1873 prophetae
1671 1819 1807 1860 voce
1834 1804 2044 1860 dictum

2146 635 2253 671 νων
2284 621 2313 671 ό
2354 620 2585 692 ποιητὴς
2608 661 2624 682 ,
2658 622 2927 686 συναῒδιος
2958 622 3036 694 τῷ
3072 623 3272 694 Πατρὶ,
3320 624 3414 678 καὶ
3449 624 3560 678 τῶν
3593 626 3733 686 ὅλων

2144 708 2479 782 δημιουργός
2502 726 2516 741 ⁶
2553 713 2689 779 ἀλλ’,
2726 714 2803 778 ὡς
2846 716 2952 787 ἢδη
2977 715 3350 787 προείπομεν,
3385 717 3573 790 ἐπειδη
3605 717 3731 772 καθ’

2147 803 2445 857 ὑπόστασιν
2474 804 2683 869 ένὼσας
2712 807 2894 878 ἑαυτῷ
2920 808 2982 862 τὸ
3011 806 3377 878 ἀνθρώπινον,
3407 810 3503 863 καὶ
3530 812 3595 864 ὲκ
3629 812 3734 882 μή-

2146 910 2281 965 τρας
2333 896 2505 968 αὑτῆς
2542 898 2799 969 γέννησιν
2852 900 3116 971 ὑπέμεινε
3153 902 3458 972 σαρκικήν·
3512 903 3611 973 οὑχ
3655 902 3734 966 ὡς

2143 986 2363 1056 δεηθεὶς,ι
2389 990 2722 1057 ἀναγκαίως,
2755 991 2879 1063 ἦτοι
2911 991 2999 1045 διὰ
3028 990 3128 1063 τὴν
3157 991 3296 1044 ίδίαν
3321 992 3505 1061 φύσιν,
3543 992 3646 1064 τῆς
3674 994 3755 1059 ὲν,

2145 1078 2324 1150 χρόνῳ
2341 1080 2436 1133 καὶ
2461 1083 2518 1135 ὲν
2535 1082 2787 1152 ἐσχάτοις
2807 1082 2904 1137 τοῦ
2922 1084 3119 1148 αίῶνος
3142 1087 3357 1156 καιροῖς
3380 1086 3689 1155 γεννήσεως
3713 1100 3731 1119 ’

2145 1170 2262 1224 ἀλλ’
2307 1171 2397 1225 ἵνα
2429 1172 2527 1226 καὶ
2562 1174 2734 1245 αὐτὴν
2778 1176 2884 1247 τῆς
2923 1176 3214 1245 ὑπάρξεως
3258 1175 3419 1247 ἡμῶν
3458 1175 3736 1249 εὑλογήσῃ

2145 1261 2245 1333 τὴν
2278 1264 2453 1335 ἀρχὴν
2477 1283 2491 1296 ⁸
2522 1267 2617 1319 καὶ
2644 1266 2918 1338 τεκούσης
2964 1268 3225 1336 γυναικὸς
3252 1267 3418 1320 αὑτὸν
3461 1266 3735 1322 ένωθέντα

2149 1357 2335 1426 σαρκὶ,
2379 1356 2660 1428 παύσηται
2698 1359 2885 1414 λοιπὸν
2914 1361 2949 1430 ἠ
2989 1360 3134 1414 κατὰ
3178 1360 3381 1422 παντὸς
3417 1357 3514 1412 τοῦ
3542 1359 3735 1427 γένους

2147 1448 2257 1519 ἀρά
2303 1449 2601 1520 πέμπουσα
2635 1451 2775 1520 πρὸς
2824 1451 3060 1506 θάνατον
3092 1451 3162 1505 τὰ
3196 1452 3262 1505 έκ
3293 1454 3398 1523 γῆς
3436 1449 3597 1522 ἡμῶν
3627 1448 3738 1503 σώ-

2150 1556 2319 1611 ματα,
2353 1540 2448 1594 καὶ
2473 1541 2553 1606 τὸ,
2594 1561 2614 1593 ι
2667 1544 2758 1598 Ἐν
2782 1542 2982 1607 λύπαις
3010 1540 3140 1614 τέξῃ
3169 1543 3339 1598 τέκνα
3363 1582 3377 1608 ,
3417 1562 3436 1595 ι
3454 1543 3535 1601 ,δι’
3562 1540 3737 1596 αὑτοῦ

2147 1633 2615 1705 καταργούμενον,
2640 1636 2841 1707 ἀληθὲς
2866 1638 3123 1708 ἀποφήνῃ
3151 1636 3213 1690 τὸ
3239 1634 3326 1689 διὰ
3351 1635 3450 1704 τῆς
3471 1634 3565 1689 τοῦ
3601 1651 3740 1705 προ-

2147 1724 2320 1793 φήτου
2349 1724 2563 1794 φωνῆς·
2604 1743 2623 1776 ι
2660 1725 2938 1779 Κατέπιεν
2962 1726 2991 1779 ό
3024 1723 3257 1787 θάνατος
3280 1720 3505 1793 ἰσχύσας
3527 1738 3542 1753 ·
3589 1739 3610 1774 ι
3641 1717 3743 1773 καὶ

2149 1815 2311 1868 πάλιν
2340 1831 2354 1846 ο
2387 1833 2405 1865 ι
2458 1815 2710 1886 Ἀφεῖλεν
2747 1819 2775 1871 ό
2806 1816 2940 1881 Θεὸς
2985 1817 3092 1871 πᾶν
3125 1813 3362 1886 δάκρυον
3393 1812 3501 1866 ἀπὸ
3532 1810 3742 1876 παντὸς

453 1885 636 1943 fuerat
673 1906 689 1942 :
715 1908 734 1942 ι
757 1890 1049 1962 Absorpsit
1078 1908 1232 1949 mors
1252 1897 1560 1965 praevalens
1581 1899 1664 1964 τίς
1694 1907 1751 1953 et
1773 1916 1995 1956 rursum
2026 1919 2039 1955 :

2153 1907 2462 1978 προσώπου.
2518 1885 2544 1960 »ν
2581 1907 2801 1979 Ταύτης
2847 1906 2957 1980 γὰρ
2989 1907 3154 1961 ἕνεκα
3182 1885 3281 1976 τῆς
3308 1904 3489 1966 αίτίας
3511 1944 3527 1970 ,
3553 1902 3743 1973 φαμὲν

460 1998 484 2031 ι
506 1978 746 2036 Abstulit
766 1981 913 2036 Deus
931 1996 1153 2037 omnem
1176 1983 1473 2055 lacrymam
1499 1985 1568 2040 ab
1589 1988 1737 2041 omni
1765 1987 1904 2044 facie
1923 1989 1989 2044 ⁷³.
2016 2011 2036 2043 ι

451 2069 569 2131 "ac
596 2070 715 2142 ipsa
746 2088 970 2144 quoque
993 2074 1063 2131 de
1089 2090 1256 2132 causa
1299 2076 1466 2133 simul
1503 2095 1629 2134 cum
1661 2082 1867 2138 sanctis
1908 2099 2042 2153 apo-

451 2162 612 2219 stolis
635 2165 704 2220 ad
729 2166 954 2237 nuptias
983 2166 1040 2222 in
1062 2167 1211 2226 Cana
1244 2168 1479 2226 Galilaaae
1503 2180 1781 2236 vocatum,
1833 2174 1944 2230 huc
1984 2190 2044 2231 se

451 2254 777 2321 contulisse,
814 2271 1027 2328 suaque
1064 2258 1456 2316 benedictione
1498 2260 1723 2319 easdem
1759 2264 2047 2336 dispensa-

452 2347 596 2402 torie
650 2348 1047 2407 cohonestasse
1093 2351 1332 2408 dicimus
1361 2352 1428 2408 ⁷⁸.
1465 2354 1594 2411 Ηαεο
1644 2363 1869 2423 tenere,
1924 2359 2043 2415 haec

448 2451 649 2508 apere
665 2454 793 2495 cum
819 2456 852 2496 ι
887 2442 1094 2500 sanctis
1129 2445 1399 2514 apostolis
1422 2453 1480 2501 et
1522 2448 1896 2519 evangelistis,
1929 2458 2043 2505 tum

448 2528 521 2584 ab
545 2531 807 2588 universa
828 2549 1051 2605 quoque
1074 2550 1233 2591 sacra
1270 2545 1329 2593 et
1357 2537 1546 2593 divina
1580 2538 1895 2610 Scriptura,
1926 2550 2044 2597 tum

447 2637 518 2678 ex
549 2624 735 2681 veraci
781 2625 1026 2697 denique
1070 2638 1391 2685 sanctorum
1430 2631 1657 2687 Patrum
1698 2634 2045 2691 confessione

447 2713 634 2771 edocti
651 2731 865 2773 sumus.
889 2718 987 2776 His
1006 2720 1267 2777 omnibus
1278 2730 1337 2777 et
1361 2731 1413 2777 te
1434 2738 1655 2794 quoque
1670 2725 2044 2792 subscribere,

449 2814 508 2860 et
530 2807 673 2863 citra
696 2823 920 2866 omnem
959 2811 1148 2868 fucum
1180 2828 1246 2869 ac
1273 2814 1466 2870 dolum
1503 2832 1611 2872 una
1639 2819 1931 2875 nobiscum
1963 2836 2050 2876 as-

2148 2002 2313 2056 αὑτὸν
2345 2004 2727 2075 οἰκονομικῶς,
2773 2005 2869 2058 καὶ
2894 2003 3058 2059 αὑτὸν
3086 2001 3381 2073 εὐλογῆσαι
3413 2000 3506 2054 τὸν
3534 2000 3738 2070 γάμον,

2149 2096 2246 2149 καὶ
2296 2095 2555 2150 ἀπελθεῖν
2609 2096 2950 2168 κεκλημένον
3003 2097 3061 2149 έν
3115 2095 3272 2168 Κανᾷ
3310 2095 3411 2164 τῆς
3441 2090 3742 2154 Γαλιλαίας

2146 2188 2282 2260 ὁμοῦ
2307 2191 2425 2253 τοῖς
2445 2189 2625 2258 ἁγίοις
2653 2189 2993 2253 ἀποστόλοις.
3026 2186 3215 2241 Ταῦτα
3246 2187 3465 2257 φρονεῖν
3492 2182 3741 2251 δεδιδαγ-

2146 2281 2289 2350 μεθα
2320 2279 2474 2351 παρὰ
2503 2282 2613 2334 τῶν
2637 2282 2809 2351 ἁγίων
2830 2281 3148 2335 ἀποστόλων
3185 2277 3280 2331 καὶ
3303 2273 3738 2345 εὑαγγελιστῶν,

2147 2371 2241 2429 καὶ
2279 2372 2461 2442 πάσης
2493 2372 2550 2425 δὲ
2582 2373 2682 2443 τῆς
2722 2371 3085 2426 θεοπνεύστου
3132 2368 3380 2442 Γραφῆς,
3418 2366 3517 2421 καὶ
3544 2367 3607 2418 ὲκ
3637 2364 3743 2435 τῆς

2146 2463 2257 2517 τῶν
2289 2465 2579 2535 μακαρίων
2611 2464 2875 2537 Πατέρων
2901 2463 3133 2535 ἀληθοῦς
3165 2460 3476 2533 ὁμολογίας.
3514 2457 3744 2520 Τούτοις

2149 2554 2322 2611 ἅπασι
2358 2556 2454 2609 καὶ
2482 2556 2584 2631 τὴν
2637 2558 2738 2628 σὴν
2773 2555 3064 2615 εὐλάϐειαν
3114 2554 3430 2613 συναινέσαι
3464 2549 3593 2623 χρὴ,
3640 2548 3741 2602 καὶ

2150 2647 2443 2705 συνθέσθαι
2470 2648 2592 2720 δίχα
2612 2648 2766 2702 δόλου
2794 2651 2812 2687 τ
2838 2648 3059 2711 παντός.
3095 2649 3164 2700 ’Λ
3188 2647 3246 2707 δέ
3264 2648 3413 2706 ἐστιν
3440 2643 3739 2712 ἀναγκαῖον

2151 2738 2550 2810 ἀναθεματίσαι
2581 2741 2682 2812 τὴν
2711 2741 2809 2813 σὴν
2849 2740 3162 2806 εὐλάϐειαν,
3200 2738 3569 2793 ὑποτέτακται
3607 2733 3739 2805 τῇδε

2151 2827 2308 2899 ἡμῶν
2330 2831 2397 2900 τῇ
2426 2830 2708 2902 ἐπιστολῇ.
2761 2838 2766 2844 ’

448 2897 651 2953 sentiri
678 2909 919 2969 oportet.
972 2901 1104 2969 Qum
1138 2919 1274 2960 vero
1313 2920 1343 2960 a
1383 2914 1479 2962 tua
1529 2912 1841 2964 reverentia
1884 2897 2252 2974 anathematis
2303 2897 2684 2979 exsecratione
2733 2919 3095 2983 condemnari
3128 2933 3355 2974 necesse
3396 2924 3502 2983 cst,
3536 2928 3602 2970 ea
3640 2925 3740 2966 no-

450 2997 583 3044 stra
620 2984 753 3046 huic
789 2991 1108 3062 epistoltein
1141 2994 1290 3051 hunc
1321 2996 1545 3053 modum
1582 3000 1974 3071 subjiciuntur.

523 3084 633 3155 ⁷ο
663 3085 705 3140 l.
733 3084 790 3141 Si
817 3086 944 3156 quis
973 3103 1087 3143 non
1135 3090 1437 3148 conﬁtetur
1485 3093 1903 3150 Emmanuelem
1951 3110 2045 3150 ve-

451 3189 576 3229 rum
611 3175 787 3231 Deum
806 3191 950 3244 esse,
985 3187 1043 3234 et
1068 3180 1140 3236 ob
1181 3180 1238 3236 id
1261 3192 1507 3239 sanctam
1532 3185 1813 3255 Virginem
1845 3185 2043 3256 Deipa-

2220 3102 2298 3154 A'.
2338 3102 2407 3154 Εἴ
2430 3118 2514 3165 τις
2535 3101 2635 3183 οὑχ
2669 3101 2927 3173 ὁμολογεῖ
2952 3098 3086 3153 Θεὸν
3122 3093 3263 3155 εἶναι
3289 3097 3434 3151 κατὰ
3471 3095 3738 3168 ἀλήθειαν

2146 3191 2238 3246 τὸν
2276 3192 2667 3265 Ἐμμανουὴλ,
2701 3193 2798 3246 καὶ
2830 3191 2921 3246 διὰ
2961 3189 3121 3245 τοῦτο
3150 3188 3413 3243 Θεοτόκον
3447 3188 3544 3261 τὴν
3579 3189 3744 3257 ἁγίαν

450 3284 570 3324 ram
591 3269 807 3341 (genuit
825 3272 976 3327 enim
1019 3272 1114 3329 illa
1147 3273 1499 3332 incarnatum
1543 3277 1643 3332 Dei
1675 3277 1923 3334 Verbum
1952 3295 2043 3335 se-

2153 3283 2423 3356 Παρθένον
2450 3284 2791 3357 (γεγέννηκε
2820 3286 2931 3354 γὰρ
2960 3281 3243 3355 ωρκικῶς
3274 3281 3453 3354 σάρκα
3476 3280 3745 3351 γεγονότα

451 3361 696 3418 cundum
716 3364 1004 3435 carnem),
1031 3367 1329 3423 anathema
1356 3369 1448 3423 sit.

522 3453 591 3509 ll.
626 3454 839 3526 Siquis
884 3472 997 3537 non
1048 3458 1364 3526 confitetur,
1419 3460 1517 3517 Dei
1564 3462 1746 3518 Patris
1789 3463 2039 3520 Verbum

449 3546 614 3603 carni
653 3549 963 3604 secundum
1001 3550 1347 3629 hypostasim
1374 3554 1619 3620 unitum,
1644 3563 1703 3611 et
1736 3556 1908 3611 unum
1938 3572 2047 3612 una

449 3654 579 3696 eum
628 3654 728 3695 sua
764 3656 930 3718 carne
959 3656 1083 3699 esse
1121 3642 1443 3711 Christum,
1494 3647 1751 3703 eumdem
1783 3649 2048 3705 nimirum

449 3732 626 3789 Deum
648 3733 816 3810 simul
840 3741 896 3790 et
923 3735 1207 3793 hominem
1227 3778 1242 3803 ,
1275 3738 1568 3794 anathema
1596 3740 1689 3795 sit.

521 3826 617 3903 ill.
640 3827 699 3884 Si
731 3828 858 3900 quis
893 3829 951 3885 in
983 3845 1097 3887 uno
1126 3828 1349 3887 Christo
1383 3841 1509 3902 post
1547 3833 1810 3890 unionem
1849 3835 2050 3891 dividit

451 3904 809 3999 hypostases,“
838 3937 1015 3993 eaque
1070 3922 1339 3991 duntaxat
1385 3925 1779 3995 conjunctione
1820 3928 2047 3997 easdem

332 4044 335 4049 ι
450 4012 599 4069 inter
644 4029 704 4069 se
730 4014 926 4093 nectit,
952 4031 1077 4086 quae
1108 4025 1195 4071 est
1236 4016 1544 4072 secundum
1569 4017 1915 4089 dignitatem,
1943 4018 2050 4073 hoc

449 4114 538 4162 est
567 4106 956 4164 auctoritatem
977 4147 991 4172 ,
1022 4107 1109 4162 vel
1153 4115 1481 4177 potestatem
1504 4150 1518 4173 ,
1547 4116 1603 4164 et
1635 4125 1746 4165 non
1769 4123 1834 4163 ea
1864 4107 2050 4177 potius

449 4212 575 4276 qua:
615 4180 701 4270 est
737 4199 1044 4276 secundum
1084 4200 1392 4271 naturalem
1431 4201 1724 4265 unionem,
1756 4199 2049 4274 anathema

450 4274 497 4349 si
505 4274 545 4368 ιζ
760 4275 769 4280 ’

522 4381 617 4459 ιν,
651 4384 709 4441 Si
741 4385 1104 4461 quis‘duabus
1139 4388 1393 4463 personis
1431 4388 1518 4441 vel
1543 4385 1935 4458 hypostasibus
1953 4400 2051 4457 eas

449 4489 619 4555 voces
657 4468 946 4544 attribuit,
998 4494 1122 4552 qua}
1152 4466 1230 4534 ‘in
1273 4480 1606 4552 evangelicis
1644 4489 1700 4535 et
1735 4479 2053 4555 apostolicis

453 4550 758 4646 Scripturi‘s
802 4568 1009 4641 passim
1062 4550 1366 4626 occurrunt
1389 4591 1403 4639 ;
1426 4558 1630 4641 quasve
1669 4586 1701 4633 a
1736 4571 1943 4626 sanctis
1983 4571 2052 4626 de

2148 3375 2240 3429 τὸν
2271 3377 2336 3430 έκ
2360 3376 2497 3430 Θεοῦ
2529 3376 2763 3447 Λόγον),
2794 3375 3049 3446 ἀνάθεμα
3076 3374 3240 3428 ἔστω.

2219 3462 2297 3518 B'.
2335 3462 2404 3517 Εί
2446 3481 2530 3528 τις
2575 3465 2676 3536 οὑχ
2719 3464 3014 3536 ὁμολογεῖ,
3054 3464 3220 3536 σαριιῖ⁵
3266 3463 3394 3517 καθ’
3440 3461 3746 3522 ὑπόστασιν

2147 3553 2391 3624 ἡνῶσθαι
2431 3555 2523 3608 τὸν
2567 3555 2632 3609 ὲκ
2670 3554 2806 3609 Θεοῦ
2856 3554 3071 3627 Πατρὸς
3100 3553 3274 3623 Λόγον
3296 3592 3312 3619 ,
3356 3552 3455 3607 ἕνα
3492 3569 3556 3605 τε
3600 3548 3749 3606 εῖναι

2149 3643 2387 3715 Χριστὸν
2420 3643 2559 3715 μετὰ
2605 3630 2708 3716 τῆς
2743 3643 2882 3709 ίδίας
2913 3644 3137 3717 σαρκὸς,
3179 3643 3271 3697 τὸν
3302 3643 3467 3696 αὑτὸν
3495 3640 3749 3714 δηλονότι

2149 3737 2283 3791 Θεὸν
2312 3737 2449 3807 ὁμοῦ
2485 3738 2581 3792 καὶ
2604 3737 2913 3810 ἄνθρωπον,
2949 3735 3203 3808 ἀνάθεμα
3231 3733 3394 3789 ἔστω.

2220 3831 2296 3885 1'".
2332 3830 2402 3884 E!’
2423 3849 2507 3895 τις
2532 3832 2626 3884 ἐπὶ
2652 3831 2748 3886 τοῦ
2792 3830 2911 3893 ένὸς
2952 3830 3197 3901 Χριστοῦ
3230 3829 3433 3899 διαιρεῖ
3457 3826 3552 3892 τὰς
3611 3828 3753 3884 ὑπο-

2108 3987 2117 3993 .
2154 3922 2371 3986 στάσεις
2407 3922 2546 3993 μετὰ
2566 3923 2664 3993 τὴν
2680 3923 2898 3989 ἕνωσιν,
2919 3922 3058 3996 μόνῃ
3094 3923 3381 3977 συνάπτων
3411 3922 3582 3986 αὑτὰς
3612 3940 3747 3977 συν-

2153 4015 2319 4085 αφείᾳ
2350 4017 2415 4086 τῇ
2450 4015 2590 4069 κατά
2622 4015 2720 4087 τὴν
2774 4014 2955 4080 ἀξίαν,
3006 4014 3176 4086 ἡγουν
3223 4013 3483 4086 αὑθεντίᾳ
3514 4014 3548 4085 ἢ
3576 4014 3748 4071 δυνα-

2152 4108 2327 4179 στείᾳ,
2348 4109 2442 4161 καὶ
2460 4108 2584 4179 οὐχὶ
2614 4108 2677 4179 δὴ
2706 4106 2908 4178 μᾶλλον
2934 4107 3136 4179 συνόδῳ
3161 4110 3229 4179 τῇ
3256 4106 3377 4162 καθ’
3406 4106 3599 4162 ἕνωσιν
3628 4127 3732 4180 φυ-

2155 4199 2334 4271 σικὴν,
2363 4198 2611 4270 ἀνάθεμα
2646 4198 2811 4253 ἔστω.

2225 4378 2296 4448 ᾼ¹.
2319 4378 2389 4431 Ei
2404 4394 2488 4442 τις
2510 4376 2826 4449 προσώποις
2853 4376 3026 4444 δυσὶν,
3062 4376 3230 4447 ἦγουν
3259 4374 3617 4439 ὑποστάσεσι,
3640 4374 3749 4439 τάς

2152 4488 2212 4523 τε
2252 4472 2310 4523 ἐν
2342 4473 2455 4533 τοῖς
2481 4468 2861 4537 εὑαγγελικοϊς
2895 4467 2989 4522 καὶ
3022 4466 3406 4530 ἀποστολικοῖς
3439 4464 3746 4534 Συγγράμ-

2159 4579 2291 4634 μασι
2348 4562 2594 4632 διανέμει
2655 4559 2861 4630 φωνὰς,
2915 4560 2948 4630 ἢ
2999 4559 3093 4612 ἐπὶ
3136 4557 3359 4630 Χριστῷ
3420 4558 3574 4630 παρὰ
3629 4558 3748 4611 τῶν

450 4657 697 4729 Christo,
727 4642 840 4717 aut
881 4662 953 4719 ab
1000 4661 1119 4733 ipso
1164 4678 1385 4733 quoque
1438 4661 1663 4717 Christo
1716 4664 1784 4716 de
1821 4676 1880 4716 se
1930 4660 2044 4732 ipso

2157 4653 2330 4722 ἀγίων
2383 4642 2704 4722 λεγομένας,
2744 4651 2779 4721 ἢ
2815 4651 2946 4721 παρ’
2995 4648 3162 4703 αὑτοῦ
3217 4652 3346 4722 περὶ
3381 4649 3574 4704 ἑαυτοῦ
3598 4666 3614 4682 ·
3646 4651 3750 4703 καὶ

454 4749 619 4827 dicta:
674 4759 839 4819 sunt;
884 4761 943 4809 et
996 4752 1131 4808 alias
1181 4753 1408 4823 quidem
1449 4751 1663 4806 homini
1714 4768 1968 4809 seorsum
2015 4767 2047 4807 a

452 4841 552 4913 Dei
586 4844 770 4900 Verbo
798 4845 1152 4902 considerato
1173 4845 1435 4910 ascribit,
1460 4844 1596 4899 alias
1622 4859 1756 4900 vero
1784 4852 2048 4914 tanquam

455 4933 513 4987 in
552 4916 795 4991 divinam
826 4938 1167 5009 maiestatem
1220 4934 1613 4990 convenientes
1641 4976 1655 5000 ,
1711 4934 1813 4989 soli
1867 4934 2051 4990 Verbo

453 5023 602 5094 quod
635 5039 705 5097 ea
730 5027 843 5081 Deo
872 5028 1033 5082 Patre
1055 5034 1161 5090 est,
1192 5025 1601 5090 accommodat,
1638 5026 1930 5081 anathema
1953 5027 2047 5081 sit.

379 5090 390 5104 ’
470 5090 495 5108 *ὅ
520 5115 586 5171 V.
620 5115 678 5183 Si
698 5090 838 5189 quis
869 5119 1055 5176 dicere
1081 5117 1269 5182 audet,
1305 5117 1586 5172 Christum
1611 5133 1734 5172 esse
1767 5117 2077 5173 hominem”

455 5206 735 5281 deiferum,
761 5219 819 5265 et
849 5226 958 5266 non
989 5209 1175 5280 potius
1206 5208 1379 5277 Deum
1409 5223 1601 5263 verum
1620 5250 1635 5273 ,
1661 5217 1851 5279 utpote
1879 5224 2050 5263 unum

455 5302 877 5373 naturalemque
921 5301 1154 5367 Filium,
1191 5310 1465 5370 quatenus
1503 5298 1764 5355 nimirum
1807 5300 2048 5358 Verbum

455 5404 589 5445 caro
620 5391 854 5468 factum,
883 5393 1035 5447 carni
1060 5402 1119 5457 et
1151 5392 1404 5464 sanguini
1428 5392 1659 5463 perinde
1686 5408 1748 5448 ac
1771 5409 1873 5449 nos
1895 5408 2046 5447 com—

458 5480 767 5549 municavit
786 5483 833 5515 "
856 5523 871 5549 ,
906 5482 1200 5538 anathema
1234 5480 1324 5538 sit.

531 5620 582 5653 ὀ
599 5619 760 5681 Joan.
782 5636 820 5685 ι,
848 5620 899 5683 1,
929 5619 983 5672 ‘2.

2154 4747 2255 4808 τὰς
2283 4745 2380 4815 μὲν
2406 4745 2482 4807 ὡς
2512 4732 2786 4814 ἀνθρώπῳ
2814 4742 2967 4813 παρά
2988 4741 3079 4795 τὸν
3104 4744 3169 4796 ἐκ
3190 4742 3326 4795 Θεοῦ
3356 4741 3527 4811 Λόγον
3557 4738 3752 4806 ίδικῶς

2156 4838 2433 4908 νοουμένῳ
2480 4835 2788 4906 προσάπτει
2813 4875 2828 4899 ,
2863 4834 2964 4900 τὰς
3007 4834 3064 4888 δὲ
3111 4833 3188 4898 ὡς
3225 4834 3552 4907 θεοπρεπείς
3595 4833 3752 4904 μόνῳ

2154 4929 2234 5001 τῷ
2261 4931 2326 4983 ὲκ
2353 4927 2489 4982 Θεοῦ
2517 4927 2733 5000 Πατρὸς
2757 4928 2941 5000 Λόγῳ,
2979 4928 3229 4999 ἀνάθεμα
3259 4926 3423 4982 ἔστω.
3476 4974 3483 4980 .

2229 5105 2305 5158 E’.
2350 5105 2420 5159 El
2457 5122 2541 5169 τις
2581 5103 2759 5175 τολμᾷ
2788 5104 2994 5172 λέγειν,
3026 5103 3286 5175 θεοφόρον
3325 5103 3612 5175 ἄνθρωπον
3650 5102 3749 5157 τὸν

2156 5199 2392 5272 Χριστὸν
2415 5239 2430 5262 ,
2466 5186 2562 5251 κάι
2594 5197 2715 5267 οὑχὶ
2755 5197 2819 5271 δὴ
2861 5197 3064 5267 μᾶλλον
3099 5197 3235 5251 Θεὸν
3264 5188 3406 5259 εἶναι
3434 5196 3575 5251 κατὰ
3603 5195 3749 5264 ἁλή-

2156 5293 2330 5357 θειαν,
2366 5292 2442 5355 ὡς
2489 5292 2617 5345 Υίὸν
2645 5290 2741 5343 ’ένα
2790 5291 2885 5342 καὶ⁵
2916 5290 3118 5360 φύσει,
3151 5290 3289 5344 καθὸ
3320 5291 3512 5360 γέγονε
3545 5288 3683 5359 σὰρξ
3714 5290 3751 5343 ό

2154 5385 2349 5453 Λόγος,
2391 5383 2485 5437 καὶ
2517 5380 2884 5452 κεκοινώνηκε
2916 5380 3314 5454 παραπλησίως
3343 5384 3479 5455 ἡμῖν
3510 5380 3749 5451 αἵματος

2153 5480 2249 5533 καὶ
2280 5477 2504 5549 σαρκὸς,
2542 5474 2792 5544 ἀνάθεμα
2829 5466 3013 5527 ἔστω(
3178 5470 3181 5471 ⁷

1062 5621 1104 5653 ⁷¹
1131 5620 1266 5677 Gcn.
1303 5637 1380 5687 ιιι,
1423 5621 1508 5678 16.
1588 5622 1633 5654 ⁷³
1662 5620 1801 5678 Osee
1830 5638 1947 5686 xm,
1973 5621 2038 5674 M

2160 5617 2180 5649 ³
2206 5617 2308 5672 lsa.
2342 5629 2478 5677 xxv,
2528 5611 2580 5667 8.
2659 5613 2706 5645 τ’
2733 5612 2889 5667 Joan.
2917 5626 2976 5677 ιι,
3010 5610 3027 5663 1
3062 5626 3216 5681 seqq.
3292 5610 3337 5643 π’
3358 5609 3527 5665 Hebr.
3553 5624 3611 5675 ιι,
3652 5609 3750 5672 Μ.

1530 5762 1704 5819 Varia:
1740 5762 2007 5817 lectiones
2041 5757 2251 5814 codicis
2281 5752 2647 5827 chuicriani.

538 5848 559 5900 i
597 5845 778 5941 λόγου.
