2029 3224
131 210 176 237 lii

836 208 1003 238 EPISTOLA
1023 208 1102 236 XVII.

1725 206 1735 232 l
1740 205 1779 232 2%

161 272 211 304 ς’.
230 268 269 296 ει
283 276 331 300 τις
345 266 436 303 τολμᾷ
461 267 564 303 λέγειν,
580 267 676 302 Θεὺνῆ
697 266 837 301 Δεσπότην
861 265 932 293 εἶναι

1021 265 1064 292 Vl.
1082 265 1110 292 Si
1126 264 1188 299 quis
1206 264 1252 291 Dei
1264 264 1352 291 Patris
1367 263 1498 295 Verbum,
1512 263 1614 291 Christi
1627 263 1712 289 Deum
1732 263 1775 290 vel

129 315 174 343 τοῦ
190 314 321 352 Χριστοῦ
333 314 383 342 τδν
395 315 431 342 ὲκ
446 313 516 342 Θεοῦ
531 313 638 348 Πατρδς
653 313 750 348 Λόγον,
767 313 815 340 καὶ
827 313 886 347 οὺχὶ
901 312 934 348 δὴ

131 361 233 397 pillei!
246 360 298 387 ’ὼν
314 360 402 387 αὐτὸν
417 359 549 395 ὁμολογεῖ
561 358 628 386 Θεδν
640 358 709 394 ὁμοῦ
719 367 750 384 τε
768 359 815 384 καὶ
831 357 935 392 ἂνθρω-

130 418 188 442 m,
205 409 247 440 ὡς
260 407 414 442 γεγονότος
427 406 532 443 σαρκὸς
543 406 591 433 τοῦ
605 406 704 440 Λόγου,
717 405 788 432 κατὰ
802 404 850 435 τὰς
863 404 934 438 [τρα-

129 456 193 491 qm,
207 454 344 490 ἀνάθεμα
358 453 449 487 ,Εστω.

162 512 202 539 2'.
215 509 253 538 Εῐ
269 509 317 542 τίς
333 517 421 546 φησιν
432 528 440 542 ,
454 508 493 540 ὠς
507 508 651 544 ἄνθρωπον
669 505 836 542 ὲνηργῆσθαι
859 504 936 540 παρὰ

128 557 174 584 τοῦ
185 554 259 584 Θεοῦ
274 555 370 590 Λόγου
379 555 426 582 τδν
447 553 565 589 Ἰησοῦν,
581 553 629 579 καὶ
641 552 691 587 τὴν
706 551 754 578 τοῦ
767 550 936 583 Μονογενοῦς

129 601 257 636 εὐδοξίαν
266 607 284 622 ι
296 600 468 637 περιῆφθαι,
483 600 522 632 ὡς
535 599 630 635 ἕτερον
646 603 661 619 ν
671 599 737 633 παρ’
748 597 829 624 αὐτὸν
847 595 937 631 ὑπάρ-

129 653 213 684 χοντα
223 651 252 681 ι,
265 646 402 682 ἀνάθεμα
419 645 502 674 ἔστω.

163 701 207 730 π.
222 702 260 731 ΕΙ
275 710 321 733 τις
334 700 470 736 τολμήσει
485 704 501 723 1
512 699 604 733 λέγειν
621 698 668 725 τὸν
685 697 875 733 ἀναληφθέντα
889 697 937 724 ἇν-

132 750 243 786 ορυιον
265 744 548 783 ωμπροσκυνείσθαι
567 745 622 771 δεῖν
637 744 676 780 τῷ
693 743 754 779 Θεῷ
775 744 866 778 Λόγῳ,
889 743 937 769 καὶ

134 793 364 827 Micon,
384 792 435 819 καὶ
453 789 691 827 συγχρηματίζειν
708 789 773 818 Θεὸν
792 793 814 822 ι,
829 788 866 820 ὡς
879 788 937 814 ἓτε-

132 848 177 876 ρον
191 838 327 874 ὲνιτὲρῳ
342 836 387 873 (τὸ
397 835 463 871 γὰρ,
477 835 550 867 σὺν,
566 835 610 862 ἀεὶ
619 833 845 869 προστιθέμενον,
858 832 938 859 τοῦτο

131 885 202 912 νοεῖν
214 881 380 919 ἀναγκάζει
390 880 401 916 )
411 901 420 913 ,
437 880 485 908 καὶ
497 879 560 915 οὐχὶ
572 879 605 914 δὴ
627 878 728 913 μᾶλλον
744 878 793 913 μιᾷ
815 886 934 913 προσκυ-

130 931 211 968 νίιωι
230 929 305 966 τιμᾷ
316 928 368 955 ’σὺν
386 925 573 962 Ἐμμανουήλ,
591 925 638 952 καὶ
659 925 723 960 μίαν
740 923 815 958 αὐτῷ
828 924 877 958 τὴν
892 923 935 950 δο-

133 976 260 1012 ξοὶογιὼν
286 973 469 1010 ἀναπέμπει,
494 971 682 1006 καθογέγονε
709 969 809 1006 σὰρξὸ
830 970 916 1004 Λόγος
929 988 937 1002 ,

179 1109 261 1140 θαι
267 1109 384 1146 τίθησι
391 1108 442 1136 τὸν
455 1107 505 1135 Eva
516 1106 620 1142 Κύριον
627 1103 732 1140 Ἰησοῦν
741 1104 858 1140 Χριστὸν
866 1103 938 1129 δεδο-

141 1157 240 1192 ξάσθαι
262 1155 336 1193 “pl
357 1154 409 1183 τοῦ
427 1154 590 1189 Πνεῦματος
611 1152 649 1184 ὡς
671 1150 801 1186 ἀλλοτρίᾳ
823 1149 939 1184 δυνάμει

138 1205 174 1241 τῇ
187 1202 224 1231 δι’
244 1200 333 1230 αὐνῶ
349 1200 513 1237 χρώμενον,
536 1199 584 1226 καὶ
598 1198 663 1233 παρ’
680 1194 763 1223 αὑτοῦ
779 1194 895 1221 λαϐόντα
909 1193 939 1241 το

135 1239 258 1286 ἕνσργεῑν
271 1247 410 1275 δύνασθαι
427 1245 500 1273 κατὰ
521 1243 685 1279 πνευμάτων
701 1241 876 1276 ἀκαθάρτων,
892 1239 938 1266 καὶ

133 1285 299 1332 ιδᾷληρσῦν
313 1295 358 1327 εις
372 1292 537 1328 ἀνθρώπους
554 1290 603 1321 τὰς
617 1288 781 1324 θεοσημείας
792 1308 799 1320 ,
815 1286 870 1332 κα.)ζ
879 1285 940 1320 οὐχὶ

132 1342 165 1380 δὴ
181 1329 289 1378 βάλον
310 1339 382 1368 [διον
396 1337 482 1366 αὐτοῦ
497 1337 528 1364 τὸ
543 1336 658 1372 [1νεῦμά
677 1343 744 1370 φησι
759 1355 766 1367 ,
792 1334 827 1360 δι’
841 1329 872 1360 οὗ
891 1332 939 1359 καὶ

131 1389 270 1426 min
282 1385 337 1419 τὰς
348 1384 526 1421 θεοσημείας,
545 1381 670 1417 ἀνάθεμα
685 1380 767 1407 ἔστω.

162 1490 195 1521 ἓ,
218 1487 377 1526 ’Δρχιερᾶα
397 1487 447 1515 καὶ
460 1484 612 1513 ἀπόστολον
633 1483 682 1518 τῆς
699 1479 848 1516 ὁμολογίας
861 1478 939 1513 ἡμῶν

131 1534 303 1572 γεγενῆσθαι
323 1531 448 1568 Χριστὸν
460 1531 478 1566 ἠ
492 1529 553 1556 Θεία
571 1528 646 1562 λέγει
661 1526 768 1572 Γραφὴ,
782 1531 939 1572 app-axem:

267 1567 452 1614 σπιρῆμῶν
471 1573 571 1602 ἑαυτὸν
588 1572 628 1604 εις
653 1571 741 1607 ὀσμὴν
763 1569 876 1600 εὐωδίας
900 1567 939 1602 τῷ

988 311 1133 337 Dominum
1149 317 1209 337 esse
1223 310 1335 341 dixerit;
1352 316 1441 343 neque
1461 313 1522 343 post
1539 308 1657 335 Verbum
1674 315 1775 334 secun-

987 357 1053 383 dum
1083 357 1238 391 Scripturas
1268 356 1451 387 incarnatum,
1482 363 1567 382 unum
1594 354 1777 388 eumdemquc

988 402 1074 429 Deum
1096 402 1178 428 simul
1207 405 1234 428 et
1255 401 1395 429 hominem
1421 409 1482 428 esse
1510 401 1651 427 confessus
1679 399 1775 430 fuerit,

987 448 1132 475 anathema
1144 448 1188 475 sit.

1024 503 1079 530 νη.
1096 503 1124 530 Si
1142 503 1204 537 quis
1225 503 1319 530 Jesum
1336 503 1477 531 Christum
1497 507 1527 529 ut
1539 503 1678 529 hominem
1693 509 1707 528 a
1722 502 1779 528 Deo

987 549 1079 577 Verbo
1098 553 1229 584 operante
1250 553 1355 576 motum
1373 549 1458 576 fuisse
1472 549 1583 580 dixerit,
1599 554 1627 575 et
1639 546 1778 581 Unigeniti

987 596 1077 630 gloria,
1088 595 1173 622 fuisse
1196 595 1397 622 circumdatum
1415 595 1493 629 quasi
1513 595 1630 622 alterum
1652 594 1686 621 ab
1701 593 1778 628 ipso,

988 641 1134 667 anathema
1147 641 1192 668 sit.

1024 698 1091 725 Vlll.
1110 698 1138 725 Si
1155 698 1217 733 quis
1233 699 1376 726 hominem
1384 702 1567 732 assumptum,
1579 705 1633 724 una
1643 704 1705 723 cum
1721 696 1780 730 ipso

988 743 1036 770 Dei
1049 743 1140 771 Verbo
1156 744 1338 776 adorandum,
1356 752 1412 771 una
1430 751 1493 770 cum
1511 743 1557 769 illo
1571 747 1700 776 tanquam
1713 741 1779 768 alte-

989 796 1050 814 rum
1066 788 1093 815 in
1110 788 1196 815 altero
1212 789 1401 820 exsistentem,
1415 789 1501 815 Deum
1518 787 1711 823 appellandum
1719 794 1780 813 esse

988 833 1082 861 dicere
1103 842 1187 861 ausus
1211 834 1294 860 fuerit
1316 833 1401 870 (hunc
1417 834 1491 861 enim
1508 833 1679 860 intellectum
1695 833 1780 867 parti—

988 879 1060 910 cula,
1077 888 1152 911 cum,
1175 879 1281 915 adjecta
1300 884 1434 914 perpetuo
1462 883 1490 907 et
1506 878 1663 906 necessario
1682 878 1781 905 all‘erre

954 938 975 968 Β
989 925 1154 959 consuevit),
1176 930 1204 952 et
1225 933 1280 952 non
1301 933 1356 952 una
1380 926 1472 960 potius
1491 925 1652 952 adoratione
1671 924 1780 951 Emma-

989 969 1099 996 nuelem
1114 970 1167 1005 77
1192 970 1318 1002 honorat,
1341 977 1478 1004 unamque
1500 969 1538 996 illi
1554 968 1780 1004 gloriﬁcationem

988 1015 1125 1047 attribuit,
1146 1020 1282 1050 quatenus
1300 1015 1419 1043 Verbum
1442 1015 1542 1042 factum
1558 1019 1600 1042 est
1618 1022 1698 1046 caro,
1717 1022 1781 1041 ana-

989 1060 1081 1087 thema
1096 1061 1141 1088 sit.

1021 1106 1066 1133 IX.
1085 1106 1113 1134 Si
1126 1107 1188 1141 quis
1201 1116 1286 1134 unum
1297 1108 1443 1137 Dominum
1455 1110 1579 1134 nostrum
1596 1106 1690 1134 Jesum
1700 1105 1781 1134 Chri-

990 1156 1061 1179 stum
1077 1160 1092 1179 a
1107 1152 1211 1187 Spiritu
1227 1158 1322 1181 sancto
1337 1153 1518 1188 gloriﬁcatum
1530 1153 1638 1184 asserit,
1654 1156 1783 1186 tanquam

990 1198 1079 1225 aliena
1094 1198 1196 1225 virtute
1218 1206 1298 1226 usum
1311 1206 1343 1225 ea
1364 1206 1425 1233 qua:
1444 1206 1497 1233 per
1507 1198 1598 1233 ipsum
1617 1202 1674 1231 est;
1690 1197 1782 1225 ellica-

990 1244 1126 1278 ciamque,
1144 1252 1197 1278 qua
1219 1249 1316 1272 contra
1337 1243 1493 1270 immundos
1509 1243 1624 1278 spiritus
1646 1247 1782 1274 uteretur,

990 1293 1017 1316 et
1037 1288 1129 1315 divina
1155 1289 1226 1315 inter
1250 1289 1377 1315 homines
1394 1288 1525 1315 miracula
1550 1291 1727 1322 operaretur,
1748 1286 1783 1314 ab

991 1335 1050 1369 ipso
1073 1334 1171 1361 eodem
1199 1335 1347 1368 accepisse'
1361 1334 1492 1368 praedicat
1507 1338 1535 1360 et
1562 1341 1617 1360 non
1640 1333 1782 1367 proprium

990 1380 1064 1407 illius
1076 1380 1114 1406 ait
1124 1388 1184 1407 esse
1201 1380 1345 1414 Spiritum,
1358 1387 1407 1414 per
1419 1387 1501 1415 quem
1520 1379 1612 1407 divina
1632 1379 1710 1414 signa
1723 1379 1783 1407 edi—

990 1426 1046 1458 dit,
1063 1426 1207 1453 anathema
1222 1426 1269 1453 sit.

1026 1481 1060 1508 Χ.
1080 1480 1221 1508 Christum
1239 1481 1333 1509 Jesum
1357 1485 1458 1509 nostra:
1479 1480 1660 1509 confessionis
1675 1479 1783 1515 pontiﬁ-

990 1534 1050 1554 cem
1063 1531 1091 1553 et
1105 1527 1258 1561 apostolum
1272 1527 1410 1554 exstitisse
1421 1528 1455 1559 ⁷⁸,
1476 1527 1658 1561 eamdemque
1681 1529 1779 1552 semet-

991 1573 1080 1607 ipsum
1096 1580 1146 1607 pro
1163 1573 1243 1600 nobis
1262 1573 1290 1599 in
1304 1573 1417 1600 odorem
1437 1572 1581 1600 suavitatis
1596 1573 1652 1599 Deo
1667 1575 1695 1598 et
1708 1571 1782 1598 Patri

131 1624 190 1662 θεῷ
203 1625 256 1652 καὶ
270 1621 381 1658 Πατρί.
397 1621 432 1648 Et
440 1629 483 1652 τις
499 1619 591 1646 τοίνυν
609 1617 742 1653 ἀρχιερέα
756 1616 803 1662 καὶ
818 1615 936 1662 tandem:

990 1617 1123 1644 obtulisse
1132 1618 1165 1649 ",
1183 1617 1276 1644 divina
1296 1617 1438 1652 Scriptura
1454 1620 1661 1645 commemorat.
1680 1616 1709 1643 Si
1722 1616 1784 1651 quis

131 1658 272 1708 λι)νήμῶ
291 1666 466 1704 γεγενῆσθαι
487 1673 582 1700 φησιν,
605 1664 658 1690 οὐκ
671 1662 752 1688 αὑτὸν
766 1660 856 1708 τονᾲὲκ
869 1658 937 1685 Θεοῦ

132 1706 229 1752 Δάτου,
245 1716 296 1743 ὓτε
317 1714 421 1750 γέγονε
443 1711 513 1747 σὰρξ
535 1711 583 1737 καὶ
603 1709 664 1737 καθ’
682 1708 755 1744 ἡμᾶς
777 1706 919 1740 ἅνθρωπος
931 1724 937 1736 ,

131 1763 191 1792 ἀλλ’
201 1763 244 1796 ὡς
262 1762 366 1798 ἕτερον
387 1758 454 1795 παρ’
468 1757 551 1785 αὑτδν
567 1755 662 1787 ἰδικῶς
677 1755 821 1788 ἄνθρωπον
836 1752 869 1778 ὲκ
889 1759 939 1784 γυ-

133 1809 227 1842 unde
238 1811 244 1816 '
261 1807 281 1844 ἢ
302 1807 388 1838 et“;
399 1805 494 1840 λέγει,
518 1804 565 1831 καὶ
583 1801 654 1837 ὑπὲρ
670 1799 768 1827 ἑαυτοῦ
789 1805 939 1834 προσενεγ-

132 1857 190 1885 εεῐν
201 1855 291 1883 αὑτὸν
307 1853 362 1890 τὴν
377 1850 549 1888 προσφορὰν,
567 1849 614 1876 καὶ
629 1848 689 1883 οὐχὶ
702 1847 733 1881 δὴ
752 1846 852 1880 μᾶλλον
869 1844 939 1890 ὑπερ

134 1903 223 1938 μόνων
241 1900 325 1937 ήμῶν
338 1899 381 1934 (οὗ
393 1898 449 1934 γὰρ
460 1897 494 1924 ἂν
507 1895 604 1931 ἐδεήθη
616 1893 776 1930 προσφορᾶς
789 1892 802 1918 ὁ
815 1889 939 1926 μὴείδὼς

132 1947 307 1986 ἁμαρτίαν),
319 1944 449 1980 ἀνάθεμα
462 1943 543 1971 ἔστω.

166 2081 223 2108 ΙΔΙ-
247 2077 285 2106 EI
304 2085 350 2109 τις
367 2076 420 2112 οὐχ
441 2073 571 2110 ὁμολογεῖ
591 2073 640 2108 τὴν
659 2071 706 2098 τοῦ
730 2071 835 2106 Κυρίου
850 2070 938 2105 σάρκα

132 2124 272 2160 (mur-5v
289 2122 377 2155 εῖναι,
394 2122 441 2149 καὶ
456 2120 526 2148 ἰδίαν
536 2117 619 2146 αὺτοῦ
634 2117 726 2144 τοῦσὲκ
742 2116 809 2144 Θεοῦ
830 2115 939 2149 Harpe;

131 2172 235 2206 Λόγου,
250 2169 314 2198 ἀλλ’
325 2169 366 2200 ὡς
376 2167 471 2203 ἑτέρου
486 2166 560 2198 τινὸς
574 2165 639 2200 παρ’
656 2164 748 2195 αὐτὸν,
764 2161 938 2197 συνημμένου

134 2215 278 2253 pham
296 2214 373 2243 κατὰ
386 2214 437 2250 τὴν
453 2212 545 2245 ἀξίαν,
576 2211 671 2247 ἤγουν,
699 2210 738 2242 ὼς
756 2209 840 2244 μόνην
864 2207 938 2234 θείαν

132 2252 277 2297 ένοδιησιν
288 2266 304 2283 ι
318 2259 470 2295 ισχηκότος
481 2267 488 2273 ·
497 2258 546 2284 καὶ
559 2257 621 2292 οὐχὶ
633 2256 665 2291 δὴ
679 2255 780 2291 μᾶλλον
795 2252 937 2286 ζωοποιὸν,

132 2309 170 2342 ὥς
180 2308 310 2344 ἔφημεν,
327 2306 371 2334 ὅτι
379 2305 494 2340 γέγονεν
509 2304 562 2331 ιδια
578 2303 626 2330 τοῦ
641 2303 728 2337 Λόγου
740 2301 788 2328 τοῦ
803 2300 837 2327 τὰ
848 2300 938 2327 πάντα

132 2354 284 2390 ζωογονεῖν
303 2351 456 2388 ἰσχύοντος,
468 2349 593 2385 ἀνάθεμα
607 2349 687 2377 ἔστω.

166 2464 222 2491 IB'.
250 2461 288 2490 Εἴ
303 2469 349 2493 τις
362 2461 413 2496 οὺχ
430 2460 558 2496 ὁμολογεῖ
571 2458 616 2485 τὸν
630 2458 678 2484 τοῦ
692 2456 760 2483 Θεοῦ
779 2455 865 2488 Λόγον
882 2462 936 2480 πα-
976 2478 982 2482 _

132 2508 216 2537 θόντα
233 2506 334 2543 σαρκὶ,
348 2506 397 2532 καὶ
413 2503 621 2540 ἐσταυρωμένον
636 2503 738 2538 σαρκὶ,
755 2500 804 2527 καὶ
818 2499 935 2526 θανάτου

132 2554 312 2590 γευσάμενον
332 2550 416 2587 σαρκὶ
426 2571 434 2583 ,
450 2550 581 2585 γεγονότα
597 2557 627 2576 τε
644 2547 815 2582 πρωτότοκον
834 2546 866 2571 ἐκ
881 2544 935 2590 τῶν

132 2589 254 2636 νεκρῶν,
279 2597 351 2625 καθδ
365 2596 422 2632 ζωή
436 2596 466 2623 τέ
494 2596 553 2622 ἐστι
571 2594 619 2621 καὶ
638 2591 770 2625 ζωοποιὸις
790 2590 827 2622 ὡς
851 2589 932 2624 Θεὸς,

133 2646 264 2682 ἀνάθεμα
277 2644 361 2671 ἔστω.

166 2767 193 2784 ⁷⁸
211 2766 303 2794 Hebr.
320 2771 361 2796 Ill,
380 2764 406 2790 Ι.
441 2763 464 2779 ⁷⁷
479 2762 580 2798 Ephes.
601 2771 627 2795 γ,
641 2762 667 2788 2.
704 2762 727 2777 ⁷⁸
739 2761 844 2789 Coloss.
861 2767 880 2793 l,
894 2759 937 2787 18.

990 1672 1055 1699 ergo
1068 1664 1180 1695 dixerit,
1194 1664 1352 1698 pontiﬁcem
1378 1668 1406 1691 et
1423 1665 1577 1698 apostolum
1590 1668 1715 1690 nostrum
1728 1671 1783 1690 non

990 1717 1050 1737 esse
1066 1710 1245 1736 constitutum
1268 1710 1357 1744 ipsum
1376 1710 1424 1737 Dei
1448 1710 1579 1742 Verbum,
1604 1712 1783 1744 posteaquam

990 1763 1055 1782 caro
1071 1760 1098 1782 et
1115 1756 1197 1783 homo
1214 1756 1293 1782 nobis
1309 1756 1405 1783 similis
1425 1756 1527 1783 iactum
1553 1760 1612 1788 est;
1631 1754 1678 1782 sed
1692 1754 1783 1781 homi—

990 1810 1052 1828 nem
1073 1802 1160 1833 illum,
1178 1801 1224 1836 qui
1237 1810 1269 1828 ex
1285 1801 1401 1829 muliere
1416 1806 1497 1828 natus
1509 1805 1560 1833 est,
1577 1801 1653 1836 quasi
1667 1801 1783 1827 alterum

990 1847 1146 1882 quempiam
1165 1848 1198 1874 ab
1214 1847 1273 1882 ipso
1285 1847 1425 1874 diversum
1442 1856 1448 1873 :
1462 1852 1509 1874 aut
1528 1847 1625 1882 siquis
1644 1847 1783 1874 Christum

990 1899 1040 1925 pro
1057 1891 1148 1926 seipse
1164 1900 1274 1926 quoque
1285 1913 1292 1923 ,
1315 1896 1342 1919 et
1358 1900 1413 1919 non
1434 1892 1529 1927 potius
1551 1901 1602 1927 pro
1620 1892 1700 1919 nobis
1717 1893 1784 1920 solis

990 1936 1158 1964 sacriﬁcium
1181 1937 1316 1965 obtulisse
1343 1937 1520 1965 aﬁirmaverit
1543 1939 1643 1973 (neque
1667 1938 1741 1965 enim
1762 1939 1784 1965 is

990 1983 1129 2010 oblatione
1138 1991 1208 2018 opus
1220 1984 1349 2016 habebat,
1363 1984 1410 2019 qui
1424 1985 1532 2012 nullum
1550 1989 1694 2020 peccatum
1707 1992 1783 2012 com-

990 2029 1126 2063 miserat),
1145 2030 1292 2057 anathema
1305 2030 1351 2057 sit.

1026 2074 1071 2101 Xl.
1090 2074 1118 2101 Si
1138 2075 1200 2110 quis
1218 2075 1304 2110 ipsam
1325 2076 1434 2104 Domini
1450 2085 1562 2105 carnem
1581 2075 1729 2108 viviﬁcam,
1744 2075 1789 2110 ip-

991 2119 1103 2153 siusque
1132 2120 1216 2147 Verbi
1241 2121 1314 2155 quod
1332 2129 1365 2148 ex
1385 2122 1465 2149 Patre
1488 2125 1548 2154 est,
1571 2122 1710 2156 propriam
1723 2129 1784 2149 esse

990 2165 1141 2199 negaverit,
1156 2165 1204 2192 sed
1221 2165 1334 2193 alterius
1346 2166 1499 2201 cujuspiam
1512 2166 1565 2200 ipsi
1579 2165 1669 2193 Verbo
1683 2173 1784 2192 secun-

990 2209 1056 2236 dum
1069 2209 1230 2244 dignitatem
1255 2214 1360 2237 tantum
1373 2211 1529 2246 conjuncti,
1542 2211 1595 2237 hoc
1604 2214 1647 2237 est
1662 2210 1783 2237 divinam

991 2259 1096 2282 tantum
1111 2255 1338 2283 inhabitationem
1356 2257 1459 2290 sortiti,
1476 2265 1536 2284 esse
1556 2256 1674 2289 dixerit;
1693 2264 1783 2290 neque

990 2309 1056 2328 vero
1068 2301 1159 2336 potius
1173 2302 1309 2329 viviﬁeam
1321 2303 1464 2330 confessus
1479 2303 1573 2334 fuerit,
1586 2307 1616 2330 ut
1632 2303 1716 2329 modo
1726 2310 1784 2329 me~

989 2349 1130 2381 minimus,
1143 2357 1176 2376 e0
1189 2349 1261 2384 quod
1273 2350 1366 2382 Verbi,
1382 2350 1456 2385 quod
1473 2350 1566 2377 omnia
1580 2349 1720 2377 viviﬁcarc
1734 2357 1785 2384 p0-

988 2398 1052 2427 test,
1070 2394 1141 2422 facta
1160 2395 1196 2422 sit
1206 2396 1328 2430 propria,
1352 2396 1499 2423 anathema
1510 2396 1555 2423 sit.

1023 2450 1080 2477 Xll.
1100 2450 1126 2478 Si
1143 2451 1205 2485 quis
1226 2459 1281 2478 non
1299 2451 1462 2484 conﬁtetur,
1476 2451 1525 2478 Dei
1541 2451 1663 2478 Verbum
1684 2459 1785 2478 secun~

989 2495 1054 2523 dum
1068 2505 1179 2524 carnem
1189 2504 1310 2531 passum,
1327 2497 1479 2524 secundum
1488 2504 1600 2524 carnem
1610 2496 1783 2527 cruciﬁxum,

991 2549 1163 2579 mortemque
1178 2544 1330 2571 secundum
1346 2552 1458 2571 carnem
1482 2547 1618 2578 gustasse,
1636 2546 1664 2569 et
1678 2542 1783 2576 primo-

989 2591 1111 2626 genitum
1128 2591 1237 2618 tandem
1257 2600 1291 2618 ex
1308 2592 1426 2618 mortuis
1445 2590 1547 2618 factum
1562 2596 1623 2616 esse
1633 2588 1668 2620 ⁷⁸,
1684 2591 1783 2621 quate-

988 2645 1041 2664 nus
1057 2637 1187 2664 videlicet
1206 2638 1262 2665 vita
1285 2641 1327 2665 est
1349 2642 1376 2666 et
1397 2636 1537 2665 viviﬁcum
1559 2638 1589 2661 ut
1611 2634 1701 2667 Deus,
1718 2640 1785 2661 ana-

989 2684 1084 2711 thema
1106 2684 1152 2712 sit.

677 2839 764 2867 Variae
778 2838 911 2866 lectiones
927 2836 1032 2865 codicis
1044 2834 1225 2871 Seguieriani.

165 2924 341 2959 ιιξουσίαν.
381 2922 510 2959 νέτέρῳ.
551 2923 737 2958 ιύπᾰιρχιιντι.
776 2920 899 2956 Υτολμᾷ.
941 2925 951 2939 ι
971 2919 1040 2955 Θεῷ.
1080 2916 1254 2945 ιοίκειωσινν
