4058 6456
290 412 396 468 125
1713 406 2050 462 EPISTOLA
2089 405 2229 460 XIX.
3483 411 3583 465 1'26

289 529 549 600 μένοντες
583 522 684 577 τὸν
716 524 836 587 ταῖς
867 522 1069 592 τομαῖς
1099 521 1380 593 πρέποντα
1413 523 1624 596 καιρόν.
1682 521 1871 594 ’Λνδρίι

2000 521 2262 577 atrociter
2288 527 2505 586 curant,
2533 514 2630 576 sed
2658 517 2888 575 vulnere
2914 518 3218 574 levioribus
3246 521 3427 590 primo
3460 539 3581 580 me-

287 619 442 686 ζεσθε
475 617 670 671 τοίνυν
706 619 768 670 ὲν
809 614 1024 685 Κυρίῳ,
1066 615 1166 668 καὶ
1194 613 1291 686 τὴν
1334 616 1544 670 ἑαυτῶν
1577 615 1760 670 πίστιν
1799 632 1871 685 τη⁴

1997 615 2324 674 dieamentis
2347 614 2599 679 delinito,
2627 621 2842 682 tempus
2867 613 3251 682 przestolantur
3291 616 3494 671 ustioni
3525 627 3580 673 et

288 712 514 786 ροῦντες
556 708 1044 782 ἁπαρακόμιστον,
1089 707 1403 776 εὐαρεστεῖν
1434 706 1767 771 σπουδάζετε
1816 705 1871 775 τί]

1995 709 2228 764 sectioni
2277 715 2666 778 opportunum.
2726 705 3095 771 Quamobrem
3142 705 3246 760 viri
3298 716 3473 762 estote
3522 708 3580 763 in

280 803 530 878 Χριστῷ,
555 802 639 872 τῷ
664 802 752 855 ὲνὶ
772 801 869 855 καὶ
901 799 1052 870 μόνῳ
1078 799 1173 852 καὶ
1216 797 1434 868 ἀληθῶς
1466 797 1581 868 Υίῷ
1609 797 1703 851 τοῦ
1731 796 1869 850 Θεοῦ

1992 799 2233 866 Christo,
2268 801 2483 870 ﬁdeque
2514 815 2679 870 quam
2717 797 2885 852 semel
2923 798 3215 867 accepistis
3262 809 3581 856 constanter

281 896 633 967 μεμνημένοι
663 893 762 947 καὶ
799 891 910 945 τῶν
950 891 1125 958 ἁγίων
1161 891 1319 960 ἡμῶν
1350 889 1629 959 Πατέρων,
1665 888 1775 941 τῶν
1814 890 1871 941 ἰε-

1992 900 2227 957 servata,
2249 891 2468 948 Christo
2491 893 2586 946 uni
2617 901 2673 945 et
2688 890 2789 946 soli
2814 899 2870 944 et
2900 905 3030 944 vero
3065 889 3162 944 Dei
3196 891 3334 945 Filio
3363 894 3580 961 placere

281 987 682 1058 ρατευσάντων
714 983 895 1054 ὀρθῶς
925 984 1022 1036 καὶ
1053 982 1227 1050 ἁγίως
1257 983 1385 1052 παρ’
1413 982 1564 1052 ὑμῖν,
1605 981 1657 1034 οἳ
1689 981 1783 1034 καὶ
1811 979 1868 1033 ἔτ

1992 984 2251 1054 satagite;
2299 1000 2573 1039 memores
2619 991 2935 1038 sanctorum
2984 984 3206 1037 Patrum
3233 991 3574 1050 nostrorum,

276 1077 572 1148 περιόντες
608 1076 885 1130 Θεοτόκον-
930 1074 1220 1145 ὠνόμαζον
1253 1073 1366 1144 τὴν·
1393 1075 1558 1142 ἁγίαν
1590 1072 1866 1144 Παρθένον

1991 1075 2087 1146 qui
2120 1085 2306 1132 sancte
2333 1076 2720 1146 iueulpateque
2756 1074 3067 1130 sacerdotio
3096 1075 3243 1144 apud
3271 1089 3370 1129 vos
3401 1075 3577 1132 functi

273 1171 481 1224 Τέτοκε
516 1169 632 1238 γὰρ
671 1167 769 1221 τὸν
824 1166 1198 1237 Ἑμμανοιιὴλ,
1237 1166 1295 1228 ὃς
1323 1166 1439 1218 ἐστι
1474 1165 1607 1228 Θεὸς
1651 1162 1867 1233 ἀληθῶς

1990 1177 2138 1232 sunt,
2168 1169 2397 1239 quique,
2427 1169 2559 1223 dum
2593 1167 2870 1232 viverent,
2899 1183 3110 1222 sacram
3149 1167 3426 1238 Virginem
3448 1168 3576 1222 Dei-

272 1262 473 1330 Γέγονε
494 1261 558 1313 δὲ
585 1258 730 1330 σὰρξ
759 1261 786 1312 ό
813 1259 1006 1326 Λόγος,
1036 1260 1134 1312 καὶ
1155 1258 1476 1328 γεγέννηται
1513 1256 1789 1327 σαρκικῶς
1825 1257 1871 1308 ἐ)

1989 1275 2179 1330 param
2198 1261 2574 1316 nominabant.
2606 1261 2825 1329 Peperit
2849 1260 2996 1314 enim
3025 1260 3118 1314 illa
3137 1260 3575 1324 Emmanuelem,

274 1353 563 1423 γυναικὸς,
601 1352 670 1406 ἶν’
700 1353 868 1422 ἡμεῖς
899 1350 1219 1422 εὑρεθῶμεν
1245 1349 1466 1418 ἀδελφοὶ
1491 1349 1586 1401 τοῦ
1612 1348 1754 1418 ὑπὲρ
1792 1349 1871 1401 πᾶ

1989 1354 2084 1423 qui
2120 1369 2285 1409 verus
2309 1361 2396 1408 est
2442 1353 2604 1407 Deus.
2643 1351 2886 1406 Verbum
2927 1367 3166 1420 namque
3209 1366 3337 1406 caro
3368 1350 3577 1405 factum

276 1463 374 1499 σαν
417 1443 526 1514 τὴν
577 1443 785 1498 κτίσιν.
838 1443 1180 1513 Ἐκήρυσσον
1231 1441 1288 1494 δὲ
1320 1441 1381 1494 οὐ
1431 1440 1528 1494 δύο
1571 1440 1700 1509 παρ’
1757 1440 1871 1510 ὑμῖι

1987 1443 2133 1502 est”
2158 1459 2174 1508 ;
2204 1449 2261 1496 et
2289 1458 2400 1511 quo
2431 1443 2553 1513 ejus
2577 1457 2678 1495 nos
2719 1440 2918 1495 fratres
2947 1440 3330 1505 evaderemus,
3366 1441 3460 1510 qui
3492 1449 3579 1495 est

274 1534 584 1605 Χριστοὺς,
624 1531 747 1585 ἀλλ’
796 1531 925 1595 ἕνα,
979 1531 1072 1583 τὸν
1107 1530 1271 1583 αὐτὸν
1303 1530 1437 1583 Θεὸν
1467 1530 1640 1599 Λόγον
1673 1530 1766 1583 καὶ
1792 1528 1871 1582 ἄν·

1986 1549 2152 1603 super
2176 1549 2396 1588 omnem
2418 1543 2726 1588 creaturam
2745 1572 2758 1597 ,
2785 1548 2854 1587 ex
2872 1532 3103 1586 muliere
3126 1531 3429 1586 secundum
3456 1548 3577 1587 car-

275 1628 492 1697 θρωπον
524 1623 684 1677 κατὰ
707 1623 892 1694 σᾶρκα
919 1624 986 1674 ὲκ
1014 1623 1295 1688 γυναικός
1328 1623 1390 1676 οὐ
1426 1622 1693 1693 συναφείᾳ
1723 1622 1871 1692 ψιλῇ,

1985 1639 2115 1678 nem
2151 1633 2316 1678 natus
2343 1631 2432 1678 est
2451 1623 2520 1676 ⁸ο.
2556 1621 2936 1678 Praedicabant
2960 1630 3147 1676 autem
3179 1622 3257 1675 illi
3292 1622 3435 1691 apud
3477 1637 3576 1678 vos

271 1719 362 1771 καὶ
389 1718 472 1782 ὡς
501 1719 564 1771 ὲν
598 1716 814 1785 ἰσότητι
853 1715 990 1785 μόνῃ
1019 1715 1129 1767 τῶν
1161 1713 1492 1784 ἀξιωμάτων
1538 1715 1871 1784 συνημμέναι

1985 1730 2096 1768 non
2124 1714 2262 1769 duos
2287 1714 2557 1780 Christos,
2597 1713 2694 1769 sed
2727 1729 2896 1768 unum
2926 1722 3172 1780 tantum;
3207 1714 3464 1769 eumdem
3484 1715 3573 1769 ni—

267 1807 565 1878 ἄνθρωπον
606 1805 752 1875 Θεῷο
802 1805 981 1857 ταῦτα
1031 1805 1146 1876 γὰρ
1188 1804 1402 1858 ἐκείνου
1440 1805 1516 1858 τὰ
1558 1803 1746 1874 ψυχρὰ
1791 1803 1871 1854 ml

1985 1807 2190 1861 mirum
2212 1807 2383 1861 Deum
2412 1821 2624 1870 verum,
2646 1815 2703 1860 et
2733 1806 3014 1860 hominem
3048 1822 3240 1861 rursus
3269 1808 3573 1861 secundum

266 1898 528 1969 ἀποφελῆ
554 1898 660 1952 καὶ
685 1897 918 1968 γραώδη
944 1897 1217 1966 δόγματα.
1245 1897 1350 1950 Τὸν
1375 1897 1542 1950 αὑτὸν
1563 1897 1624 1950 δὲ
1655 1898 1749 1950 καὶ
1781 1912 1871 1949 πα-

1985 1913 2206 1953 carnem
2233 1914 2301 1953 ex
2345 1898 2576 1952 muliere
2620 1907 2804 1952 ortum
2837 1914 2850 1949 ε
2878 1912 2989 1950 non
3018 1896 3298 1950 hominem
3340 1899 3570 1960 nudum,

266 1989 382 2044 θεῖν
413 1989 662 2060 ἔφασκον
697 1989 990 2060 σαρκικῶς
1016 1989 1166 2058 ὑπὲρ
1188 1988 1346 2056 ἡμῶν
1376 1989 1468 2042 τὸν
1503 1988 1752 2052 θάνατον,
1784 1989 1879 2041 καὶ

273 2081 580 2151 ἀναστῆναι
601 2080 806 2144 Baiias
835 2079 1242 2150 ﬁatﬁcawasb
1270 2079 1362 2133 τοῦ
1393 2080 1624 2134 θανάτου
1653 2080 1874 2151 κράτος·

283 2172 440 2241 ἥξειν
453 2188 518 2226 τι
533 2171 775 2244 ἔφασκον
799 2171 915 2224 τῶν
935 2172 1074 2224 ὅλων
1096 2172 1312 2242 κριτήν.
1344 2172 1561 2242 Ταύτην
1587 2175 1650 2226 ὲν
1665 2174 1880 2235 ἑαυτοῖς

285 2261 767 2335 ἀναζωπυροῦντες
797 2264 888 2317 ἀεὶ
919 2264 1020 2334 τὴν
1055 2263 1256 2326 πίστιν,
1300 2264 1565 2326 ἀσπίλους
1598 2265 1692 2318 καὶ
1721 2264 1878 2334 ἀμώ-

279 2373 424 2428 μους
451 2354 679 2426 ἑαυτοὺς
713 2356 1026 2429 τηρήσατε,
1062 2359 1200 2427 μήτε
1223 2354 1610 2418 κοινωνοῦντες
1633 2355 1712 2425 τῷ
1744 2372 1882 2425 μνη..

274 2447 614 2520 μονωθέντι,
645 2438 938 2518 μήτεμὴν
965 2448 1043 2512 ὡς
1080 2448 1388 2518 διδασκάλῳ
1416 2446 1797 2518 προσέχοντες,
1829 2448 1880 2500 εἰ
1902 2443 1916 2455 ’

271 2539 421 2609 μένει
457 2538 629 2601 λύκος
660 2539 788 2592 ἀντὶ
822 2540 1088 2610 ποιμένος
1111 2580 1126 2604 ,
1178 2541 1273 2594 καὶ
1309 2539 1452 2610 μετὰ
1482 2538 1686 2609 ταύτην
1719 2539 1879 2608 ἡμῶν

263 2631 365 2701 τὴν
389 2630 711 2700 ὑπόμνησιν
757 2632 862 2701 τὴν
912 2631 1053 2702 πρὸς
1081 2631 1246 2685 αὐτὸν
1291 2629 1616 2702 γενομένην,
1662 2631 1878 2700 φρονεῖν

262 2721 436 2775 tione
465 2723 539 2776 τὰ
584 2723 1030 2794 διεστραμμένα.
1073 2724 1204 2786 Τοῖς
1236 2723 1294 2776 δέ
1325 2740 1390 2791 γε
1419 2722 1528 2776 τῶν
1570 2721 1875 2793 κληρικῶν,

263 2813 380 2883 ἦτοι
414 2811 635 2866 λαῖκῶν
663 2812 760 2866 διὰ
793 2813 894 2884 τὴν
924 2811 1095 2884 ὀρθὴν
1137 2810 1324 2865 πίστιν
1353 2810 1808 2882 κεχωρισμένοις,
1842 2808 1890 2880 ἢ·

263 2901 648 2974 καθαιρεθεῖσι
685 2903 823 2974 παρ’
860 2902 1049 2973 αὑτοῦ,
1081 2902 1450 2973 κοινωνοῦμεν
1477 2903 1657 2972 ἡμεῖς,
1687 2902 1747 2954 οὐ
1777 2900 1878 2971 τὴν

262 2996 476 3050 ἐκείνου
499 2997 819 3067 πυροῦντες
841 2996 1026 3051 ἄδικον
1048 2995 1251 3066 ψῆφον,
1277 2993 1628 3057 ἐπαινοῦντες
1655 2993 1712 3046 δὲ
1745 2991 1882 3064 μᾶλ-

261 3086 352 3139 λον
379 3087 511 3151 τοὺς
542 3087 904 3151 πεπονθότας
922 3128 938 3152 ,
967 3088 1192 3141 κάκεῖνο
1228 3087 1480 3155 λέγοντες
1509 3085 1712 3148 αὐτοῖς’
1753 3103 1772 3136 ι
1814 3085 1878 3136 Εἰ

265 3157 593 3243 δνειδίζεσθε
627 3179 689 3230 ὲν
715 3178 933 3249 Κυρίῳ,
963 3177 1246 3247 μακάριοι·
1275 3178 1359 3230 ὅτι
1389 3178 1450 3230 τὸ
1472 3176 1573 3246 τῆς
1593 3174 1876 3246 δυνάμεως

267 3272 355 3322 καὶ
385 3270 447 3323 τὸ
477 3269 578 3323 τοῦ
615 3271 760 3324 Θεοῦ
786 3269 1018 3340 Πνεῦμα
1045 3271 1127 3334 εἰς
1156 3271 1302 3340 ὑμᾶς
1333 3269 1740 3324 ἀναπέπαυται.
1778 3285 1797 3321 ι

1982 1988 2074 2043 illa
2097 1997 2308 2044 tantum
2343 1991 2540 2060 copula
2571 1990 2683 2043 Deo
2710 1989 3062 2060 conjunctum
3097 2004 3219 2058 qua:
3246 1988 3301 2042 in
3333 1989 3446 2042 sola
3485 1990 3571 2043 di-

1981 2081 2224 2153 gnitatis,
2261 2082 2346 2135 vel
2394 2080 2741 2136 auctoritatis
2771 2079 3084 2149 aaqualitate
3129 2079 3376 2134 cernitur
3409 2097 3420 2132 :
3458 2079 3575 2133 haec

1981 2173 2128 2229 enim
2150 2172 2368 2244 frigida,
2400 2182 2458 2227 et
2483 2172 2721 2236 inutilia,
2743 2181 2802 2226 et
2830 2171 2996 2225 anilia
3016 2170 3256 2225 Nestorii
3277 2178 3405 2225 sunt
3435 2169 3571 2240 dog—

1982 2276 2145 2320 mata.
2189 2265 2481 2319 Addebant
2519 2265 2608 2318 his
2646 2282 2660 2317 :
2705 2263 2862 2317 illum
2901 2264 3083 2332 ipsum
3125 2269 3359 2316 mortem
3401 2263 3570 2316 nostri

1981 2370 2146 2410 causa
2174 2355 2478 2410 secundum
2505 2369 2732 2408 carnem
2769 2368 3115 2423 perpessum,
3142 2353 3441 2422 mortisque
3467 2353 3570 2405 im-

1981 2447 2136 2516 perio
2164 2446 2349 2500 divina
2379 2446 2586 2500 virtute
2617 2444 2940 2516 proculcato
2959 2485 2974 2508 ,
3011 2458 3080 2498 ex
3121 2443 3357 2497 mortuis
3388 2443 3572 2497 denuo

1979 2537 2371 2601 resurrexisse,
2423 2537 2814 2592 universorum
2869 2535 3092 2590 tandem
3141 2535 3388 2605 judicent
3438 2535 3571 2588 olim

1977 2635 2274 2681 venturum
2328 2642 2471 2682 esse.
2519 2626 2672 2681 lianc
2722 2626 2778 2679 in
2835 2625 2994 2680 vobis
3042 2625 3207 2680 (idem
3269 2625 3569 2680 identidem

1977 2721 2398 2785 exsuscitantes,
2427 2719 2809 2774 immaculatos
2827 2728 2884 2774 et
2903 2719 3210 2790 inculpata-3
3235 2733 3331 2773 vos
3352 2733 3572 2773 conser—

1977 2822 2123 2880 vate,
2159 2814 2374 2868 nullum
2403 2827 2632 2882 prorsus
2672 2812 3068 2867 commercium
3112 2827 3238 2866 cum
3270 2817 3572 2864 memorato

1975 2902 2230 2958 Nestorio
2250 2902 2540 2965 habentes,
2568 2915 2671 2956 nec
2695 2915 2859 2954 aures
2880 2900 2958 2954 illi
2977 2901 3483 2963 accommodantes,
3515 2899 3561 2953 si

1977 3009 2079 3062 pro
2111 3003 2331 3063 pastore
2354 2994 2518 3063 lupus
2539 3008 2660 3048 esse
2688 2993 3019 3063 perrexerit,
3051 3002 3109 3048 et
3138 3001 3262 3064 post
3287 2992 3428 3046 hanc
3466 3008 3568 3046 no-

1977 3094 2147 3140 stram
2179 3083 2618 3139 admonitionem
2653 3083 2722 3138 ad
2762 3085 2917 3139 illum
2947 3084 3274 3139 destinatam
3314 3097 3569 3152 perversa

1977 3190 2172 3245 sapere
2203 3190 2316 3229 non
2343 3175 2640 3230 destiterit.
2689 3176 2938 3245 Denique
2981 3191 3109 3230 cum
3166 3174 3234 3228 iis
3257 3173 3475 3228 clericis
3513 3180 3570 3227 et

1903 3263 1946 3319 C
1979 3268 2342 3338 popularibus
2369 3283 2612 3338 quoque,
2659 3267 2755 3336 qui
2791 3274 3017 3336 propter
3059 3274 3267 3320 rectam
3303 3264 3466 3319 ﬁdem
3500 3263 3569 3316 ab

267 3358 358 3415 illo
373 3362 885 3428 excommwieati,
912 3361 1001 3416 vel
1023 3361 1196 3431 gradu
1229 3361 1366 3420 moti
1396 3370 1545 3425 sunt,
1570 3375 1672 3428 nos
1694 3360 1872 3414 libere
1910 3360 2405 3424 communicamus,
2475 3359 2745 3430 injustam.
2793 3358 2944 3413 illius
2974 3357 3306 3428 sententiam
3340 3355 3568 3410 minimc

266 3454 661 3524 approbantes,
703 3454 806 3510 sed
843 3469 943 3510 eos
978 3455 1164 3524 potius
1188 3454 1282 3526 qui
1330 3454 1433 3509 ista
1471 3455 1718 3527 perpessi
1752 3462 1890 3509 sunt.
1919 3452 2406 3516 commendantes,
2438 3450 2686 3520 illudque
2723 3449 2806 3504 eis
2833 3449 3119 3504 dicentes:
3171 3468 3194 3500 ι-
3222 3448 3374 3504 Beati
3411 3446 3566 3511 estis,

265 3547 1313 3624 Wheminumexprobramini
1335 3566 1349 3614 ;
1373 3547 1886 3620 quoniam'virtutis
1920 3554 1976 3601 et
2001 3547 2098 3601 Dei
2128 3545 2368 3616 Spiritus
2401 3560 2568 3615 super
2588 3558 2685 3598 vos
2714 3543 3020 3614 requiescit
3038 3543 3110 3598 ⁸⁸.
3145 3543 3168 3596 5

1419 3859 1533 3929 80
1577 3858 1913 3914 EPISTOLA
1953 3859 2076 3914 XIX
2111 3857 2203 3931 (οι.
2243 3857 2428 3929 XVII).

846 4029 1052 4070 CYBILLI
1085 4029 1368 4075 SYNODIQUE
1394 4028 1500 4071 εωι
1532 4027 1599 4065 ΕΟ
1629 4027 1871 4067 COLLECT.

1976 4029 2006 4067 D
2028 4028 2296 4070 MONACIIOS
2323 4029 3012 4074 CONSTANTINOPOLITANOS;

324 4179 456 4243 τοῖς
513 4173 945 4237 εὐλαϐεστάτοις
995 4174 1088 4229 καὶ
1142 4171 1581 4242 θεοφιλεστάτοις
1615 4173 1865 4244 Πατράσι

258 4267 676 4342 μοναστηρίων,
707 4267 820 4328 τοῖς
846 4265 990 4318 κατὰ
1011 4265 1108 4335 τὴν
1138 4263 1733 4327 Κωνσταντινούπολιν,
1759 4264 1869 4318 Κύιρ

256 4363 435 4433 μλλος
482 4360 584 4412 καὶ
630 4359 664 4428 ἡ
723 4357 869 4408 κατὰ
917 4355 1018 4427 τὴν
1076 4354 1494 4426 ’Ἀλεξάνδρειαν
1540 4356 1869 4426 συναχθεῖσα

256 4455 386 4522 ἁγία
411 4450 667 4512 σὺνοδος,
700 4450 760 4500 ἐν
793 4448 986 4518 Κυρίῳ
1019 4447 1254 4518 χαίρειν.

319 4545 438 4614 Τῆς
489 4540 811 4602 θεοσεϐείας
850 4539 1006 4609 ὑμῶν
1052 4539 1144 4592 τὸν
1194 4538 1377 4609 ζῆλον,
1424 4535 1486 4592 ὃν
1537 4537 1595 4592 ἐν
1647 4536 1867 4608 Χριστῷ

2043 4175 2495 4246 Religiosissimis
2549 4174 2931 4246 piissimisque
2983 4179 3446 4233 monasteriorum
3466 4179 3566 4235 Pa-

1977 4266 2174 4330 tribus,
2206 4267 2300 4335 qui
2339 4275 2469 4320 sunt
2498 4266 2996 4336 Constantinopoli,
3022 4269 3261 4340 Cyrillus
3286 4279 3342 4324 et
3377 4281 3564 4326 sancta

1977 4358 2218 4428 synodus
2241 4357 2586 4412 Alexandriae
2637 4367 2988 4428 congregata,
3035 4359 3092 4412 in
3133 4360 3367 4414 Domino
3413 4360 3561 4422 salu-

1979 4457 2108 4503 tem.

2044 4539 2272 4595 Pietatis
2300 4548 2497 4594 vestra:
2527 4539 2729 4605 zelum,
2757 4555 2922 4610 quem
2963 4557 3068 4612 pro
3098 4540 3316 4598 Christo
3343 4541 3564 4612 publice

253 4611 566 4704 πεποίησθε
595 4629 1098 4701 βλασφημουμένῳ,
1129 4628 1401 4683 καὶτοῦτο
1422 4631 1480 4682 ὲν
1505 4627 1773 4700 ἐκκλησίᾳ
1798 4631 1864 4701 τῇ

1974 4631 2030 4686 in
2056 4631 2491 4687 orthodoxorum
2531 4631 2764 4686 ecclesia
2793 4611 3153 4702 blasphemiis
3196 4611 3439 4702 appetito
3465 4631 3550 4688 de-

252 4725 361 4780 τῶν
389 4722 732 4796 όρθοδόξων,
769 4722 1176 4792 μεμαθήκαμεν
1217 4721 1496 4794 ἀκριϐῶς,
1534 4723 1628 4776 καὶ
1659 4723 1878 4793 σφόδρα·

254 4818 353 4888 μὲν
387 4814 755 4888 ἐπῃνέσαμεν
782 4813 883 4882 τῆς
916 4814 1139 4877 εὐνοίας,
1177 4814 1320 4884 ὑμᾶς
1353 4813 1452 4884 τῆς
1483 4815 1563 4877 εἰς
1607 4813 1862 4883 Χριστὸν,

251 4911 348 4963 καὶ
395 4909 638 4976 ἀγάπης
666 4905 766 4974 τῆς
811 4905 891 4967 εἰς
925 4904 984 4957 τὸ
1017 4905 1189 4976 ὄνομα
1221 4903 1411 4959 αὑτοῦ.
1466 4904 1763 4968 Κλαίοντες
1810 4905 1869 4958 δὲ

251 4999 648 5068 διατελοῦμεν,
695 4997 791 5048 καὶ
838 4996 1290 5066 παρακαλοῦντες
1319 4997 1409 5049 τὸν
1440 4995 1550 5048 τῶν
1582 4996 1717 5048 ὅλων
1757 4997 1869 5048 Σω-

250 5093 394 5163 τῆρα
425 5089 697 5160 Χριστὸν,
724 5087 820 5139 νῦν
843 5085 1077 5158 θραῦσαι
1107 5087 1206 5158 τὴν
1233 5086 1332 5164 τοῦ,
1359 5086 1610 5150 διαϐόλου
1635 5086 1864 5155 παγίδα,

252 5187 346 5237 καὶ
386 5181 675 5253 περιελεῖν
728 5179 838 5231 τῶν
901 5177 1241 5250 Ἐκκλησιῶν
1283 5179 1344 5231 τὸ
1400 5178 1716 5246 σκάνδαλον,
1772 5176 1868 5229 καὶ

252 5270 466 5323 παῦσαι
503 5269 606 5331 τὰς
636 5266 784 5320 κατὰ
824 5267 924 5336 τῆς
956 5266 1114 5336 δόξης
1138 5267 1305 5319 αὑτοῦ
1332 5268 1666 5337 δυσφημίας.
1714 5266 1868 5319 Ἐπεὶ

251 5365 303 5418 δέ
332 5367 454 5427 ἐστι
498 5361 860 5433 μακρόθυμος
883 5403 896 5424 ,
949 5362 1140 5430 καιρὸν
1176 5363 1575 5431 μεταγνώσεως
1606 5361 1866 5430 ἐπεδαψι-

251 5454 491 5509 λεύσατο
519 5453 599 5522 τῷ
632 5452 1020 5522 εὑλαὸεστάτῳ
1067 5454 1352 5524 ἐπισκόπῳ
1387 5453 1697 5523 Νεστορὶῳ,
1741 5471 1866 5506 σιω⁴

251 5548 490 5601 πώντων
535 5546 759 5599 πάντων
805 5545 944 5606 τέως
990 5544 1076 5596 ἐπ’
1115 5544 1266 5614 αὑτῷ
1302 5546 1396 5597 καὶ
1438 5545 1864 5613 περιμενόντων,

251 5641 388 5710 ἰπερ
413 5634 488 5708 ἦν
522 5637 698 5689 ἅπασι
745 5635 815 5686 δι’
845 5634 1048 5703 εὐχῆς,
1092 5634 1153 5686 τὸ
1201 5634 1533 5704 μεταστῆναι
1562 5635 1660 5705 μὲν
1702 5634 1865 5686 αὐτὸν

253 5735 348 5802 τῆς
381 5729 624 5801 βεϐήλου
655 5730 1046 5796 καινορωνίας,
1072 5729 1340 5799 φρονῆσαι
1370 5729 1430 5781 δὲ
1456 5729 1576 5799 μεθ’
1612 5729 1766 5798 ἡμῶν
1795 5730 1862 5783 τὰ

315 5871 361 5901 τ’
386 5869 552 5924 Joan.
593 5883 631 5930 ι,
663 5866 745 5919 lli.

1974 4723 2242 4788 clarastis,
2276 4725 2437 4794 plene
2467 4721 2783 4788 didicimus,
2814 4725 3154 4796 summisque
3185 4725 3442 4780 laudibus
3465 4766 3480 4791 ,
3504 4737 3566 4781 ut

1971 4831 2190 4886 aequum
2222 4824 2361 4879 erat,
2405 4814 2760 4870 dilectionem
2796 4825 3035 4872 vestram
3092 4817 3148 4872 in
3184 4817 3468 4874 Christum
3508 4827 3565 4873 et

1966 4909 2087 4979 ejus
2110 4923 2314 4962 nomen
2353 4906 2674 4960 extulimus.
2705 4905 2776 4960 At
2819 4922 2920 4961 nos
2961 4907 3185 4962 interim
3221 4909 3276 4962 in
3309 4907 3565 4980 lacrymis

1967 4999 2234 5068 luctuque
2249 4997 2544 5068 .jacentes,
2571 4995 2856 5051 Christum
2897 4998 3282 5054 universorum
3312 4999 3563 5053 Salvato-

1968 5106 2085 5145 rem
2117 5090 2485 5153 obtestamur,
2514 5097 2575 5143 ut
2599 5088 2686 5142 vel
2710 5105 2860 5144 nunc
2887 5091 3110 5144 tandem
3141 5089 3421 5158 dissipatis
3441 5088 3560 5144 dia-

1967 5180 2078 5234 b'oli
2111 5179 2342 5250 laqueis,
2372 5180 2747 5234 Ecclesiarum
2781 5180 3040 5234 scandala
3071 5179 3422 5248 praescindat,
3442 5195 3558 5232 ma-

1965 5269 2293 5341 ledictisque
2349 5269 2578 5340 gloriam
2643 5269 2792 5323 illius
2848 5269 3185 5323 insectantes
3223 5279 3555 5337 compescat.

1964 5361 2101 5428 Quia
2159 5375 2295 5415 vero
2351 5359 2680 5430 longanimis
2747 5366 2870 5422 est,
2931 5357 3277 5426 poenitentia
3342 5368 3560 5428 tempus

1968 5453 2188 5509 abunde
2220 5453 2352 5508 satis
2381 5451 2639 5506 Nestorio
2663 5453 2951 5520 hucusque
2977 5451 3269 5516 concessit,
3301 5452 3558 5506 omnibus

1970 5545 2182 5599 interea
2231 5542 2660 5605 conticenlibus,
2715 5556 3020 5612 magnoque
3046 5541 3325 5598 desiderio
3367 5559 3560 5613 exspe-

1972 5635 2273 5700 ctantibus,
2295 5643 2377 5697 ut,
2398 5631 2628 5704 profana
2653 5632 2742 5686 illa
2768 5647 2968 5686 vocum
2993 5633 3236 5689 novitate
3271 5633 3463 5689 relicta
3486 5633 3554 5699 θ’,

1972 5743 2093 5796 quae
2125 5735 2275 5781 recta
2302 5741 2365 5781 ac
2404 5722 2682 5790 decentia,
2719 5723 3039 5794 divinisque
3081 5723 3385 5794 Scripturis
3417 5739 3550 5779 con~

830 5864 878 5897 "°
908 5865 1174 5940 Galat.lv,
1216 5869 1268 5921 4.
1346 5866 1388 5898 ³¹
1419 5868 1435 5920 l
1475 5867 1621 5921 Petr.
1654 5883 1726 5934 ιν,
1769 5868 1852 5920 Η.
1931 5863 1977 5898 ⁸²
2013 5863 2149 5918 Ibid.
2181 5863 2269 5916 ‘20.

3611 4876 3652 4892 ρ
