  <div class='ocr_page' id='page_1' title='image "/cluster/home/n/w/nwhite01/storage/ocr_20150623/77:no.10/coo.31924054869783/071.png"; bbox 0 0 4058 6454; ppageno 0'>
   <div class='ocr_carea' id='block_1_1' title="bbox 481 408 584 462">
    <p class='ocr_par' dir='ltr' id='par_1_1' title="bbox 481 408 584 462">
     <span class='ocr_line' id='line_1_1' title="bbox 481 408 584 462; baseline -0.01 0"><span class='ocrx_word' id='word_1_1' title='bbox 481 408 584 462; x_wconf 72' lang='grc'><strong>127</strong></span> 
     </span>
    </p>
   </div>
   <div class='ocr_carea' id='block_1_2' title="bbox 1504 387 2747 451">
    <p class='ocr_par' dir='ltr' id='par_1_2' title="bbox 1504 387 2747 451">
     <span class='ocr_line' id='line_1_2' title="bbox 1504 387 2747 451; baseline -0.005 0"><span class='ocrx_word' id='word_1_2' title='bbox 1504 394 1561 451; x_wconf 92' lang='lat' dir='ltr'><strong>S.</strong></span> <span class='ocrx_word' id='word_1_3' title='bbox 1601 391 1878 450; x_wconf 77' lang='lat' dir='ltr'><strong>CYIULLI</strong></span> <span class='ocrx_word' id='word_1_4' title='bbox 1917 387 2389 444; x_wconf 77' lang='lat' dir='ltr'><strong>ALEXANDRINI</strong></span> <span class='ocrx_word' id='word_1_5' title='bbox 2428 389 2747 447; x_wconf 74' lang='lat' dir='ltr'><strong>ARCIIIEP.</strong></span> 
     </span>
    </p>
   </div>
   <div class='ocr_carea' id='block_1_3' title="bbox 3657 392 3762 450">
    <p class='ocr_par' dir='ltr' id='par_1_3' title="bbox 3657 392 3762 450">
     <span class='ocr_line' id='line_1_3' title="bbox 3657 392 3762 450; baseline 0.01 -1"><span class='ocrx_word' id='word_1_6' title='bbox 3657 392 3762 450; x_wconf 60' lang='grc'><strong>128</strong></span> 
     </span>
    </p>
   </div>
   <div class='ocr_carea' id='block_1_4' title="bbox 477 501 2056 580">
    <p class='ocr_par' dir='ltr' id='par_1_4' title="bbox 477 506 2056 580">
     <span class='ocr_line' id='line_1_4' title="bbox 477 506 2056 580; baseline -0.009 -7"><span class='ocrx_word' id='word_1_7' title='bbox 477 527 739 574; x_wconf 84' lang='lat' dir='ltr'><strong>sentanea</strong></span> <span class='ocrx_word' id='word_1_8' title='bbox 788 521 952 577; x_wconf 91' lang='lat' dir='ltr'><strong>sunt,</strong></span> <span class='ocrx_word' id='word_1_9' title='bbox 1006 509 1297 565; x_wconf 89' lang='lat' dir='ltr'><strong>nobiscum</strong></span> <span class='ocrx_word' id='word_1_10' title='bbox 1349 517 1600 580; x_wconf 76' lang='lat' dir='ltr'><strong>saperet;</strong></span> <span class='ocrx_word' id='word_1_11' title='bbox 1651 506 1928 575; x_wconf 82' lang='lat' dir='ltr'><strong>fidemque</strong></span> <span class='ocrx_word' id='word_1_12' title='bbox 1962 519 2056 574; x_wconf 88' lang='lat' dir='ltr'><strong>per</strong></span> 
     </span>
    </p>
   </div>
   <div class='ocr_carea' id='block_1_5' title="bbox 2160 501 3762 580">
    <p class='ocr_par' dir='ltr' id='par_1_5' title="bbox 2163 501 3762 577">
     <span class='ocr_line' id='line_1_5' title="bbox 2163 501 3762 577; baseline 0.003 -22"><span class='ocrx_word' id='word_1_13' title='bbox 2163 501 2300 574; x_wconf 78' lang='grc' dir='ltr'>ὀρθά</span> <span class='ocrx_word' id='word_1_14' title='bbox 2331 503 2426 557; x_wconf 71' lang='grc' dir='ltr'>καὶ</span> <span class='ocrx_word' id='word_1_15' title='bbox 2451 504 2660 570; x_wconf 88' lang='grc' dir='ltr'>είκότα,</span> <span class='ocrx_word' id='word_1_16' title='bbox 2694 503 2790 558; x_wconf 66' lang='grc' dir='ltr'>καὶ</span> <span class='ocrx_word' id='word_1_17' title='bbox 2817 502 2938 568; x_wconf 87' lang='grc' dir='ltr'>ταῖς</span> <span class='ocrx_word' id='word_1_18' title='bbox 2963 501 3347 570; x_wconf 77' lang='grc' dir='ltr'>θεοπνεύστοις</span> <span class='ocrx_word' id='word_1_19' title='bbox 3391 507 3762 577; x_wconf 78' lang='grc' dir='ltr'>συμϐαίνοντα</span> 
     </span>
    </p>
   </div>
   <div class='ocr_carea' id='block_1_6' title="bbox 475 599 2061 674">
    <p class='ocr_par' dir='ltr' id='par_1_6' title="bbox 475 599 2061 674">
     <span class='ocr_line' id='line_1_6' title="bbox 475 599 2061 674; baseline -0.009 -9"><span class='ocrx_word' id='word_1_20' title='bbox 475 615 694 664; x_wconf 89' lang='lat' dir='ltr'><strong>sanctos</strong></span> <span class='ocrx_word' id='word_1_21' title='bbox 725 605 1002 674; x_wconf 73' lang='lat' dir='ltr'><strong>apostolos</strong></span> <span class='ocrx_word' id='word_1_22' title='bbox 1022 610 1079 658; x_wconf 91' lang='lat' dir='ltr'><strong>et</strong></span> <span class='ocrx_word' id='word_1_23' title='bbox 1107 602 1491 672; x_wconf 86' lang='lat' dir='ltr'><strong>evangelistas,</strong></span> <span class='ocrx_word' id='word_1_24' title='bbox 1526 599 1620 670; x_wconf 87' lang='lat' dir='ltr'><strong>qui</strong></span> <span class='ocrx_word' id='word_1_25' title='bbox 1646 599 1893 669; x_wconf 82' lang='lat' dir='ltr'><strong>germani</strong></span> <span class='ocrx_word' id='word_1_26' title='bbox 1940 613 2061 670; x_wconf 84' lang='lat' dir='ltr'><strong>my-</strong></span> 
     </span>
    </p>
   </div>
   <div class='ocr_carea' id='block_1_7' title="bbox 473 689 2058 762">
    <p class='ocr_par' dir='ltr' id='par_1_7' title="bbox 473 689 2058 762">
     <span class='ocr_line' id='line_1_7' title="bbox 473 689 2058 762; baseline -0.005 -10"><span class='ocrx_word' id='word_1_27' title='bbox 473 697 769 752; x_wconf 89' lang='lat' dir='ltr'><strong>steriorum</strong></span> <span class='ocrx_word' id='word_1_28' title='bbox 785 695 993 750; x_wconf 78' lang='lat' dir='ltr'><strong>Christi</strong></span> <span class='ocrx_word' id='word_1_29' title='bbox 1014 693 1428 762; x_wconf 80' lang='lat' dir='ltr'><strong>dispensatores</strong></span> <span class='ocrx_word' id='word_1_30' title='bbox 1449 691 1808 754; x_wconf 75' lang='lat' dir='ltr'><strong>exstiterunt,</strong></span> <span class='ocrx_word' id='word_1_31' title='bbox 1829 689 2058 745; x_wconf 87' lang='lat' dir='ltr'><strong>manda-</strong></span> 
     </span>
    </p>
   </div>
   <div class='ocr_carea' id='block_1_8' title="bbox 476 783 2065 858">
    <p class='ocr_par' dir='ltr' id='par_1_8' title="bbox 476 783 2065 858">
     <span class='ocr_line' id='line_1_8' title="bbox 476 783 2065 858; baseline -0.004 -15"><span class='ocrx_word' id='word_1_32' title='bbox 476 799 708 858; x_wconf 83' lang='lat' dir='ltr'><strong>tumque</strong></span> <span class='ocrx_word' id='word_1_33' title='bbox 751 797 813 842; x_wconf 92' lang='lat' dir='ltr'><strong>ut</strong></span> <span class='ocrx_word' id='word_1_34' title='bbox 873 787 1231 858; x_wconf 89' lang='lat' dir='ltr'><strong>Evangelium</strong></span> <span class='ocrx_word' id='word_1_35' title='bbox 1280 786 1431 840; x_wconf 90' lang='lat' dir='ltr'><strong>illius</strong></span> <span class='ocrx_word' id='word_1_36' title='bbox 1481 783 1744 838; x_wconf 90' lang='lat' dir='ltr'><strong>universo</strong></span> <span class='ocrx_word' id='word_1_37' title='bbox 1784 792 2065 838; x_wconf 87' lang='lat' dir='ltr'><strong>terrarum</strong></span> 
     </span>
    </p>
   </div>
   <div class='ocr_carea' id='block_1_9' title="bbox 469 873 2062 948">
    <p class='ocr_par' dir='ltr' id='par_1_9' title="bbox 469 873 2062 948">
     <span class='ocr_line' id='line_1_9' title="bbox 469 873 2062 948; baseline -0.003 -14"><span class='ocrx_word' id='word_1_38' title='bbox 469 879 592 934; x_wconf 84' lang='lat' dir='ltr'><strong>orbi</strong></span> <span class='ocrx_word' id='word_1_39' title='bbox 639 880 1058 942; x_wconf 90' lang='lat' dir='ltr'><strong>annuntiarent,</strong></span> <span class='ocrx_word' id='word_1_40' title='bbox 1104 877 1452 940; x_wconf 84' lang='lat' dir='ltr'><strong>habuerunt,</strong></span> <span class='ocrx_word' id='word_1_41' title='bbox 1475 876 1592 948; x_wconf 86' lang='lat' dir='ltr'><strong>jam</strong></span> <span class='ocrx_word' id='word_1_42' title='bbox 1632 873 1763 928; x_wconf 86' lang='lat' dir='ltr'><strong>inde</strong></span> <span class='ocrx_word' id='word_1_43' title='bbox 1794 874 1864 929; x_wconf 90' lang='lat' dir='ltr'><strong>ab</strong></span> <span class='ocrx_word' id='word_1_44' title='bbox 1899 874 2062 930; x_wconf 90' lang='lat' dir='ltr'><strong>initio</strong></span> 
     </span>
    </p>
   </div>
   <div class='ocr_carea' id='block_1_10' title="bbox 469 966 2062 1040">
    <p class='ocr_par' dir='ltr' id='par_1_10' title="bbox 469 966 2062 1040">
     <span class='ocr_line' id='line_1_10' title="bbox 469 966 2062 1040; baseline 0 -17"><span class='ocrx_word' id='word_1_45' title='bbox 469 970 731 1026; x_wconf 74' lang='lat' dir='ltr'><strong>traditam</strong></span> <span class='ocrx_word' id='word_1_46' title='bbox 780 971 1109 1040; x_wconf 88' lang='lat' dir='ltr'><strong>susciperet.</strong></span> <span class='ocrx_word' id='word_1_47' title='bbox 1167 967 1238 1022; x_wconf 84' lang='lat' dir='ltr'><strong>At</strong></span> <span class='ocrx_word' id='word_1_48' title='bbox 1280 967 1408 1038; x_wconf 86' lang='lat' dir='ltr'><strong>quia</strong></span> <span class='ocrx_word' id='word_1_49' title='bbox 1441 968 1494 1021; x_wconf 90' lang='lat' dir='ltr'><strong>in</strong></span> <span class='ocrx_word' id='word_1_50' title='bbox 1545 966 1742 1021; x_wconf 87' lang='lat' dir='ltr'><strong>iisdem</strong></span> <span class='ocrx_word' id='word_1_51' title='bbox 1775 967 2062 1023; x_wconf 87' lang='lat' dir='ltr'><strong>erroribus</strong></span> 
     </span>
    </p>
   </div>
   <div class='ocr_carea' id='block_1_11' title="bbox 467 1058 2059 1132">
    <p class='ocr_par' dir='ltr' id='par_1_11' title="bbox 467 1058 2059 1132">
     <span class='ocr_line' id='line_1_11' title="bbox 467 1058 2059 1132; baseline -0.001 -16"><span class='ocrx_word' id='word_1_52' title='bbox 467 1072 809 1130; x_wconf 85' lang='lat' dir='ltr'><strong>perseverat,</strong></span> <span class='ocrx_word' id='word_1_53' title='bbox 841 1061 1318 1132; x_wconf 81' lang='lat' dir='ltr'><strong>blasphemlasque</strong></span> <span class='ocrx_word' id='word_1_54' title='bbox 1351 1058 1710 1128; x_wconf 80' lang='lat' dir='ltr'><strong>blaSphemiis</strong></span> <span class='ocrx_word' id='word_1_55' title='bbox 1733 1059 2024 1115; x_wconf 88' lang='lat' dir='ltr'><strong>cumulans</strong></span> <span class='ocrx_word' id='word_1_56' title='bbox 2043 1100 2059 1126; x_wconf 95' lang='lat'><strong>,</strong></span> 
     </span>
    </p>
   </div>
   <div class='ocr_carea' id='block_1_12' title="bbox 467 1149 2063 1222">
    <p class='ocr_par' dir='ltr' id='par_1_12' title="bbox 467 1149 2063 1222">
     <span class='ocr_line' id='line_1_12' title="bbox 467 1149 2063 1222; baseline 0.001 -18"><span class='ocrx_word' id='word_1_57' title='bbox 467 1149 536 1204; x_wconf 91' lang='lat' dir='ltr'><strong>ad</strong></span> <span class='ocrx_word' id='word_1_58' title='bbox 587 1150 869 1207; x_wconf 87' lang='lat' dir='ltr'><strong>deteriora</strong></span> <span class='ocrx_word' id='word_1_59' title='bbox 904 1150 1139 1206; x_wconf 85' lang='lat' dir='ltr'><strong>subinde</strong></span> <span class='ocrx_word' id='word_1_60' title='bbox 1195 1149 1425 1220; x_wconf 85' lang='lat' dir='ltr'><strong>gradum</strong></span> <span class='ocrx_word' id='word_1_61' title='bbox 1475 1149 1630 1214; x_wconf 82' lang='lat' dir='ltr'><strong>facit,</strong></span> <span class='ocrx_word' id='word_1_62' title='bbox 1666 1157 1723 1204; x_wconf 92' lang='lat' dir='ltr'><strong>et</strong></span> <span class='ocrx_word' id='word_1_63' title='bbox 1764 1151 2063 1222; x_wconf 85' lang='lat' dir='ltr'><strong>peregrina</strong></span> 
     </span>
    </p>
   </div>
   <div class='ocr_carea' id='block_1_13' title="bbox 466 1240 2062 1311">
    <p class='ocr_par' dir='ltr' id='par_1_13' title="bbox 466 1240 2062 1311">
     <span class='ocr_line' id='line_1_13' title="bbox 466 1240 2062 1311; baseline 0.003 -19"><span class='ocrx_word' id='word_1_64' title='bbox 466 1240 758 1310; x_wconf 90' lang='lat' dir='ltr'><strong>alienaque</strong></span> <span class='ocrx_word' id='word_1_65' title='bbox 783 1241 1060 1311; x_wconf 79' lang='lat' dir='ltr'><strong>dogmata,</strong></span> <span class='ocrx_word' id='word_1_66' title='bbox 1102 1254 1226 1310; x_wconf 71' lang='lat' dir='ltr'><strong>quae</strong></span> <span class='ocrx_word' id='word_1_67' title='bbox 1273 1247 1465 1294; x_wconf 89' lang='lat' dir='ltr'><strong>sancta</strong></span> <span class='ocrx_word' id='word_1_68' title='bbox 1492 1240 1590 1294; x_wconf 89' lang='lat' dir='ltr'><strong>Dei</strong></span> <span class='ocrx_word' id='word_1_69' title='bbox 1632 1240 1882 1297; x_wconf 88' lang='lat' dir='ltr'><strong>Ecclesia</strong></span> <span class='ocrx_word' id='word_1_70' title='bbox 1911 1257 2062 1296; x_wconf 91' lang='lat' dir='ltr'><strong>nun-</strong></span> 
     </span>
    </p>
   </div>
   <div class='ocr_carea' id='block_1_14' title="bbox 465 1331 2063 1403">
    <p class='ocr_par' dir='ltr' id='par_1_14' title="bbox 465 1331 2063 1403">
     <span class='ocr_line' id='line_1_14' title="bbox 465 1331 2063 1403; baseline 0.004 -19"><span class='ocrx_word' id='word_1_71' title='bbox 465 1345 631 1400; x_wconf 86' lang='lat' dir='ltr'><strong>quam</strong></span> <span class='ocrx_word' id='word_1_72' title='bbox 664 1334 905 1403; x_wconf 79' lang='lat' dir='ltr'><strong>agnovit,</strong></span> <span class='ocrx_word' id='word_1_73' title='bbox 933 1346 1244 1402; x_wconf 88' lang='lat' dir='ltr'><strong>proponere</strong></span> <span class='ocrx_word' id='word_1_74' title='bbox 1267 1347 1381 1386; x_wconf 92' lang='lat' dir='ltr'><strong>non</strong></span> <span class='ocrx_word' id='word_1_75' title='bbox 1411 1331 1651 1398; x_wconf 87' lang='lat' dir='ltr'><strong>desinit;</strong></span> <span class='ocrx_word' id='word_1_76' title='bbox 1682 1347 1904 1403; x_wconf 72' lang='lat' dir='ltr'><strong>aequum</strong></span> <span class='ocrx_word' id='word_1_77' title='bbox 1938 1349 2063 1390; x_wconf 83' lang='lat' dir='ltr'><strong>esse</strong></span> 
     </span>
    </p>
   </div>
   <div class='ocr_carea' id='block_1_15' title="bbox 464 1423 2062 1484">
    <p class='ocr_par' dir='ltr' id='par_1_15' title="bbox 464 1423 2062 1484">
     <span class='ocr_line' id='line_1_15' title="bbox 464 1423 2062 1484; baseline 0.005 -8"><span class='ocrx_word' id='word_1_78' title='bbox 464 1423 905 1480; x_wconf 79' lang='lat' dir='ltr'><strong>existimavimus</strong></span> <span class='ocrx_word' id='word_1_79' title='bbox 937 1425 1027 1480; x_wconf 86' lang='lat' dir='ltr'><strong>vel</strong></span> <span class='ocrx_word' id='word_1_80' title='bbox 1061 1425 1236 1480; x_wconf 89' lang='lat' dir='ltr'><strong>ternis</strong></span> <span class='ocrx_word' id='word_1_81' title='bbox 1262 1425 1466 1481; x_wconf 88' lang='lat' dir='ltr'><strong>litteris</strong></span> <span class='ocrx_word' id='word_1_82' title='bbox 1500 1427 1659 1482; x_wconf 90' lang='lat' dir='ltr'><strong>illum</strong></span> <span class='ocrx_word' id='word_1_83' title='bbox 1685 1428 2062 1484; x_wconf 84' lang='lat' dir='ltr'><strong>commonefa-</strong></span> 
     </span>
    </p>
   </div>
   <div class='ocr_carea' id='block_1_16' title="bbox 463 1515 2063 1591">
    <p class='ocr_par' dir='ltr' id='par_1_16' title="bbox 463 1515 2063 1591">
     <span class='ocr_line' id='line_1_16' title="bbox 463 1515 2063 1591; baseline 0.005 -24"><span class='ocrx_word' id='word_1_84' title='bbox 463 1527 588 1570; x_wconf 89' lang='lat' dir='ltr'><strong>cere</strong></span> <span class='ocrx_word' id='word_1_85' title='bbox 618 1532 632 1569; x_wconf 92' lang='lat'><strong>:</strong></span> <span class='ocrx_word' id='word_1_86' title='bbox 664 1515 869 1586; x_wconf 88' lang='lat' dir='ltr'><strong>quibus</strong></span> <span class='ocrx_word' id='word_1_87' title='bbox 902 1516 1010 1570; x_wconf 67' lang='lat' dir='ltr'><strong>illae</strong></span> <span class='ocrx_word' id='word_1_88' title='bbox 1053 1531 1278 1587; x_wconf 89' lang='lat' dir='ltr'><strong>quoque</strong></span> <span class='ocrx_word' id='word_1_89' title='bbox 1309 1517 1602 1584; x_wconf 87' lang='lat' dir='ltr'><strong>accedunt,</strong></span> <span class='ocrx_word' id='word_1_90' title='bbox 1637 1534 1760 1588; x_wconf 69' lang='lat' dir='ltr'><strong>quae</strong></span> <span class='ocrx_word' id='word_1_91' title='bbox 1789 1520 1901 1591; x_wconf 88' lang='lat' dir='ltr'><strong>jam</strong></span> <span class='ocrx_word' id='word_1_92' title='bbox 1952 1535 2063 1575; x_wconf 89' lang='lat' dir='ltr'><strong>una</strong></span> 
     </span>
    </p>
   </div>
   <div class='ocr_carea' id='block_1_17' title="bbox 463 1609 2062 1685">
    <p class='ocr_par' dir='ltr' id='par_1_17' title="bbox 463 1609 2062 1685">
     <span class='ocr_line' id='line_1_17' title="bbox 463 1609 2062 1685; baseline 0.006 -25"><span class='ocrx_word' id='word_1_93' title='bbox 463 1620 592 1660; x_wconf 89' lang='lat' dir='ltr'><strong>cum</strong></span> <span class='ocrx_word' id='word_1_94' title='bbox 637 1609 840 1664; x_wconf 92' lang='lat' dir='ltr'><strong>nostris</strong></span> <span class='ocrx_word' id='word_1_95' title='bbox 890 1609 1190 1680; x_wconf 89' lang='lat' dir='ltr'><strong>postremis</strong></span> <span class='ocrx_word' id='word_1_96' title='bbox 1233 1626 1265 1664; x_wconf 90' lang='lat' dir='ltr'><strong>a</strong></span> <span class='ocrx_word' id='word_1_97' title='bbox 1298 1611 1650 1666; x_wconf 87' lang='lat' dir='ltr'><strong>sanctissimo</strong></span> <span class='ocrx_word' id='word_1_98' title='bbox 1697 1612 2062 1685; x_wconf 88' lang='lat' dir='ltr'><strong>piissimoque</strong></span> 
     </span>
    </p>
   </div>
   <div class='ocr_carea' id='block_1_18' title="bbox 462 1696 2059 1774">
    <p class='ocr_par' dir='ltr' id='par_1_18' title="bbox 462 1696 2059 1774">
     <span class='ocr_line' id='line_1_18' title="bbox 462 1696 2059 1774; baseline 0.004 -23"><span class='ocrx_word' id='word_1_99' title='bbox 462 1696 634 1754; x_wconf 79' lang='lat' dir='ltr'><strong>fratre</strong></span> <span class='ocrx_word' id='word_1_100' title='bbox 671 1709 728 1756; x_wconf 91' lang='lat' dir='ltr'><strong>et</strong></span> <span class='ocrx_word' id='word_1_101' title='bbox 745 1701 1130 1756; x_wconf 89' lang='lat' dir='ltr'><strong>comministro</strong></span> <span class='ocrx_word' id='word_1_102' title='bbox 1159 1709 1353 1756; x_wconf 88' lang='lat' dir='ltr'><strong>nostro</strong></span> <span class='ocrx_word' id='word_1_103' title='bbox 1377 1701 1678 1758; x_wconf 68' lang='lat' dir='ltr'><strong>Caelestino</strong></span> <span class='ocrx_word' id='word_1_104' title='bbox 1715 1718 1924 1774; x_wconf 72' lang='lat' dir='ltr'><strong>magna:</strong></span> <span class='ocrx_word' id='word_1_105' title='bbox 1963 1719 2059 1757; x_wconf 89' lang='lat' dir='ltr'><strong>ur-</strong></span> 
     </span>
    </p>
   </div>
   <div class='ocr_carea' id='block_1_19' title="bbox 461 1781 1866 1863">
    <p class='ocr_par' dir='ltr' id='par_1_19' title="bbox 461 1781 1866 1863">
     <span class='ocr_line' id='line_1_19' title="bbox 461 1781 1866 1863; baseline 0.003 -19"><span class='ocrx_word' id='word_1_106' title='bbox 461 1789 549 1845; x_wconf 89' lang='lat' dir='ltr'><strong>bis</strong></span> <span class='ocrx_word' id='word_1_107' title='bbox 574 1791 764 1847; x_wconf 73' lang='lat' dir='ltr'><strong>Romae</strong></span> <span class='ocrx_word' id='word_1_108' title='bbox 793 1793 1057 1863; x_wconf 91' lang='lat' dir='ltr'><strong>episc0po</strong></span> <span class='ocrx_word' id='word_1_109' title='bbox 1088 1793 1270 1848; x_wconf 63' lang='lat' dir='ltr'><strong>missa:</strong></span> <span class='ocrx_word' id='word_1_110' title='bbox 1289 1801 1438 1847; x_wconf 88' lang='lat' dir='ltr'><strong>sunt.</strong></span> <span class='ocrx_word' id='word_1_111' title='bbox 1854 1781 1866 1806; x_wconf 55' lang='grc' dir='ltr'><strong>ί</strong></span> 
     </span>
    </p>
   </div>
   <div class='ocr_carea' id='block_1_20' title="bbox 2167 599 3765 672">
    <p class='ocr_par' dir='ltr' id='par_1_20' title="bbox 2167 599 3765 672">
     <span class='ocr_line' id='line_1_20' title="bbox 2167 599 3765 672; baseline 0.003 -20"><span class='ocrx_word' id='word_1_112' title='bbox 2167 599 2412 670; x_wconf 84' lang='grc' dir='ltr'>Γραφαῖς</span> <span class='ocrx_word' id='word_1_113' title='bbox 2435 640 2452 664; x_wconf 88' lang='grc'><strong>,</strong></span> <span class='ocrx_word' id='word_1_114' title='bbox 2478 600 2696 656; x_wconf 75' lang='grc' dir='ltr'><strong>ἑλέσθαι</strong></span> <span class='ocrx_word' id='word_1_115' title='bbox 2731 618 2792 654; x_wconf 91' lang='grc' dir='ltr'><strong>τε</strong></span> <span class='ocrx_word' id='word_1_116' title='bbox 2823 600 2930 671; x_wconf 73' lang='grc' dir='ltr'>τὴν</span> <span class='ocrx_word' id='word_1_117' title='bbox 2975 601 3161 655; x_wconf 83' lang='grc' dir='ltr'>πίστιν</span> <span class='ocrx_word' id='word_1_118' title='bbox 3210 601 3310 672; x_wconf 82' lang='grc' dir='ltr'>τὴν</span> <span class='ocrx_word' id='word_1_119' title='bbox 3360 602 3765 670; x_wconf 68' lang='grc' dir='ltr'><strong>παραδοθεῖσαν</strong></span> 
     </span>
    </p>
   </div>
   <div class='ocr_carea' id='block_1_21' title="bbox 2166 690 3766 764">
    <p class='ocr_par' dir='ltr' id='par_1_21' title="bbox 2166 690 3766 764">
     <span class='ocr_line' id='line_1_21' title="bbox 2166 690 3766 764; baseline 0.004 -20"><span class='ocrx_word' id='word_1_120' title='bbox 2166 690 2375 745; x_wconf 82' lang='grc' dir='ltr'>ἀνωθεν</span> <span class='ocrx_word' id='word_1_121' title='bbox 2407 695 2531 756; x_wconf 85' lang='grc' dir='ltr'>ταῖς</span> <span class='ocrx_word' id='word_1_122' title='bbox 2579 692 2928 764; x_wconf 84' lang='grc' dir='ltr'>Ἐκκλησίαις</span> <span class='ocrx_word' id='word_1_123' title='bbox 2978 693 3131 764; x_wconf 89' lang='grc' dir='ltr'>παρά</span> <span class='ocrx_word' id='word_1_124' title='bbox 3162 710 3222 747; x_wconf 80' lang='grc' dir='ltr'><strong>τε</strong></span> <span class='ocrx_word' id='word_1_125' title='bbox 3276 693 3388 747; x_wconf 90' lang='grc' dir='ltr'><strong>τῶν</strong></span> <span class='ocrx_word' id='word_1_126' title='bbox 3418 693 3588 763; x_wconf 87' lang='grc' dir='ltr'>ἀγίων</span> <span class='ocrx_word' id='word_1_127' title='bbox 3625 695 3766 750; x_wconf 86' lang='grc' dir='ltr'>ἀπο-</span> 
     </span>
    </p>
   </div>
   <div class='ocr_carea' id='block_1_22' title="bbox 2169 784 3765 856">
    <p class='ocr_par' dir='ltr' id='par_1_22' title="bbox 2169 784 3765 856">
     <span class='ocr_line' id='line_1_22' title="bbox 2169 784 3765 856; baseline 0.003 -19"><span class='ocrx_word' id='word_1_128' title='bbox 2169 784 2374 838; x_wconf 87' lang='grc' dir='ltr'>στόλων</span> <span class='ocrx_word' id='word_1_129' title='bbox 2401 785 2496 839; x_wconf 71' lang='grc' dir='ltr'>καὶ</span> <span class='ocrx_word' id='word_1_130' title='bbox 2519 784 2944 854; x_wconf 83' lang='grc' dir='ltr'>εὐαγγελιστῶν,</span> <span class='ocrx_word' id='word_1_131' title='bbox 2962 785 3012 839; x_wconf 77' lang='grc' dir='ltr'>οἳ</span> <span class='ocrx_word' id='word_1_132' title='bbox 3043 786 3138 839; x_wconf 71' lang='grc' dir='ltr'>καὶ</span> <span class='ocrx_word' id='word_1_133' title='bbox 3167 785 3460 854; x_wconf 87' lang='grc' dir='ltr'>γεγόνασιν</span> <span class='ocrx_word' id='word_1_134' title='bbox 3485 787 3765 856; x_wconf 77' lang='grc' dir='ltr'><strong>οἰκονόμοι</strong></span> 
     </span>
    </p>
   </div>
   <div class='ocr_carea' id='block_1_23' title="bbox 2166 875 3763 950">
    <p class='ocr_par' dir='ltr' id='par_1_23' title="bbox 2166 875 3763 950">
     <span class='ocr_line' id='line_1_23' title="bbox 2166 875 3763 950; baseline 0.003 -21"><span class='ocrx_word' id='word_1_135' title='bbox 2166 877 2379 947; x_wconf 87' lang='grc' dir='ltr'>γνήσιοι</span> <span class='ocrx_word' id='word_1_136' title='bbox 2406 877 2518 930; x_wconf 91' lang='grc' dir='ltr'><strong>τῶν</strong></span> <span class='ocrx_word' id='word_1_137' title='bbox 2546 876 2641 931; x_wconf 89' lang='grc' dir='ltr'><strong>τοῦ</strong></span> <span class='ocrx_word' id='word_1_138' title='bbox 2673 875 2911 950; x_wconf 83' lang='grc' dir='ltr'><strong>Χριστοῦ</strong></span> <span class='ocrx_word' id='word_1_139' title='bbox 2955 877 3297 948; x_wconf 81' lang='grc' dir='ltr'><strong>μυστηρίων,</strong></span> <span class='ocrx_word' id='word_1_140' title='bbox 3329 879 3425 932; x_wconf 73' lang='grc' dir='ltr'>καὶ</span> <span class='ocrx_word' id='word_1_141' title='bbox 3454 879 3763 949; x_wconf 79' lang='grc' dir='ltr'><strong>ἱερουργεῖν</strong></span> 
     </span>
    </p>
   </div>
   <div class='ocr_carea' id='block_1_24' title="bbox 2166 969 3764 1042">
    <p class='ocr_par' dir='ltr' id='par_1_24' title="bbox 2166 969 3764 1042">
     <span class='ocr_line' id='line_1_24' title="bbox 2166 969 3764 1042; baseline 0.002 -20"><span class='ocrx_word' id='word_1_142' title='bbox 2166 969 2474 1040; x_wconf 72' lang='grc' dir='ltr'><strong>ἐτάχθησαν</strong></span> <span class='ocrx_word' id='word_1_143' title='bbox 2501 969 2564 1024; x_wconf 82' lang='grc' dir='ltr'>τὸ</span> <span class='ocrx_word' id='word_1_144' title='bbox 2589 969 2923 1038; x_wconf 86' lang='grc' dir='ltr'>Εύαγγέλιον</span> <span class='ocrx_word' id='word_1_145' title='bbox 2948 969 3114 1022; x_wconf 83' lang='grc' dir='ltr'>αὐτοῦ</span> <span class='ocrx_word' id='word_1_146' title='bbox 3145 971 3259 1033; x_wconf 84' lang='grc' dir='ltr'>τοῖς</span> <span class='ocrx_word' id='word_1_147' title='bbox 3296 969 3403 1024; x_wconf 84' lang='grc' dir='ltr'><strong>ἀνὰ</strong></span> <span class='ocrx_word' id='word_1_148' title='bbox 3438 972 3622 1025; x_wconf 82' lang='grc' dir='ltr'>πᾶσαν</span> <span class='ocrx_word' id='word_1_149' title='bbox 3658 971 3764 1042; x_wconf 81' lang='grc' dir='ltr'>τὴν</span> 
     </span>
    </p>
   </div>
   <div class='ocr_carea' id='block_1_25' title="bbox 2168 1058 3760 1132">
    <p class='ocr_par' dir='ltr' id='par_1_25' title="bbox 2168 1058 3760 1132">
     <span class='ocr_line' id='line_1_25' title="bbox 2168 1058 3760 1132; baseline 0.001 -18"><span class='ocrx_word' id='word_1_150' title='bbox 2168 1060 2262 1114; x_wconf 81' lang='grc' dir='ltr'><strong>ὑπ’</strong></span> <span class='ocrx_word' id='word_1_151' title='bbox 2291 1060 2541 1132; x_wconf 82' lang='grc' dir='ltr'>οὐρανόν.</span> <span class='ocrx_word' id='word_1_152' title='bbox 2586 1059 2808 1130; x_wconf 82' lang='grc' dir='ltr'><strong>Ἐπειδὴ</strong></span> <span class='ocrx_word' id='word_1_153' title='bbox 2840 1059 2898 1113; x_wconf 86' lang='grc' dir='ltr'>δὲ</span> <span class='ocrx_word' id='word_1_154' title='bbox 2945 1058 3258 1130; x_wconf 78' lang='grc' dir='ltr'>μεμένηκεν</span> <span class='ocrx_word' id='word_1_155' title='bbox 3294 1060 3354 1114; x_wconf 81' lang='grc' dir='ltr'>ἐν</span> <span class='ocrx_word' id='word_1_156' title='bbox 3399 1063 3512 1125; x_wconf 81' lang='grc' dir='ltr'>τοῖς</span> <span class='ocrx_word' id='word_1_157' title='bbox 3539 1063 3760 1127; x_wconf 84' lang='grc' dir='ltr'>αὐτοῖς,</span> 
     </span>
    </p>
   </div>
   <div class='ocr_carea' id='block_1_26' title="bbox 2165 1150 3764 1225">
    <p class='ocr_par' dir='ltr' id='par_1_26' title="bbox 2165 1150 3764 1225">
     <span class='ocr_line' id='line_1_26' title="bbox 2165 1150 3764 1225; baseline 0.001 -18"><span class='ocrx_word' id='word_1_158' title='bbox 2165 1152 2308 1224; x_wconf 84' lang='grc' dir='ltr'><strong>τάχα</strong></span> <span class='ocrx_word' id='word_1_159' title='bbox 2349 1153 2525 1225; x_wconf 85' lang='grc' dir='ltr'>δήπου</span> <span class='ocrx_word' id='word_1_160' title='bbox 2558 1151 2655 1206; x_wconf 75' lang='grc' dir='ltr'>καὶ</span> <span class='ocrx_word' id='word_1_161' title='bbox 2685 1152 2744 1206; x_wconf 84' lang='grc' dir='ltr'>ὲν</span> <span class='ocrx_word' id='word_1_162' title='bbox 2787 1151 3000 1222; x_wconf 90' lang='grc' dir='ltr'>χείροσι</span> <span class='ocrx_word' id='word_1_163' title='bbox 3049 1150 3242 1220; x_wconf 89' lang='grc' dir='ltr'>γέγονε</span> <span class='ocrx_word' id='word_1_164' title='bbox 3263 1191 3279 1217; x_wconf 93' lang='grc'><strong>,</strong></span> <span class='ocrx_word' id='word_1_165' title='bbox 3324 1153 3641 1224; x_wconf 75' lang='grc' dir='ltr'>προστιθεὶς</span> <span class='ocrx_word' id='word_1_166' title='bbox 3669 1155 3764 1209; x_wconf 75' lang='grc' dir='ltr'>ἀεὶ</span> 
     </span>
    </p>
   </div>
   <div class='ocr_carea' id='block_1_27' title="bbox 2165 1243 3763 1318">
    <p class='ocr_par' dir='ltr' id='par_1_27' title="bbox 2165 1243 3763 1318">
     <span class='ocr_line' id='line_1_27' title="bbox 2165 1243 3763 1318; baseline 0.002 -19"><span class='ocrx_word' id='word_1_167' title='bbox 2165 1245 2480 1316; x_wconf 80' lang='grc' dir='ltr'>δυσφημίας</span> <span class='ocrx_word' id='word_1_168' title='bbox 2507 1244 2598 1298; x_wconf 67' lang='grc' dir='ltr'><strong>ἐπὶ</strong></span> <span class='ocrx_word' id='word_1_169' title='bbox 2642 1244 3015 1313; x_wconf 86' lang='grc' dir='ltr'>δυσφημίαις,</span> <span class='ocrx_word' id='word_1_170' title='bbox 3056 1246 3154 1298; x_wconf 79' lang='grc' dir='ltr'>καὶ</span> <span class='ocrx_word' id='word_1_171' title='bbox 3196 1243 3324 1310; x_wconf 89' lang='grc' dir='ltr'>ξένα</span> <span class='ocrx_word' id='word_1_172' title='bbox 3369 1246 3464 1300; x_wconf 64' lang='grc' dir='ltr'><strong>καὶ⁵</strong></span> <span class='ocrx_word' id='word_1_173' title='bbox 3500 1247 3763 1318; x_wconf 85' lang='grc' dir='ltr'>ἀλλότρια</span> 
     </span>
    </p>
   </div>
   <div class='ocr_carea' id='block_1_28' title="bbox 2166 1334 3757 1410">
    <p class='ocr_par' dir='ltr' id='par_1_28' title="bbox 2166 1334 3757 1410">
     <span class='ocr_line' id='line_1_28' title="bbox 2166 1334 3757 1410; baseline 0.001 -19"><span class='ocrx_word' id='word_1_174' title='bbox 2166 1336 2447 1399; x_wconf 84' lang='grc' dir='ltr'>παντελῶς</span> <span class='ocrx_word' id='word_1_175' title='bbox 2479 1335 2844 1406; x_wconf 67' lang='grc' dir='ltr'>ἐξηγούμενος</span> <span class='ocrx_word' id='word_1_176' title='bbox 2887 1334 3158 1404; x_wconf 85' lang='grc' dir='ltr'>δόγματα,</span> <span class='ocrx_word' id='word_1_177' title='bbox 3198 1336 3235 1391; x_wconf 80' lang='grc' dir='ltr'><strong>ἀ</strong></span> <span class='ocrx_word' id='word_1_178' title='bbox 3281 1337 3357 1408; x_wconf 79' lang='grc' dir='ltr'>μὴ</span> <span class='ocrx_word' id='word_1_179' title='bbox 3382 1337 3523 1392; x_wconf 84' lang='grc' dir='ltr'>οῐδεν</span> <span class='ocrx_word' id='word_1_180' title='bbox 3555 1340 3692 1401; x_wconf 83' lang='grc' dir='ltr'>ὅλως</span> <span class='ocrx_word' id='word_1_181' title='bbox 3717 1342 3757 1410; x_wconf 78' lang='grc' dir='ltr'><strong>ἡ</strong></span> 
     </span>
    </p>
   </div>
   <div class='ocr_carea' id='block_1_29' title="bbox 2164 1427 3762 1503">
    <p class='ocr_par' dir='ltr' id='par_1_29' title="bbox 2164 1427 3762 1503">
     <span class='ocr_line' id='line_1_29' title="bbox 2164 1427 3762 1503; baseline -0.003 -20"><span class='ocrx_word' id='word_1_182' title='bbox 2164 1429 2298 1499; x_wconf 85' lang='grc' dir='ltr'>ἀγία</span> <span class='ocrx_word' id='word_1_183' title='bbox 2345 1427 2608 1498; x_wconf 84' lang='grc' dir='ltr'>καθολικὴ</span> <span class='ocrx_word' id='word_1_184' title='bbox 2665 1427 3000 1497; x_wconf 76' lang='grc' dir='ltr'><strong>Ἐκκλησία·</strong></span> <span class='ocrx_word' id='word_1_185' title='bbox 3051 1428 3459 1500; x_wconf 82' lang='grc' dir='ltr'>ὲδικαιώσαμεν</span> <span class='ocrx_word' id='word_1_186' title='bbox 3505 1431 3762 1503; x_wconf 83' lang='grc' dir='ltr'>ύπομνη.</span> 
     </span>
    </p>
   </div>
   <div class='ocr_carea' id='block_1_30' title="bbox 2166 1518 3760 1593">
    <p class='ocr_par' dir='ltr' id='par_1_30' title="bbox 2166 1518 3760 1593">
     <span class='ocr_line' id='line_1_30' title="bbox 2166 1518 3760 1593; baseline 0.003 -20"><span class='ocrx_word' id='word_1_187' title='bbox 2166 1519 2362 1575; x_wconf 83' lang='grc' dir='ltr'>σθέντα</span> <span class='ocrx_word' id='word_1_188' title='bbox 2385 1530 2408 1559; x_wconf 76' lang='grc' dir='ltr'><strong>ο</strong></span> <span class='ocrx_word' id='word_1_189' title='bbox 2457 1518 2626 1590; x_wconf 83' lang='grc' dir='ltr'>τρίτῳ</span> <span class='ocrx_word' id='word_1_190' title='bbox 2667 1519 2987 1590; x_wconf 84' lang='grc' dir='ltr'>γράμματι,</span> <span class='ocrx_word' id='word_1_191' title='bbox 3028 1520 3206 1592; x_wconf 88' lang='grc' dir='ltr'>τούτῳ</span> <span class='ocrx_word' id='word_1_192' title='bbox 3244 1521 3309 1592; x_wconf 83' lang='grc' dir='ltr'><strong>δή</strong></span> <span class='ocrx_word' id='word_1_193' title='bbox 3335 1521 3414 1592; x_wconf 80' lang='grc' dir='ltr'>τῷ</span> <span class='ocrx_word' id='word_1_194' title='bbox 3445 1522 3760 1593; x_wconf 83' lang='grc' dir='ltr'>πεμφθέντι</span> 
     </span>
    </p>
   </div>
   <div class='ocr_carea' id='block_1_31' title="bbox 2165 1611 3756 1684">
    <p class='ocr_par' dir='ltr' id='par_1_31' title="bbox 2165 1611 3756 1684">
     <span class='ocr_line' id='line_1_31' title="bbox 2165 1611 3756 1684; baseline 0.004 -20"><span class='ocrx_word' id='word_1_195' title='bbox 2165 1611 2318 1684; x_wconf 89' lang='grc' dir='ltr'>παρά</span> <span class='ocrx_word' id='word_1_196' title='bbox 2347 1627 2408 1664; x_wconf 89' lang='grc' dir='ltr'><strong>τε</strong></span> <span class='ocrx_word' id='word_1_197' title='bbox 2431 1611 2591 1683; x_wconf 90' lang='grc' dir='ltr'>ήμῶν</span> <span class='ocrx_word' id='word_1_198' title='bbox 2607 1651 2621 1676; x_wconf 96' lang='grc'><strong>,</strong></span> <span class='ocrx_word' id='word_1_199' title='bbox 2646 1611 2741 1664; x_wconf 72' lang='grc' dir='ltr'>καὶ</span> <span class='ocrx_word' id='word_1_200' title='bbox 2766 1611 2858 1665; x_wconf 89' lang='grc' dir='ltr'><strong>τοῦ</strong></span> <span class='ocrx_word' id='word_1_201' title='bbox 2882 1612 3182 1668; x_wconf 88' lang='grc' dir='ltr'>όσιωτάτου</span> <span class='ocrx_word' id='word_1_202' title='bbox 3205 1613 3303 1667; x_wconf 78' lang='grc' dir='ltr'>καὶ</span> <span class='ocrx_word' id='word_1_203' title='bbox 3331 1613 3756 1670; x_wconf 80' lang='grc' dir='ltr'>θεοσεϐεστάτου</span> 
     </span>
    </p>
   </div>
   <div class='ocr_carea' id='block_1_32' title="bbox 2163 1701 3757 1778">
    <p class='ocr_par' dir='ltr' id='par_1_32' title="bbox 2163 1701 3757 1778">
     <span class='ocr_line' id='line_1_32' title="bbox 2163 1701 3757 1778; baseline 0.004 -24"><span class='ocrx_word' id='word_1_204' title='bbox 2163 1701 2396 1770; x_wconf 89' lang='grc' dir='ltr'>ἀδελφοῦ</span> <span class='ocrx_word' id='word_1_205' title='bbox 2422 1701 2581 1772; x_wconf 87' lang='grc' dir='ltr'>ήμῶν</span> <span class='ocrx_word' id='word_1_206' title='bbox 2603 1702 2699 1756; x_wconf 78' lang='grc' dir='ltr'>καὶ</span> <span class='ocrx_word' id='word_1_207' title='bbox 2719 1702 3136 1774; x_wconf 85' lang='grc' dir='ltr'>συλλειτουργοῦ</span> <span class='ocrx_word' id='word_1_208' title='bbox 3160 1703 3510 1770; x_wconf 86' lang='grc' dir='ltr'>Κελεστίνου,</span> <span class='ocrx_word' id='word_1_209' title='bbox 3533 1705 3626 1759; x_wconf 90' lang='grc' dir='ltr'><strong>τοῦ</strong></span> <span class='ocrx_word' id='word_1_210' title='bbox 3653 1707 3757 1778; x_wconf 80' lang='grc' dir='ltr'>τῆς</span> 
     </span>
    </p>
   </div>
   <div class='ocr_carea' id='block_1_33' title="bbox 2168 1791 3030 1864">
    <p class='ocr_par' dir='ltr' id='par_1_33' title="bbox 2168 1791 3030 1864">
     <span class='ocr_line' id='line_1_33' title="bbox 2168 1791 3030 1864; baseline 0.003 -18"><span class='ocrx_word' id='word_1_211' title='bbox 2168 1793 2412 1863; x_wconf 79' lang='grc' dir='ltr'>μεγάλης</span> <span class='ocrx_word' id='word_1_212' title='bbox 2451 1791 2673 1864; x_wconf 84' lang='grc' dir='ltr'>Ῥώμης</span> <span class='ocrx_word' id='word_1_213' title='bbox 2700 1792 3030 1850; x_wconf 73' lang='grc' dir='ltr'>ἐπισκόπου.</span> 
     </span>
    </p>
   </div>
   <div class='ocr_carea' id='block_1_34' title="bbox 531 1861 2056 1958">
    <p class='ocr_par' dir='ltr' id='par_1_34' title="bbox 531 1861 2053 1958">
     <span class='ocr_line' id='line_1_34' title="bbox 531 1861 2053 1958; baseline 0.006 -23"><span class='ocrx_word' id='word_1_214' title='bbox 531 1880 758 1938; x_wconf 90' lang='lat' dir='ltr'><strong>Summa</strong></span> <span class='ocrx_word' id='word_1_215' title='bbox 783 1861 973 1938; x_wconf 81' lang='lat' dir='ltr'><strong>autem</strong></span> <span class='ocrx_word' id='word_1_216' title='bbox 986 1861 1408 1940; x_wconf 66' lang='lat' dir='ltr'><strong>admonitionis</strong></span> <span class='ocrx_word' id='word_1_217' title='bbox 1435 1885 1552 1940; x_wconf 75' lang='lat' dir='ltr'><strong>haec</strong></span> <span class='ocrx_word' id='word_1_218' title='bbox 1578 1893 1664 1940; x_wconf 88' lang='lat' dir='ltr'><strong>est</strong></span> <span class='ocrx_word' id='word_1_219' title='bbox 1694 1889 1719 1940; x_wconf 65' lang='grc' dir='ltr'><strong>ξ</strong></span> <span class='ocrx_word' id='word_1_220' title='bbox 1779 1886 2053 1958; x_wconf 81' lang='lat' dir='ltr'><strong>siquidem</strong></span> 
     </span>
    </p>
   </div>
   <div class='ocr_carea' id='block_1_35' title="bbox 2160 1861 3758 1958">
    <p class='ocr_par' dir='ltr' id='par_1_35' title="bbox 2171 1861 3758 1958">
     <span class='ocr_line' id='line_1_35' title="bbox 2171 1861 3758 1958; baseline 0.004 -23"><span class='ocrx_word' id='word_1_221' title='bbox 2171 1861 2180 1863; x_wconf 13' lang='grc' dir='ltr'>ἡ</span> <span class='ocrx_word' id='word_1_222' title='bbox 2231 1884 2296 1936; x_wconf 88' lang='grc' dir='ltr'><strong>Εί</strong></span> <span class='ocrx_word' id='word_1_223' title='bbox 2329 1861 2428 1954; x_wconf 63' lang='grc' dir='ltr'>μὲν</span> <span class='ocrx_word' id='word_1_224' title='bbox 2454 1861 2637 1936; x_wconf 72' lang='grc' dir='ltr'>ἕλοιτο</span> <span class='ocrx_word' id='word_1_225' title='bbox 2665 1887 3020 1956; x_wconf 78' lang='grc' dir='ltr'>μετανοῆσαι,</span> <span class='ocrx_word' id='word_1_226' title='bbox 3061 1885 3158 1939; x_wconf 78' lang='grc' dir='ltr'>καὶ</span> <span class='ocrx_word' id='word_1_227' title='bbox 3197 1885 3284 1955; x_wconf 78' lang='grc' dir='ltr'><strong>ἐφ’</strong></span> <span class='ocrx_word' id='word_1_228' title='bbox 3320 1879 3404 1950; x_wconf 70' lang='grc' dir='ltr'><strong>οἷς</strong></span> <span class='ocrx_word' id='word_1_229' title='bbox 3435 1886 3625 1958; x_wconf 71' lang='grc' dir='ltr'>εἴρηκε</span> <span class='ocrx_word' id='word_1_230' title='bbox 3665 1887 3758 1941; x_wconf 85' lang='grc' dir='ltr'>δα-</span> 
     </span>
    </p>
   </div>
   <div class='ocr_carea' id='block_1_36' title="bbox 460 1973 2057 2048">
    <p class='ocr_par' dir='ltr' id='par_1_36' title="bbox 460 1973 2057 2048">
     <span class='ocr_line' id='line_1_36' title="bbox 460 1973 2057 2048; baseline 0.006 -20"><span class='ocrx_word' id='word_1_231' title='bbox 460 1973 810 2044; x_wconf 87' lang='lat' dir='ltr'><strong>resipiscere,</strong></span> <span class='ocrx_word' id='word_1_232' title='bbox 856 1985 914 2032; x_wconf 89' lang='lat' dir='ltr'><strong>et</strong></span> <span class='ocrx_word' id='word_1_233' title='bbox 942 1992 1008 2032; x_wconf 89' lang='lat' dir='ltr'><strong>ea</strong></span> <span class='ocrx_word' id='word_1_234' title='bbox 1053 1993 1177 2048; x_wconf 67' lang='lat' dir='ltr'><strong>quae</strong></span> <span class='ocrx_word' id='word_1_235' title='bbox 1223 1976 1385 2042; x_wconf 85' lang='lat' dir='ltr'><strong>dixit,</strong></span> <span class='ocrx_word' id='word_1_236' title='bbox 1420 1977 1679 2048; x_wconf 85' lang='lat' dir='ltr'><strong>lacrymis</strong></span> <span class='ocrx_word' id='word_1_237' title='bbox 1711 1978 1954 2045; x_wconf 88' lang='lat' dir='ltr'><strong>diluere,</strong></span> <span class='ocrx_word' id='word_1_238' title='bbox 1992 1997 2057 2037; x_wconf 93' lang='lat' dir='ltr'><strong>ac</strong></span> 
     </span>
    </p>
   </div>
   <div class='ocr_carea' id='block_1_37' title="bbox 459 2063 2056 2141">
    <p class='ocr_par' dir='ltr' id='par_1_37' title="bbox 459 2063 2056 2141">
     <span class='ocr_line' id='line_1_37' title="bbox 459 2063 2056 2141; baseline 0.007 -23"><span class='ocrx_word' id='word_1_239' title='bbox 459 2063 716 2137; x_wconf 87' lang='lat' dir='ltr'><strong>dogmata</strong></span> <span class='ocrx_word' id='word_1_240' title='bbox 761 2083 886 2138; x_wconf 65' lang='lat' dir='ltr'><strong>quae</strong></span> <span class='ocrx_word' id='word_1_241' title='bbox 936 2068 1073 2124; x_wconf 85' lang='lat' dir='ltr'><strong>falsa</strong></span> <span class='ocrx_word' id='word_1_242' title='bbox 1113 2069 1422 2139; x_wconf 89' lang='lat' dir='ltr'><strong>proposuit,</strong></span> <span class='ocrx_word' id='word_1_243' title='bbox 1451 2069 1661 2141; x_wconf 90' lang='lat' dir='ltr'><strong>scripto</strong></span> <span class='ocrx_word' id='word_1_244' title='bbox 1706 2072 2056 2129; x_wconf 88' lang='lat' dir='ltr'><strong>anathemate</strong></span> 
     </span>
    </p>
   </div>
   <div class='ocr_carea' id='block_1_38' title="bbox 459 2157 2054 2234">
    <p class='ocr_par' dir='ltr' id='par_1_38' title="bbox 459 2157 2054 2234">
     <span class='ocr_line' id='line_1_38' title="bbox 459 2157 2054 2234; baseline 0.006 -24"><span class='ocrx_word' id='word_1_245' title='bbox 459 2157 855 2225; x_wconf 88' lang='lat' dir='ltr'><strong>condemnare,</strong></span> <span class='ocrx_word' id='word_1_246' title='bbox 879 2167 937 2215; x_wconf 86' lang='lat' dir='ltr'><strong>et</strong></span> <span class='ocrx_word' id='word_1_247' title='bbox 969 2168 1184 2216; x_wconf 90' lang='lat' dir='ltr'><strong>rectam</strong></span> <span class='ocrx_word' id='word_1_248' title='bbox 1218 2159 1440 2216; x_wconf 87' lang='lat' dir='ltr'><strong>tandem</strong></span> <span class='ocrx_word' id='word_1_249' title='bbox 1491 2161 1938 2234; x_wconf 87' lang='lat' dir='ltr'><strong>inculpatamque</strong></span> <span class='ocrx_word' id='word_1_250' title='bbox 1959 2181 2054 2219; x_wconf 81' lang='lat' dir='ltr'><strong>ea-</strong></span> 
     </span>
    </p>
   </div>
   <div class='ocr_carea' id='block_1_39' title="bbox 460 2248 2054 2325">
    <p class='ocr_par' dir='ltr' id='par_1_39' title="bbox 460 2248 2054 2325">
     <span class='ocr_line' id='line_1_39' title="bbox 460 2248 2054 2325; baseline 0.006 -23"><span class='ocrx_word' id='word_1_251' title='bbox 460 2248 682 2306; x_wconf 70' lang='lat' dir='ltr'><strong>tholica:</strong></span> <span class='ocrx_word' id='word_1_252' title='bbox 731 2251 994 2307; x_wconf 87' lang='lat' dir='ltr'><strong>Ecclesiae</strong></span> <span class='ocrx_word' id='word_1_253' title='bbox 1040 2252 1206 2307; x_wconf 83' lang='lat' dir='ltr'><strong>fidem</strong></span> <span class='ocrx_word' id='word_1_254' title='bbox 1249 2253 1493 2308; x_wconf 88' lang='lat' dir='ltr'><strong>voluerit</strong></span> <span class='ocrx_word' id='word_1_255' title='bbox 1549 2270 1884 2325; x_wconf 81' lang='lat' dir='ltr'><strong>agnoscere;</strong></span> <span class='ocrx_word' id='word_1_256' title='bbox 1936 2256 2054 2311; x_wconf 81' lang='lat' dir='ltr'><strong>fore</strong></span> 
     </span>
    </p>
   </div>
   <div class='ocr_carea' id='block_1_40' title="bbox 458 2341 2056 2416">
    <p class='ocr_par' dir='ltr' id='par_1_40' title="bbox 458 2341 2056 2416">
     <span class='ocr_line' id='line_1_40' title="bbox 458 2341 2056 2416; baseline 0.006 -24"><span class='ocrx_word' id='word_1_257' title='bbox 458 2346 521 2392; x_wconf 89' lang='lat' dir='ltr'><strong>ut</strong></span> <span class='ocrx_word' id='word_1_258' title='bbox 553 2341 797 2406; x_wconf 87' lang='lat' dir='ltr'><strong>veniam,</strong></span> <span class='ocrx_word' id='word_1_259' title='bbox 829 2341 876 2397; x_wconf 91' lang='lat' dir='ltr'><strong>si</strong></span> <span class='ocrx_word' id='word_1_260' title='bbox 908 2349 1091 2397; x_wconf 88' lang='lat' dir='ltr'><strong>tamen</strong></span> <span class='ocrx_word' id='word_1_261' title='bbox 1124 2358 1246 2397; x_wconf 90' lang='lat' dir='ltr'><strong>eam</strong></span> <span class='ocrx_word' id='word_1_262' title='bbox 1264 2351 1434 2414; x_wconf 87' lang='lat' dir='ltr'><strong>petat,</strong></span> <span class='ocrx_word' id='word_1_263' title='bbox 1466 2357 1524 2400; x_wconf 85' lang='lat' dir='ltr'><strong>et</strong></span> <span class='ocrx_word' id='word_1_264' title='bbox 1564 2361 1688 2416; x_wconf 72' lang='lat' dir='ltr'><strong>quae</strong></span> <span class='ocrx_word' id='word_1_265' title='bbox 1716 2355 1935 2416; x_wconf 87' lang='lat' dir='ltr'><strong>oportet</strong></span> <span class='ocrx_word' id='word_1_266' title='bbox 1955 2347 2056 2402; x_wconf 84' lang='lat' dir='ltr'><strong>do-</strong></span> 
     </span>
    </p>
   </div>
   <div class='ocr_carea' id='block_1_41' title="bbox 453 2430 2053 2506">
    <p class='ocr_par' dir='ltr' id='par_1_41' title="bbox 453 2430 2053 2506">
     <span class='ocr_line' id='line_1_41' title="bbox 453 2430 2053 2506; baseline 0.008 -23"><span class='ocrx_word' id='word_1_267' title='bbox 453 2430 571 2484; x_wconf 91' lang='lat' dir='ltr'><strong>ceri</strong></span> <span class='ocrx_word' id='word_1_268' title='bbox 602 2446 662 2488; x_wconf 89' lang='lat' dir='ltr'><strong>se</strong></span> <span class='ocrx_word' id='word_1_269' title='bbox 689 2433 852 2500; x_wconf 87' lang='lat' dir='ltr'><strong>sinat,</strong></span> <span class='ocrx_word' id='word_1_270' title='bbox 898 2444 1306 2506; x_wconf 85' lang='lat' dir='ltr'><strong>promereatur.</strong></span> <span class='ocrx_word' id='word_1_271' title='bbox 1340 2436 1447 2506; x_wconf 77' lang='lat'><strong>81</strong></span> <span class='ocrx_word' id='word_1_272' title='bbox 1489 2436 1586 2492; x_wconf 86' lang='lat' dir='ltr'><strong>Sin</strong></span> <span class='ocrx_word' id='word_1_273' title='bbox 1607 2453 1741 2493; x_wconf 91' lang='lat' dir='ltr'><strong>vero</strong></span> <span class='ocrx_word' id='word_1_274' title='bbox 1779 2453 1844 2494; x_wconf 91' lang='lat' dir='ltr'><strong>ea</strong></span> <span class='ocrx_word' id='word_1_275' title='bbox 1867 2438 2053 2496; x_wconf 85' lang='lat' dir='ltr'><strong>facere</strong></span> 
     </span>
    </p>
   </div>
   <div class='ocr_carea' id='block_1_42' title="bbox 453 2524 2049 2604">
    <p class='ocr_par' dir='ltr' id='par_1_42' title="bbox 453 2524 2049 2604">
     <span class='ocr_line' id='line_1_42' title="bbox 453 2524 2049 2604; baseline 0.007 -27"><span class='ocrx_word' id='word_1_276' title='bbox 453 2524 746 2590; x_wconf 89' lang='lat' dir='ltr'><strong>recusarit,</strong></span> <span class='ocrx_word' id='word_1_277' title='bbox 778 2526 848 2581; x_wconf 91' lang='lat' dir='ltr'><strong>ab</strong></span> <span class='ocrx_word' id='word_1_278' title='bbox 903 2527 1292 2597; x_wconf 88' lang='lat' dir='ltr'><strong>episcoporum</strong></span> <span class='ocrx_word' id='word_1_279' title='bbox 1333 2538 1480 2584; x_wconf 89' lang='lat' dir='ltr'><strong>coetu</strong></span> <span class='ocrx_word' id='word_1_280' title='bbox 1504 2569 1519 2595; x_wconf 92' lang='lat'><strong>,</strong></span> <span class='ocrx_word' id='word_1_281' title='bbox 1551 2544 1771 2586; x_wconf 86' lang='lat' dir='ltr'><strong>necnon</strong></span> <span class='ocrx_word' id='word_1_282' title='bbox 1807 2546 1838 2586; x_wconf 92' lang='lat' dir='ltr'><strong>a</strong></span> <span class='ocrx_word' id='word_1_283' title='bbox 1871 2533 2049 2604; x_wconf 89' lang='lat' dir='ltr'><strong>magi-</strong></span> 
     </span>
    </p>
   </div>
   <div class='ocr_carea' id='block_1_43' title="bbox 451 2612 2052 2693">
    <p class='ocr_par' dir='ltr' id='par_1_43' title="bbox 451 2612 2052 2693">
     <span class='ocr_line' id='line_1_43' title="bbox 451 2612 2052 2693; baseline 0.007 -26"><span class='ocrx_word' id='word_1_284' title='bbox 451 2612 607 2667; x_wconf 83' lang='lat' dir='ltr'><strong>sterii</strong></span> <span class='ocrx_word' id='word_1_285' title='bbox 626 2613 896 2685; x_wconf 86' lang='lat' dir='ltr'><strong>dignitate</strong></span> <span class='ocrx_word' id='word_1_286' title='bbox 923 2632 982 2672; x_wconf 88' lang='lat' dir='ltr'><strong>se</strong></span> <span class='ocrx_word' id='word_1_287' title='bbox 1003 2632 1232 2686; x_wconf 90' lang='lat' dir='ltr'><strong>prorsus</strong></span> <span class='ocrx_word' id='word_1_288' title='bbox 1255 2618 1495 2674; x_wconf 90' lang='lat' dir='ltr'><strong>alienum</strong></span> <span class='ocrx_word' id='word_1_289' title='bbox 1518 2628 1905 2693; x_wconf 84' lang='lat' dir='ltr'><strong>extorremque</strong></span> <span class='ocrx_word' id='word_1_290' title='bbox 1928 2639 2052 2679; x_wconf 91' lang='lat' dir='ltr'><strong>esse</strong></span> 
     </span>
    </p>
   </div>
   <div class='ocr_carea' id='block_1_44' title="bbox 454 2702 2050 2784">
    <p class='ocr_par' dir='ltr' id='par_1_44' title="bbox 454 2702 2050 2784">
     <span class='ocr_line' id='line_1_44' title="bbox 454 2702 2050 2784; baseline 0.008 -27"><span class='ocrx_word' id='word_1_291' title='bbox 454 2702 747 2776; x_wconf 87' lang='lat' dir='ltr'><strong>intelligat.</strong></span> <span class='ocrx_word' id='word_1_292' title='bbox 808 2707 1000 2777; x_wconf 86' lang='lat' dir='ltr'><strong>Neque</strong></span> <span class='ocrx_word' id='word_1_293' title='bbox 1043 2709 1193 2764; x_wconf 91' lang='lat' dir='ltr'><strong>enim</strong></span> <span class='ocrx_word' id='word_1_294' title='bbox 1242 2718 1420 2765; x_wconf 92' lang='lat' dir='ltr'><strong>tutum</strong></span> <span class='ocrx_word' id='word_1_295' title='bbox 1465 2723 1571 2779; x_wconf 91' lang='lat' dir='ltr'><strong>est,</strong></span> <span class='ocrx_word' id='word_1_296' title='bbox 1605 2713 1799 2784; x_wconf 89' lang='lat' dir='ltr'><strong>lupum</strong></span> <span class='ocrx_word' id='word_1_297' title='bbox 1841 2713 2050 2770; x_wconf 90' lang='lat' dir='ltr'><strong>Christi</strong></span> 
     </span>
    </p>
   </div>
   <div class='ocr_carea' id='block_1_45' title="bbox 452 2795 2045 2874">
    <p class='ocr_par' dir='ltr' id='par_1_45' title="bbox 452 2795 2045 2874">
     <span class='ocr_line' id='line_1_45' title="bbox 452 2795 2045 2874; baseline 0.008 -26"><span class='ocrx_word' id='word_1_298' title='bbox 452 2795 714 2866; x_wconf 86' lang='lat' dir='ltr'><strong>gregibus</strong></span> <span class='ocrx_word' id='word_1_299' title='bbox 754 2797 1015 2854; x_wconf 88' lang='lat' dir='ltr'><strong>infestum</strong></span> <span class='ocrx_word' id='word_1_300' title='bbox 1062 2801 1168 2856; x_wconf 92' lang='lat' dir='ltr'><strong>sub</strong></span> <span class='ocrx_word' id='word_1_301' title='bbox 1224 2802 1464 2872; x_wconf 90' lang='lat' dir='ltr'><strong>pastoris</strong></span> <span class='ocrx_word' id='word_1_302' title='bbox 1501 2805 1686 2874; x_wconf 91' lang='lat' dir='ltr'><strong>specie</strong></span> <span class='ocrx_word' id='word_1_303' title='bbox 1725 2805 2045 2862; x_wconf 88' lang='lat' dir='ltr'><strong>admittere.</strong></span> 
     </span>
    </p>
   </div>
   <div class='ocr_carea' id='block_1_46' title="bbox 452 2885 2047 2964">
    <p class='ocr_par' dir='ltr' id='par_1_46' title="bbox 452 2885 2047 2964">
     <span class='ocr_line' id='line_1_46' title="bbox 452 2885 2047 2964; baseline 0.008 -25"><span class='ocrx_word' id='word_1_304' title='bbox 452 2885 570 2941; x_wconf 86' lang='lat' dir='ltr'><strong>Viri</strong></span> <span class='ocrx_word' id='word_1_305' title='bbox 598 2887 786 2959; x_wconf 91' lang='lat' dir='ltr'><strong>itaque</strong></span> <span class='ocrx_word' id='word_1_306' title='bbox 819 2899 1018 2957; x_wconf 91' lang='lat' dir='ltr'><strong>estote,</strong></span> <span class='ocrx_word' id='word_1_307' title='bbox 1048 2901 1124 2958; x_wconf 90' lang='lat' dir='ltr'><strong>et,</strong></span> <span class='ocrx_word' id='word_1_308' title='bbox 1171 2900 1232 2948; x_wconf 92' lang='lat' dir='ltr'><strong>ut</strong></span> <span class='ocrx_word' id='word_1_309' title='bbox 1263 2909 1454 2950; x_wconf 89' lang='lat' dir='ltr'><strong>servos</strong></span> <span class='ocrx_word' id='word_1_310' title='bbox 1479 2896 1577 2952; x_wconf 90' lang='lat' dir='ltr'><strong>Dei</strong></span> <span class='ocrx_word' id='word_1_311' title='bbox 1623 2897 1803 2964; x_wconf 89' lang='lat' dir='ltr'><strong>decet,</strong></span> <span class='ocrx_word' id='word_1_312' title='bbox 1835 2898 2047 2952; x_wconf 88' lang='lat' dir='ltr'><strong>anima-</strong></span> 
     </span>
    </p>
   </div>
   <div class='ocr_carea' id='block_1_47' title="bbox 451 2983 2048 3056">
    <p class='ocr_par' dir='ltr' id='par_1_47' title="bbox 451 2983 2048 3056">
     <span class='ocr_line' id='line_1_47' title="bbox 451 2983 2048 3056; baseline 0.008 -26"><span class='ocrx_word' id='word_1_313' title='bbox 451 2991 578 3031; x_wconf 88' lang='lat' dir='ltr'><strong>rum</strong></span> <span class='ocrx_word' id='word_1_314' title='bbox 619 2987 934 3036; x_wconf 90' lang='lat' dir='ltr'><strong>vestrarum</strong></span> <span class='ocrx_word' id='word_1_315' title='bbox 970 2996 1162 3037; x_wconf 89' lang='lat' dir='ltr'><strong>curam</strong></span> <span class='ocrx_word' id='word_1_316' title='bbox 1207 2983 1490 3055; x_wconf 89' lang='lat' dir='ltr'><strong>suscipite,</strong></span> <span class='ocrx_word' id='word_1_317' title='bbox 1532 2994 1648 3041; x_wconf 89' lang='lat' dir='ltr'><strong>tum</strong></span> <span class='ocrx_word' id='word_1_318' title='bbox 1691 3002 1794 3056; x_wconf 82' lang='lat' dir='ltr'><strong>pro</strong></span> <span class='ocrx_word' id='word_1_319' title='bbox 1839 2986 2048 3042; x_wconf 90' lang='lat' dir='ltr'><strong>Christi</strong></span> 
     </span>
    </p>
   </div>
   <div class='ocr_carea' id='block_1_48' title="bbox 450 3069 2046 3146">
    <p class='ocr_par' dir='ltr' id='par_1_48' title="bbox 450 3069 2046 3146">
     <span class='ocr_line' id='line_1_48' title="bbox 450 3069 2046 3146; baseline 0.006 -23"><span class='ocrx_word' id='word_1_320' title='bbox 450 3069 646 3139; x_wconf 89' lang='lat' dir='ltr'><strong>gloria,</strong></span> <span class='ocrx_word' id='word_1_321' title='bbox 671 3081 728 3126; x_wconf 88' lang='lat' dir='ltr'><strong>et</strong></span> <span class='ocrx_word' id='word_1_322' title='bbox 753 3079 815 3127; x_wconf 89' lang='lat' dir='ltr'><strong>ut</strong></span> <span class='ocrx_word' id='word_1_323' title='bbox 843 3073 978 3128; x_wconf 83' lang='lat' dir='ltr'><strong>ﬁdes</strong></span> <span class='ocrx_word' id='word_1_324' title='bbox 1001 3089 1122 3144; x_wconf 75' lang='lat' dir='ltr'><strong>qua:</strong></span> <span class='ocrx_word' id='word_1_325' title='bbox 1148 3073 1203 3130; x_wconf 91' lang='lat' dir='ltr'><strong>in</strong></span> <span class='ocrx_word' id='word_1_326' title='bbox 1227 3077 1407 3146; x_wconf 89' lang='lat' dir='ltr'><strong>ipsum</strong></span> <span class='ocrx_word' id='word_1_327' title='bbox 1434 3086 1540 3142; x_wconf 89' lang='lat' dir='ltr'><strong>est,</strong></span> <span class='ocrx_word' id='word_1_328' title='bbox 1569 3086 1722 3134; x_wconf 91' lang='lat' dir='ltr'><strong>recta</strong></span> <span class='ocrx_word' id='word_1_329' title='bbox 1749 3085 1806 3133; x_wconf 87' lang='lat' dir='ltr'><strong>et</strong></span> <span class='ocrx_word' id='word_1_330' title='bbox 1829 3079 2046 3134; x_wconf 90' lang='lat' dir='ltr'><strong>sincera</strong></span> 
     </span>
    </p>
   </div>
   <div class='ocr_carea' id='block_1_49' title="bbox 2160 1975 3756 2051">
    <p class='ocr_par' dir='ltr' id='par_1_49' title="bbox 2160 1975 3756 2051">
     <span class='ocr_line' id='line_1_49' title="bbox 2160 1975 3756 2051; baseline 0.003 -23"><span class='ocrx_word' id='word_1_331' title='bbox 2160 1975 2396 2046; x_wconf 87' lang='grc' dir='ltr'>κρύσας,</span> <span class='ocrx_word' id='word_1_332' title='bbox 2431 1975 2830 2046; x_wconf 88' lang='grc' dir='ltr'>ἀναθεματίσαι</span> <span class='ocrx_word' id='word_1_333' title='bbox 2875 1977 2973 2046; x_wconf 87' lang='grc' dir='ltr'>μὲν</span> <span class='ocrx_word' id='word_1_334' title='bbox 3019 1977 3317 2048; x_wconf 75' lang='grc' dir='ltr'>ἐγγράφως</span> <span class='ocrx_word' id='word_1_335' title='bbox 3363 1977 3431 2032; x_wconf 81' lang='grc' dir='ltr'><strong>τὰ</strong></span> <span class='ocrx_word' id='word_1_336' title='bbox 3463 1979 3756 2051; x_wconf 84' lang='grc' dir='ltr'>διεστραμ-</span> 
     </span>
    </p>
   </div>
   <div class='ocr_carea' id='block_1_50' title="bbox 2161 2063 3754 2140">
    <p class='ocr_par' dir='ltr' id='par_1_50' title="bbox 2161 2063 3754 2140">
     <span class='ocr_line' id='line_1_50' title="bbox 2161 2063 3754 2140; baseline 0.003 -21"><span class='ocrx_word' id='word_1_337' title='bbox 2161 2066 2301 2138; x_wconf 83' lang='grc' dir='ltr'>μένα</span> <span class='ocrx_word' id='word_1_338' title='bbox 2330 2063 2529 2120; x_wconf 79' lang='grc' dir='ltr'>ἑαυτοῦ</span> <span class='ocrx_word' id='word_1_339' title='bbox 2580 2067 2851 2139; x_wconf 82' lang='grc' dir='ltr'>δόγματα,</span> <span class='ocrx_word' id='word_1_340' title='bbox 2882 2069 3216 2140; x_wconf 82' lang='grc' dir='ltr'>ὁμολογῆσαι</span> <span class='ocrx_word' id='word_1_341' title='bbox 3243 2069 3303 2122; x_wconf 82' lang='grc' dir='ltr'>δὲ</span> <span class='ocrx_word' id='word_1_342' title='bbox 3327 2069 3504 2140; x_wconf 84' lang='grc' dir='ltr'>ὀρθῶς</span> <span class='ocrx_word' id='word_1_343' title='bbox 3535 2071 3631 2124; x_wconf 76' lang='grc' dir='ltr'>καὶ</span> <span class='ocrx_word' id='word_1_344' title='bbox 3659 2072 3754 2124; x_wconf 89' lang='grc' dir='ltr'>ἀν-</span> 
     </span>
    </p>
   </div>
   <div class='ocr_carea' id='block_1_51' title="bbox 2160 2157 3751 2231">
    <p class='ocr_par' dir='ltr' id='par_1_51' title="bbox 2160 2157 3751 2231">
     <span class='ocr_line' id='line_1_51' title="bbox 2160 2157 3751 2231; baseline 0.002 -21"><span class='ocrx_word' id='word_1_345' title='bbox 2160 2157 2482 2228; x_wconf 86' lang='grc' dir='ltr'>επιλήπτως</span> <span class='ocrx_word' id='word_1_346' title='bbox 2529 2159 2629 2229; x_wconf 83' lang='grc' dir='ltr'>τῆς</span> <span class='ocrx_word' id='word_1_347' title='bbox 2667 2159 2962 2230; x_wconf 80' lang='grc' dir='ltr'>καθολικῆς</span> <span class='ocrx_word' id='word_1_348' title='bbox 3017 2159 3345 2230; x_wconf 85' lang='grc' dir='ltr'>Ἐκκλησίας</span> <span class='ocrx_word' id='word_1_349' title='bbox 3389 2161 3489 2231; x_wconf 82' lang='grc' dir='ltr'>τὴν</span> <span class='ocrx_word' id='word_1_350' title='bbox 3546 2161 3751 2226; x_wconf 77' lang='grc' dir='ltr'>πίστιν,</span> 
     </span>
    </p>
   </div>
   <div class='ocr_carea' id='block_1_52' title="bbox 2159 2249 3755 2323">
    <p class='ocr_par' dir='ltr' id='par_1_52' title="bbox 2159 2249 3755 2323">
     <span class='ocr_line' id='line_1_52' title="bbox 2159 2249 3755 2323; baseline -0.001 -18"><span class='ocrx_word' id='word_1_351' title='bbox 2159 2251 2345 2322; x_wconf 91' lang='grc' dir='ltr'>μένειν</span> <span class='ocrx_word' id='word_1_352' title='bbox 2383 2251 2567 2315; x_wconf 84' lang='grc' dir='ltr'>αὐτὸν,</span> <span class='ocrx_word' id='word_1_353' title='bbox 2611 2249 2946 2322; x_wconf 86' lang='grc' dir='ltr'>συγγνώμην</span> <span class='ocrx_word' id='word_1_354' title='bbox 2985 2251 3243 2306; x_wconf 78' lang='grc' dir='ltr'>αἰτοῦντα</span> <span class='ocrx_word' id='word_1_355' title='bbox 3263 2294 3277 2316; x_wconf 88' lang='grc'><strong>,</strong></span> <span class='ocrx_word' id='word_1_356' title='bbox 3307 2253 3404 2305; x_wconf 73' lang='grc' dir='ltr'><strong>καὶ</strong></span> <span class='ocrx_word' id='word_1_357' title='bbox 3430 2252 3467 2306; x_wconf 77' lang='grc' dir='ltr'>ἃ</span> <span class='ocrx_word' id='word_1_358' title='bbox 3503 2252 3586 2305; x_wconf 90' lang='grc' dir='ltr'><strong>δεῖ</strong></span> <span class='ocrx_word' id='word_1_359' title='bbox 3613 2269 3755 2323; x_wconf 66' lang='grc' dir='ltr'>μανμ-</span> 
     </span>
    </p>
   </div>
   <div class='ocr_carea' id='block_1_53' title="bbox 2157 2341 3763 2416">
    <p class='ocr_par' dir='ltr' id='par_1_53' title="bbox 2157 2341 3763 2416">
     <span class='ocr_line' id='line_1_53' title="bbox 2157 2341 3763 2416; baseline 0.001 -20"><span class='ocrx_word' id='word_1_360' title='bbox 2157 2343 2408 2398; x_wconf 89' lang='grc' dir='ltr'>θάνοντα.</span> <span class='ocrx_word' id='word_1_361' title='bbox 2447 2344 2512 2396; x_wconf 89' lang='grc' dir='ltr'><strong>Εἰ</strong></span> <span class='ocrx_word' id='word_1_362' title='bbox 2547 2341 2605 2396; x_wconf 77' lang='grc' dir='ltr'>δὲ</span> <span class='ocrx_word' id='word_1_363' title='bbox 2651 2341 2725 2414; x_wconf 78' lang='grc' dir='ltr'>μὴ</span> <span class='ocrx_word' id='word_1_364' title='bbox 2769 2341 2944 2396; x_wconf 76' lang='grc' dir='ltr'>ἕλοιτο</span> <span class='ocrx_word' id='word_1_365' title='bbox 2971 2343 3147 2398; x_wconf 87' lang='grc' dir='ltr'>ταῦτα</span> <span class='ocrx_word' id='word_1_366' title='bbox 3185 2343 3425 2416; x_wconf 79' lang='grc' dir='ltr'>πρᾶξαι,</span> <span class='ocrx_word' id='word_1_367' title='bbox 3470 2343 3763 2414; x_wconf 79' lang='grc' dir='ltr'>ἀλλότριον,</span> 
     </span>
    </p>
   </div>
   <div class='ocr_carea' id='block_1_54' title="bbox 2155 2432 3752 2505">
    <p class='ocr_par' dir='ltr' id='par_1_54' title="bbox 2155 2432 3752 2505">
     <span class='ocr_line' id='line_1_54' title="bbox 2155 2432 3752 2505; baseline -0.001 -15"><span class='ocrx_word' id='word_1_368' title='bbox 2155 2436 2319 2490; x_wconf 83' lang='grc' dir='ltr'>αὑτὸν</span> <span class='ocrx_word' id='word_1_369' title='bbox 2353 2433 2494 2488; x_wconf 74' lang='grc' dir='ltr'>εἶναι</span> <span class='ocrx_word' id='word_1_370' title='bbox 2520 2433 2615 2488; x_wconf 70' lang='grc' dir='ltr'>καὶ</span> <span class='ocrx_word' id='word_1_371' title='bbox 2634 2433 2781 2498; x_wconf 82' lang='grc' dir='ltr'>ξένον</span> <span class='ocrx_word' id='word_1_372' title='bbox 2811 2434 2906 2487; x_wconf 81' lang='grc' dir='ltr'><strong>τοῦ</strong></span> <span class='ocrx_word' id='word_1_373' title='bbox 2938 2432 3100 2505; x_wconf 89' lang='grc' dir='ltr'>χοροῦ</span> <span class='ocrx_word' id='word_1_374' title='bbox 3134 2434 3242 2488; x_wconf 90' lang='grc' dir='ltr'><strong>τῶν</strong></span> <span class='ocrx_word' id='word_1_375' title='bbox 3273 2434 3609 2499; x_wconf 73' lang='grc' dir='ltr'>ἐπισκόπων,</span> <span class='ocrx_word' id='word_1_376' title='bbox 3655 2435 3752 2488; x_wconf 79' lang='grc' dir='ltr'>καὶ</span> 
     </span>
    </p>
   </div>
   <div class='ocr_carea' id='block_1_55' title="bbox 2154 2524 3752 2599">
    <p class='ocr_par' dir='ltr' id='par_1_55' title="bbox 2154 2524 3752 2599">
     <span class='ocr_line' id='line_1_55' title="bbox 2154 2524 3752 2599; baseline 0 -19"><span class='ocrx_word' id='word_1_377' title='bbox 2154 2526 2248 2580; x_wconf 92' lang='grc' dir='ltr'><strong>τοῦ</strong></span> <span class='ocrx_word' id='word_1_378' title='bbox 2277 2525 2658 2580; x_wconf 87' lang='grc' dir='ltr'>διδασκαλικοῦ</span> <span class='ocrx_word' id='word_1_379' title='bbox 2701 2524 3034 2596; x_wconf 78' lang='grc' dir='ltr'>ἀξιώματος.</span> <span class='ocrx_word' id='word_1_380' title='bbox 3077 2528 3152 2580; x_wconf 84' lang='grc' dir='ltr'><strong>Οὐ</strong></span> <span class='ocrx_word' id='word_1_381' title='bbox 3201 2527 3310 2599; x_wconf 89' lang='grc' dir='ltr'><strong>γάρ</strong></span> <span class='ocrx_word' id='word_1_382' title='bbox 3351 2528 3499 2579; x_wconf 80' lang='grc' dir='ltr'>ἐστιν</span> <span class='ocrx_word' id='word_1_383' title='bbox 3531 2525 3752 2580; x_wconf 83' lang='grc' dir='ltr'>ἀκίνδυ-</span> 
     </span>
    </p>
   </div>
   <div class='ocr_carea' id='block_1_56' title="bbox 2153 2604 3748 2692">
    <p class='ocr_par' dir='ltr' id='par_1_56' title="bbox 2153 2604 3748 2692">
     <span class='ocr_line' id='line_1_56' title="bbox 2153 2604 3748 2692; baseline -0.003 -16"><span class='ocrx_word' id='word_1_384' title='bbox 2153 2638 2244 2676; x_wconf 83' lang='grc' dir='ltr'><strong>νον</strong></span> <span class='ocrx_word' id='word_1_385' title='bbox 2273 2623 2332 2676; x_wconf 83' lang='grc' dir='ltr'>ἐν</span> <span class='ocrx_word' id='word_1_386' title='bbox 2351 2622 2482 2675; x_wconf 86' lang='grc' dir='ltr'>εῐδει</span> <span class='ocrx_word' id='word_1_387' title='bbox 2513 2622 2772 2692; x_wconf 72' lang='grc' dir='ltr'>ποιμένος</span> <span class='ocrx_word' id='word_1_388' title='bbox 2800 2621 2965 2675; x_wconf 87' lang='grc' dir='ltr'>λύκον</span> <span class='ocrx_word' id='word_1_389' title='bbox 2994 2604 3284 2690; x_wconf 72' lang='grc' dir='ltr'>ὲπαφέἷναι</span> <span class='ocrx_word' id='word_1_390' title='bbox 3307 2619 3480 2673; x_wconf 78' lang='grc' dir='ltr'>δεινὸν</span> <span class='ocrx_word' id='word_1_391' title='bbox 3507 2621 3621 2682; x_wconf 84' lang='grc' dir='ltr'>τοῖς</span> <span class='ocrx_word' id='word_1_392' title='bbox 3651 2618 3748 2672; x_wconf 91' lang='grc' dir='ltr'><strong>τοῦ</strong></span> 
     </span>
    </p>
   </div>
   <div class='ocr_carea' id='block_1_57' title="bbox 2153 2709 3751 2786">
    <p class='ocr_par' dir='ltr' id='par_1_57' title="bbox 2153 2709 3751 2786">
     <span class='ocr_line' id='line_1_57' title="bbox 2153 2709 3751 2786; baseline -0.002 -19"><span class='ocrx_word' id='word_1_393' title='bbox 2153 2715 2409 2786; x_wconf 81' lang='grc' dir='ltr'>Σωτῆρος</span> <span class='ocrx_word' id='word_1_394' title='bbox 2462 2714 2757 2786; x_wconf 81' lang='grc' dir='ltr'>ποιμνίοις.</span> <span class='ocrx_word' id='word_1_395' title='bbox 2826 2711 3173 2783; x_wconf 78' lang='grc' dir='ltr'>Ἀνδρίζεσθε</span> <span class='ocrx_word' id='word_1_396' title='bbox 3233 2711 3412 2766; x_wconf 87' lang='grc' dir='ltr'>τοίνυν</span> <span class='ocrx_word' id='word_1_397' title='bbox 3442 2712 3519 2776; x_wconf 84' lang='grc' dir='ltr'>ὠς</span> <span class='ocrx_word' id='word_1_398' title='bbox 3571 2709 3751 2764; x_wconf 89' lang='grc' dir='ltr'>δοῦλοι</span> 
     </span>
    </p>
   </div>
   <div class='ocr_carea' id='block_1_58' title="bbox 2151 2802 3754 2878">
    <p class='ocr_par' dir='ltr' id='par_1_58' title="bbox 2151 2802 3754 2878">
     <span class='ocr_line' id='line_1_58' title="bbox 2151 2802 3754 2878; baseline -0.003 -17"><span class='ocrx_word' id='word_1_399' title='bbox 2151 2808 2388 2878; x_wconf 82' lang='grc' dir='ltr'>Χριστοῦ</span> <span class='ocrx_word' id='word_1_400' title='bbox 2415 2805 2465 2872; x_wconf 73' lang='grc' dir='ltr'><strong>τι,</strong></span> <span class='ocrx_word' id='word_1_401' title='bbox 2497 2807 2592 2860; x_wconf 72' lang='grc' dir='ltr'>καὶ</span> <span class='ocrx_word' id='word_1_402' title='bbox 2622 2806 2944 2878; x_wconf 89' lang='grc' dir='ltr'>φροντίσατε</span> <span class='ocrx_word' id='word_1_403' title='bbox 2978 2804 3088 2859; x_wconf 86' lang='grc' dir='ltr'><strong>τῶν</strong></span> <span class='ocrx_word' id='word_1_404' title='bbox 3123 2803 3269 2858; x_wconf 83' lang='grc' dir='ltr'>ἰδίων</span> <span class='ocrx_word' id='word_1_405' title='bbox 3301 2802 3512 2874; x_wconf 82' lang='grc' dir='ltr'>ψυχῶν,</span> <span class='ocrx_word' id='word_1_406' title='bbox 3569 2803 3754 2857; x_wconf 85' lang='grc' dir='ltr'>πάντα</span> 
     </span>
    </p>
   </div>
   <div class='ocr_carea' id='block_1_59' title="bbox 2151 2894 3754 2970">
    <p class='ocr_par' dir='ltr' id='par_1_59' title="bbox 2151 2894 3754 2970">
     <span class='ocr_line' id='line_1_59' title="bbox 2151 2894 3754 2970; baseline -0.002 -20"><span class='ocrx_word' id='word_1_407' title='bbox 2151 2898 2484 2969; x_wconf 87' lang='grc' dir='ltr'>πράττοντες</span> <span class='ocrx_word' id='word_1_408' title='bbox 2516 2898 2658 2970; x_wconf 80' lang='grc' dir='ltr'>ὑπὲρ</span> <span class='ocrx_word' id='word_1_409' title='bbox 2707 2898 2808 2968; x_wconf 80' lang='grc' dir='ltr'>τῆς</span> <span class='ocrx_word' id='word_1_410' title='bbox 2839 2895 3005 2967; x_wconf 86' lang='grc' dir='ltr'>δόξης</span> <span class='ocrx_word' id='word_1_411' title='bbox 3031 2895 3127 2950; x_wconf 90' lang='grc' dir='ltr'><strong>τοῦ</strong></span> <span class='ocrx_word' id='word_1_412' title='bbox 3157 2895 3427 2967; x_wconf 81' lang='grc' dir='ltr'>Χριστοῦ,</span> <span class='ocrx_word' id='word_1_413' title='bbox 3467 2895 3564 2948; x_wconf 69' lang='grc' dir='ltr'>καὶ</span> <span class='ocrx_word' id='word_1_414' title='bbox 3600 2894 3754 2958; x_wconf 79' lang='grc' dir='ltr'>ὅπως</span> 
     </span>
    </p>
   </div>
   <div class='ocr_carea' id='block_1_60' title="bbox 2149 2985 3752 3062">
    <p class='ocr_par' dir='ltr' id='par_1_60' title="bbox 2149 2985 3752 3062">
     <span class='ocr_line' id='line_1_60' title="bbox 2149 2985 3752 3062; baseline -0.004 -18"><span class='ocrx_word' id='word_1_415' title='bbox 2149 2990 2216 3044; x_wconf 82' lang='grc' dir='ltr'>ἂν</span> <span class='ocrx_word' id='word_1_416' title='bbox 2239 2993 2273 3062; x_wconf 89' lang='grc' dir='ltr'><strong>ή</strong></span> <span class='ocrx_word' id='word_1_417' title='bbox 2306 2991 2386 3054; x_wconf 89' lang='grc' dir='ltr'><strong>είς</strong></span> <span class='ocrx_word' id='word_1_418' title='bbox 2413 2990 2578 3044; x_wconf 80' lang='grc' dir='ltr'>αὐτὸν</span> <span class='ocrx_word' id='word_1_419' title='bbox 2609 2990 2792 3054; x_wconf 88' lang='grc' dir='ltr'>πίστις</span> <span class='ocrx_word' id='word_1_420' title='bbox 2823 2990 2959 3062; x_wconf 84' lang='grc' dir='ltr'>ὀρθὴ</span> <span class='ocrx_word' id='word_1_421' title='bbox 2995 2990 3090 3043; x_wconf 70' lang='grc' dir='ltr'>καὶ</span> <span class='ocrx_word' id='word_1_422' title='bbox 3114 2987 3431 3052; x_wconf 87' lang='grc' dir='ltr'>ἀκαταίτιος</span> <span class='ocrx_word' id='word_1_423' title='bbox 3466 2985 3752 3057; x_wconf 85' lang='grc' dir='ltr'>κηρύττη-</span> 
     </span>
    </p>
   </div>
   <div class='ocr_carea' id='block_1_61' title="bbox 2148 3077 3762 3154">
    <p class='ocr_par' dir='ltr' id='par_1_61' title="bbox 2148 3077 3762 3154">
     <span class='ocr_line' id='line_1_61' title="bbox 2148 3077 3762 3154; baseline -0.003 -16"><span class='ocrx_word' id='word_1_424' title='bbox 2148 3101 2240 3138; x_wconf 90' lang='grc' dir='ltr'><strong>ται</strong></span> <span class='ocrx_word' id='word_1_425' title='bbox 2281 3082 2581 3154; x_wconf 87' lang='grc' dir='ltr'>πανταχοῦ.</span> <span class='ocrx_word' id='word_1_426' title='bbox 2610 3083 2781 3137; x_wconf 83' lang='grc' dir='ltr'>Τοῦτο</span> <span class='ocrx_word' id='word_1_427' title='bbox 2809 3082 2918 3154; x_wconf 91' lang='grc' dir='ltr'><strong>γάρ</strong></span> <span class='ocrx_word' id='word_1_428' title='bbox 2958 3083 3104 3153; x_wconf 76' lang='grc' dir='ltr'>ὑμᾶς</span> <span class='ocrx_word' id='word_1_429' title='bbox 3133 3082 3229 3135; x_wconf 81' lang='grc' dir='ltr'>καὶ</span> <span class='ocrx_word' id='word_1_430' title='bbox 3267 3080 3377 3135; x_wconf 91' lang='grc' dir='ltr'><strong>τῶν</strong></span> <span class='ocrx_word' id='word_1_431' title='bbox 3409 3078 3547 3151; x_wconf 82' lang='grc' dir='ltr'>μετὰ</span> <span class='ocrx_word' id='word_1_432' title='bbox 3572 3077 3762 3134; x_wconf 75' lang='grc' dir='ltr'><strong>ταῦταΓ</strong></span> 
     </span>
    </p>
   </div>
   <div class='ocr_carea' id='block_1_62' title="bbox 451 3151 2056 3256">
    <p class='ocr_par' dir='ltr' id='par_1_62' title="bbox 451 3151 2041 3232">
     <span class='ocr_line' id='line_1_62' title="bbox 451 3151 2041 3232; baseline 0.007 -20"><span class='ocrx_word' id='word_1_433' title='bbox 451 3157 659 3229; x_wconf 91' lang='lat' dir='ltr'><strong>ubique</strong></span> <span class='ocrx_word' id='word_1_434' title='bbox 714 3151 963 3217; x_wconf 78' lang='lat' dir='ltr'><strong>locorum</strong></span> <span class='ocrx_word' id='word_1_435' title='bbox 1023 3165 1411 3232; x_wconf 88' lang='lat' dir='ltr'><strong>annuntietur,</strong></span> <span class='ocrx_word' id='word_1_436' title='bbox 1451 3167 1592 3221; x_wconf 89' lang='lat' dir='ltr'><strong>nihil</strong></span> <span class='ocrx_word' id='word_1_437' title='bbox 1645 3183 1760 3222; x_wconf 93' lang='lat' dir='ltr'><strong>non</strong></span> <span class='ocrx_word' id='word_1_438' title='bbox 1810 3174 2041 3223; x_wconf 86' lang='lat' dir='ltr'><strong>tentate.</strong></span> 
     </span>
    </p>
   </div>
   <div class='ocr_carea' id='block_1_63' title="bbox 2160 3151 3764 3256">
    <p class='ocr_par' dir='ltr' id='par_1_63' title="bbox 2160 3151 3764 3242">
     <span class='ocr_line' id='line_1_63' title="bbox 2160 3151 3764 3242; baseline -0.006 -12"><span class='ocrx_word' id='word_1_439' title='bbox 2160 3175 2412 3230; x_wconf 79' lang='grc' dir='ltr'>κινδύνων</span> <span class='ocrx_word' id='word_1_440' title='bbox 2440 3151 2765 3242; x_wconf 78' lang='grc' dir='ltr'>ἀπαλλάξει.</span> <span class='ocrx_word' id='word_1_441' title='bbox 2793 3151 3008 3228; x_wconf 36' lang='grc' dir='ltr'>καὶ-ἐπί</span> <span class='ocrx_word' id='word_1_442' title='bbox 3031 3172 3126 3226; x_wconf 88' lang='grc' dir='ltr'><strong>τοῦ</strong></span> <span class='ocrx_word' id='word_1_443' title='bbox 3167 3171 3314 3226; x_wconf 88' lang='grc' dir='ltr'>θείου</span> <span class='ocrx_word' id='word_1_444' title='bbox 3351 3171 3596 3242; x_wconf 87' lang='grc' dir='ltr'>βήματος</span> <span class='ocrx_word' id='word_1_445' title='bbox 3625 3185 3764 3223; x_wconf 85' lang='grc' dir='ltr'>στε-.</span> 
     </span>
    </p>
   </div>
   <div class='ocr_carea' id='block_1_64' title="bbox 452 3246 2056 3340">
    <p class='ocr_par' dir='ltr' id='par_1_64' title="bbox 452 3246 2046 3326">
     <span class='ocr_line' id='line_1_64' title="bbox 452 3246 2046 3326; baseline 0.007 -25"><span class='ocrx_word' id='word_1_446' title='bbox 452 3246 568 3303; x_wconf 91' lang='lat' dir='ltr'><strong>lloc</strong></span> <span class='ocrx_word' id='word_1_447' title='bbox 597 3251 746 3304; x_wconf 92' lang='lat' dir='ltr'><strong>enim</strong></span> <span class='ocrx_word' id='word_1_448' title='bbox 777 3267 874 3308; x_wconf 90' lang='lat' dir='ltr'><strong>vos</strong></span> <span class='ocrx_word' id='word_1_449' title='bbox 897 3261 953 3307; x_wconf 90' lang='lat' dir='ltr'><strong>et</strong></span> <span class='ocrx_word' id='word_1_450' title='bbox 972 3269 1002 3308; x_wconf 91' lang='lat' dir='ltr'><strong>a</strong></span> <span class='ocrx_word' id='word_1_451' title='bbox 1033 3254 1234 3310; x_wconf 89' lang='lat' dir='ltr'><strong>futuris</strong></span> <span class='ocrx_word' id='word_1_452' title='bbox 1263 3255 1530 3326; x_wconf 90' lang='lat' dir='ltr'><strong>periculis</strong></span> <span class='ocrx_word' id='word_1_453' title='bbox 1560 3256 1842 3321; x_wconf 89' lang='lat' dir='ltr'><strong>liberabit,</strong></span> <span class='ocrx_word' id='word_1_454' title='bbox 1875 3265 1931 3312; x_wconf 89' lang='lat' dir='ltr'><strong>et</strong></span> <span class='ocrx_word' id='word_1_455' title='bbox 1953 3272 2046 3312; x_wconf 93' lang='lat' dir='ltr'><strong>co—</strong></span> 
     </span>
    </p>
   </div>
   <div class='ocr_carea' id='block_1_65' title="bbox 2160 3246 3760 3340">
    <p class='ocr_par' dir='ltr' id='par_1_65' title="bbox 2160 3261 3760 3340">
     <span class='ocr_line' id='line_1_65' title="bbox 2160 3261 3760 3340; baseline -0.006 -16"><span class='ocrx_word' id='word_1_456' title='bbox 2160 3269 2326 3340; x_wconf 81' lang='grc' dir='ltr'>ράνων</span> <span class='ocrx_word' id='word_1_457' title='bbox 2351 3268 2652 3339; x_wconf 83' lang='grc' dir='ltr'>ἀξιωθῆναι</span> <span class='ocrx_word' id='word_1_458' title='bbox 2683 3266 3130 3338; x_wconf 86' lang='grc' dir='ltr'>παρασκευάσει,</span> <span class='ocrx_word' id='word_1_459' title='bbox 3162 3265 3262 3335; x_wconf 86' lang='grc' dir='ltr'>τῆς</span> <span class='ocrx_word' id='word_1_460' title='bbox 3291 3265 3372 3328; x_wconf 88' lang='grc' dir='ltr'><strong>είς</strong></span> <span class='ocrx_word' id='word_1_461' title='bbox 3402 3263 3566 3316; x_wconf 82' lang='grc' dir='ltr'>αὐτὸν</span> <span class='ocrx_word' id='word_1_462' title='bbox 3609 3261 3760 3330; x_wconf 81' lang='grc' dir='ltr'>ἀγά-</span> 
     </span>
    </p>
   </div>
   <div class='ocr_carea' id='block_1_66' title="bbox 450 3339 2056 3432">
    <p class='ocr_par' dir='ltr' id='par_1_66' title="bbox 450 3339 2044 3417">
     <span class='ocr_line' id='line_1_66' title="bbox 450 3339 2044 3417; baseline 0.008 -26"><span class='ocrx_word' id='word_1_463' title='bbox 450 3352 569 3392; x_wconf 89' lang='lat' dir='ltr'><strong>ram</strong></span> <span class='ocrx_word' id='word_1_464' title='bbox 599 3339 788 3397; x_wconf 90' lang='lat' dir='ltr'><strong>divino</strong></span> <span class='ocrx_word' id='word_1_465' title='bbox 809 3343 1074 3398; x_wconf 90' lang='lat' dir='ltr'><strong>tribunali</strong></span> <span class='ocrx_word' id='word_1_466' title='bbox 1109 3360 1314 3400; x_wconf 81' lang='lat' dir='ltr'><strong>corona</strong></span> <span class='ocrx_word' id='word_1_467' title='bbox 1349 3346 1545 3417; x_wconf 91' lang='lat' dir='ltr'><strong>dignos</strong></span> <span class='ocrx_word' id='word_1_468' title='bbox 1567 3345 1789 3410; x_wconf 71' lang='lat' dir='ltr'><strong>efﬁciet,</strong></span> <span class='ocrx_word' id='word_1_469' title='bbox 1825 3346 2044 3403; x_wconf 89' lang='lat' dir='ltr'><strong>Christo</strong></span> 
     </span>
    </p>
   </div>
   <div class='ocr_carea' id='block_1_67' title="bbox 2160 3339 3772 3432">
    <p class='ocr_par' dir='ltr' id='par_1_67' title="bbox 2160 3352 3772 3432">
     <span class='ocr_line' id='line_1_67' title="bbox 2160 3352 3772 3432; baseline -0.006 -20"><span class='ocrx_word' id='word_1_470' title='bbox 2160 3377 2251 3432; x_wconf 67' lang='grc' dir='ltr'><strong>της</strong></span> <span class='ocrx_word' id='word_1_471' title='bbox 2275 3359 2438 3414; x_wconf 77' lang='grc' dir='ltr'>ἓνεκα</span> <span class='ocrx_word' id='word_1_472' title='bbox 2460 3359 2784 3430; x_wconf 89' lang='grc' dir='ltr'>σύμπαντας</span> <span class='ocrx_word' id='word_1_473' title='bbox 2801 3357 3204 3430; x_wconf 81' lang='grc' dir='ltr'>ἀποδεχομένου</span> <span class='ocrx_word' id='word_1_474' title='bbox 3225 3354 3323 3408; x_wconf 87' lang='grc' dir='ltr'><strong>τοῦ</strong></span> <span class='ocrx_word' id='word_1_475' title='bbox 3347 3356 3567 3409; x_wconf 82' lang='grc' dir='ltr'>πάντων</span> <span class='ocrx_word' id='word_1_476' title='bbox 3586 3352 3772 3423; x_wconf 86' lang='grc' dir='ltr'>ήμῶν.</span> 
     </span>
    </p>
   </div>
   <div class='ocr_carea' id='block_1_68' title="bbox 449 3432 2056 3523">
    <p class='ocr_par' dir='ltr' id='par_1_68' title="bbox 449 3432 2046 3515">
     <span class='ocr_line' id='line_1_68' title="bbox 449 3432 2046 3515; baseline 0.008 -32"><span class='ocrx_word' id='word_1_477' title='bbox 449 3432 697 3487; x_wconf 88' lang='lat' dir='ltr'><strong>omnium</strong></span> <span class='ocrx_word' id='word_1_478' title='bbox 737 3444 991 3515; x_wconf 75' lang='lat' dir='ltr'><strong>nostrum</strong></span> <span class='ocrx_word' id='word_1_479' title='bbox 1035 3437 1324 3495; x_wconf 84' lang='lat' dir='ltr'><strong>Salvatore</strong></span> <span class='ocrx_word' id='word_1_480' title='bbox 1369 3447 1602 3510; x_wconf 90' lang='lat' dir='ltr'><strong>propter</strong></span> <span class='ocrx_word' id='word_1_481' title='bbox 1644 3446 1885 3494; x_wconf 87' lang='lat' dir='ltr'><strong>vestram</strong></span> <span class='ocrx_word' id='word_1_482' title='bbox 1914 3456 2046 3512; x_wconf 89' lang='lat' dir='ltr'><strong>erga</strong></span> 
     </span>
    </p>
   </div>
   <div class='ocr_carea' id='block_1_69' title="bbox 2160 3432 3756 3523">
    <p class='ocr_par' dir='ltr' id='par_1_69' title="bbox 2160 3443 3756 3523">
     <span class='ocr_line' id='line_1_69' title="bbox 2160 3443 3756 3523; baseline -0.003 -19"><span class='ocrx_word' id='word_1_483' title='bbox 2160 3453 2396 3523; x_wconf 72' lang='grc' dir='ltr'>Σωτῆρος</span> <span class='ocrx_word' id='word_1_484' title='bbox 2434 3451 2696 3522; x_wconf 88' lang='grc' dir='ltr'>Χριστοῦ.</span> <span class='ocrx_word' id='word_1_485' title='bbox 2737 3470 2756 3502; x_wconf 76' lang='grc' dir='ltr'><strong>ι</strong></span> <span class='ocrx_word' id='word_1_486' title='bbox 2811 3448 3159 3505; x_wconf 82' lang='grc' dir='ltr'>Ἀσπάσασθε</span> <span class='ocrx_word' id='word_1_487' title='bbox 3193 3446 3460 3518; x_wconf 81' lang='grc' dir='ltr'>ἀλλήλους</span> <span class='ocrx_word' id='word_1_488' title='bbox 3491 3445 3549 3497; x_wconf 82' lang='grc' dir='ltr'>ὲν</span> <span class='ocrx_word' id='word_1_489' title='bbox 3583 3443 3756 3515; x_wconf 86' lang='grc' dir='ltr'>φιλή-</span> 
     </span>
    </p>
   </div>
   <div class='ocr_carea' id='block_1_70' title="bbox 451 3522 2056 3617">
    <p class='ocr_par' dir='ltr' id='par_1_70' title="bbox 451 3522 2041 3588">
     <span class='ocr_line' id='line_1_70' title="bbox 451 3522 2041 3588; baseline 0.007 -12"><span class='ocrx_word' id='word_1_490' title='bbox 451 3522 609 3578; x_wconf 90' lang='lat' dir='ltr'><strong>illum</strong></span> <span class='ocrx_word' id='word_1_491' title='bbox 631 3525 984 3584; x_wconf 90' lang='lat' dir='ltr'><strong>dilectionem</strong></span> <span class='ocrx_word' id='word_1_492' title='bbox 1018 3530 1284 3586; x_wconf 89' lang='lat' dir='ltr'><strong>laudante</strong></span> <span class='ocrx_word' id='word_1_493' title='bbox 1321 3547 1517 3586; x_wconf 90' lang='lat' dir='ltr'><strong>omnes</strong></span> <span class='ocrx_word' id='word_1_494' title='bbox 1550 3539 1608 3585; x_wconf 93' lang='lat' dir='ltr'><strong>et</strong></span> <span class='ocrx_word' id='word_1_495' title='bbox 1630 3541 2041 3588; x_wconf 87' lang='lat' dir='ltr'><strong>remunerante.</strong></span> 
     </span>
    </p>
   </div>
   <div class='ocr_carea' id='block_1_71' title="bbox 2160 3522 3760 3617">
    <p class='ocr_par' dir='ltr' id='par_1_71' title="bbox 2160 3522 3760 3616">
     <span class='ocr_line' id='line_1_71' title="bbox 2160 3522 3760 3616; baseline -0.006 -17"><span class='ocrx_word' id='word_1_496' title='bbox 2160 3522 2473 3616; x_wconf 40' lang='lat' dir='ltr'><strong>aa‘ttdﬂtp.</strong></span> <span class='ocrx_word' id='word_1_497' title='bbox 2541 3544 2908 3610; x_wconf 77' lang='grc' dir='ltr'>Ἀσπάζονται</span> <span class='ocrx_word' id='word_1_498' title='bbox 2945 3545 3092 3616; x_wconf 80' lang='grc' dir='ltr'>ὑμᾶς</span> <span class='ocrx_word' id='word_1_499' title='bbox 3136 3543 3188 3594; x_wconf 87' lang='grc' dir='ltr'><strong>οί</strong></span> <span class='ocrx_word' id='word_1_500' title='bbox 3236 3540 3336 3593; x_wconf 80' lang='grc' dir='ltr'>σὺν</span> <span class='ocrx_word' id='word_1_501' title='bbox 3369 3538 3496 3610; x_wconf 75' lang='grc' dir='ltr'>ἐμοὶ</span> <span class='ocrx_word' id='word_1_502' title='bbox 3541 3536 3760 3600; x_wconf 84' lang='grc' dir='ltr'>πάντες</span> 
     </span>
    </p>
   </div>
   <div class='ocr_carea' id='block_1_72' title="bbox 458 3611 2056 3707">
    <p class='ocr_par' dir='ltr' id='par_1_72' title="bbox 458 3611 2045 3679">
     <span class='ocr_line' id='line_1_72' title="bbox 458 3611 2045 3679; baseline 0.008 -13"><span class='ocrx_word' id='word_1_503' title='bbox 458 3611 734 3671; x_wconf 72' lang='lat' dir='ltr'><strong>«Salutate</strong></span> <span class='ocrx_word' id='word_1_504' title='bbox 763 3617 1001 3674; x_wconf 86' lang='lat' dir='ltr'><strong>invicem</strong></span> <span class='ocrx_word' id='word_1_505' title='bbox 1024 3619 1082 3673; x_wconf 91' lang='lat' dir='ltr'><strong>in</strong></span> <span class='ocrx_word' id='word_1_506' title='bbox 1096 3621 1290 3676; x_wconf 92' lang='lat' dir='ltr'><strong>osculo</strong></span> <span class='ocrx_word' id='word_1_507' title='bbox 1310 3627 1521 3676; x_wconf 88' lang='lat' dir='ltr'><strong>sancto.</strong></span> <span class='ocrx_word' id='word_1_508' title='bbox 1537 3619 1790 3676; x_wconf 90' lang='lat' dir='ltr'><strong>Salutant</strong></span> <span class='ocrx_word' id='word_1_509' title='bbox 1814 3637 1910 3676; x_wconf 90' lang='lat' dir='ltr'><strong>vos</strong></span> <span class='ocrx_word' id='word_1_510' title='bbox 1934 3622 2045 3679; x_wconf 83' lang='lat' dir='ltr'><strong>fra-</strong></span> 
     </span>
    </p>
   </div>
   <div class='ocr_carea' id='block_1_73' title="bbox 2160 3611 3747 3707">
    <p class='ocr_par' dir='ltr' id='par_1_73' title="bbox 2160 3611 3747 3707">
     <span class='ocr_line' id='line_1_73' title="bbox 2160 3611 3747 3707; baseline -0.006 -19"><span class='ocrx_word' id='word_1_511' title='bbox 2160 3611 2383 3704; x_wconf 52' lang='lat' dir='ltr'><strong>malum.</strong></span> <span class='ocrx_word' id='word_1_512' title='bbox 2487 3634 2792 3707; x_wconf 79' lang='grc' dir='ltr'>Ἑρῤῶσθαι</span> <span class='ocrx_word' id='word_1_513' title='bbox 2831 3611 3068 3706; x_wconf 38' lang='grc' dir='ltr'>ὑμᾶς’ὲν</span> <span class='ocrx_word' id='word_1_514' title='bbox 3098 3631 3288 3704; x_wconf 83' lang='grc' dir='ltr'>Κυρίῳ</span> <span class='ocrx_word' id='word_1_515' title='bbox 3317 3627 3573 3700; x_wconf 73' lang='grc' dir='ltr'>εὔχομαι,</span> <span class='ocrx_word' id='word_1_516' title='bbox 3606 3625 3747 3695; x_wconf 81' lang='grc' dir='ltr'>ἀγα-</span> 
     </span>
    </p>
   </div>
   <div class='ocr_carea' id='block_1_74' title="bbox 451 3707 2056 3798">
    <p class='ocr_par' dir='ltr' id='par_1_74' title="bbox 451 3707 2037 3786">
     <span class='ocr_line' id='line_1_74' title="bbox 451 3707 2037 3786; baseline 0.009 -28"><span class='ocrx_word' id='word_1_517' title='bbox 451 3711 566 3759; x_wconf 79' lang='lat' dir='ltr'><strong>tres</strong></span> <span class='ocrx_word' id='word_1_518' title='bbox 587 3707 682 3776; x_wconf 91' lang='lat' dir='ltr'><strong>qui</strong></span> <span class='ocrx_word' id='word_1_519' title='bbox 699 3724 915 3766; x_wconf 90' lang='lat' dir='ltr'><strong>mecum</strong></span> <span class='ocrx_word' id='word_1_520' title='bbox 939 3722 1072 3768; x_wconf 89' lang='lat' dir='ltr'><strong>sunt</strong></span> <span class='ocrx_word' id='word_1_521' title='bbox 1091 3714 1158 3768; x_wconf 80' lang='grc'><strong>⁸³.</strong></span> <span class='ocrx_word' id='word_1_522' title='bbox 1189 3733 1208 3765; x_wconf 73' lang='grc' dir='ltr'><strong>ι</strong></span> <span class='ocrx_word' id='word_1_523' title='bbox 1231 3713 1375 3783; x_wconf 90' lang='lat' dir='ltr'><strong>Opto</strong></span> <span class='ocrx_word' id='word_1_524' title='bbox 1394 3727 1494 3768; x_wconf 92' lang='lat' dir='ltr'><strong>vos</strong></span> <span class='ocrx_word' id='word_1_525' title='bbox 1513 3713 1569 3768; x_wconf 91' lang='lat' dir='ltr'><strong>in</strong></span> <span class='ocrx_word' id='word_1_526' title='bbox 1589 3713 1811 3771; x_wconf 88' lang='lat' dir='ltr'><strong>Christo</strong></span> <span class='ocrx_word' id='word_1_527' title='bbox 1832 3717 2037 3786; x_wconf 89' lang='lat' dir='ltr'><strong>valere,</strong></span> 
     </span>
    </p>
   </div>
   <div class='ocr_carea' id='block_1_75' title="bbox 2160 3707 2852 3798">
    <p class='ocr_par' dir='ltr' id='par_1_75' title="bbox 2160 3728 2852 3798">
     <span class='ocr_line' id='line_1_75' title="bbox 2160 3728 2852 3798; baseline 0.001 -17"><span class='ocrx_word' id='word_1_528' title='bbox 2160 3729 2314 3798; x_wconf 76' lang='grc' dir='ltr'>πητοὶ</span> <span class='ocrx_word' id='word_1_529' title='bbox 2341 3728 2435 3782; x_wconf 81' lang='grc' dir='ltr'>καὶ</span> <span class='ocrx_word' id='word_1_530' title='bbox 2462 3728 2852 3782; x_wconf 85' lang='grc' dir='ltr'>ποθεινότατοι.</span> 
     </span>
    </p>
   </div>
   <div class='ocr_carea' id='block_1_76' title="bbox 452 3793 1464 3861">
    <p class='ocr_par' dir='ltr' id='par_1_76' title="bbox 452 3793 1464 3861">
     <span class='ocr_line' id='line_1_76' title="bbox 452 3793 1464 3861; baseline 0.01 -13"><span class='ocrx_word' id='word_1_531' title='bbox 452 3793 640 3855; x_wconf 87' lang='lat' dir='ltr'><strong>dilecti</strong></span> <span class='ocrx_word' id='word_1_532' title='bbox 666 3807 723 3856; x_wconf 87' lang='lat' dir='ltr'><strong>et</strong></span> <span class='ocrx_word' id='word_1_533' title='bbox 750 3801 1210 3861; x_wconf 88' lang='lat' dir='ltr'><strong>desideratissimi</strong></span> <span class='ocrx_word' id='word_1_534' title='bbox 1241 3805 1464 3860; x_wconf 81' lang='lat' dir='ltr'><strong>fratres.</strong></span> 
     </span>
    </p>
   </div>
   <div class='ocr_carea' id='block_1_77' title="bbox 1661 4054 2528 4132">
    <p class='ocr_par' dir='ltr' id='par_1_77' title="bbox 1661 4054 2528 4132">
     <span class='ocr_line' id='line_1_77' title="bbox 1661 4054 2528 4132; baseline 0.003 -22"><span class='ocrx_word' id='word_1_535' title='bbox 1661 4054 1999 4119; x_wconf 82' lang='lat' dir='ltr'><strong>EPISTOLA</strong></span> <span class='ocrx_word' id='word_1_536' title='bbox 2040 4061 2141 4116; x_wconf 86' lang='grc' dir='ltr'><strong>ΧΧ</strong></span> <span class='ocrx_word' id='word_1_537' title='bbox 2175 4060 2269 4132; x_wconf 82' lang='lat' dir='ltr'><strong>(al.</strong></span> <span class='ocrx_word' id='word_1_538' title='bbox 2311 4059 2528 4130; x_wconf 77' lang='lat' dir='ltr'><strong>XVIII).</strong></span> 
     </span>
    </p>
   </div>
   <div class='ocr_carea' id='block_1_78' title="bbox 915 4197 3290 4255">
    <p class='ocr_par' dir='ltr' id='par_1_78' title="bbox 915 4197 3290 4255">
     <span class='ocr_line' id='line_1_78' title="bbox 915 4197 3290 4255; baseline 0.002 -16"><span class='ocrx_word' id='word_1_539' title='bbox 915 4197 1120 4239; x_wconf 71' lang='grc' dir='ltr'>(εῑιιιιιι</span> <span class='ocrx_word' id='word_1_540' title='bbox 1150 4199 1216 4239; x_wconf 76' lang='lat' dir='ltr'><strong>AD</strong></span> <span class='ocrx_word' id='word_1_541' title='bbox 1245 4199 1454 4241; x_wconf 69' lang='grc' dir='ltr'>οιΕιιυΜ</span> <span class='ocrx_word' id='word_1_542' title='bbox 1493 4203 1838 4255; x_wconf 71' lang='grc' dir='ltr'>Ρονειωίρυε</span> <span class='ocrx_word' id='word_1_543' title='bbox 1872 4210 2310 4253; x_wconf 65' lang='grc' dir='ltr'>ΑιεχΑΝυιιικωι.</span> <span class='ocrx_word' id='word_1_544' title='bbox 2344 4213 2374 4250; x_wconf 81' lang='grc' dir='ltr'><strong>Ε</strong></span> <span class='ocrx_word' id='word_1_545' title='bbox 2416 4213 2593 4252; x_wconf 81' lang='lat' dir='ltr'><strong>RIIODO</strong></span> <span class='ocrx_word' id='word_1_546' title='bbox 2617 4211 2754 4250; x_wconf 76' lang='lat' dir='ltr'><strong>ANTE</strong></span> <span class='ocrx_word' id='word_1_547' title='bbox 2787 4208 3024 4250; x_wconf 68' lang='lat' dir='ltr'><strong>SYNODUM</strong></span> <span class='ocrx_word' id='word_1_548' title='bbox 3055 4206 3290 4248; x_wconf 70' lang='lat' dir='ltr'><strong>SCRIPTA.</strong></span> 
     </span>
    </p>
   </div>
   <div class='ocr_carea' id='block_1_79' title="bbox 845 4314 3148 4408">
    <p class='ocr_par' dir='ltr' id='par_1_79' title="bbox 845 4314 3148 4408">
     <span class='ocr_line' id='line_1_79' title="bbox 845 4314 3148 4408; baseline 0 -29"><span class='ocrx_word' id='word_1_549' title='bbox 845 4331 925 4385; x_wconf 69' lang='lat' dir='ltr'><strong>l&quot;?</strong></span> <span class='ocrx_word' id='word_1_550' title='bbox 975 4314 1054 4378; x_wconf 71' lang='lat' dir='ltr'><strong>‘Ut</strong></span> <span class='ocrx_word' id='word_1_551' title='bbox 1080 4322 1340 4377; x_wconf 76' lang='lat' dir='ltr'><strong>continuis</strong></span> <span class='ocrx_word' id='word_1_552' title='bbox 1368 4327 1606 4394; x_wconf 77' lang='lat' dir='ltr'><strong>precibus</strong></span> <span class='ocrx_word' id='word_1_553' title='bbox 1632 4347 1754 4386; x_wconf 76' lang='lat' dir='ltr'><strong>suos</strong></span> <span class='ocrx_word' id='word_1_554' title='bbox 1797 4350 1893 4404; x_wconf 87' lang='lat' dir='ltr'><strong>pro</strong></span> <span class='ocrx_word' id='word_1_555' title='bbox 1931 4343 2075 4390; x_wconf 85' lang='lat' dir='ltr'><strong>recta</strong></span> <span class='ocrx_word' id='word_1_556' title='bbox 2112 4335 2218 4406; x_wconf 79' lang='lat' dir='ltr'><strong>ﬁde</strong></span> <span class='ocrx_word' id='word_1_557' title='bbox 2250 4336 2586 4408; x_wconf 79' lang='lat' dir='ltr'><strong>periclitante</strong></span> <span class='ocrx_word' id='word_1_558' title='bbox 2623 4338 2844 4388; x_wconf 79' lang='lat' dir='ltr'><strong>conatus</strong></span> <span class='ocrx_word' id='word_1_559' title='bbox 2872 4329 3148 4399; x_wconf 71' lang='lat' dir='ltr'><strong>adjuverat.</strong></span> 
     </span>
    </p>
   </div>
   <div class='ocr_carea' id='block_1_80' title="bbox 523 4459 2056 4548">
    <p class='ocr_par' dir='ltr' id='par_1_80' title="bbox 523 4461 2040 4539">
     <span class='ocr_line' id='line_1_80' title="bbox 523 4461 2040 4539; baseline 0.011 -24"><span class='ocrx_word' id='word_1_560' title='bbox 523 4461 904 4532; x_wconf 85' lang='lat' dir='ltr'><strong>Presbyteris,</strong></span> <span class='ocrx_word' id='word_1_561' title='bbox 952 4461 1233 4528; x_wconf 88' lang='lat' dir='ltr'><strong>diaconis,</strong></span> <span class='ocrx_word' id='word_1_562' title='bbox 1295 4467 1609 4539; x_wconf 88' lang='lat' dir='ltr'><strong>populoque</strong></span> <span class='ocrx_word' id='word_1_563' title='bbox 1664 4471 2040 4531; x_wconf 81' lang='lat' dir='ltr'><strong>Alexandrino</strong></span> 
     </span>
    </p>
   </div>
   <div class='ocr_carea' id='block_1_81' title="bbox 2160 4459 3754 4548">
    <p class='ocr_par' dir='ltr' id='par_1_81' title="bbox 2216 4459 3754 4548">
     <span class='ocr_line' id='line_1_81' title="bbox 2216 4459 3754 4548; baseline -0.014 -15"><span class='ocrx_word' id='word_1_564' title='bbox 2216 4478 2488 4548; x_wconf 88' lang='grc' dir='ltr'>Κύριλλος</span> <span class='ocrx_word' id='word_1_565' title='bbox 2537 4475 2973 4548; x_wconf 80' lang='grc' dir='ltr'>πρεσϐυτέροις,</span> <span class='ocrx_word' id='word_1_566' title='bbox 3009 4471 3104 4524; x_wconf 73' lang='grc' dir='ltr'>καὶ</span> <span class='ocrx_word' id='word_1_567' title='bbox 3151 4465 3443 4526; x_wconf 83' lang='grc' dir='ltr'>διακόνοις,</span> <span class='ocrx_word' id='word_1_568' title='bbox 3496 4461 3592 4514; x_wconf 72' lang='grc' dir='ltr'>καὶ</span> <span class='ocrx_word' id='word_1_569' title='bbox 3625 4459 3754 4530; x_wconf 76' lang='grc' dir='ltr'>λαῷ</span> 
     </span>
    </p>
   </div>
   <div class='ocr_carea' id='block_1_82' title="bbox 453 4551 2056 4639">
    <p class='ocr_par' dir='ltr' id='par_1_82' title="bbox 453 4551 2045 4630">
     <span class='ocr_line' id='line_1_82' title="bbox 453 4551 2045 4630; baseline 0.011 -26"><span class='ocrx_word' id='word_1_570' title='bbox 453 4551 672 4607; x_wconf 83' lang='lat' dir='ltr'><strong>dilectis</strong></span> <span class='ocrx_word' id='word_1_571' title='bbox 703 4551 1303 4626; x_wconf 89' lang='lat' dir='ltr'><strong>desideratissimisque</strong></span> <span class='ocrx_word' id='word_1_572' title='bbox 1335 4557 1574 4630; x_wconf 90' lang='lat' dir='ltr'><strong>Cyrillus</strong></span> <span class='ocrx_word' id='word_1_573' title='bbox 1606 4562 1660 4616; x_wconf 92' lang='lat' dir='ltr'><strong>in</strong></span> <span class='ocrx_word' id='word_1_574' title='bbox 1693 4562 1927 4620; x_wconf 89' lang='lat' dir='ltr'><strong>Domino</strong></span> <span class='ocrx_word' id='word_1_575' title='bbox 1955 4583 2045 4622; x_wconf 92' lang='lat' dir='ltr'><strong>sa-</strong></span> 
     </span>
    </p>
   </div>
   <div class='ocr_carea' id='block_1_83' title="bbox 2160 4551 3752 4639">
    <p class='ocr_par' dir='ltr' id='par_1_83' title="bbox 2160 4551 3752 4639">
     <span class='ocr_line' id='line_1_83' title="bbox 2160 4551 3752 4639; baseline -0.015 -15"><span class='ocrx_word' id='word_1_576' title='bbox 2160 4569 2588 4639; x_wconf 84' lang='grc' dir='ltr'>Ἀλεξανδρεῐας,</span> <span class='ocrx_word' id='word_1_577' title='bbox 2619 4567 2927 4636; x_wconf 82' lang='grc' dir='ltr'>ἀγαπητοῖς</span> <span class='ocrx_word' id='word_1_578' title='bbox 2962 4563 3058 4616; x_wconf 73' lang='grc' dir='ltr'><strong>καὶ</strong></span> <span class='ocrx_word' id='word_1_579' title='bbox 3091 4554 3497 4615; x_wconf 89' lang='grc' dir='ltr'>ποθεινοτάτοις</span> <span class='ocrx_word' id='word_1_580' title='bbox 3531 4552 3590 4605; x_wconf 89' lang='grc' dir='ltr'>ὲν</span> <span class='ocrx_word' id='word_1_581' title='bbox 3626 4551 3752 4602; x_wconf 59' lang='grc' dir='ltr'>Κυε-</span> 
     </span>
    </p>
   </div>
   <div class='ocr_carea' id='block_1_84' title="bbox 454 4645 2056 4730">
    <p class='ocr_par' dir='ltr' id='par_1_84' title="bbox 454 4645 650 4700">
     <span class='ocr_line' id='line_1_84' title="bbox 454 4645 650 4700; baseline 0.01 -3"><span class='ocrx_word' id='word_1_582' title='bbox 454 4645 650 4700; x_wconf 90' lang='lat' dir='ltr'><strong>lutem.</strong></span> 
     </span>
    </p>
   </div>
   <div class='ocr_carea' id='block_1_85' title="bbox 2160 4645 2510 4730">
    <p class='ocr_par' dir='ltr' id='par_1_85' title="bbox 2160 4659 2510 4730">
     <span class='ocr_line' id='line_1_85' title="bbox 2160 4659 2510 4730; baseline 0.003 -18"><span class='ocrx_word' id='word_1_583' title='bbox 2160 4659 2252 4730; x_wconf 64' lang='lat' dir='ltr'><strong>atq)</strong></span> <span class='ocrx_word' id='word_1_584' title='bbox 2279 4659 2510 4729; x_wconf 85' lang='grc' dir='ltr'>χαίρειν.</span> 
     </span>
    </p>
   </div>
   <div class='ocr_carea' id='block_1_86' title="bbox 522 4736 2056 4821">
    <p class='ocr_par' dir='ltr' id='par_1_86' title="bbox 522 4736 2048 4810">
     <span class='ocr_line' id='line_1_86' title="bbox 522 4736 2048 4810; baseline 0.006 -18"><span class='ocrx_word' id='word_1_585' title='bbox 522 4736 710 4792; x_wconf 88' lang='lat' dir='ltr'><strong>Gratia</strong></span> <span class='ocrx_word' id='word_1_586' title='bbox 736 4745 793 4792; x_wconf 89' lang='lat' dir='ltr'><strong>et</strong></span> <span class='ocrx_word' id='word_1_587' title='bbox 812 4736 1150 4810; x_wconf 89' lang='lat' dir='ltr'><strong>benignitate</strong></span> <span class='ocrx_word' id='word_1_588' title='bbox 1173 4739 1378 4799; x_wconf 88' lang='lat' dir='ltr'><strong>Christi</strong></span> <span class='ocrx_word' id='word_1_589' title='bbox 1403 4744 1704 4800; x_wconf 88' lang='lat' dir='ltr'><strong>Salvatoris</strong></span> <span class='ocrx_word' id='word_1_590' title='bbox 1727 4745 1904 4800; x_wconf 90' lang='lat' dir='ltr'><strong>nostri</strong></span> <span class='ocrx_word' id='word_1_591' title='bbox 1928 4761 2048 4801; x_wconf 81' lang='lat' dir='ltr'><strong>ma-</strong></span> 
     </span>
    </p>
   </div>
   <div class='ocr_carea' id='block_1_87' title="bbox 2160 4736 3748 4821">
    <p class='ocr_par' dir='ltr' id='par_1_87' title="bbox 2218 4740 3748 4821">
     <span class='ocr_line' id='line_1_87' title="bbox 2218 4740 3748 4821; baseline -0.01 -16"><span class='ocrx_word' id='word_1_592' title='bbox 2218 4752 2418 4821; x_wconf 88' lang='grc' dir='ltr'>Χάριτι</span> <span class='ocrx_word' id='word_1_593' title='bbox 2465 4749 2561 4804; x_wconf 72' lang='grc' dir='ltr'>καὶ</span> <span class='ocrx_word' id='word_1_594' title='bbox 2609 4745 2988 4818; x_wconf 81' lang='grc' dir='ltr'>φιλανθρωπίᾳ</span> <span class='ocrx_word' id='word_1_595' title='bbox 3035 4744 3130 4798; x_wconf 88' lang='grc' dir='ltr'><strong>τοῦ</strong></span> <span class='ocrx_word' id='word_1_596' title='bbox 3178 4743 3396 4798; x_wconf 86' lang='grc' dir='ltr'>πάντων</span> <span class='ocrx_word' id='word_1_597' title='bbox 3431 4741 3587 4813; x_wconf 90' lang='grc' dir='ltr'>ήμῶν</span> <span class='ocrx_word' id='word_1_598' title='bbox 3621 4740 3748 4791; x_wconf 84' lang='grc' dir='ltr'><strong>Σω-</strong></span> 
     </span>
    </p>
   </div>
   <div class='ocr_carea' id='block_1_88' title="bbox 451 4827 2056 4915">
    <p class='ocr_par' dir='ltr' id='par_1_88' title="bbox 451 4827 2049 4904">
     <span class='ocr_line' id='line_1_88' title="bbox 451 4827 2049 4904; baseline 0.008 -23"><span class='ocrx_word' id='word_1_599' title='bbox 451 4842 620 4897; x_wconf 84' lang='lat' dir='ltr'><strong>gnum</strong></span> <span class='ocrx_word' id='word_1_600' title='bbox 645 4827 928 4900; x_wconf 85' lang='lat' dir='ltr'><strong>latumque</strong></span> <span class='ocrx_word' id='word_1_601' title='bbox 952 4834 1177 4904; x_wconf 92' lang='lat' dir='ltr'><strong>pelagus</strong></span> <span class='ocrx_word' id='word_1_602' title='bbox 1198 4837 1431 4902; x_wconf 89' lang='lat' dir='ltr'><strong>emensi,</strong></span> <span class='ocrx_word' id='word_1_603' title='bbox 1459 4837 1766 4892; x_wconf 88' lang='lat' dir='ltr'><strong>incolumes</strong></span> <span class='ocrx_word' id='word_1_604' title='bbox 1791 4837 2049 4893; x_wconf 79' lang='lat' dir='ltr'><strong>Rhodum</strong></span> 
     </span>
    </p>
   </div>
   <div class='ocr_carea' id='block_1_89' title="bbox 2160 4827 3746 4915">
    <p class='ocr_par' dir='ltr' id='par_1_89' title="bbox 2160 4828 3746 4915">
     <span class='ocr_line' id='line_1_89' title="bbox 2160 4828 3746 4915; baseline -0.009 -19"><span class='ocrx_word' id='word_1_605' title='bbox 2160 4844 2316 4915; x_wconf 73' lang='grc' dir='ltr'>κτῆρος</span> <span class='ocrx_word' id='word_1_606' title='bbox 2347 4841 2610 4913; x_wconf 79' lang='grc' dir='ltr'>Χριστοῦ,</span> <span class='ocrx_word' id='word_1_607' title='bbox 2653 4839 2714 4892; x_wconf 86' lang='grc' dir='ltr'>τὸ</span> <span class='ocrx_word' id='word_1_608' title='bbox 2742 4838 2916 4891; x_wconf 79' lang='grc' dir='ltr'>πλατὺ</span> <span class='ocrx_word' id='word_1_609' title='bbox 2949 4837 3043 4891; x_wconf 74' lang='grc' dir='ltr'>καὶ</span> <span class='ocrx_word' id='word_1_610' title='bbox 3073 4836 3216 4906; x_wconf 90' lang='grc' dir='ltr'>μέγα</span> <span class='ocrx_word' id='word_1_611' title='bbox 3243 4830 3610 4905; x_wconf 82' lang='grc' dir='ltr'>διενηξάμεθα</span> <span class='ocrx_word' id='word_1_612' title='bbox 3637 4828 3746 4882; x_wconf 85' lang='grc' dir='ltr'>πέ-</span> 
     </span>
    </p>
   </div>
   <div class='ocr_carea' id='block_1_90' title="bbox 452 4920 2056 5004">
    <p class='ocr_par' dir='ltr' id='par_1_90' title="bbox 452 4920 2046 5000">
     <span class='ocr_line' id='line_1_90' title="bbox 452 4920 2046 5000; baseline 0.009 -28"><span class='ocrx_word' id='word_1_613' title='bbox 452 4920 830 4989; x_wconf 79' lang='lat' dir='ltr'><strong>pervenimus,</strong></span> <span class='ocrx_word' id='word_1_614' title='bbox 863 4939 927 4978; x_wconf 91' lang='lat' dir='ltr'><strong>ea</strong></span> <span class='ocrx_word' id='word_1_615' title='bbox 965 4934 1255 4981; x_wconf 89' lang='lat' dir='ltr'><strong>ventorum</strong></span> <span class='ocrx_word' id='word_1_616' title='bbox 1296 4928 1526 4983; x_wconf 86' lang='lat' dir='ltr'><strong>lenitate</strong></span> <span class='ocrx_word' id='word_1_617' title='bbox 1568 4930 2046 5000; x_wconf 84' lang='lat' dir='ltr'><strong>prosperitateque</strong></span> 
     </span>
    </p>
   </div>
   <div class='ocr_carea' id='block_1_91' title="bbox 2160 4920 3746 5004">
    <p class='ocr_par' dir='ltr' id='par_1_91' title="bbox 2160 4920 3746 5004">
     <span class='ocr_line' id='line_1_91' title="bbox 2160 4920 3746 5004; baseline -0.011 -15"><span class='ocrx_word' id='word_1_618' title='bbox 2160 4937 2336 5004; x_wconf 83' lang='grc' dir='ltr'>λαγος,</span> <span class='ocrx_word' id='word_1_619' title='bbox 2365 4932 2594 4995; x_wconf 82' lang='grc' dir='ltr'>ἁπαλοῖς</span> <span class='ocrx_word' id='word_1_620' title='bbox 2622 4948 2679 4983; x_wconf 83' lang='grc' dir='ltr'><strong>τε</strong></span> <span class='ocrx_word' id='word_1_621' title='bbox 2713 4931 2805 4984; x_wconf 69' lang='grc' dir='ltr'><strong>καὶ</strong></span> <span class='ocrx_word' id='word_1_622' title='bbox 2835 4929 3215 5002; x_wconf 82' lang='grc' dir='ltr'>ἡμερωτάτοις</span> <span class='ocrx_word' id='word_1_623' title='bbox 3238 4925 3567 4994; x_wconf 86' lang='grc' dir='ltr'>πνεύμασιν,</span> <span class='ocrx_word' id='word_1_624' title='bbox 3595 4920 3746 4973; x_wconf 79' lang='grc' dir='ltr'>ὥστε</span> 
     </span>
    </p>
   </div>
   <div class='ocr_carea' id='block_1_92' title="bbox 454 5009 2056 5097">
    <p class='ocr_par' dir='ltr' id='par_1_92' title="bbox 454 5009 2043 5088">
     <span class='ocr_line' id='line_1_92' title="bbox 454 5009 2043 5088; baseline 0.009 -24"><span class='ocrx_word' id='word_1_625' title='bbox 454 5009 559 5074; x_wconf 91' lang='lat' dir='ltr'><strong>usi,</strong></span> <span class='ocrx_word' id='word_1_626' title='bbox 595 5018 657 5066; x_wconf 90' lang='lat' dir='ltr'><strong>ut</strong></span> <span class='ocrx_word' id='word_1_627' title='bbox 691 5021 860 5068; x_wconf 89' lang='lat' dir='ltr'><strong>totam</strong></span> <span class='ocrx_word' id='word_1_628' title='bbox 906 5015 1053 5071; x_wconf 91' lang='lat' dir='ltr'><strong>illam</strong></span> <span class='ocrx_word' id='word_1_629' title='bbox 1091 5018 1500 5088; x_wconf 85' lang='lat' dir='ltr'><strong>navigationem</strong></span> <span class='ocrx_word' id='word_1_630' title='bbox 1538 5021 1678 5075; x_wconf 88' lang='lat' dir='ltr'><strong>citra</strong></span> <span class='ocrx_word' id='word_1_631' title='bbox 1715 5037 1936 5078; x_wconf 91' lang='lat' dir='ltr'><strong>omnem</strong></span> <span class='ocrx_word' id='word_1_632' title='bbox 1971 5024 2043 5078; x_wconf 90' lang='lat' dir='ltr'><strong>ti-</strong></span> 
     </span>
    </p>
   </div>
   <div class='ocr_carea' id='block_1_93' title="bbox 2160 5009 3746 5097">
    <p class='ocr_par' dir='ltr' id='par_1_93' title="bbox 2160 5011 3746 5097">
     <span class='ocr_line' id='line_1_93' title="bbox 2160 5011 3746 5097; baseline -0.01 -18"><span class='ocrx_word' id='word_1_633' title='bbox 2160 5027 2276 5097; x_wconf 81' lang='grc' dir='ltr'>δίχα</span> <span class='ocrx_word' id='word_1_634' title='bbox 2313 5025 2481 5094; x_wconf 78' lang='grc' dir='ltr'>φόϐου</span> <span class='ocrx_word' id='word_1_635' title='bbox 2515 5025 2610 5078; x_wconf 73' lang='grc' dir='ltr'>καὶ</span> <span class='ocrx_word' id='word_1_636' title='bbox 2643 5022 2888 5078; x_wconf 82' lang='grc' dir='ltr'>κινδύνου</span> <span class='ocrx_word' id='word_1_637' title='bbox 2954 5021 3156 5084; x_wconf 74' lang='grc' dir='ltr'>παντὸς</span> <span class='ocrx_word' id='word_1_638' title='bbox 3206 5019 3299 5072; x_wconf 74' lang='grc' dir='ltr'><strong>τὸν</strong></span> <span class='ocrx_word' id='word_1_639' title='bbox 3336 5017 3503 5071; x_wconf 82' lang='grc' dir='ltr'>πλοῦν</span> <span class='ocrx_word' id='word_1_640' title='bbox 3549 5011 3746 5080; x_wconf 75' lang='grc' dir='ltr'>ἐξανύ-</span> 
     </span>
    </p>
   </div>
   <div class='ocr_carea' id='block_1_94' title="bbox 451 5106 2056 5186">
    <p class='ocr_par' dir='ltr' id='par_1_94' title="bbox 451 5111 2043 5185">
     <span class='ocr_line' id='line_1_94' title="bbox 451 5111 2043 5185; baseline 0.009 -29"><span class='ocrx_word' id='word_1_641' title='bbox 451 5119 666 5159; x_wconf 90' lang='lat' dir='ltr'><strong>morem</strong></span> <span class='ocrx_word' id='word_1_642' title='bbox 721 5121 1051 5180; x_wconf 90' lang='lat' dir='ltr'><strong>omnemque</strong></span> <span class='ocrx_word' id='word_1_643' title='bbox 1104 5111 1234 5165; x_wconf 73' lang='lat' dir='ltr'><strong>vita:</strong></span> <span class='ocrx_word' id='word_1_644' title='bbox 1290 5111 1587 5168; x_wconf 87' lang='lat' dir='ltr'><strong>discrimen</strong></span> <span class='ocrx_word' id='word_1_645' title='bbox 1646 5115 2043 5185; x_wconf 90' lang='lat' dir='ltr'><strong>peregerimus.</strong></span> 
     </span>
    </p>
   </div>
   <div class='ocr_carea' id='block_1_95' title="bbox 2160 5106 3744 5186">
    <p class='ocr_par' dir='ltr' id='par_1_95' title="bbox 2160 5106 3744 5186">
     <span class='ocr_line' id='line_1_95' title="bbox 2160 5106 3744 5186; baseline -0.01 -14"><span class='ocrx_word' id='word_1_646' title='bbox 2160 5136 2346 5182; x_wconf 72' lang='lat' dir='ltr'><strong>muta;</strong></span> <span class='ocrx_word' id='word_1_647' title='bbox 2383 5116 2676 5185; x_wconf 83' lang='grc' dir='ltr'>ἀφικέσθαι</span> <span class='ocrx_word' id='word_1_648' title='bbox 2705 5108 2800 5180; x_wconf 74' lang='grc' dir='ltr'><strong>ἐίς</strong></span> <span class='ocrx_word' id='word_1_649' title='bbox 2848 5115 2946 5186; x_wconf 82' lang='grc' dir='ltr'>τὴν</span> <span class='ocrx_word' id='word_1_650' title='bbox 3003 5112 3223 5167; x_wconf 85' lang='grc' dir='ltr'>Ῥοδίων</span> <span class='ocrx_word' id='word_1_651' title='bbox 3249 5156 3262 5177; x_wconf 91' lang='grc'><strong>,</strong></span> <span class='ocrx_word' id='word_1_652' title='bbox 3319 5106 3744 5176; x_wconf 84' lang='grc' dir='ltr'>δοξολογοῦντας</span> 
     </span>
    </p>
   </div>
   <div class='ocr_carea' id='block_1_96' title="bbox 450 5194 2056 5278">
    <p class='ocr_par' dir='ltr' id='par_1_96' title="bbox 450 5195 2044 5277">
     <span class='ocr_line' id='line_1_96' title="bbox 450 5195 2044 5277; baseline 0.007 -26"><span class='ocrx_word' id='word_1_653' title='bbox 450 5195 634 5262; x_wconf 85' lang='lat' dir='ltr'><strong>Quare</strong></span> <span class='ocrx_word' id='word_1_654' title='bbox 686 5199 861 5255; x_wconf 91' lang='lat' dir='ltr'><strong>Deum</strong></span> <span class='ocrx_word' id='word_1_655' title='bbox 919 5201 1323 5272; x_wconf 84' lang='lat' dir='ltr'><strong>gloriﬁcantes,</strong></span> <span class='ocrx_word' id='word_1_656' title='bbox 1375 5202 1698 5274; x_wconf 87' lang='lat' dir='ltr'><strong>debitasque</strong></span> <span class='ocrx_word' id='word_1_657' title='bbox 1742 5208 2044 5277; x_wconf 88' lang='lat' dir='ltr'><strong>gratiarum</strong></span> 
     </span>
    </p>
   </div>
   <div class='ocr_carea' id='block_1_97' title="bbox 2160 5194 3736 5278">
    <p class='ocr_par' dir='ltr' id='par_1_97' title="bbox 2160 5194 3736 5278">
     <span class='ocr_line' id='line_1_97' title="bbox 2160 5194 3736 5278; baseline -0.011 -16"><span class='ocrx_word' id='word_1_658' title='bbox 2160 5209 2298 5274; x_wconf 60' lang='grc' dir='ltr'>θεὸν,</span> <span class='ocrx_word' id='word_1_659' title='bbox 2328 5210 2422 5262; x_wconf 75' lang='grc' dir='ltr'>καὶ</span> <span class='ocrx_word' id='word_1_660' title='bbox 2459 5207 2720 5276; x_wconf 86' lang='grc' dir='ltr'>λέγοντας</span> <span class='ocrx_word' id='word_1_661' title='bbox 2748 5206 2888 5278; x_wconf 83' lang='grc' dir='ltr'>μετὰ</span> <span class='ocrx_word' id='word_1_662' title='bbox 2917 5205 3019 5274; x_wconf 80' lang='grc' dir='ltr'>τῆς</span> <span class='ocrx_word' id='word_1_663' title='bbox 3041 5203 3136 5257; x_wconf 87' lang='grc' dir='ltr'><strong>τοῦ</strong></span> <span class='ocrx_word' id='word_1_664' title='bbox 3163 5201 3474 5262; x_wconf 82' lang='grc' dir='ltr'>Ψάλλοντος</span> <span class='ocrx_word' id='word_1_665' title='bbox 3501 5194 3690 5266; x_wconf 76' lang='grc' dir='ltr'>φωνῆς</span> <span class='ocrx_word' id='word_1_666' title='bbox 3719 5209 3736 5224; x_wconf 80' lang='grc' dir='ltr'><strong><em>ο</em></strong></span> 
     </span>
    </p>
   </div>
   <div class='ocr_carea' id='block_1_98' title="bbox 453 5282 2056 5369">
    <p class='ocr_par' dir='ltr' id='par_1_98' title="bbox 453 5290 2046 5366">
     <span class='ocr_line' id='line_1_98' title="bbox 453 5290 2046 5366; baseline 0.008 -24"><span class='ocrx_word' id='word_1_667' title='bbox 453 5290 699 5347; x_wconf 79' lang='lat' dir='ltr'><strong>actiones</strong></span> <span class='ocrx_word' id='word_1_668' title='bbox 721 5293 901 5348; x_wconf 88' lang='lat' dir='ltr'><strong>eidem</strong></span> <span class='ocrx_word' id='word_1_669' title='bbox 928 5295 1328 5363; x_wconf 80' lang='lat' dir='ltr'><strong>per-solventes,</strong></span> <span class='ocrx_word' id='word_1_670' title='bbox 1354 5310 1479 5348; x_wconf 92' lang='lat' dir='ltr'><strong>cum</strong></span> <span class='ocrx_word' id='word_1_671' title='bbox 1504 5295 1777 5366; x_wconf 90' lang='lat' dir='ltr'><strong>Pr0pheta</strong></span> <span class='ocrx_word' id='word_1_672' title='bbox 1801 5298 1855 5352; x_wconf 91' lang='lat' dir='ltr'><strong>in</strong></span> <span class='ocrx_word' id='word_1_673' title='bbox 1882 5299 2046 5355; x_wconf 88' lang='lat' dir='ltr'><strong>hasce</strong></span> 
     </span>
    </p>
   </div>
   <div class='ocr_carea' id='block_1_99' title="bbox 2160 5282 3736 5369">
    <p class='ocr_par' dir='ltr' id='par_1_99' title="bbox 2160 5282 3736 5369">
     <span class='ocr_line' id='line_1_99' title="bbox 2160 5282 3736 5369; baseline -0.013 -15"><span class='ocrx_word' id='word_1_674' title='bbox 2160 5323 2171 5354; x_wconf 88' lang='grc' dir='ltr'><strong>ι</strong></span> <span class='ocrx_word' id='word_1_675' title='bbox 2215 5303 2286 5355; x_wconf 81' lang='grc' dir='ltr'>Σὺ</span> <span class='ocrx_word' id='word_1_676' title='bbox 2323 5299 2607 5364; x_wconf 79' lang='grc' dir='ltr'>δεσπόζεις</span> <span class='ocrx_word' id='word_1_677' title='bbox 2640 5298 2734 5352; x_wconf 88' lang='grc' dir='ltr'><strong>τοῦ</strong></span> <span class='ocrx_word' id='word_1_678' title='bbox 2769 5297 3007 5369; x_wconf 82' lang='grc' dir='ltr'>κράτους</span> <span class='ocrx_word' id='word_1_679' title='bbox 3037 5295 3134 5365; x_wconf 82' lang='grc' dir='ltr'>τῆς</span> <span class='ocrx_word' id='word_1_680' title='bbox 3167 5293 3442 5359; x_wconf 86' lang='grc' dir='ltr'>θαλάσσης</span> <span class='ocrx_word' id='word_1_681' title='bbox 3464 5331 3478 5352; x_wconf 88' lang='grc'><strong>,</strong></span> <span class='ocrx_word' id='word_1_682' title='bbox 3513 5284 3610 5340; x_wconf 70' lang='grc' dir='ltr'>καὶ</span> <span class='ocrx_word' id='word_1_683' title='bbox 3638 5282 3736 5336; x_wconf 73' lang='grc' dir='ltr'><strong>τὸν</strong></span> 
     </span>
    </p>
   </div>
   <div class='ocr_carea' id='block_1_100' title="bbox 452 5375 2056 5460">
    <p class='ocr_par' dir='ltr' id='par_1_100' title="bbox 452 5384 2042 5458">
     <span class='ocr_line' id='line_1_100' title="bbox 452 5384 2042 5458; baseline 0.008 -23"><span class='ocrx_word' id='word_1_684' title='bbox 452 5393 616 5435; x_wconf 80' lang='lat' dir='ltr'><strong>voces</strong></span> <span class='ocrx_word' id='word_1_685' title='bbox 638 5385 996 5454; x_wconf 86' lang='lat' dir='ltr'><strong>prorupimus</strong></span> <span class='ocrx_word' id='word_1_686' title='bbox 1026 5405 1037 5439; x_wconf 91' lang='lat'><strong>:</strong></span> <span class='ocrx_word' id='word_1_687' title='bbox 1073 5405 1091 5438; x_wconf 73' lang='grc' dir='ltr'><strong>ι</strong></span> <span class='ocrx_word' id='word_1_688' title='bbox 1122 5385 1203 5438; x_wconf 89' lang='lat' dir='ltr'><strong>Tu</strong></span> <span class='ocrx_word' id='word_1_689' title='bbox 1231 5384 1537 5442; x_wconf 89' lang='lat' dir='ltr'><strong>dominaris</strong></span> <span class='ocrx_word' id='word_1_690' title='bbox 1560 5390 1816 5458; x_wconf 90' lang='lat' dir='ltr'><strong>potestati</strong></span> <span class='ocrx_word' id='word_1_691' title='bbox 1845 5395 2042 5458; x_wconf 88' lang='lat' dir='ltr'><strong>maris;</strong></span> 
     </span>
    </p>
   </div>
   <div class='ocr_carea' id='block_1_101' title="bbox 2160 5375 3736 5460">
    <p class='ocr_par' dir='ltr' id='par_1_101' title="bbox 2160 5375 3736 5460">
     <span class='ocr_line' id='line_1_101' title="bbox 2160 5375 3736 5460; baseline -0.011 -17"><span class='ocrx_word' id='word_1_692' title='bbox 2160 5391 2308 5446; x_wconf 69' lang='grc' dir='ltr'>πάλον</span> <span class='ocrx_word' id='word_1_693' title='bbox 2342 5389 2450 5442; x_wconf 87' lang='grc' dir='ltr'><strong>τῶν</strong></span> <span class='ocrx_word' id='word_1_694' title='bbox 2481 5386 2742 5460; x_wconf 89' lang='grc' dir='ltr'>κυμάτων</span> <span class='ocrx_word' id='word_1_695' title='bbox 2769 5387 2940 5456; x_wconf 81' lang='grc' dir='ltr'>αὐτῆς</span> <span class='ocrx_word' id='word_1_696' title='bbox 2962 5387 3026 5440; x_wconf 81' lang='grc' dir='ltr'>σὺ</span> <span class='ocrx_word' id='word_1_697' title='bbox 3045 5381 3476 5454; x_wconf 76' lang='grc' dir='ltr'>καταπραΰνεις.</span> <span class='ocrx_word' id='word_1_698' title='bbox 3504 5395 3522 5428; x_wconf 77' lang='grc' dir='ltr'><strong>ι</strong></span> <span class='ocrx_word' id='word_1_699' title='bbox 3543 5375 3736 5428; x_wconf 82' lang='grc' dir='ltr'>Ἐπει-</span> 
     </span>
    </p>
   </div>
   <div class='ocr_carea' id='block_1_102' title="bbox 450 5465 2056 5554">
    <p class='ocr_par' dir='ltr' id='par_1_102' title="bbox 450 5475 2043 5552">
     <span class='ocr_line' id='line_1_102' title="bbox 450 5475 2043 5552; baseline 0.009 -27"><span class='ocrx_word' id='word_1_700' title='bbox 450 5479 666 5527; x_wconf 89' lang='lat' dir='ltr'><strong>motum</strong></span> <span class='ocrx_word' id='word_1_701' title='bbox 704 5486 888 5530; x_wconf 90' lang='lat' dir='ltr'><strong>autem</strong></span> <span class='ocrx_word' id='word_1_702' title='bbox 928 5475 1195 5532; x_wconf 84' lang='lat' dir='ltr'><strong>ﬂuctuum</strong></span> <span class='ocrx_word' id='word_1_703' title='bbox 1235 5479 1355 5548; x_wconf 83' lang='lat' dir='ltr'><strong>ejus</strong></span> <span class='ocrx_word' id='word_1_704' title='bbox 1395 5489 1453 5534; x_wconf 90' lang='lat' dir='ltr'><strong>tu</strong></span> <span class='ocrx_word' id='word_1_705' title='bbox 1495 5480 1714 5552; x_wconf 85' lang='lat' dir='ltr'><strong>mitigas</strong></span> <span class='ocrx_word' id='word_1_706' title='bbox 1739 5481 1810 5536; x_wconf 74' lang='lat'><strong>“.</strong></span> <span class='ocrx_word' id='word_1_707' title='bbox 1853 5503 1869 5534; x_wconf 85' lang='grc'><strong>›</strong></span> <span class='ocrx_word' id='word_1_708' title='bbox 1905 5483 2043 5551; x_wconf 86' lang='lat' dir='ltr'><strong>Quia</strong></span> 
     </span>
    </p>
   </div>
   <div class='ocr_carea' id='block_1_103' title="bbox 2160 5465 3735 5554">
    <p class='ocr_par' dir='ltr' id='par_1_103' title="bbox 2160 5465 3735 5554">
     <span class='ocr_line' id='line_1_103' title="bbox 2160 5465 3735 5554; baseline -0.012 -17"><span class='ocrx_word' id='word_1_709' title='bbox 2160 5483 2208 5554; x_wconf 72' lang='grc' dir='ltr'><strong>ἰὴ</strong></span> <span class='ocrx_word' id='word_1_710' title='bbox 2238 5483 2295 5536; x_wconf 86' lang='grc' dir='ltr'>δὲ</span> <span class='ocrx_word' id='word_1_711' title='bbox 2326 5478 2393 5554; x_wconf 80' lang='grc' dir='ltr'>ἦν</span> <span class='ocrx_word' id='word_1_712' title='bbox 2441 5482 2739 5551; x_wconf 83' lang='grc' dir='ltr'>ἀναγκαῖον</span> <span class='ocrx_word' id='word_1_713' title='bbox 2783 5479 3026 5542; x_wconf 84' lang='grc' dir='ltr'>ἀπόντας</span> <span class='ocrx_word' id='word_1_714' title='bbox 3072 5475 3148 5554; x_wconf 72' lang='grc' dir='ltr'>τῷ</span> <span class='ocrx_word' id='word_1_715' title='bbox 3195 5473 3430 5546; x_wconf 85' lang='grc' dir='ltr'>σώματι,</span> <span class='ocrx_word' id='word_1_716' title='bbox 3461 5465 3735 5539; x_wconf 82' lang='grc' dir='ltr'>παρόντας</span> 
     </span>
    </p>
   </div>
   <div class='ocr_carea' id='block_1_104' title="bbox 528 5606 1757 5683">
    <p class='ocr_par' dir='ltr' id='par_1_104' title="bbox 528 5606 1757 5683">
     <span class='ocr_line' id='line_1_104' title="bbox 528 5606 1757 5683; baseline 0.01 -23"><span class='ocrx_word' id='word_1_717' title='bbox 528 5606 576 5639; x_wconf 85' lang='grc'>⁸³</span> <span class='ocrx_word' id='word_1_718' title='bbox 601 5608 758 5662; x_wconf 78' lang='lat' dir='ltr'><strong>Rom.</strong></span> <span class='ocrx_word' id='word_1_719' title='bbox 784 5625 894 5674; x_wconf 75' lang='lat' dir='ltr'><strong>XVl,</strong></span> <span class='ocrx_word' id='word_1_720' title='bbox 929 5611 1010 5665; x_wconf 83' lang='grc'><strong>16.</strong></span> <span class='ocrx_word' id='word_1_721' title='bbox 1093 5611 1140 5644; x_wconf 60' lang='grc' dir='ltr'><strong>κδ</strong></span> <span class='ocrx_word' id='word_1_722' title='bbox 1174 5614 1308 5670; x_wconf 88' lang='lat' dir='ltr'><strong>Psal.</strong></span> <span class='ocrx_word' id='word_1_723' title='bbox 1349 5631 1580 5672; x_wconf 75' lang='lat' dir='ltr'><strong>Lxxxvm</strong></span> <span class='ocrx_word' id='word_1_724' title='bbox 1604 5659 1618 5683; x_wconf 94' lang='lat'><strong>,</strong></span> <span class='ocrx_word' id='word_1_725' title='bbox 1672 5618 1757 5672; x_wconf 87' lang='lat' dir='ltr'><strong>l0.</strong></span> 
     </span>
    </p>
   </div>
   <div class='ocr_carea' id='block_1_105' title="bbox 1523 5749 2624 5822">
    <p class='ocr_par' dir='ltr' id='par_1_105' title="bbox 1523 5749 2624 5822">
     <span class='ocr_line' id='line_1_105' title="bbox 1523 5749 2624 5822; baseline -0.005 -13"><span class='ocrx_word' id='word_1_726' title='bbox 1523 5752 1698 5809; x_wconf 68' lang='lat' dir='ltr'><strong>Varia:</strong></span> <span class='ocrx_word' id='word_1_727' title='bbox 1729 5752 1992 5808; x_wconf 88' lang='lat' dir='ltr'><strong>lectiones</strong></span> <span class='ocrx_word' id='word_1_728' title='bbox 2023 5749 2228 5806; x_wconf 85' lang='lat' dir='ltr'><strong>codicis</strong></span> <span class='ocrx_word' id='word_1_729' title='bbox 2259 5749 2624 5822; x_wconf 85' lang='lat' dir='ltr'><strong>Seguicriani.</strong></span> 
     </span>
    </p>
   </div>
   <div class='ocr_carea' id='block_1_106' title="bbox 532 5830 1336 5905">
    <p class='ocr_par' dir='ltr' id='par_1_106' title="bbox 532 5830 1336 5905">
     <span class='ocr_line' id='line_1_106' title="bbox 532 5830 1336 5905; baseline 0.015 -23"><span class='ocrx_word' id='word_1_730' title='bbox 532 5840 553 5870; x_wconf 73' lang='grc' dir='ltr'><strong>ε</strong></span> <span class='ocrx_word' id='word_1_731' title='bbox 592 5830 1048 5905; x_wconf 79' lang='grc' dir='ltr'>ὑπομνησθέντες.</span> <span class='ocrx_word' id='word_1_732' title='bbox 1125 5837 1152 5878; x_wconf 72' lang='grc' dir='ltr'><em>ά</em></span> <span class='ocrx_word' id='word_1_733' title='bbox 1180 5839 1336 5896; x_wconf 82' lang='grc' dir='ltr'>Θεοῦ.</span> 
     </span>
    </p>
   </div>
  </div>
