2029 3234
161 173 217 202 129

876 171 1046 200 EPISTOLA
1065 170 1137 198 XXI.

1764 175 1815 203 150

157 230 188 258 εδ
201 229 249 265 τῷ
264 227 417 266 πνεύματι,
432 228 655 266 περιπτύξασθαι
668 229 713 257 διὰ
727 229 774 256 τοῦ
791 229 966 265 γράμματος,

1020 236 1086 256 vero
1104 237 1153 264 par
1174 232 1247 260 erat,
1267 232 1298 255 ut
1321 237 1437 265 corpore
1462 230 1578 263 absens,
1599 231 1698 265 spiritu
1725 237 1817 260 autem

159 277 197 309 ὡς
210 275 316 309 τέκνα,
339 275 396 303 δεῖν
413 274 510 311 ᾠήθην
529 276 684 303 ἐπιστεῖλαι
704 276 772 307 τέως
791 276 877 302 ταῦτα
893 276 967 310 ὑμῖν,

159 322 207 350 καὶ
219 321 336 358 ἔναργῆ
350 321 538 357 καταστῆσαι.
560 321 688 349 Πιστεύω
704 322 771 357 γὰρ,
789 322 831 348 ὅτι
847 320 969 356 προσθή-

160 376 201 396 σει
214 368 232 395 ὕ
255 367 331 400 Θεὸς
351 367 387 395 τὰ
409 366 504 401 λοιπὰ,
524 367 574 394 καὶ
600 367 644 394 διὰ
666 367 718 402 τῆς
740 368 869 395 ἁπάντων
891 367 969 402 ὑμῶν

158 414 327 451 προσευχῆς
351 413 611 450 παραιωκλημένος.
628 413 740 446 Δείξατε
756 413 849 440 τοίνυν
868 414 908 444 εἰς
924 414 969 439 τὸν

158 461 292 496 παρόντα
313 460 436 495 μάλιστα
455 459 562 496 καιρὸν,
586 460 624 491 ὡς
645 459 753 495 καρπὸν
771 459 892 494 ἀγάπης,
919 458 969 490 τὰς

159 507 231 542 ὑπὲρ
250 506 342 542 ἡμῶν
357 505 516 542 προσευχὰς
537 505 635 541 (κάγὼ
657 505 713 541 γὰρ
736 505 816 532 τοῦτο
833 505 919 532 ποιῶν
937 504 968 530 οὑ

158 550 342 587 statpo
352 550 363 587 )
373 571 382 585 ,
395 551 442 578 ῐνα
455 551 539 578 πάλιν
560 551 575 578 ό
596 551 702 582 πάντας
718 550 868 586 συντρίϐων
891 550 969 576 πολέ-

161 606 229 632 μους
239 597 314 629 θεὸς
325 617 334 630 ,
348 598 364 624 6
379 597 436 624 τῶν
452 597 596 633 δυνάμεων
611 596 724 632 Κύριος,
740 598 916 632 καταστήσας
935 596 969 623 τὰ

160 642 266 678 μεταξὺ
281 663 291 678 ,
318 643 370 670 καὶ
394 643 485 670 πάντα
509 643 608 679 ῥαΐσας
632 643 752 679 πόλεμον
777 649 799 676 ε,
823 644 970 678 χαίροντας

159 690 232 726 ἡμᾶς
250 690 405 726 χαίρουσιν
416 689 455 722 ὡς
477 689 584 722 τέκνοις
599 690 701 724 ἀποδῷ.
715 689 808 716 Πάντα
822 690 876 725 γὰρ
893 689 969 716 δύνα-

159 743 213 768 ται,
227 736 309 764 κατὰ
323 736 358 763 τὸ
379 736 594 772 γεγραμμένον·
610 735 738 763 ἀδυνατεῖ
756 735 784 762 δὲ
800 735 876 769 αὐτῷ
899 743 969 761 παν-

161 782 243 815 τελῶς
258 782 354 810 οὐδέν.
371 783 431 818 Τῆς
446 782 474 809 δὲ
488 783 554 818 ὑμῖν
571 782 723 818 συντρόφου
743 782 790 808 καὶ
809 781 969 816 πρεπούσης

161 827 317 860 ἐπιεικείας
347 828 509 864 ἀντέχεσθε.
536 828 623 855 Τοῦτο
648 828 704 864 γὰρ
731 828 869 862 ἀποφανεῖ
895 828 968 862 ὑμᾶς

163 874 283 910 μάλιστα
299 874 522 910 δοκιμωτάτους,
540 875 565 901 οἳ
579 875 626 901 καὶ
640 874 757 906 ἀπόντος
771 873 818 900 καὶ
833 873 968 908 παρόντος

1020 283 1151 310 prmscns,
1172 275 1274 303 litteris
1292 284 1342 303 vos
1364 281 1492 311 tanquam
1515 278 1584 304 ﬁlios
1607 278 1817 313 complecterer,

1017 327 1075 347 non
1095 321 1177 355 potui
1203 322 1397 354 intermittere,
1417 323 1483 356 quin
1506 323 1566 349 haec
1589 324 1693 351 interea
1714 324 1748 351 ad
1770 332 1819 352 vos

1020 367 1239 399 perscriberem,
1265 372 1485 402 praesentemque
1505 376 1597 395 rerum
1617 377 1740 397 mearum
1761 375 1817 397 sta—

1021 416 1079 440 tum
1093 413 1173 440 vobis
1187 413 1381 448 patefacercm.
1396 414 1465 441 Fore
1479 415 1552 441 enim
1568 416 1686 448 confido,
1698 420 1727 442 ut
1746 417 1819 444 Deus

1019 463 1141 485 vestrum
1157 459 1280 485 omnium
1297 459 1427 493 precibus
1442 464 1617 494 provocatus,
1633 464 1730 487 caetera
1747 469 1817 495 quo—

1021 512 1085 539 que,
1096 513 1157 539 qum
1171 505 1323 532 etiamnum
1341 506 1446 540 reliqua
1463 510 1537 538 sunt,
1551 507 1670 541 adjiciat.
1683 507 1817 534 Exhibete
1846 518 1849 521 λ

1021 550 1136 585 proinde
1147 550 1199 577 hoc
1210 550 1361 584 praesertim
1376 555 1499 586 tempore
1512 551 1596 578 veluti
1607 556 1712 578 certum
1723 560 1818 586 quem-

1020 596 1082 623 dam
1102 597 1259 623 dilectionis
1278 597 1410 629 fructum,
1428 602 1534 624 vestras
1553 605 1603 632 pro
1622 598 1703 624 nobis
1723 606 1818 632 preces

1021 643 1094 678 (nam
1113 647 1140 669 et
1152 651 1202 678 ego
1217 651 1326 677 quoque
1340 643 1367 670 id
1382 643 1472 671 facere
1490 652 1543 671 non
1558 644 1677 679 desino),
1692 652 1747 678 quo
1761 644 1818 671 vir-

1019 693 1108 716 tutum
1125 689 1269 722 Dominus,
1289 689 1336 724 qui
1353 697 1435 717 omue
1455 690 1558 717 bellum
1580 694 1708 725 potenter
1725 696 1819 718 conte-

1019 737 1056 763 rit
1073 736 1107 768 ⁸³,
1124 737 1216 763 omnia
1232 744 1293 771 quae
1307 737 1373 764 huic
1389 745 1478 764 causa:
1504 737 1705 764 intervenerint
1725 739 1817 765 suavi-

1020 785 1061 808 ter
1075 788 1253 815 componens,
1272 789 1439 816 omnemque
1456 786 1647 816 tempestatem
1664 788 1691 810 et
1709 783 1817 810 turbam

1019 827 1158 862 mitigans,
1171 828 1226 862 82
1238 835 1289 855 nos
1300 828 1451 862 gaudentes
1462 828 1541 855 vobis
1551 829 1746 863 gaudentibus,
1759 834 1819 856 tan-

1019 881 1101 908 quam
1112 873 1187 905 iiliis,
1197 874 1287 901 denuo
1298 874 1436 901 restituat.
1444 874 1542 901 Omnia
1551 875 1635 907 enim,
1645 880 1675 902 ut
1683 876 1817 910 Scriptum

161 920 207 947 τοῦ
217 920 292 948 κατὰ
304 920 419 956 πνεῦμα
433 920 551 956 πατρὸς,
568 920 614 947 τὸν
629 920 726 955 εὐγενῆ
740 921 788 947 καὶ
803 920 966 954 ἀξιόληπτον

1018 924 1061 946 est
1073 919 1105 951 “,
1126 924 1227 954 potest,
1242 924 1271 947 et
1285 920 1355 946 nihil
1367 925 1406 947 est
1422 920 1460 947 illi
1474 921 1654 955 impossibile.
1673 921 1817 949 llonestati

162 967 262 1001 τιμᾶτε
281 965 356 1001 βίον.
380 974 390 992 ε
419 965 598 994 Ἀσπάσασθε
618 965 752 1001 ἀλλήλους
775 966 804 992 ὲν
829 965 963 1001 φιλήματι

165 1011 243 1049 ἁγιῳ.
260 1021 271 1039 ι
296 1011 490 1045 Ἀσπάζονται
509 1012 583 1048 ὑμᾶς
597 1012 622 1038 οἱ
640 1012 689 1038 σὺν
701 1011 762 1047 ἐμοὶ
775 1011 896 1046 ἀδελφοί,
907 1012 965 1047 Ἐρι

171 1057 269 1094 Wa
283 1058 359 1095 ὑμᾶς
374 1059 406 1086 ἐν
421 1058 522 1095 Κυρίῳ
538 1058 671 1095 εὔχομαι,
689 1057 828 1093 ἀγαπητοὶ
849 1058 896 1084 καὶ
913 1066 963 1083 πο-

174 1100 322 1135 item.

1017 965 1096 992 vobis
1114 965 1253 1000 ingenitae,
1270 970 1425 1001 vestraeque
1443 966 1609 1001 professioni
1626 972 1818 995 consentanea)

1018 1011 1115 1038 sedulo
1135 1011 1296 1039 incumbite.
1317 1012 1374 1039 lloc
1394 1014 1468 1039 enim
1486 1014 1559 1048 apud
1580 1021 1676 1040 omnes
1694 1014 1818 1048 apprime

1018 1057 1226 1085 commendatos
1249 1066 1298 1085 vos
1322 1058 1438 1092 reddet,
1453 1067 1562 1094 rnempe
1580 1059 1602 1087 si
1623 1060 1703 1087 Patre
1725 1064 1818 1087 vestro

1019 1103 1156 1138 spirituali
1182 1107 1238 1130 tum
1260 1104 1385 1137 absente,
1404 1110 1462 1132 tum
1485 1110 1630 1141 praesente,
1650 1105 1817 1133 laudabilem

175 1148 236 1177 vita
247 1148 374 1179 rationem
389 1150 551 1178 sectemini.
575 1160 584 1176 ι
600 1150 721 1178 Salutate
737 1157 788 1177 vos
802 1148 919 1176 invicem
938 1149 965 1175 in
985 1150 1081 1176 osculo
1098 1154 1193 1176 saneto
1205 1149 1238 1176 ⁸⁷.
1255 1160 1265 1175 ι
1282 1150 1334 1183 Qui
1349 1159 1457 1179 mecum
1490 1157 1555 1180 sunt
1588 1153 1699 1186 fratres,
1714 1161 1762 1181 vos
1774 1160 1818 1181 sa-

170 1196 263 1225 lutant.
280 1196 378 1226 Valere
393 1204 446 1226 vos
459 1197 544 1234 cupio
558 1197 587 1225 in
604 1198 732 1230 Domino,
748 1196 921 1224 dilectissimi
937 1201 966 1223 et
988 1196 1226 1224 desideratissimi.

780 1354 948 1382 EPISTOLA
968 1354 1029 1382 XXI
1051 1355 1097 1391 (οι.
1118 1355 1202 1391 xrx).

919 1432 951 1450 Λῐ)
966 1432 1078 1451 EOSDE“.

725 1488 854 1523 Ejusdem
868 1496 928 1517 cum
942 1490 1105 1523 prawedenle
1118 1492 1277 1525 argumenti.

190 1559 337 1597 Κῦριλλος
359 1560 581 1596 πρεσσυτέροις,
595 1559 644 1586 καὶ
664 1559 816 1592 διακόνοις,
841 1563 889 1588 καὶ
906 1562 963 1597 λαῷ

1051 1562 1170 1598 Cyrillus
1183 1563 1363 1599 presbyteris,
1379 1564 1514 1597 diaconis,
1527 1564 1686 1600 populoque
1702 1565 1818 1594 Alexan-

159 1604 375 1643 Ἀλεξανδρείας
389 1626 397 1639 ,
426 1606 583 1641 ἀγαπητοῖς
610 1605 659 1631 καὶ
686 1604 904 1639 ποθεινοτάτοις,
938 1607 967 1633 ὲν

153 1653 256 1689 Κυρίῳ
269 1653 393 1690 χαίρειν.

191 1699 318 1735 Διψῶντί
330 1708 378 1735 μοι
397 1698 481 1727 πάλιν
495 1699 546 1734 τῆς
561 1699 639 1735 ὑμῶν
651 1699 803 1731 ἐπιεικείας
817 1699 868 1735 τὴν
881 1699 967 1735 πρόσ-

158 1754 252 1783 ρησιν,
274 1745 385 1773 δέδοται
396 1745 445 1772 τοῦ
457 1745 575 1781 γράφειν
587 1747 683 1782 καιρὸς
694 1747 742 1773 καὶ
758 1746 851 1778 τόπος.
869 1746 967 1781 Ἑσμὲν

156 1792 309 1829 τοιγαροῦν
326 1793 358 1819 ἐν
367 1793 403 1828 τῇ
421 1792 569 1827 Ἐφεσίων,
585 1793 630 1819 διὰ
639 1793 690 1825 τὰς
708 1793 817 1819 πάντων
832 1792 909 1828 ὑμῶν
921 1792 966 1818 εὑ-

156 1838 248 1875 χὰςὶν
256 1838 401 1874 εὐρωστίᾳ
411 1837 610 1871 διατελοῦντες,
625 1839 674 1865 καὶ
691 1838 785 1865 λοιπὸν
793 1839 878 1873 ἐγγὺς
891 1838 967 1873 ἕχον-

155 1892 202 1917 te;
210 1884 318 1919 τδντῆε
326 1883 441 1911 συνόδου
449 1883 734 1920 καιρόν.Πιστεύομεν
741 1884 769 1911 δὲ
777 1884 942 1919 ὃτιΧριστδς
952 1885 966 1910 ὁ

159 1921 273 1958 πάντων
301 1930 413 1966 Σωτὴρ,
428 1930 558 1966 καθαρὰς
580 1931 717 1965 ἀποφανεῖ
738 1930 966 1966 διεστραμμένων

156 1977 272 2004 ἐννοιῶν
281 1975 336 2008 τὰς
350 1975 450 2003 ἑαυτοῦ
466 1976 642 2011 Ἐκκλησίας,
657 1977 705 2004 καὶ
722 1976 771 2012 τὴν
779 1976 861 2013 ὀρθὴν
875 1977 966 2003 πίστιν

156 2022 391 2056 ἀποκαταστήσει
409 2021 420 2040 ί
439 2021 608 2057 φανοτάτην·
631 2021 702 2049 ὥστε
720 2022 825 2053 πάντας
840 2023 964 2057 πανταχῆ

156 2068 303 2104 καθαροὺς
320 2067 369 2094 καὶ
386 2067 531 2103 ἀμώμους,
548 2068 740 2103 ἀνιαπήλευτον
754 2067 864 2103 ἔχοντας
881 2068 966 2103 αὐτὴν

154 2115 236 2145 ὁσίας
248 2114 343 2150 αἴρειν
363 2114 460 2149 χεῖρας
477 2115 518 2146 εἰς
537 2114 710 2149 προσευχὰς,
726 2114 814 2140 ἐκεῖνο
835 2114 965 2148 λέγοντας

154 2159 244 2187 τδδιά
261 2159 362 2195 φωνῆς
377 2158 426 2186 τοῦ
441 2159 580 2195 μακαρίου
596 2159 679 2186 Δαὸίδ
692 2167 698 2172 ·
715 2168 724 2184 ι
747 2159 965 2194 Κατευθυνθήτω

155 2207 172 2242 ἡ
196 2206 349 2242 προσευχὴ
371 2214 424 2240 μου
438 2204 476 2236 ὡς
492 2205 620 2240 Θυμίαμα
635 2204 752 2232 ἐνώπιόν
769 2213 816 2232 σου
829 2214 834 2219 ·
850 2205 964 2240 ἔπαρσις

1019 1608 1101 1636 drino
1124 1609 1233 1637 dilectis
1255 1609 1555 1645 desideratissimisque
1581 1610 1610 1639 in
1631 1611 1749 1639 Domino
1772 1620 1817 1640 sa-

1018 1655 1116 1682 lutem.

1053 1701 1225 1728 Desideranti
1249 1701 1318 1729 mihi
1341 1706 1463 1729 vestram
1486 1702 1706 1730 moderationem
1725 1703 1818 1731 denuo

1017 1747 1202 1780 consalutare,
1224 1753 1333 1783 tempus
1347 1752 1374 1775 et
1390 1749 1468 1776 locus
1488 1748 1661 1776 commodam
1676 1749 1817 1777 scribendi

1017 1794 1190 1821 occasionem
1204 1795 1366 1822 attulerunt.
1382 1795 1434 1822 Per
1445 1794 1570 1822 omnium
1586 1795 1680 1830 itaque
1692 1800 1816 1823 vestrum

1017 1846 1114 1873 preces
1129 1839 1157 1866 in
1171 1840 1524 1876 Ephesiorummetropoli
1541 1841 1659 1877 agimus,
1672 1842 1818 1870 commoda

1017 1887 1127 1910 utentes
1147 1884 1321 1917 valetudine,
1344 1885 1561 1920 inchoandieque
1588 1886 1685 1922 synodi
1707 1891 1818 1922 tempus

1018 1929 1046 1956 in
1061 1929 1144 1956 horas
1163 1934 1366 1964 exspectantes.
1384 1930 1556 1959 Conlidimus
1572 1937 1676 1965 autem,
1692 1933 1816 1959 omnium

1018 1974 1189 2002 Salvatorem
1214 1975 1357 2002 Christum
1380 1976 1518 2003 Ecclesias
1541 1984 1606 2003 suas
1627 1976 1661 2003 ab
1687 1977 1818 2005 omnibus

1016 2022 1155 2057 perversis
1168 2022 1302 2049 doctrinis
1320 2026 1545 2057 repurgaturum,
1560 2028 1720 2058 rectamque
1734 2023 1816 2051 {idem

1017 2068 1147 2096 omnibus
1164 2068 1254 2103 palam
1271 2068 1426 2101 facturum;
1442 2076 1497 2103 quo
1511 2076 1608 2096 omnes
1621 2069 1725 2104 ubique
1740 2070 1816 2097 loco-

1017 2122 1078 2140 rum
1099 2118 1222 2149 agentes,
1241 2113 1347 2145 mundi,
1368 2114 1501 2149 inculpati
1522 2115 1686 2149 sinceraque
1704 2115 1757 2143 ﬁde
1773 2124 1817 2143 or-

1018 2159 1086 2189 nati,
1097 2167 1182 2193 puras
1195 2167 1293 2186 manus
1306 2160 1338 2186 ad
1351 2168 1449 2194 preces
1461 2161 1552 2187 levare
1561 2159 1596 2192 ⁸⁸,
1609 2160 1733 2195 illudque
1742 2161 1815 2188 beati

1018 2204 1130 2231 Davidis
1142 2205 1234 2231 dicere
1247 2205 1356 2232 valeant
1369 2215 1374 2232 :
1394 2215 1403 2230 ι
1419 2206 1559 2241 Dirigatur
1570 2206 1660 2233 oratio
1672 2214 1733 2234 mea
1745 2207 1816 2235 sicut

154 2240 210 2279 τῶν
223 2240 333 2287 χειρῶν
343 2240 412 2286 μου,
429 2251 512 2278 θυσία
526 2251 670 2286 ἑσπερινή.
689 2261 698 2276 ι
720 2251 898 2287 Περιέρχεται
912 2251 966 2286 γὰρ

1019 2251 1163 2277 incensum
1177 2251 1204 2277 in
1218 2255 1367 2286 conspectu
1383 2256 1429 2278 tuo
1442 2261 1448 2277 :
1460 2252 1578 2279 clevatio
1592 2260 1722 2280 manuum
1740 2261 1814 2281 mea—

154 2298 170 2324 ὸ
183 2297 312 2333 πονηρὸς
325 2296 359 2323 τὸ
374 2296 528 2332 ἀκοίμητον
540 2295 645 2332 θηρίον,
662 2296 845 2324 ἐπιϐουλεύων
858 2298 893 2332 τῇ
903 2296 966 2331 δόξῃ

155 2344 204 2371 τοῦ
227 2343 356 2380 Χριστοῦ
370 2351 377 2359 ·
393 2342 483 2378 ἰσχύει
498 2343 527 2370 δὲ
547 2342 617 2375 ὅλως
629 2343 717 2375 οὐδὲν,
731 2343 869 2379 ἀργούοης
882 2342 965 2369 αὑτοῦ

154 2391 206 2424 τῆς
234 2389 425 2424 σκαιότητος,
447 2388 496 2415 καὶ
516 2389 715 2425 ἀπρακτούσης
744 2389 794 2425 τῆς
819 2388 965 2424 πονηρίας.

161 2435 361 2464 Ἐπιόου)εύει
376 2435 431 2471 γὰρ
448 2436 500 2462 οὐκ
514 2435 653 2472 ἀνθρώπῳ
667 2435 750 2470 κοινῷ
777 2435 837 2462 οὐδὲ
853 2435 892 2461 ἑνὶ
909 2434 964 2461 τῶν

155 2482 220 2510 καθ’
232 2482 314 2517 ἡμᾶς
325 2480 423 2513 ἁπλῶς
435 2501 443 2514 ,
465 2481 537 2509 κατὰ
550 2481 581 2508 τὸ
594 2481 691 2509 δοκοῦν
703 2483 761 2513 τοῖς
775 2481 847 2513 νέοις
856 2481 961 2516 δογμα-

154 2529 268 2560 τισταῖς
284 2547 292 2560 ,
323 2527 393 2554 ἀλλὰ
418 2526 480 2562 Θεῷ
506 2526 545 2562 τῷ
574 2526 666 2554 πάντα
697 2526 829 2562 ἰσχύοντι.
854 2526 960 2553 Οὐκοῦν

154 2574 288 2601 ἀκουέτω
304 2572 384 2608 παρὰ
395 2572 499 2603 παντὸς
511 2572 674 2607 ἀγαπῶντος
685 2572 805 2608 Χριστόν
818 2580 825 2587 ·
846 2579 856 2597 ι
871 2572 961 2607 Σκλη-

156 2622 204 2655 ρόν
226 2627 271 2646 σοι
297 2619 329 2645 τὸ
351 2618 422 2654 πρὸς
442 2618 545 2654 κέντρα
564 2618 715 2651 λακτίζειν.
740 2628 749 2645 ›
771 2617 889 2654 Πλήττει
905 2617 962 2653 γάρ

155 2665 259 2693 ἑαυτὸν
278 2665 294 2691 ὁ
316 2664 448 2697 δείλαιος,
466 2664 515 2691 καὶ
538 2663 606 2700 ὁμοῦ
622 2666 679 2697 τοῖς
697 2665 771 2697 ἰδίοις
790 2664 896 2696 τέκνοις
912 2673 961 2691 πε-

191 2752 216 2770 "
234 2754 334 2782 Iudith
350 2761 412 2790 avt,
436 2753 464 2780 3.
502 2753 527 2770 "°
547 2754 614 2781 Luc.
635 2761 655 2785 ι,
682 2753 726 2780 57.

1017 2302 1080 2322 rum
1092 2315 1099 2327 ,
1124 2295 1291 2323 sacriﬁcium
1313 2295 1507 2330 vespertinum
1523 2295 1557 2323 δ’.
1575 2305 1585 2322 ι
1610 2296 1818 2326 Circumeursat

1016 2341 1091 2370 enim
1104 2349 1236 2377 perversa
1248 2342 1295 2369 illa
1308 2342 1483 2378 pervigilque
1496 2342 1596 2376 bestia,
1606 2342 1709 2371 Christi
1723 2344 1817 2380 gloriae

1017 2387 1154 2416 insidians
1174 2396 1181 2415 :
1203 2392 1232 2416 at
1251 2388 1322 2415 nihil
1345 2389 1459 2416 omnino
1480 2393 1584 2424 potest,
1608 2389 1682 2417 inani
1703 2398 1818 2425 prorsus

1015 2442 1149 2470 cassaque
1165 2434 1241 2463 illius
1255 2434 1366 2463 feritate
1383 2438 1411 2463 et
1424 2435 1529 2463 malitia
1543 2441 1734 2471 permanente.
1749 2436 1818 2465 Insi-

1014 2480 1107 2509 diatur
1119 2481 1225 2516 quippe
1241 2488 1297 2509 non
1314 2481 1420 2509 homini
1435 2482 1556 2518 cuipiam
1569 2482 1688 2518 vulgari,
1703 2483 1817 2511 nobisve

1014 2527 1116 2559 simili,
1141 2526 1215 2554 sicut
1243 2527 1290 2555 isti
1318 2536 1456 2556 novorum
1481 2528 1641 2564 dogmatum
1660 2528 1816 2557 inventores

1015 2572 1200 2606 arbitrantur,
1215 2573 1264 2602 sed
1285 2574 1343 2602 Deo
1362 2574 1558 2610 omnipotenti.
1571 2574 1673 2602 Audiat
1696 2574 1781 2609 igitur
1799 2581 1815 2601 a

1014 2618 1115 2654 quovis
1132 2618 1274 2647 Christum
1296 2625 1427 2648 amante:
1449 2619 1576 2647 «Durum
1595 2622 1638 2646 est
1655 2618 1704 2646 tibi
1718 2623 1814 2646 contra

1015 2665 1160 2693 stimulum
1173 2666 1321 2694 caleitrare
1333 2667 1368 2694 °°.
1382 2675 1392 2692 ›
1407 2665 1483 2693 Ferit
1499 2665 1574 2692 enim
1594 2664 1680 2692 miser
1693 2663 1814 2699 seipsum

780 2752 803 2768 ⁸⁷
822 2754 902 2781 Rom.
924 2762 966 2781 xv:

1018 2754 1044 2782 6.
1082 2753 1106 2770 '“'
1120 2753 1211 2781 ITim.
1225 2762 1255 2787 ιι,
1274 2753 1300 2782 8.
1333 2753 1357 2770 ⁸*
1372 2753 1445 2781 Psal.
1460 2760 1520 2786 cn,
1531 2752 1558 2780 2.
1597 2753 1621 2771 σο
1632 2753 1693 2783 Act.
1708 2760 1747 2787 Ix,
1763 2752 1791 2780 5.

702 2835 790 2863 νει-ἰεῦ
807 2835 940 2865 lectiones
958 2837 1062 2866 codicis
1082 2836 1265 2873 Seguieriani.

194 2900 208 2914 ε
221 2896 349 2931 θύοντι-ν.
394 2899 403 2918 ί
421 2898 508 2926 ἅπασι
522 2900 706 2934 καταστῆσαι.
