4058 6442
496 313 592 369 151

1503 310 1559 365 S.
1600 308 1877 367 CYRILLI
1914 310 2391 368 ALEXANDBINI
2428 312 2748 370 ARCHIEP.

3666 316 3766 372 l5‘3

496 440 714 497 unaque
737 438 866 480 eum
900 424 1029 479 liliis
1058 422 1175 478 suis
1211 423 1278 477 ad
1313 422 1600 479 interitum
1636 436 1781 479 ruet.
1822 425 1956 481 Nam
1988 425 2084 496 qui
2117 458 2127 487 λ

2192 430 2367 481 σετται
2391 427 2528 499 πρὸς
2548 426 2794 499 ὄλεθρον.
2821 429 2885 481 οι
2913 427 3026 497 γὰρ
3044 428 3117 483 τὰ
3141 427 3280 499 ὀρθὰ
3297 427 3411 481 τῶν
3428 427 3604 497 ἁγίων
3642 429 3767 482 Ἐκ‹

492 529 644 574 recta
664 517 1037 573 Eeclesiarum
1057 517 1314 588 dogmata
1328 525 1675 587 pervertunt,
1688 518 1758 572 de
1777 526 1925 573 sorte
1942 518 2093 574 illius

2187 518 2431 589 κλησιῶν
2449 520 2867 591 διαστρέφοντες
2887 520 3156 592 δόγματα,
3184 518 3284 590 τῆς
3296 521 3515 574 ἐκείνου
3546 520 3768 591 μερίδος

491 618 649 673 sunt,
695 624 875 679 neque
914 608 1013 663 Dei
1046 608 1316 679 judicium
1358 609 1599 664 evadere
1634 616 1887 679 possunt.
1922 607 2091 665 Orate

2184 610 2355 664 εἰσίν
2399 613 2463 665 οὺ
2485 611 2777 682 φεύξονται
2804 613 2867 666 δὲ
2898 612 2961 665 τὸ
2988 615 3162 684 κρίμα
3193 614 3288 666 τοῦ
3311 611 3478 667 Θεοῦ.
3525 613 3764 683 Προσεύο

491 701 659 771 igitur
682 716 784 771 pro
816 700 999 766 nobis,
1030 711 1093 755 ut
1118 701 1217 757 Dei
1247 702 1499 757 omnium
1520 701 1826 757 Salvatoris
1858 716 2090 758 munere

2185 701 2348 772 χεσθε
2380 703 2561 757 τοίνυν
2592 704 2740 776 ὑπὲρ
2770 704 2958 776 ἡμῶν,
2997 705 3085 761 ἵνα
3111 706 3141 758 ὁ
3168 700 3307 770 Θεὸς
3346 707 3375 759 ό
3406 705 3625 759 πάντων
3658 705 3771 759 Σω·

488 791 813 861 gaudentes,
839 791 1213 863 gaudentibus
1244 792 1448 849 iterum
1476 793 1855 848 restituamur.
1886 789 2088 847 Omnia

2182 792 2327 863 τὴρ,
2370 793 2485 864 δοίη
2536 795 2701 850 πάλιν
2751 797 3008 868 χαίρουσι
3062 796 3358 869 χαίροντας
3409 796 3765 865 ἀποδοθῆναι.

485 881 637 936 enim
677 882 788 952 33
810 882 1024 952 potest,
1045 892 1103 937 et
1126 881 1268 937 nihil
1288 882 1517 938 omnino
1537 890 1625 938 est
1658 881 1805 952 quod
1829 881 1945 952 ipse
1966 894 2080 935 non

485 982 673 1042 queat.
709 993 727 1024 ι
760 973 1005 1043 Salutate
1032 989 1131 1030 vos
1159 974 1399 1031 invicem
1428 975 1485 1029 in
1514 975 1704 1031 osculo
1744 985 1936 1030 sancte
1957 974 2025 1026 ⁸⁸.
2052 991 2071 1024 ι

487 1064 739 1120 Salutant
794 1072 929 1131 ‘vos,
999 1067 1095 1137 qui
1151 1082 1369 1122 meeum
1422 1075 1555 1122 sum
1614 1066 1831 1122 fratres.
1879 1065 2077 1121 Valere

484 1170 585 1210 vos
629 1156 687 1210 in
731 1155 965 1213 Domino
1002 1168 1238 1228 empto,
1281 1157 1471 1217 dilecti
1514 1167 1577 1214 et
1616 1155 2075 1214 desideratissimi

484 1245 707 1304 fratres.

2178 883 2370 938 Πάντα
2413 886 2525 956 γὰρ
2562 887 2789 942 δύναται
2810 927 2824 953 ,
2859 889 2956 942 καὶ
2999 888 3253 943 ἀδυνατεῖ
3284 887 3566 952 παντελῶς
3611 888 3769 943 οὐδὲν

2180 975 2351 1047 αὐτῷ.
2377 994 2408 1028 4
2455 978 2800 1037 Ἀσπάσασθε
2824 980 3092 1053 ἀλλήλους
3130 984 3190 1037 ὲν
3227 982 3496 1054 φιλήματι
3528 981 3690 1051 ἁγίῳ.
3743 999 3762 1031 ι

2192 1067 2559 1133 Ἀσπάζονται
2589 1072 2736 1144 ὑμᾶς
2764 1074 2815 1127 οἱ
2856 1074 2956 1128 σὺν
2996 1073 3123 1146 ἐμοὶ
3163 1074 3405 1144 ἀδελφοί.
3456 1073 3769 1147 Ἐρρῶσθαι

2179 1159 2328 1230 ὑμᾶς
2355 1162 2414 1215 ὲν
2442 1164 2644 1237 Κυρίῳ
2678 1164 2912 1238 εὔχομαι
2939 1206 2953 1233 ,
2990 1166 3267 1238 ἀγαπητοὶ
3294 1168 3390 1222 καὶ
3419 1166 3638 1237 ἀδελφοὶ
3670 1182 3770 1221 πο-

2177 1250 2499 1310 θεινότατοι.

1688 1510 2027 1578 EPISTOLA
2063 1522 2211 1581 xxu
2251 1524 2347 1598 (oi.
2390 1526 2533 1597 xx).

1504 1668 1715 1710 JOANNIS
1740 1670 2053 1711 ANTIOCHENI
2086 1673 2327 1714 EPISCOPI
2359 1676 2424 1715 AD
2450 1676 2730 1716 CYRILLUM.

927 1774 1081 1853 Quod
1113 1786 1348 1843 nondum
1386 1785 1586 1857 synodo
1619 1785 1850 1856 adfuerit
1878 1787 2084 1843 itineris
2119 1787 2502 1862 longitudinem
2525 1801 2576 1847 et
2602 1790 2961 1862 difﬁcultatem
2991 1790 3263 1854 taxentur.

550 1928 781 1984 Domino
813 1938 939 1979 meo
963 1920 1402 1995 religiosissime,
1429 1922 1889 1995 sanctissimeque
1916 1938 2070 1981 com;
2102 1930 2127 1991 ι

2245 1923 2337 1999 Τῷ
2362 1927 2603 2001 δεσπότῃ
2637 1947 2739 2001 μου
2770 1929 2849 2002 τῷ
2878 1931 3298 2006 θεοφιλεστάτῳ,
3333 1933 3428 1990 καὶ
3468 1936 3765 2012 ἁγιωτάτῳ

478 2019 732 2076 ministro
767 2015 993 2088 Cyrillo,
1024 2014 1264 2070 Joannes
1291 2012 1347 2068 in
1373 2013 1608 2069 Domino
1636 2013 1890 2069 salutem.

543 2112 665 2168 Non
699 2107 1058 2166 mediocriter
1084 2121 1172 2161 me
1202 2106 1435 2171 cruciat,
1464 2115 1821 2177 posteaquam
1865 2108 2068 2164 sancti”-

472 2218 558 2263 tas
583 2216 675 2262 tua
695 2203 901 2281 Ephesi
928 2209 1130 2273 praesto
1152 2214 1274 2256 esse
1300 2199 1488 2270 coepit,
1518 2214 1725 2270 paucos
1753 2200 1919 2256 hosce
1944 2201 2067 2258 dies

470 2314 560 2353 me
607 2296 870 2352 abfuisse.
914 2293 1135 2349 Etenim
1186 2290 1499 2347 sanctitatis
1547 2298 1655 2347 tuae
1699 2291 2061 2361 desiderium,

468 2389 643 2461 magis
676 2403 843 2459 quam
888 2401 978 2441 res
1016 2385 1155 2456 ipsa.
1195 2392 1257 2439 ut
1301 2383 1407 2438 iter
1448 2382 1556 2439 hoc
1592 2398 1758 2453 quam
1797 2384 2064 2443 citissime

466 2481 751 2537 absolvere
781 2478 1020 2549 cupiam,
1048 2491 1137 2531 me
1169 2475 1435 2532 stimulat.
1476 2473 1723 2530 Tandem
1770 2491 1903 2548 ergo
1939 2486 2066 2548 post

466 2575 669 2629 multas
702 2572 1011 2628 exantlatas
1040 2568 1259 2625 itineris
1285 2568 1588 2634 molestias,
1611 2568 1921 2624 sanctitatis
1955 2579 2065 2625 tuae

463 2665 727 2736 precibus
770 2664 1024 2736 adjutus,
1070 2676 1174 2731 pro
1215 2659 1431 2715 foribus
1470 2676 1613 2715 sum.
1657 2661 1796 2716 Nam
1838 2661 2063 2732 triginta

2175 2018 2579 2103 συλλειτουργῷ
2632 2021 2909 2093 Κυρίλλῳ,
2928 2023 3183 2096 Ἰωάννης
3209 2026 3269 2077 ἐν
3301 2026 3493 2099 Κυρίῳ
3520 2030 3761 2101 χαίρειν.

2240 2110 2376 2163 οὐδὲ
2412 2112 2514 2182 ἐμὲ
2546 2113 2784 2183 μετρίως
2819 2113 3027 2176 δάκνει,
3071 2113 3133 2168 τὸ
3162 2114 3300 2179 ὅλως
3336 2119 3438 2189 τῆς
3472 2118 3757 2190 ὑμετέρας

2165 2201 2448 2273 ὁσιότητος
2483 2204 2565 2268 είς
2600 2204 2835 2273 Ἔφεσον
2878 2206 3333 2277 παραγενομένης
3356 2246 3372 2273 ,
3411 2208 3512 2274 τὰς
3553 2210 3765 2283 μικρὰς

2165 2291 2373 2355 ταύτας
2406 2291 2705 2363 ὑστερῆσαι
2748 2291 2984 2363 ἡμέρας.
3028 2290 3141 2362 Τῆς
3171 2292 3282 2365 γὰρ
3322 2293 3512 2365 χρείας
3560 2297 3588 2348 ὁ
3626 2294 3760 2367 περὶ

2165 2383 2264 2457 τὴν
2297 2381 2394 2457 σὴν
2424 2383 2734 2457 ἁγιωσύνην
2766 2383 2932 2448 πόθος
2976 2384 3138 2439 πλέον
3170 2402 3262 2455 μοι
3293 2383 3537 2453 ἔγκειται
3564 2387 3759 2440 συντό-

2166 2495 2272 2542 νως
2291 2480 2390 2550 τὴν
2423 2479 2544 2533 ὁδὸν
2568 2478 2848 2546 ὲξανῦσαι.
2882 2479 3013 2547 Εἰμὶ
3041 2478 3172 2549 γοῦν
3197 2480 3291 2534 ἐπὶ
3324 2479 3519 2552 θύραις
3544 2480 3753 2545 λοιπὸν,

2164 2570 2263 2641 τῆς
2311 2572 2409 2641 σῆς
2441 2572 2733 2643 ἁγιότητος
2761 2572 2981 2644 εὐχαῖς,
3035 2574 3204 2627 πολὺν
3253 2572 3495 2637 ὑποστὰς
3523 2572 3617 2627 τὸν
3651 2573 3753 2643 τῆς

2163 2663 2471 2735 ὁδοιπορίας
2497 2662 2681 2717 πόνον.
2722 2663 2966 2735 Ἡμέρας
2993 2664 3101 2735 γὰρ
3129 2665 3239 2736 ἔχω
3265 2665 3564 2736 τριάκοντα
3594 2668 3747 2733 (τοσ-

466 2768 613 2813 totos
634 2756 755 2811 dies
784 2757 887 2827 (tot
910 2755 1058 2809 enim
1091 2752 1255 2824 spatii
1286 2752 1641 2822 intercapedo
1662 2752 1923 2826 postulat)
1956 2754 2062 2809 iter

2168 2751 2322 2815 οὗτος
2353 2754 2465 2822 γὰρ
2509 2753 2538 2805 ὁ
2592 2751 2792 2817 κύκλος
2824 2755 2923 2825 τῆς
2955 2754 3076 2809 ὁδοῦ
3119 2754 3271 2826 ἔχει)
3308 2753 3543 2820 ὁδεύων,
3591 2754 3754 2809 οὐδα-

463 2864 639 2919 usque
686 2847 851 2912 facio,
892 2847 1036 2901 nihil
1079 2845 1381 2916 quidquam
1421 2844 1625 2914 quietis
1654 2859 1881 2915 prorsus
1920 2845 2059 2899 mihi

2168 2840 2283 2912 μῶς
2314 2842 2421 2896 οὐδ’
2460 2842 2597 2906 ὅλως
2635 2843 2873 2908 ἐνδιδοὺς
2916 2845 3131 2915 ἑαυτῷ,
3178 2845 3336 2899 ἐνίων
3387 2845 3496 2900 τῶν
3542 2846 3751 2918 κυρίων

462 2939 778 3010 indulgens,
810 2937 1002 2992 multis
1044 2935 1265 2992 interim
1312 2935 1744 3007 religiosissimis
1782 2936 2058 3006 episcopis

2168 2933 2267 2988 τῶν
2297 2933 2729 3003 θεοφιλεστάτων
2765 2937 3100 3004 ἐπισκόπων,
3144 2938 3433 3010 ἀνωμαλίᾳ
3475 2940 3620 2994 κατὰ
3647 2939 3751 3007 τὴν

462 3031 535 3086 oh
585 3030 800 3086 itineris
844 3027 1223 3084 difﬁcultatem
1284 3027 1531 3098 graviter
1579 3025 1828 3090 atllictis,
1872 3041 2054 3097 neque

2168 3025 2279 3080 ὗδὸν
2315 3027 2702 3098 χρησαμένων,
2728 3026 2882 3093 ζώων
2909 3030 2967 3082 δὲ
2996 3029 3210 3083 πολλῶν
3244 3030 3613 3085 πεπτωκότων
3641 3031 3756 3086 ἀπὸ

461 3120 655 3193 paucis
687 3132 906 3189 quoque
930 3117 1196 3190 iumentis
1227 3117 1297 3172 ob
1331 3116 1658 3173 continuum
1694 3115 2052 3187 profectionis

2168 3113 2255 3182 τῆς
2300 3115 2555 3169 συντόνου
2606 3115 2942 3189 ὁδοιπορίας.
2978 3118 3157 3191 Εὕχου
3191 3115 3308 3182 οὖν,
3343 3120 3579 3175 δέσποτα
3601 3159 3618 3185 ,
3651 3121 3756 3175 καὶ

460 3215 706 3271 laborem
742 3212 1048 3269 exstinctis.
1086 3211 1167 3267 Tu
1211 3210 1398 3282 igitur,
1440 3209 1684 3276 domine,
1715 3209 1889 3264 Deum
1924 3224 2050 3278 pre-

2168 3204 2358 3270 ταύτας
2382 3208 2481 3271 τὰς
2511 3207 2694 3276 πέντε,
2727 3208 2760 3278 ἢ
2798 3209 2858 3275 ἓξ
2885 3210 3053 3281 μονὰς
3077 3214 3124 3279 Β,
3150 3211 3380 3276 ἀλύπως
3411 3212 3560 3283 ἡμᾶς
3588 3210 3715 3265 ὁδεῦ
3733 3243 3756 3253 σ

460 3307 624 3373 ceris,
666 3305 918 3370 obsecro,
952 3312 1014 3360 ut
1058 3303 1227 3360 hosce
1264 3304 1510 3374 quinque
1556 3310 1654 3357 aut
1698 3316 1795 3356 sex
1835 3299 2053 3355 itineris
2079 3284 2121 3341 C-

2168 3313 2269 3362 rat,
2300 3297 2395 3351 atat
2420 3297 2646 3363 ἀλύπως
2684 3300 3126 3371 περιπτύξασθαι
3165 3302 3265 3374 τὴν
3306 3301 3458 3373 ἱερὰν
3482 3302 3613 3372 ἡμῖν
3648 3301 3756 3355 καὶ

459 3399 579 3454 dies
616 3399 737 3453 sine
771 3396 1024 3453 molestia
1068 3409 1419 3466 percurrere,
1448 3408 1780 3463 sacrumque
1822 3407 1888 3446 ac
1924 3406 2055 3445 san-

2168 3389 2307 3443 5σίαν
2342 3389 2611 3461 κεφαλήν.
2652 3391 2716 3445 Οἱ
2756 3392 2886 3462 περὶ
2917 3391 3007 3445 τὸν
3039 3392 3229 3463 κύριόν
3280 3409 3383 3464 μου
3413 3393 3506 3445 τὸν
3558 3391 3757 3460 θεοφι-

457 3499 608 3543 ctum
653 3496 809 3542 tuum
852 3494 1019 3557 eaput
1060 3501 1183 3541 cum
1224 3485 1425 3557 gaudio
1459 3485 1622 3540 nobis
1665 3483 1958 3554 complecti
1998 3491 2055 3538 et

2168 3479 2411 3535 ιέστατον
2459 3481 2757 3536 ἐπίσκοπον
2820 3482 3098 3555 Ἰωάννην,
3132 3484 3381 3549 Παῦλον,
3428 3482 3752 3554 Μακάριον,

456 3578 765 3635 exosculari
800 3578 986 3633 liceat.
1035 3578 1303 3633 Dominus
1340 3593 1500 3633 meus
1538 3577 1797 3640 Joannes,
1823 3575 2050 3641 Paulus,

2168 3572 2626 3643 τροσφθέγγονταί
2658 3591 2751 3628 σου
2803 3576 2901 3648 τὴν
2945 3576 3201 3646 ὁσιότητα
3223 3616 3238 3640 ,
3273 3576 3369 3630 καὶ
3403 3576 3587 3629 πᾶσαν
3640 3572 3753 3646 τὴν

455 3670 746 3736 Macarius,
783 3670 1208 3742 emterique‘qui
1256 3668 1400 3741 apud
1448 3684 1538 3724 me
1579 3674 1728 3749 sunt,
1759 3666 1875 3721 Deo
1910 3666 2047 3721 cha-

2168 3665 2260 3717 ςὺν
2292 3665 2376 3718 σοὶ
2402 3665 2761 3738 ἀδελφότητα,
2791 3665 2902 3737 ἐγώ
2925 3684 2983 3721 τε
3015 3668 3110 3723 καὶ
3135 3668 3185 3721 οἱ
3211 3669 3308 3722 σὺν
3329 3668 3475 3738 ἐμοὶ,
3507 3664 3752 3721 πλεῖστα

456 3764 663 3819 rissimi
718 3763 960 3835 episcopi
1010 3766 1359 3820 sanctitatem
1412 3772 1562 3819 tuam
1616 3751 1877 3817 salutant.
1929 3759 2045 3830 Ego

2168 3760 2660 3831 προσαγορεύομεν.
2691 3762 3075 3833 Ἔρρωμένως,
3098 3761 3533 3834 ὐπερευχόμενος
3555 3758 3750 3830 ἡμῶν»

454 3866 674 3923 quoque
702 3866 826 3907 cum
853 3852 991 3909 meis
1019 3853 1339 3911 domesticis
1365 3854 1681 3910 universam
1708 3865 1830 3921 quae
1857 3858 2041 3905 tecum

2168 3850 2477 3921 ἴιατελσίης,
2508 3853 2746 3908 δέσποτα
2769 3852 3155 3923 θεοφιλέστατε
3188 3853 3286 3907 καὶ
3323 3849 3609 3905 ὀσιώτατε.

453 3954 536 4000 est
568 3945 969 4003 fraternitatem
1002 3949 1302 4021 plurimum
1337 3950 1536 4006 saluto.
1570 3945 1869 4003 Incolumis
1901 3944 2043 4011 vale,
2085 3955 2139 4001 et
2198 3963 2299 4017 pro
2361 3948 2522 4004 nobis
2555 3963 2713 4005 orare
2744 3965 2932 4023 perge,
2975 3949 3196 4005 domine
3227 3948 3473 4021 piissime
3509 3958 3573 4000 ac
3604 3956 3744 3999 san-

452 4038 714 4095 ctissime.

1590 4285 1706 4358 an.
1734 4284 2070 4340 msrom
2111 4283 2275 4339 χχιιι
2318 4280 2411 4353 (οί.
2453 4279 2629 4349 ut).

1300 4438 1511 4479 Cl'lllLLI
1556 4443 1621 4480 AD
1652 4441 1890 4489 QUOSDAM
1924 4441 1991 4479 DE
2021 4439 2189 4479 CLERO
2228 4432 2878 4478 CONSTANTlNOPOLlTANO.

875 4558 943 4613 Ut
992 4556 1317 4614 (Ζωιάίάέαηὶ
1349 4570 1398 4613 et
1438 4560 1667 4615 Nestorii
1705 4554 1983 4616 molimina
2016 4564 2321 4624 irritantur,
2356 4559 2483 4629 quid
2522 4557 2713 4626 Ephesi
2749 4563 2951 4626 gestum
2985 4556 3053 4609 sit
3087 4561 3299 4607 narrat.

516 4692 753 4764 Cyrillus
802 4694 1255 4766 archiepiscopus
1307 4695 1731 4761 Alexandrinus,
1780 4698 2037 4757 Comario
2071 4706 2116 4762 D

2212 4694 2479 4767 Κύριλλος
2504 4691 2938 4764 ἀρχιεπίσκοπος
2970 4687 3400 4760 ’Δλεξανδρείας,
3432 4689 3700 4763 Κομαρίῳ

442 4792 501 4837 et
538 4783 822 4840 Potamoni
871 4785 1181 4857 episcopis,
1233 4797 1286 4843 et
1339 4788 1562 4844 domino
1602 4791 1870 4849 Dalmatio
1908 4810 2030 4849 mo-

2168 4788 2236 4842 κιὶ
2266 4786 2556 4856 Ποτάμωνι
2615 4780 3025 4854 [Ποταμίωνι],
3087 4782 3446 4847 ἐπισκόποις,
3499 4784 3592 4836 καὶ
3642 4784 3726 4855 τῷ

446 4876 814 4931 nasteriorum
842 4877 1308 4941 archimandritas,
1331 4887 1388 4933 et
1413 4880 1701 4937 Timotheo
1720 4894 1776 4938 et
1800 4884 2030 4955 Eulogio

2168 4877 2539 4952 ιρχιμανδρίτῃ
2591 4873 2701 4927 τῶν
2747 4875 3147 4945 μοναστηρίων,
3186 4874 3262 4945 τῷ
3284 4875 3462 4945 κυρίῳ
3499 4876 3722 4945 Δαλμα-

444 4966 803 5038 presbyteris,
823 4968 1041 5023 dilectis
1062 4984 1125 5022 ac
1143 4969 1643 5041 desideratissimis',
1660 4985 1715 5029 et
1736 4976 1792 5030 in
1809 4976 2032 5031 Christo

2174 4974 2256 5044 ίῳ,
2297 4973 2391 5025 καὶ
2420 4967 2688 5039 Τιμοθέῳ,
2721 4968 2816 5021 καὶ
2842 4966 3087 5041 Εύλογίῳ
3118 4969 3509 5042 πρεσϐυτέροις
3532 5012 3547 5035 ,
3579 4972 3724 5039 ἀγα-

443 5057 818 5124 sanetificatis,
850 5060 1145 5129 plurimam
1176 5061 1429 5119 salutem.

2168 5064 2324 5131 τητοῖς
2347 5061 2441 5114 καὶ
2459 5060 2881 5125 ποθεινοτάτοις,
2904 5061 3000 5116 καὶ
3017 5062 3073 5115 ὲν
3094 5059 3317 5133 Χριστῷ
3339 5060 3721 5133 ἡγιασμένοις,

2131 5154 2359 5206 πλεῖστα
2385 5153 2617 5224 χαίρειν.

2201 5243 2626 5316 Προσεδοκῶμεν
2655 5244 2878 5300 ἐλθόντα
2911 5244 3002 5299 τὸν
3039 5244 3218 5317 τίμιον
3261 5244 3574 5316 Νεστόριον,
3620 5261 3721 5315 με-

2126 5333 2403 5405 ταγνῶναι
2450 5337 2535 5406 ἐφ’
2567 5330 2651 5401 οἷς
2700 5334 3140 5409 δεδυσφήμηκεν,
3174 5338 3269 5416 ἀφ’
3303 5332 3365 5394 οὗ
3400 5335 3717 5409 κεχειροτό-

512 5230 980 5302 Exspectabamus
1030 5236 1405 5298 honorabilem
1465 5242 1784 5299 Nestorium
1839 5257 2027 5297 acces-

441 5334 656 5387 surum,
698 5338 762 5378 ac
790 5326 1113 5394 poenitentia
1135 5332 1363 5390 ductum
1394 5334 1464 5391 ob
1490 5351 1555 5389 ea
1578 5350 1701 5405 quae
1727 5342 1850 5404 post
1875 5333 2028 5389 ordi-

1537 5613 1711 5670 Variae
1745 5612 2011 5673 lectiones
2044 5616 2252 5674 codicis
2281 5614 2644 5688 Seguieriaui.
