4058 6470
318 308 422 364 133

1713 319 2048 376 EPISTOLA
2085 321 2278 377 XXIII.

3528 335 3629 390 154

307 445 511 498 νηται,
545 429 646 482 καὶ
679 424 1024 500 συγγνώμην
1051 427 1276 501 αἰτῆσαι
1306 433 1458 506 παρὰ
1479 417 1580 506 τῆς
1615 433 1780 504 ἁγίας
1809 452 1914 490 συν

2039 438 2322 496 nationem
2368 451 2524 496 suam
2575 442 2899 514 bl'asphcmo
2941 455 3037 498 ore
3085 447 3334 514 protulit,
3377 463 3406 502 a
3443 463 3630 506 sancta

303 517 431 572 ὁδου
450 535 467 550 ·
503 521 558 573 εί
587 519 685 575 καὶ
713 520 800 574 ὃτι
833 518 1074 590 μάλιστα
1105 518 1281 586 οὓτως
1315 525 1660 579 ἐπικίνδυνον
1682 527 1744 579 τὸ
1773 527 1932 599 χαρί-

307 611 518 666 σασθαι
558 610 906 683 συγγνώμην
950 611 1134 685 αὐτῷ·
1188 615 1249 668 οὑ
1295 615 1404 688 γάρ
1447 617 1728 689 ἐνεδέχετο
1773 620 1934 693 ἀνδρὶ

305 705 546 760 τοιαῦτα
572 704 884 778 κηρύξαντι
919 706 1144 778 (πᾶσαν
1171 709 1281 782 γὰρ
1313 710 1599 782 διὲστρεψε
1623 712 1724 782 τὴν
1752 714 1933 768 οἰκου-

305 800 506 870 μένην,
563 799 664 852 καὶ
719 797 822 869 τὴν
882 797 1341 873 θρησκευομένην
1405 802 1516 855 τῶν
1588 804 1931 876 Ἐκκλησιῶν

303 890 600 962 παρέλυσε
649 889 872 962 πίστιν)
925 891 1262 962 χαρίσασθαι
1313 893 1670 965 συγγνώμην.
1718 897 1782 948 Εἰ
1820 896 1931 968 γὰρ

305 983 403 1037 καὶ
436 983 468 1034 ὁ
503 981 644 1052 μίαν
693 983 919 1052 ἀφιέναι
946 983 1234 1054 δύσφημον
1263 985 1451 1057 φωνὴν
1484 986 1764 1060 τολμήσας
1788 990 1931 1044 κατὰ

301 1073 417 1127 τῶν
447 1074 878 1129 εὐσεϐεστάτων
912 1076 1010 1129 καὶ
1039 1075 1404 1147 φιλοχρίστων
1430 1079 1593 1151 ἡμῶν
1633 1080 1925 1151 βασιλέων,

299 1164 540 1228 δικαίως
571 1165 851 1237 ὑπομένει
878 1166 980 1230 τὰς
1010 1168 1077 1220 ἐκ
1106 1168 1219 1222 τῶν
1264 1170 1448 1240 νόμων
1471 1171 1888 1243 ἀγανακτήσεις
1911 1214 1926 1238 ,

301 1253 364 1322 οὐ
396 1253 616 1323 μᾶλλον
645 1257 676 1308 ὁ
707 1255 912 1326 ἀσεϐὴς
940 1257 1003 1310 τὸ
1047 1257 1294 1328 σύμπαν,
1342 1263 1371 1314 ὁ
1416 1261 1478 1314 τὸ
1515 1264 1715 1332 εὐαγὲς
1765 1266 1928 1336 ήμῶν

301 1346 644 1416 ἀνατρέπων
678 1348 1007 1419 μυστήριον,
1043 1350 1138 1404 καὶ
1165 1352 1407 1424 ἀναιρῶν
1436 1353 1536 1425 τὴν
1573 1357 1923 1428 οἰκονομίαν,

301 1438 368 1508 ῆν
403 1437 436 1489 ὁ
469 1439 643 1507 ἅγιος
671 1440 772 1492 καὶ
806 1440 1193 1514 φιλάνθρωπος
1230 1445 1326 1500 τοῦ
1365 1446 1504 1502 Θεοῦ
1546 1449 1763 1520 Πατρὺς
1798 1451 1926 1515 Υίδς

306 1531 621 1602 μονογενὴς
670 1531 744 1584 δι’
777 1532 932 1604 ἡμᾶς
964 1535 1280 1607 ἐπλήρωσε,
1316 1539 1675 1605 καταξιώσας
1703 1541 1923 1610 ἄνθρω-

303 1636 402 1709 πος
422 1623 720 1691 γενέσθαι,
755 1624 845 1678 ἵνα
882 1627 1096 1692 πάντας
1126 1631 1160 1700 ή
1169 1629 1276 1700 μᾶς
1309 1630 1482 1703 σώσῃ,
1509 1633 1603 1686 καὶ
1633 1634 1924 1709 ἀπαλλάξῃ

298 1708 398 1784 τὴν
427 1712 528 1766 ὑπ’
550 1713 799 1787 οὐρανὸν
826 1717 1111 1789 ἁμαρτίας
1157 1721 1256 1774 καὶ
1278 1719 1544 1788 θανάτους
1582 1724 1730 1796 Πλὴν
1759 1708 1922 1780 tem);

301 1804 576 1876 μάσαμεν
626 1806 734 1878 τὴν
769 1807 1216 1882 σκληροκαρδίαν
1262 1812 1358 1866 τοῦ
1409 1815 1625 1885 ἀνδρός.
1685 1819 1761 1871 Οὐ
1812 1819 1923 1892 γὰρ
1956 1812 1996 1867 Β

303 1899 668 1972 μετενόησεν,
697 1899 828 1954 οὐδὲ
854 1899 1147 1969 ἔκλαυσεν,
1183 1904 1271 1972 ἐφ’
1309 1902 1394 1970 οἷς
1440 1909 1616 1961 εἰπεῖν
1646 1909 1919 1983 ἐτόλμησε

299 1988 452 2044 κατὰ
480 1987 592 2060 τῆς
614 1988 782 2062 δόξης
803 1989 904 2046 τοῦ
931 1992 1156 2048 πάντων
1178 1996 1211 2067 ή
1219 1995 1338 2066 μῶν
1369 1997 1625 2070 Σαηῆρος
1653 2001 1914 2072 Χριστοῦ.

316 2081 490 2144 Ἀλλὰ
653 2082 760 2138 καὶ
786 2083 851 2138 ἐν
894 2084 1110 2155 ἳΕφέσω
1137 2089 1552 2158 παραγεγονὼς,
1582 2096 1696 2158 τοῖς
1730 2095 1918 2160 αὐτοῖς

317 2173 812 2248 ὶιὲιηιῃμγοις,
843 2177 945 2232 καὶ
977 2177 1145 2232 πάλιν
1176 2178 1382 2248 ἔδειξεν
1403 2170 1571 2238 αύτδν
1612 2186 1918 2257 φρονοῦντα

316 2267 396 2322 τά
417 2265 852 2344 διεπηψένα·
891 2269 972 2335 ὡς
1002 2272 1098 2326 καὶ
1124 2273 1234 2328 τῶν
1262 2275 1558 2348 ἐπισήμων
1589 2281 1920 2351 μητροπολί-

301 2357 424 2414 sint
453 2361 556 2418 καὶ
583 2360 1038 2420 -δηαεεστάτων
1070 2366 1389 2422 ἐπισκόπων
1409 2409 1426 2431 ,
1463 2369 1656 2439 λόγους
1689 2373 1918 2436 δικαίως

297 2447 996 2522 ερδςιῦὡνκινούντων,
1042 2449 1164 2511 εἶτα
1194 2459 1597 2528 συγκλειόντων
1632 2463 1796 2518 αὑτὸν
1827 2463 1919 2518 διὰ

292 2543 402 2614 τῆς
441 2541 818 2600 Demiano
862 2547 1096 2620 Γραφῆς
1120 2590 1134 2615 ,
1184 2551 1279 2605 καὶ
1309 2552 1641 2618 διδαξάντων
1669 2557 1752 2609 ὅτι
1782 2556 1916 2622 Θεός

291 2631 450 2687 ἐστιν
479 2637 512 2689 ὁ
548 2635 620 2689 ἐκ
645 2636 753 2708 τῆς
789 2638 960 2704 ἁγίας
989 2641 1276 2713 Παρθένου
1311 2647 1454 2700 κατὰ
1507 2646 1689 2714 σάρκα
1719 2665 1916 2720 γεννη-

293 2723 430 2790 051;,
467 2727 729 2800 ἀθεμίτῳ
774 2733 931 2804 φωνῇ
961 2735 1333 2805 χρησάμενος,
1373 2737 1477 2810 ἔφη
1500 2755 1515 2769 ·
1577 2739 1719 2808 Ἐγὼ
1749 2739 1912 2812 διμη-

291 2821 442 2873 ναῖον
466 2822 568 2876 καὶ
589 2827 924 2895 τριμηναίον
940 2827 1076 2881 Θεὸν
1100 2830 1165 2883 οὺ
1190 2830 1336 2899 λέγω
1359 2848 1373 2862 ·
1401 2831 1498 2886 καὶ
1527 2832 1664 2887 ἄλλα
1685 2833 1744 2887 δέ
1774 2834 1912 2902 πρὸς

291 2910 516 2978 ’θύτας
550 2913 762 2988 lupa,
793 2917 1044 2992 ἀναιρῶν
1080 2921 1181 2994 τὴν
1219 2922 1638 2997 ἐνανθρώπησιν
1669 2925 1763 2980 τοῦ
1799 2928 1913 2981 Μο-

291 3011 576 3072 νσγενοῡς.
1012 3053 1026 3062 .

2037 533 2250 604 synodo
2300 534 2517 588 veniam
2569 535 2872 605 petiturum
2915 554 2927 589 :
2969 553 3280 608 quanquam
3333 541 3497 596 etiam
3551 544 3633 598 sic

2038 627 2276 682 maXime
2301 627 2676 698 periculosum
2713 637 2833 682 erat
2859 631 3074 684 veniam
3109 632 3211 701 ipsi
3237 632 3406 699 dare;
3450 651 3631 705 neque

2036 719 2187 775 enim
2224 719 2572 790 expediebat,
2615 721 2848 786 homini,
2886 722 2981 792 qui
3024 723 3228 778 talibus
3266 726 3632 782 concionibus

2036 822 2256 867 omnem
2302 821 2572 868 terrarum
2613 815 2804 869 orbem
2853 817 3141 885 pervertit,
3190 819 3462 890 fidemque
3503 823 3631 876 reli-

2035 902 2187 974 giose
2212 903 2282 958 ab
2309 904 2575 960 Ecclesiis
2611 917 2886 961 servatam
2921 915 2978 963 et
3015 908 3216 963 cultam
3256 910 3625 976 labefactavit,
3734 985 3741 993 .

2037 996 2252 1050 veniam
2319 999 2643 1054 concedere.
2686 1001 2906 1055 Etenim
2939 1001 2989 1056 si
3032 1002 3142 1065 ille,
3172 1002 3267 1071 qui
3294 1003 3381 1058 vel
3410 1005 3629 1060 unicam

2035 1087 2296 1143 infamem
2336 1105 2529 1146 vocem
2567 1101 2759 1147 contra
2790 1092 3071 1162 piissimos
3097 1093 3627 1151 Christianissian-

2031 1197 2139 1251 que
2191 1183 2556 1253 imperatores
2603 1185 2932 1256 depromere
2979 1203 3150 1242 ausus
3191 1186 3381 1253 fuerit,
3427 1189 3628 1244 merito

2029 1274 2214 1346 legum
2275 1276 2710 1349 indignationem
2762 1297 2874 1335 non
2925 1281 3140 1346 evadit,
3187 1291 3394 1351 quanto
3422 1283 3626 1353 justius

2027 1381 2151 1421 eam
2173 1368 2412 1437 experiri
2445 1385 2546 1439 par
2570 1380 2656 1425 est
2687 1371 2844 1427 illum
2873 1374 3098 1442 penitus
3129 1373 3384 1444 impium,
3410 1376 3505 1444 qui
3532 1391 3623 1430 sa—

2027 1469 2378 1517 crosanctum
2428 1461 2827 1520 incarnationis
2873 1469 3198 1537 mysterium
3244 1477 3518 1532 evertere,
3559 1485 3625 1524 ac

2027 1550 2497 1622 dispensationem
2536 1555 2759 1611 abolere
2799 1566 3031 1613 conatus
3059 1565 3165 1622 est,
3195 1574 3359 1628 quam
3400 1570 3624 1614 sanctus

2027 1650 2084 1698 et
2126 1645 2400 1716 benignus
2446 1647 2546 1702 Dei
2587 1647 2767 1703 Patris
2815 1648 2988 1704 Filius
3030 1650 3348 1721 unigenitus
3396 1659 3626 1720 propter

2027 1749 2130 1789 nos
2164 1736 2436 1806 implevit,
2468 1738 2634 1793 homo
2663 1739 2781 1793 ﬁeri
2817 1755 2927 1794 non
2965 1740 3315 1811 dedignatus,
3345 1750 3406 1796 ut
3431 1758 3622 1796 omnes

2024 1840 2126 1880 nos
2153 1827 2335 1882 salvos
2365 1827 2592 1892 faceret,
2619 1830 2999 1902 mundumque
3032 1833 3353 1888 universum
3385 1849 3416 1888 a
3444 1843 3624 1888 morte

2022 1926 2081 1972 et
2109 1929 2336 1988 peccato
2362 1921 2662 1976 liberaret?
2685 1924 2884 1979 Verum
2917 1926 3189 1994 stupenda
3215 1935 3299 1980 est
3318 1927 3424 1980 viri
3453 1927 3623 2001 hujus

2023 2009 2251 2077 duritia,
2288 2015 2601 2085 mentisque
2648 2016 2967 2072 obstinatio.
3010 2017 3200 2088 Neque
3245 2018 3394 2073 enim
3440 2019 3621 2089 paeni-

2024 2103 2150 2174 tuit,
2183 2120 2363 2175 neque
2393 2122 2458 2162 ea
2483 2106 2626 2179 ﬂetu.
2648 2108 2834 2175 diluit,
2861 2125 2984 2181 quae
3020 2119 3214 2166 contra
3249 2111 3481 2182 gloriam
3506 2127 3624 2165 om-

2020 2194 2174 2248 nium
2194 2204 2446 2250 nostrum
2471 2197 2771 2255 Salvatoris
2789 2199 2996 2255 Christi
3019 2200 3207 2256 dicere
3229 2216 3398 2256 ausus
3417 2200 3619 2256 fuerat.

2020 2285 2164 2352 Quin
2192 2288 2360 2342 etiam
2390 2305 2515 2344 cum
2543 2292 2789 2346 venisset
2821 2293 3124 2362 Ephesum,
3162 2293 3359 2348 iisdem
3396 2297 3621 2348 rursum

2020 2395 2155 2434 usus
2193 2389 2278 2435 est
2323 2382 2696 2448 sermonibus,
2730 2384 2934 2452 quibus
2971 2393 3134 2449 ante;
3179 2399 3243 2439 ac
3281 2385 3465 2439 denuo
3494 2400 3620 2440 cer-

2019 2480 2137 2524 tum
2163 2472 2426 2526 omnibus
2457 2472 2724 2528 indicium
2756 2473 2907 2538 fecit,
2945 2490 3003 2530 se
3036 2491 3065 2529 a
3092 2491 3355 2545 perversa
3394 2484 3620 2530 senten—

2020 2561 2095 2615 tia
2123 2561 2351 2617 minime
2375 2564 2619 2618 alienum
2654 2580 2795 2620 esse.
2831 2566 3022 2636 Itaque
3057 2581 3183 2620 cum
3214 2565 3440 2636 quidam
3475 2567 3622 2621 cele-

2015 2649 2232 2705 briores
2289 2654 2732 2722 metropolitani,
2777 2656 3132 2728 piissimique
3188 2655 3468 2726 episc0pi,
3518 2655 3619 2711 ad-

2019 2761 2214 2800 versus
2239 2760 2366 2800 eum
2396 2745 2758 2815 quaestionem
2793 2746 2994 2802 merito
3029 2755 3337 2811 moverent,
3361 2746 3620 2816 clareque

2019 2853 2089 2893 ex
2141 2838 2330 2893 divina
2378 2838 2666 2909 Scriptura
2716 2839 3114 2895 convincerent
3160 2847 3216 2894 et
3261 2838 3621 2893 ostenderent

2021 2930 2338 2987 Deumesse
2363 2932 2541 2997 illum,
2563 2947 2728 3001 quem
2752 2941 2942 2987 sancta
2965 2931 3132 3002 Virgo
3162 2931 3466 2987 secundum
3492 2945 3617 2985 car—

2019 3041 2146 3080 nem
2176 3036 2464 3097 genuerat,
2492 3027 2547 3082 in
2577 3028 2719 3082 hanc
2746 3029 3070 3083 sceleratam
3093 3043 3290 3083 vocem
3319 3027 3576 3099 prorupit
3600 3046 3615 3084 :

293 3096 411 3169 Ego
457 3100 799 3160 bimestrem
854 3114 914 3161 et
955 3105 1301 3166 trimestrem
1351 3111 1526 3167 Deum
1567 3128 1680 3168 non
1727 3114 1854 3170 dico
1897 3134 1910 3171 :
1952 3120 2156 3188 quibus
2186 3096 2302 3176 alia
2347 3122 2561 3177 addidit
2628 3130 2741 3177 non
2780 3138 2978 3194 pauca,
3040 3096 3616 3193 Unigenitiincarna-

295 3191 507 3248 tionem
535 3208 569 3248 e
601 3195 793 3252 medio
826 3197 990 3267 plane
1021 3200 1244 3257 tollens.

2259 3205 2270 3234 ί

364 3280 595 3336 Δέδοται
629 3283 734 3352 μὲν
759 3279 855 3340 οὖν
876 3289 942 3358 τῇ
976 3287 1110 3359 ἁγίᾳ
1142 3290 1348 3362 συνόδῳ
1377 3293 1689 3365 προθεσμία
1717 3299 1749 3369 ἡ
1784 3298 1914 3367 ἁγία

2091 3299 2170 3353 Ac
2203 3297 2474 3353 terminus
2505 3296 2731 3367 quidem
2759 3297 2870 3367 85
2909 3308 3115 3352 sanctae
3139 3300 3350 3369 synodo
3373 3317 3403 3355 a
3429 3303 3609 3371 piissi-

293 3361 653 3448 Πεντήκοστὴ
677 3377 834 3450 παρὰ
852 3378 964 3433 τῶν
979 3361 1463 3457 θεοφιλεστάτωνή
1473 3361 1602 3457 μῶν.
1619 3361 1906 3459 βασιλέων.

297 3461 373 3518 Τὸ
388 3467 502 3538 γάρ
525 3468 752 3539 πρῶτον
774 3471 1034 3543 γράμμα,
1054 3475 1122 3528 δι’
1145 3471 1208 3532 οὗ
1229 3479 1571 3551 κεκλήμεθα,
1589 3483 1782 3538 τοῦτον
1796 3484 1910 3556 ἔχει

289 3557 387 3614 τὸν
418 3558 624 3614 τύπον.
655 3564 1110 3637 Κατηντήσαμεν
1141 3568 1199 3622 δὲ
1232 3571 1330 3624 ἐπὶ
1363 3573 1466 3645 τὴν
1509 3574 1773 3645 Ἐφεσίων
1810 3577 1911 3631 πό-

291 3653 378 3706 λιν
397 3654 512 3724 πρὸ
535 3655 642 3726 τῆς
667 3657 988 3730 ὁρισθείσης
1021 3661 1240 3734 ἡμέρας
1261 3679 1275 3694 ·
1310 3665 1372 3718 οὐ
1395 3667 1504 3738 γὰρ
1534 3663 1603 3740 ἦν
1631 3686 1911 3741 καταφρο-

287 3743 458 3816 νῆσαι
486 3746 839 3802 δεσππικῶν
869 3750 1281 3822 θεσπισμάτων.
1316 3755 1536 3829 Ἐπειδὴ
1576 3758 1635 3812 δὲ
1667 3760 1910 3830 ἀκηκόαο

288 3855 398 3908 μεν
423 3839 698 3911 ἔρχεσθαι
725 3841 820 3896 τὸν
835 3842 1238 3900 εὐλαδέστατον
1258 3847 1351 3900 καὶ
1379 3848 1796 3919 θεοφιλέστατον
1809 3851 1910 3922 τῆς

300 3930 641 4000 Ἀντιοχέων
670 3932 977 3989 ἐπίσκοπον
1011 3936 1291 4009 Ἰωάννην,
1318 3942 1908 4016 περιεμείναμενήμὲ-

290 4037 398 4093 ρας
416 4022 752 4091 ἑκκαίδεκα,
783 4025 968 4080 καίτοι
995 4027 1180 4100 πάσης
1195 4030 1298 4100 τῆς
1331 4032 1551 4086 συνόδου
1571 4033 1786 4105 βοώσης
1814 4036 1908 4090 καὶ

285 4111 572 4185 λεγούσης
593 4154 611 4180 ,
641 4117 726 4170 ὅτι
758 4119 972 4182 ἐκεῖνος
997 4121 1060 4173 οὐ
1092 4121 1344 4191 βούλεται
1390 4127 1743 4198 συνεδρεῦσαι
1767 4145 1779 4158 ·
1815 4129 1906 4184 δέ·

282 4205 442 4260 δοικε
474 4207 592 4280 γάρ
628 4209 706 4280 μὴ
729 4209 840 4282 ἄρα
865 4211 1191 4284 καθαίρεσιν
1223 4216 1494 4291 ὑπομείνῃ
1514 4219 1544 4272 ὁ
1575 4220 1907 4291 τιμιώτατος

283 4293 641 4370 Νεστὸριος,
679 4301 908 4372 ληφθεὶς
951 4305 1017 4358 ἐκ
1065 4309 1164 4378 τῆς
1206 4307 1299 4360 ὑπ’
1337 4311 1502 4364 αὐτὸν
1553 4313 1901 4384 Ἐκκλησίας,

287 4392 387 4445 καὶ
417 4392 562 4456 ῐσως
589 4393 655 4446 τὸ
685 4397 926 4466 πρᾶγμα
954 4398 1294 4470 αἰσχύνεται.
1327 4403 1392 4455 Ὃ
1427 4405 1522 4457 καὶ
1547 4404 1718 4471 ἔδειξε
1747 4407 1842 4460 καὶ
1871 4409 1904 4478 ή

283 4488 463 4556 πεῖρα
510 4485 580 4539 τὸ
613 4487 806 4541 λοιπὸν
845 4489 1120 4560 ἀληθινῶς
1143 4508 1156 4521 ·
1187 4484 1490 4564 ὑπερέθετο
1532 4497 1642 4568 γὰρ
1683 4497 1780 4551 τοῦ
1815 4499 1906 4552 ἐλ-

286 4570 428 4625 θεῖν.
477 4573 866 4643 Προλαὸόντες
893 4579 1006 4650 γάρ
1035 4597 1184 4644 τινες
1212 4583 1322 4636 τῶν
1365 4583 1464 4638 σὺν
1508 4586 1658 4657 αὐτῷ
1683 4587 1907 4643 εὐλαϐε-

287 4661 514 4716 στάτων
557 4666 884 4724 ἐπισκόπων
913 4671 978 4722 ἐκ
1009 4670 1112 4740 τῆς
1155 4673 1449 4746 Ἀνατολῆς
1487 4676 1696 4749 ἔφησαν
1719 4697 1733 4711 ’
1783 4682 1904 4734 Ἐν·
1938 4657 1982 4710 D

286 4753 549 4810 ετείλατο
576 4759 713 4828 ἡμῖν
752 4760 780 4812 ὁ
819 4760 1011 4831 κύριος
1057 4764 1363 4836 Ἰωάννηςὸ
1391 4769 1691 4836 ἐπίσκοπος
1729 4774 1907 4828 εἰπεῖν

285 4849 351 4914 τῇ
408 4847 710 4921 θεοσεϐείᾳ
745 4851 924 4922 ὑμῶν,
971 4855 1056 4909 ὄτι
1085 4857 1214 4910 Ἐάν
1256 4857 1525 4929 βραδύνω,
1564 4865 1838 4934 πράττετε
1878 4867 1907 4919 ὃ

284 4937 599 5008 πράττετε.
634 4941 975 5013 Συναχθείσα
1004 4948 1190 5002 τοίνυν
1215 4954 1249 5021 ή
1275 4952 1406 5020 ἁγία
1434 4954 1652 5020 σύνοδος
1671 4959 1738 5029 τῇ
1765 4959 1906 5012 κατὰ

297 5030 692 5104 Ἀλεξανδρεῖς
722 5035 885 5108 ὀγδόῃ
919 5039 1014 5091 καὶ
1047 5041 1221 5095 εἰκάδι
1241 5042 1270 5082 ιι
1304 5042 1400 5097 τοῦ
1432 5045 1608 5100 Παυνὶ
1642 5049 1811 5120 μηνὸς
1845 5051 1905 5104 ἐν

280 5126 349 5195 τῇ
387 5125 612 5198 μεγάλῃ
667 5126 970 5202 ἐκκλησίᾳ,
1021 5135 1086 5204 τῇ
1140 5133 1452 5208 καλουμένῃ
1509 5139 1643 5211 ἁγίᾳ
1685 5142 1898 5214 Μαρίᾳ,

279 5215 563 5272 ἐκάλεσεν
579 5218 771 5286 αὑτὸν,
795 5222 1063 5294 πέμψασα
1083 5226 1520 5295 εὑλαὸεστάτους
1540 5231 1898 5302 ἐπισκόπους,

275 5308 429 5364 ὥστε
461 5311 652 5366 ἐλθεῖν
684 5315 872 5381 αὐτὸν,
901 5321 997 5372 καὶ
1037 5323 1304 5392 συστῆσαι
1331 5323 1510 5394 ἐαυτῷ
1559 5326 1603 5392 ἱ,
1633 5326 1728 5380 καὶ⁵
1762 5328 1902 5381 άπο-

280 5403 660 5473 λογήσασθαι,
699 5409 830 5480 περὶ
852 5403 929 5463 ὧν
966 5411 1177 5479 ἐδίδαξε
1207 5415 1301 5467 καὶ
1327 5414 1587 5486 ἔγραψεν.
1637 5417 1698 5471 '0
1717 5417 1774 5471 δὲ
1801 5419 1902 5492 τὴν

284 5499 389 5567 μὲν
425 5496 663 5568 πρώτην
707 5502 1010 5574 ἀπόκρισιν
1053 5506 1371 5577 ἐποιήσατο,
1405 5509 1602 5579 λέγων,
1647 5510 1730 5563 ὅτι
1768 5512 1904 5565 Σκέ-

2018 3389 2124 3445 mis
2175 3389 2604 3459 imperatoribus
2649 3390 2993 3459 praestitutus
3035 3399 3155 3444 erat
3205 3405 3359 3446 sacra
3412 3394 3613 3450 Pente-

2013 3493 2196 3539 costes
2223 3483 2361 3538 dies.
2407 3482 2607 3538 Primae
2641 3483 2788 3537 enim
2820 3483 3042 3536 illorum
3083 3482 3285 3538 litterae
3312 3483 3517 3554 quibus
3543 3489 3614 3542 ad

2013 3574 2286 3647 synodum
2333 3575 2725 3639 evocabamur,
2769 3574 2843 3630 ita
2882 3573 3173 3646 iubebant.
3224 3575 3378 3630 Hane
3424 3587 3612 3634 autem

2013 3669 2380 3737 prmstitutam
2411 3668 2560 3725 diem
2602 3685 2706 3724 nos
2740 3677 2933 3723 nostro
2972 3650 3213 3723 adventu
3245 3669 3300 3723 in
3333 3670 3611 3728 civitatem

2013 3761 2380 3831 Ephesiorum
2421 3763 2850 3829 antevertimus;
2883 3777 3064 3832 neque
3099 3761 3247 3816 enim
3287 3761 3521 3820 decebat
3554 3776 3610 3821 ut

2013 3852 2368 3908 dominorum
2391 3863 2713 3910 nostrorum
2740 3855 2922 3910 edicta
2949 3857 3375 3928 negligeremus.
3406 3857 3612 3912 Verum

2011 3953 2368 4017 posteaquam
2393 3947 2702 4017 piissimum
2729 3947 3317 4019 religiosissimumque
3341 3948 3612 4003 Joannem

2010 4037 2332 4108 episcopum
2381 4037 2793 4094 Antiochenum
2839 4039 3138 4095 adventare
3181 4039 3608 4109 accepissemus,

2011 4124 2196 4180 adhuc
2216 4125 2496 4182 sexdecim
2523 4126 2642 4183 dies
2666 4127 3129 4198 exspectavimus,
3149 4137 3473 4183 cumtamen
3497 4135 3610 4181 tota

2001 4217 2255 4287 synodus
2286 4219 2635 4284 reclamaret,
2661 4234 2914 4275 asserens
2938 4220 3091 4274 illum
3132 4221 3412 4276 conscssui
3441 4220 3608 4275 inter-

2007 4314 2130 4363 eSse
2181 4324 2292 4363 non
2337 4310 2502 4374 velle,
2536 4310 2680 4381 quod
2717 4320 3011 4374 metueret,
3055 4327 3126 4366 ne
3165 4311 3306 4366 forte
3345 4326 3608 4365 reveren-

2008 4397 2272 4455 dissimus
2293 4399 2605 4464 Nestorius,
2630 4399 2724 4470 qui
2756 4414 2823 4453 ex
2854 4399 3002 4453 illius
3023 4399 3268 4454 Ecclesia
3293 4405 3611 4466 assumptus

2007 4490 2207 4557 fuerat,
2241 4492 2364 4546 loco
2395 4506 2497 4546 suo
2533 4501 2899 4546 moveretur:
2937 4507 3060 4562 qua:
3097 4506 3188 4545 res
3228 4489 3331 4559 ipsi
3376 4489 3609 4543 fortasse

2005 4586 2217 4657 justum
2258 4583 2530 4654 pudorem
2569 4586 2862 4640 incuteret.
2905 4583 3079 4650 Quam
3113 4583 3483 4654 suspicionem
3517 4599 3610 4638 ve-

2013 4693 2128 4732 ram
2151 4677 2452 4743 exstitisse,
2480 4678 2600 4749 ipsa
2620 4688 2810 4749 postea
2832 4675 3172 4748 experientia
3197 4674 3406 4745 liquido
3427 4683 3609 4730 osten-

2006 4770 2123 4836 dit;
2166 4787 2294 4825 nam
2321 4772 2540 4826 distulit
2570 4770 2870 4825 adventum
2897 4785 3080 4825 suum.
3108 4768 3326 4824 Etenim
3357 4767 3607 4822 nonnulli

2005 4885 2074 4924 ex
2123 4863 2489 4921 orientalibus
2539 4861 2660 4932 ejus
2713 4859 3010 4930 episcopis,
3057 4857 3125 4913 ab
3170 4858 3264 4913 illo
3315 4857 3606 4927 pra-missr,

2007 4961 2124 5015 haec
2147 4956 2549 5013 denuntiarunt
2573 4971 2586 5007 :
2614 4952 2884 5023 Prmeepit
2904 4951 3067 5006 nobis
3086 4951 3347 5005 dominus
3367 4949 3607 5003 Joannes

2005 5051 2322 5122 episcopus,
2355 5055 2417 5102 ut
2445 5053 2642 5101 vestrae
2671 5045 2863 5115 pietati
2891 5044 3141 5099 dicamus
3166 5059 3178 5094 :
3204 5039 3259 5095 Si
3291 5039 3606 5104 tardavero,

2002 5144 2152 5215 quod
2188 5141 2388 5198 facturi
2429 5141 2583 5204 estis,
2623 5139 2677 5193 id
2716 5137 2952 5192 faciatis.
2987 5135 3184 5190 Sancta
3219 5132 3405 5200 itaque
3437 5145 3602 5200 syno-

2003 5237 2110 5292 dus
2135 5245 2330 5291 octavo
2356 5243 2414 5290 et
2437 5232 2703 5289 vicesimo
2729 5231 2820 5286 die
2843 5228 3050 5284 mensis
3071 5223 3264 5289 Pauni,
3290 5229 3349 5277 ut
3370 5222 3602 5276 Alexan-

2003 5330 2152 5387 drini
2202 5336 2424 5393 vocant,
2472 5326 2528 5381 in
2578 5323 2812 5380 ecclesia
2865 5335 3080 5390 magna,
3123 5332 3246 5388 qua:
3295 5314 3604 5386 appellatur

2004 5423 2205 5478 Sancta
2245 5421 2436 5484 Maria,
2471 5423 2820 5490 congregata,
2862 5413 3046 5467 missis
3089 5409 3421 5481 quibusdam
3467 5407 3600 5462 reli-

2001 5511 2332 5584 giosissimis
2359 5507 2654 5580 episcopis,
2683 5505 2944 5565 Nestoris)
2966 5503 3280 5568 denuntiat,
3308 5509 3369 5556 ut
3390 5495 3577 5552 veniat

1408 5665 1584 5722 Varia:
1609 5665 1877 5721 lectiones
1913 5665 2122 5721 codicis
2144 5664 2511 5735 Seguicriani.

352 5771 381 5812 δ
415 5769 646 5839 δεκάτη.
734 5772 751 5811 ί
785 5770 877 5824 Io‘.
914 5769 1107 5825 ἑαυτόν
