4058 6434
543 316 645 378 155

1580 317 1637 373 S.
1677 314 1952 375 CYRILLI
2001 316 2467 376 1\LEXANDRINI
2505 316 2826 375 ARCHIEP.

3719 320 3813 377 156

541 431 760 501 sibique
793 445 902 485 non
942 429 1104 496 desit,
1139 447 1203 486 ac
1231 427 1300 487 de
1351 433 1420 487 iis
1458 449 1581 502 quae
1619 435 1917 504 Scripserat
1948 443 2004 488 et
2034 433 2117 488 do-

2241 451 2444 505 πτομαι
2466 435 2561 488 καὶ
2583 434 2715 505 ὁρῶ.
2747 434 3028 504 Κέκληται
3043 433 3282 506 δευτέρῳ
3309 437 3814 506 παραναγνωστικῷ

541 529 753 586 cuerat,
793 538 978 577 coram
1027 523 1295 578 rationem
1339 524 1552 579 reddat.
1600 524 1695 579 Ille
1738 532 1921 578 autem
1956 523 2134 594 primo

2240 524 2397 596 παρά
2440 528 2538 596 τῆς
2582 525 2741 592 ἁγίας
2793 525 3034 591 συνόδου,
3074 527 3237 578 πάλιν
3281 525 3642 596 πεμφθέντων
3681 527 3816 596 πρὸς

541 614 867 684 respondit:
901 615 1302 682 Considerabo,
1335 627 1393 672 et
1435 617 1655 671 videbo.
1697 617 2011 671 Accersitus
2049 631 2117 671 es:

2239 616 2405 670 αὐτὸν
2455 616 2896 669 θεοσεϐεστάτων
2955 616 3292 672 ἐπισκόπων.
3363 618 3421 670 Ὀ
3474 617 3531 670 δέ
3584 619 3815 689 πρᾶγμα

537 721 671 775 ergo
725 706 899 760 altera
950 707 1214 762 citatione
1272 724 1372 778 per
1431 708 1810 762 sanctissimos
1866 709 2131 777 quosdam

536 795 848 865 episcopos,
887 796 1091 851 iterum
1132 813 1163 851 a
1200 808 1386 853 sancta
1417 799 1623 870 synodo
1652 798 1720 852 ad
1753 813 1880 852 eum
1913 798 2128 852 missos.

536 886 631 939 Ille
658 902 792 940 vero
832 903 948 942 rem
989 896 1104 942 tum
1143 889 1420 942 commisit
1459 888 1620 957 plane
1659 887 1959 956 indignam.
1994 887 2131 942 Nam

538 978 742 1032 milites
767 995 795 1032 a
823 979 1164 1034 Candidiano
1212 979 1756 1050 magnificentissimo
1796 980 1996 1034 comite
2036 993 2126 1034 ac-

536 1076 726 1138 ceptos
769 1080 897 1124 ante
944 1072 1091 1126 aedes
1136 1072 1191 1124 in
1234 1071 1437 1140 quibus
1484 1071 1802 1126 versabatur
1844 1073 2132 1128 collocavit

537 1173 664 1211 cum
701 1159 942 1214 fustibus
972 1168 1030 1213 ut
1056 1170 1332 1223 arcerent,
1365 1160 1410 1213 si
1450 1160 1544 1229 qui
1578 1159 1719 1214 forte
1759 1160 1826 1213 ad
1854 1161 2010 1214 illum
2048 1163 2132 1214 in-

537 1249 693 1318 gredi
719 1251 944 1304 vellent.
987 1249 1123 1305 Cum
1153 1259 1337 1304 autem
1378 1251 1708 1307 sanctissimi
1736 1253 2001 1322 episcopi,
2034 1253 2129 1323 qui

537 1339 691 1395 missi
725 1341 963 1406 fuerant,
992 1351 1432 1410 perseverarent,
1462 1358 1635 1396 unum
1660 1343 1766 1397 hoc
1794 1353 2126 1410 asserentes,

535 1446 596 1487 se
636 1447 747 1486 non
780 1433 972 1488 adesse
1011 1442 1073 1487 ut
1111 1450 1368 1504 asperum
1404 1436 1684 1506 quidpiam
1728 1436 2000 1502 dicerent,
2040 1440 2127 1494 vel

536 1523 812 1588 audirent,
849 1524 947 1579 sed
997 1534 1059 1580 ut
1099 1526 1254 1596 juxta
1310 1535 1513 1582 sanctae
1565 1527 1759 1599 synodi
1809 1529 2126 1584 mandatum

536 1613 715 1683 ipsum
755 1623 1037 1680 vocarent,
1068 1617 1233 1672 variis
1275 1632 1409 1672 usus
1442 1625 1530 1671 est
1565 1617 2031 1684 excusationibus,
2066 1627 2128 1674 ut

534 1705 630 1775 qui
669 1707 1008 1762 conscientia
1044 1723 1142 1761 sua
1181 1707 1512 1778 redargutus
1553 1707 1744 1763 venire
1796 1708 1986 1764 nollet.
2030 1710 2124 1765 Usi

2234 705 2403 759 ποιῶν
2433 706 2655 771 ἄτοπον,
2688 707 3030 778 στρατιώτας
3053 706 3236 760 λαϐὼν
3267 707 3418 777 παρὰ
3444 708 3548 761 κτοῦ
3583 709 3816 778 μεγαλο-

2237 796 2622 867 πρεπεστάτου
2690 796 2933 868 κόμητος
2990 797 3380 863 Κανδιδιανοῦ,
3448 797 3646 868 ἔστησε
3707 801 3815 869 πρὸ

2233 888 2331 956 τῆς
2370 887 2549 951 οἰκίας
2577 888 2762 954 αὐτοῦ,
2795 890 2933 958 μετά
2969 889 3222 959 ῥοπάλων
3249 890 3513 942 κωλύων)
3553 890 3817 943 εἰσελθεῖν

2233 995 2356 1031 τινα
2395 979 2532 1049 πρὸς
2575 981 2758 1032 αὐτόν.
2821 980 2907 1043 Ὡς
2955 981 3013 1033 δέ
3061 981 3328 1052 ἐπέμενον
3382 983 3432 1034 οἱ
3471 982 3817 1050 πεμφθέντες

2234 1069 2530 1138 ἁγιώτατοι
2581 1073 2894 1134 ἐπίσκοποι,
2945 1073 3217 1142 λέγοντες,
3258 1076 3340 1128 ὅτι
3379 1075 3546 1127 Οὐδὲν
3577 1075 3816 1145 χαλεπὸν

2231 1161 2466 1232 ήλθομεν
2495 1165 2690 1229 εἰπεῖν,
2727 1163 2758 1234 ἢ
2791 1163 3043 1229 ἀκοῦσαι,
3087 1165 3203 1218 ἀλλ’
3232 1167 3265 1236 ή
3300 1166 3428 1234 ἁγία
3457 1165 3673 1228 σύνοδος
3717 1165 3817 1220 αὐ-

2229 1253 2320 1306 τὸν
2356 1254 2541 1318 καλεῖ,
2580 1255 2857 1326 ἀφορμαῖς
2886 1256 3151 1328 ἐκέχρητο
3185 1257 3483 1327 διαφόροις,
3510 1258 3586 1320 ὡς
3621 1255 3696 1327 μὴ
3728 1256 3819 1309 θέ-

2229 1343 2337 1396 λων
2380 1344 2654 1398 ἀνελθεῖν·
2695 1347 2999 1417 ἐπέπληττε
3045 1348 3153 1419 γάρ
3184 1347 3333 1418 αὐτῷ
3383 1348 3410 1387 li
3462 1348 3522 1400 τὸ
3552 1347 3810 1413 συνειδὸς.

2227 1431 2361 1488 Εἶτα
2404 1438 2725 1508 κεχρήμεθα
2757 1440 2852 1492 καὶ
2891 1440 3063 1512 τρίτῳ
3113 1439 3662 1512 παραναγνωστικῷτ
3717 1440 3816 1494 καὶ

2227 1528 2391 1582 πάλιν
2423 1530 2784 1600 πεμφθέντων
2811 1533 3147 1603 ἐπισκόπων,
3169 1533 3304 1603 πρὸς
3332 1533 3496 1586 αὑτὸν
3526 1534 3590 1586 ἐκ
3619 1533 3814 1602 διαφό-

2231 1637 2338 1689 ρων
2373 1621 2676 1692 ἐπαρχιῶν,
2709 1623 2871 1678 πάλιν
2896 1627 2963 1695 τῇ
3002 1624 3112 1677 τῶν
3143 1624 3497 1694 στρατιωτῶν
3531 1626 3816 1696 ἐχρήσατο

2229 1708 2350 1779 βίᾳ,
2378 1711 2475 1762 καὶ
2503 1711 2604 1763 οὐκ
2635 1710 2900 1782 ἠθέλησεν
2935 1713 3129 1767 ἐλθεῖν.
3166 1712 3513 1766 Καθεσθεῖσα
3555 1713 3734 1766 τοίνυν
3777 1713 3811 1784 ή

533 1812 728 1852 sumus
756 1798 921 1852 tertia
959 1797 1160 1853 deinde
1195 1798 1480 1864 citatione,
1518 1813 1582 1854 ac
1616 1799 1960 1854 diversarum
1992 1817 2117 1870 pro-

2227 1801 2361 1868 ἀγία
2385 1801 2622 1866 σύνοδος,
2651 1804 2747 1856 καὶ
2766 1804 3182 1875 ἀκολουθήσασα
3209 1807 3323 1868 τοῖς
3344 1805 3444 1875 τῆς
3478 1805 3812 1875 Ἐκκλησίᾱς

534 1885 841 1940 vinciarum
879 1886 1154 1957 episcopis
1185 1887 1368 1942 denuo
1397 1887 1467 1941 ad
1505 1888 1659 1942 illum
1693 1888 2002 1955 destinatis,
2030 1891 2120 1946 ille

535 1992 732 2032 rursus
753 1977 995 2033 militum
1017 1978 1338 2033 violentiam
1359 1977 1633 2043 adhibuit,
1654 1993 1833 2049 neque
1856 1981 2120 2036 accedere

532 2069 726 2124 voluit.
771 2068 908 2124 Cum
945 2085 1075 2140 ergo
1112 2076 1301 2124 sancta
1343 2069 1586 2141 synodus
1621 2071 1981 2136 consedisset,
2017 2087 2120 2128 nec

534 2175 645 2214 non
673 2161 1067 2216 ecclesiasticis
1093 2161 1472 2216 sanctionibus
1504 2161 1782 2226 insistens,
1820 2162 1968 2217 illius
2005 2165 2122 2233 epi-

534 2252 704 2307 stolas
725 2261 781 2307 et
799 2252 1173 2323 eXpositiones
1193 2253 1435 2323 legisset,
1455 2253 1734 2323 lectasque
1759 2255 2118 2325 blasphemiis

534 2339 726 2409 plenas
766 2341 1162 2410 comperisset;
1202 2342 1315 2412 86
1355 2350 1411 2396 et
1454 2341 1677 2411 quidam
1724 2353 1988 2412 prieterea
2035 2347 2119 2400 in-

531 2430 716 2498 signes
761 2429 1107 2511 piissimique
1169 2431 1414 2501 episcopi
1463 2434 1869 2503 metropolitani
1932 2439 2116 2493 testati

530 2530 736 2584 essent,
769 2521 918 2591 quod
964 2522 1019 2576 in
1067 2522 1182 2592 ipsa
1230 2538 1450 2592 quoque
1489 2523 1858 2592 Ephesiorum
1896 2527 2117 2584 civitate

531 2625 658 2664 cum
721 2612 855 2681 ipsis
911 2613 1246 2684 disceptans,
1306 2614 1494 2669 Jesum
1557 2615 1733 2670 Deum
1771 2633 1892 2674 esse
1925 2629 2115 2690 aperte

531 2703 860 2756 sententiam
891 2704 947 2756 in
974 2705 1127 2757 illum
1153 2705 1403 2774 protulit.

602 2790 742 2857 Quia
775 2807 907 2847 vero
941 2794 1314 2850 necessarium
1352 2807 1439 2854 est
1475 2807 1538 2854 ut
1568 2799 1744 2870 pietas
1766 2810 1970 2870 vestra,
2000 2805 2118 2862 haec

535 2881 653 2951 ipsa
687 2890 968 2950 comperta
1004 2883 1234 2949 habens,
1261 2886 1384 2941 illos
1414 2903 1634 2960 quoque
1663 2891 1732 2947 de
1764 2891 1852 2949 his
1876 2909 2118 2951 commo-

534 2972 771 3027 nefaciat
805 2989 942 3043 quos
979 2990 1045 3030 ea
1080 2977 1317 3033 maxime
1351 2981 1494 3036 scire
1525 2993 1762 3053 oportet,
1789 3002 1860 3042 ne
1884 2989 1974 3044 vel
1999 2990 2116 3060 ipse

532 3063 620 3117 vel
661 3063 755 3117 alii
802 3064 950 3120 illius
991 3065 1235 3123 fautores
1276 3069 1525 3148 honestis
1563 3075 1750 3131 verbis
1784 3093 2114 3150 quemquam

531 3152 868 3224 subripiant,
913 3171 1092 3226 operae
1138 3160 1380 3229 pretium
1423 3166 1612 3220 censui
1652 3175 1713 3222 ut
1744 3169 1861 3224 haac
1903 3171 2117 3228 indica-

531 3259 672 3301 rem.
717 3245 994 3302 Habemus
1031 3263 1252 3320 quoque
1288 3251 1515 3311 Joannis
1548 3257 1783 3326 piissimi
1814 3261 2118 3332 religiosis-

531 3335 771 3407 simique
817 3338 1061 3410 episcopi
1108 3343 1392 3411 epistolam
1443 3347 1510 3402 ad
1557 3364 1684 3404 eum
1730 3355 2114 3424 perscriptam,

533 3444 642 3498 qua
673 3443 806 3484 sane
835 3430 1039 3486 acriter
1072 3430 1227 3485 illum
1267 3433 1538 3506 increpat,
1569 3447 1828 3510 tauquam
1855 3444 1949 3512 qui
1977 3461 2118 3501 nova

532 3527 590 3572 et
613 3518 781 3587 impia
802 3519 1054 3589 dogmata
1080 3521 1135 3576 in
1161 3523 1436 3581 Ecclesias
1457 3529 1743 3596 invexerit,
1771 3543 2117 3592 sanctorum-

533 3623 643 3676 que
677 3611 1136 3680 evangelistarum
1172 3621 1226 3668 et
1264 3620 1637 3686 apostolorum
1670 3622 1978 3680 doctrinam
2009 3628 2114 3685 Ec-

532 3699 717 3755 clesiis
761 3702 1020 3757 traditam
1061 3715 1294 3763 evertat.
1324 3709 1396 3764 At
1435 3712 1562 3781 quia
1591 3715 1727 3768 nihil
1760 3717 1827 3770 ad
1864 3717 2118 3788 blasphe-

533 3791 768 3846 miarum
813 3809 1038 3850 suarum
1078 3797 1451 3857 defensionem
1496 3805 1693 3861 afferre
1732 3816 1932 3878 potest,
1961 3826 2118 3866 noxae

531 3895 645 3935 suae
678 3883 927 3939 velamen
969 3902 1242 3956 quaerens,
1272 3891 1350 3946 ait
1384 3909 1398 3945 ε
1430 3891 1676 3960 Quatuor
1723 3897 1937 3952 dierum
1981 3901 2119 3955 dila-

532 3972 734 4027 tionem
766 3977 919 4045 petii,
951 3977 1128 4034 donec
1156 3982 1368 4038 veniret
1399 3985 1688 4057 episcopus
1715 3988 2112 4059 Antiochenus,

528 4069 586 4115 et
636 4064 937 4120 noluerunt
987 4069 1324 4137 concedere,
1375 4088 1502 4128 cum
1550 4083 1732 4132 tamen
1778 4090 2117 4136 memoratus

528 4154 913 4212 sanctissimus
957 4160 1250 4232 episcopus
1284 4163 1522 4221 Joannes
1555 4169 1746 4222 venire
1785 4183 2111 4228 recusasset.

526 4244 662 4298 Nam
696 4247 741 4300 si
776 4249 968 4305 adesse
1001 4253 1283 4319 voluisset,
1310 4271 1573 4325 quorsum
1606 4259 1874 4326 pertinuit
1917 4272 1980 4318 ut
2015 4280 2115 4335 per

528 4351 659 4392 suos
714 4341 1006 4411 episcopos
1065 4344 1401 4416 signiﬁcaret
1444 4365 1457 4400 :
1504 4347 1560 4402 Si
1612 4351 1932 4421 tardavero,
1992 4373 2114 4426 qua:

2227 1890 2481 1962 θεσμοῖς,
2529 1892 2624 1946 καὶ
2660 1893 2972 1962 ἀναγνοῦσα
3000 1894 3102 1958 τὰς
3143 1895 3434 1958 ἐπιστολὰς
3463 1895 3627 1949 αὑτοῦ
3653 1936 3668 1962 ,
3711 1895 3815 1949 atad.

2224 1981 2325 2045 τὰς
2353 1981 2680 2054 ἐξηγήσεις,
2725 1986 2821 2038 καὶ
2849 1986 3086 2058 εὑροῦσα
3126 1986 3452 2057 δυσφημιῶν
3495 1987 3666 2048 αὐτὰς
3704 2003 3812 2055 με-

2227 2074 2380 2138 στὰς,
2414 2077 2884 2148 μαρτυρησάντων
2913 2077 2970 2130 δέ
3007 2078 3102 2130 καὶ
3139 2077 3428 2148 ἐπισήμων
3462 2077 3555 2131 καὶ
3586 2077 3815 2136 εὐλαϐεο

2224 2169 2436 2223 στάτων
2467 2169 2781 2223 ἐπισκόπων
2832 2169 3266 2240 μητροπολιτῶν,
3312 2170 3395 2224 ὅτι
3447 2171 3506 2222 ἐν
3535 2169 3674 2241 αὐτῇ
3733 2170 3811 2239 τῇ

2237 2258 2523 2328 Ἐφεσίων,
2552 2259 2646 2313 και
2669 2261 2806 2333 πρὸς
2830 2262 2978 2333 ἡμᾶς
3005 2261 3405 2332 διαλεγόμενος»
3437 2261 3624 2330 σαφῶς
3651 2262 3815 2332 ﬁt”?

2224 2367 2318 2403 κεν
2338 2350 2421 2404 ὄτι
2445 2351 2545 2404 οὐκ
2573 2351 2688 2406 ἐστι
2719 2353 2853 2416 Θεὸς
2885 2355 2914 2405 ὁ
2956 2353 3185 2423 Ἰησοῦς,
3216 2353 3465 2406 καθεῖλεν
3488 2354 3670 2417 αὑτὸν,
3707 2352 3814 2406 καὶ

2223 2439 2440 2495 δικαίαν
2499 2443 2594 2495 καὶ
2675 2442 2902 2513 ἔννομον
2960 2444 3063 2514 τὴν
3119 2444 3299 2516 ψῆφον
3360 2444 3623 2517 ἐξήνεγκε
3678 2444 3812 2499 κατ’

2225 2548 2412 2586 αυτου.

2181 2632 2467 2698 negasset,
2511 2624 2689 2695 ipsum
2733 2625 2990 2697 deposuit
3036 2643 3101 2685 ac
3142 2632 3345 2702 justam
3393 2629 3817 2703 legitimamque

2307 2806 2528 2880 Ἐπειδὴ
2565 2807 2622 2861 δὲ
2659 2803 2728 2880 ἦν
2759 2808 3091 2878 ἀναγκαῖον,
3121 2809 3297 2865 ταῦτα
3330 2810 3475 2867 αὐτὰ
3524 2813 3816 2884 μαθοῦσαν

2221 2897 2322 2968 τήν
2369 2898 2645 2970 ὑμετέραν
2677 2899 3008 2966 θεοσέϐειαν,
3044 2901 3250 2966 διδάξαι
3288 2901 3382 2966 οὒς
3412 2901 3519 2976 χρὴ
3569 2904 3816 2974 μάλιστα

2223 2989 2362 3043 αὐτὰ
2395 2989 2607 3058 μαθεῖν,
2638 2990 2725 3044 ῖνα
2756 2992 2832 3062 μή
2868 2992 3196 3066 συναρπάζῃ
3238 2993 3272 3065 ἢ
3305 2993 3491 3060 αὐτὸς,
3530 2994 3563 3066 ἢ
3603 2997 3653 3049 οε
3705 3014 3812 3051 συ-

2223 3083 2620 3146 σπουδάζοντες
2656 3083 2837 3153 αὐτῷ,
2881 3085 3063 3138 ταῦτα’
3111 3087 3428 3155 ἀναγκαίως
3487 3090 3809 3160 μεμήνυκα.

2225 3173 2466 3246 Ἔχομεν
2491 3177 2547 3229 δὲ
2571 3179 2662 3231 καὶ
2692 3178 2788 3232 τοῦ
2809 3179 3229 3236 θεοσεϐεστάτου
3260 3184 3357 3238 καὶ
3383 3185 3814 3253 θεοφιλεστάτου

2220 3267 2521 3322 ἐπισκόπου
2570 3271 2819 3325 Ἰωάννου
2868 3275 3156 3345 ἐπιστολὴν
3205 3279 3511 3348 γραφεῖσαν
3539 3277 3679 3350 πρὸς
3710 3281 3817 3333 αὐ-

2217 3358 2341 3423 τὸν,
2390 3359 2458 3412 δι’
2489 3354 2557 3430 ἦς
2600 3362 2804 3432 σφόδρα
2849 3363 3001 3435 αὐτῷ
3049 3367 3314 3438 ἐπιτιμᾷ,
3348 3367 3424 3429 ὡς
3455 3368 3651 3432 καινὰ,
3710 3371 3814 3424 καὶ

2217 3451 2388 3522 ἀσεϐῆ
2445 3451 2691 3522 δόγματα
2733 3457 3096 3524 εἰσενεγκόντι
3142 3461 3221 3521 είς
3275 3457 3373 3520 τὰς
3433 3458 3810 3526 Ἐκκλησίας,

2218 3546 2314 3596 καὶ
2346 3544 2678 3614 παραλύοντι
2717 3546 2778 3600 τὸ
2804 3547 3066 3626 κήρυγμα
3095 3549 3158 3602 τὸ
3195 3550 3259 3602 ἐκ
3289 3549 3397 3602 τῶν
3433 3551 3605 3619 ἀγτων
3639 3548 3814 3621 εὖαγ-

2217 3631 2481 3700 γελιστῶν
2518 3633 2536 3672 1
2570 3635 2666 3688 καὶ
2703 3636 3018 3692 ἀποστόλων
3062 3640 3364 3711 παραδοθὲν
3414 3643 3533 3706 ταῖς
3577 3642 3814 3714 Ἐκκλη-

2220 3721 2384 3786 σίαις.
2448 3724 2664 3796 Ἐπειδὴ
2713 3725 2768 3778 δὲ
2810 3727 2960 3782 οὐδὲν
2999 3728 3225 3782 δύναται
3274 3731 3413 3802 πρὸς
3446 3732 3546 3796 τὰς
3595 3733 3810 3788 ἑαυτοῦ

2216 3811 2534 3883 δυσφημίας
2592 3816 2792 3878 εἰπεῖν,
2847 3821 3245 3889 προφασίζεται
3296 3823 3378 3875 ὅτι
3437 3825 3812 3896 Παρεκάλεσα

2217 3903 2429 3974 ἡμέρας
2463 3906 2736 3977 τέσσαρας
2782 3909 3149 3982 ὑπερτεθῆναι
3178 3913 3284 3978 ἕως
3323 3915 3392 3968 ἂν
3419 3916 3812 3987 παραγένηται

2215 3993 2244 4046 ὁ
2273 3994 2373 4064 τῆς
2425 3996 2742 4068 Ἀντιοχέων
2788 4001 3108 4068 ἐπίσκοπος,
3149 4006 3244 4058 καὶ
3288 4005 3389 4059 οὐκ
3431 4005 3763 4062 ἐνδεδώκασι
3789 4048 3810 4076 ,

2216 4085 2394 4138 καίτοι
2424 4087 2518 4142 τοῦ
2547 4090 3015 4161 μνημονευθέντος
3064 4095 3312 4149 Ἰωάννου
3339 4098 3644 4166 ἀγιωτάτου
3674 4099 3810 4153 ἐπι-

2216 4177 2424 4230 σκόπου
2471 4183 2956 4254 παραιτησαμένου
2999 4185 3099 4256 τὴν
3139 4186 3346 4254 ἄφιξιν.
3392 4188 3454 4241 Εί
3494 4187 3603 4259 γὰρ
3634 4187 3809 4260 ήθελε

2215 4270 2507 4338 παρεῖναι,
2536 4270 2624 4324 διὰ
2655 4273 2709 4325 τί
2742 4276 2982 4345 ἐμήνυσε
3013 4276 3103 4329 διὰ
3133 4276 3244 4330 τῶν
3287 4277 3391 4330 ὑπὸ
3435 4281 3594 4348 χεῖρα
3625 4279 3805 4332 αὑτοῦ

2214 4359 2555 4427 ἐπισκόπων,
2579 4363 2660 4416 ὅτι
2685 4365 2809 4417 Ἐὰν
2841 4364 3108 4436 βραδύνω,
3134 4368 3402 4436 πράττετε
3427 4368 3456 4421 ὃ
3483 4370 3759 4440 πράττετε
3786 4389 3803 4440 ;

527 4425 726 4482 facturi
751 4431 906 4497 estis,
939 4432 1134 4489 facite?
1156 4436 1343 4490 Noluit
1373 4437 1544 4505 enim,
1566 4449 1629 4496 ut
1653 4442 1787 4510 dixi,
1817 4425 2106 4516 interesse,

2227 4449 2313 4513 Ὠς
2343 4449 2454 4522 γὰρ
2481 4425 2639 4524 ἔφην,
2661 4456 2762 4508 οὐκ
2782 4425 3014 4527 ἠθέλησε
3037 4425 3313 4529 παρεῖναι,
3348 4425 3636 4524 εἰδὼςξὸτι
3660 4425 3808 4513 πάν·ἰ

529 4517 708 4573 sciens
741 4519 856 4576 fore
898 4530 959 4577 ut
993 4534 1181 4580 sancta
1220 4528 1461 4597 synodus
1489 4530 1850 4602 depositionis
1888 4549 2106 4596 senten-

529 4607 658 4660 tiam
691 4609 747 4663 in
773 4611 1112 4679 Nestorium,
1141 4617 1236 4685 qui
1274 4618 1541 4678 adversus
1571 4626 1817 4680 omnium
1851 4639 2103 4686 nostrum

527 4697 867 4757 Salvatorem
915 4705 1197 4761 Christum
1243 4709 1412 4779 impia
1461 4713 1890 4788 blasphemaque
1934 4723 2104 4777 verba

527 4793 849 4861 protulerat,
874 4798 1099 4853 omnino
1136 4799 1322 4856 ferret.
1359 4802 1630 4868 Quoniam
1669 4825 1823 4876 vero,
1851 4819 1913 4865 ut
1948 4813 2107 4868 intel-

528 4881 658 4944 lexi,
691 4885 987 4943 relationes
1022 4905 1052 4944 a
1089 4893 1634 4961 magnificentissimo
1676 4901 1876 4956 comite
1912 4903 2112 4959 Candi-

525 4971 691 5028 diano
733 4975 926 5033 delatm
968 4989 1126 5044 sunt,
1173 4983 1319 5038 cauti
1367 5001 1432 5039 ac
1473 4988 1759 5057 vigilantes
1800 5001 2005 5059 estote,
2046 5011 2110 5052 ac

525 5063 1182 5131 docete,'commcntarios
1209 5089 1393 5129 rerum
1415 5077 1470 5130 in
1501 5079 1740 5136 Nestorii
1765 5084 2107 5154 depositione

523 5165 801 5227 gestarum
832 5161 1076 5215 nondum
1105 5163 1344 5231 perfecte
1378 5170 1720 5239 conscriptos
1750 5187 1871 5228 esse
1909 5193 1920 5228 :
1959 5177 2104 5232 unde

523 5261 594 5300 ne
638 5246 705 5300 ad
745 5248 1029 5319 religiosos
1075 5251 1299 5321 quidem
1344 5256 1692 5328 victoresque
1743 5263 2103 5334 imperatores

524 5345 742 5391 nostros
779 5339 1122 5406 relationem,
1153 5359 1274 5412 quae
1293 5345 1435 5402 mitti
1467 5348 1650 5417 debet,
1677 5352 1860 5410 adhuc
1880 5359 2101 5416 mittere

525 5426 804 5496 potuimus
830 5444 842 5480 :
869 5436 943 5496 at,
968 5431 1080 5488 Deo
1106 5432 1247 5489 bene
1273 5434 1508 5507 favente,
1534 5456 1640 5497 una
1663 5457 1786 5499 cum
1816 5463 2099 5507 commen-

2211 4558 2322 4605 τως
2367 4544 2401 4614 ή
2435 4544 2564 4613 ἁγία
2610 4545 2828 4610 σύνοδος
2877 4549 3307 4618 καταψηφιεῖται
3351 4551 3648 4622 Νεστορίου
3690 4552 3805 4622 τὴν

2213 4632 2556 4704 καθαίρεσιν,
2590 4636 2665 4699 ὡς
2687 4637 2859 4706 ἀσεϐῆ
2888 4640 2983 4692 καὶ
3010 4640 3272 4712 δύσφημα
3301 4642 3634 4713 λαλήσαντος
3649 4645 3804 4698 κατὰ

2211 4722 2304 4775 τοῦ
2341 4724 2561 4778 πάντων
2599 4728 2758 4796 ἡμῶν
2793 4729 3047 4800 Σωτῆρος
3079 4734 3340 4803 Χριστοῦ.
3391 4736 3544 4788 Ἐπεὶ
3567 4731 3680 4801 οὖν,
3713 4737 3803 4804 ὡς

2211 4814 2436 4885 ἔμαθον,
2473 4816 2846 4887 ἀνηνέχθησαν
2892 4823 3163 4896 ἀναφοραὶ
3209 4827 3362 4898 παρά
3411 4827 3506 4880 τοῦ
3558 4829 3803 4895 μεγαλο-

2213 4909 2593 4976 πρεπεστάτου
2621 4911 2860 4982 κόμητος
2891 4916 3270 4982 Κανδιδιανοῦ,
3289 4921 3496 4990 νήψατε
3517 4921 3802 4975 διδάσκον-

2209 5011 2331 5061 τες,
2363 4997 2444 5050 ὅτι
2483 4997 2636 5052 οῦπω
2668 5000 2737 5053 τὰ
2763 5003 3132 5075 ὑπομνήματα
3153 5047 3167 5072 ,
3196 5008 3267 5062 τὰ
3295 5011 3663 5082 πεπραγμένα
3693 5013 3798 5067 ἐπὶ

2208 5089 2274 5156 τῇ
2309 5087 2626 5159 καθαιρέσει
2655 5093 2819 5149 αὑτοῦ
2843 5136 2858 5160 ,
2896 5097 3290 5169 ἐτελειώθησαν
3326 5103 3384 5154 ἐν
3413 5103 3638 5173 χάρταις
3663 5119 3677 5132 ·
3707 5103 3798 5156 διὸ

2207 5177 2308 5232 ούκ
2349 5179 2715 5253 ἠδυνήθημεν,
2766 5183 2892 5238 οὔτε
2941 5187 3038 5259 τὴν
3075 5191 3354 5262 ἀναφορὰν
3406 5193 3654 5264 πέμψαι,
3685 5194 3797 5264 τὴν

2210 5269 2528 5339 ὀφείλουσαν
2559 5277 2873 5347 πεμφθῆναι
2900 5280 3036 5351 πρὸς
3064 5284 3189 5345 τοὺς
3213 5285 3454 5349 εὐσεϐεῖς
3505 5287 3598 5340 καὶ
3634 5302 3798 5358 νικη-

2207 5363 2306 5426 τὰς
2330 5365 2488 5434 ἡμῶν
2519 5366 2758 5439 βασιλεῖς
2783 5384 2796 5397 ·
2832 5371 2929 5424 σὺν
2955 5374 3072 5444 Θεῷ
3098 5374 3154 5427 δέ
3180 5377 3376 5443 εἰπεῖν,
3411 5378 3796 5449 καταλήψεται

2207 5456 2241 5527 ή
2287 5457 2540 5529 ἀναφορὰ
2565 5459 2705 5530 μετὰ
2749 5461 2856 5516 τῶν
2887 5463 3314 5539 ὑπομνημάτων,
3351 5469 3418 5524 ἂν
3463 5471 3603 5534 τέως
3647 5471 3794 5540 ἡμῖν

1614 5608 1788 5666 Varia
1809 5612 2072 5674 lectiones
2095 5619 2300 5678 codicis
2322 5621 2682 5694 Seguieriani.

570 5695 587 5747 ἱ
633 5698 950 5764 κωλύονται.
1025 5710 1051 5749 k
1093 5711 1270 5769 αὐτόν.
1357 5715 1376 5755 1
1413 5719 1698 5790 Πατέρων.
