4058 6440
508 366 611 429 139

1466 360 1523 415 5.
1562 358 1839 415 CYRILLI
1879 357 2352 415 ALEXANDRINI
2383 357 2705 414 ARCHIEP.

3677 363 3774 417 HO

508 487 562 542 id
588 500 690 541 usu
714 479 904 540 venire
934 478 1239 543 videamus,
1283 490 1408 533 cum
1447 477 1617 532 etiam
1636 477 1888 549 vulgaria
1916 487 1975 533 et
2005 479 2091 532 in-

2198 477 2287 531 ὅτε
2314 477 2410 530 καὶ
2438 477 2506 530 τά
2536 475 2714 541 κοινὰ,
2747 474 2840 530 καὶ
2865 476 2934 530 τὰ
2968 475 3231 541 κάτωθεν,
3258 476 3355 532 καὶ
3380 478 3654 551 μερίμνης
3683 483 3776 551 γέ-

505 576 706 631 feriora
732 588 841 627 non
866 570 986 627 sine
1009 569 1196 624 labore
1221 568 1483 638 cuipiam,
1524 584 1630 624 nee
1648 569 1789 624 citra
1814 568 2095 624 molestias

502 677 560 724 et
580 680 743 723 curas
765 664 1050 735 obtingere
1080 660 1806 731 deprelrendantur.Verum
1833 661 1978 716 inter
1994 660 2097 715 hos

502 759 716 814 labores
744 756 932 811 dicere
963 754 1291 810 didicimus:
1324 772 1341 803 ι
1366 752 1613 808 Viriliter
1643 770 1763 825 age,
1785 762 1843 809 et
1873 752 2094 808 confor-

503 859 653 904 tetur
703 862 800 903 cor
849 854 1041 911 tuum,
1091 853 1148 900 et
1198 843 1408 899 sustine
1449 844 1876 899 Dominum".i
1930 843 2096 899 Certo

502 955 741 1010 namque
774 952 1098 1009 persuasum
1141 936 1410 991 habemus
1445 944 1679 991 conatus
1720 935 1788 991 ad
1830 935 2094 990 virtutem

502 1036 818 1100 spectantes
866 1027 1163 1098 gloriosum
1215 1026 1455 1082 fructum
1510 1027 1844 1091 sortituros,
1882 1040 2095 1096 nosque

503 1122 769 1193 spiritalis
803 1118 1144 1175 fortitudinis
1168 1134 1392 1183 munus,
1427 1119 1742 1175 mercedem
1778 1135 1901 1191 quae
1930 1135 1961 1175 a
1982 1120 2095 1175 Deo

504 1214 788 1279 redditur,
821 1222 1157 1285 reperturos.
1217 1211 1455 1267 Proinde
1487 1212 1918 1282 impurissimam
1946 1212 2096 1267 illam

506 1307 783 1373 haeresim,
804 1321 926 1377 quae
941 1314 1130 1361 contra
1149 1313 1323 1360 totum
1347 1311 1624 1360 terrarum
1641 1304 1835 1360 orbem
1848 1320 1969 1361 sese
1982 1308 2095 1376 jam

503 1400 769 1455 extollere
799 1406 1129 1462 tentaverat,
1165 1411 1454 1467 cornuque
1483 1396 1539 1451 in
1566 1397 1737 1453 altum
1761 1405 1951 1453 erecto
1985 1396 2094 1452 ini-

503 1488 772 1560 quitatem
790 1494 981 1542 contra
993 1486 1169 1542 Deum
1187 1484 1720 1556 loquebatur“,ipse
1743 1483 2094 1541 Deusdemo-

503 1581 636 1636 litus
665 1588 831 1645 est,et
853 1579 1009 1635 velut
1032 1578 1305 1634 ﬂammam
1324 1579 1641 1649 quampiam
1662 1584 1813 1633 recta
1833 1576 2095 1660 Ecclesiae

504 1673 761 1745 dogmata
789 1672 1086 1743 depascere
1133 1671 1436 1738 volentem,
1465 1669 1814 1742 unigenitum
1833 1668 1931 1724 Dei
1954 1668 2091 1723 Ver-

2201 587 2314 642 μει,
2346 570 2442 624 καὶ
2465 568 2555 623 διὰ
2587 568 2766 622 πόνων
2793 568 3036 639 ἔρχεται.
3074 568 3236 623 Ἀλλά
3273 571 3369 623 καὶ
3399 571 3458 624 ὲν
3490 571 3567 642 τῷ
3595 574 3776 626 πονεῖν

2195 661 2557 733 δεδιδάγμεθα
2588 660 2770 730 λέγειν
2791 678 2807 694 ο
2837 680 2857 713 ι
2912 662 3189 733 Ἀνδρίζου
3208 702 3224 725 ,
3269 664 3367 717 καὶ
3401 666 3779 736 κραταιούσθω

2196 755 2232 826 ἡ
2263 753 2459 825 καρδία
2485 770 2601 819 σου,
2623 754 2719 807 καὶ
2744 753 3040 825 ὑπόμεινον
3069 754 3161 808 τὸν
3184 756 3410 827 Κύριον.
3448 775 3467 809 ›
3501 756 3780 831 Τεθαρσή-

2195 861 2374 916 καμεν
2399 843 2532 917 γάρ,
2555 844 2638 898 ὅτι
2659 845 2872 917 καρπὸς
2890 844 3118 917 εὐκλεὴς
3145 849 3257 912 τοῖς
3275 848 3356 911 είς
3377 847 3579 920 ἀρετὴν
3612 859 3779 902 σπου-

2195 936 2466 1007 δάσμασιν
2509 935 2737 1001 ἕπεται,
2766 936 2865 990 καὶ
2900 938 3282 1009 πνευματικῆς
3311 938 3566 1009 ἀνδρείας
3602 939 3781 1008 ξένιον

2198 1029 2504 1100 εὑρήσομεν
2544 1027 2637 1082 τὸν
2678 1027 2832 1101 παρά
2868 1027 3005 1083 Θεοῦ
3059 1028 3273 1099 μισθόν.
3325 1030 3552 1100 Αἴρεσιν
3597 1031 3782 1087 τοίνυν

2201 1119 2578 1191 μιαρωτάτην,
2623 1120 3057 1192 ὲπιχειρήσασαν
3086 1120 3188 1192 ἤδη
3222 1121 3367 1176 κατά
3406 1123 3589 1193 πάσης
3626 1125 3782 1196 αἵρε-

2200 1216 2324 1269 σθαι
2353 1214 2455 1285 τῆς
2481 1214 2572 1268 ὑπ’
2606 1212 2835 1285 οὐρανὸν
2867 1211 2965 1266 καὶ
2995 1212 3359 1284 ἀνυψώσασαν
3391 1220 3416 1248 ο
3446 1215 3527 1278 είς
3551 1214 3685 1285 ὕψος
3719 1215 3783 1269 τὸ

2197 1307 2388 1379 κέρας,
2415 1305 2511 1360 καὶ
2554 1304 2825 1360 λαλοῦσαν
2852 1304 3068 1359 ἀδικίαν
3105 1303 3249 1359 κατά
3280 1304 3376 1358 τοῦ
3405 1304 3565 1371 Θεοῦ,
3604 1307 3784 1361 καθεῖ-

2196 1401 2290 1455 λεν
2337 1400 2505 1463 αύτὸς
2526 1440 2542 1466 ,
2584 1400 2682 1455 καὶ
2716 1394 2916 1471 οἷάπερ
2946 1399 3140 1470 φλόγα,
3174 1404 3569 1475 κατεμπρῆσαι
3598 1403 3787 1458 θέλου-

2199 1510 2298 1548 σαν
2325 1495 2393 1548 τὰ
2408 1493 2544 1565 ὁρθά
2577 1494 2677 1566 τῆς
2726 1494 3052 1565 Ἐκκλησίας
3077 1493 3324 1566 δόγματα
3353 1537 3365 1559 ,
3401 1495 3729 1551 κατέσϐεσεν
3758 1498 3788 1551 ὁ

2200 1586 2498 1657 μονογενὴς
2519 1585 2614 1640 τοῦ
2647 1585 2784 1640 Θεοῦ
2818 1587 3013 1656 Λόγος,
3047 1586 3139 1641 τὸν
3162 1586 3366 1657 ταύτης
3400 1589 3634 1660 εὑρετὴν
3689 1589 3787 1643 καὶ

2198 1677 2415 1749 πατέρα
2476 1679 2841 1750 καταργήσας
2870 1696 2930 1732 τε
2968 1678 3128 1750 ὁμοῦ,
3155 1679 3248 1733 καὶ
3275 1679 3490 1745 παύσας
3514 1680 3611 1752 τῆς
3636 1683 3791 1755 ἱερω-

486 1766 637 1821 bum
664 1765 962 1832 exstinxit;
988 1765 1168 1836 ipsum
1191 1764 1342 1820 illius
1363 1766 1709 1821 inventorem
1730 1770 1787 1819 et
1809 1770 2091 1817 auctorem

2197 1765 2385 1838 σύνης,
2404 1766 2572 1840 ψήφῳ
2595 1769 2697 1839 τῆς
2726 1767 2891 1838 ἁγίας
2916 1768 3134 1823 συνόδου
3162 1785 3176 1798 ⁸
3204 1768 3345 1823 ὥστε
3376 1771 3470 1823 καὶ
3492 1770 3789 1843 χαίροντας

502 1864 839 1927 prostratum
856 1866 1311 1935 enervatquue,
1329 1872 1427 1928 per
1442 1864 1647 1913 sancta:
1658 1854 1852 1928 synodi
1867 1861 2091 1910 senten-

2199 1836 2347 1932 ἡμᾶς
2615 1836 2663 1913 «-
2689 1836 3022 1933 Ἐμεγάλυνε
3052 1859 3257 1932 Κύριος
3285 1861 3380 1915 τοῦ
3413 1836 3635 1949 ποιησαι
3662 1864 3790 1935 μεθ’

503 1948 635 2004 tiam
663 1964 694 2004 a
721 1948 1032 2005 sacerdotio
1065 1963 1358 2005 semovens
1381 1966 1394 2003 :
1419 1949 1605 2019 itaque
1628 1947 1737 2003 laeti
1766 1947 1879 2019 jam
1904 1944 2091 2001 dicere

502 2055 831 2108 possumus:
863 2058 880 2089 ι
907 2037 1275 2111 Magniﬁcavit
1294 2038 1559 2094 Dominus
1581 2036 1760 2092 facere
1778 2034 2089 2099 nobiscum,

502 2130 630 2185 facti
655 2147 848 2187 sumus
878 2131 1128 2187 [astantes
1144 2133 1212 2184 θ’.
1237 2149 1255 2183 ι
1285 2129 1574 2186 Gaudeant
1592 2129 1742 2185 enim
1767 2125 1964 2182 merito
1989 2125 2091 2181 do-

502 2230 688 2277 ctores
723 2238 799 2277 .ac
830 2223 1045 2294 ,pqpuli
1086 2222 1277 2288 duces,
1311 2223 1475 2278 ﬁdem
1502 2230 1708 2278 rectam
1742 2235 1863 2277 esse
1887 2218 2092 2275 conﬁr-

504 2322 705 2368 matam
732 2354 748 2379 ,
803 2322 861 2370 et
902 2315 1109 2386 ubique
1156 2314 1422 2371 celebrari
1469 2313 1717 2368 omnium
1752 2311 2091 2367 Salvatorem

500 2412 557 2459 ct
606 2404 778 2459 Deum
798 2444 814 2469 ,
865 2404 1190 2478 Satana’jam
1218 2420 1559 2476 compresso,
1587 2420 1650 2460 ac
1673 2402 1947 2459 scandalis
1970 2416 2094 2472 quae

501 2494 879 2551 concitaverat
923 2497 1179 2563 sublatis,
1221 2497 1583 2567 veritatisque
1614 2495 1962 2567 dogmatibus
1999 2492 2096 2547 ad-

502 2602 697 2643 versus
736 2588 1090 2667 mendacium
1127 2589 1359 2645 victoria
1387 2588 1600 2660 potitis,
1639 2588 1713 2643 ita
1739 2594 1801 2641 ut
1827 2588 1938 2658 jam
1970 2600 2092 2640 om-

503 2692 603 2732 nes
640 2692 751 2731 uno
777 2694 873 2733 ore
902 2686 959 2733 et
982 2696 1087 2734 una
1108 2694 1242 2734 voce
1263 2679 1549 2736 dicamus:
1583 2700 1601 2731 ι
1624 2680 1780 2737 Unus
1802 2679 2090 2745 Dominus,

506 2784 616 2824 una
657 2768 823 2834 ﬁdes,
880 2786 1049 2825 unum
1101 2771 1484 2841 baptisma9’n
1523 2770 1651 2827 Haac
1672 2769 1894 2841 quidem
1928 2769 2095 2824 etiam

505 2876 653 2915 nunc
692 2861 1103 2932 tauquam‘ﬁliis
1130 2863 1436 2933 perscribo,
1471 2862 1817 2919 admirabilia
1850 2861 2096 2917 Salvato-

506 2955 579 3011 ris
622 2956 796 3011 nostri
837 2972 1004 3028 opera
1033 2973 1346 3024 recensens,
1378 2968 1438 3014 ut
1463 2957 1794 3031 prolixiores
1825 2955 1892 3011 ad
1919 2957 2093 3013 Deum

504 3063 699 3117 preces
744 3048 1020 3108 fundatis.
1077 3068 1188 3121 quo
1241 3051 1337 3107 illo
1379 3051 1601 3108 tandem
1649 3049 1949 3123 aSpirante,
2001 3050 2091 3104 in-

2198 1950 2394 2022 ήμῶν,
2432 1951 2778 2024 ἐγενήθημεν
2816 1954 3254 2025 εὐφραινόμενοι.
3313 1974 3332 2006 ι
3374 1954 3622 2025 Εὐθυμία
3673 1956 3790 2027 γὰρ

2199 2042 2296 2096 καὶ
2326 2042 2695 2109 διδασκάλοις,
2723 2045 2820 2099 καὶ
2853 2048 2968 2110 τοῖς
3022 2044 3168 2101 λαῶν
3209 2047 3550 2119 ἡγουμένοις,
3595 2047 3656 2101 τὺ
3684 2049 3790 2120 τὴν

2197 2132 2365 2205 ὀρθὴν
2398 2132 2763 2204 κρατύνεσθαι
2791 2133 2995 2202 πίστιν,
3028 2134 3122 2189 καὶ
3155 2135 3475 2201 δοξάζεσθαι
3502 2135 3789 2207 πανταχοῦ

2198 2224 2290 2278 τὸν
2313 2226 2425 2280 τῶν
2451 2224 2588 2279 ὅλων
2616 2225 2845 2298 Σωτῆρα
2889 2226 2985 2281 καὶ
3023 2227 3177 2293 Θεὸν,
3206 2226 3651 2299 καταργουμένου
3684 2226 3789 2280 τοῦ

2199 2318 2436 2381 Σατανᾶ,
2462 2318 2557 2372 καὶ
2580 2317 2944 2390 ἀνῃρημένων
2964 2317 3070 2373 τῶν
3095 2319 3226 2391 παρ’
3256 2319 3422 2373 αὐτοῦ
3446 2319 3788 2384 σκανδάλων,

2198 2409 2430 2463 καὶτῶν
2475 2409 2575 2480 τῆς
2619 2408 2879 2480 ἀληθείας
2910 2409 3200 2481 δογμάτων
3241 2410 3644 2482 κατισχυόντων
3683 2410 3792 2464 τοῦ

2198 2499 2456 2571 ψεύδουςο
2489 2500 2575 2554 ἵνα
2605 2501 2809 2566 πάντες
2849 2501 2911 2567 ἐξ
2951 2511 2979 2551 P
3019 2502 3138 2566 ἑνὸς
3174 2503 3441 2573 στόματος
3484 2500 3795 2573 ὁμοφώνως

2199 2590 2449 2663 λέγωμεν
2470 2607 2483 2621 ·
2520 2610 2538 2643 ι
2577 2585 2675 2657 Εἷς
2694 2593 2923 2665 Κύριος,
2950 2595 3052 2664 μία
3081 2594 3286 2658 πίστις,
3321 2593 3380 2648 ἓν
3412 2593 3715 2665 βάπτισμα.
3762 2612 3789 2645 1

2201 2684 2388 2738 Ταῦτα
2420 2685 2517 2739 καὶ
2542 2683 2637 2738 νῦν
2658 2684 2734 2750 ὡς
2765 2686 2978 2749 τέκνοις
3006 2686 3236 2757 γράφω,
3270 2686 3340 2740 τὰ
3374 2685 3655 2756 παράδοξα
3686 2685 3795 2739 τοῦ

2202 2775 2453 2849 Σωτῆρος
2483 2776 2844 2848 διηγούμενος
2863 2793 2876 2807 ⁸
2911 2777 2999 2832 ἵνα
3031 2778 3420 2849 ὲκτενεστέρας
3452 2778 3646 2847 ποιῆτε
3681 2775 3797 2841 τὰς

2201 2869 2514 2940 προσευχάς
2538 2886 2552 2901 ο
2576 2868 2717 2923 ὥστε
2744 2870 2961 2941 ἰσχῦσαι
2993 2869 3130 2942 μετά
3149 2869 3250 2941 τῆς
3276 2869 3370 2922 τοῦ
3395 2868 3532 2924 Θεοῦ
3565 2867 3792 2940 βουλῆς,

2200 2959 2492 3032 χαίροντας
2537 2960 2823 3033 χαίρουσιν
2867 2960 3194 3032 ἀποδοθῆναι
3243 2960 3361 3031 μετ’
3394 2959 3699 3032 εὐρωστίας
3736 2970 3789 3014 σι.

2213 3049 2514 3122 Ἐῥρὦθαι
2543 3053 2688 3124 ὑμᾶς
2713 3054 2770 3106 ὲν
2799 3052 2989 3125 Κυρίῳ
3022 3050 3274 3122 εὔχομαι.

505 3140 751 3198 columcs
795 3143 1210 3217 gaudentcsque
1263 3146 1423 3203 vobis
1464 3147 1836 3221 gaudentibus
1885 3142 2110 3204 restitui
2144 3147 2440 3217 possimus.
2486 3150 2682 3207 Valere
2729 3164 2828 3204 vos
2872 3148 2924 3204 in
2970 3148 3205 3204 Domino
3257 3156 3477 3220 exopto.

1624 3435 1740 3506 39
1770 3436 2109 3495 EPISTOLA
2146 3439 2317 3498 xxvr
2363 3439 2457 3511 (οι.
2499 3438 2713 3512 xxrv).

1536 3590 1601 3629 ΑΒ
1629 3592 1829 3635 εινηεδο
1857 3595 1921 3635 AD
1957 3596 2160 3637 PATRES
2184 3595 2537 3638 NONACHORU!
2567 3594 2806 3637 SCRIP’IA.

1824 3720 2083 3792 Ejusdem
2107 3723 2431 3793 argumenti.

567 3849 1021 3921 Religiosissimis
1058 3847 1436 3919 piissimisque
1482 3852 1879 3911 monachorum
1910 3856 2091 3912 Patri-

2266 3856 2713 3930 Κύριλλος,ιτοῖς
2748 3855 3167 3923 εὐλαϐεστάτοις
3199 3855 3293 3911 καὶ
3335 3855 3794 3926 θεοσεσεστάτοις

498 3943 625 4007 bus,
644 3941 972 4012 ueterisque
989 3941 1085 4011 qui
1109 3940 1468 3997 monasticam
1489 3943 1653 3999 vitam
1675 3961 1785 4001 una
1800 3948 2088 4004 vobiscum

497 4038 760 4087 exercent
775 4039 835 4087 et
860 4031 915 4086 in
934 4030 1040 4085 ﬁde
1061 4028 1158 4083 Dei
1177 4036 1494 4088 constanter
1516 4043 1896 4104 perseverant,
1919 4028 2090 4090 dilecé

502 4125 571 4179 tis
587 4139 650 4179 ac
678 4121 1188 4186 desideratissimis,
1207 4120 1465 4193 Cyrillus.
1489 4126 1547 4181 in
1569 4127 1804 4184 Domino
1830 4128 2084 4182 salutem.

568 4216 838 4270 Dominus
864 4221 1056 4269 noster
1075 4214 1238 4270 Jcsus
1262 4215 1536 4284 Christus,
1564 4234 1594 4274 a
1620 4219 1871 4274 scelestis
1886 4219 2090 4275 Iudaeis

497 4306 854 4364 contumeliis
898 4305 1152 4373 aﬁ‘ectus,
1188 4306 1406 4377 illusus,
1457 4310 1709 4380 colaphis
1751 4325 1818 4365 ac
1858 4309 2090 4382 ﬂagellis

497 4413 694 4463 caesus,
746 4413 813 4453 ac
836 4407 1118 4470 postremo
1147 4409 1374 4472 propter
1399 4418 1501 4458 nos
1530 4409 1588 4457 et
1613 4416 1715 4471 pro
1740 4402 1904 4458 nobis
1930 4403 2087 4459 cruei

495 4489 710 4555 afﬁxus,
742 4506 870 4545 cum
897 4506 1090 4546 omnes
1111 4493 1167 4548 in
1194 4494 1375 4566 ipsum
1414 4496 1803 4565 delinquentes
1833 4504 1891 4553 et
1918 4497 2087 4570 impia

494 4579 792 4634 adversum
842 4595 903 4635 se
950 4582 1130 4652 capita
1174 4595 1458 4641 moventes
1505 4593 1787 4652 cerneret,
1834 4585 2020 4642 aiebat
2069 4605 2083 4642 ι

504 4692 523 4719 ι
544 4671 614 4727 Et
639 4672 878 4727 sustinui
923 4673 1018 4745 qui
1049 4675 1212 4731 simul
1234 4678 1687 4742 contristaretur,
1719 4684 1775 4731 et
1805 4692 1916 4732 non
1945 4678 2084 4746 fuit;

494 4773 553 4819 et
629 4766 1015 4834 consolantes,
1091 4777 1150 4824 et
1218 4784 1330 4823 non
1398 4767 1737 4823 inveni“.i
1801 4769 2086 4840 Ejusmodi

495 4856 783 4928 quidpiam
833 4874 984 4915 nunc
1034 4875 1256 4932 quoque
1309 4859 1580 4914 accidisse
1631 4859 1905 4916 videmus.
1971 4860 2087 4915 Imo

494 4964 650 5016 vero,
699 4965 770 5006 ne
817 4952 1036 5009 sincere
1077 4950 1322 5006 ﬁdelium
1359 4949 1539 5005 zelum
1592 4949 1797 5021 injuria
1830 4949 2083 5015 alliciam,

493 5040 765 5112 plurimos
803 5042 1018 5109 habuit,
1053 5042 1147 5114 qui
1175 5049 1403 5114 propter
1438 5041 1679 5097 Nestorii
1712 5040 2087 5112 hlasphemias

2196 3949 2446 4018 Πατράσι
2475 3950 2727 4019 μοναχοϊς
2746 3945 2879 4019 [τῶν
2915 3946 3212 4020 μοναχῶνῙ,
3250 3949 3345 4003 καὶ
3373 3952 3486 4013 τοῖς
3522 3946 3618 4003 σὺν
3650 3951 3793 4022 ὑμῖν

2194 4040 2285 4092 τὸν
2308 4039 2517 4111 μονήρη
2542 4039 2655 4111 βίον
2688 4038 2939 4103 ἀσκοῦσι,
2965 4041 3059 4094 καὶ
3090 4041 3149 4096 ὲν
3178 4042 3356 4096 πίστει
3385 4042 3521 4096 Θεοῦ
3552 4043 3791 4114 ἱδρυμέέ

2192 4149 2324 4195 νοις,
2347 4131 2653 4206 ἀγαπητοῖς
2678 4133 2771 4186 καὶ
2787 4131 3210 4200 ποθεινοτάτοις,
3233 4135 3292 4188 έν
3317 4135 3510 4207 Κυρίῳ
3540 4135 3788 4208 χαίρειν.

2272 4223 2334 4278 '0
2367 4223 2575 4296 Κύριος
2610 4223 2770 4295 ἡμῶν
2810 4223 3019 4297 Ἰησοῦς
3049 4226 3321 4298 Χριστὸς,
3352 4226 3440 4280 ὅτε
3490 4227 3591 4291 τὰς
3626 4229 3791 4297 παρά

2190 4315 2300 4369 τῶν
2349 4315 2582 4369 ἀνοσίων
2624 4315 2895 4369 Ἰουδαίων
2940 4315 3205 4384 ὑπέμεινε
3251 4315 3576 4388 παροινίας,
3607 4315 3787 4370 λοιδο‹
3836 4376 3851 4385 ,

2192 4408 2457 4482 ρούμενος
2485 4409 2579 4464 καὶ
2612 4407 2979 4482 ῥαπιζόμενος
3030 4410 3124 4463 καὶ
3152 4409 3570 4481 μαστιζόμενος,
3594 4408 3689 4463 καὶ
3716 4410 3789 4463 τὸ

2188 4502 2502 4555 τελευταῖον
2528 4540 2543 4565 ,
2589 4500 2669 4572 τῷ
2703 4499 2772 4554 δι’
2815 4501 2964 4572 ἡμᾶς
3016 4500 3113 4555 καὶ
3155 4500 3299 4572 ὑπὲρ
3346 4499 3506 4571 ήμῶν
3557 4501 3789 4572 σταυρῷ

2191 4592 2636 4665 προσηλούμενος
2660 4594 2676 4656 ',
2703 4591 2845 4664 ὁρῶν
2871 4591 3120 4657 ἅπαντας
3157 4594 3285 4657 τοὺς
3315 4588 3788 4663 πλημμελοῦντας

2189 4688 2269 4749 είς
2292 4686 2475 4749 αὐτὸν,
2513 4684 2729 4746 καὶτὰς
2753 4683 3004 4748 ἀνοσίους
3044 4685 3131 4739 ἐπ’
3163 4683 3314 4757 αὐτῷ
3349 4685 3595 4748 σείοντας
3626 4691 3650 4720 ι’
3680 4698 3788 4735 κε-

2190 4775 2388 4844 φαλὰς,
2409 4775 2621 4844 ἔφασκε
2641 4790 2653 4803 ·
2694 4793 2714 4824 ι
2747 4774 2856 4827 Καὶ
2889 4775 3160 4847 ὑπέμεινα
3188 4776 3649 4848 συλλυπούμενον,
3681 4776 3790 4829 καὶ

2187 4869 2287 4937 οὐχ
2326 4865 2574 4936 ὑπῆρξε,
2618 4860 2712 4920 καὶ
2740 4869 3194 4939 παρακαλοῦντας
3215 4910 3230 4934 ,
3262 4871 3358 4924 καὶ
3393 4871 3492 4941 οὐχ
3529 4861 3708 4940 εὗρον.
3756 4886 3781 4919 ι

2190 4955 2445 5010 Τοιοῦτόν
2469 4974 2522 5009 τι
2549 4958 2643 5011 καὶ
2665 4957 2761 5011 νῦν
2782 4961 3152 5033 γεγενημένον
3179 4961 3416 5033 ὁρῶμεν.
3448 4961 3666 5015 Μᾶλλον
3692 4959 3784 5024 δὲ,

2189 5049 2276 5101 ἵνα
2298 5047 2376 5120 μὴ
2391 5047 2493 5100 στὸν
2513 5046 2622 5102 τῶν
2652 5050 2858 5103 πιστῶν
2875 5051 2969 5105 καὶ
2997 5051 3235 5122 γνησίων
3252 5051 3460 5123 ύϐρίζω
3480 5050 3662 5122 ζῆλον,
3683 5052 3787 5108 ἐπὶ

492 5133 657 5189 simul
698 5136 1008 5191 contristati
1040 5134 1288 5199 fuerunt,
1342 5149 1657 5204 quanquam
1689 5148 1802 5188 non
1834 5134 2082 5189 omnium

2195 5142 2306 5203 ταῖς
2334 5139 2670 5210 δυσφημίαις
2696 5140 2987 5213 Νεστορίου
3031 5142 3265 5208 πολλοὺς
3301 5144 3431 5214 ἔσχε
3462 5142 3783 5196 συλλυπου-

492 5224 586 5282 hic
618 5242 815 5301 sensus
841 5228 969 5285 fuit.
1010 5227 1169 5293 Nam,
1194 5225 1341 5281 inter
1383 5240 1482 5282 eos
1508 5241 1730 5299 quoque
1763 5225 1859 5298 qui
1897 5242 2082 5284 sacer-

2195 5229 2412 5301 μένους.
2453 5230 2502 5281 εί
2537 5229 2632 5283 καὶ
2664 5230 2935 5302 ἠθέτησαν
2971 5248 3117 5297 τινες
3152 5233 3314 5287 αὑτὸν
3341 5234 3451 5287 τῶν
3481 5248 3779 5300 συντεταγ-

491 5317 645 5375 (lotio
665 5319 994 5393 funguntur,
1021 5316 1293 5388 comperti
1309 5326 1439 5374 sunt
1452 5318 1726 5383 nonnulli,
1747 5317 1842 5389 qui
1856 5333 2079 5373 causam

2195 5320 2361 5392 μένων
2389 5322 2468 5385 εἰς
2513 5321 2836 5392 ἱερωσύνην,
2872 5324 3318 5396 συμπράττοντες
3348 5324 3428 5395 τῷ
3466 5322 3731 5397 αἱρετικῷ
3761 5363 3780 5385 ,

492 5410 666 5482 ipsius
716 5413 1064 5475 desererent,
1119 5416 1311 5479 utpote
1360 5426 1487 5467 cum
1534 5409 1761 5467 homine
1818 5409 2081 5466 haeretico

2195 5413 2275 5467 ιαὶ
2303 5415 2415 5477 τοῖς
2438 5412 2589 5497 αὐτῷ
2620 5413 2953 5485 πολεμοῦσιν
2976 5416 3420 5489 ἀντιταττόμενοι
3436 5435 3448 5447 ·
3470 5415 3607 5471 ἀλλᾶ
3638 5428 3780 5468 κατ-

560 5568 610 5601 ⁹⁹
665 5564 811 5625 Psal.
856 5578 1018 5629 xxvr,
1060 5566 1147 5620 14.
1224 5565 1270 5600 ’⁸
1316 5568 1461 5625 Psal.
1499 5584 1678 5635 Lxxrv,
1717 5568 1770 5625 6.
1844 5567 1894 5602 “
1924 5569 2068 5625 Psal.

2195 5587 2269 5634 ιν.
2323 5575 2377 5630 5.
2454 5574 2502 5608 ³⁸
2533 5576 2739 5647 Ephes.
2769 5594 2843 5645 ιν,
2878 5577 2930 5635 5.
3006 5578 3054 5613 ’°
3084 5578 3230 5635 Psal.
3269 5591 3455 5644 uvm,
3478 5576 3572 5632 21.

1588 5711 1764 5768 Variae
1788 5712 2056 5769 lectiones
2085 5715 2293 5772 codicis
2323 5717 2664 5789 Seguicriani
2697 5767 2712 5783 .

562 5832 577 5844 ι
610 5819 923 5892 ἀνυψῶσαν.

1014 5833 1043 5874 Ρ
1068 5824 1143 5888 ὡς
1167 5825 1244 5894 ἐξ.
1321 5841 1349 5881 q
1380 5833 1498 5903 μετ’
1528 5832 1898 5905 εὐχαριστίας.
1984 5843 2006 5871 ι’
2036 5833 2337 5899 κινοῦντας.
