4058 6466
295 405 396 464 1-ἰί

1683 401 2021 459 EPISTULA
2064 401 2275 457 XXVII.

3486 404 3590 463 1όὲ

284 519 535 594 mea;
556 515 809 589 Χριστὸς
850 513 954 580 τας
998 517 1213 571 τούτων
1247 515 1606 580 ἀπαιδευσίας
1633 556 1649 579 ,
1701 517 1893 588 μᾶλλον

2006 519 2424 588 conspirantes,
2491 515 2670 585 iisque
2721 514 2816 585 qui
2878 514 3036 601 illum
3081 513 3405 587 impugnant
3468 531 3591 576 sese

285 617 338 671 δὲ
365 614 475 686 ἤδη
529 611 633 666 καὶ
664 611 1017 682 κατήμγηκε.
1057 610 1344 664 Πέπαυται
1389 608 1499 681 γὰρ
1533 609 1594 663 τὸ
1616 608 1903 680 δύσφημον

286 702 486 774 στόμα,
509 700 643 773 {xci
674 700 974 771 σεσίγηκεν
1002 702 1037 771 ἡ
1072 700 1395 771 μιαρωτάτη
1423 700 1641 769 γλῶττα
1669 739 1684 764 ,
1717 700 1903 754 οὐκέτι

282 796 377 858 τὰς
402 795 565 848 κατὰ
604 791 854 866 Χριστοῦ
886 793 1247 864 προφέρουσα
1286 793 1641 864 βλασφημίας
1669 795 1728 846 ὲν
1751 793 1904 858 ἐξου-

282 887 376 957 σίᾳ
402 886 789 959 διδασκαλικῇ
819 903 881 941 τε
911 887 1009 941 καὶ
1034 889 1425 958 ἀρχιερατικῇ.
1456 887 1567 940 Καὶ
1595 886 1647 940 οί
1678 885 1778 957 τὴν
1808 903 1900 957 φι-

278 979 399 1032 λίαν
430 978 619 1033 αὐτοῦ
647 978 1077 1051 δυσωπηθέντες
1104 977 1328 1050 μᾶλλον,
1353 978 1451 1032 καὶ
1473 979 1595 1050 οὐχὶ
1636 979 1736 1050 τῆς
1762 979 1901 1052 πρὸς

279 1071 527 1141 Χριστὸν
568 1070 803 1142 ἀγάπης
841 1066 1302 1142 πεφροντικότες,
1340 1071 1566 1141 ἀτιμίας
1601 1070 1785 1142 ἔχουσι
1830 1069 1902 1125 τά

279 1163 567 1233 πρόσωπα
595 1162 817 1233 μεστά*
846 1160 1012 1217 τοῦτο
1040 1161 1154 1235 γὰρ
1184 1162 1369 1227 αὐτοῖς
1415 1163 1700 1233 ὠφείλετο.
1758 1163 1899 1217 Ἀλλ’

280 1254 330 1306 εἰ
364 1254 471 1306 καὶ
508 1254 809 1325 νενίκηται
838 1253 1028 1308 λοιπὸν
1052 1256 1082 1308 ὁ
1115 1253 1311 1324 ἐχθρὸς
1335 1293 1352 1318 ,
1384 1254 1480 1310 καὶ
1510 1254 1682 1326 ἐσμὲν
1709 1256 1768 1309 ὲν
1791 1254 1901 1309 λει-

284 1345 476 1416 ψάνοις
505 1348 618 1416 τῆς
658 1347 953 1418 φροντίδος
978 1385 996 1412 ,
1028 1346 1307 1419 χρῄζομεν
1341 1348 1437 1401 καὶ
1462 1347 1607 1418 οὕτω
1630 1349 1741 1402 τῶν
1765 1348 1901 1421 ὑμε-

286 1438 458 1510 τέρων
490 1439 761 1494 ίκετειῶν
784 1440 929 1511 πρὸς
968 1440 1062 1494 τὸν
1102 1440 1267 1494 Θεόν·
1296 1440 1392 1494 καὶ
1420 1440 1568 1496 ἔστιν
1594 1441 1898 1511 ἀναγκαῖον

291 1534 449 1605 ὒμᾶς,
472 1532 559 1597 ὡς
584 1532 901 1598 ἀναθέντας
931 1533 1011 1605 τῷ
1036 1531 1158 1601 Θεῷ
1177 1533 1278 1604 τὴν
1303 1532 1518 1588 ἑαυτῶν
1543 1533 1712 1605 ζωὴν,
1742 1535 1897 1598 ὁσίας

290 1626 538 1699 ἐπαίρειν
587 1629 810 1697 χεῖρας,
857 1626 956 1680 καὶ
1003 1625 1214 1698 συχνῶς
1252 1625 1411 1681 τοῦτο
1447 1627 1710 1698 πράττειν
1753 1627 1898 1700 ὑπὲρ

290 1718 839 1792 Micam:
857 1717 969 1790 γὰρ
985 1719 1071 1773 ὅτι
1108 1718 1337 1790 Ἰησοῦς,
1370 1719 1401 1773 ὁ
1429 1719 1526 1774 τοῦ
1548 1719 1725 1791 Ναυῆ,
1756 1720 1896 1792 μετά

834 1809 934 1865 τοῦ
1006 1808 1225 1883 Ἰσραὴλ
1272 1813 1684 1883 άντεπράττετο
1735 1820 1759 1848 ⁸
1815 1812 1896 1884 τῷ

2006 610 2380 681 objectantes;
2405 608 2501 662 sed
2525 609 2724 663 horum
2749 607 3021 665 inscitiam
3044 606 3298 664 Christus
3317 609 3586 678 destruet,

2006 713 2122 770 aut,
2172 712 2234 759 ut
2276 703 2465 758 verius
2495 704 2696 770 dicam,
2714 705 2830 777 jam
2863 702 3154 759 destruxit.
3191 702 3590 776 Compressum

2004 804 2092 851 est
2138 796 2289 851 enim
2335 810 2400 850 os
2437 795 2842 865 blasphemum,
2880 803 2937 851 et
2970 794 3236 851 conticuit
3263 796 3449 868 lingua
3482 797 3588 854 im-

2005 887 2321 959 purissima,
2348 902 2453 943 nec
2469 888 2708 959 amplius
2724 888 3076 960 blasphemas
3095 897 3287 944 contra
3305 889 3588 947 Christum

2004 995 2170 1037 voces
2194 980 2250 1035 in
2272 980 2570 1050 pontiﬁcali
2598 989 2655 1036 et
2678 980 2945 1036 doctorali
2967 980 3300 1036 auctoritate
3319 980 3376 1035 in
3399 990 3587 1052 poste-

2005 1087 2128 1127 rum
2158 1071 2466 1141 depromet.
2528 1072 2597 1127 Et
2631 1071 2727 1143 qui
2760 1072 2936 1142 ipsius
2964 1071 3272 1127 amicitiam
3321 1072 3589 1129 charitate

2003 1178 2127 1234 qum
2159 1171 2244 1221 est
2274 1165 2330 1219 in
2355 1163 2640 1220 Christum
2702 1163 2979 1237 potiorem
3003 1164 3300 1231 ducebant,
3337 1164 3376 1218 ii
3405 1165 3591 1221 vultus

1999 1258 2112 1328 jam
2150 1272 2301 1314 nunc
2319 1265 2525 1328 gerunt
2550 1256 2823 1313 dedecore
2848 1257 3078 1329 plenos;
3114 1257 3222 1313 hoc
3239 1257 3389 1312 enim
3415 1258 3587 1313 debe-

2004 1348 2168 1405 batur
2207 1348 2363 1420 ipsis.
2414 1345 2525 1406 Sed
2568 1348 2699 1405 licet
2737 1347 2997 1404 inimicus
3024 1349 3139 1420 jam
3159 1348 3471 1407 debellatus
3490 1350 3586 1417 sit,
3654 1350 3669 1362 ’

2002 1446 2245 1497 attamen
2267 1440 2549 1497 nonnullis
2567 1455 2828 1501 curarum
2859 1440 3110 1512 reliquiis
3130 1440 3317 1498 adhuc
3334 1442 3588 1509 distenti,

2002 1532 2204 1588 vestris
2246 1532 2314 1589 ad
2339 1534 2514 1589 Deum
2549 1524 2811 1603 precibus
2830 1548 3074 1605 egemus.
3109 1534 3180 1591 Et
3211 1534 3588 1590 necessarium

2000 1635 2088 1680 est
2140 1631 2201 1679 ut
2254 1640 2373 1690 vos,
2412 1624 2507 1695 qui
2540 1633 2782 1682 vestram
2832 1625 3002 1681 vitam
3039 1626 3153 1681 Deo
3196 1627 3585 1692 consecrastis,

2000 1729 2173 1784 puras
2212 1714 2282 1769 ad
2322 1715 2479 1772 illum
2522 1729 2719 1771 manus
2765 1714 3049 1781 levetis",
3094 1722 3259 1786 atque
3279 1715 3385 1771 hoc
3406 1716 3588 1788 ipsum

2002 1821 2105 1877 pro
2151 1807 2313 1864 nobis
2361 1822 2506 1877 saepe
2546 1806 2783 1863 faciatis.
2835 1806 3222 1869 Considerate,
3254 1808 3385 1865 Jesu
3434 1808 3585 1864 Nave

302 1884 639 1972 inﬁmi
655 1897 721 1963 δέ
749 1914 820 1969 γε
841 1899 1117 1972 μακάριος
1140 1902 1369 1972 Μωσῆς,
1398 1901 1502 1966 τὰς
1527 1904 1717 1975 χεῖρας
1741 1883 1893 1957 ἐπαί-

2003 1912 2130 1953 cum
2174 1898 2397 1955 selectis
2436 1898 2702 1955 Israelitis
2735 1907 2928 1955 contra
2976 1899 3202 1961 Amalec
3259 1898 3584 1966 dimicante,

696 1990 1031 2063 παρὰ-Θεοῦ
1078 1992 1142 2047 τὸ
1174 1995 1332 2065 νικᾷν
1364 1993 1628 2049 δύνασθαι
1672 1996 1800 2059 τοὺς
1837 1997 1898 2050 ἐν

931 2083 1296 2156 ’Δνδριζέσθω
1325 2086 1511 2140 τοίνυν
1551 2088 1585 2158 ἠ
1618 2086 1899 2143 θεοσέϐεια

931 2178 978 2242 ί,
1001 2176 1097 2231 καὶ
1122 2177 1200 2242 ὠς
1222 2178 1390 2233 τέκνα
1416 2180 1620 2251 γνήσια
1642 2179 1898 2252 Πατράσι

320 2258 924 2347 Mysiam
956 2268 1151 2347 ῶσπερ
1179 2272 1303 2327 τινὰ
1327 2272 1587 2345 λοιμικὴν
1607 2310 1624 2337 ,
1662 2271 1763 2345 τὴν
1788 2271 1896 2328 Νε-

313 2360 531 2433 πορσον
550 2358 888 2441 ⁴ὒωίοξιαν
916 2363 1260 2433 ἐκκόψαντες
1293 2372 1325 2405 ι
1343 2405 1358 2429 ,
1396 2366 1486 2420 ἵνα
1513 2366 1612 2420 καὶ
1642 2365 1894 2432 ἄσπιλον,

304 2451 399 2509 καὶ
410 2450 743 2526 dm,
770 2453 873 2517 καὶ
895 2453 1197 2525 οὐδαμόθεν
1216 2456 1655 2527 διαϐεϐλημένην
1681 2457 1899 2529 ἔχοντες

300 2542 847 2619 {ﬁngo-retu
876 2544 1194 2616 ἰσχύσωμεν
1221 2546 1300 2618 τῷ
1324 2546 1394 2601 τὰ
1417 2547 1600 2602 πάντα
1625 2547 1692 2601 δι’
1746 2549 1907 2619 ἡμᾶς,

294 2630 751 2705 ωὑιῆρὴμῶν
804 2631 1259 2708 ύπομεμενηκότι
1291 2636 1536 2708 Χριστῷ.
1573 2637 1894 2708 Εὐφράνατε

287 2724 344 2780 δὲ
368 2725 465 2779 καὶ
489 2725 584 2778 διὰ
602 2725 965 2797 γραμμάτων
993 2727 1144 2798 ἡμᾶς
1162 2743 1176 2757 ·
1216 2727 1484 2798 δεξόμεθα
1508 2728 1619 2800 γὰρ
1653 2728 1730 2793 ὡς
1766 2730 1888 2782 ίκα-

285 2819 533 2882 νωτάτην
567 2819 636 2873 τὸ
679 2822 923 2892 πρᾶγμα
956 2820 1330 2893 παράκλησιν.
1381 2820 1690 2893 Ἐῥρῶσθαι
1742 2821 1887 2891 ὑμᾶς

279 2908 538 2984 εὔχομαι,
572 2912 860 2986 ἀγαπητοὶ
882 2913 979 2970 καὶ
1008 2912 1382 2968 ποθεινότατοι
1421 2912 1666 2984 ἀδελφοί.

1897 3162 1969 3174 ...-

1996 1991 2220 2046 beatum
2233 1992 2442 2059 Mosen,
2460 1992 2695 2048 sublatis
2711 1992 2768 2048 in
2783 1993 3586 2059 celum‘rnanibuswietoriam

1995 2082 2086 2138 his
2118 2098 2151 2137 a
2188 2083 2303 2138 Deo
2333 2082 2647 2152 postulasse
2678 2081 2949 2139 adversus
2989 2096 3089 2138 eos
3113 2081 3449 2153 quibuscum
3477 2097 3586 2155 pu—

1996 2174 2324 2246 gnabant“.
2370 2175 2619 2231 Viriliter
2666 2176 2854 2247 itaque
2895 2184 3021 2247 agat
3076 2184 3263 2233 vestra
3305 2176 3485 2248 pietas
3528 2177 3589 2236 in

1993 2268 2296 2337 precando,
2324 2269 2661 2338 vestrisque,
2690 2276 2749 2323 ut
2770 2267 3019 2339 germani
3048 2267 3170 2335 ﬁlii,
3197 2268 3387 2324 adeste
3408 2268 3588 2324 Patri-

1992 2357 2119 2424 bus,
2166 2358 2263 2428 qui
2291 2357 2484 2415 falsam
2512 2358 2757 2415 Nestorii
2789 2359 3101 2417 doctrinam
3122 2360 3295 2417 veluti
3327 2360 3584 2418 morbum

1991 2449 2311 2520 quempiam
2352 2449 2680 2523 pestiferum
2712 2451 3066 2518 exciderunt,
3105 2460 3165 2505 ut
3196 2450 3362 2509 fidem
3385 2452 3585 2507 imma-

1992 2540 2232 2597 culatam
2281 2539 2751 2613 inculpatamque,
2783 2558 2849 2598 ac
2871 2543 3008 2600 nulli
3031 2558 3263 2616 prorsus
3285 2543 3587 2614 reprehen—

1992 2635 2136 2691 sioni
2152 2634 2448 2690 obnoxiam
2478 2643 2752 2701 tenentes,
2768 2635 2879 2706 90
2915 2634 3139 2692 Christo
3155 2636 3341 2691 omnia
3358 2646 3587 2707 prepter

1992 2743 2096 2784 nos
2137 2727 2425 2798 nostrique
2474 2742 2640 2783 causa
2689 2742 2974 2799 perpesso,
3025 2728 3247 2799 placere
3284 2728 3580 2798 possimus.

1995 2819 2310 2875 Exhilarate
2354 2834 2489 2875 vero
2520 2819 2686 2874 etiam
2730 2834 2833 2874 nos
2867 2834 2967 2890 per
3010 2819 3224 2876 litteras
3255 2838 3268 2874 :
3300 2820 3407 2876 illa:
3432 2820 3584 2878 enim

1995 2910 2160 2966 nobis
2192 2910 2440 2966 maxima:
2478 2918 2645 2965 erunt
2670 2910 3055 2966 consolationi.
3090 2910 3238 2967 Bene
3270 2910 3455 2968 valere
3489 2926 3585 2971 vos

1997 3007 2149 3069 opto,
2184 3000 2372 3059 dilecti
2396 3008 2453 3059 et
2482 2999 2942 3057 desideratissimi
2966 2997 3188 3060 fratres.

1471 3287 1808 3345 EPISTOLA
1847 3289 2041 3345 XXVII
2081 3291 2174 3362 (οί.
2219 3290 2407 3360 XXV).

1258 3418 1326 3459 AD
1351 3416 1560 3459 οιειιωι
1582 3418 1930 3467 ιδοιιυιωιρυπ
1959 3417 2642 3459 ΕΟΧΞΤΑΝΤΙΝΟΡΟΜΤΑΝΠΠ.

347 3528 563 3584 Παῖτοι
594 3541 719 3598 qua:
756 3533 875 3597 post
906 3523 1192 3579 adventum
1219 3520 1446 3577 Joannis
1478 3523 1682 3578 comitis
1713 3525 2050 3596 imperatoris
2085 3522 2342 3578 mandato
2375 3521 2574 3594 Ephesi
2602 3527 2723 3575 acta
2753 3520 2882 3585 sint,
2918 3512 3044 3591 quid
3077 3519 3230 3574 modo
3270 3529 3509 3591 paretur.

357 3644 689 3717 Ἑταράχθη
716 3643 842 3698 λίαν
881 3643 916 3714 ἡ
958 3641 1091 3711 άγία
1123 3641 1342 3706 σύνοδος
1359 3681 1377 3710 ,
1404 3639 1690 3696 ἀκούσασα
1719 3642 1801 3696 ὅτι
1829 3640 1890 3695 ού

2063 3641 2308 3698 Turbata
2349 3648 2435 3696 est
2478 3638 2777 3695 admodum
2829 3646 3021 3720 sancta
3060 3637 3325 3709 synodus,
3361 3639 3458 3695 ubi
3487 3656 3583 3696 ac-

272 3740 463 3796 πάντα
504 3736 694 3810 ὀρθῶς
730 3737 1039 3808 ἀνήνεγκεν
1084 3736 1114 3789 ὁ
1159 3733 1751 3806 μεγαλοπρεπέστατος
1797 3734 1892 3788 καὶ

270 3833 636 3900 ἐνδοξότατος
663 3830 846 3902 κόμης
884 3828 1141 3905 Ἰωάννης
1159 3869 1175 3896 ,
1213 3828 1355 3883 ὥστε
1386 3824 1737 3898 βουλεύεσθαι
1766 3824 1892 3891 τοὺς

272 3928 462 3981 ἐκεῖσε
509 3922 616 3978 καὶ
645 3922 780 3993 περὶ
818 3920 1040 3992 ὲξορίας
1076 3918 1201 3973 καθ’
1232 3917 1423 3991 ήμῶνο
1465 3917 1544 3983 ὡς
1586 3917 1688 3989 τῆς
1725 3916 1890 3987 ἁγίας

277 4017 513 4071 συνόδου
539 4013 1000 4085 καταδεξαμένης
1027 4014 1127 4085 τὴν
1153 4013 1510 4069 άκανόνιστον
1533 4009 1628 4067 καὶ
1649 4007 1889 4078 ἄθεσμον

272 4108 593 4180 γενομένην
617 4105 947 4177 καθαίρεσιν
967 4104 1122 4176 παρά
1141 4120 1202 4158 τε
1238 4102 1511 4167 Ἰωάννου,
1536 4101 1631 4156 καὶ
1655 4100 1766 4155 τῶν
1790 4101 1888 4156 σὺν

274 4198 430 4268 αὐτῷ
460 4194 790 4269 αἱρετικῶν.
839 4195 973 4249 ’ἰδοὺ
1006 4193 1185 4249 τοίνυν
1207 4194 1302 4249 καὶ
1325 4193 1487 4265 ἑτέρα
1506 4192 1734 4261 γέγονεν
1756 4191 1888 4244 ἀνα-

276 4291 421 4363 cepa.
455 4289 626 4361 παρὰ
657 4287 761 4358 τῆς
809 4286 974 4355 ἁγίας
1003 4286 1257 4352 συνόδου,
1289 4285 1640 4349 διδάσκουσα,
1678 4284 1762 4338 ὅτι
1792 4282 1888 4338 καὶ

275 4383 537 4436 λυπεῖται
586 4379 685 4433 ἐπὶ
721 4378 801 4451 τῷ
846 4378 1157 4449 δεσποτικῷ
1200 4377 1529 4451 γράμματι,
1561 4376 1656 4432 καὶ
1688 4375 1770 4429 ὅτι
1824 4374 1885 4427 οὐ

275 4471 705 4542 κατεδεξάμεθα
732 4446 842 4524 τῶν
867 4470 1038 4544 τριῶν
1057 4446 1156 4535 τὰς
1188 4446 1542 4541 καθἀιρέσεις
1563 4485 1575 4497 ·
1611 4467 1706 4522 καὶ
1738 4465 1887 4533 ἐξαιο

276 4563 450 4635 ρέτως
485 4564 592 4635 μὲν
614 4601 631 4626 ,
663 4561 1005 4634 άκυροῦσθαι
1044 4561 1115 4617 τά
1158 4560 1292 4634 παρ’
1331 4560 1558 4615 ἐκείνων
1612 4557 1887 4622 δυσσεϐῶς

274 4655 369 4710 καὶ
403 4655 682 4725 άθέσμως
728 4653 1002 4725 γενόμενα
1029 4692 1045 4719 ,
1076 4650 1443 4725 κρατύνεσθαι
1489 4650 1549 4704 δὲ
1583 4650 1787 4722 μᾶλλον
1817 4650 1888 4704 τὰ

276 4749 403 4821 παρ’
446 4745 645 4818 ήμῶν.
689 4743 970 4811 Ἐδίδαξαν
1007 4745 1118 4817 γὰρ
1150 4745 1246 4799 καὶ
1283 4743 1374 4799 διὰ
1409 4743 1639 4816 πρώτης
1685 4742 1890 4811 ἀναφο-

279 4841 399 4909 ρᾶς,
459 4840 551 4893 ὅτι
604 4837 790 4910 ἄκυρα
830 4838 932 4909 μὲν
968 4838 1038 4893 τά
1075 4840 1206 4910 παρ’
1256 4838 1481 4892 ἐκείνων
1514 4834 1887 4898 ἀκανονίστως

275 4933 554 5003 γινόμενα
584 4931 945 5001 πεποιήκασι,
988 4931 1340 4994 κοινωνικούς
1376 4928 1433 4982 δὲ
1464 4928 1612 5000 ἡμᾶς
1646 4927 1742 4982 καὶ
1768 4944 1888 4979 συν-

1993 3734 2141 3805 cepit
2184 3731 2792 3806 magnificentissimum
2842 3729 3443 3804 praeclarissimumque
3483 3749 3581 3790 (ιο-ο

1992 3826 2184 3880 mitem
2223 3823 2491 3880 Joannem
2514 3838 2628 3878 non
2655 3821 2842 3878 omnia
2868 3828 3019 3878 recte
3043 3822 3322 3890 retulisse,
3353 3823 3493 3881 adeo
3516 3834 3582 3882 ut

1990 3915 2060 3972 de
2088 3924 2280 3973 nostro
2302 3930 2523 3988 quoque
2544 3913 2740 3971 exsilio
2784 3913 2881 3986 qui
2914 3912 3082 3972 isthic
3129 3922 3260 3969 sunt
3282 3915 3576 3971 consilium

1992 4008 2197 4067 inirent
2228 4024 2243 4064 :
2269 4011 2428 4079 quasi
2450 4016 2639 4065 sancta
2657 4005 2902 4080 synodus
2921 4005 3183 4079 injustam
3201 4006 3583 4079 nefariamquc

1991 4102 2521 4165 exauctorationem,
2574 4113 2740 4170 quam
2789 4098 3030 4156 Joannes
3080 4105 3138 4154 et
3184 4098 3280 4172 qui
3343 4115 3468 4156 eum
3514 4116 3584 4154 eo

1993 4199 2163 4263 agunt
2186 4189 2435 4247 haeretici
2490 4189 2670 4245 moliti
2697 4198 2847 4255 sunt,
2879 4189 3268 4261 acceptaverit.
3299 4189 3383 4244 En
3407 4189 3582 4248 altera

1994 4284 2164 4357 igitur
2189 4283 2331 4340 facta
2352 4291 2439 4339 est
2460 4299 2490 4337 a
2521 4289 2709 4337 sancta
2732 4268 2945 4353 Synodo
2969 4279 3187 4345 relatio,
3213 4295 3323 4350 qua
3342 4295 3401 4335 se
3420 4281 3581 4351 prin-

1992 4374 2129 4447 cipis
2161 4373 2362 4430 litteris
2392 4373 2771 4428 contristatam
2794 4370 2958 4427 docet
2976 4411 2992 4437 ,
3025 4370 3253 4441 etquod
3281 4370 3451 4426 trium
3474 4370 3573 4426 de-

1989 4463 2294 4536 positiones
2323 4476 2438 4517 non
2471 4460 2918 4533 acceptavimus;
2959 4459 3055 4515 sed
3079 4458 3389 4532 praesertim
3415 4461 3576 4518 irrita

1991 4570 2050 4610 se
2086 4553 2293 4610 habere
2321 4551 2588 4619 declarat,
2616 4566 2741 4623 qua:
2769 4549 2938 4624 impie
2968 4558 3027 4607 et
3044 4551 3331 4624 illegitime
3351 4552 3422 4609 ab
3446 4553 3578 4619 illis,

1990 4649 2149 4704 ﬁrma
2189 4662 2325 4705 vero
2368 4656 2427 4703 et
2459 4655 2579 4702 rata
2618 4645 2826 4717 potius,
2853 4661 2977 4718 quae
3018 4646 3234 4702 anobis
3253 4655 3406 4717 gesta
3427 4655 3579 4703 sunt.

1990 4741 2304 4797 Docuerant
2318 4739 2467 4797 enim
2489 4737 2753 4812 [Patres],
2780 4747 2836 4795 et
2850 4740 3029 4811 prima
3052 4754 3275 4811 quoque
3292 4739 3580 4802 relatione,

1988 4848 2053 4889 ea
2083 4849 2144 4913 se
2172 4833 2466 4889 rescidisse
2510 4847 2634 4905 quae
2660 4838 2866 4903 praeter
2894 4847 3169 4888 canonum
3196 4832 3579 4903 praescriptum

1991 4924 2060 4979 ab
2103 4923 2227 4978 aliis
2268 4923 2408 4978 facta
2439 4921 2661 4977 fuerant
2691 4940 2704 4974 :
2739 4922 3000 4995 quodque
3032 4937 3136 4992 pro
3169 4921 3581 4977 communionis

274 5024 631 5087 επισκὸπους
674 5021 899 5094 ἔχουσι,
964 5023 1060 5076 καὶ
1092 5023 1175 5075 ὅτι
1213 5020 1315 5091 τῆς
1356 5019 1613 5091 τοιαύτης
1660 5019 1760 5072 οὐκ
1800 5016 1887 5083 ἒξ-

1996 5015 2157 5072 sociis
2174 5023 2229 5070 et
2255 5014 2596 5087 coepiscopis
2614 5029 2719 5068 nos
2734 5013 2997 5080 habeant,
3014 5013 3234 5085 etquod
3260 5012 3581 5084 huiusmodi

277 5115 531 5171 ίστανται
562 5114 820 5187 γνώμης.
854 5115 1042 5186 Μυρία
1067 5113 1125 5167 δὲ
1152 5111 1516 5183 πεποιηκότος
1548 5109 1644 5165 τοῦ
1678 5125 1886 5180 μνημο-

275 5209 569 5273 κυθέντας
609 5207 1205 5281 μεγαλοπρεπεστάτου
1239 5205 1434 5276 ἀνδρὸς
1461 5245 1475 5268 ,
1512 5202 1657 5258 ὥστε
1706 5201 1883 5255 ἐλθεῖν

275 5302 354 5364 είς
375 5300 678 5355 κοινωνίαν
730 5300 1008 5372 Ἰωάννην,
1039 5299 1136 5353 καὶ
1164 5298 1293 5362 τοὺς
1322 5298 1422 5352 σὺν
1464 5296 1614 5369 αὐτῷ
1646 5297 1713 5368 τῇ
1752 5296 1885 5366 ἁγίᾳ

276 5392 488 5464 συνόδῳ
520 5391 697 5464 μέχρι
727 5391 826 5463 τῆς
852 5392 1121 5462 σήμερον,
1155 5389 1278 5443 οὐδὲ
1326 5386 1565 5447 άκοῦσαι
1592 5386 1886 5458 ἠνέσχοντο

272 5485 545 5554 τοιαύτης
592 5483 810 5554 φωνῆς·
852 5481 968 5538 ἀλλ’
1004 5481 1312 5537 ἐνίστανται
1349 5479 1450 5551 μὲν
1486 5479 1687 5542 πάντες
1720 5486 1771 5543 ν,
1800 5474 1888 5529 λέ-

343 5597 393 5629 ⁹⁷
424 5596 451 5651 l
479 5595 630 5651 Tim.
661 5611 726 5662 ιι,
759 5593 813 5649 8.
892 5592 939 5629 ⁸⁸
963 5593 1139 5650 Exod.
1167 5609 1301 5659 xvn,
1334 5591 1417 5655 l0,
1443 5592 1529 5645 ll.

1994 5107 2324 5165 sententiam
2373 5122 2484 5163 non
2508 5117 2744 5163 mutant.
2785 5106 2923 5162 Cum
2940 5113 3126 5161 autem
3147 5102 3445 5174 praedictus
3462 5116 3581 5157 ma-

1994 5199 2481 5271 gniﬁcentissimus
2512 5200 2601 5254 vir
2631 5199 2769 5255 nihil
2801 5214 2913 5254 non
2937 5193 3249 5257 tentaverit,
3281 5208 3392 5262 quo
3409 5192 3580 5249 Joan-

1992 5305 2115 5355 nes,
2149 5298 2207 5344 ct
2259 5289 2357 5359 qui
2401 5304 2527 5343 cum
2568 5305 2636 5344 eo
2684 5296 2832 5351 sunt,
2883 5286 2939 5340 in
2973 5292 3175 5339 sanctae
3202 5281 3396 5353 synodi
3424 5294 3580 5335 eom-
3676 5322 3681 5361 ι

1995 5382 2316 5438 munioncm
2349 5380 2692 5453 recipiantur
2712 5421 2726 5444 ,
2766 5379 2822 5434 in
2867 5376 3198 5432 hodiernum
3230 5387 3405 5445 usque
3431 5372 3582 5428 diem

1998 5454 2079 5529 ne‘
2103 5473 2298 5529 audire
2331 5473 2557 5543 quidem
2591 5469 2905 5543 hujnsmodi
2936 5482 3127 5524 vocem
3157 5466 3578 5530 sustinuerunt,

1356 5696 1555 5759 Variae
1586 5702 1853 5760 lectiones
1878 5700 2085 5758 codicis
2122 5699 2484 5772 Seguieriani.

346 5824 376 5859 ν
401 5820 715 5884 παντελῶς.
792 5832 814 5863 ⁸
838 5819 1219 5878 ἀντετάττετο.
1302 5820 1323 5860 ί
1352 5820 1433 5884 είς
1466 5816 1798 5892 προσευχάς.
1872 5827 1901 5856 ιι
1932 5814 2230 5886 ὲκκὸψασιν
2249 5850 2264 5872 ο
