4058 6438
504 408 608 463 ῒιιὸ

1503 397 1559 452 S.
1601 396 1875 452 CYRILIJ
1914 392 2384 451 ALEXANDRINI
2426 395 2743 455 ARCHIEP.

3669 400 3767 459 LM

503 529 600 587 sed
632 525 907 583 obsistunt
928 521 1153 594 quidem
1186 520 1436 587 omnino,
1471 532 1529 577 et
1552 519 1744 576 dicunt
1772 538 1784 573 :
1809 518 1956 575 Fieri
1973 533 2081 573 non

2187 535 2376 586 γοντες
2406 519 2488 573 ὃτι
2531 522 2815 577 Ἀδύνατον
2845 523 2992 594 ἡμᾶς
3030 522 3108 585 είς
3150 518 3309 576 τοῦτο
3340 521 3534 588 ἐλθεῖν,
3563 521 3659 578 ἐὰν
3691 524 3769 597 μὴ

504 627 685 691 potest
727 626 785 671 ut
821 614 1016 670 adhoc
1034 613 1340 679 veniamus,
1369 612 1477 667 nisi
1507 610 1654 683 quod
1690 620 1883 667 contra
1906 612 2083 681 legem

502 712 572 766 ab
613 710 723 765 illis
749 708 951 763 factum
982 702 1071 762 est
1096 705 1447 771 dissolvatur,
1483 720 1547 761 ac
1571 704 1801 778 synodo,
1823 711 2084 773 tanquam

502 801 596 873 qui
650 797 1007 869 deliquerint,
1054 795 1332 868 supplices
1380 795 1655 862 accidant,
1689 804 1745 850 et
1766 793 2085 850 Nestorium

502 892 764 963 illiusque
805 890 1059 963 dogmata
1088 889 1296 959 scripto
1321 887 1787 943 anathematizent
1819 895 1875 943 et
1916 887 1975 940 in
1998 886 2085 941 his

501 981 760 1037 universa
781 979 976 1053 synodi
997 978 1249 1035 consistit
1265 978 1544 1033 instantia.
1558 977 1696 1034 Cum
1713 993 1845 1033 vero
1859 977 1963 1032 hac
1987 991 2084 1047 spe

499 1071 1080 1146 magniﬁcentissimus
1120 1070 1210 1125 ille
1251 1070 1357 1137 vir,
1381 1071 1539 1142 cujus
1568 1069 1941 1134 meminimus,
1965 1069 2082 1123 fru-

500 1172 710 1222 stratus
730 1173 897 1231 esset,
937 1164 1087 1220 aliud
1111 1180 1330 1220 rursum
1355 1161 1710 1235 excogitavit,
1760 1172 1816 1218 et
1840 1178 1870 1217 a
1893 1171 2083 1218 sancta

501 1257 714 1330 synodo
737 1258 919 1329 petiit,
953 1267 1015 1313 ut
1044 1255 1167 1312 ﬁdei
1193 1256 1596 1327 expositionem
1629 1253 1836 1324 scripto
1863 1252 1968 1308 sibi
1991 1269 2084 1309 cx-

500 1350 740 1415 hiberet,
770 1359 832 1405 ut
857 1366 982 1407 cum
1005 1349 1083 1403 illi
1113 1363 1329 1421 quoque
1361 1348 1534 1419 ipsius
1557 1347 1795 1418 impulsu
1818 1347 2085 1402 assensis-

500 1448 624 1497 sent
674 1456 738 1496 ac
772 1441 1248 1511 subseripsissent,
1297 1455 1551 1496 reversus
1583 1439 1793 1495 diceret
1823 1457 1836 1494 :
1874 1439 2083 1511 Redegi

499 1531 624 1587 illos
647 1531 702 1586 in
725 1531 1023 1587 amicitiam
1049 1531 1144 1603 qui
1175 1530 1435 1586 humanis
1455 1529 1683 1585 oti‘ensis
1715 1530 1935 1585 interse
1964 1530 2081 1585 dis-

499 1619 772 1675 sidebant.
830 1619 945 1676 Hoc
999 1619 1311 1691 intelligens
1360 1627 1547 1675 sancta
1598 1619 1840 1693 synodus
1881 1621 2081 1676 iterum

499 1712 760 1778 surrexit,
786 1710 991 1767 diserte
1032 1712 1226 1767 dicens
1254 1729 1267 1765 :
1297 1710 1568 1768 Nolumus
1597 1712 1761 1767 nobis
1793 1709 1929 1783 ipsis
1958 1726 2082 1767 eam

498 1802 889 1858 contumeliam
915 1802 1178 1876 irrogare.
1215 1802 1320 1874 91
1351 1802 1475 1858 Non
1503 1802 1652 1858 enim
1682 1810 1942 1873 tanquam
1966 1802 2082 1857 hae-

2188 611 2283 663 καὶ
2328 610 2391 664 τὸ
2440 613 2572 683 παρ’
2622 613 2805 667 αὐτῶν
2852 613 3218 677 ἀκανονίστως
3251 614 3564 685 *γενόμενον
3607 614 3767 686 λυθῇ,

2188 702 2282 755 καὶ
2326 703 2682 774 προσπέσωσι
2715 707 2781 777 τῇ
2834 705 3070 777 συνόδῳ,
3111 705 3187 767 ὡς
3233 705 3726 777 πλημμελήσαντες
3750 745 3765 771 ,

2186 792 2628 865 ἀναθεματίσωσι
2666 796 2723 850 δὲ
2755 798 2851 852 καὶ
2881 797 2949 851 τὰ
2974 796 3223 868 δόγματα
3249 796 3415 850 αὑτοῦ
3448 798 3765 869 ἐγγράφωςο

2186 885 2283 939 καὶ
2320 888 2379 939 ὲν
2406 885 2621 952 τούτοις
2658 889 2692 960 ἡ
2725 889 2875 944 πᾶσα
2905 888 3156 952 ἔνστασις
3191 888 3292 959 τῆς
3323 885 3567 942 συνόδου.
3608 889 3771 942 Ἀπο-

2186 978 2366 1048 τυχὼν
2397 978 2455 1032 δὲ
2485 979 2678 1033 τούτου
2706 982 2735 1034 ὀ
2766 980 3162 1053 μνημονευθεὶς
3186 980 3770 1051 μεγαλοπρεπέστατος

2186 1068 2360 1140 ἀνὴρ,
2395 1070 2658 1141 ἐπενόησε
2704 1071 2799 1125 καὶ
2830 1071 2987 1126 τοῦτο
3017 1072 3114 1125 καὶ
3164 1071 3363 1143 ἀπῄτει
3397 1071 3496 1143 τὴν
3522 1070 3767 1136 σύνοδον,

2186 1157 2405 1215 ἔκθεσιν
2434 1160 2672 1227 πίστεως
2711 1163 3006 1234 ἐγγράφως
3037 1162 3314 1217 ἐπιδοῦναι
3338 1162 3487 1233 αὐτῷ
3507 1205 3522 1230 ,
3555 1163 3643 1216 ἵνα
3668 1164 3772 1217 κά-

2188 1252 2397 1318 κείνους
2443 1255 2713 1325 ποιήσωσι
2757 1268 2783 1296 ι
2818 1255 3107 1310 συνθέσθαι
3155 1256 3251 1310 καὶ
3281 1256 3622 1328 ὑπογράψαι,
3673 1258 3772 1311 καὶ

2187 1344 2423 1419 ἀνέλθῃ,
2466 1346 2643 1418 λέγων
2680 1347 2763 1402 ὅτι
2806 1348 3026 1420 Συνῆψα
3067 1349 3267 1413 αὐτοὺς
3308 1349 3389 1413 είς
3419 1348 3624 1419 φιλίαν,
3671 1349 3773 1403 ἀν-

2187 1433 2464 1505 θρωπίνας
2510 1435 2688 1502 λύπας
2738 1436 2961 1509 ἔχοντας
3011 1438 3212 1509 μεταξὺ
3274 1438 3546 1511 ἀλλήλων.
3593 1439 3773 1494 Τοῦτο

2185 1526 2490 1597 νοήσασαή
2541 1525 2673 1595 ἁγία
2703 1525 2918 1591 σύνοδος
2944 1569 2957 1591 ,
2996 1527 3158 1582 πάλιν
3204 1528 3405 1600 ἀνέστη
3453 1526 3584 1600 ἄχρι
3627 1543 3773 1583 παν-

2183 1612 2277 1679 τὸς
2302 1614 2535 1685 λέγουσα
2560 1618 2643 1672 ὅτι
2672 1618 2786 1688 Οὐχ
2819 1617 3115 1689 ὑϐρίζομεν
3142 1618 3388 1683 ἑαυτούς.
3422 1619 3496 1673 Οὐ
3539 1618 3649 1691 γὰρ
3685 1619 3771 1685 ὡς

2185 1706 2460 1778 αἱρετικοὶ
2505 1710 2851 1782 κεκλήμεθα·
2887 1710 3022 1766 ἀλλὰ
3049 1711 3283 1783 ήλθομεν
3328 1711 3510 1766 πίστιν
3536 1712 3768 1767 ἀθετου-

2189 1797 2359 1870 μένην
2393 1800 2587 1871 στῆσαι
2611 1841 2627 1866 ,
2656 1802 2724 1873 ἢν
2755 1801 2851 1856 καὶ
2884 1801 3229 1873 ἐστήσαμεν·
3271 1802 3367 1856 καὶ
3405 1803 3466 1857 οὐ
3512 1803 3705 1876 χρῄζει
3738 1805 3774 1857 ὁ

498 1896 655 1952 retici
705 1895 860 1970 [huc]
900 1896 1080 1952 vocati
1114 1910 1305 1950 sumus
1357 1911 1369 1947 :
1415 1893 1511 1950 sed
1543 1894 1799 1950 venimus
1829 1903 1889 1951 ut
1914 1893 2079 1949 ﬁdem

2188 1886 2442 1959 βασιλεὺς
2497 1891 2593 1947 νῦν
2633 1891 2731 1947 τοῦ
2783 1891 2976 1964 μαθεῖν
3029 1892 3128 1965 τήν
3177 1894 3395 1962 πίστιν,
3460 1893 3618 1959 εἰδὼς
3659 1896 3771 1949 αὐ-

497 1988 773 2043 labantem
795 1996 851 2044 et
871 1986 1201 2059 exagitatam
1226 1985 1588 2049 stabiliamus,
1608 2000 1773 2056 quam
1792 1992 1849 2040 et
1864 1983 2078 2041 stabili-

494 2081 708 2149 vimus;
736 2097 840 2139 nec
859 2096 999 2153 opus
1014 2089 1099 2136 est
1115 2078 1435 2151 imperatori
1457 2085 1517 2133 ut
1537 2077 1701 2134 [idem
1718 2093 1868 2134 nunc
1878 2077 2077 2145 discat,

497 2188 622 2228 cum
649 2172 793 2228 hanc
816 2172 955 2229 sciat
983 2181 1039 2229 et
1061 2172 1118 2229 in
1146 2187 1211 2228 ea
1238 2170 1552 2242 baptizatus
1573 2171 1666 2226 sit.
1704 2168 1886 2238 Quare
1902 2185 2007 2227 nec
2022 2170 2079 2227 id

495 2265 723 2339 quidem
744 2266 1121 2323 Orientalibus
1151 2264 1441 2322 successit.
1480 2263 1589 2320 Sed
1614 2271 1671 2320 et
1697 2264 1833 2320 illud
1858 2279 2079 2335 quoque

494 2357 710 2425 sciatis,
757 2374 993 2431 nempe,
1051 2373 1179 2413 eum
1228 2355 1355 2413 ﬁdei
1406 2355 1808 2427 expositionem
1851 2371 2079 2427 compn-

494 2458 715 2515 nerent,
762 2450 908 2507 inter
937 2465 997 2506 se
1028 2448 1405 2514 contendisse,
1448 2457 1507 2503 et
1543 2447 1599 2503 in
1629 2463 1694 2504 ea
1719 2448 2079 2504 altercatione

492 2541 661 2597 etiam
688 2557 838 2598 nunc
858 2541 1088 2597 versari.
1117 2541 1256 2598 Nam
1288 2540 1381 2597 alii
1402 2556 1466 2595 ex
1494 2539 1605 2596 illis
1637 2547 1840 2595 sanctae
1868 2537 2079 2611 Virgini

493 2633 741 2705 Deiparae
751 2633 1173 2705 appellationem
1187 2632 1519 2698 concedunt,
1534 2631 1608 2687 ita
1632 2639 1902 2697 tamen,ut
1913 2630 2078 2687 simul

494 2740 714 2796 quoque
758 2723 1001 2780 hominis
1025 2723 1262 2796 genitrix
1287 2723 1506 2779 dicatur
1540 2741 1553 2776 :
1585 2723 1677 2778 alii
1698 2737 1832 2778 vero
1854 2736 2080 2792 prorsus

495 2824 735 2888 negant,
786 2815 1107 2886 adduntque
1153 2816 1459 2886 paratiores
1500 2830 1560 2871 se
1610 2830 1734 2871 esse
1774 2823 1836 2870 ut
1882 2829 2081 2870 manus

494 2923 624 2964 suas
647 2907 1009 2977 amputandas
1028 2908 1326 2979 praebeant,
1348 2923 1512 2979 quam
1540 2915 1602 2962 ut
1622 2904 1939 2978 huiusmodi
1955 2904 2078 2960 voci

494 2999 867 3054 subscribam.
898 2998 1112 3070 Ubique
1137 3009 1320 3054 autem
1340 3000 1650 3071 turpiterse
1668 3004 1888 3071 gerunt,
1907 2997 2081 3053 haere-

496 3095 635 3151 ticos
682 3110 742 3151 se
768 3094 1131 3150 declarantes.
1188 3093 1316 3150 Haec
1356 3111 1389 3151 a
1425 3102 1607 3150 vestra
1636 3092 1841 3164 pietate
1864 3090 2081 3147 discant

495 3201 710 3252 omnes,
732 3186 1039 3257 praesertim
1065 3201 1198 3242 vero
1223 3186 1459 3257 piissimi
1475 3193 1531 3241 et
1547 3184 1880 3241 sanctissimi
1896 3183 2078 3240 archi-
2102 3223 2145 3281 ε

494 3277 818 3344 mandritas;
872 3292 943 3332 ne
969 3276 1109 3332 forte
1134 3276 1434 3348 praedictus
1465 3274 1593 3349 [vir]
1628 3289 1905 3341 reversus,
1933 3290 2077 3346 quo-

494 3369 745 3425 rumdam
779 3384 942 3425 aures
965 3369 1234 3435 mulcens,
1264 3369 1372 3424 alia
1405 3382 1507 3439 pro
1535 3367 1659 3424 aliis
1682 3367 1833 3424 dicat
1861 3376 1956 3423 aut
1981 3368 2080 3423 do-

495 3468 637 3517 ceat.
671 3460 753 3515 Ne
792 3474 923 3515 vero
951 3460 1226 3530 pigrescat
1258 3458 1435 3529 pietas
1458 3465 1665 3522 vestra,
1692 3471 1873 3527 neque
1901 3456 2078 3512 nostri

493 3564 660 3605 causa
702 3549 881 3604 labori
914 3549 1178 3604 insistens
1201 3546 1555 3618 defatigetur,
1590 3545 1775 3601 sciens
1799 3544 1945 3616 quod
1974 3545 2078 3601 hac

495 3640 710 3697 ratione
729 3641 841 3695 Deo
859 3640 1290 3710 hominibusque
1305 3637 1544 3709 seipsam
1558 3637 1924 3695 commendet.
1938 3637 2076 3693 Nam

492 3734 585 3789 hic
619 3732 784 3790 etiam
806 3732 1039 3805 piissimi
1064 3730 1332 3804 episcopi,
1364 3732 1459 3803 qui
1489 3747 1590 3788 nos
1610 3747 1890 3803 nunquam
1907 3747 2078 3788 nove-

492 3832 638 3892 rant,
670 3841 769 3897 per
798 3824 1103 3881 Salvatoris
1128 3823 1362 3897 gratiam
1387 3824 1565 3894 parati
1593 3832 1722 3879 sunt
1739 3825 1951 3880 animas
1973 3838 2075 3896 pro

492 3918 655 3974 nobis
676 3933 905 3989 ponere,
933 3925 990 3972 et
1022 3931 1149 3971 cum
1178 3916 1439 3990 laerymis
1456 3910 1607 3989 [nos]
1633 3916 1925 3983 adeuntes,
1944 3916 2075 3972 aiun

490 4017 549 4064 et
586 4009 844 4065 exsilium
872 4016 930 4063 et
980 4015 1215 4063 mortem
1243 4021 1466 4081 quoque
1495 4007 1659 4063 simul
1688 4005 1877 4062 subire
1920 4021 1980 4064 se
2015 4007 2075 4063 in

490 4102 635 4158 votis
654 4100 1185 4158 habere.Versamur
1200 4106 1385 4155 autem
1407 4099 1671 4157 omnesin
1690 4100 1861 4157 multa
1876 4098 2072 4156 conﬂi-

488 4194 762 4261 ctatione,
800 4202 915 4249 tum
944 4193 1093 4264 quod
1122 4192 1504 4249 custodiamur
1541 4209 1573 4250 a
1614 4193 1906 4261 militibus,
1951 4203 2072 4249 tum

488 4274 655 4342 etiam
678 4286 825 4358 quod
846 4293 973 4342 ante
1001 4293 1190 4342 nostra
1213 4286 1468 4344 cubicula
1493 4287 1805 4357 dormiant;
1830 4287 2069 4345 maxime

489 4393 624 4434 vero
652 4395 775 4435 nos.
816 4377 1048 4450 Reliqua
1078 4385 1266 4435 autem
1305 4380 1551 4453 synodus
1580 4381 1839 4439 universa
1866 4379 2037 4437 defati
2061 4412 2090 4425 -

2181 1981 2302 2054 τήν,
2340 1984 2435 2037 καὶ
2462 1985 2521 2038 ἐν
2552 1985 2689 2057 αὐτῇ
2723 1984 3064 2057 βαπτισθείς.
3092 1986 3167 2041 Οὐ
3193 1986 3401 2060 προέϐη
3433 1988 3617 2042 τοίνυν
3640 1987 3772 2042 οὐδὲ

2181 2073 2341 2128 τοῦτο
2361 2078 2477 2140 τοῖς
2506 2077 2616 2131 ἀπὸ
2641 2078 2741 2149 τῆς
2769 2077 3081 2150 ’Δνατολῆς.
3110 2079 3349 2135 Κάκεῖνο
3365 2078 3420 2133 δὲ
3440 2080 3770 2150 γινώσκετε,

2180 2165 2264 2220 ὅτι
2297 2166 2580 2235 συνθέντες
2609 2168 2828 2224 ἔκθεσιν
2868 2170 3105 2235 πίστεως
3125 2212 3141 2237 ,
3173 2172 3587 2244 ἐφιλονείκησαν
3626 2173 3775 2246 πρὸς

2180 2258 2444 2332 ἀλλήλους
2464 2278 2482 2295 ο
2530 2263 2627 2317 καὶ
2673 2263 2816 2319 είσὶν
2852 2264 2913 2319 ἐν
2940 2264 3022 2336 τῷ
3057 2265 3383 2335 φιλονεικεῖν
3412 2264 3514 2321 ἔτι.
3563 2267 3626 2321 Oi
3661 2266 3776 2338 μὲν

2180 2352 2292 2428 γὰρ
2333 2352 2517 2408 αὐτῶν
2560 2354 2952 2427 καταδέχονται
2980 2356 3247 2411 Θεοτόκον
3275 2357 3450 2410 εἰπεῖν
3475 2357 3578 2429 τήν
3602 2356 3776 2427 ἁγίαν

2182 2445 2481 2519 Παρθένον,
2511 2447 2651 2519 μετὰ
2683 2449 2780 2503 καὶ
2806 2449 2902 2503 τοῦ
2939 2449 3379 2521 ἀνθρωποτόκον,
3405 2451 3455 2504 οῖ
3481 2450 3539 2505 δὲ
3569 2466 3777 2505 παντα·

2180 2536 2290 2601 λῶς
2304 2537 2619 2611 ἀρνοῦνται,
2652 2539 2746 2595 καί
2771 2556 2933 2610 φασιν
2954 2540 3188 2613 ἑτοίμως
3210 2543 3353 2613 ἔχειν
3374 2540 3774 2613 ἀποτμηθῆναι

2181 2628 2291 2683 τῶν
2328 2630 2550 2702 χειρῶν,
2594 2631 2628 2703 ἢ
2659 2632 2976 2703 ὑπογράψαι
3008 2631 3234 2704 τοιαύτῃ
3264 2635 3439 2704 φωνῇ.
3493 2632 3778 2704 ’Δσχημο-

2180 2719 2332 2774 νοῦσι
2381 2721 2439 2775 δὲ
2486 2722 2801 2794 πανταχοῦ,
2849 2723 3118 2795 αἱρετικολ⁵
3160 2723 3520 2795 δεικνύμενοι.
3577 2724 3779 2779 Ταῦτα.

2180 2814 2384 2879 πάντες
2427 2813 2580 2887 παρὰ
2609 2815 2713 2887 τῆς
2757 2815 3075 2879 θεοσεϐείας
3109 2816 3265 2886 ὑμῶν
3300 2814 3775 2884 διδασκέσθωσαν,

2180 2906 2277 2961 καὶ
2320 2904 2555 2978 μάλιστα
2584 2909 2633 2961 οί
2676 2906 3089 2962 θεοσεϐέστατοι
3133 2907 3228 2961 καὶ
3260 2906 3558 2976 ἁγιώτατοι
3597 2907 3776 2979 ἀρχι-

2183 2999 2472 3071 μανδρῖται
2492 3017 2507 3032 ·
2536 3000 2749 3072 μήποτε
2785 2999 3134 3073 ὑποστρέψας
3167 3001 3197 3053 ὁ
3217 2998 3570 3071 προῤῥηθεὶς,
3595 2998 3779 3072 ἔτερα.

2179 3091 2296 3147 ἀνθ’
2319 3091 2521 3165 ἐτέρων
2543 3093 2694 3166 εἴπῃ,
2720 3093 2754 3163 ἢ
2784 3093 2992 3165 διδάξῃ,
3017 3093 3236 3165 τέρπων
3264 3092 3363 3157 τάς
3388 3108 3550 3146 τινων
3571 3093 3773 3157 ἀκοάς.

2179 3183 2271 3256 Μή
2299 3183 2589 3258 ἀποκνήσῃ
2624 3184 2682 3237 δὲ
2711 3183 2865 3255 ὑμῶν
2906 3186 2941 3255 ή
2981 3182 3261 3237 θεοσέϐεια
3287 3223 3302 3247 ,
3366 3182 3503 3255 μηδὲ
3543 3183 3781 3240 ἀποκαι-

2181 3276 2363 3347 μνέτω
2389 3273 2528 3348 πρὸς
2552 3276 2679 3339 τοὺς
2708 3275 2849 3347 ὑπὲρ
2876 3276 3033 3347 ἡμῶν
3060 3276 3309 3349 ἱδρῶτας,
3328 3276 3498 3330 εἰδυῖα
3524 3276 3607 3330 ὅτι
3629 3276 3775 3331 ἑαυ-

2174 3369 2276 3441 τὴν
2301 3367 2663 3439 παρατίθεται
2692 3369 2787 3422 καὶ
2815 3368 2934 3440 Θεῷ
2963 3369 3058 3423 καὶ
3082 3369 3411 3440 ἀνθρώποις.
3441 3369 3553 3424 Καὶ
3574 3368 3772 3423 ἐνταῦ-

2177 3460 2246 3516 θα
2287 3461 2397 3533 γὰρ
2448 3460 2537 3515 διὰ
2584 3460 2684 3534 τὴν
2731 3459 2827 3515 τοῦ
2873 3461 3127 3535 Σωτῆρος
3176 3462 3357 3535 χάριν,
3398 3462 3449 3516 οἱ
3489 3461 3775 3534 μηδέποτε

2174 3557 2324 3629 ἡμᾶς
2342 3555 2545 3621 εἰδότες
2569 3556 2678 3611 τῶν
2708 3554 3146 3612 θεοσεὸεστάτων
3163 3558 3500 3622 ἐπισκόπων.
3525 3557 3773 3628 ἑτοίμως

2174 3644 2359 3715 έχουσι
2402 3645 2501 3717 τὴν
2543 3645 2725 3717 ψυχὴν
2751 3646 2927 3700 θεῖναι
2957 3646 3098 3718 ὑπὲρ
3140 3645 3299 3718 ήμῶν
3327 3686 3343 3712 ,
3370 3648 3467 3701 καὶ
3498 3646 3635 3718 μετὰ
3661 3646 3771 3700 δα-

2175 3736 2359 3809 κρύων
2376 3737 2793 3810 προσέρχονται,
2808 3737 3079 3806 λέγοντες,
3098 3738 3196 3792 καὶ
3223 3745 3250 3786 r
3280 3736 3765 3809 συνεξορισθῆναι,

2175 3831 2269 3884 καὶ
2304 3831 2712 3897 συναποθανεῖν,
2740 3830 2807 3885 δι’
2842 3831 3006 3902 εὐχῆς
3041 3830 3272 3901 ἔχουσιν.
3317 3830 3406 3885 Ἐν
3438 3839 3462 3868 ⁸
3494 3829 3662 3902 πολλῇ
3698 3829 3771 3885 δὲ

2175 3922 2352 3993 θλίψει
2392 3924 2594 3990 πάντες
2620 3924 2812 3995 ἐσμὲν,
2844 3924 2938 3978 καὶ
2974 3922 3062 3978 διὰ
3093 3921 3189 3977 τοῦ
3218 3922 3577 3995 φρουρεῖσθαι
3605 3922 3768 3992 παρὰ

2176 4014 2544 4090 στρατιωτῶν,
2565 4014 2659 4069 καὶ⁷
2674 4015 2782 4088 πρὸ
2797 4014 2906 4069 τῶν
2931 4014 3076 4069 ίδίων
3101 4014 3375 4068 κοιτὼνων
3393 4013 3537 4085 ἔχειν
3561 4013 3769 4078 αὐτοὺς

2176 4106 2567 4175 καθεύδοντας,
2603 4106 2839 4178 μάλιστα
2863 4107 3044 4179 ἡμεῖς.
3083 4106 3148 4159 Ἥ
3180 4105 3234 4159 δὲ
3271 4105 3409 4177 ἄλλη
3455 4106 3605 4159 πᾶσα
3632 4102 3768 4160 σύν-

2174 4196 2295 4262 οδος
2342 4196 2599 4269 ἀπέκαμε
2640 4199 2734 4252 καὶ
2760 4197 2983 4269 κάμνει.
3004 4199 3116 4252 Καὶ
3134 4198 3182 4251 οί
3211 4197 3431 4262 πλείους
3461 4196 3760 4251 ἀπέθανον·

2176 4288 2362 4344 λοιπὸν
2411 4288 2467 4342 δὲ
2508 4289 2604 4343 καὶ
2663 4289 2713 4343 οἱ
2750 4288 2928 4343 λοιποὶ
2968 4288 3040 4343 τὰ
3076 4288 3286 4343 ἑαυτῶν
3320 4287 3759 4361 πιπράσκουσιν,

2169 4381 2272 4435 οὐκ
2304 4379 2524 4454 ἔχοντες
2550 4380 2906 4455 ἀναλώματα.

489 4478 613 4540 gata
640 4479 743 4536 est,
770 4479 827 4525 et
854 4470 1087 4527 laborat.
1117 4472 1186 4527 Et
1208 4475 1522 4546 complures
1545 4476 1747 4532 mortui
1781 4483 1912 4532 sunt
1958 4491 1971 4528 :
2007 4474 2119 4545 jam
2158 4491 2292 4534 vero
2342 4485 2399 4533 et
2453 4475 2660 4542 ceteri,
2694 4490 2764 4532 eo
2795 4474 2943 4546 quod
2976 4472 3291 4547 sumptibus
3329 4469 3580 4530 destituti
3644 4468 3762 4528 sint

492 4576 580 4617 res
604 4576 733 4617 suas
760 4561 1089 4619 divendunt.

1631 4741 1971 4799 EPISTOLA
2009 4743 2228 4804 XXVIII
2266 4745 2358 4816 (οι.
2404 4742 2619 4813 XXVl).

1238 4852 1440 4892 CYRILLI
1471 4854 1537 4891 AD
1571 4851 1953 4890 THEOPEHPTUI
1972 4877 1987 4904 ,
2022 4853 2335 4893 Ι⁸οΤΔᾺΙΟΝΕΜ
2364 4851 2431 4891 ΕΤ
2455 4850 2715 4890 DANIELEI
2741 4849 3039 4893 EPISCOPOS.

485 4952 806 5027 Exemplum
855 4953 1088 5026 epistola:
1106 4972 1150 5027 9
1178 4953 1377 5027 Cyrillo
1423 4954 1812 5027 ardtjepiscopo
1847 4954 2059 5024 scripta:

2182 4949 2724 5027 'Iaor_é:zto'_t_o.1ﬁg_
2769 4952 3103 5027 γραφείσης
3134 4954 3296 5025 παρὰ
3331 4954 3440 5010 τοῦ
3487 4954 3761 5025 ἁρχιεπι-

563 5022 633 5108 αεὶ
660 5020 1080 5108 ἷζἸιεορεήιριιιηι,
1099 5020 1443 5108 Ρριᾱιῃοηεῃι
1465 5033 1512 5078 et
1532 5020 1806 5108 ρὰηίείέῖη
1824 5020 2063 5099 reveren-

555 5093 803 5167 dissimos'
838 5093 1098 5167 episcopos
1122 5093 1580 5167 Constantinopoli
1613 5098 1843 5167 agentes,
1871 5093 1975 5167 qna
1998 5108 2063 5148 ea

556 5181 675 5235 qum
695 5164 758 5219 ob
782 5161 1098 5221 sententiam
1125 5167 1182 5220 in
1208 5161 1513 5220 Nestorium
1534 5171 1583 5218 et
1602 5161 1867 5217 Joannem
1884 5161 2064 5218 latam

554 5248 828 5307 perpessus
858 5236 1054 5307 fuerat,
1079 5237 1312 5308 exponit.

554 5394 790 5470 Cyrillus
818 5398 1221 5469 Theopempto,
1254 5392 1468 5448 Dameli
1494 5401 1550 5448 et
1581 5392 1891 5461 Potamoni,
1925 5393 2070 5451 dile-

484 5488 588 5545 ctis
608 5492 1027 5556 comministris,
1051 5491 1108 5544 in
1137 5486 1375 5544 Domino
1396 5487 1651 5543 salutem.

556 5670 740 5728 Multae
781 5671 908 5727 istic
951 5678 1143 5727 contra
1183 5683 1287 5726 nos
1315 5668 1565 5727 excitata:
1591 5678 1723 5729 sunt
1748 5672 2064 5741 calumniae,

2236 5023 2475 5079 σκόπου
2497 5022 2805 5093 Κορίλλου
2837 5022 2964 5089 τοῖς
2991 5024 3063 5078 ἐν
3098 5022 3758 5093 Κωπσταντινοὺπόλει,

2206 5092 2707 5167 ,εὐωδεστάτοις
2758 5093 3130 5167 ,ἐπισκόποις
3189 5096 3554 5167 θεοπέμπτῳ
3574 5136 3592 5160 ,
3654 5092 3760 5153 καὶ

2239 5163 2549 5243 Ποτάμων-ι
2597 5162 2698 5242 θεαὶ
2736 5163 3038 5243 Δανιήλερ,
3084 5160 3242 5243 ὑπερ
3281 5160 3393 5222 ὤν’
3409 5160 3601 5243 ἔπαθε
3641 5183 3758 5221 συ-

2239 5235 2517 5305 σκευῷν,
2571 5235 2690 5287 τῶν
2732 5235 2886 5289 κατὰ
2942 5235 3273 5305 Νεστορίου
3327 5236 3427 5291 και
3475 5235 3758 5294 Ἰωάννου

2242 5304 2520 5376 καρτίων.

2246 5393 2518 5467 Κύριλλος
2564 5392 2907 5465 Θεοπέμπτῳ
2928 5433 2944 5457 ,
3018 5395 3114 5449 καὶ
3150 5395 3400 5467 Δανιήλῳ
3444 5396 3539 5449 καὶ
3576 5397 3758 5452 Ποτά-

2178 5501 2340 5557 μωνι,
2369 5484 2676 5555 ἀγαπητοῖς
2722 5483 2817 5538 καὶ
2835 5484 3292 5556 συλλειτουργοίς,
3324 5488 3385 5543 ὲν
3416 5488 3609 5560 Κυρίῳ
3628 5489 3758 5559 ,χαί-

2213 5594 2313 5631 ειν.

2213 5594 2313 5631 ειν.

2178 5593 2211 5649 ρ
2245 5667 2449 5723 Πολλαὶ
2505 5668 2628 5723 καθ’
2683 5668 2843 5740 ἡμῶν
2898 5670 3186 5742 γεγόνασιν
3236 5672 3419 5726 ἐκεῖσε
3472 5668 3753 5726 διαϐολαί*

1575 5774 1745 5832 Variae
1767 5773 2035 5830 lectiones
2070 5771 2281 5828 codicis
2310 5771 2678 5842 Seguieriani.

552 5880 583 5913 κ
615 5866 841 5938 ποιήσῃ.
913 5874 944 5918 γ
972 5867 1057 5922 ῖσ.
1088 5868 1169 5925 ὅτι
1202 5868 1316 5926 καί.
1380 5879 1402 5908 ²
1432 5869 1667 5944 ἑτοίμως
1702 5869 1887 5945 ἔχουσι
1922 5867 2043 5940 μεθ’
2071 5866 2248 5939 ἡμῶν.
2291 5866 2403 5921 Ἐν.
