4058 6442
307 367 417 423 155

299 498 464 552 τοῦτο
518 499 646 570 μὲν,
689 502 764 565 ὡς
790 502 900 558 ἀπὸ
941 506 1043 578 τῆς
1081 509 1468 586 Ἀλεξανδρέων
1507 515 1911 588 ἀκολουθησάν-

298 603 408 640 των
459 589 608 658 ἡμῖν
648 591 714 644 ὲκ
767 593 858 646 τοῦ
916 595 1199 665 βαλανείου
1255 604 1489 668 πολλῶν,
1541 607 1701 660 τοῦτο
1731 607 1788 661 δὲ
1835 609 1913 672 ὡς

301 681 625 770 κανονικῶν
656 682 1017 747 ἐξελθουσῶν·
1044 691 1121 755 ὡς
1145 692 1201 746 δέ
1227 711 1410 763 φασιν,
1441 700 1522 752 ὃτι
1562 698 1776 770 εἴρηται
1803 719 1913 756 πα-

299 767 376 861 ρὰ-
427 769 555 861 τῷν
610 771 1090 846 διαϐεϐληκότων,
1136 782 1218 835 ὅτι
1268 785 1408 838 κατὰ
1439 767 1711 859 ωσκευην
1746 790 1911 861 ἐμὴν,

296 859 390 910 καὶ
435 860 506 912 οὐ
551 864 703 916 κατὰ
737 867 947 920 σκοπὸν
982 870 1082 940 τῆς
1108 871 1272 940 ἁγίας
1305 876 1550 944 συνόδου,
1583 880 1688 949 τὴν
1719 859 1913 936 καθαί-

299 967 455 1025 ρεσιν
500 953 782 1025 ὑπέμεινε
832 958 1150 1031 Νεστόριος.
1198 965 1342 1019 Ἀλλ’
1392 968 1685 1040 εὐλογητὸς
1721 972 1752 1024 ό
1793 973 1912 1026 Σω-

296 1042 420 1111 τὴρ,
461 1045 494 1095 ὁ
536 1044 674 1108 τοὺς
726 1045 799 1099 τὰ
845 1048 1075 1104 τοιαῦτα
1119 1052 1381 1122 λέγοντας
1420 1057 1667 1127 ἐλέγξας.
1710 1059 1912 1115 Ἐλθὼν

296 1133 404 1205 γὰρ
439 1138 531 1201 εἰς
571 1137 675 1208 τὴν
720 1140 1034 1210 Ἐφεσίωνό
1059 1145 1250 1217 κύριός
1276 1167 1400 1220 μου,
1434 1154 1463 1206 ὁ
1489 1153 1912 1226 μεγαλοπρεπέα

298 1243 497 1291 arato;
534 1230 636 1283 καὶ
673 1232 1026 1300 ἐνδοξότατος
1067 1238 1244 1310 κόμης
1272 1241 1385 1296 τῶν
1425 1242 1588 1299 θείων
1621 1245 1911 1319 λαργιτιώο

297 1334 400 1369 νων
445 1319 746 1392 Ἰωάννης,
795 1326 1049 1394 κατέγνω
1075 1330 1183 1384 τῶν
1216 1331 1287 1386 τὰ
1320 1333 1547 1390 τοιαῦτα
1591 1337 1908 1410 πεφλυαρη·

301 1409 514 1474 κότων.
561 1415 728 1469 οὐδὲν
773 1418 953 1489 εύρὼν
994 1421 1213 1494 ἀληθές.
1257 1421 1380 1480 Erae
1429 1428 1486 1482 δὲ
1541 1431 1624 1485 ὅτι
1659 1409 1910 1490 ιδιανίέν-

307 1519 494 1558 στασιν
557 1508 593 1578 ἡ
647 1509 786 1577 ἁγία
831 1511 1047 1578 σύνοδος
1080 1516 1180 1587 τῆς
1219 1517 1458 1584 πίστεως
1491 1521 1625 1593 ἔχει,
1659 1526 1752 1579 καὶ
1782 1525 1907 1580 οὔτε

307 1594 423 1663 ἐμοὶ
461 1599 845 1690 χαριζομένη,
883 1602 1006 1656 οὔτε
1043 1605 1218 1679 ἑτέρῳ
1249 1611 1377 1678 τινὶ,
1418 1611 1558 1667 ἀλλὰ
1599 1614 1730 1687 θείῳ
1759 1617 1908 1690 ζήλῳ

307 1688 626 1780 κινουμένη,
660 1693 760 1745 καὶ
811 1693 914 1747 οὐκ
959 1697 1260 1765 ἐνεγκοῦσα
1287 1701 1387 1766 τὰς
1419 1705 1631 1759 ἐκείνου
1663 1688 1906 1780 βλασφηήο

1712 382 2047 440 EPISTOLA
2086 384 2276 441 XXIX.

3485 401 3596 456 H6

2015 505 2217 574 partim
2243 504 2468 574 quidem
2503 506 2659 574 quasi
2685 504 2843 560 multi
2870 521 2940 562 ex
2962 507 3351 567 Alexandrinis
3378 511 3594 569 balneis

2015 612 2117 652 nos
2157 597 2475 664 consecuti,
2525 598 2635 668 92
2692 600 2889 668 partim
2931 606 3066 656 Veto
3115 603 3273 672 quasi
3315 606 3596 662 canonica

2014 691 2302 746 nobiscum
2329 707 2560 763 egressae
2585 693 2693 748 sint
2720 711 2733 747 :
2762 702 2822 749 ut
2849 703 3032 751 autem
3061 695 3257 762 fertur,
3276 696 3485 752 dictum
3507 707 3594 753 est

2014 798 2045 838 a
2075 783 2566 840 calumniatoribus
2608 785 2924 842 Nestorium
2949 827 2964 852 ,
3012 803 3125 842 non
3169 797 3371 843 sanctae
3396 790 3590 861 synodi

2014 875 2315 940 voluntate,
2347 875 2444 932 sed
2465 876 2603 932 meis
2626 876 2842 932 actibus
2866 887 3280 933 exauctoratum
3305 894 3446 934 esse.
3483 879 3590 936 Sed

2014 964 2340 1023 benedictus
2378 966 2647 1035 Salvator,
2699 969 2794 1039 qui
2833 969 2963 1024 talia
2992 969 3242 1026 dicentes
3292 972 3590 1042 redarguit.

2012 1057 2231 1113 Etenim
2274 1067 2633 1130 posteaquam
2681 1060 2940 1116 dominus
2963 1076 3121 1117 meus
3159 1062 3593 1133 magniﬁcentis-

2012 1149 2186 1206 simus
2209 1158 2266 1206 et
2287 1150 2716 1222 gloriosissimus
2739 1167 2925 1209 comes
2941 1169 3219 1210 sacrarum
3243 1154 3596 1225 largitionum

2009 1241 2250 1298 Joannes
2271 1242 2553 1312 Ephesum
2583 1245 3106 1316 venisset,nihilque
3131 1261 3326 1301 eorum
3357 1247 3595 1302 veritate

2011 1333 2112 1389 niti
2142 1337 2522 1405 comperisset,
2575 1337 2964 1393 condemnavit
2991 1353 3086 1394 eos
3120 1340 3215 1409 qui
3243 1339 3369 1395 talia
3407 1341 3595 1410 nugati

2009 1424 2245 1481 fuerant.
2273 1427 2508 1498 Agnovit
2523 1436 2706 1483 autem
2731 1437 2975 1484 sanctam
2994 1430 3262 1502 synodum
3285 1430 3410 1486 ﬁdei
3433 1446 3596 1486 causa

2010 1517 2364 1573 contendisse
2392 1519 2576 1574 studio
2608 1521 2854 1590 preprio,
2893 1537 3072 1592 neque
3097 1523 3254 1587 mihi,
3293 1540 3470 1594 neque
3497 1525 3594 1578 ulli

2010 1609 2167 1664 alteri
2213 1609 2633 1681 gratiﬁcantem,
2666 1612 2762 1668 sed
2807 1613 2995 1668 divino
3032 1615 3150 1668 zelo
3191 1624 3419 1680 motam,
3448 1616 3594 1686 quod

2009 1700 2380 1771 hlasphemias
2399 1703 2547 1759 illius
2572 1704 2716 1760 ferre
2740 1721 2850 1760 non
2874 1713 3079 1777 posset,
3105 1706 3417 1762 Nestorium
3450 1723 3584 1761 eon-

309 1777 449 1870 μίας,
485 1782 919 1854 κατεψηφίσατο
967 1789 1157 1844 αὐτοῦ.
1217 1772 1685 1862 ’Δναγνωσθέντος
1723 1799 1778 1852 δὲ
1811 1772 1906 1856 καὶ

2009 1794 2318 1852 demnasse.
2339 1797 2702 1868 Posteaquam
2723 1814 2854 1854 vero
2873 1800 3414 1870 religiosissimorum
3431 1801 3595 1856 Chri—

306 1869 392 1962 τοῦ
422 1873 770 1944 γράμματος
826 1877 938 1932 τῶν
967 1881 1374 1940 εὐσεϐεστάτων
1421 1888 1517 1941 καὶ
1547 1890 1908 1962 φιλοχρίστων

312 1960 594 2054 βασιλέων,
625 1966 701 2054 ot‘
731 1962 799 2022 οὗ
827 1969 887 2023 αἱ
921 1971 1032 2026 τῶν
1065 1974 1234 2045 τριῶν
1271 1978 1625 2052 καθαιρέσεις
1657 1960 1908 2054 ἐλέγοντο

315 2044 444 2101 εἶναι.
487 2050 734 2118 δεκτέαι,
788 2044 1218 2132 ἐφρουρούμεθα
1263 2067 1422 2134 τέως,
1447 2044 1823 2138 hostem};
1847 2075 1910 2129 τὸ

328 2139 694 2234 ὶκῦησόμενον.
721 2148 880 2220 Πλὴν
901 2151 1336 2229 εὐχαριστοῦμεν
1360 2160 1439 2231 τῷ
1463 2161 1604 2234 Θεῷ,
1628 2165 1758 2219 ὅταν
1777 2183 1908 2220 κατ·-

332 2229 639 2329 αξιινθῶμεν
667 2240 804 2313 ὑπὲρ
850 2244 952 2298 τοῦ
994 2245 1261 2320 ὀνόματος
1289 2229 1458 2308 αὑτοῦ
1477 2295 1492 2320 ,
1542 2229 1604 2310 οὐ
1633 2257 1908 2329 δεσμῶται

327 2323 570 2388 γενέσθαι
598 2329 774 2396 μόνον,
813 2333 958 2388 ἀλλὰ
994 2335 1103 2408 γὰρ
1142 2340 1234 2393 καὶ
1266 2341 1338 2396 τὰ
1365 2342 1530 2416 ἕτερα
1565 2323 1744 2400 πάντα
1771 2348 1907 2400 ὑπο-

317 2418 492 2510 μεῖναι
523 2436 536 2447 ’
568 2422 628 2473 ού
664 2424 778 2494 γὰρ
809 2426 1048 2496 ἄμισθον
1100 2432 1163 2485 τὺ
1199 2436 1434 2507 πρᾶγμά
1463 2438 1632 2492 ἐστιν.
1667 2439 1780 2493 Ούκ
1813 2441 1909 2510 ὴνο

311 2506 493 2577 ἐτχετο
516 2511 573 2564 δὲ
593 2515 627 2584 ή
650 2515 881 2582 σύνοδος
901 2524 1233 2595 κοινωνῆσαι
1274 2506 1518 2600 Ἰωάννῃ,
1543 2529 1661 2582 ἀλλ’
1693 2506 1907 2585 ἐνίστα-

420 2601 680 2670 λέγουσα·
735 2608 875 2664 Ἰδοὺ
913 2612 983 2666 τὰ
1031 2613 1290 2686 σώματα,
1323 2618 1434 2673 ἰδοὺ
1489 2621 1546 2672 αἱ
1591 2620 1902 2693 ἐκκλησίαι,

468 2697 525 2749 αί
579 2699 795 2766 πόλεις,
837 2702 1090 2769 ἐξουσίαν
1143 2707 1317 2780 ἔχετε*
1373 2711 1524 2782 ἡμᾶς
1576 2690 1905 2786 κοινωνῆσαι

298 2783 559 2876 ἁόύνατον
587 2791 706 2855 τοῖς
729 2793 1094 2864 ἁνατολικοῖς,
1121 2799 1188 2855 ἂν
1217 2801 1291 2873 μὴ
1315 2802 1449 2876 λυθῇ
1471 2804 1538 2859 τὰ
1555 2783 1900 2861 κατασκευαα

296 2873 492 2929 σθέντα
522 2879 590 2932 ἐκ
616 2882 719 2950 τῆς
750 2885 936 2940 αὐτῶν
981 2894 1352 2960 συκοφαντίας
1390 2873 1534 2950 κατὰ
1560 2898 1668 2952 τῶν
1693 2900 1905 2954 συλλει-

291 2971 546 3065 τουργῶν
579 2973 767 3065 ἡμῶν,
789 2979 1173 3053 ὁμολογήσωσι
1210 2983 1268 3040 δὲ
1315 2989 1411 3041 καὶ
1459 2989 1558 3061 τὴν
1611 2991 1794 3046 πίστιν
1822 2994 1905 3065 ὀρ.

2010 1889 2192 1960 stique
2211 1891 2512 1946 amantium
2531 1893 2930 1963 imperatorum
2953 1893 3172 1960 litterae,
3198 1895 3402 1965 quibus
3426 1896 3593 1949 trium

2009 1977 2385 2049 depositiones
2429 1980 2760 2038 dicebantur
2808 1984 3210 2053 suscipiendae,
3267 1986 3420 2040 lecta:
3473 1985 3592 2042 fue-

2009 2076 2159 2135 runt,
2175 2071 2440 2126 custodia:
2473 2071 2660 2128 traditi
2693 2088 2904 2141 sumus,
2934 2083 2992 2130 et
3020 2075 3201 2132 adhuc
3218 2077 3586 2144 eustodimur,

2009 2160 2186 2230 ignari
2237 2178 2469 2232 prorsus
2511 2178 2625 2234 quo
2671 2165 2894 2220 tandem
2946 2181 3035 2222 res
3059 2166 3177 2222 haec
3223 2169 3295 2223 sit
3338 2184 3590 2224 evasura.

2011 2249 2403 2306 Verumtamen
2429 2252 2634 2322 gratias
2655 2253 2870 2324 agimus
2893 2254 3027 2319 Deo,
3073 2256 3218 2325 quod
3245 2272 3347 2326 pro
3371 2258 3592 2314 nomine

2009 2341 2157 2397 illius
2173 2342 2324 2412 digni
2345 2343 2672 2409 habeamur,
2690 2359 2801 2400 non
2819 2347 2997 2400 solum
3015 2348 3251 2403 vinculis
3267 2351 3591 2422 constringi,

2007 2433 2105 2489 sed
2130 2442 2326 2489 caetera
2352 2449 2573 2506 quoque
2605 2437 2790 2490 omnia
2815 2438 3028 2508 perpeti
3055 2456 3070 2504 ;
3101 2455 3283 2509 neque
3314 2443 3463 2496 enim
3488 2444 3593 2499 ista

2007 2525 2251 2595 praemiis
2291 2526 2410 2580 suis
2453 2527 2742 2582 carebunt.
2786 2528 2907 2583 Non
2952 2530 3134 2598 potuit
3178 2540 3362 2586 autem
3404 2542 3592 2589 sancta

2007 2617 2251 2688 synodus
2278 2617 2489 2684 induci,
2511 2627 2574 2673 ut
2593 2633 2720 2674 cum
2745 2617 2955 2675 Joanne
2982 2623 3455 2692 communicaret;
3494 2625 3590 2680 sed

2007 2709 2236 2775 resistit,
2262 2708 2454 2766 dicens
2485 2727 2498 2764 :
2525 2711 2668 2768 Ecce
2703 2727 2954 2783 corpora,
2995 2729 3126 2770 ecce
3150 2717 3433 2783 ecclesias,
3462 2733 3591 2774 ecce

2005 2801 2294 2869 civitates;
2352 2811 2681 2873 potestatem
2724 2805 2942 2862 habetis
2969 2824 2982 2861 :
3011 2823 3113 2863 nos
3132 2817 3316 2864 autem
3341 2820 3403 2865 ut
3436 2811 3592 2881 prius

2005 2908 2132 2947 cum
2181 2892 2555 2951 Orientalibus
2603 2897 3098 2963 communicemus,
3157 2916 3323 2970 quam
3367 2917 3433 2956 ea
3475 2902 3589 2957 dis-

2006 2988 2312 3054 solvantur,
2338 3003 2460 3059 qute
2481 3004 2582 3060 per
2605 2990 2822 3046 illorum
2853 2991 3182 3048 calumniam
3214 3003 3404 3050 contra
3435 3010 3589 3049 com-

288 3055 410 3170 θήν,
465 3060 998 3132 Καταγινώσκονται
1044 3073 1155 3147 γὰρ
1204 3073 1271 3130 τὰ
1311 3055 1632 3150 Νεστορίου,
1677 3082 1772 3135 καὶ
1803 3055 1894 3138 λοὶ-

2008 3079 2291 3137 ministros
2316 3089 2538 3137 nostros
2566 3092 2881 3153 comparata
2905 3093 3052 3152 sunt,
3098 3101 3163 3141 ac
3185 3093 3392 3141 rectam
3426 3087 3588 3142 tidem

290 3147 540 3248 λοῦντες,
576 3157 673 3208 καὶ
703 3160 1052 3229 φρονοῦντες,
1077 3165 1172 3218 καὶ
1191 3147 1605 3238 ὁμολογοῦντες.
1651 3171 1717 3228 Ἢ
1748 3175 1899 3227 πᾶσα

2008 3171 2389 3237 confiteantur,
2426 3171 2481 3227 id
2509 3171 2628 3226 ﬁeri
2655 3147 2808 3229 nullo
2831 3174 2997 3228 modo
3021 3147 3220 3245 potest.
3247 3175 3592 3248 Dignoscun-

290 3238 388 3336 οὖν
443 3243 708 3313 ἔνστασις
759 3252 819 3305 ὲν
867 3254 1102 3320 τούτοις.
1154 3259 1518 3330 Εύχέσθωσαν
1552 3263 1692 3336 ὑπὲρ
1738 3265 1899 3336 ἡμῶν

2008 3270 2088 3317 tur
2109 3261 2258 3317 enim
2280 3261 2523 3317 Nestorii
2546 3261 2798 3334 dogmata
2823 3238 3212 3334 loqui,sentirc
3233 3273 3290 3320 et
3310 3238 3583 3321 confiteri.

291 3334 496 3426 παντες
535 3341 590 3392 οξ
617 3341 915 3412 όρθόδοξοι.
961 3348 1054 3412 Ὧς
1082 3349 1191 3423 γάρ
1220 3369 1388 3424 φησιν
1430 3355 1460 3407 ό
1495 3334 1770 3426 μακάριος
1784 3334 1895 3410 ήΔα-

286 3423 394 3477 είδι
433 3445 454 3477 ι
507 3429 658 3498 Ἐγὼ
687 3432 745 3487 δὲ
783 3436 864 3501 είς
896 3437 1174 3509 μάστιγας
1203 3423 1442 3516 ἕτοιμος.
1482 3423 1500 3494 ἰ

1997 3353 2135 3409 Tota
2167 3353 2354 3423 itaque
2401 3353 2684 3408 contentio
2730 3353 2786 3408 in
2810 3354 2899 3409 his
2931 3355 3108 3424 posita
3131 3362 3237 3410 est.
3285 3356 3587 3410 Precentur

1994 3539 2072 3592 ait
2099 3554 2111 3591 :
2144 3556 2162 3589 ι
2184 3537 2298 3609 Ego
2325 3553 2459 3593 vero
2483 3537 2540 3592 in
2571 3537 2784 3609 ﬂagella
2812 3545 3038 3608 paratus
3066 3552 3189 3594 sum
3207 3538 3307 3592 θ’.»

1468 3774 1808 3834 EPISTOLA
1845 3775 2020 3833 XXIX
2060 3776 2156 3850 (οι.
2195 3775 2435 3848 XXVII).

1245 3903 1413 3943 ALYPII
1459 3894 1837 3949 APOSTOLORIII
1896 3908 2220 3951 PRESBYTER!
2274 3909 2340 3948 AD
2391 3908 2671 3955 CYBILLUM.

1330 4027 1563 4088 Summis
1595 4033 1841 4091 laudibus
1873 4036 2232 4092 constantiam
2261 4035 2374 4107 ejus
2395 4035 2560 4106 effert.

346 4152 447 4224 Τῷ
481 4152 784 4226 ἁγιωτάτῳ
807 4156 905 4210 καὶ
945 4157 1350 4234 θεοφιλεστάτῳ
1389 4165 1485 4220 καὶ
1511 4166 1892 4241 ἀρχιερουργῷ

277 4243 550 4316 Κυρίλλῳ
585 4257 614 4286 ⁸
663 4245 920 4312 ’Δλύπιος
947 4249 1328 4323 πρεσϐύτερος
1369 4252 1478 4308 τῶν
1518 4257 1892 4324 ’Δποστόλων,

278 4337 337 4390 ἑν
364 4337 576 4408 Κυρίῳ
624 4337 860 4409 χαίρειν.

2008 4353 2251 4408 salutem.

345 4427 656 4498 Μακάριος
685 4429 997 4500 ἄνθρωπος,
1024 4431 1083 4486 ὃν
1109 4432 1445 4498 καταξιώσει
1476 4435 1504 4477 1³
1529 4439 1558 4492 ὁ
1585 4438 1717 4503 Θεὸς
1739 4440 1894 4511 πρῶ-

2055 4444 2257 4498 Beatus
2299 4441 2498 4509 homo,
2547 4459 2710 4513 quem
2743 4442 2984 4514 primum
3012 4445 3158 4501 Deus
3183 4446 3410 4518 dignum
3442 4464 3574 4506 cen-

276 4537 366 4574 τον
430 4521 554 4585 τοῖς
607 4521 711 4592 τῆς
761 4523 990 4596 ἀγάπης
1022 4525 1321 4598 ὀφθαλμοῖς
1357 4527 1483 4582 ίδεϊν
1522 4531 1622 4602 τὴν
1665 4531 1888 4602 θεοφιλῆ

2008 4533 2170 4589 suerit
2203 4542 2455 4590 sanctum
2484 4535 2709 4606 Deoque
2736 4535 3006 4591 dilectum
3035 4546 3205 4608 caput
3230 4547 3388 4594 tuum
3433 4557 3578 4597 mar-

276 4609 373 4662 καὶ
405 4609 582 4679 ἁγίαν
615 4627 713 4664 σου
741 4613 1009 4686 κεφαλὴν,
1033 4615 1136 4687 τῆς
1164 4619 1458 4690 ὁμολογίας
1491 4623 1585 4676 τὸν
1613 4623 1708 4677 τοῦ
1747 4641 1888 4695 μαρ-

2008 4626 2123 4698 .yrii
2140 4626 2503 4683 confessionis
2521 4629 2685 4684 sertis
2711 4628 3027 4685 redimitum
3059 4630 3372 4689 dilectionis
3402 4635 3578 4690 oculis

275 4702 476 4797 τυρίού
494 4701 772 4797 στέφανον
787 4705 1062 4777 φέρουσαν
1079 4720 1124 4764 ο.
1147 4711 1220 4764 Σὺ
1241 4711 1372 4784 γὰρ,
1388 4715 1657 4784 ἁγιώτατε
1681 4717 1884 4789 Πάτερ,

2008 4718 2270 4773 :ontueri.
2305 4718 2388 4773 Tu
2418 4721 2588 4786 enim,
2628 4721 2974 4778 sanctissime
3002 4724 3185 4790 Pater,
3217 4724 3463 4797 vigilanti
3489 4729 3574 4782 lu-

275 4789 373 4862 τὴν
399 4790 520 4845 τῶν
547 4792 728 4861 ἁγίων
762 4794 1022 4868 Πατέρων
1044 4798 1164 4854 όδὸν
1191 4801 1483 4876 ὲγρηγόρῳ
1505 4804 1583 4876 τῷ
1614 4806 1824 4878 ὄμματι
1853 4809 1880 4848 ά

2008 4809 2140 4866 nine
2167 4819 2488 4867 sanctorum
2508 4813 2735 4868 Patrum
2776 4813 2926 4870 viam
2957 4817 3194 4885 trivisti;
3251 4827 3308 4872 tu
3335 4829 3573 4891 utroque

275 4883 732 4956 περιεπάτησας,
768 4887 1015 4954 καὶτοὺς
1047 4890 1409 4962 χωλαίνοντας
1454 4905 1478 4936 ο
1520 4897 1606 4950 ἐπ’
1643 4899 1883 4969 ἀμφοτέο

2008 4902 2198 4972 )oplite
2241 4904 2648 4960 claudicantes‘
2675 4915 2826 4962 recta
2864 4907 2935 4962 ad
2973 4883 3262 4966 veritatem
3285 4911 3393 4981 93
3419 4883 3574 4968 ince-

278 4989 402 5041 ραις
445 4976 580 5037 ταῖς
643 4975 859 5045 ίγνύαις
915 4980 1232 5052 όρθοποδεῑν
1283 4985 1421 5054 πρὸς
1469 4987 1570 5058 τὴν
1621 4988 1883 5060 ἀλήθειαν

2008 4991 2120 5047 lere
2145 4993 2417 5062 docuisti;
2453 5003 2512 5050 tu
2535 4994 2790 5051 ﬁduciam
2817 4996 3046 5053 indutus
3067 5015 3127 5054 es
3151 4975 3328 5065 Elite:
3345 4975 3403 5052 t‘u
3420 5001 3572 5054 solus

2063 4169 2446 4234 Sanctissimo,
2512 4169 2736 4240 Deoque
2761 4169 3124 4228 dilectissimo
3159 4174 3578 4248 archiepiscopo

1986 4261 2214 4333 Cyrillo,
2244 4261 2471 4333 Alypius
2489 4261 2882 4331 Apostolorum
2908 4265 3220 4336 presbyter,
3259 4268 3315 4321 in
3339 4268 3578 4324 Domino

277 5065 552 5132 ἐδίδαξαςο
593 5069 662 5122 σὺ
683 5070 786 5138 τὴν
819 5075 1140 5145 παρρησίαν
1163 5076 1258 5131 τοῦ
1301 5078 1458 5133 Ἠλία
1495 5079 1751 5148 ὲνεδύσω,
1790 5083 1883 5136 καὶ

2008 5083 2226 5140 ηιὶιιοεε
2273 5086 2450 5140 zelum
2495 5088 2919 5157 assumpsisti’;
2957 5098 3015 5144 tu
3051 5091 3281 5158 impium
3305 5093 3567 5144 venenosi

275 5158 366 5211 τὸν
400 5157 576 5229 ζῆλον
604 5159 702 5214 τοῦ
729 5163 916 5228 Φινεὲς
949 5169 1108 5237 μόνος
1139 5169 1456 5240 ἀνείληφας·
1501 5173 1564 5226 σὺ
1601 5173 1661 5225 τὸ
1692 5173 1884 5226 δυσσε-

2008 5174 2244 5231 Iraconis
2270 5191 2334 5231 os
2358 5177 2630 5233 obturasti
2651 5179 2705 5244 ³;
2768 5188 2826 5232 ιιι
2864 5193 3118 5234 voracem
3144 5180 3238 5234 Bel
3275 5179 3562 5244 evertisti;

277 5247 371 5312 εὶς
404 5248 598 5320 στόμα
638 5250 737 5304 τοῦ
798 5253 1008 5308 ίοϐόλου
1058 5257 1354 5328 δράκοντος
1401 5261 1731 5334 ἐνέφραξαςο
1788 5265 1883 5318 καὶ

2013 5284 2045 5322 ιι
2069 5267 2292 5324 inanem
2314 5269 2465 5325 illius
2487 5286 2663 5341 spem,
2712 5272 2818 5327 hoc
2836 5280 2942 5334 est,
2967 5271 3306 5324 dominatum
3345 5279 3402 5325 et
3428 5287 3564 5341 pra:-

280 5339 371 5393 τὲν
407 5341 738 5412 πολυφάγον
783 5345 894 5416 Βὴλ
945 5348 1340 5420 κατέστρεψας·
1382 5354 1476 5408 καὶ
1515 5355 1615 5425 τὴν
1647 5354 1880 5426 μάταιον

2008 5359 2282 5416 ›ἰάρηῑίιιιη
2325 5378 2434 5417 aere
2479 5339 2808 5432 coemptam,
2853 5361 3159 5416 labefeeisti
3203 5372 3257 5418 et
3285 5378 3562 5434 compres-

336 5495 384 5528 "
407 5496 559 5552 Psal.
587 5513 792 5564 xxxv",
820 5499 906 5554 18.
989 5503 1005 5533 ¹
1033 5503 1100 5558 ιιι
1132 5505 1264 5577 Reg.
1300 5524 1451 5573 xvtu,
1479 5508 1564 5562 2|.
1646 5511 1665 5540 ⁹
1691 5510 1760 5565 IIl
1805 5512 1937 5584 Reg.
1997 5530 2107 5581 xxx,
2160 5517 2183 5569 l
2236 5532 2389 5588 seqq.
2468 5518 2488 5549 ³
2516 5518 2676 5572 Num.
2703 5534 2828 5582 xxv,
2855 5519 2883 5570 7
2917 5534 3068 5588 seqq.

1393 5645 1566 5701 Variae
1587 5646 1849 5704 lectiones
1881 5652 2088 5709 codicis
2123 5654 2483 5726 Seguieriani.

315 5773 342 5804 ³
373 5765 800 5840 ἀρχιεπισκόπῳ
833 5769 1106 5841 Κυρίλλῳ.
1184 5774 1210 5814 ι’
1245 5773 1310 5828 ἂν
1341 5775 1670 5850 καταξιώσῃ.
1749 5792 1769 5821 ε
1805 5783 2096 5855 φοροῦσαν.
2166 5787 2190 5826 εί
2219 5787 2504 5859 ἐγρηγόρει)
2536 5786 2764 5857 ὄμματι.
2841 5800 2862 5828 ε
2895 5787 3251 5860 χωλεύοντας.

1994 3461 2096 3514 pro
2139 3444 2302 3500 nobis
2332 3443 2627 3500 orthodoxi
2660 3459 2874 3500 omnes.
2913 3445 2982 3502 Ut
3010 3445 3160 3499 enim
3184 3445 3381 3501 beatus
3411 3443 3584 3500 David
3693 3507 3702 3516 _
