4058 6438
494 344 597 402 147

1518 349 1576 406 S.
1615 348 1894 410 CYRILLI
1933 350 2402 410 ALEXANDRINI
2442 352 2759 413 ARClllEP.

3647 356 3748 414 iii!

495 467 638 533 sisti,
686 483 980 542 aureaque
1019 479 1217 529 statuae
1257 482 1582 546 apparatum
1626 448 1918 548 perdidisti
1939 477 1977 532 ⁵.
2005 478 2075 532 Et

2177 477 2343 532 αὐτοῦ
2386 478 2578 532 ὲλπίδα
2620 480 2715 534 διὰ
2757 479 2776 517 ί
2807 478 3109 551 χρημάτων
3128 478 3280 550 αύτῷ
3325 475 3747 547 ὲπιγενομένην,

494 562 787 631 qualenam
812 579 877 620 os
896 564 1243 636 spiritalibus
1260 571 1561 641 unguentis
1577 570 1846 626 refertum
1869 572 1974 626 zeli
1991 571 2075 625 tui

493 654 745 709 encomia
783 658 1096 726 exprimere
1127 661 1327 726 valeat,
1366 669 1426 716 ut
1471 661 1567 732 qui
1604 662 1751 717 beati
1779 662 2073 733 Theophili

494 745 751 799 avunculi
782 746 861 801 tui
885 747 1164 817 perfectus
1186 750 1431 807 imitator
1448 754 1716 820 evaseris,
1736 754 1847 809 imo
1858 764 1915 809 et
1927 753 2074 809 beati

493 834 646 890 illius
667 835 953 895 Athanasii
997 842 1264 914 martyrio
1297 854 1599 902 coronatus
1619 847 1733 903 sis?
1764 848 1983 904 Etenim
2014 853 2077 902 ut

496 926 591 982 ille
644 929 909 997 precibus
953 934 1309 1002 propulsatas,
1334 935 1659 1007 iniquorum
1688 937 2075 995 haereticorum

496 1015 937 1075 machinationes
966 1021 1196 1090 perinde
1215 1038 1281 1079 ac
1299 1027 1560 1096 scopulos
1588 1027 1835 1089 evitavit,
1876 1030 1957 1085 sic
1983 1036 2076 1084 tua

496 1119 720 1177 quoque
748 1109 1016 1166 sanctitas
1056 1111 1233 1183 iniqui
1262 1114 1412 1171 illius
1431 1128 1665 1174 conatus
1687 1119 1813 1175 vita:
1840 1121 2075 1192 integri-

497 1203 609 1252 tate
654 1199 1116 1273 conscientiaeque
1139 1207 1404 1275 puritate,
1438 1210 1611 1266 veluti
1636 1211 1885 1269 inﬁrmas
1907 1228 2075 1282 quas-

496 1289 624 1343 dam
652 1292 923 1360 procellas
944 1295 1177 1352 sedavit.
1231 1296 1323 1355 Sic
1343 1300 1492 1356 enim
1532 1309 1591 1357 et
1610 1302 1809 1361 beatus
1830 1305 2075 1361 Atliana-
2114 1338 2124 1348 -

498 1379 615 1435 sius
644 1389 768 1451 post
791 1384 992 1440 multas
1016 1385 1182 1443 falsas
1205 1390 1644 1465 criminationes,
1671 1410 1809 1465 quas
1830 1397 2077 1453 haaretici

498 1470 550 1523 ei
581 1471 983 1543 impingebant,
1016 1462 1306 1545 refutatas,
1356 1462 1720 1554 exsiliumque
1750 1500 1942 1564 eorum
1976 1487 2077 1543 de-

497 1571 652 1618 creto
701 1564 798 1633 qui
848 1572 980 1622 tunc
1034 1583 1221 1624 rerum
1270 1572 1649 1642 potiebantur,
1679 1577 1867 1633 ethoc
1896 1579 2077 1648 ipsum

498 1652 618 1709 ﬁeri
653 1656 941 1723 curabant,
978 1660 1255 1729 patienter
1283 1663 1601 1732 toleratum,
1645 1666 1702 1722 id
1745 1678 2079 1727 consecutus

495 1752 601 1811 est,
628 1755 690 1802 ut
716 1762 784 1803 eo
811 1764 1030 1820 semper
1054 1752 1249 1822 purior
1277 1754 1655 1829 illustriorque
1677 1760 1939 1816 evaderet
1958 1762 2079 1817 lon-

497 1839 838 1909 ganimitate,
861 1842 950 1899 his
971 1846 1347 1916 praerogativis
1369 1851 1543 1921 magis
1568 1852 1944 1922 resplendens,
1967 1869 2078 1925 quo
2108 1846 2151 1901 Β

499 1929 671 2000 magis
722 1930 940 2002 impura
967 1933 1059 1988 illa
1088 1949 1187 1990 ora
1209 1935 1376 1993 falsas
1407 1939 1825 2000 criminationes
1856 1944 1961 2015 ipsi
1987 1945 2076 1999 in-

499 2023 805 2079 tentabant.
861 2025 1042 2096 Atque
1076 2026 1163 2082 bis
1196 2032 1602 2090 certaminibus
1633 2036 1885 2108 martyrii
1913 2053 2077 2095 coro-

498 2128 624 2167 nam
643 2114 734 2171 ille
755 2116 861 2172 sibi
877 2127 1126 2186 nectens,
1145 2122 1777 2182 consubstantialitatem
1789 2129 2074 2197 stabilivit,

497 2222 929 2281 perversamque
975 2212 1093 2268 Arii
1142 2213 1454 2275 doctrinam
1492 2218 1746 2286 calcavit,
1791 2230 1851 2276 et
1879 2222 2077 2277 ortho-

496 2298 716 2356 doxiam
767 2303 953 2359 denuo
993 2307 1193 2372 erexit,
1236 2322 1305 2363 ac
1329 2310 1504 2366 sancti
1528 2311 1697 2367 Marci
1727 2315 2079 2385 evangelista:

496 2393 683 2448 sedem
732 2397 789 2450 in
831 2397 1072 2455 sublime
1111 2401 1311 2456 extulit
1340 2419 1357 2455 ι
1383 2402 1587 2473 quibus
1625 2414 1686 2461 tu
1722 2406 1888 2461 etiam
1919 2423 2075 2473 usus,

495 2486 668 2541 sancti
700 2486 851 2543 illius
877 2490 1128 2561 vestigiis
1158 2492 1392 2565 impigre
1421 2494 1693 2552 institisti.
1743 2496 1946 2554 Precor
1971 2498 2079 2556 ita-

495 2594 623 2648 que,
650 2582 997 2639 sanctissime
1021 2583 1203 2649 Pater,
1230 2593 1293 2638 ut
1310 2585 1508 2656 dignus
1529 2586 1826 2658 aliquando
1842 2588 2075 2657 habear,

493 2671 589 2740 qui
617 2679 671 2727 te
697 2673 883 2728 virum
911 2684 1167 2730 sanctum
1190 2691 1376 2732 coram
1402 2692 1647 2745 cernam,
1674 2689 1882 2751 tuaque
1900 2696 2078 2752 genua

496 2764 833 2834 complectar
858 2806 875 2832 ,
929 2774 986 2823 et
1036 2776 1287 2839 tempore
1337 2770 1492 2840 pacis
1547 2773 1796 2827 coronati
1822 2773 2080 2845 martyris

495 2866 800 2928 conspectu
822 2858 996 2915 fruar.
1031 2860 1364 2918 Universum
1395 2879 1583 2919 rerum
1609 2874 1923 2922 nostrarum
1963 2875 2077 2924 sta-

2177 570 2537 641 προστασίαν,
2567 571 2744 641 ἀργὴν
2799 571 2895 623 καλ¹
2952 572 3243 642 ἀνίσχυρον
3287 572 3313 610 8
3370 568 3748 638 κατέστησαςο

2176 661 2272 714 καὶ
2296 661 2358 714 τὸ
2386 663 2817 733 κατασκεύασμα
2843 663 2942 734 τῆς
2972 663 3178 734 χρυσῆς
3216 661 3421 724 εἰκόνος
3444 658 3639 730 νεκρὸν
3658 674 3751 726 γε·

2176 753 2363 808 νέσθαι
2390 754 2673 826 ἐποίησας.
2712 756 2824 810 Καὶ
2855 757 3006 809 ποῖον
3035 755 3232 826 στόμα,
3256 755 3442 825 μύρων
3471 750 3752 820 ἀπογέμον

2177 848 2589 919 πνευματικῶν,
2632 847 2916 919 δυνήσεται
2967 846 3303 917 φθέγξασθαι
3328 844 3423 899 τοῦ
3455 843 3618 915 ζήλου
3653 841 3750 895 τοῦ

2179 938 2274 993 σοῦ
2320 938 2390 992 τὰ
2431 938 2725 1010 έγκώμια;
2763 938 2928 993 ὁπότε
2973 939 3086 1002 ίσος
3132 937 3319 1006 ἐγένου
3349 936 3446 990 τοῦ
3479 933 3754 1006 μακαρίου

2176 1030 2438 1100 Θεοφίλου
2478 1031 2575 1085 τοῦ
2616 1030 2711 1085 σοῦ
2742 1030 2886 1085 θείου
2916 1031 3161 1101 μιμητής
3183 1047 3199 1062 ·
3227 1028 3364 1084 ἀλλά
3398 1028 3493 1081 καὶ
3518 1026 3583 1081 τὸ
3610 1041 3756 1096 μαρ-

2176 1123 2362 1195 τύριον
2384 1124 2478 1178 τοῦ
2507 1123 2779 1195 μακαρίου
2822 1122 3142 1178 ’Δθανασίου
3164 1121 3397 1176 ὲνεδύσω
3412 1122 3466 1174 h.
3480 1117 3759 1188 Καθάπερ

2177 1215 2286 1286 γὰρ
2336 1216 2547 1279 ἐκεῖνος
2585 1216 2694 1269 τῶν
2737 1215 2956 1286 ἀνόμων
2988 1213 3282 1285 αίρετικῶν
3330 1212 3431 1276 τὰς
3483 1209 3759 1272 συσκευάς

2177 1307 2252 1371 ὡς
2275 1307 2539 1371 σπιλάδας
2574 1307 2826 1378 ἐξέφυγε,
2876 1310 2995 1371 ταῖς
3021 1308 3347 1379 προσευχαῖς
3371 1305 3759 1375 ἀπωσάμενος,

2183 1398 2328 1453 οὕτω
2367 1400 2460 1454 καὶ
2498 1401 2532 1471 ή
2571 1399 2639 1472 σὴ
2677 1400 2955 1471 ἀγιωσύνη
2995 1400 3095 1464 τὰς
3123 1399 3394 1464 ωσκευάς
3420 1396 3517 1453 τοῦ
3549 1396 3761 1467 ἀνόμου

2178 1491 2367 1564 ὥσπερ
2395 1491 2666 1558 λαίλαπας
2682 1492 2929 1558 ἀσθενεῖς
2943 1490 3333 1564 κατεκοίμισας
3363 1493 3407 1556 ἱ,
3434 1490 3511 1561 τῷ
3527 1486 3764 1585 καθαρῷ

2177 1584 2278 1654 τῆς
2339 1585 2696 1657 συνειδήσεως
2726 1584 2848 1657 βίῳ.
2880 1585 3040 1640 Οὕτω
3065 1584 3175 1656 γὰρ
3217 1583 3313 1638 καὶ
3357 1583 3387 1635 ό
3432 1580 3703 1653 μακάριος
3733 1580 3753 1629 i

2192 1675 2510 1740 Ἀθανάσιος
2552 1676 2689 1749 μετὰ
2731 1675 2933 1741 πολλὰς
2962 1677 2991 1717 Ιι
3034 1675 3135 1740 τὰς
3175 1674 3389 1746 ψευδεῖς
3425 1670 3766 1741 ἐπαγγελίας

2178 1767 2277 1831 τὰς
2325 1768 2432 1822 ὑπὸ
2488 1768 2783 1840 αἱρετικῶν
2830 1767 2982 1839 αὐτῷ
3039 1765 3499 1839 προσγενομένας,
3554 1761 3766 1825 ἑώλους

2179 1860 2454 1927 ἀπέδειξε,
2486 1863 2582 1916 καὶ
2620 1861 2925 1932 ἀλλοδαπὴν
2950 1861 3170 1932 οἰκῆσαι
3196 1856 3523 1922 κατεδέξατο
3541 1854 3767 1925 ὲξορίας

2177 1950 2344 2024 λόγῳ,
2391 1953 2503 2007 τῶν
2544 1954 2665 2009 τότε
2719 1952 3068 2024 κρατούντων
3112 1951 3271 2005 τοῦτο
3319 1947 3766 2003 κατασκευασάν-

2177 2061 2306 2098 των·
2347 2046 2442 2099 καὶ
2486 2046 2614 2099 ὅσον
2658 2046 2918 2100 ἔσπευδον
2957 2043 3029 2099 τά
3068 2042 3244 2115 μιαρά
3287 2042 3471 2095 ἐκεῖνα
3512 2038 3769 2109 στόματα

2179 2136 2400 2192 πλέκειν
2441 2137 2614 2209 ψευδῆ
2676 2138 3028 2210 ἐγκλήματα,
3081 2134 3321 2205 τοσούτῳ
3373 2129 3769 2203 καθαρώτερος

2179 2231 2274 2285 καὶ
2313 2229 2694 2303 λαμπρότερος
2724 2229 3070 2284 ἀνεδείκνυτο
3110 2229 3178 2299 τῇ
3229 2223 3610 2298 μακροθυμίᾳ,
3648 2221 3772 2275 δια-

2178 2319 2412 2391 λάμπων
2457 2320 2672 2384 τούτοις
2717 2322 2827 2384 τοῖς
2880 2319 3340 2390 πλεονεκτήμασι.
3392 2315 3503 2370 Καὶ
3547 2311 3771 2375 τούτοις
3856 2364 3859 2373 λ

2178 2415 2290 2476 τοῖς
2315 2410 2499 2474 ἄθλοις
2523 2409 2616 2464 τὸν
2656 2408 2923 2479 στέφανον
2940 2408 3039 2463 τοῦ
3082 2404 3382 2480 μαρτυρίου
3413 2401 3592 2473 ἑαυτῷ
3630 2399 3771 2453 πλέ-

2180 2497 2299 2564 ξας,
2315 2497 2378 2550 τὸ
2394 2495 2679 2566 δμοούσιον
2695 2496 2913 2568 ἔστησε,
2934 2498 3027 2551 καὶ
3058 2496 3157 2568 τὴν
3197 2493 3409 2564 ’Δρείου
3438 2489 3773 2556 κακοδοξίαν

2182 2587 2548 2658 κατεπάτησε,
2583 2588 2679 2641 καλ⁸
2718 2585 2816 2659 τὴν
2849 2586 3162 2659 όρθοδοξίαν
3202 2586 3501 2656 ἀνέστησε,
3538 2581 3633 2636 καὶ
3664 2580 3774 2634 τὸν

2178 2678 2336 2748 ἅγιον
2366 2677 2462 2733 τοῦ
2495 2679 2883 2749 εὐαγγελιστοῦ
2923 2680 3153 2751 Μάρκου
3186 2679 3376 2752 θρόνον
3410 2677 3645 2747 ὕψωσεν·
3675 2670 3775 2740 οἷς

2127 2826 2136 2833 ,
2179 2771 2275 2826 καὶ
2303 2772 2468 2835 αὐτὸς
2495 2772 2861 2844 χρησάμενος,
2912 2772 3140 2827 κατόπιν
3185 2773 3396 2825 ἐκείνου
3450 2769 3546 2823 τοῦ
3599 2768 3775 2837 ἁγίου

2181 2862 2616 2933 περιεπάτησας.
2673 2863 2918 2936 Εΰχομαι
2958 2864 3159 2932 τοίνυν,
3216 2862 3489 2933 ἀγιὼτατε
3538 2861 3775 2931 Πάτερ,

497 2958 638 3016 tum,
664 2951 946 3021 quomodo
978 2967 1104 3010 cum
1136 2953 1339 3011 ﬁducia
1357 2956 1660 3028 egerimus,
1694 2958 1807 3013 tuis
1854 2968 2078 3015 sancto-

2179 2954 2586 3027 καταξιωθῆναι
2619 2958 2805 3021 αὐτοῖς
2845 2957 3147 3029 ὀφθαλμοῖς
3193 2957 3322 3011 ίδεῖν
3367 2954 3430 3008 τὸ
3474 2953 3775 3058 ἆγιόνὶσιίυ

496 3057 731 3112 rumque
759 3042 985 3100 Patrum
1032 3046 1293 3116 precibus
1322 3046 1471 3113 freti,
1521 3057 1580 3103 et
1614 3064 1960 3121 quaecunque
1991 3052 2079 3108 fc-

2180 3048 2496 3121 πρόσωπον,
2537 3050 2632 3105 καὶ
2666 3053 2941 3123 κρατῆσαι
2964 3050 3073 3104 σῶν
3100 3051 3366 3120 γονάτων,
3402 3047 3497 3101 καὶ
3521 3045 3780 3102 ἁπολαῦ-

499 3131 697 3198 cimus,
722 3132 1100 3192 Candidianus
1121 3137 1665 3206 di-lectusdiaconus,
1685 3141 1777 3212 qui
1791 3143 2081 3212 parvitatis

2182 3159 2274 3197 σαι
2308 3142 2626 3214 μάρτυρος,
2681 3145 2740 3197 ὲν
2782 3143 2960 3216 καιρῷ
3005 3144 3230 3215 εἰρήνης
3271 3143 3401 3205 τοὺς
3460 3138 3777 3242 στεφάνους

498 3239 633 3281 mea:
678 3225 892 3283 litteras
919 3229 1201 3285 sanctitati
1230 3240 1339 3287 tua:
1361 3231 1561 3298 defert,
1604 3248 1792 3289 coram
1817 3243 2076 3304 exponet.

2178 3233 2616 3304 ἀναδησαμένου.
2647 3232 2900 3287 ’Δπαντα
2931 3233 2988 3288 δὲ
3021 3232 3090 3286 τά
3134 3230 3254 3286 καθ’
3276 3232 3446 3302 ἡμᾶς,
3482 3228 3559 3293 ὡς
3590 3227 3781 3330 sita?—

496 3318 687 3375 Saluto
738 3321 1055 3379 universam
1102 3334 1350 3381 sanetam
1398 3326 1673 3398 synodum
1699 3343 1811 3382 una
1832 3342 1960 3383 cum
1985 3337 2080 3384 tua

2176 3324 2581 3396 ρησιασάμεθα,
2606 3327 2984 3397 θαρσήσαντες
3006 3327 3071 3396 τῇ
3101 3328 3168 3395 σῇ
3198 3323 3499 3394 προσευχῇ,
3529 3319 3624 3373 καὶ
3651 3318 3779 3370 τῶν

496 3413 791 3469 sanctitate
836 3416 1087 3488 martyrii
1127 3432 1333 3472 corona
1358 3428 1630 3474 ornatam.
1666 3419 1814 3474 Deus
1841 3426 1896 3475 te
1918 3420 2081 3478 nobis

2176 3416 2348 3485 ἁγίων
2382 3419 2667 3491 Πατέρων,
2696 3418 2793 3472 καὶ
2827 3418 2929 3472 ὅσα
2967 3417 3338 3488 ἐποιήσαμεν,
3376 3412 3525 3477 λέξει
3560 3412 3589 3464 ὁ
3624 3409 3778 3477 ἀγας

493 3505 764 3575 largiatur
789 3507 1062 3563 valentem
1089 3524 1155 3564 ac
1179 3509 1386 3575 laetum,
1409 3508 1466 3564 in
1478 3508 2076 3579 Dominobonoratum,

2176 3510 2347 3581 πητὺς
2389 3510 2636 3577 διάκονος
2678 3509 3060 3574 Κανδιδιανὸς,
3105 3508 3166 3572 ὃς
3203 3507 3299 3561 καὶ
3340 3502 3409 3557 τὰ
3455 3501 3775 3605 γράμματα

493 3612 594 3667 pro
624 3597 857 3654 veritate
881 3608 1209 3657 certantem.

2176 3603 2275 3674 τῆς
2317 3603 2458 3674 ἐμῆς
2512 3601 2853 3673 βραχύτητος
2899 3601 3176 3655 ἐπιδίδωσι
3231 3600 3298 3669 τῇ
3345 3595 3768 3697 ήιάγιωσῠνζῃ.

494 3685 899 3763 Προσαγορεύω
946 3695 1132 3748 πᾶσαν
1158 3695 1259 3761 τὴν
1288 3694 1453 3763 ἁγίαν
1489 3693 1709 3751 σύνοδον
1735 3695 1841 3752 τῶν
1886 3696 2312 3770 ἀναδησαμένων
2348 3695 2441 3749 τὸν
2509 3695 2775 3765 στέφανον
2819 3693 2915 3748 τοῦ
2958 3689 3260 3764 μαρτυρίου
3300 3686 3442 3760 μετά
3499 3686 3598 3756 τῆς
3658 3685 3776 3751 σῆς

493 3782 795 3852 ὁσιότητος.
842 3785 1202 3860 Ἑρρωμένος,
1232 3786 1500 3859 εὔθυμος,
1545 3790 1604 3843 ἐν
1644 3789 1834 3862 Κυρίῳ
1864 3789 2205 3862 διαπρέπων,
2236 3788 2635 3861 ἀγωνιζόμενος
2683 3786 2823 3859 ὑπὲρ
2854 3788 2952 3858 τῆς
2983 3783 3249 3856 ἀληθείας
3278 3778 3600 3853 χαρισθείης
3625 3776 3777 3847 ἡμῖν

496 3876 608 3931 ἀπὸ
633 3875 797 3932 Θεοῦ.

1577 4103 1689 4189 94
1726 4103 2064 4163 EPISTOLA
2096 4106 2248 4163 XXX
2285 4107 2380 4179 (ol.
2421 4106 2684 4179 XXVIII).

1178 4239 1455 4280 ΙΙΑΣΙΙΙΔΝΙ
1491 4239 1679 4281 απελτ-ι
1711 4241 1946 4283 εριεοορι
1974 4242 2081 4282 00Νὲ

2176 4240 2575 4282 summum:
2608 4223 2685 4296 (1)
2707 4239 2773 4279 ιιι)
2797 4236 3074 4278 ονιιιιιυιι.

496 4339 753 4396 Sanctum
781 4336 979 4395 Christi
1008 4338 1357 4411 confessorem
1378 4358 1473 4412 pro
1498 4343 1698 4397 meritis
1729 4342 1937 4408 laudat,
1972 4343 2203 4469 petitzue
2231 4345 2368 4398 tanti
2400 4342 2643 4415 prazsulis
2667 4343 2774 4397 sive
2798 4337 3034 4423 precibus
3050 4334 3254 4407 juvari,
3287 4332 3395 4387 sive
3421 4327 3647 4384 comitiis
3672 4328 3769 4383 in-

1384 4412 1628 4469 formari.
1656 4414 1766 4469 sive
1797 4423 2050 4469 perpetuo
2077 4431 2104 4468 c
2141 4414 2352 4469 aritatis
2381 4414 2590 4469 vinculo
2619 4414 2891 4468 deriuari.

1384 4412 1628 4483 formari,
1656 4414 1766 4469 sive
1796 4412 2050 4485 perpetuo
2077 4412 2352 4469 charitalis
2381 4412 2590 4470 uinculo
2619 4412 2891 4468 devinciri.

563 4532 1002 4605 Religiosissimo
1060 4544 1118 4593 et
1172 4536 1636 4593 reverendissimo
1697 4536 2078 4591 comministro

2252 4538 2345 4609 Τῷ
2380 4537 2781 4610 θεοφιλεστάτῳ
2819 4535 2914 4589 καὶ
2946 4532 3329 4603 εὐλαϐεστάτῳ
3364 4520 3770 4593 συλλειτουργῷ

494 4624 719 4696 Cyrillo,
736 4625 1102 4684 Maximianus
1125 4628 1437 4702 episcopus,
1476 4629 1529 4684 in
1556 4628 1788 4684 Domino
1817 4627 2071 4683 salutem.

2179 4626 2471 4697 Κυρίλλῳ,
2536 4625 2881 4696 Μαξιμιανὸς
2923 4623 3220 4686 ἐπίσκοπος
3295 4621 3355 4674 ὲν
3394 4616 3586 4689 Κυρίῳ
3638 4612 3766 4684 χαί-

2248 4735 2316 4775 ιν.

565 4809 860 4880 Expletum
881 4817 970 4867 est
993 4811 1331 4869 desiderium
1355 4819 1533 4874 tuum,
1556 4810 1671 4864 Deo
1685 4809 2040 4865 devotissime
2059 4853 2072 4875 ,

2181 4735 2619 4880 ρεἱῖεπλήρωταί
2649 4826 2731 4862 σοι
2758 4807 2828 4862 τά
2856 4807 2954 4878 τῆς
2994 4807 3314 4879 ἐπιθυμίας,
3346 4802 3725 4895 θεοφιλέστατε
3748 4816 3781 4895 ’Ν

494 4902 803 4971 perfectum
828 4911 914 4959 est
941 4904 1091 4976 quod
1117 4903 1402 4977 religionis
1424 4916 1591 4956 causa
1617 4916 1978 4970 susceperas;
2008 4901 2078 4955 ad

2180 4901 2411 4973 ἧνυσταί
2445 4918 2526 4955 σοι
2551 4902 2580 4955 ό
2615 4900 2757 4972 ὑπὲρ
2779 4899 2881 4971 τῆς
2908 4900 3193 4964 εὐσεϐείας
3225 4898 3446 4961 σκοπός·
3477 4897 3557 4958 είς
3579 4893 3768 4999 ’πέρας

493 4994 660 5051 ﬁnem
706 4996 1039 5067 perductum
1081 5006 1167 5055 est
1210 4993 1436 5067 pietatis
1456 5000 1564 5048 tuae
1587 4999 1796 5047 votum.
1847 4991 2076 5062 Specta-

2182 4993 2445 5066 ἐλήλυθεν
2497 4995 2526 5047 ὁ
2576 4992 2718 5064 ὑπὲρ
2764 4991 3047 5057 εὐσεϐείας
3085 4991 3269 5056 πόθος.
3305 4990 3543 5061 Θέατρον
3576 4982 3768 5055 ἐγένου

564 5155 748 5213 "Dan.
798 5175 910 5217 xxv.
962 5158 990 5214 1
1048 5174 1205 5217 seum

893 5198 910 5226 ,
962 5174 990 5214 ι
1048 5174 1205 5230 seqq.

1592 5269 1769 5328 Variae
1792 5268 2061 5326 lectiones
2088 5267 2295 5326 codicis
2323 5265 2685 5340 Seguieriani.

571 5386 590 5487 ς
619 5389 719 5499 silv
738 5388 1088 5499 ganglia
1115 5387 1316 5460 ἀρχὴν,
1346 5384 1660 5459 ἀνίσχυρον.
1731 5384 1759 5425 ιι
1789 5386 2059 5459 ἀνιδήσω“
2091 5386 2186 5441 καὶ
2221 5385 2472 5455 καθάπερ
2526 5384 2755 5446 ἐκεῖνος.
2804 5390 2854 5425 κι
2886 5378 3258 5452 κατεκοίμισε.
3358 5376 3372 5430 i
3408 5380 3764 5451 μακαριώτα-

493 5472 605 5523 τος.

737 5460 822 5513 la“.
859 5459 1046 5513 πολλά.

567 5572 645 5646 (l)
685 5574 1047 5668 Maximianus
1083 5573 2077 5668 Constantinopolielectus‘est.epi-
2184 5579 2403 5668 peracta
2425 5612 2439 5635 ,
2473 5567 3065 5668 episcopi‘eongr‘e‘g‘ati
3106 5566 3327 5668 litigas
3362 5565 3763 5668 03:13:?”ng

497 5636 699 5714 Scopus
722 5652 887 5713 atque
918 5646 975 5700 in
996 5647 1177 5702 locum
1201 5636 1743 5702 Nestorii'ordinatus
1769 5646 1839 5700 ab
1855 5636 2073 5715 episco-
2183 5636 2391 5723 derunt
2427 5636 2522 5695 ad"
2564 5636 2773 5725 primas
2833 5636 2993 5695 sedes
3018 5654 3040 5719 ⁸;
3106 5636 3308 5693 litteris
3378 5636 3762 5719 alexandriam

497 5716 583 5761 liis
602 5714 904 5761 catholicis,
948 5733 1087 5761 mine
1120 5716 1350 5761 miserat
1378 5715 1651 5761 Enlmgina
1688 5716 1947 5761 svnndus-
1978 5714 2075 5761 ad-
2184 5713 2533 5761 mlertIlum
2567 5712 2793 5761 directis
2831 5725 2959 5761 snas
2988 5707 3294 5761 sumulares
3317 5706 3563 5761 adnuunt
3586 5721 3761 5761 novus

494 5707 907 5837 liiscatholi‘cis,
948 5733 1087 5789 quos
1120 5716 1350 5771 miserat
1378 5715 1653 5785 Eplicsina
1688 5707 1949 5785 synodus,
1978 5714 2075 5768 ad-
2184 5713 2534 5795 ad_Cyrillum
2565 5707 2793 5769 directis
2831 5725 2959 5767 suas
2988 5707 3294 5779 singulares
3317 5707 3563 5780 adjunxit
3586 5721 3692 5761 nov

518 5799 607 5837 tuc
664 5785 721 5837 in
783 5786 921 5837 urbe.
978 5790 1127 5837 renis
1171 5786 1658 5837 commorantibus.
1714 5786 2076 5837 Ordinatione
2182 5798 2489 5837 emsconus.

518 5799 607 5840 iuc
664 5785 721 5839 in
783 5786 921 5845 urbe
965 5785 1127 5859 ‘regia
1171 5786 1658 5844 commorantibus.
1714 5786 2076 5846 Ordinatione
2182 5785 2489 5855 episcopus.
