4058 6436
493 343 590 404 151

1509 333 1565 388 S.
1607 329 1880 387 CYlllLLl
1917 326 2386 383 ALEXANDRINI
2425 325 2746 383 ARCHIEP.

3650 317 3754 377 152

498 485 516 516 ο
549 463 830 519 Laetentur
852 459 1090 529 desuper
1110 456 1257 522 coeli,
1281 464 1339 512 et
1359 455 1600 512 exsultet
1615 453 1873 510 universa
1891 462 2059 514 terra.

2168 451 2261 521 γῆ,
2311 452 2407 504 καὶ
2447 451 2623 522 βοάτω
2673 449 2790 521 μετ’
2839 445 3199 518 εὐφροσύνης,
3249 463 3268 496 ι
3312 441 3453 496 κατὰ
3494 441 3593 513 τὴν
3655 440 3752 496 τοῦ

487 561 546 611 et
575 554 777 609 clamet
810 565 935 606 cum
963 549 1154 604 laetitia
1173 548 1270 602 ι’.»
1310 547 1431 602 Non
1458 544 1608 601 enim
1633 559 1696 600 os
1726 542 1885 607 illud,
1917 542 2066 612 quod

487 657 683 714 magna
716 639 1066 711 loquebatur,
1093 645 1288 693 contra
1323 635 1622 691 Salvatoris
1640 633 1814 689 nostri
1835 633 2066 704 gloriam

491 731 634 786 ultra
660 744 720 784 se
747 728 983 792 extollit,
1005 743 1186 797 neque
1209 741 1382 780 cornu
1411 724 1647 794 amplius
1667 723 1723 776 in
1744 722 1917 776 altum
1936 719 2067 774 sub-

491 821 617 892 rigit
661 820 758 890 qui
807 819 914 876 hoc
963 818 1142 873 facere
1193 815 1426 880 solebat,
1476 826 1658 884 neque
1693 812 2061 882 iniquitatem,

485 912 719 967 Domino
745 912 840 982 qui
869 926 972 966 nos
1003 907 1236 974 redemit
1289 915 1508 977 negato,
1539 913 1731 960 contra
1752 901 1923 958 Deum
1943 918 2062 956 am-

487 1005 633 1073 plius
662 1002 928 1073 loquitur.
983 1019 1000 1052 ι
1026 998 1282 1055 Redemit
1303 996 1454 1052 enim
1477 1012 1578 1050 nos
1610 995 1770 1050 Jesus
1789 993 2063 1058 Christus,

487 1110 633 1149 unus
657 1103 713 1149 et
742 1093 894 1147 solus
911 1099 968 1147 et
989 1105 1155 1145 verus
1178 1088 1275 1145 Dei
1299 1097 1356 1143 et
1376 1086 1554 1143 Patris
1576 1085 1768 1151 Filius,
1801 1100 1912 1140 non
1934 1099 2062 1138 cor-

488 1187 848 1258 ruptibilibus
889 1191 1119 1256 argento
1141 1183 1226 1237 vel
1251 1182 1473 1246 auro”,
1519 1180 1615 1236 sed
1633 1179 1811 1250 magis
1853 1193 2064 1250 ponens

485 1281 726 1336 animam
763 1293 919 1334 suam
952 1293 1053 1348 pro
1078 1274 1322 1350 nobis”,
1358 1281 1414 1329 et
1436 1273 1795 1343 semetipsum
1824 1269 2063 1325 oﬂ‘erens

486 1371 896 1426 immaculatum
944 1369 1276 1424 sacriﬁcium
1311 1369 1424 1422 Deo
1466 1373 1522 1421 et
1551 1365 1700 1421 Patri
1751 1364 1807 1418 in
1835 1362 2062 1417 odorem

484 1462 771 1518 suavitatis
789 1461 854 1526 ’⁸,
884 1468 940 1516 et
959 1472 1122 1515 suum
1150 1460 1324 1530 ipsius
1346 1459 1668 1530 sanguinem
1692 1457 1830 1512 dans
1849 1455 2064 1510 redem-

482 1553 725 1624 ptionem
759 1568 860 1623 pro
883 1553 994 1607 vita
1025 1552 1272 1607 omnium
1295 1553 1392 1605 Π.»
1422 1550 1652 1606 Cunctis
1679 1549 1828 1604 enim
1849 1547 2060 1618 pretio-

481 1647 594 1700 sior
635 1654 794 1712 erat;
849 1644 963 1699 imo
1004 1660 1136 1700 vero
1180 1660 1347 1715 supra
1382 1643 1697 1698 universam
1725 1649 2058 1703 creaturam,

477 1738 732 1808 quamvis
754 1737 921 1792 homo
950 1736 1230 1806 perfectus
1256 1735 1528 1804 nobisque
1553 1734 1750 1788 similis
1771 1732 1947 1800 factus
1965 1731 2057 1794 sit,

479 1825 636 1891 illud,
666 1827 1282 1897 inquam,unigenitum
1308 1826 1405 1882 Dei
1433 1823 1680 1882 Verbum
1715 1841 1730 1879 :
1761 1839 1875 1879 non
1901 1823 1973 1878 0h
2003 1822 2057 1876 id
2091 1811 2134 1866 Β

480 1929 664 1974 tamen
684 1919 1018 1983 versionem,
1046 1926 1143 1973 aut
1161 1918 1572 1983 alterationem,
1597 1923 1688 1973 aut
1715 1916 1862 1971 illam
1887 1915 2060 1986 pluri-

481 2021 697 2064 morum
727 2022 985 2063 sermone
1010 2008 1272 2080 iactatam
1306 2007 1688 2063 confusionem
1721 2013 1817 2060 aut
1843 2005 2057 2061 mistio-

480 2115 607 2154 nem
621 2112 965 2170 perpessum,
980 2114 1085 2156 nec
1102 2101 1157 2155 in
1176 2101 1250 2165 id,
1265 2099 1414 2170 quod
1437 2104 1566 2153 ante
1581 2114 1692 2153 non
1705 2105 1844 2163 erat,
1861 2096 2057 2152 demu-

481 2199 654 2245 tatu
672 2209 685 2244 :
707 2191 910 2247 mansit
932 2200 1117 2248 autem
1139 2193 1327 2262 potius
1343 2198 1400 2246 et
1415 2191 1472 2244 in
1491 2196 1678 2244 nostra
1695 2196 1890 2243 natura
1908 2185 2056 2258 quod

475 2283 634 2352 prius
677 2293 817 2339 erat.
852 2283 1112 2340 Creditur
1148 2300 1409 2354 namque,
1442 2298 1683 2352 vereque
1717 2289 1824 2346 est,
1863 2281 2058 2336 vivens

475 2375 895 2445 sabsistensque
917 2377 1012 2431 Dei
1033 2377 1212 2431 Patris
1230 2377 1491 2432 Verbum.
1521 2374 1630 2430 Sed
1649 2374 1906 2446 agedum,
1933 2382 2058 2429 tan-

478 2483 644 2538 quam
661 2469 732 2523 ab
752 2483 859 2524 una
882 2469 1069 2541 lingua
1091 2485 1314 2540 unoque
1336 2469 1431 2526 Dei
1451 2477 1671 2524 amante
1688 2469 1873 2523 animo
1896 2476 2058 2524 rectm

477 2560 604 2614 ﬁdei
633 2560 1038 2617 confessionem
1067 2562 1146 2616 illi
1171 2563 1490 2626 oﬂ‘eramus,
1510 2561 1758 2617 dicentes
1782 2577 1908 2616 cum
1931 2561 2058 2617 hea-

475 2658 533 2706 to
546 2651 762 2706 Baruch
788 2670 802 2705 :
831 2671 850 2704 ι
869 2652 970 2706 Hie
985 2659 1069 2708 est
1089 2653 1236 2707 Deus
1260 2659 1468 2718 noster,
1489 2661 1545 2709 et
1561 2668 1672 2708 non
1691 2652 2059 2708 aestimabitur

474 2743 616 2798 alius
639 2743 706 2798 ad
727 2758 878 2798 eum.
907 2743 1009 2798 Hie
1032 2744 1316 2800 adinvenit
1332 2760 1552 2800 omnem
1569 2743 1714 2800 viam
1730 2745 2055 2816 disciplinae,

473 2841 532 2887 et
574 2833 802 2888 tradidit
839 2833 988 2889 illam
1019 2834 1188 2892 Jacob
1213 2851 1387 2905 puero
1410 2852 1533 2899 suo,
1566 2845 1622 2892 et
1643 2836 1831 2893 lsraeli
1855 2837 2059 2893 dilecto

474 2937 597 2978 suo.
647 2926 759 2996 96
785 2926 914 2981 Post
938 2927 1054 2982 hazc
1076 2927 1232 2982 visus
1253 2936 1338 2982 est
1363 2928 1419 2981 in
1449 2936 1614 2992 terra,
1643 2935 1844 2982 etcum
1871 2926 2056 2982 homi-

474 3014 642 3068 nibus
663 3023 1022 3070 conversatus
1045 3026 1130 3070 est
1150 3016 1212 3070 ¹⁸.
1227 3037 1245 3068 ›
1278 3017 1468 3085 Neque
1491 3017 1639 3072 enim
1662 3017 1804 3072 alius
1827 3013 2056 3087 quidem

472 3113 596 3161 erat
639 3106 738 3161 Dei
785 3117 844 3163 et
886 3108 1066 3162 Patris
1100 3109 1294 3174 Filius,
1329 3111 1422 3180 qui
1450 3117 1577 3164 ante
1599 3125 1763 3165 omne
1788 3125 1968 3166 aevum
2000 3117 2058 3166 et

475 3199 693 3266 tempus
715 3197 840 3258 fuit,
869 3214 971 3268 per
991 3215 1158 3268 quem
1183 3200 1366 3256 omnia
1388 3216 1610 3272 quoque
1637 3201 1706 3257 ad
1727 3211 1912 3257 ortum
1931 3217 2057 3272 per-

473 3286 640 3342 ducta
670 3296 838 3355 sunt;
875 3296 933 3344 et
955 3291 1096 3346 alius
1123 3306 1364 3358 rursum,
1401 3294 1498 3363 qui
1530 3292 1850 3350 novissimis
1870 3295 2054 3351 saeculi

473 3381 818 3451 temperlhus
865 3396 932 3438 ex
984 3393 1175 3438 sancta
1222 3385 1448 3456 Virgine
1487 3387 1793 3444 secundum
1831 3399 2054 3444 carnem

471 3481 635 3528 natus
683 3479 772 3528 est
806 3488 819 3527 :
850 3474 947 3528 sed
998 3492 1143 3530 unus
1181 3476 1440 3549 idemque
1479 3479 1685 3548 potius,
1729 3479 1826 3550 qui
1865 3494 2054 3536 semen

472 3562 725 3629 Abraha’,
747 3566 903 3636 juxta
923 3566 1068 3620 beati
1092 3565 1247 3622 Pauli
1273 3568 1564 3634 vocem‘s‘,
1593 3571 1984 3640 apprehendit,
1999 3579 2054 3626 et

469 3655 654 3709 carnis
679 3670 746 3709 ac
770 3649 1076 3727 sanguinis,
1103 3660 1334 3728 perinde
1357 3677 1421 3717 ac
1444 3677 1588 3717 unus
1615 3677 1684 3716 ex
1710 3663 1894 3727 nobis,
1921 3678 2052 3734 par-

473 3747 647 3816 ticeps
670 3745 870 3812 factus,
896 3747 1290 3820 fratribusque,
1323 3751 1430 3808 hoc
1451 3761 1536 3808 est
1576 3753 1768 3820 nobis,
1806 3770 1906 3824 per
1930 3770 2050 3810 om-

471 3836 584 3899 nia,
628 3837 748 3892 solo
790 3848 1018 3906 peccato
1045 3851 1296 3911 excepto,
1347 3843 1682 3900 assimilatas
1705 3845 1850 3901 est"
1876 3888 1888 3900 .
1941 3844 2050 3902 Sed

472 3942 674 3996 corpus
718 3928 820 3999 ipsi
853 3947 980 3985 vere
1009 3933 1225 3987 unitum
1270 3935 1454 3990 anima
1478 3935 1817 4006 intelligente
1838 3940 2050 3993 anima-

474 4027 589 4073 tum
640 4021 992 4078 conﬁtcmur.
1051 4025 1240 4095 Neque
1289 4027 1438 4080 enim
1490 4028 1679 4082 vesani
1726 4029 2050 4100 Apollinarii

508 4115 799 4169 ammentis
850 4116 1236 4184 adhzeremus,
1290 4118 1385 4173 sed
1453 4128 1658 4176 rectam
1721 4124 2051 4178 sententiam

475 4211 742 4269 tenentes,
777 4204 1200 4275 Apollinarium,
1251 4219 1308 4264 et
1356 4209 1570 4274 Arium,
1613 4220 1669 4266 et
1695 4213 2049 4280 Eunomium,

469 4301 525 4347 et
571 4310 695 4349 cum
740 4296 851 4351 illis
888 4298 1204 4353 Nestorium
1237 4316 1457 4370 quoque
1499 4305 2046 4363 anathematizamus.

469 4382 656 4438 Fidem
671 4401 929 4457 namque,
952 4389 1110 4446 initio
1124 4389 1285 4444 nobis
1301 4391 1577 4460 traditam,
1594 4394 2045 4455 sicutanchoram

2176 546 2457 614 προφήτου
2485 543 2691 612 φωνήν.
2727 541 2802 594 υύ
2826 540 2936 610 γὰρ
2967 538 3049 592 έτι
3090 534 3476 607 στόμαλαλοῦν
3515 533 3753 604 μεγάλα,

2174 637 2272 706 τῆς
2323 634 2418 688 τοῦ
2469 635 2720 705 Σωτῆρος
2755 631 2913 704 ἡμῶν
2966 628 3363 698 κατεπαίρεται
3391 625 3591 712 ςδόξης·
3627 624 3756 678 οὐτε

2175 729 2282 799 μὴν
2305 729 2334 780 6
2355 727 2514 781 τοῦτο
2540 727 2672 798 δρᾷν
2701 721 2926 790 εἰωθὼς,
2953 722 3016 776 τὸ
3042 723 3208 792 κέρας
3237 721 3318 782 είς
3351 717 3484 789 ὐψος
3509 718 3765 799 ἐπαίρεις

2172 794 2267 872 καὶ
2308 817 2520 870 ἀδικίαν
2554 794 2705 869 λαλεῖ
2743 813 2886 869 κατὰ
2915 811 3009 868 τοῦ
3048 811 3207 874 Θεοῦ,
3259 810 3352 864 τὸν
3401 794 3766 880 ἀγοράσαντα²

2171 909 2320 978 ἡμᾶς
2345 910 2621 976 Δεσπότην
2644 905 3001 976 ἀρνούμενος.
3044 921 3062 954 ι
3108 901 3431 972 Ἐξεπρίατο
3462 898 3572 968 γὰρ
3605 901 3756 968 ἡμᾶς

2183 995 2390 1067 Ἰησοῦς
2430 999 2458 1050 6
2500 992 2758 1066 Χριστὸς,
2789 995 2816 1048 6
2857 988 2937 1056 εἷς
2966 1009 3025 1046 τε
3055 991 3150 1044 καὶ
3184 989 3364 1060 μόνος,
3397 990 3493 1042 καὶ
3535 987 3756 1058 ἀληθῶς

2171 1087 2300 1150 Υἱὸς
2326 1085 2418 1139 τοῦ
2452 1084 2587 1138 Θεοῦ
2648 1085 2740 1138 καὶ
2783 1083 3015 1154 Πατρὸς,
3057 1081 3118 1134 οὐ
3168 1079 3444 1150 φθαρτοῖς,
3476 1078 3749 1149 ἀργυρίῳ,

2170 1179 2203 1251 ἢ
2244 1177 2473 1250 χρυσίῳ,
2506 1175 2767 1240 τεθεικὼς
2793 1172 2849 1228 δὲ
2888 1173 3088 1245 μᾶλλον
3125 1171 3267 1243 ὑπὲρ
3297 1170 3456 1242 ἡμῶν
3488 1168 3584 1240 τὴν
3616 1170 3748 1222 ἐαυ-

2168 1272 2260 1326 τοῦ
2294 1270 2495 1342 ψυχὴν,
2530 1269 2625 1324 καὶ
2665 1266 2742 1332 ὡς
2779 1266 3015 1336 ἄμωμον
3055 1263 3252 1336 ἱερεῖον
3288 1262 3481 1317 ἑαυτὸν
3513 1278 3754 1332 προσκο-

2172 1363 2336 1434 μίσας
2381 1365 2462 1425 είς
2512 1360 2689 1430 ὀσμὴν
2741 1355 2968 1420 εὐωδίας
2997 1357 3076 1426 τῷ
3115 1354 3233 1426 Θεῷ
3287 1355 3380 1408 καὶ
3424 1353 3620 1422 Πατρί·
3654 1352 3754 1405 καὶ

2164 1457 2291 1520 δοὺς
2320 1455 2677 1524 ἀντάλλαγμα
2704 1453 2800 1524 τῆς
2832 1453 3051 1504 πάντων
3077 1457 3106 1499 P
3133 1447 3280 1518 ζωῆς
3301 1445 3363 1500 τὸ
3390 1446 3520 1501 ἴδιον
3549 1438 3748 1514 αἷμα.»

2169 1551 2279 1605 Καὶ
2307 1549 2419 1619 γὰρ
2443 1543 2514 1620 ἦν
2541 1547 2798 1601 ἁπάντων
2827 1542 3141 1613 ἀξιώτερος,
3167 1540 3364 1612 μᾶλλον
3390 1539 3446 1592 δὲ
3483 1537 3578 1593 καὶ
3609 1537 3757 1605 ὑπὲρ

2169 1644 2350 1695 πᾶσαν
2400 1639 2501 1710 τὴν
2540 1639 2741 1700 κτίσιν,
2774 1637 2825 1690 εί
2862 1636 2956 1690 καὶ
2985 1633 3174 1704 γέγονε
3222 1632 3346 1687 καθ’
3372 1632 3521 1703 ἡμᾶς
3547 1630 3759 1692 τέλειος

2167 1733 2451 1803 ἄνθρωπος
2479 1734 2509 1786 ὁ
2537 1731 2832 1803 μονογενὴς
2868 1724 2964 1782 τοῦ
3009 1726 3146 1782 Θεοῦ
3179 1727 3372 1795 Λόγος,
3417 1726 3478 1779 οὐ
3517 1723 3754 1796 τροπὴν,

2160 1827 2260 1881 οὐκ
2293 1821 2604 1890 ἀλλοίωσιν,
2653 1825 2716 1878 οὐ
2757 1823 2858 1893 τὴν
2886 1817 3294 1892 θρυλλουμένην
3322 1817 3585 1888 ἀνάχυσιν
3623 1816 3758 1869 ὐπο-

2164 1923 2376 1992 μείνας,
2409 1922 2470 1976 οὐ
2497 1917 2735 1990 φυρμὸν,
2775 1917 2838 1970 οὐ
2870 1917 3205 1988 μετάστασιν
3236 1913 3337 1983 τὴν
3365 1913 3444 1976 είς
3474 1911 3612 1980 ὅπερ
3647 1908 3757 1962 οὐκ

2159 2006 2248 2084 ἦν’
2283 2009 2612 2083 μεμενηκὼς
2637 2009 2692 2064 δὲ
2734 2007 2936 2081 μᾶλλον
2969 2007 3067 2062 καὶ
3107 2008 3166 2059 ὲν
3201 2007 3270 2076 τῇ
3304 2001 3425 2057 καθ’
3464 2002 3610 2073 ἡμᾶς
3656 2000 3757 2053 ἀν·-

2162 2105 2475 2176 θρωπότητι
2507 2101 2656 2156 τοῦθ’
2685 2103 2824 2172 ὅπερ
2848 2097 2939 2171 ἦν.
2972 2098 3341 2153 Πεπίστευται
3365 2095 3448 2156 δὲ,
3475 2093 3572 2146 καὶ
3600 2091 3756 2144 ἐστιν

2161 2192 2377 2269 ἀληθῶς
2404 2196 2514 2262 ζῶν
2538 2213 2599 2249 τε
2627 2195 2724 2248 καὶ
2761 2193 3126 2255 ὲνυπόστατος
3162 2189 3334 2257 Λόγος
3369 2186 3463 2242 τοῦ
3511 2184 3750 2254 Πατρός.

2159 2290 2298 2362 Φέρε
2339 2289 2542 2352 τοίνυν,
2576 2283 2652 2349 ὡς
2704 2284 2812 2339 ἀπὸ
2857 2283 3107 2353 γλώττης
3166 2281 3294 2350 μιᾶς
3339 2278 3434 2331 καὶ
3468 2271 3754 2345 θεοφιλοῦς

2160 2381 2418 2444 διανοίας,
2453 2379 2554 2449 τῆς
2598 2377 2768 2447 ὀρθῆς
2821 2376 3063 2438 πίστεως
3110 2372 3210 2442 τὴν
3263 2369 3554 2441 ὁμολογίαν
3599 2367 3754 2437 αὐτῷ

2162 2472 2582 2544 προσφέρωμεν,
2613 2468 2864 2536 λέγοντες
2898 2465 3037 2537 μετὰ
3069 2463 3163 2516 τοῦ
3198 2462 3472 2533 μακαρίου
3508 2458 3752 2529 Βαρούχι

2167 2585 2187 2618 ‹
2229 2557 2399 2627 Οὗτος
2428 2564 2457 2616 6
2487 2561 2622 2626 Θεὸς
2660 2559 2840 2631 ἡμῶν·
2879 2560 2942 2612 οὐ
2983 2556 3366 2627 λογισθήσεται
3391 2552 3576 2624 ἕτερος
3609 2551 3752 2622 πρὸς

2162 2657 2344 2712 αὐτόν.
2400 2652 2621 2725 Ἑξεῦρε
2670 2653 2853 2705 πᾶσαν
2891 2647 3010 2704 ὁδὸν
3049 2648 3381 2720 ἐπιστήμηςο
3413 2645 3510 2700 καὶ
3545 2645 3753 2699 ἔδωκεν

2160 2750 2334 2821 αὐτὴν
2385 2745 2603 2811 Ἰακὼϐ,
2639 2744 2719 2816 τῷ
2751 2743 2906 2798 παιδὶ
2963 2735 3148 2806 αὐτοῦ,
3209 2739 3304 2793 καὶ
3368 2737 3619 2809 Ἰσραὴλ,
3667 2735 3752 2807 τῷ

2162 2838 2504 2912 ἠγαπημένῳ
2533 2835 2626 2892 ὐπ’
2659 2835 2847 2890 αὐτοῦ.
2879 2835 2992 2891 Καὶ
3023 2832 3158 2905 μετὰ
3179 2830 3355 2886 ταῦτα
3384 2831 3478 2884 ἐπὶ
3510 2829 3610 2899 τῆς
3641 2829 3751 2898 γῆς

2159 2933 2341 3005 ὤφθη,
2371 2932 2468 2987 καὶ
2495 2933 2606 2993 τοῖς
2649 2927 2960 3000 ἀνθρώποις
2999 2929 3435 2996 συνανεστράφη.
3477 2942 3495 2976 ι
3529 2923 3604 2976 Οὐ
3638 2920 3747 2991 γὰρ

2159 3019 2348 3094 ἕτερος
2403 3019 2503 3090 μὲν
2551 3008 2620 3089 ἦν
2659 3017 2790 3081 Υἱὸς
2843 3015 2939 3070 τοῦ
2975 3015 3134 3070 Θεοῦ“
3163 3016 3258 3068 καὶ
3304 3013 3540 3084 Πατρὸς,
3571 3012 3601 3065 6
3635 3012 3747 3083 πρὸ

2161 3111 2362 3174 παντὸς
2395 3108 2590 3171 αἰῶνος
2645 3107 2737 3161 καὶ
2759 3105 2984 3178 χρόνων,
3016 3107 3044 3159 6
3082 3105 3147 3158 δι’
3187 3098 3249 3158 οὐ
3287 3102 3355 3157 τὰ
3384 3101 3560 3155 πάντα
3603 3117 3746 3171 παρ·

2159 3204 2304 3277 ήχθη
2347 3201 2485 3274 πρὸς
2521 3199 2768 3270 γένεσιν,
2832 3199 3020 3270 ἕτερος
3068 3197 3125 3252 δὲ
3168 3197 3331 3252 πάλιν
3359 3199 3388 3250 6
3412 3197 3470 3249 ὲν
3496 3193 3748 3264 ἐσχάτοις

2157 3293 2252 3348 τοῦ
2305 3293 2502 3356 αἰῶνος
2553 3292 2765 3365 καιροῖς
2799 3291 2888 3344 διὰ
2933 3290 3036 3360 τῆς
3075 3288 3238 3358 ἁγίας
3284 3286 3562 3358 Παρθένου
3604 3285 3748 3338 κατὰ

2158 3387 2340 3456 σάρκα
2373 3383 2792 3454 γεγεννημένος·
2838 3384 2867 3436 6
2898 3381 3062 3444 αὐτὸς
3093 3381 3150 3435 δὲ
3182 3379 3383 3450 μᾶλλον
3428 3377 3746 3449 σπέρματος

2169 3475 2422 3548 Ἀϐραὰμ
2441 3473 2854 3544 ἐπιλαϐόμενος,
2887 3473 3033 3527 κατὰ
3058 3472 3158 3544 τὴν
3176 3473 3272 3526 τοῦ
3302 3471 3571 3543 μακαρίου
3597 3470 3746 3523 Παύ-

2155 3566 2484 3636 λου·φωνὴν,
2520 3566 2616 3618 καὶ
2667 3563 3067 3636 παραπλησίως
3097 3565 3229 3634 ἡμῖν
3277 3560 3631 3633 μετεσχηκὼς
3655 3561 3745 3613 αἴ-

2159 3654 2331 3728 ματος
2379 3657 2472 3710 καὶ
2517 3656 2742 3724 σαρκὸς,
2787 3654 3075 3726 ὁμοιωθείς
3111 3655 3170 3708 δὲ
3215 3653 3354 3706 κατὰ
3404 3653 3582 3707 πάντα
3630 3653 3744 3716 τοῖς

2154 3752 2428 3822 ἀδελφοῖς,
2479 3749 2624 3804 τοῦτ’
2653 3749 2802 3803 ἐστιν
2837 3751 3000 3820 ἡμῖν,
3049 3748 3173 3818 δίχα
3231 3749 3398 3818 μόνης
3445 3743 3743 3816 ἁμαρτίας.

2167 3843 2516 3914 Ἐψυχῶσθαί
2545 3857 2609 3910 γε
2651 3841 2756 3913 μὴν
2777 3841 2922 3912 ψυχῇ
2951 3841 3113 3912 νοερᾷ
3144 3836 3655 3910 προσομολογοῦμεν
3677 3836 3746 3889 τὸ

2155 3938 2354 3992 ἑνωθὲν
2386 3935 2538 4006 αὐτῷ
2571 3935 2713 3988 κατὰ
2755 3934 3012 4004 ἀλήθειαν
3043 3932 3223 4002 σῶμα.
3258 3931 3332 3985 UO
3358 3931 3467 4001 γὰρ
3497 3933 3620 3991 ταῖς
3643 3928 3743 3981 τοῦ

2157 4025 2562 4101 φρενοϐλασοῦς
2652 4025 3029 4096 ’Λπολιναρίου
3100 4022 3479 4094 προσκείμεθα
3533 4020 3742 4085 δόξαις.

2168 4121 2665 4193 Ἀναθεματίζομεν
2709 4119 2788 4182 δὲ,
2842 4117 3165 4188 φρονοῦντες
3209 4115 3406 4186 ὀρθῶς,
3453 4113 3742 4167 ’Λπολινάα

2157 4212 2271 4284 ριόν
2303 4229 2360 4264 τε
2392 4211 2485 4264 καὶ
2519 4211 2757 4280 Ἀρειον,
2812 4210 2906 4261 καὶ
2947 4209 3234 4277 Εὐνόμιον,
3265 4205 3361 4259 καὶ
3411 4205 3507 4257 σὺν
3552 4203 3745 4264 αὐτοῖς

2154 4303 2467 4373 Νεστόριον.
2502 4301 2615 4371 Τὴν
2653 4299 2763 4370 γὰρ
2793 4298 2998 4354 ἄνωθεν
3043 4299 3175 4370 ἡμῖν
3217 4293 3613 4366 παραδοθεῖσαν
3647 4291 3744 4342 πί.

2156 4412 2295 4460 στιν,
2333 4394 2410 4459 ὼς
2451 4395 2699 4465 ἄγκυραν
2733 4390 2926 4462 ἔχομεν
2956 4390 3056 4460 τῆς
3083 4388 3262 4460 ψυχῆς
3301 4386 3522 4456 ἀσφαλῆ
3547 4402 3606 4438 τε
3641 4384 3742 4442 καὶ

468 4475 736 4532 habemus
763 4480 962 4536 animae
994 4490 1165 4536 tutam
1209 4497 1273 4536 ac
1319 4482 1553 4552 ﬁrmam,
1607 4489 1753 4544 sicut
1781 4491 2047 4562 scriptum

2161 4485 2398 4557 βεϐαίαν,
2449 4484 2590 4538 κατὰ
2636 4483 2698 4537 τὸ
2736 4481 3140 4553 γεγραμμένον.
3187 4477 3587 4549 ὐμολογοῦμεν
3621 4476 3740 4527 τοί-

465 4568 634 4623 est“.
679 4565 1024 4627 Conﬁtentur
1057 4573 1242 4644 itaque
1267 4571 1556 4633 Dominum
1584 4590 1833 4635 nostrum
1857 4578 2044 4638 Iesum

464 4658 747 4717 Christum
793 4676 965 4718 unum
1001 4672 1058 4719 et
1087 4666 1264 4720 solum
1296 4675 1352 4722 et
1381 4683 1594 4735 verum,
1621 4679 1684 4724 ut
1703 4672 1866 4726 modo
1892 4673 2045 4727 dice-

467 4751 680 4817 bamus,
731 4750 826 4809 Dei
868 4763 925 4810 et
955 4755 1133 4810 Patris
1157 4754 1392 4824 Filium;
1430 4761 1668 4814 scientes
1689 4762 1944 4816 eumdem
1979 4779 2045 4817 ex

465 4838 625 4896 Patre
671 4844 894 4913 quidem
932 4854 989 4902 et
1031 4847 1200 4902 Deum
1249 4856 1304 4902 et
1339 4849 1579 4906 Verbum
1601 4867 1744 4916 esse,
1766 4853 2046 4907 hominem

467 4940 598 4986 "vero
635 4948 702 4987 ex
738 4935 1023 4992 muliere"
1056 4954 1070 4991 ε
1104 4938 1362 4994 eumdem
1391 4953 1558 5010 sapra
1577 4942 1752 5012 legem
1783 4950 2044 5012 tanquam

467 5013 661 5086 Deum,
685 5023 788 5077 sub
811 5024 929 5096 lege
952 5037 1134 5081 autem
1163 5036 1390 5098 propter
1412 5029 1666 5085 humanm
1690 5040 1898 5087 natum
1917 5049 2048 5088 ροη-

465 5109 729 5165 ditionem
782 5130 794 5166 :
845 5115 1102 5170 eumdem
1144 5117 1200 5171 in
1236 5119 1452 5172 Domini
1480 5120 1747 5190 dignitate
1769 5122 2044 5178 exsisten-

463 5207 570 5255 tem
606 5203 910 5260 secundum
946 5210 1224 5278 propriam
1251 5219 1538 5276 naturam,
1579 5211 1633 5265 in
1661 5211 1837 5268 forma
1859 5223 2044 5270 autem

462 5292 670 5347 servi"
701 5303 927 5364 propter
956 5297 1354 5352 incarnationis
1376 5298 1862 5370 dispensationem.
1895 5303 2045 5358 llanc

535 5445 748 5523 "_Psal.
775 5463 892 5523 xcv.
917 5449 1020 5523 -μ,
1100 5451 1144 5482 ί*
1180 5452 1201 5507 Ι
1234 5453 1378 5507 Petr.
1418 5471 1454 5519 r,
1493 5455 1578 5521 18,
1609 5455 1690 5510 l9.
1771 5457 1816 5488 "
1847 5457 2002 5512 Joan.
2048 5476 2102 5523 χ,
2135 5460 2218 5514 15.

459 5519 540 5577 tu,
572 5515 756 5568 36-58.
845 5518 1082 5573 ""Hebr.
1121 5538 1180 5588 ιι,
1215 5524 1296 5578 16.

1379 5525 1420 5555 ¹⁹
1456 5525 1619 5581 Hebr.
1659 5543 1717 5582 ιι.
1765 5529 1849 5593 16,
1888 5529 1972 5582 17.
2054 5531 2100 5561 ²⁰
2132 5531 2298 5585 Hebr.
2333 5547 2406 5595 vr,
2441 5525 2528 5585 l9.

2147 4598 2264 4643 νυν,
2311 4577 2388 4640 ὡς
2422 4577 2580 4646 ἔφην,
2616 4575 2735 4639 ἕνα,
2767 4574 2862 4628 καὶ
2896 4574 3076 4644 μόνον,
3108 4573 3204 4625 καὶ
3233 4571 3448 4640 ἀληθῶς
3481 4569 3610 4622 Υἱὸν
3636 4565 3738 4620 τοῦ

2147 4667 2282 4722 Θεοῦ
2305 4667 2399 4720 καὶ
2423 4665 2656 4734 Πατρὸς,
2679 4664 2768 4718 τὸν
2795 4662 3001 4735 Κύριον
3022 4662 3180 4732 ἡμῶν
3241 4655 3452 4730 Ἰησοῦν
3473 4655 3736 4728 Χριστόνο

2147 4760 2238 4813 τὸν
2282 4758 2447 4812 αὐτὸν
2498 4757 2701 4820 εἰδότες
2745 4756 2840 4810 καὶ
2870 4755 3003 4808 Θεὸν
3036 4755 3132 4808 καὶ
3161 4753 3333 4822 Λόγον
3377 4754 3444 4804 ὲκ
3493 4749 3735 4820 Πατρὸς,

2150 4851 2243 4903 καὶ
2277 4849 2564 4918 ἄνθρωπον
2596 4849 2660 4901 ὲκ
2687 4846 2966 4917 γυναικὸςο
2991 4847 3084 4901 καὶ
3113 4846 3253 4918 ὑπὲρ
3281 4845 3444 4914 νόμον
3474 4843 3548 4906 ὡς
3573 4842 3734 4903 Θεὸν,

2151 4942 2246 4995 καὶ
2276 4941 2381 4994 ὑπὸ
2430 4941 2592 5011 νόμον
2627 4941 2714 4994 διὰ
2763 4937 2822 4994 τὺ
2861 4939 3220 5011 ἀνθρώπινον·
3254 4938 3312 4991 ὲν
3353 4935 3620 5005 ἀξιώματι
3651 4932 3736 5000 τῷ

2150 5032 2465 5102 Δεσποτικῷ
2498 5033 2640 5086 κατὰ
2671 5031 2856 5102 φύσιν,
2880 5034 2974 5085 καὶ
3000 5033 3058 5083 ὲν
3082 5030 3270 5083 δούλου
3302 5031 3481 5100 μορφῇ
3512 5024 3600 5080 διὰ
3628 5025 3734 5094 τὴν

2148 5124 2481 5194 οἰκονομίαν.
2519 5124 2741 5194 Ταύτην
2773 5127 2906 5196 ἡμῖν
2952 5121 3251 5194 παρέθεντο
3288 5121 3386 5191 τὴν
3429 5117 3731 5190 παράδοσιν

2149 5214 2244 5267 καὶ
2269 5214 2415 5282 λόγοι
2454 5216 2760 5280 Μωταῖκοὶ,
2793 5215 2884 5267 καὶ
2912 5212 3338 5283 προαγορεύσεις
3366 5206 3726 5281 προφητικαὶ,

2149 5306 2243 5360 καὶ
2270 5306 2423 5360 αὐτοὶ
2453 5306 2508 5359 δὲ
2534 5307 2669 5375 πρὸς
2697 5305 2906 5369 τούτοις
2940 5307 2990 5358 οἱ
3015 5306 3109 5359 ἀπ’
3141 5305 3315 5376 ἀρχῆς
3337 5303 3602 5356 αὐτόπται
3627 5302 3726 5354 καὶ

2317 5461 2359 5492 ¹⁶
2393 5459 2594 5528 Eplies.
2625 5477 2676 5521 ν,
2711 5461 2779 5514 2.
2862 5460 2903 5492 ¹⁷
2949 5461 2968 5514 1
3013 5459 3151 5516 Tim.
3199 5475 3257 5520 ll,
3290 5460 3341 5513 6.
3425 5457 3466 5489 ’⁸
3506 5457 3719 5511 Baruch

2607 5532 2646 5561 "
2671 5531 2846 5586 Galat.
2875 5547 2948 5598 Iv,
2974 5533 3024 5586 4.
3103 5534 3150 5564 ²²
3178 5530 3411 5601 Philipp.
3449 5545 3506 5594 ιι,
3541 5529 3571 5582 7

1555 5663 1726 5718 Variae
1760 5663 2023 5721 lectiones
2050 5666 2256 5719 codicis
2284 5663 2647 5734 Seguieriani.

527 5771 555 5817 Ρ
577 5767 872 5839 ἡμετέρας.
