4058 6442
283 350 386 406 153

1693 361 2030 423 EPISTOLA
2067 369 2259 426 XXXI.

3459 372 3563 428 154

278 465 560 539 ἷιπηρὲται
584 467 878 538 γενόμενοι
904 468 1003 522 τοῦ
1045 469 1242 538 Λόγου,
1281 471 1378 526 καὶ
1426 471 1534 543 μὴν
1571 474 1664 528 καὶ
1690 479 1740 529 οί
1775 477 1882 547 πρὸ

1991 480 2148 538 nobis
2178 483 2535 538 traditionem
2559 479 3014 538 commendarunt
3035 478 3234 551 Moysis
3255 494 3561 547 sermones,

279 563 434 634 ἡμῶν
475 563 772 631 γεγονότες
795 563 946 632 ἆγιοι
976 565 1238 636 Πατὲρες·
1271 567 1320 620 οἳ
1361 569 1453 620 καὶ
1481 570 1738 638 γεγόνασι
1769 589 1880 639 φω-

281 658 481 726 στῆρες
514 657 580 708 ὲν
628 658 840 726 κόσμῳ,
872 657 1036 726 λόγον
1083 658 1227 728 ζωῆς
1271 660 1578 730 ἐπέχοντες·
1627 655 1702 717 ὧν
1746 662 1874 716 ἀνα·

276 747 620 818 θεωροῦντες
647 748 748 818 τὴν
781 747 1008 802 ἔκϐασιν
1039 749 1140 819 τῆς
1162 751 1528 822 ἀναστροφῆς,
1565 753 1664 823 τὴν
1699 753 1882 807 πίστιν

273 838 749 910 ἀπομιμούμεθα,
779 835 925 892 τοῦτ’
955 839 1098 905 ἐστι,
1131 839 1198 894 τά
1229 841 1372 896 αύτά
1415 844 1509 898 καὶ
1548 847 1766 915 φρονεῖν
1787 845 1884 898 αύ-

274 935 411 996 τοίς,
467 933 570 984 καὶ
615 931 808 984 λαλεῖν
860 933 1261 1004 σπουδάζομεν,
1305 934 1425 988 κατ’
1457 936 1652 989 οὐδένα
1681 935 1882 1008 τρόπον

275 1022 384 1088 ἔξω
405 1021 685 1094 φέρεσθαι
737 1022 839 1090 τῆς
864 1021 1147 1087 εὐσεϐείας
1173 1025 1490 1096 ἀνεχόμενοι
1540 1027 1746 1096 τρίϐου.
1771 1029 1884 1082 Με·

283 1112 558 1184 μνήμεθα
583 1113 700 1184 γὰρ
728 1113 830 1183 τῆς
844 1113 1203 1168 θεοπνεύστου
1220 1115 1442 1186 Γραφῆς
1469 1115 1731 1187 βοώσης·‹
1763 1118 1885 1188 Ὀρ-

274 1203 376 1268 θάς
403 1205 643 1276 τροχιὰς
676 1198 826 1259 ποίει
866 1207 980 1270 σοῖς
1015 1207 1165 1260 ποσί’
1195 1209 1288 1261 καὶ
1316 1209 1413 1271 τὰς
1441 1208 1597 1273 ὁδούς
1623 1227 1717 1264 σου
1749 1227 1882 1264 κατ-

275 1297 494 1352 εὖθυνε-
522 1315 544 1347 ³
590 1299 658 1351 Οἱ
708 1298 809 1368 μὲν
855 1297 963 1371 γὰρ
997 1298 1096 1363 τὰς
1136 1298 1300 1370 ὀρθὰς
1324 1300 1595 1371 τιμῶντες
1641 1302 1884 1373 τροχιὰς,

277 1389 419 1442 κατά
454 1387 676 1442 σκοπὸν
729 1389 1056 1459 τρέχουσιν,
1105 1390 1187 1454 είς
1229 1391 1294 1444 τὸ
1335 1391 1588 1462 βραϐεῖον
1630 1392 1732 1461 τῆς
1775 1393 1887 1447 ἀνω

280 1483 529 1552 κλήσεως
560 1483 624 1534 ὲν
666 1481 914 1551 Χριστῷ·
947 1482 996 1535 ot
1040 1481 1097 1534 δὲ
1125 1482 1227 1552 τῆς
1257 1483 1626 1555 ἀωστολικῆς
1671 1485 1767 1538 καὶ
1793 1484 1886 1538 εύ-

279 1573 586 1642 αγγελιχῆς
617 1572 978 1646 παραδόσεως
1013 1573 1401 1644 ἀλογήσαντες,
1440 1579 1535 1632 καὶ
1561 1577 1662 1647 τὴν
1694 1576 1888 1630 νεωτέ-

281 1684 406 1738 ραν,
446 1667 548 1719 καὶ
594 1664 880 1736 ἀνωφελῆ,
938 1667 1036 1720 καὶ
1085 1669 1493 1736 καταγέλαστον
1549 1669 1626 1733 ὼς
1671 1667 1890 1738 ἀληθῶς

275 1757 376 1826 τῆς
406 1757 628 1810 ἑαυτῶν
657 1757 906 1820 διανοίας
949 1757 1219 1827 τιμῶντες
1256 1758 1499 1832 εὕρεσιν,
1540 1762 1888 1814 ἀκουέτωσαν

1982 585 2048 624 ac
2094 572 2434 642 prophetica:
2480 572 2886 643 praedictiones,
2919 577 2976 625 et
3017 569 3099 624 illi
3133 571 3237 641 ipsi
3272 581 3559 641 praeterea,

1981 661 2075 731 qui
2101 663 2269 719 Verbi
2295 664 2462 736 hujus
2482 663 2552 718 ab
2577 664 2736 719 initio
2759 661 3002 718 ministri
3030 671 3086 717 et
3111 670 3448 733 spectatores
3469 677 3564 717 ex-

1980 754 2243 809 stiterunt
2258 756 2348 821 “‘;
2371 764 2486 810 tum
2521 755 2699 810 sancti
2721 769 2942 825 quoque
2961 753 3173 817 Patres,
3207 753 3299 822 qui
3329 769 3431 809 nos
3460 769 3561 807 an—

1984 844 2602 914 tecesserunt,'vitaaque
2631 859 2943 899 sermonem
2958 844 3245 910 habentes,
3268 844 3562 903 luminaria

1982 935 2174 990 mundi
2202 935 2333 992 facti
2359 945 2490 991 sunt
2507 937 2583 1003 '3;
2613 950 2849 1007 quorum
2873 935 3106 1006 proinde
3128 937 3565 991 conversationis

1982 1025 2192 1082 exitum
2209 1035 2524 1098 spectantes
2553 1027 2718 1082 ﬁdem
2733 1027 3110 1091 imitamur”',
3125 1025 3230 1081 hoc
3253 1025 3562 1090 est,eadem

1983 1133 2110 1174 cum
2139 1117 2273 1188 ipsis
2315 1118 2521 1174 sentire
2559 1125 2616 1174 et
2657 1118 2810 1188 loqui
2844 1117 3176 1189 satagimus,
3210 1117 3365 1171 nullo
3405 1125 3566 1186 pacto

1985 1212 2344 1278 sustinentes,
2376 1220 2491 1268 uta
2521 1219 2672 1268 recto
2700 1213 2922 1283 pietatis
2954 1211 3174 1266 tramite
3200 1210 3563 1266 declinemus.

1984 1304 2336 1360 Meminimus
2357 1305 2505 1358 enim
2548 1303 2751 1359 divinae
2798 1304 3098 1374 Scriptura:
3130 1303 3205 1358 ita
3235 1302 3521 1357 clamantis
3551 1318 3564 1356 :

1994 1416 2012 1448 ι
2049 1396 2248 1452 Rectas
2277 1398 2501 1452 semitas
2522 1397 2608 1452 fac
2641 1397 2877 1468 pedibus
2909 1397 3038 1460 tuis,
3086 1403 3144 1449 et
3171 1396 3290 1449 vias
3329 1402 3451 1449 tuas
3480 1394 3567 1448 di-

1988 1487 2217 1558 rige'h
2259 1488 2393 1543 Nam
2439 1489 2535 1558 qui
2581 1497 2763 1544 rectas
2784 1489 3011 1543 semitas
3053 1486 3468 1558 magnifaciunt,
3510 1485 3569 1540 hi

1987 1579 2055 1632 ad
2105 1577 2440 1633 destinatum
2492 1586 2748 1641 currunt,
2797 1575 2866 1630 ad
2908 1575 3160 1630 bravium
3185 1588 3438 1644 supernae
3467 1587 3568 1626 vo-

1989 1671 2224 1725 cationis
2249 1671 2306 1724 in
2331 1669 2553 1726 Christo
2574 1669 2654 1734 ²⁸;
2683 1668 2778 1738 qui
2805 1683 2960 1733 vero,
2993 1666 3292 1737 apostolica
3317 1673 3374 1721 et
3406 1679 3573 1719 evan-

1990 1763 2164 1832 gelica
2194 1761 2491 1816 traditione
2523 1769 2862 1830 contempta,
2896 1759 3184 1823 novitiam,
3209 1758 3572 1826 inutilemque

278 1848 438 1919 παρά
473 1849 726 1901 πάντωψ
758 1867 777 1898 ι
800 1848 893 1919 Μὴ
932 1849 1164 1922 μέταιρε
1197 1862 1225 1900 τι
1253 1831 1377 1921 ὅρια
1399 1851 1617 1916 αἰώνια,
1644 1852 1681 1906 ἀ
1704 1851 1890 1905 ἔθεντο

1991 1869 2055 1909 ac
2077 1869 2208 1908 sane
2233 1853 2523 1909 ridiculam
2547 1852 2749 1908 mentis
2769 1867 2883 1907 sua:
2901 1851 3349 1907 adinventionem
3373 1849 3427 1902 in
3446 1863 3574 1918 pre-

279 1942 330 1994 οἱ
348 1939 598 2010 πατέρες
629 1957 730 1992 σου
751 1950 796 1992 ι’.
832 1959 848 1990 ι
869 1939 946 1992 Οὐ
963 1940 1073 2012 γὰρ
1092 1943 1283 1995 ἀστεία
1300 1942 1408 1997 τῶν
1426 1945 1683 1998 τοιούτων
1700 1947 1731 2015 ἡ
1749 1945 1884 2008 ὁδός·

285 2032 578 2102 καμπύλαι
612 2033 671 2086 δὲ
709 2031 920 2101 μᾶλλον
949 2031 1008 2086 αί
1042 2034 1259 2104 τροχιαὶ
1285 2074 1301 2099 ,
1330 2035 1426 2090 καὶ
1481 2037 1562 2100 είς
1615 2037 1887 2108 πέταυρον

294 2125 452 2195 suo»,
479 2123 578 2176 ml.
605 2124 810 2192 παγίδα
841 2123 1079 2179 Θανάτου
1109 2125 1600 2195 κατακομίζουσαι.
1638 2127 1749 2181 Καί
1797 2145 1888 2197 μοι

305 2215 455 2268 δοκεῖ
490 2216 640 2284 σοφδς
669 2215 742 2268 ὣν
777 2215 925 2283 ἄγαν
961 2217 989 2268 ὁ
1020 2217 1294 2287 Σολομὼν,
1327 2217 1552 2288 ἀσέμνῳ
1584 2219 1803 2288 γυναικὶ
1828 2218 1889 2273 τὸ

303 2305 548 2374 ἑκάστης
589 2305 685 2358 τῶν
733 2307 1006 2378 αἱρέσεων
1058 2307 1360 2378 περιθεῖναι
1414 2308 1726 2378 πρόσωπον,
1769 2305 1890 2363 εἶτα

299 2397 427 2465 περὶ
457 2395 627 2464 αὐτῆς
647 2397 848 2457 εἰπεῖν,
875 2397 952 2461 ὡς
980 2399 1086 2468 χρὴ
1112 2399 1518 2469 παραιτεῖσθαι,
1547 2401 1640 2454 καὶ
1667 2400 1888 2469 φεύγειν

290 2485 390 2554 τὴν
419 2488 674 2554 τοιαύτην
708 2491 983 2555 γυναῖκα,
1014 2489 1138 2559 ἥτις
1177 2491 1328 2545 ἐστὶν
1361 2491 1636 2562 θήρευμα,
1671 2495 1766 2547 καὶ
1795 2512 1890 2547 σα-

289 2581 424 2647 γήνη
457 2587 480 2614 ³
525 2579 728 2648 καρδία
760 2580 956 2651 αὐτῆς,
991 2581 1190 2652 δεσμὸς
1232 2584 1312 2646 είς
1356 2585 1544 2656 χεῖρας
1584 2585 1777 2655 αὐτῆς.
1831 2587 1889 2639 ’0

284 2667 489 2735 ἀγαθὸς
519 2669 632 2740 πρὸ
658 2670 963 2740 προσώπου
987 2670 1082 2724 τοῦ
1108 2671 1268 2736 Θεοῦ,
1295 2673 1712 2744 ἐξαιρεθήσεται
1743 2677 1759 2710 ⁸
1793 2675 1888 2728 ἀπ’

280 2760 485 2830 αὐτῆς·
541 2762 646 2814 καὶ
688 2761 719 2813 ό
759 2763 1120 2833 ἁμαρτάνων,
1161 2763 1602 2835 συλληφθήσεται
1631 2767 1691 2818 ὲν
1721 2765 1886 2836 αὐτῇ.

294 2847 433 2902 Ἀλλ’
481 2851 822 2923 ἐξῃρήμεθα
875 2852 974 2922 μὲν
1025 2852 1189 2923 ἡμεῖς
1247 2853 1346 2922 τῆς
1401 2852 1498 2907 τοῦ
1562 2854 1890 2926 θηρεύοντος

279 2943 572 3012 ἀπλήστου
623 2943 893 3011 παγίδος·
940 2942 1265 3014 σεσώσμεθα
1305 2944 1364 2998 δὲ
1405 2943 1495 2998 διὰ
1538 2945 1634 2998 τοῦ
1671 2947 1891 3000 πάντων

283 3035 439 3106 ἡμῶν
479 3033 750 3106 Σωτῆρος
773 3034 1036 3106 Χριστοῦο
1063 3034 1123 3089 ὃν
1155 3035 1249 3089 καὶ
1275 3036 1410 3090 Θεὸν
1438 3033 1579 3091 εἶναι
1605 3038 1892 3092 πιστεύον·

282 3142 370 3190 τες
389 3169 404 3192 ,
435 3126 848 3195 ὁμολογοῦντες
883 3127 941 3179 δὲ
978 3126 1242 3181 Θεοτόκον
1273 3127 1369 3180 καὶ
1395 3127 1496 3197 τὴν
1529 3127 1672 3182 κατά
1710 3128 1890 3199 σάρκα
1917 3165 1959 3224 C

285 3219 555 3274 τεκοῦσαν
587 3218 779 3284 αὐτὸν,
810 3217 963 3288 αὐτῷ
996 3218 1263 3289 πρόσιμεν
1291 3225 1343 3282 ιι,
1369 3218 1639 3286 λέγοντες·
1677 3238 1696 3271 ι
1725 3219 1889 3273 Ζωώ-

287 3329 398 3375 σεις
436 3314 614 3382 ἡμᾶς,
644 3311 744 3365 καὶ
768 3311 832 3363 οὐ
875 3311 953 3383 μὴ
994 3310 1324 3381 ἀωστῶμεν
1365 3311 1476 3366 ἀπὸ
1506 3311 1602 3366 σοῦ
1623 3329 1636 3343 ·
1683 3312 1780 3366 καὶ
1813 3311 1892 3383 τῷ

285 3404 515 3472 ὀνόματί
565 3421 666 3456 σου
716 3402 1233 3473 ἑξομολογησόμεθα
1281 3404 1362 3467 είς
1413 3404 1542 3466 τοὺς
1589 3404 1814 3468 αἰῶνας.
1866 3421 1886 3458 ι

297 3497 590 3551 ’Δπάντων
619 3495 677 3549 δὲ
710 3495 922 3550 τούτων
951 3498 1084 3567 ἡμῖν
1125 3496 1234 3550 τῶν
1279 3498 1625 3568 τριποοήτων
1671 3497 1893 3566 ἀγαθῶν

286 3589 480 3658 γέγονε
503 3587 774 3658 πρόξενος
796 3591 830 3658 ὴ
856 3587 976 3641 θεία
999 3605 1059 3641 τε
1086 3587 1180 3642 καὶ
1203 3588 1538 3661 ἀπόρρητος,
1567 3589 1661 3642 καὶ
1684 3589 1894 3644 ἀνωθεν

284 3683 492 3752 ψῆφος,
519 3682 621 3734 καὶ
638 3682 672 3751 ἡ
687 3682 802 3744 τοῖς
828 3680 1038 3735 ἀνωθεν
1053 3679 1284 3752 νεύμασι
1306 3683 1676 3754 συντρέχουσα
1695 3681 1891 3753 γνώμη

282 3773 378 3827 τοῦ
404 3772 816 3826 εὐσεϐεστάτου
857 3773 954 3826 καὶ
974 3767 1322 3843 φιλοχρίστου
1343 3772 1627 3844 βασίλεως.
1648 3775 1894 3841 Ἐπρεπε

285 3867 397 3936 γὰρ
427 3867 500 3936 τῇ
545 3864 883 3935 γαληνότητι
925 3863 1108 3918 αὐτῶν
1140 3874 1191 3929 ν,
1234 3864 1307 3936 μὴ
1341 3865 1502 3936 μόνον
1530 3866 1758 3937 όρατοὺς
1796 3883 1896 3920 κα-

283 3958 624 4011 ταπαλαίειν
665 3956 896 4027 ἐχθροὺς
922 3996 937 4021 ,
968 3955 1109 4010 ἀλλά
1136 3957 1246 4026 γάρ
1274 3956 1410 4027 πρὸς
1442 3956 1618 4026 τούτῳ
1664 3958 1758 4010 καὶ
1799 3958 1895 4010 ἀο-

289 4054 522 4121 ράτους,
567 4050 665 4103 καὶ
706 4048 1050 4120 βαρϐαρικὰς
1085 4048 1184 4119 μὲν
1212 4048 1530 4118 συνθραύειν
1573 4049 1892 4120 φάλαγγας,

283 4143 617 4213 ἀπράκτους
648 4141 705 4193 δὲ
734 4143 830 4194 καὶ
855 4141 956 4204 τὰς
987 4140 1082 4194 τοῦ
1106 4141 1354 4195 διαϐόλου
1389 4141 1720 4213 δυστροπίας
1754 4144 1893 4197 ἀπο-

283 4235 486 4300 τελεῖν,
523 4234 624 4287 καὶ
651 4235 766 4297 τοῖς
792 4235 871 4295 είς
900 4233 1138 4303 Χριστὸν
1171 4232 1519 4286 πιστεύουσιν
1547 4234 1638 4290 διά
1665 4235 1762 4307 τῆς
1794 4237 1894 4306 σῆς

285 4329 612 4392 θεοσεϐείας
655 4325 1019 4397 πρυτανεύειν
1055 4325 1154 4398 τὴν
1189 4327 1513 4396 ἀσφάλειαν.
1559 4327 1617 4381 Ὀ
1661 4329 1761 4398 μὲν
1786 4327 1894 4400 γὰρ

285 4421 411 4489 εἱκῆ
444 4419 802 4490 βατταρίζων
833 4419 891 4472 ὲν
929 4417 1196 4488 ἐκκλησίᾳ.
1225 4427 1274 4480 ι,
1307 4418 1402 4474 καὶ
1431 4420 1555 4482 ταῖς
1589 4418 1730 4473 κατά
1759 4419 1895 4487 Χρι-

1991 1942 2068 1998 ιίο
2095 1943 2319 2008 habent,
2343 1943 2400 1996 hi
2425 1942 2494 1996 ab
2513 1942 2772 1997 omnibus
2795 1941 3023 1996 audiant
3049 1957 3062 1994 :
3097 1957 3116 1990 ι
3135 1939 3256 1994 Non
3273 1937 3573 1994 transferas

1989 2035 2256 2090 terminos
2277 2035 2665 2106 sempiternos,
2689 2049 2830 2105 quos
2848 2039 3157 2104 posuerunt
3172 2040 3358 2103 patres
3371 2029 3450 2084 tui
3466 2029 3533 2082 ".
3547 2048 3564 2081 ι

1986 2126 2110 2180 Non
2159 2131 2246 2179 est
2288 2125 2435 2179 enim
2489 2134 2638 2181 recta
2689 2123 2965 2196 ejusmodi
3005 2124 3292 2180 hominum
3328 2121 3438 2186 via,
3475 2119 3574 2175 sed

1988 2230 2265 2286 perversa:
2319 2231 2513 2270 eorum
2562 2216 2774 2271 semitae
2799 2216 2882 2281 ’⁷,
2939 2223 3104 2285 atque
3147 2214 3204 2268 in
3233 2211 3572 2285 profundum

1987 2308 2097 2378 97
2126 2307 2348 2372 inferni,
2385 2316 2443 2362 et
2484 2308 2680 2362 mortis
2722 2308 2981 2377 laqueum
3008 2305 3345 2376 praacipitem
3381 2311 3571 2374 agunt.

1988 2398 2069 2453 Ac
2115 2398 2252 2452 mihi
2293 2397 2511 2452 videtur
2550 2397 2954 2467 sapientissime
2987 2396 3244 2451 Salomon
3269 2394 3573 2465 impudenti

1990 2493 2210 2548 mulieri
2241 2509 2531 2564 personam
2574 2494 2951 2564 cujuscunque
2990 2491 3217 2546 haeresis
3259 2490 3570 2560 imponere:

1990 2596 2156 2651 quam
2185 2581 2415 2651 proinde
2434 2581 2724 2637 mulierem
2748 2581 3027 2636 vitandam
3043 2596 3108 2636 ac
3123 2579 3436 2651 fugiendam
3453 2594 3576 2636 esse

1991 2673 2271 2738 admonet,
2319 2689 2442 2743 quae
2484 2674 2718 2742 laqueus
2764 2680 2849 2729 est
2881 2689 2896 2736 ;
2951 2682 3008 2728 et
3048 2688 3247 2744 sagena
3276 2688 3374 2728 cor
3411 2673 3572 2743 ejus;

1990 2763 2212 2818 vincula
2257 2771 2387 2817 sunt
2429 2763 2486 2817 in
2533 2761 2790 2818 manibus
2825 2763 2948 2834 ejus
2987 2763 3052 2816 ’³.
3091 2761 3195 2829 Qui
3230 2761 3410 2816 bonus
3445 2771 3582 2817 ante

1991 2856 2190 2912 faciem
2217 2855 2336 2920 Dei,
2358 2864 2588 2910 eruetur
2615 2855 2684 2910 de
2707 2855 2802 2910 illa
2827 2872 2842 2921 ;
2872 2855 2968 2925 qui
2989 2863 3172 2910 autem
3193 2859 3449 2924 peccator
3468 2862 3574 2917 est,

1993 2949 2243 3018 capietur
2278 2948 2336 3004 in
2369 2948 2483 3003 illa.
2512 2946 2582 3002 At
2603 2961 2634 3002 e
2663 2947 2942 3002 venatoris
2968 2946 3133 3017 hujus
3159 2945 3475 3015 inexplebili
3493 2945 3572 2998 la-

1993 3055 2138 3109 queo
2169 3040 2366 3110 erepti,
2391 3047 2448 3093 et
2472 3053 2568 3108 per
2598 3037 2879 3093 Christum
2900 3035 3148 3091 omnium
3181 3043 3430 3091 nostrum
3456 3034 3577 3089 Sal-

1994 3139 2242 3184 vatorem
2277 3128 2470 3184 salvati
2507 3142 2701 3182 sumus
2735 3145 2747 3180 :
2801 3143 2964 3197 quem
3001 3134 3058 3181 ct
3097 3127 3269 3180 Deum
3307 3141 3427 3180 esse
3455 3139 3576 3179 cre-

1994 3221 2208 3285 dentes,
2241 3230 2298 3275 et
2333 3218 2656 3290 genitricem
2685 3218 2833 3273 illius
2861 3217 3166 3272 secundum
3198 3231 3420 3272 carnem
3448 3215 3578 3270 Dei-

1993 3329 2182 3384 param
2207 3328 2328 3368 esse
2353 3311 2695 3382 proﬁtentes,
2725 3309 3044 3365 accedimus
3067 3309 3137 3364 ad
3159 3325 3286 3364 eum
3307 3308 3574 3362 dicentes:

2001 3425 2020 3458 ι
2063 3404 2380 3460 Viviﬁcahis
2397 3420 2520 3468 nos,
2543 3418 2725 3472 neque
2753 3400 3077 3457 recedemus
3106 3416 3136 3455 a
3173 3410 3247 3465 te,
3275 3410 3332 3455 et
3369 3397 3578 3454 nomini

1993 3506 2090 3552 tuo
2117 3496 2505 3552 conﬁtebimur
2535 3495 2590 3549 in
2625 3495 2824 3550 saecula
2862 3495 2929 3548 ³⁸.
2965 3512 2983 3544 ι
3018 3491 3224 3548 Horum
3258 3500 3440 3547 autem
3464 3507 3581 3544 om-

1993 3590 2148 3644 nium
2194 3588 2734 3658 exoptatissimorum
2758 3587 3031 3642 bonorum
3055 3601 3220 3642 causa
3239 3593 3295 3640 et
3315 3584 3579 3640 concilia-

1996 3681 2102 3736 trix
2137 3681 2300 3736 nobis
2334 3680 2546 3736 exstitit
2573 3679 2756 3734 divina
2789 3680 2880 3734 illa
2910 3693 3218 3748 arcanaque
3253 3693 3316 3733 ac
3343 3692 3581 3747 superna

1993 3771 2291 3839 sententia,
2331 3781 2389 3828 et
2422 3773 2501 3827 illi
2533 3773 2745 3829 caelesti
2781 3772 2942 3828 nutui
2983 3771 3334 3827 consentiens
3366 3769 3582 3841 religio-

1995 3864 2198 3920 sissimi
2235 3863 2554 3934 Christique
2590 3862 2826 3918 amantis
2862 3862 3008 3934 regis
3040 3862 3316 3917 voluntas.
3343 3859 3582 3914 Docebat

1994 3971 2233 4025 namque
2269 3954 2419 4009 illius
2459 3953 2838 4018 serenitatem,
2875 3961 2937 4008 ut
2973 3969 3085 4008 non
3123 3952 3286 4008 modo
3312 3951 3577 4015 visibiles,

1995 4064 2190 4104 verum
2230 4047 2400 4102 etiam
2442 4045 2751 4101 invisibiles
2801 4045 2990 4102 hostes
3037 4051 3412 4116 expugnaret;
3464 4052 3580 4096 tum

1997 4156 2241 4206 rursum,
2284 4148 2346 4195 ut
2385 4155 2498 4195 non
2528 4148 2741 4194 tantum
2765 4136 3082 4193 barbaricas
3117 4137 3416 4207 phalanges
3446 4150 3579 4190 con-

1998 4240 2221 4296 tereret,
2247 4231 2343 4289 sed
2369 4231 2576 4286 diaboli
2593 4243 2813 4299 quoque
2831 4227 3237 4298 improbitatem
3255 4233 3577 4281 enervaret:

1999 4333 2114 4379 tum
2151 4323 2412 4392 denique,
2460 4330 2522 4376 ut
2561 4336 2659 4390 per
2695 4328 2842 4374 tuam
2865 4320 3147 4389 pietatem,
3175 4334 3367 4374 eorum
3396 4319 3501 4388 qui.
3524 4318 3580 4373 in

1997 4415 2279 4471 Christum
2317 4413 2574 4475 credunt,
2617 4411 2903 4466 securitati
2929 4410 3263 4465 consuleret.
3296 4409 3400 4476 Qui
3433 4410 3581 4464 enim

288 4512 416 4565 στοῦ
454 4510 811 4581 δυσφημίαις
837 4510 1076 4580 ἀκρατὲς
1106 4510 1340 4579 ἀνοίγων
1365 4509 1425 4564 τὸ
1457 4507 1653 4579 στόμα,
1687 4509 1787 4580 τῆς
1817 4509 1890 4561 ίε-

2003 4513 2210 4560 temere
2228 4504 2283 4558 in
2306 4501 2550 4558 Ecclesia
2571 4502 2900 4572 nugahatur,
2928 4501 3392 4571 blasphemiisque
3414 4503 3579 4558 eﬂ're-

287 4607 388 4675 ρᾶς
410 4622 474 4658 τε
504 4605 606 4657 καὶ
638 4603 791 4666 θείας
813 4602 1170 4674 ὑπεχώρησεν
1190 4603 1381 4672 αὐλῆς,
1407 4601 1681 4670 ἀντανὲφυ
1701 4603 1776 4660 δὲ,
1803 4601 1896 4654 καὶ

285 4698 710 4765 ἀνεϐλάστησεν
752 4695 786 4764 ἡ
835 4695 900 4765 σὴ
943 4693 1252 4766 τελειότης,
1296 4695 1373 4759 ώς
1431 4694 1597 4763 φυτὸν
1640 4695 1889 4766 εἰρήνης,

287 4791 427 4843 uti
453 4790 524 4841 τὸ
553 4785 968 4856 γεγραμμένον.
997 4785 1181 4840 Ξένιον
1221 4785 1279 4838 δὲ
1312 4786 1406 4839 καὶ
1436 4785 1597 4838 τοῦτο
1632 4785 1894 4855 βασιλέως

285 4878 559 4941 εὖσεὸοῦς
612 4873 890 4946 λαμπρὸν,
941 4875 1397 4946 προηγουμένης,
1453 4871 1528 4937 ώς
1583 4873 1740 4944 ἔφην,
1793 4873 1894 4941 τῆς

285 4971 503 5024 ἀνωθεν
556 4969 770 5038 ψήφου.
823 4963 1170 5034 Συνηδόμεθα
1221 4963 1400 5016 τοίνυν
1451 4961 1544 5016 καὶ
1591 4961 1740 5031 ὑμῖν,
1781 4965 1892 5028 τοῖς

287 5063 385 5133 τὴν
408 5061 590 5132 ὀρθὴν
623 5059 720 5113 καὶ
760 5057 1063 5128 ἀμώμητον
1093 5055 1275 5126 ἔχουσι
1306 5054 1512 5108 πίστιν.
1561 5055 1895 5124 Ἐγήγερται

289 5158 399 5229 γὰρ
435 5151 735 5224 ἱερουργδς
768 5151 910 5222 ἀνὴρ
930 5189 944 5214 ,
975 5150 1033 5203 ὃν
1059 5149 1177 5202 ἴστε
1199 5188 1214 5213 ,
1238 5150 1334 5201 καὶ
1362 5147 1555 5218 χρόνος
1584 5148 1714 5218 ὑμῖν
1750 5164 1893 5217 παρ-

288 5247 447 5301 έθετο
480 5242 722 5316 μακρός·
757 5241 1013 5312 καίαύτὴ
1035 5241 1092 5295 δὲ
1119 5240 1225 5295 τῶν
1261 5240 1608 5310 πραγμάτων
1660 5239 1894 5307 ὲστεφά·

288 5356 467 5394 νωσεν
495 5340 533 5408 ἡ
560 5337 754 5406 πεῖρα·
783 5333 925 5406 ἀνὴρ
955 5337 1077 5398 ταῖς
1105 5335 1188 5398 είς
1215 5334 1362 5404 ὑμᾶς
1385 5331 1619 5401 ἀγαθαῖς
1647 5331 1896 5402 φροντίσι

357 5496 428 5527 ⁸⁸·
456 5495 596 5549 Luc.
641 5508 678 5554 I,
706 5491 761 5545 2.
841 5489 889 5522 ’³
917 5489 1154 5558 Philipp.
1217 5503 1277 5547 ιι,
1332 5488 1416 5542 lr‘i.

289 5582 427 5628 xm,
457 5564 553 5618 ‘28.
638 5563 682 5594 ’⁷
715 5563 879 5618 Prov.
923 5577 982 5622 ιι,
1019 5561 1102 5614 15.

1999 4607 2131 4652 nato
2162 4612 2257 4652 ore
2279 4595 2559 4651 Christum
2589 4593 2984 4658 insectabatur,
3009 4609 3040 4646 a
3067 4595 3242 4649 sacris
3269 4594 3582 4665 divinisque

1995 4689 2155 4744 atriis
2174 4696 2392 4743 amotus
2415 4696 2532 4752 est;
2563 4685 2619 4740 in
2647 4686 2806 4756 cujus
2827 4686 3008 4742 locum
3037 4686 3324 4757 integritas
3353 4695 3445 4740 tua
3466 4687 3581 4741 vel-

1997 4777 2078 4831 uti
2116 4776 2269 4846 pacis
2311 4776 2520 4846 planta,
2563 4783 2624 4832 ut
2651 4776 2919 4846 scriptum
2945 4785 3048 4841 est,
3080 4777 3364 4831 successit.
3389 4774 3456 4829 Et
3482 4774 3584 4829 hoc

1999 4862 2224 4924 rlirsu'm
2243 4868 2457 4923 illustre
2474 4867 2549 4938 pii
2569 4867 2714 4939 regis
2733 4883 2935 4923 munus
2957 4876 3060 4932 est,
3084 4868 3308 4938 praevio,
3337 4876 3396 4923 ut
3420 4868 3584 4922 modo

1999 4959 2237 5022 aiebam,
2280 4957 2492 5013 ccclesti
2530 4957 2812 5029 suﬁ'ragio.
2856 4957 3094 5013 Proinde
3139 4957 3584 5028 congratulamur

1999 5051 2168 5108 etiam
2211 5050 2370 5106 vobis
2403 5058 2610 5106 rectam
2645 5051 3090 5121 inculpatamque
3126 5049 3287 5104 tidem
3326 5047 3580 5101 babenti-

2001 5143 2128 5199 hus.
2156 5142 2406 5198 Surrexit
2433 5142 2584 5198 enim
2609 5157 2897 5197 sacrorum
2921 5139 3196 5202 minister,
3219 5151 3382 5208 quem
3405 5136 3580 5202 scitis,

2000 5247 2057 5292 et
2094 5237 2420 5292 diuturnum
2456 5243 2676 5306 tempus
2707 5235 2866 5290 vobis
2909 5229 3334 5293 commendavit,
3383 5236 3440 5281 et
3464 5227 3579 5298 ipsa

2003 5345 2192 5384 rerum
2226 5329 2567 5400 experientia
2601 5325 2884 5384 decoravit
2913 5341 2928 5379 :
2969 5323 3176 5393 quique
3215 5321 3271 5376 in
3315 5319 3581 5378 sollicitu-

1496 5487 1564 5519 ²⁸⁶
1594 5485 1761 5541 Hebr.
1803 5503 1848 5539 xl
1863 5502 1890 5539 ιι

1996 5528 2008 5539 .
2084 5486 2130 5516 νδ
2155 5483 2314 5539 Prov.
2366 5501 2440 5548 ιν,
2491 5482 2593 5537 ‘26.
2661 5474 2704 5516 ³⁸
2741 5481 2982 5552 Philipp.
3049 5496 3128 5545 ιιι,
3170 5481 3255 5535 14.
3335 5481 3381 5513 ’⁸
3415 5480 3580 5535 Prov.

1159 5560 1202 5592 ’³
1265 5560 1448 5615 Eccle.
1487 5574 1578 5619 vn,
1610 5558 1699 5611 27.
1781 5559 1826 5589 ²⁹
1864 5554 2005 5612 Psal.
2045 5571 2224 5620 Lxmx,
2262 5555 2347 5609 l9.

1418 5675 1592 5731 Varim
1615 5674 1882 5731 lectiones
1905 5672 2112 5728 codicis
2153 5667 2522 5742 Seguicriani.

368 5808 395 5849 ς
431 5795 753 5870 μεταίρετε.
838 5805 857 5833 τ
888 5793 1066 5866 ὑμῶν.
1145 5808 1164 5834 ι
1201 5793 1451 5864 σαγῆναι.

1539 5795 1552 5829 ί
1593 5791 1794 5863 Κυρίου
1830 5789 2257 5860 ἐξαιρεθήσεται.

2342 5799 2368 5825 υ
2391 5783 2705 5856 προσίεμεν.
2779 5791 2808 5822 τ
2840 5780 3024 5835 αὑτοῦ.
3103 5784 3131 5817 κ
3155 5775 3492 5848 ἐκκλησίαις,
