4058 6434
462 346 567 408 155
1475 348 1532 405 S.
1573 347 1851 405 CYRILLI
1889 347 2361 404 ALEXANDRINI
2399 350 2719 408 ARCIIIEP.
3625 354 3728 413 156

462 481 593 537 tine
612 495 713 552 pro
731 480 890 534 vobis
916 477 1157 549 gerenda
1186 478 1420 534 multum
1450 479 1712 549 temporis
1732 478 2043 551 insumpsit,

2152 462 2394 533 μακροὺς
2415 463 2732 533 δαπανήσας
2754 462 3001 534 χρόνους,
3023 461 3117 516 καὶ
3138 462 3239 533 τὴν
3258 460 3399 516 οὕτω
3419 463 3589 518 πάνσε
3598 484 3730 536 μνον

463 550 942 640 venerandamque
992 570 1133 625 adeo
1173 570 1433 626 canitiem
1482 570 1687 626 emisit.
1744 550 2045 641 Oportebat

2152 550 2345 605 πολιὰν
2370 550 2705 623 ἐξηνθηκώς.
2738 551 2886 604 Ἔδει
2929 552 3073 622 γὰρ,
3100 550 3230 615 ἔδει,
3264 554 3386 615 ταῖς
3428 553 3728 625 ἐξαιρέτοις

460 666 630 729 enirn,
659 663 953 733 oportebat
990 662 1211 718 selectis
1241 661 1541 717 Salvatoris
1574 661 1752 716 nostri
1788 661 2046 732 gregibus

2155 643 2390 713 μάλιστα
2420 643 2514 697 τοῦ
2551 642 2807 714 Σωτῆρος
2835 642 3061 711 ἀγέλαις
3091 642 3255 711 σοφόν
3283 659 3343 696 τε
3370 645 3467 699 καὶ
3503 648 3730 716 ἐπιστή-

461 756 767 825 sapientem
805 754 1156 824 peritumque
1189 752 1481 823 praesidem
1527 752 1671 818 dari,
1709 753 1799 807 cui
1827 752 2046 806 animus

2155 751 2293 804 μονα
2328 735 2550 806 δοθῆναι
2579 733 2670 788 τὸν
2700 734 3022 804 ὲπιστάτην,
3068 734 3399 804 ποιμνικῆς
3442 737 3728 807 εὐτεχνίας

459 856 608 902 esset
628 842 887 916 pastorali
900 844 1168 900 industria
1184 845 1441 909 refertus,
1459 844 1666 914 quique
1678 843 1881 915 pabulo
1901 844 2045 898 bono

2150 827 2443 898 ὲπίμεστον
2489 826 2682 898 ἔχοντα
2719 825 2811 879 τὸν
2849 825 2995 892 νοῦν,
3032 827 3090 878 ὲν
3119 829 3258 898 νομῇ
3296 827 3499 899 ἀγαθῇ,
3542 829 3637 880 καὶ
3668 829 3727 880 ὲν

460 946 518 994 et
547 938 671 993 loco
687 952 889 1006 pascuo
902 952 1126 1008 pascere
1142 937 1341 1003 sciret;
1367 936 1463 1007 qui
1474 933 1715 1005 denique
1730 935 1896 991 rebus
1913 934 2046 1006 ipsis

2208 935 2300 989 ιπῳ
2328 918 2474 973 πίονι
2499 919 2828 989 κατανέμειν
2848 917 3046 984 εἰδότα,
3075 918 3534 991 δεδοκιμασμένον
3559 920 3616 974 δὲ
3638 919 3727 973 διά
3796 992 3810 1003 _

461 1029 729 1101 probatus
752 1027 914 1094 foret,
951 1037 1208 1097 tanquam
1225 1026 1401 1083 ﬁdelis
1433 1027 1795 1097 sincerusque
1822 1039 2047 1080 oecono-

2150 1010 2517 1082 πραγμάτων,
2546 1010 2625 1075 ὡς
2650 1009 2862 1077 πιστὸν,
2889 1010 2986 1063 καὶ
3009 1009 3233 1082 γνήσιον
3257 1013 3561 1083 οἰκονόμον.
3586 1013 3725 1078 Τοὺς

463 1136 606 1176 mus.
642 1117 746 1187 Qui
775 1119 924 1175 enim
950 1119 1025 1174 ita
1055 1119 1245 1173 vivere
1266 1119 1648 1184 instituerunt,
1676 1131 1775 1173 eos
1790 1115 2046 1171 Christus

2154 1102 2253 1173 μὲν
2277 1104 2387 1174 γὰρ
2419 1102 2563 1158 οὕτω
2594 1103 2694 1175 ζῇν
2717 1103 2978 1167 εἰωθότας
3011 1105 3109 1158 καὶ
3144 1106 3430 1177 προσίεται
3467 1107 3724 1178 Χριστος,

462 1211 682 1281 recipit,
705 1219 763 1266 et
783 1210 980 1283 quovis
1019 1210 1230 1266 honore
1247 1210 1443 1282 dignos
1459 1218 1650 1266 censet
1672 1226 1689 1277 ;
1717 1223 1879 1265 secus
1905 1223 2039 1263 vero

2149 1194 2246 1247 καὶ
2268 1194 2428 1263 λόγου
2450 1194 2652 1259 παντὸς
2675 1194 2837 1261 ἀξιοῖ,
2860 1195 2988 1258 τοὺς
3006 1194 3063 1248 δὲ
3088 1196 3163 1267 μὴ
3184 1195 3459 1260 τοιούτους
3481 1196 3727 1263 ἐξίστησι

463 1303 710 1368 aﬁ‘ectos,
724 1318 755 1357 a
774 1302 1083 1359 ministerio
1103 1301 1251 1373 quod
1275 1302 1409 1373 ipsis
1426 1301 1759 1366 crediderat,
1782 1300 2040 1371 explodit.

2148 1285 2252 1356 τῆς
2313 1285 2748 1358 ἐγχειρισθείσης
2801 1287 2991 1351 αὐτοῖς
3040 1288 3374 1358 οἰκονομίας.
3411 1287 3520 1341 Καὶ
3567 1286 3728 1341 τοῦτο

463 1392 732 1462 98Quod
746 1391 1002 1456 dicimus,
1014 1405 1206 1447 verum
1222 1405 1343 1445 esse
1358 1405 1425 1446 ex
1436 1389 1608 1445 sacris
1622 1388 1849 1444 Litteris
1866 1386 2047 1457 perfa-

2150 1378 2301 1431 ἐστιν
2325 1376 2529 1448 ἀληθὲς
2553 1376 2680 1431 ἰδεῖν
2700 1376 2760 1444 ἐξ
2782 1384 2812 1425 Υ
2834 1378 3015 1434 αὐτῶν
3037 1378 3144 1432 τῶν
3168 1377 3329 1449 ἰερῶν
3353 1378 3723 1449 Γραμματων.

465 1483 569 1538 cile
599 1498 915 1554 cognoscas.
952 1482 1223 1554 Loquitur
1243 1483 1390 1539 enim
1421 1481 1622 1538 alicubi
1647 1481 1794 1536 Deus
1813 1478 1878 1533 ad
1910 1479 2042 1534 bea-

2154 1468 2300 1538 Ἔφη
2347 1467 2456 1539 γάρ
2497 1483 2601 1521 που
2646 1467 2780 1530 Θεὸς
2822 1468 2962 1541 πρὸς
2998 1468 3093 1523 τὸν
3127 1468 3397 1539 μακάριον
3437 1470 3726 1540 προφήτην

467 1583 581 1629 tum
622 1576 948 1646 prophetam
984 1575 1225 1631 Isaiam:
1266 1594 1285 1627 ‹
1322 1573 1472 1631 Vade
1520 1574 1579 1630 in
1625 1571 2043 1643 pastophorium

2163 1556 2410 1610 Ἡσαΐαν·
2443 1572 2464 1608 t
2494 1555 2799 1629 Πορεύθητι
2820 1566 2844 1594 ι
2874 1559 2956 1621 εἰς
2982 1558 3045 1611 τὸ
3057 1558 3422 1630 παστοφόριον
3443 1558 3581 1630 πρὸς
3610 1560 3725 1611 Σῶ-

2156 1658 2298 1670 ____.-
2318 1647 2408 1670 ,ιη
2429 1646 2631 1670 -,,.-ι,.,.
2673 1647 2764 1670 --.Α
2786 1643 2935 1670 ,τ,,,,
2961 1648 3208 1670 -).-ε-ηη
3237 1650 3291 1670 __._
3321 1644 3412 1670 ι..-
3610 1652 3623 1670 .

463 1664 532 1719 ad
568 1643 806 1728 sobriam
844 1673 1192 1736 quaestorem,
1232 1674 1289 1721 et
1322 1664 1413 1720 dic
1447 1664 1499 1719 ei
1528 1680 1542 1717 :
1578 1662 1721 1729 Quid
1757 1669 1814 1716 tu
1854 1661 1964 1725 hic,
1987 1668 2047 1715 et

2154 1663 2261 1716 μαν
2273 1658 2300 1688 ι
2316 1647 2409 1736 τὸν
2427 1646 2654 1717 ταμίαν,
2671 1647 2769 1701 καὶ
2782 1643 2936 1703 εῐπον
2952 1648 3129 1720 αὐτῷ’
3142 1650 3208 1704 Τί
3230 1650 3295 1702 σὺ
3316 1644 3440 1715 ὧδε,
3463 1652 3557 1704 καὶ
3571 1652 3623 1704 τί
3641 1653 3725 1705 σοί

462 1754 596 1826 quid
634 1757 736 1815 tibi
773 1732 879 1812 hic
895 1757 1027 1812 est?
1055 1757 1198 1813 Ecce
1257 1755 1527 1811 Dominus
1574 1753 1818 1809 Sabaoth
1859 1752 2044 1823 ejiciet

2150 1739 2297 1792 ἐστιν
2311 1732 2435 1805 ὧδε;
2465 1740 2601 1795 Ἰδοὺ
2611 1741 2816 1809 Κύριος
2830 1740 3091 1795 Σασόαὼθ
3110 1741 3331 1795 ἐκϐαλεῖ
3350 1742 3400 1805 δ,
3419 1743 3513 1796 καὶ
3533 1743 3721 1807 ἐκτρί-

461 1854 519 1901 et
542 1853 792 1901 conteret
821 1846 1005 1902 virum
1028 1885 1043 1912 ,
1081 1854 1140 1902 et
1184 1846 1397 1901 auferet
1429 1845 1625 1901 stolam
1659 1853 1832 1908 tuam,
1858 1850 1915 1897 et
1943 1856 2040 1897 eo-

2139 1828 2233 1899 ψει
2256 1830 2449 1902 ἄνδρα,
2468 1832 2564 1886 καὶ
2586 1830 2778 1901 ἀφελεῖ
2796 1831 2900 1903 τὴν
2917 1833 3111 1905 στολήν
3143 1850 3259 1898 σου,
3286 1834 3382 1888 καὶ
3408 1833 3501 1888 τὸν
3529 1835 3727 1902 στέφα-

464 1951 656 1990 ronam
689 1944 838 1991 tuam
871 1936 1201 2008 gloriosam;
1233 1944 1292 1991 et
1322 1933 1543 2006 abjiciet
1578 1942 1634 1989 te
1671 1934 1728 1987 in
1757 1932 2038 2003 regionem

2142 1920 2234 1975 νόν
2262 1937 2357 1974 σου
2380 1921 2474 1975 τὸν
2498 1921 2732 1990 ἔνδοξον,
2764 1923 2860 1977 καὶ
2882 1923 3028 1994 ῥίψει
3052 1940 3111 1976 σε
3139 1925 3219 1988 εἰς
3240 1922 3425 1996 χώραν
3455 1924 3724 1995 μεγάλην,

464 2028 631 2084 latam
667 2037 725 2083 et
752 2029 1098 2094 immensam,
1138 2027 1325 2099 ibique
1356 2024 1630 2088 morieris,
1661 2030 1719 2080 et
1753 2022 1961 2078 tolleris
2008 2036 2041 2076 a

2140 2012 2236 2066 καὶ
2267 2012 2576 2085 ἀμέτρητον
2609 2023 2658 2079 ο,
2684 2014 2781 2067 καὶ
2801 2014 2920 2068 ἐκεῖ
2942 2014 3190 2086 ἀποθανῇ
3211 2055 3226 2079 ,
3256 2017 3351 2070 καὶ
3378 2015 3729 2088 ἀφαιρεθήσῃ

462 2122 871 2192 dispensatione
914 2131 1009 2177 tua
1065 2129 1122 2177 et
1156 2120 1225 2176 de
1250 2121 1423 2192 gradu
1464 2128 1581 2175 tuo.
1614 2118 1685 2174 Et
1725 2115 1827 2174 erit
1859 2116 1915 2171 in
1948 2114 2041 2172 die

2140 2103 2251 2159 ἀπὸ
2264 2102 2292 2145 ά
2307 2104 2409 2177 τῆς
2420 2104 2734 2177 οἰκονομίας
2758 2121 2872 2171 σου,
2900 2106 2995 2161 καὶ
3015 2107 3082 2161 ὲκ
3108 2108 3206 2179 τῆς
3224 2107 3538 2172 συστάσεώς
3561 2125 3656 2161 σου
3674 2121 3702 2147 ο

463 2213 555 2268 illa
577 2252 591 2277 ,
625 2212 836 2268 vocabo
865 2227 1097 2282 puerum
1131 2227 1315 2266 meum
1345 2210 1575 2265 Eliacim
1619 2209 1792 2263 ﬁlium
1814 2208 2038 2275 Helciaa,

2143 2196 2253 2250 Kal.
2269 2195 2422 2251 ἔσται
2442 2197 2503 2251 ὲν
2522 2199 2588 2268 τῇ
2611 2197 2793 2269 ἡμέρᾳ
2827 2197 3032 2271 ἐκείνῃ,
3061 2198 3279 2253 καλέσω
3309 2199 3402 2253 τὸν
3427 2198 3595 2253 παῖδά
3621 2215 3729 2269 μου

461 2311 520 2358 et
562 2304 796 2358 induam
820 2304 975 2359 illum
1016 2302 1154 2358 stola
1179 2310 1293 2367 tua,
1339 2310 1396 2357 et
1433 2316 1698 2357 coronam
1721 2308 1872 2356 tuam
1899 2299 2041 2355 dabo

2154 2287 2464 2359 Ἐλιακεὶμ,
2495 2290 2590 2344 τὸν
2629 2288 2723 2343 τοῦ
2755 2289 2989 2344 Χελκίου
3009 2331 3024 2356 ,
3056 2291 3154 2345 καὶ
3185 2290 3392 2345 ἐνδύσω
3429 2290 3592 2345 αὐτὸν
3624 2289 3738 2359 τὴν

459 2393 534 2459 ei,
559 2402 617 2449 et
646 2394 1111 2465 dispensationem
1160 2402 1309 2449 tuam
1344 2393 1488 2449 dabo
1507 2394 1564 2449 in
1587 2408 1805 2458 manus,
1841 2393 1962 2465 ejus
1986 2399 2044 2447 et

2143 2382 2338 2451 στολήν
2365 2397 2491 2447 σου,
2527 2381 2622 2435 καὶ
2650 2380 2743 2435 τὸν
2792 2381 3057 2452 στέφανόν
3111 2400 3208 2437 σου
3241 2381 3397 2438 δώσω
3424 2381 3593 2450 αὐτῷ,
3625 2382 3729 2434 καὶ

458 2484 567 2539 erit
592 2493 849 2556 tanquam
870 2494 1026 2556 pater
1056 2484 1314 2540 omnibus
1343 2484 1727 2539 habitantibus
1746 2484 1805 2538 in
1823 2483 2043 2539 Jerusa-

2140 2472 2241 2542 τὴν
2271 2472 2587 2546 οἰκονομίαν
2620 2490 2717 2528 σου
2747 2474 2904 2530 δώσω
2941 2476 3021 2538 εἰς
3050 2476 3151 2540 τὰς
3179 2477 3371 2547 χεῖρας
3401 2474 3597 2528 αὐτοῦ’
3628 2473 3734 2527 καὶ

460 2577 591 2642 lem,
631 2586 690 2633 et
727 2577 824 2647 qui
857 2577 1108 2632 habitant
1146 2577 1202 2631 in
1239 2576 1421 2632 Iuda:
1456 2585 1512 2633 et
1546 2576 1691 2632 dabo
1723 2576 1775 2631 ei
1807 2576 2042 2647 gloriam

2141 2561 2298 2616 ἔσται
2324 2563 2403 2627 ὡς
2432 2564 2618 2636 πατὴρ
2646 2568 2756 2631 τοῖς
2786 2566 3086 2621 ἐνοικοῦσιν
3119 2568 3178 2619 ἐν
3218 2566 3595 2637 Ἰερουσαλὴμ.
3629 2565 3732 2620 καὶ

458 2667 632 2722 David
661 2685 676 2733 ;
703 2677 761 2722 et
779 2667 1149 2738 principatum
1185 2676 1357 2738 geret,
1395 2676 1453 2723 et
1483 2684 1594 2723 non
1632 2668 1740 2723 erit
1771 2667 1868 2737 qui
1904 2682 2041 2725 con-

2141 2658 2257 2721 τοῖς
2278 2654 2578 2711 ἐνοικοῦσιν
2606 2659 2664 2713 ὲν
2708 2659 2900 2713 Ἰούδασ
2935 2659 3030 2715 καὶ
3056 2658 3212 2713 δώσω
3236 2660 3335 2731 τὴν
3367 2657 3527 2725 δόξαν
3556 2659 3732 2713 Δαῦἰδ

461 2755 697 2811 tradicat
720 2774 733 2810 :
759 2763 816 2811 et
836 2745 1035 2826 ponam
1060 2771 1186 2812 eum
1213 2757 1520 2827 principem
1545 2757 1603 2811 in
1621 2757 1745 2812 loco
1780 2764 1901 2811 tuto
1928 2772 1943 2823 ;
1984 2765 2043 2812 et

2141 2745 2325 2816 αὐτῷ,
2363 2748 2459 2801 καὶ
2490 2749 2667 2818 ἄρξει,
2705 2750 2800 2804 καὶ
2831 2751 2932 2805 οὐκ
2972 2750 3128 2806 ἔσται
3172 2753 3201 2804 ὁ
3245 2750 3580 2819 ἀντιλέγων·
3628 2751 3732 2804 καὶ

456 2846 569 2900 erit
598 2847 653 2901 in
676 2848 935 2902 thronum
970 2848 1159 2919 gloria:
1187 2848 1375 2904 domui
1413 2849 1589 2920 patris
1628 2849 1803 2920 ipsius
1832 2865 1849 2902 ι
1886 2856 1944 2904 et
1973 2846 2041 2903 ﬁ-

2141 2836 2326 2908 στήσω
2363 2837 2529 2892 αὐτὸν
2566 2836 2901 2911 ᾶρχονταέν
2929 2840 3085 2912 τόπῳ
3112 2841 3311 2910 πιστῷ*
3337 2841 3433 2894 καὶ
3456 2840 3610 2894 ἔσται
3642 2842 3731 2905 εἰς

458 2939 683 2995 duciam
724 2940 783 2994 in
829 2955 958 2995 eum
1006 2941 1234 2996 habebit
1270 2941 1524 3013 quisquis
1562 2943 1833 3016 gloriosus
1866 2941 2041 2997 estin

2142 2927 2332 3001 θρόνον
2360 2928 2518 3001 δόξης
2545 2930 2639 2984 τοῦ
2673 2932 2825 2986 οῐκου
2850 2931 2945 2987 τοῦ
2979 2932 3187 3004 πατρὸς
3214 2930 3401 2984 αὑτοῦ·
3440 2931 3535 2985 καὶ
3570 2930 3732 2985 ἔσται

460 3031 626 3087 domo
665 3032 839 3103 patris
879 3032 1018 3105 ejus,
1070 3048 1101 3089 a
1144 3033 1361 3090 modico
1412 3049 1587 3104 usque
1625 3034 1695 3088 ad
1741 3048 2037 3104 mag-num;

2141 3021 2418 3105 πεποιθὼς
2452 3023 2538 3076 ἐπ’
2562 3023 2726 3077 αὑτὸν
2754 3025 2861 3087 πᾶς
2899 3023 3108 3089 ἔνδοξος
3141 3025 3199 3078 ὲν
3230 3023 3306 3094 τῷ
3329 3023 3465 3094 οἴκῳ
3500 3023 3593 3077 τοῦ
3619 3040 3732 3077 πα-

459 3131 519 3178 et
554 3122 876 3193 pendebant
907 3124 975 3178 ab
1003 3138 1071 3179 eo
1095 3122 1185 3179 die
1216 3124 1329 3179 illa.
1361 3124 1489 3180 Haec
1511 3138 1644 3180 vero
1678 3123 1813 3178 dicit
1846 3123 2039 3179 Domi-

2139 3112 2267 3184 τρδς
2310 3112 2509 3179 αὐτοῦ,
2541 3114 2651 3168 ἀπὸ
2687 3115 2885 3186 μικροῦ
2930 3115 3037 3177 ἕως
3076 3115 3337 3187 μεγάλου·
3381 3115 3476 3168 καὶ
3510 3114 3733 3169 ἔσονται

2140 3206 2572 3232 ι-...--..,ι..-..-.
2619 3205 2764 3232 ...ἱ-Ρ.
2797 3208 2853 3232 2.-.
2885 3209 2946 3232 Δ
2992 3205 3174 3232 Ani-..
3212 3206 3392 3232 ι-.-ι....
3457 3206 3595 3232 11⁸ιὲ-
3632 3206 3693 3232 τι

462 3229 569 3270 nus
606 3215 948 3270 exercituum
984 3235 997 3270 :
1043 3216 1406 3272 Amovebitur
1449 3216 1637 3282 homo,
1680 3216 1773 3287 qui
1823 3216 1934 3288 iam
1980 3217 2038 3271 in

2139 3206 2575 3277 ὲπικρεμάμενοι
2617 3205 2766 3277 αὐτῷ
2796 3208 2853 3259 ὲν
2883 3209 2949 3277 τῇ
2992 3205 3178 3278 ἡμέρᾳ
3211 3206 3417 3277 ἐκείνῃ.
3457 3206 3595 3260 Τάδε
3632 3206 3729 3259 λέ-

458 3304 579 3361 loco
612 3312 731 3360 tuto
750 3305 1103 3363 conﬁrmatus
1130 3314 1234 3372 est,
1257 3314 1313 3362 et
1335 3306 1533 3373 cadet;
1574 3315 1630 3363 et
1665 3307 1949 3363 auferetur
1968 3307 2039 3363 ab

2139 3312 2228 3363 γει
2268 3297 2474 3369 Κύριος
2498 3296 2763 3350 Σαῦϐαώθ
2787 3313 2800 3327 ο
2829 3296 3204 3368 Κινηθήσεται
3249 3296 3277 3350 ὁ
3320 3296 3610 3367 ἄνθρωπος
3642 3296 3662 3336 ι
3698 3299 3732 3350 ὁ

456 3412 526 3452 eo
549 3396 723 3467 gloria
743 3412 866 3468 qua:
894 3406 981 3453 est
1000 3413 1167 3469 super
1196 3413 1346 3463 eum,
1377 3398 1507 3468 quia
1534 3398 1799 3453 Dominus
1823 3399 2040 3454 locutus

2139 3387 2532 3459 ἑστηριγμένος
2556 3387 2614 3441 ὲν
2635 3387 2785 3458 τόπῳ
2807 3386 3007 3459 πιστῷ,
3032 3388 3129 3442 καὶ
3150 3389 3421 3451 πεσεῖται,
3445 3389 3539 3441 καὶ
3564 3388 3730 3456 ἀφαι-

456 3497 544 3543 est
570 3488 637 3543 ⁸⁸.
681 3506 700 3540 ι
740 3488 927 3560 Diligit
959 3489 1144 3562 itaque
1185 3490 1435 3545 omnium
1472 3491 1619 3545 Deus
1652 3503 1781 3544 vere
1818 3489 2035 3544 ﬁdelem

2143 3476 2484 3548 ρεθήσεταιὴ
2504 3475 2632 3541 δόξα
2656 3478 2690 3549 ἡ
2712 3477 2798 3530 ἐπ’
2813 3476 2997 3538 αὐτὸν..
3020 3476 3100 3530 ὅτι
3122 3477 3153 3530 ό
3172 3475 3375 3548 Κύριος
3396 3476 3680 3547 ἐλάλησεν.
3702 3496 3723 3529 ι

458 3578 850 3649 sincerumque
886 3595 1234 3636 meonomum
1267 3598 1282 3648 ;
1321 3595 1449 3637 eum
1484 3595 1620 3636 vero
1648 3581 1743 3650 qui
1775 3581 1898 3636 talis
1927 3595 2037 3635 non

2151 3567 2366 3638 Ἀγαπᾷ
2396 3566 2577 3651 τοίνυν
2601 3569 2630 3622 ὁ
2658 3566 2768 3622 τῶν
2795 3568 2935 3622 ὅλων
2966 3568 3101 3632 Θεὸς
3132 3567 3228 3622 τὸν
3260 3566 3452 3621 πιστὸν
3483 3566 3725 3638 ἀληθῶς,

456 3662 564 3735 est,
619 3678 876 3741 tanquam
908 3670 1202 3743 profanum
1239 3679 1545 3728 aversatur.
1598 3671 1720 3736 llic,
1763 3679 1826 3726 ut
1852 3686 2038 3741 spera-

2138 3658 2233 3712 καὶ
2264 3659 2488 3728 γνήσιον
2515 3659 2818 3731 οἰκονόμονο
2844 3659 2938 3715 τὸν
2959 3659 3019 3713 δὲ
3050 3660 3124 3730 μὴ
3156 3659 3428 3720 τοιοῦτον,
3459 3659 3535 3722 ὡς
3561 3658 3728 3729 βέϐη-

459 3776 602 3827 mus,
620 3763 894 3817 sanctitati
913 3772 1019 3819 tuae
1037 3779 1197 3835 opem
1215 3763 1375 3829 feret,
1398 3763 1757 3833 eamdemque
1779 3764 2038 3833 opulenta

2137 3750 2248 3817 λον,
2282 3750 2704 3822 ἀποστρέφεται.
2737 3752 3107 3823 Συγκροτήσει
3136 3751 3195 3805 δὲ
3226 3753 3310 3806 ὅτι
3334 3751 3435 3823 τὴν
3462 3750 3560 3824 σὴν
3582 3752 3729 3805 ὁσιό-

461 3865 623 3924 manu
646 3852 965 3908 caalestibus
995 3853 1155 3909 donis
1178 3852 1527 3920 exhilarabit,
1554 3869 1666 3924 quo
1684 3854 1911 3910 verbum
1941 3871 2036 3910 ve-

2135 3860 2297 3914 τητα,
2329 3843 2564 3907 καὶτοῖς
2596 3842 2804 3898 ἀνωθεν
2851 3843 3119 3915 εὐφρανεῖ
3156 3843 3462 3914 χαρίσμασι
3494 3843 3730 3915 πλουσίᾳ

448 3920 640 3997 τίιοῖῐε
678 3952 826 3999 recte
866 3945 1176 4011 tractando,
1214 3951 1272 4000 et
1307 3920 1624 4000 sanctorum
1651 3946 1877 4001 Patrum
1906 3946 2035 4001 ﬁdei

2136 3930 2311 4001 χειρὶ,
2341 3928 2792 4002 τεθαρσήκαμεν·
2815 3930 2932 3984 ’ἵνα
2958 3931 3050 3985 τὸν
3079 3932 3181 4003 τῆς
3209 3931 3471 4004 ἀληθείας
3507 3932 3733 4004 ὀρθοτο-

458 4034 630 4091 veluti
683 4035 929 4107 vestigiis
977 4036 1311 4107 quibusdam
1366 4036 1703 4104 insistendo,
1744 4037 2037 4094 laudabilis

2139 4020 2318 4092 μοῦσα
2357 4019 2539 4090 λόγον,
2585 4021 2682 4074 καὶ
2715 4019 2815 4092 τὴν
2856 4021 2966 4075 τῶν
2995 4022 3168 4091 ἁγίων
3200 4022 3463 4093 Πατέρων
3500 4023 3728 4094 ἰχνηλα-

456 4134 778 4194 perseveret
832 4142 931 4197 per
985 4127 1420 4182 misericordiam
1476 4135 1534 4183 et
1590 4128 2035 4186 benevolentiam

2135 4110 2306 4164 τοῦσα
2336 4110 2537 4177 πίστιν,
2572 4111 2856 4183 εὐδόκιμος
2878 4113 3134 4184 διαμείνῃ
3168 4113 3257 4168 διὰ
3282 4113 3499 4183 φειδοῦς
3535 4131 3596 4169 τε
3630 4115 3732 4169 καὶ

457 4211 662 4270 Christi
687 4214 987 4271 Salvatoris
1006 4219 1179 4272 nostri
1203 4219 1449 4272 omnium
1475 4236 1488 4273 :
1523 4234 1622 4290 per
1647 4234 1812 4289 quem
1836 4228 2036 4276 etcum

2136 4201 2422 4302 εὲμενεξας
2454 4201 2567 4302 τοῦ,
2583 4203 2804 4258 πάντων
2850 4205 3010 4274 ἡμῶν
3044 4205 3299 4276 Σωτῆρος
3338 4204 3613 4278 Χριστοῦο
3654 4206 3728 4261 δι’

456 4320 588 4373 quo,
620 4304 734 4361 Deo
755 4313 812 4362 et
841 4307 990 4363 Patri
1013 4323 1139 4363 cum
1174 4319 1365 4364 sancto
1395 4281 1604 4380 Spiritu
1650 4281 1822 4382 gloria
1851 4320 1910 4367 et
1933 4325 2032 4382 po-

2135 4281 2220 4352 οὗ,
2245 4290 2341 4341 καὶ
2372 4288 2493 4360 μεθ’
2508 4282 2592 4355 οῦ,
2614 4288 2693 4360 τῷ
2712 4289 2832 4361 Θεῷ
2853 4292 2947 4346 καί
2969 4292 3146 4363 Πατρί.
3167 4294 3265 4348 σὺν
3285 4294 3428 4366 ἀγίῳ
3446 4294 3731 4366 Πνεύματι

462 4403 633 4450 testas
658 4398 715 4450 in
741 4399 941 4454 saecula
960 4401 1308 4455 saeculorum.
1342 4377 1536 4457 Amen.
1565 4377 1756 4459 Saluta
1775 4377 2036 4458 fraterni-

2136 4379 2170 4448 ἡ
2200 4377 2326 4443 δόξα
2348 4417 2364 4445 ,
2410 4380 2505 4434 καί⁹
2534 4379 2595 4434 τὸ
2634 4380 2836 4453 κράτος
2866 4383 2947 4446 εἰς
2973 4384 3103 4447 τοὺς
3134 4383 3336 4449 αἰῶνας
3375 4385 3483 4441 τῶν
3513 4385 3731 4441 αἰώνων

460 4494 626 4539 tatem
659 4502 781 4556 qua:
821 4496 1000 4543 tecum
1033 4498 1118 4544 οει
1145 4506 1161 4558 ;
1193 4491 1396 4546 salutat
1420 4501 1493 4558 te,
1521 4509 1647 4564 quae
1677 4508 1897 4549 mecum
1924 4502 2029 4560 est,

2150 4468 2343 4540 Ἀμήν.
2375 4470 2646 4542 Πρόσειπε
2674 4472 2775 4544 τὴν
2816 4472 2972 4544 παρά
3007 4474 3091 4529 σοὶ
3141 4475 3499 4548 ἀδελφότηταο
3541 4478 3625 4531 ὅτι
3664 4495 3730 4531 σε

458 4576 517 4631 in
559 4577 812 4631 Domino.
855 4576 1051 4633 Valere
1082 4586 1157 4645 te,
1199 4581 1375 4638 nostri
1411 4598 1738 4648 memorem,
1773 4598 1973 4654 precor
2007 4598 2040 4638 a

2137 4560 2171 4630 ή
2198 4562 2226 4654 ξ
2260 4561 2359 4616 σὺν
2390 4563 2608 4654 ήμῖνῗὲν
2628 4563 2822 4654 Κυρίῳ
2851 4566 3272 4654 προσαγορεύει.
3312 4568 3618 4642 Ἐρρῶσθαί
3641 4586 3731 4635 σε,

458 4667 711 4735 Domino,
734 4669 1191 4728 reverendissime
1211 4673 1437 4745 Deoque
1463 4650 1821 4731 dilectissime
1845 4673 2034 4729 frater.

2135 4650 2232 4703 xui.
2266 4653 2628 4723 μνημονεύειν
2661 4652 2844 4723 ἡμῶν,
2873 4653 2952 4725 τῷ
2987 4656 3179 4728 Κυρίῳ
3205 4655 3436 4731 εὔχομαι
3454 4701 3470 4726 ,
3497 4658 3733 4715 εὐλαϐέ-

2137 4758 2301 4795 στατε
2321 4744 2417 4798 καὶ
2449 4743 2837 4814 θεοφιλέστατε
2866 4745 3084 4816 ἀδελφέ.

1495 4977 1609 5049 99
1642 4975 1981 5034 EPISTOLA
2017 4979 2217 5036 xxxn
2260 4980 2354 5052 (οί.
2395 4980 2591 5055 XXX).

773 5102 981 5145 CYlllLLl
1015 5108 1081 5147 AD
1105 5106 1404 5148 JUVENALEM
1431 5107 1723 5147 EPISCOPUI
1753 5109 1819 5149 ΕΤ
1851 5109 2103 5155 0.5115308
2130 5112 2367 5156 CONCILII
2402 5114 2639 5156 LEGATOS
2666 5115 3189 5159 CONSTANTINOPOLII
3216 5119 3420 5161 IISSOS.

738 5204 1058 5262 Gratulatur
1076 5206 1141 5261 de
1177 5208 1441 5279 triumpho
1461 5208 1720 5275 veritatis,
1749 5225 2008 5282 suumque
2033 5214 2188 5285 facta:
2216 5214 2457 5271 electioni
2482 5223 2533 5271 et
2558 5216 2884 5273 ordinatiom'
2917 5233 3191 5274 assensum
3221 5220 3436 5291 prwbet.

527 5312 777 5370 Dominis
820 5315 1282 5373 desiderabilibus
1319 5325 1377 5373 et
1415 5318 1513 5373 Dei
1558 5320 1865 5378 cultoribus
1917 5331 1973 5379 et
2018 5325 2413 5382 comministris
2448 5327 2723 5394 Juvenali,
2777 5327 3075 5395 Flaviano,
3131 5330 3390 5398 Arcadio,
3446 5333 3730 5407 Projecto,

458 5406 669 5473 Firmo,
695 5407 1063 5475 Theodoreto,
1086 5409 1305 5477 Acacio,
1328 5420 1385 5468 et
1416 5412 1668 5486 Philippo
1699 5417 2047 5490 presbytero,
2081 5419 2320 5493 Cyrillus
2354 5422 2410 5479 in
2441 5423 2674 5479 Domino
2705 5423 2958 5479 salutem.

533 5521 580 5555 “
609 5520 712 5578 lsa.
737 5535 868 5584 xm,
906 5519 1095 5577 15-25.

1552 5601 1725 5657 Varia:
1753 5602 2017 5659 lectiones
2043 5604 2252 5661 codicis
2288 5605 2652 5677 Seguieriani.

540 5684 728 5775 ξ’,ἰδείνΔ
748 5683 1110 5775 ἀληθέστατον
1141 5690 1217 5757 ἐξ.
1253 5767 1273 5775 η
1298 5704 1318 5731 ι
1338 5696 1582 5775 ’πορεύου
1607 5736 1620 5751 .
1658 5711 1680 5740 α
1708 5697 1886 5769 Σομάν
1919 5698 1952 5769 ἦ
1986 5699 2210 5755 Σοϐνάν.
2306 5699 2331 5739 ιι
2367 5700 2430 5771 δὴ
2449 5700 2651 5772 Κύριος
2680 5699 2915 5755 ὲκὸαλεῖ.
2962 5711 2985 5741 ο
3021 5700 3274 5775 ἄμετρον.
3353 5702 3378 5743 ἀ
3406 5704 3489 5759 ἐκ.
3536 5714 3559 5744 θ
3585 5706 3724 5763 στάς-

472 5770 610 5819 σεως
641 5771 753 5809 σου.
817 5754 1194 5829 τάνθρωπος,’
1251 5754 1438 5838 ϐσὲὴξ
1784 5754 1794 5769 '
1941 5754 1952 5769 '
2108 5754 2111 5755 ⁷
2200 5754 2206 5755 “
2419 5754 2429 5771 ¹
2538 5754 2549 5772 ⁸
2631 5754 2647 5765 '
2790 5754 2793 5755 ⁷
2906 5754 2911 5755 ⁷
3063 5754 3102 5798 ³.
