4058 6456
290 399 389 453 I57

1630 383 1966 442 EPISTULA
2010 382 2245 440 XXX'II.

3456 384 3558 442 158

348 516 727 573 Satisfactum
752 517 912 572 nobis
934 525 1022 572 est
1051 516 1253 572 iterum
1276 523 1331 570 et
1364 515 1481 584 ipso
1505 510 1886 582 experimento
1913 503 1961 562 Α
1995 507 2144 564 tatis.
2172 507 2536 578 Congaudens
2583 505 2750 578 igitur
2777 505 3052 563 universis
3077 504 3341 562 Ecelesiis
3369 513 3425 562 et
3454 521 3557 576 po-

288 609 680 679 cognovimus,
709 609 839 680 quia
872 608 1083 665 veritas
1113 610 1248 664 vivit
1271 614 1328 661 et
1357 605 1548 667 vincit,
1575 601 1885 660 semiudum

289 689 459 747 sancti
502 703 746 753 vocem;
787 689 998 745 resistit
1030 698 1214 743 autem
1247 689 1299 744 ei
1327 690 1556 743 omnino
1583 688 1721 743 nihil
1756 706 1769 742 :
1803 699 1889 743 est

286 792 469 837 autem
502 780 594 834 sic
631 779 1002 845 validissima,
1030 790 1093 836 ut
1125 780 1375 852 insurgat
1402 780 1669 835 adversus
1691 793 1885 834 omnes

285 872 564 935 inimicos,
598 879 665 925 et
696 871 1078 927 resistentium
1101 870 1207 925 sibi
1229 872 1492 926 virtutem
1516 871 1711 926 solvat.
1744 870 1886 924 Ecce

281 963 453 1029 enim,
488 978 629 1018 ecce
657 963 801 1018 false
832 963 1060 1033 quidem
1093 963 1435 1034 loquentium
1464 979 1562 1018 ora
1593 962 1885 1029 obstruxit,

282 1064 337 1110 et
365 1055 705 1109 illicitarum
747 1054 1223 1125 blasphemiarum
1263 1054 1442 1123 caligo
1480 1054 1756 1119 cessavit;
1799 1068 1888 1108 re-

282 1145 574 1215 splenduit
619 1155 819 1201 autem
861 1144 1119 1201 veritatis
1160 1145 1476 1216 dogmatum
1511 1144 1886 1216 pulchritudo,

282 1234 553 1290 ordinato
580 1235 861 1305 episcopo
917 1234 1225 1291 secundum
1281 1234 1565 1290 decretum
1593 1234 1692 1289 Dei
1725 1241 1889 1303 atque

284 1325 584 1380 concilium
624 1341 734 1396 per
768 1325 1121 1382 sanctitatem
1152 1331 1391 1380 vestram
1432 1324 1890 1380 reverendissimo

287 1426 337 1471 et
368 1417 469 1472 Dei
522 1418 760 1473 cultore
812 1417 1164 1482 Maximiano,
1218 1432 1385 1487 quem
1417 1416 1586 1471 etiam
1626 1423 1684 1471 et
1731 1415 1891 1486 longa

286 1516 408 1562 atas
431 1509 675 1562 ornavit
700 1523 818 1563 non
853 1509 912 1562 in
938 1508 1171 1565 desidiis
1186 1519 1242 1565 et
1265 1509 1480 1565 deliciis
1506 1508 1889 1570 constitutum,

288 1598 374 1651 sed
410 1598 469 1651 in
518 1598 830 1653 laboribus
869 1608 931 1654 et
976 1598 1227 1665 virtute;
1267 1606 1324 1654 et
1356 1599 1451 1669 qui
1498 1599 1669 1653 multa
1706 1613 1891 1653 rerum

284 1685 580 1742 decoratus
613 1694 709 1743 est
738 1702 880 1743 cura
905 1702 1009 1759 pro
1045 1689 1281 1745 veritate
1313 1696 1370 1745 et
1397 1687 1751 1759 dogmatibus
1770 1686 1890 1757 pie-

1990 599 2138 670 pulis
2169 598 2372 654 ibidem
2404 598 2740 660 constitutis,
2764 598 2964 651 merito
2989 597 3379 653 oroelamabo:
3414 614 3434 647 ι
3462 596 3557 649 Be-

1984 673 2238 727 nedictus
2284 672 2572 736 Dominus,
2614 671 2737 740 quia
2794 671 3046 737 visitavit,
3090 680 3147 725 et
3185 671 3316 726 fecit
3344 671 3560 726 redem-

1984 764 2229 833 ptionem
2263 762 2442 832 plebis
2467 778 2580 818 suae
2610 763 2678 814 ".
2721 783 2737 814 ι
2785 757 2904 817 Non
2927 763 3075 817 enim
3104 770 3320 831 poterat
3355 761 3562 816 dormi-

1983 864 2101 911 tare
2151 857 2233 910 sic
2276 857 2455 910 bonus
2510 862 2716 924 pastor,
2770 861 2831 908 ut
2880 853 3048 909 etiam
3106 867 3263 907 suam
3324 853 3563 907 animam

1980 954 2212 1016 poneret
2232 960 2335 1016 pro
2357 945 2557 1000 ovibus
2580 944 2629 975 "
2652 961 2667 1010 ;
2691 954 2749 998 et
2781 959 3001 1014 semper
3027 944 3333 999 salviticare
3359 944 3560 1009 sciens,

1981 1036 2276 1108 malignam
2304 1036 2528 1107 quidem
2565 1035 2797 1090 bestiam
2843 1051 2876 1090 a
2918 1050 3073 1090 sacra
3110 1043 3168 1090 et
3203 1035 3393 1090 divina
3440 1035 3565 1089 aula

1983 1126 2045 1200 [f.
2086 1126 2271 1199 caula}
2309 1127 2535 1198 repulit,
2577 1125 3045 1196 sapientissimum
3083 1132 3266 1181 autem
3300 1132 3358 1180 et
3394 1125 3565 1179 totius

1981 1219 2206 1275 virtutis
2234 1218 2504 1290 insignem
2542 1224 2936 1288 praeceptorem
2974 1216 3160 1287 elegit,
3198 1230 3364 1285 quem
3396 1215 3566 1270 etiam

1981 1310 2261 1367 credimus
2287 1310 2541 1367 decorari
2576 1310 2633 1364 in
2658 1308 2809 1363 omni
2848 1308 3015 1373 bono,
3045 1316 3102 1362 et
3132 1306 3437 1362 venerabili
3478 1314 3562 1361 at-

1983 1415 2090 1469 que
2116 1400 2392 1470 praecipua
2422 1399 2632 1455 virtute
2660 1398 2983 1469 pollentem,
3004 1396 3314 1467 gubernare
3338 1395 3442 1450 sub
3464 1410 3566 1451 sua

1982 1500 2151 1546 manu
2177 1493 2439 1564 populum
2470 1491 2850 1547 constitutum.
2879 1489 3187 1546 Incolumes
3209 1502 3310 1542 vos
3352 1502 3474 1542 esse
3505 1487 3564 1541 in

1983 1584 2236 1651 Domino,
2275 1594 2334 1640 et
2358 1584 2536 1640 nostri
2564 1598 2857 1650 memores,
2891 1595 3134 1649 oramus,
3169 1577 3479 1635 charissimi
3506 1585 3566 1632 et

1982 1674 2465 1734 desideratissimi.

1623 1894 1961 1954 EPISTOLA
1998 1896 2241 1954 XXXIII.

1355 2022 1422 2065 AD
1451 2024 1675 2066 ΑοΑοιυκ
1702 2026 2034 2068 Βεκωεκεει
2064 2027 2349 2069 EPISCOPUII
2388 2011 2488 2085 (I).

287 2120 587 2203 Theodosius
612 2120 777 2203 imp"
788 2120 919 2191 jam
944 2138 984 2203 a_
999 2120 1085 2203 Gaz
1094 2118 1291 2203 lestino'
1303 2139 1444 2203 papa
1463 2125 1713 2203 monitus,
1736 2125 1806 2203 ad
1816 2127 2206 2203 procurandum
2225 2127 2472 2203 Ecclesia!
2489 2141 2672 2203 pacem
2691 2123 3020 2203 Aristolamn
3035 2122 3301 2203 tribunum
3319 2123 3558 2203 miserat,

368 2192 458 2260 qui
488 2192 755 2266 Ephesiae:
786 2191 984 2266 synodi
1021 2191 1239 2266 decretis
1273 2191 1516 2266 insistens
1552 2191 1926 2266 Antiochice_et
1957 2196 2298 2253 Alexandria
2322 2191 2530 2251 unionis
2551 2211 2679 2265 opus
2705 2201 3029 2266 perurgeret.
3051 2193 3559 2266 Joannes,iacceptis

370 2262 648 2343 mandantis,
670 2262 938 2343 synodum
962 2264 1100 2343 cogit
1125 2264 1354 2343 primum
1379 2262 1689 2343 Alntnioclz'iaa,
1709 2273 1816 2317 tum
1836 2264 2053 2329 Berma’,
2080 2267 2222 2333 apud
2234 2268 2498 2343 _Acac_ium
2520 2262 2837 2343 episcopum,
2856 2262 2948 2343 qui
2965 2265 3122 2316 totius
3146 2264 3332 2343 synodi
3350 2262 3560 2343 nomine

363 2328 625 2406 reﬁgi-illo
640 2328 1256 2406 ρόειιιίαυενρξάιζεοίο
1288 2331 1521 2406 symbolo
1552 2332 1766 2406 Nicaeae
1795 2328 2053 2406 tanquam
2094 2328 2278 2405 regula
2309 2335 2439 2404 ﬁdei
2465 2328 2666 2404 agnito,
2692 2328 2796 2406 sua
2815 2328 3015 2406 scripta
3050 2328 3233 2386 contra
3258 2331 3558 2406 Nestorium

355 2400 497 2473 {dita
543 2410 885 2473 retractant.
922 2401 1028 2455 .His
1070 2411 1247 2473 autem
1283 2402 1525 2473 Cyrillusg
1587 2400 1915 2471 acquiescere
1951 2405 2119 2459 noluit
2152 2400 2211 2458 ἐτ
2253 2400 2443 2460 Acacio
2483 2400 2819 2473 respondens,
2846 2400 2933 2455 de'
2971 2410 3081 2454 tota
3120 2401 3560 2473 agendi‘ratione

352 2466 705 2547 Qn'cntalium
732 2481 1076 2547 conquestus,
1097 2468 1265 2547 ﬁdem
1282 2466 1437 2525 suam
1470 2471 1621 2547 plene
1653 2466 1847 2547 purgat
1870 2492 1932 2528 ac
1953 2486 2212 2547 tanquam
2231 2476 2377 2545 pacis
2400 2466 2643 2528 iueundw
2669 2473 3019 2527 conditionem
3056 2466 3217 2540 exigit
3240 2478 3298 2523 ut
3326 2468 3559 2524 Nestorii

352 2490 705 2522 unenmnnm
732 2490 1076 2542 conquestus,
1097 2490 1257 2539 paem
1282 2490 1437 2525 suam
1470 2490 1621 2542 ptene
1653 2490 1754 2542 pur
1791 2490 1847 2527 tu
1870 2492 1932 2528 ac
1953 2490 2015 2530 ta:

348 2538 723 2610 depositionem
748 2548 934 2595 ratam
962 2540 1191 2595 habeant
1214 2541 1432 2613 ejusque
1461 2541 1713 2613 dogmata
1739 2490 2015 2600 gamnent.

340 2695 488 2767 99‘
527 2696 781 2752 Domino
808 2710 936 2751 meo
987 2695 1351 2754 dilectissimo
1372 2695 1531 2752 fratri
1562 2706 1620 2754 et
1642 2698 1876 2754 commio
1906 2702 1954 2762 Β
1982 2714 2180 2755 vocum
2201 2699 2542 2756 novitatibus
2563 2699 2683 2770 ejus
2705 2696 3077 2768 producentes
3100 2696 3431 2753 contrariam
3459 2711 3562 2752 ve-

276 2787 564 2843 nistratori
589 2787 823 2853 Acacio,
847 2787 1111 2859 Cyrillus,
1133 2789 1191 2844 in
1218 2789 1453 2845 Domino
1479 2789 1731 2846 salutem.

342 2880 651 2935 Decentem
674 2894 738 2934 se
761 2880 931 2933 etiam
959 2896 1113 2936 nunc
1133 2896 1324 2936 curam
1348 2881 1593 2951 suscepit
1614 2880 1880 2936 sanctitas

274 2981 388 3027 tua.
424 2970 679 3026 Intentio
706 2979 796 3026 est
818 2971 970 3025 enim
1006 2971 1086 3026 illi
1114 2972 1422 3028 secundum
1448 2972 1650 3027 bonam
1680 2972 1879 3027 volun-

275 3074 445 3121 tatem
481 3063 804 3119 Salvatoris
825 3064 1076 3118 omnium
1105 3071 1361 3119 nostrum
1402 3062 1501 3118 Dei
1546 3070 1608 3117 ut
1645 3063 1879 3133 conjun-

274 3162 473 3223 gantur
495 3152 791 3216 Ecclesiae,
822 3161 879 3206 et
903 3158 968 3205 ut
992 3151 1061 3207 de
1084 3150 1270 3205 medio
1291 3150 1541 3221 quzedam
1578 3147 1674 3204 fiat
1706 3148 1881 3218 pusil-

276 3245 587 3309 lanimitas,
616 3242 1068 3315 persuadeantur
1088 3256 1223 3297 vero
1243 3240 1300 3295 hi
1326 3239 1421 3311 qui
1452 3238 1658 3294 debent
1682 3236 1881 3291 unani-

276 3352 392 3392 mes
411 3351 567 3400 esse,
594 3342 769 3404 atque
797 3346 964 3387 omne
986 3331 1137 3403 quod
1175 3331 1468 3386 contristat
1489 3328 1800 3395 auferatur,
1825 3335 1883 3383 et

274 3443 339 3483 ea
377 3442 511 3497 quae
556 3426 818 3494 disrupta
856 3429 1008 3488 sunt,
1046 3421 1334 3478 cbaritatis
1376 3420 1613 3475 vinculis
1654 3419 1884 3474 restrin-

272 3527 501 3589 gantur.
549 3515 687 3581 Sed,
711 3515 860 3570 sicut
879 3513 1125 3580 videtur,
1161 3512 1414 3568 nonnulli
1432 3525 1626 3567 eorum
1648 3510 1743 3580 qui
1769 3509 1884 3565 illic

273 3618 405 3666 sunt
437 3609 717 3664 videntur
755 3605 981 3676 quidem
1025 3603 1207 3676 putari
1248 3603 1317 3659 ad
1357 3601 1705 3674 superficiem
1738 3602 1883 3658 clare

271 3702 576 3773 injungere
618 3699 692 3754 ad
739 3711 915 3767 usque
952 3706 1062 3758 tuae
1102 3694 1460 3766 perfectionis
1491 3695 1878 3759 intentionem,

269 3805 368 3851 aut
404 3795 594 3865 ipsam
622 3804 760 3845 vero
787 3789 981 3853 latent,
1008 3796 1105 3843 aut
1129 3785 1286 3857 quasi
1312 3785 1491 3841 celare
1518 3800 1578 3840 se
1598 3785 1884 3841 studentes

270 3885 549 3944 eﬁciunt.
593 3883 677 3937 Ea
717 3895 958 3950 namque
986 3894 1151 3950 agere
1176 3884 1445 3945 expetunt
1470 3891 1596 3945 quae
1620 3875 1740 3932 fieri
1770 3891 1882 3931 non

1979 2788 2220 2842 ritatem.
2253 2788 2323 2843 Et
2364 2804 2466 2858 per
2492 2787 2725 2859 gratiam
2749 2786 2848 2842 Dei
2877 2801 3071 2841 omnes
3097 2785 3231 2856 ipsis
3264 2785 3558 2841 intenden-

1979 2887 2083 2943 tes,
2110 2879 2298 2949 plures
2319 2879 2541 2949 quidem
2575 2878 2761 2933 mirati
2787 2885 2936 2943 sunt,
2979 2885 3036 2932 et
3082 2885 3232 2933 recto
3275 2876 3560 2932 intellectu

1979 2969 2392 3025 honoravernnt
2419 2985 2541 3040 quae
2571 2985 2603 3025 a
2628 2969 2788 3025 nobis
2826 2969 2973 3023 dicta
3009 2978 3138 3024 sunt
3177 2977 3369 3023 contra
3407 2982 3557 3023 eum.

1979 3061 2087 3117 Sed
2113 3061 2303 3117 nescio
2327 3062 2460 3133 quid
2482 3062 2539 3116 hi
2570 3062 2665 3132 qui
2688 3072 2836 3116 nunc
2861 3061 3066 3115 debent
3097 3059 3561 3134 anathematizare

1978 3152 2191 3223 polluta
2212 3153 2361 3207 illius
2388 3152 2641 3223 dogmata
2683 3160 2741 3208 et
2779 3152 2849 3207 ab
2878 3152 3027 3206 illius
3044 3150 3328 3221 impietate
3359 3158 3559 3205 semet-

1978 3243 2128 3314 ipsos
2151 3244 2363 3300 alienos
2403 3242 2641 3310 eﬂicere,
2666 3243 2735 3297 ad
2763 3258 2926 3298 omne
2950 3242 3289 3297 contrarium
3315 3241 3561 3296 studium

1980 3343 2388 3401 convertentes,
2435 3333 2793 3390 exterminari
2836 3340 3092 3403 quaerunt
3123 3348 3247 3402 quae
3297 3332 3562 3387 adversus

1979 3442 2109 3483 eum
2143 3426 2347 3497 scripta
2370 3434 2520 3482 sunt.
2552 3425 2724 3494 Quam
2759 3426 3053 3491 rationem,
3102 3439 3307 3494 quaeso,
3360 3423 3415 3477 id
3459 3424 3561 3478 ba-

1976 3517 2113 3574 bet?
2140 3518 2403 3590 Intelligit
2421 3518 2570 3573 enim
2608 3518 2870 3573 sanctitas
2910 3525 3003 3571 tua
3040 3523 3301 3586 quantam
3338 3530 3430 3570 res
3459 3515 3558 3570 ha-

1982 3608 2110 3663 beat
2153 3608 2636 3679 incongruitatem,
2689 3608 2735 3663 si
2786 3622 2891 3662 nos
2941 3621 3065 3677 quae
3114 3622 3215 3677 pro
3254 3614 3402 3661 recta
3453 3604 3562 3662 ﬁde

1982 3701 2324 3771 scripsimus,
2357 3700 2618 3772 quoniam
2654 3709 2843 3757 nostra
2873 3708 3022 3766 sunt,
3052 3700 3407 3770 abnegcmus,
3450 3698 3562 3756 imo

1980 3793 2167 3865 potius
2191 3808 2515 3850 accusemus
2535 3794 2679 3865 piam
2705 3793 2888 3849 fidem.
2916 3793 3061 3864 Ergo
3085 3793 3132 3848 si
3167 3808 3226 3848 se
3250 3791 3343 3846 illa
3367 3801 3561 3847 contra

1982 3884 2299 3940 Nestorium
2334 3894 2485 3942 recte
2510 3900 2620 3940 non
2655 3884 2879 3950 habent,
2921 3884 3036 3940 sive
3063 3900 3187 3955 quae
3214 3891 3404 3939 contra
3433 3898 3561 3953 per-

271 3990 515 4052 queunt.
546 3974 701 4044 Quid
744 3974 895 4029 aliud
935 3981 1023 4029 est
1063 3970 1171 4027 nisi
1192 3970 1360 4025 rebus
1394 3966 1538 4040 ipsis
1581 3970 1881 4025 reclamare
1921 4049 1947 4052 _
1984 3992 2143 4033 versa
2163 3978 2282 4047 ejus
2312 3977 2565 4049 dogmata
2591 3977 2794 4047 scripta
2819 3984 2966 4043 sunt,
2996 3976 3115 4032 sine
3151 3990 3316 4031 causa
3339 3975 3561 4046 deposi-

272 4049 423 4144 quod
470 4069 640 4140 pacis
680 4066 946 4122 facienda:
975 4079 1086 4120 non
1128 4062 1369 4119 habeant
1406 4061 1780 4117 voluntatem?
1812 4061 1883 4116 Et
1908 4049 1951 4107 ο
1986 4078 2074 4125 tus
2095 4078 2208 4138 est;
2246 4071 2358 4125 imo
2378 4070 2552 4142 magis
2573 4076 2629 4125 et
2658 4070 2750 4124 ille
2779 4068 3002 4139 quidem
3032 4068 3262 4124 forsitan
3295 4077 3444 4124 recte
3472 4080 3561 4121 sa-

272 4161 391 4218 bec
416 4161 555 4215 dico
578 4157 875 4228 epistolam
903 4156 1157 4225 relegens
1174 4168 1206 4208 a
1231 4162 1320 4211 tua
1340 4151 1679 4224 perfectione
1706 4160 1883 4207 trans-

270 4256 528 4315 missam,
583 4265 690 4321 per
729 4263 895 4320 quam
938 4246 1109 4302 didici
1148 4252 1410 4315 expetere
1449 4244 1575 4300 illos
1614 4251 1678 4298 ut
1717 4257 1881 4298 omne

272 4345 667 4415 conscriptum
709 4350 768 4397 et
807 4340 991 4396 omnis
1020 4339 1255 4409 epistola
1295 4353 1419 4409 quae
1445 4343 1575 4392 ante
1607 4335 1879 4407 synodum

272 4446 503 4507 peracta
528 4443 624 4490 est
644 4432 955 4504 adiudicari
977 4441 1075 4487 aut
1099 4428 1342 4501 abjurari
1373 4445 1405 4485 a
1434 4428 1597 4485 nobis
1619 4427 1878 4493 debeant,

273 4526 592 4584 eonsentiri
631 4532 822 4580 autem
858 4531 1024 4579 recta!
1065 4521 1194 4578 ﬁdei
1232 4521 1481 4593 symbolo
1514 4520 1662 4590 quod
1686 4519 1881 4588 defini-

275 4626 391 4672 tum
432 4627 528 4674 est
576 4615 892 4672 secundum
948 4622 1165 4684 tempus
1201 4628 1233 4668 a
1278 4612 1486 4668 sanctis
1516 4611 1778 4667 Patribus
1822 4611 1880 4666 in

275 4726 473 4782 magna
501 4710 734 4765 Nicaena
755 4705 987 4778 synodo.
1011 4705 1127 4776 Ego
1156 4719 1309 4768 vero,
1341 4703 1604 4772 quoniam
1625 4712 1877 4758 sanctum

271 4803 505 4872 quidem
528 4799 676 4855 illud
691 4799 1004 4872 symbolum
1024 4797 1225 4855 suflicit
1261 4797 1330 4852 ad
1346 4812 1566 4853 omnem
1591 4796 1877 4852 scientiam

273 4891 506 4957 bonam,
543 4900 609 4947 et
647 4891 719 4946 de
757 4889 852 4946 illo
891 4890 1033 4946 nihil
1063 4889 1291 4945 omnino
1332 4897 1437 4954 est,
1464 4888 1647 4943 dicam
1688 4888 1880 4958 utique

274 4996 439 5057 atque
462 4976 843 5049 consentiam,
864 4984 1083 5040 etiamsi
1107 4982 1387 5053 aliquibus
1410 4982 1535 5037 aliis
1559 4981 1666 5036 hoc
1688 4995 1882 5051 sapere

275 5076 510 5130 minime
547 5073 746 5129 videar
783 5080 882 5129 aut
915 5072 1123 5128 dicere.
1159 5069 1477 5127 Admiratus
1500 5084 1636 5125 vero
1664 5083 1786 5125 sum
1810 5067 1879 5123 il-

275 5167 389 5221 lud.
412 5166 690 5223 Nestorio
715 5164 866 5220 enim
907 5172 1149 5221 retortas
1173 5163 1295 5217 illas
1335 5170 1392 5217 et
1414 5160 1879 5216 abominandissi-

276 5273 391 5313 mas
407 5264 720 5313 eructante
739 5269 908 5311 voces
926 5262 1120 5309 contra
1144 5252 1392 5308 omnium
1417 5260 1669 5308 nostrum
1696 5250 1882 5307 Salva-

276 5356 457 5404 torem
483 5348 801 5413 Christum,
829 5354 887 5403 et
911 5347 1016 5401 hoc
1038 5360 1225 5400 coram
1259 5343 1525 5408 Ecclesia,
1555 5343 1879 5412 scripsimus

234 5472 237 5473 ν
273 5455 397 5510 qua:
426 5437 787 5510 scripsimus,
820 5434 1267 5493 contradicentes
1305 5433 1536 5499 scillcct,
1568 5440 1623 5488 et
1647 5432 1870 5503 pollutis

351 5576 400 5608 ³³
439 5574 583 5630 Luc.
615 5589 655 5639 ι,
691 5571 783 5629 68.
860 5572 908 5605 ³¹
940 5571 1099 5628 Joan.
1134 5586 1189 5636 ι,
1219 5570 1305 5625 15.

1982 4162 2084 4233 pit.
2129 4162 2451 4218 Erravimus
2490 4169 2676 4217 autem
2715 4176 2991 4226 nos,~non
3033 4160 3085 4215 ei
3127 4159 3559 4224 consentientes,

1984 4254 2096 4309 imo
2120 4254 2215 4324 qui
2239 4254 2352 4324 jam
2380 4253 2704 4323 scripsimus
2743 4251 2832 4306 his
2862 4266 2985 4320 quae
3014 4250 3154 4305 dixit
3196 4249 3447 4303 adversa.
3494 4249 3564 4303 Et

1982 4354 2134 4400 certe
2167 4344 2411 4400 Nestorii
2456 4343 2616 4398 multi
2666 4341 2920 4397 feruntur
2954 4339 3174 4394 codices
3213 4339 3397 4393 omnia
3425 4353 3559 4393 con-

1982 4433 2278 4490 fundentes
2311 4442 2370 4489 et
2401 4431 2798 4504 perturbantes
2838 4428 3133 4484 Ecclesias.
3172 4426 3379 4482 Deinde
3419 4441 3562 4497 quo-

1981 4523 2146 4578 modo
2173 4537 2277 4577 nos
2306 4536 2372 4576 ea
2399 4535 2522 4591 quae
2543 4526 2735 4575 contra
2761 4518 2941 4589 ipsum
2966 4525 3097 4572 sunt
3117 4516 3323 4587 scripta
3352 4512 3561 4572 delebi-

1982 4630 2128 4681 mus,
2152 4629 2274 4685 quae
2300 4614 2483 4669 forsan
2511 4611 2790 4682 aliquibus
2827 4612 3086 4682 juvamen
3116 4611 3203 4666 vel
3230 4610 3399 4665 breve
3424 4623 3559 4663 con-

1984 4707 2107 4779 tigit
2137 4704 2395 4762 efﬁcere?
2428 4703 2684 4760 Pervidet
2737 4702 2904 4774 igitur
2937 4711 3050 4768 tua,
3101 4717 3224 4772 qum
3275 4700 3424 4756 omni
3471 4716 3560 4755 sa-

1976 4796 2188 4868 pientia
2211 4804 2295 4851 est
2318 4796 2498 4866 plena,
2530 4794 2797 4865 perfectio
2837 4791 2966 4863 quia
3012 4807 3129 4847 rem
3150 4791 3559 4861 timpossibilem

1981 4896 2236 4961 quaerunt
2258 4896 2314 4943 et
2346 4896 2557 4942 tantum
2578 4887 2736 4957 longe
2764 4894 2895 4941 sunt
2915 4900 2946 4939 a
2967 4885 3251 4939 voluntate
3275 4882 3559 4953 mitigandi

1982 4982 2399 5052 interjacentem
2429 4978 2760 5034 discordiam
2789 4986 2851 5032 ut
2874 4992 2994 5033 eam
3022 4976 3295 5031 reducant
3314 4973 3381 5027 ad
3404 4972 3560 5042 prin-

1982 5073 2188 5143 cipium
2228 5070 2596 5127 contentionis
2624 5069 2772 5124 illius
2808 5083 2935 5138 qum
2973 5064 3188 5121 narrari
3216 5077 3327 5117 non
3355 5068 3555 5131 potest.

1981 5164 2094 5220 Cur
2115 5163 2264 5218 enim
2287 5177 2397 5216 non
2431 5161 2618 5231 potius
2642 5160 2711 5215 ad
2736 5159 3068 5230 Ephesinam
3098 5150 3443 5221 metropolim
3465 5165 3560 5204 vc-

1980 5254 2198 5309 nientes
2228 5266 2353 5307 cum
2375 5250 2585 5322 synodo
2608 5265 2776 5305 unum
2805 5247 3086 5318 protulere
3120 5244 3400 5297 decretum
3424 5254 3558 5295 con-

1984 5349 2065 5397 tra
2098 5358 2225 5397 eum
2255 5342 2348 5412 qui
2378 5342 2504 5396 talia
2550 5349 2607 5395 et
2639 5348 2786 5394 tanta
2825 5334 2991 5405 impie
3030 5330 3387 5403 praedicavit?
3423 5330 3559 5385 Nam

1988 5433 2033 5490 si
2074 5434 2158 5488 vel
2207 5433 2483 5488 modicum
2531 5431 2901 5489 tardaverant,
2951 5424 3084 5495 quid
3126 5422 3457 5495 prohibebat
3500 5427 3562 5475 ut

350 5683 434 5755 (I)
466 5684 553 5740 Ex
607 5680 891 5756 Synodice
918 5681 1043 5739 adv.
1082 5688 1218 5752 trag.
1274 5675 1488 5744 Irenzei,
1534 5691 1583 5733 c.
1618 5678 1705 5734 56.
1762 5679 1898 5736 Vide
1938 5679 2102 5736 etiam
2136 5694 2184 5735 c.
2220 5679 2308 5744 55,
2354 5675 2439 5741 54,
2481 5674 2569 5741 58,
2600 5674 2689 5738 60,
2739 5673 2837 5737 Gl,
2891 5671 2982 5738 62,
3018 5672 3137 5729 108.
3188 5670 3348 5741 Apud
3389 5668 3559 5724 Mansi

282 5785 422 5838 tom.
456 5774 527 5833 Υ.
