4058 6472
467 367 570 424 159

1452 363 1508 421 S.
1549 365 1826 421 CYRILLI
1864 360 2338 422 ALEXANDRINI
2376 364 2696 424 ARCHIEP.

3640 371 3743 432 160

467 483 862 539 commentaria
885 481 1242 554 inspicientes
1263 490 1542 554 gestorum
1569 483 1951 538 satisfacerent
1973 482 2056 538 eis
2086 491 2131 546 Α
2157 482 2580 546 oblitteraverit,
2606 489 2663 537 et
2694 479 2996 536 secundum
3029 481 3241 535 nullum
3274 480 3496 552 quidem
3518 481 3743 540 modum

469 590 591 642 quae
633 574 873 644 legitime
915 574 1136 629 fuerant
1168 573 1330 641 facta,
1376 582 1432 629 et
1474 573 1876 640 consentirent,
1909 575 2055 628 sicut

470 662 603 728 dixi,
639 671 790 716 recto
830 669 889 718 et
935 663 1084 733 quod
1127 664 1404 733 increpari
1453 680 1564 719 non
1615 664 1782 719 debet
1831 663 2056 718 decreto

468 755 829 809 cunctorum?
858 755 967 810 Sed
989 772 1019 811 e
1043 764 1256 820 contra,
1275 772 1381 811 nec
1406 755 1701 811 Dominum
1729 756 2053 826 cogitantes,

469 859 649 914 neque
699 860 922 901 causam
966 863 1068 917 pro
1103 863 1211 917 qua
1230 848 1549 918 congregati
1575 854 1704 902 sunt
1737 846 1881 917 (non
1907 849 2056 904 enim

469 937 537 992 de
573 939 853 994 communi
882 954 1213 1009 quacunque
1253 954 1420 994 causa
1469 954 1653 993 sermo
1681 946 1820 1003 erat,
1857 937 1953 993 sed
1987 936 2056 992 de

471 1028 603 1094 ﬁde,
629 1046 729 1100 per
747 1046 910 1100 quam
937 1031 1204 1085 mundum
1224 1031 1453 1086 salvavit
1470 1031 1617 1086 Deus
1641 1041 1698 1085 et
1715 1027 1919 1101 Pater),
1937 1043 2056 1084 om-

470 1137 598 1176 nem
625 1123 956 1178 cruditatem
987 1129 1044 1176 et
1071 1137 1234 1176 omne
1263 1121 1570 1176 fraternum
1594 1121 1784 1176 odium
1817 1121 1872 1174 in
1897 1119 2060 1176 nobis

471 1213 857 1280 ostenderunt,
884 1222 997 1272 tam
1016 1223 1260 1270 sanctam
1299 1223 1356 1271 et
1391 1215 1760 1269 universalem
1790 1213 2058 1284 synodum

472 1306 1042 1361 excommunicatione
1068 1305 1418 1378 injurianles,
1450 1315 1508 1360 et
1537 1306 1644 1360 hoc
1675 1305 1886 1375 absque
1906 1303 2059 1375 judi-

472 1397 580 1460 cio,
607 1413 772 1467 quam
806 1399 974 1453 etiam
1007 1398 1160 1454 velut
1194 1398 1416 1452 immitti
1442 1398 1669 1452 dextera
1694 1397 1933 1468 gladium
1957 1411 2061 1451 sae-

470 1486 620 1541 vitia:
657 1487 992 1558 intingentes
1017 1488 1072 1542 in
1103 1503 1192 1541 me
1222 1501 1287 1542 ac
1319 1485 1771 1542 reverentissimo
1804 1483 2062 1554 episcopo

471 1576 778 1632 Memnone.
807 1577 1083 1632 Ponamus
1124 1577 1273 1632 enim
1295 1578 1425 1647 quia
1447 1576 1750 1632 secundum
1772 1574 2062 1630 veritatem

472 1677 530 1722 et
555 1669 752 1722 transit
782 1685 885 1725 nos
911 1669 1121 1739 aliquid
1147 1669 1294 1738 quod
1325 1669 1390 1723 ad
1416 1667 1810 1722 rectitudinem
1835 1665 2061 1736 dogma-

475 1768 590 1814 tum
623 1762 884 1831 pertinet,
913 1772 1008 1818 aut
1033 1763 1181 1817 circa
1215 1762 1353 1816 alios
1381 1761 1577 1815 modos
1599 1759 1832 1830 subjecti
1862 1755 2062 1827 aliqui-

472 1851 580 1906 bus
627 1853 806 1923 culpis
859 1869 1084 1908 eramus
1135 1853 1253 1908 sive
1303 1853 1567 1923 peccatis,
1619 1867 1732 1905 non
1781 1855 2062 1919 Oporteret

473 1943 669 2015 dignos
718 1944 836 1999 ﬁeri
884 1945 1040 2015 prius
1079 1959 1335 1999 sermone
1378 1943 1685 2013 colloquii?
1728 1941 1895 2010 Atqui
1929 1942 2060 1993 dum

473 2043 626 2090 certe
661 2051 856 2090 omnes
884 2036 1314 2090 sustinuerimus
1342 2035 1682 2099 Nestorium,
1717 2033 1848 2087 dum
1886 2031 2061 2086 trien—

474 2124 601 2178 nale
620 2131 836 2194 tempus
855 2124 1290 2194 blasphemando
1304 2131 1677 2187 consumeret,
1693 2129 1750 2178 et
1773 2120 2062 2176 nobiscum

473 2227 610 2268 vero
631 2216 894 2270 sanctitas
919 2225 1011 2270 tua
1033 2223 1089 2271 et
1111 2231 1272 2270 omne
1293 2216 1608 2280 concilium,
1635 2213 1866 2270 fecimus
1885 2213 2061 2267 abdu-

475 2320 602 2362 cere
631 2307 854 2377 quidem
887 2310 1042 2363 illum
1072 2309 1141 2364 ab
1172 2309 1275 2374 eis,
1317 2308 1717 2364 transformare
1745 2317 1930 2364 autem
1968 2324 2065 2378 po-

475 2398 588 2454 tius
619 2399 688 2454 ad
727 2400 817 2454 illa
849 2400 1102 2470 dogmata
1140 2415 1263 2471 quae
1305 2401 1376 2455 ad
1423 2401 1816 2456 rectitudinem
1858 2401 2064 2455 verita-

475 2493 697 2558 temque
733 2490 1055 2558 respiciunt.
1084 2491 1222 2545 Dum
1254 2507 1390 2547 vero
1419 2491 1764 2562 persisteret,
1787 2501 1868 2548 .ct
1889 2492 2064 2546 multo

474 2578 753 2635 deteriora
786 2583 956 2637 verbo
988 2583 1270 2639 laberetur
1295 2584 1562 2639 adversus
1592 2585 1823 2656 gloriam
1855 2584 2064 2640 Christi

474 2681 532 2729 et
580 2675 636 2728 in
675 2674 792 2744 ipsa
826 2676 1188 2746 Ephesiorum
1229 2679 1542 2750 metropoli,
1573 2681 1642 2736 de
1683 2681 1900 2751 reliquo
1943 2690 2064 2736 tan-

477 2778 644 2833 quam
670 2765 961 2822 incurabili
997 2768 1260 2840 languore
1289 2769 1579 2827 detentum
1609 2780 1799 2828 sancta
1824 2772 2067 2844 synodus

479 2857 714 2910 removit
735 2873 766 2913 a
797 2859 1127 2916 sacerdotio.
1161 2861 1296 2917 Volo
1322 2870 1508 2920 autem
1533 2871 1684 2918 tuam
1711 2865 2066 2920 sanctitatem

480 2945 615 3001 utile
647 2946 720 3018 (l)
767 2949 972 3018 aliquid
1006 2966 1463 3018 commemorare,
1510 2952 1659 3023 quod
1709 2953 1778 3007 ad
1826 2967 2069 3022 praesens

479 3040 722 3110 pertinet
750 3049 981 3112 tempus.
1016 3043 1246 3109 Quando
1274 3044 1422 3099 enim
1449 3045 1505 3098 in
1531 3059 1726 3115 magna
1751 3043 2066 3100 Constanti—

2158 583 2382 629 secutus
2411 573 2482 628 sit
2505 571 2662 637 illud,
2687 573 2860 626 altera
2878 587 3013 627 vero
3043 573 3294 642 quaedam
3316 583 3373 628 et
3395 575 3747 646 dogmatibus

2157 666 2417 722 Ecclesiae
2437 666 2728 736 peregrina
2758 665 2950 721 insane
2980 666 3210 721 auribus
3239 666 3545 722 insonuerit
3565 685 3746 739 popu-

2156 758 2357 813 lorum.
2389 759 2587 813 Actum
2615 766 2700 813 est
2720 757 2889 828 igitur
2920 758 2977 812 in
3010 758 3230 828 Epheso
3272 774 3440 829 super
3472 761 3579 816 hoc
3610 778 3736 832 pro-

2157 849 2340 918 prium
2374 858 2744 905 commentum
2787 858 3088 921 gestorum,
3135 851 3493 907 conﬁrmante
3537 854 3757 924 synodi,

2157 939 2459 1008 espositam
2491 938 2653 994 ﬁdem
2683 955 2716 994 a
2743 939 3008 994 trecentis
3026 938 3216 994 decem
3243 946 3301 996 et
3329 949 3457 996 octo
3486 941 3752 997 Patribus

2158 1029 2366 1084 nostris
2389 1030 2485 1099 qui
2509 1029 2654 1085 circa
2679 1045 2841 1085 suum
2871 1037 3087 1099 tempus
3120 1031 3198 1100 (4)
3222 1030 3280 1084 in
3305 1030 3486 1087 Nicaea
3520 1047 3754 1104 congre-

2160 1120 2270 1191 gati
2300 1130 2448 1175 sunt.
2483 1121 2551 1175 Et
2590 1119 2768 1175 direxi
2795 1119 2922 1184 hoc,
2949 1128 3011 1173 ut
3043 1127 3136 1174 tua
3165 1119 3428 1174 sanctitas
3471 1119 3612 1174 bene
3649 1135 3751 1177 c0-

2161 1221 2405 1282 gnoscat.
2427 1211 2566 1278 Quia
2583 1211 2732 1267 enim
2750 1219 2902 1266 recte
2920 1227 2978 1266 se
2997 1219 3163 1280 atque
3183 1210 3754 1280 irreprehensibiliter

2162 1303 2349 1367 habet,
2389 1304 2534 1358 clare
2564 1302 2681 1373 ipsa
2720 1302 2886 1357 lectio
2936 1303 3117 1358 docet.
3163 1301 3482 1372 Adjecimus
3526 1317 3657 1358 vero
3691 1309 3756 1358 et

2163 1403 2480 1449 sanctorum
2537 1395 2941 1465 beatorumque
2992 1395 3220 1450 Patrum
3281 1394 3635 1458 testimonia,
3686 1400 3757 1448 ut

2165 1488 2342 1542 sciant
2399 1487 2672 1542 adeuntes
2723 1487 3001 1556 quomodo
3061 1486 3437 1542 intellexerint
3490 1486 3570 1541 illi
3622 1486 3755 1542 ﬁdei

2165 1579 2470 1650 symbolum
2509 1579 2606 1648 qui
2650 1587 2708 1633 et
2750 1593 2853 1633 nos
2898 1579 3048 1648 ipsos
3093 1578 3374 1649 mysteriis
3405 1578 3753 1634 imbuerunt.

2165 1667 2336 1739 Igitur
2363 1667 2496 1722 olim
2528 1676 2639 1722 tam
2677 1669 2785 1723 hoc
2817 1668 2885 1723 ab
2928 1667 3188 1722 omnibus
3229 1667 3396 1732 facto,
3441 1683 3610 1737 quare
3638 1683 3758 1722 non

2167 1761 2341 1831 magis
2381 1769 2437 1814 et
2477 1760 2582 1832 ipsi
2618 1761 2974 1815 consentiunt
3000 1761 3024 1815 ?
3055 1759 3113 1815 Si
3139 1759 3286 1814 enim
3317 1760 3465 1830 quod
3494 1760 3763 1816 omnibus

2163 1851 2372 1923 placuit
2401 1852 2470 1907 ab
2506 1852 2766 1907 omnibus
2794 1852 3177 1916 conﬁrmetur,
3215 1851 3490 1906 obtinebit
3525 1851 3765 1906 omnino

2163 1957 2290 2011 pax,
2319 1941 2451 1994 dum
2481 1941 2708 1996 omnino
2745 1956 2774 1994 a
2818 1940 2972 1994 nullo
3013 1940 3066 1994 ei
3117 1940 3284 1996 fuerit
3323 1941 3759 1995 contradictum.

2164 2033 2336 2104 Igitur
2365 2041 2424 2088 et
2443 2033 2490 2089 si
2517 2033 2682 2090 nimis
2705 2034 2866 2104 plura
2898 2041 2956 2088 et
2981 2033 3139 2088 valde
3167 2033 3406 2104 pessima
3436 2041 3627 2088 contra
3651 2047 3766 2086 nos

2164 2125 2234 2179 ab
2255 2125 2336 2181 eis
2363 2125 2506 2180 facta
2531 2136 2680 2190 sunt,
2709 2133 2766 2181 et
2795 2125 2977 2180 omnis
3006 2125 3219 2194 species
3251 2124 3482 2178 adversa
3503 2123 3767 2177 humani-

2166 2216 2264 2272 tati
2302 2225 2511 2272 tentata
2557 2225 2664 2283 est,
2712 2217 2807 2273 sed
2857 2216 3274 2272 considerantes
3331 2216 3464 2286 quia
3520 2215 3632 2270 Deo
3689 2230 3765 2270 ac

2164 2309 2416 2379 piissimo
2458 2309 2745 2380 amicoque
2786 2308 2992 2364 Christi
3039 2308 3358 2379 imperatori
3403 2306 3762 2377 (placitum),

2165 2411 2222 2458 et
2256 2403 2436 2473 ipsum
2462 2418 2596 2457 vero
2616 2402 2764 2472 quod
2791 2402 3054 2457 Ecclesiis
3080 2401 3214 2456 utile
3243 2408 3350 2464 est,
3380 2408 3436 2454 et
3479 2407 3585 2453 tua:
3625 2412 3761 2452 san-

2167 2495 2373 2550 ctitatis
2393 2495 2797 2550 admonitiones
2817 2495 2963 2549 omni
2990 2481 3302 2558 reverentia
3331 2491 3524 2562 dignas
3549 2490 3768 2543 haben-

2168 2593 2271 2651 tes,
2313 2595 2717 2655 consequcnter
2750 2593 2811 2640 ut
2851 2585 3118 2640 fratribus
3165 2583 3498 2638 dimittimus
3539 2595 3660 2650 qua:
3699 2579 3764 2634 in

2167 2692 2269 2732 nos
2315 2677 2730 2732 commiserunt.
2785 2676 2925 2731 Illud
2978 2683 3164 2731 autem
3221 2673 3407 2744 potius
3457 2672 3768 2742 quaerimus

2167 2767 2315 2837 quod
2345 2768 2605 2824 omnibus
2646 2767 2870 2823 videtur
2916 2768 3059 2824 bene
3109 2774 3374 2836 recteque
3422 2779 3480 2820 se
3530 2764 3761 2818 habere.

2165 2857 2482 2929 Complacet
2521 2875 2656 2916 vero
2687 2860 2853 2915 etiam
2895 2860 3008 2915 Deo
3055 2859 3392 2914 amicissimo
3439 2856 3768 2926 imperatori

2168 2956 2231 3002 ut
2281 2950 2630 3005 consentiant
2681 2950 3014 3020 depositioni
3067 2948 3332 3013 Nestorii,
3390 2946 3768 3002 anathemati-

2169 3051 2358 3097 zantes
2380 3043 2499 3114 ejus
2525 3042 2895 3114 blasphemias
2918 3050 2974 3098 et
3000 3043 3211 3113 polluta
3232 3041 3506 3112 dogmata.
3533 3040 3602 3095 Et
3622 3039 3765 3094 nihil

480 3135 665 3204 nopoli
713 3143 901 3190 sancta
932 3145 1113 3190 vestra
1155 3135 1398 3208 synodus
1431 3143 1761 3207 congregata
1801 3143 1907 3199 est,
1936 3144 2069 3191 tunc
2095 3161 2139 3222 ρ
2170 3133 2319 3188 ultra
2345 3133 2632 3188 residuum
2659 3143 2745 3190 est
2773 3141 2834 3188 ut
2853 3133 3136 3188 contentio
3160 3131 3229 3187 de
3255 3131 3436 3186 medio
3460 3129 3765 3186 auferatur.

481 3228 704 3297 quando
727 3229 967 3284 Joannes
994 3227 1074 3301 (2)
1103 3235 1188 3284 est
1210 3235 1522 3293 accusatus,
1545 3228 1746 3284 deinde
1767 3237 1918 3298 gesta
1939 3236 2069 3284 sunt

481 3334 653 3390 super
681 3336 746 3376 eo
775 3337 805 3376 a
833 3321 1022 3375 multis
1043 3320 1100 3374 in
1132 3321 1338 3391 scripto
1370 3321 1789 3386 commentaria,
1825 3337 1950 3377 cum
1978 3321 2066 3376 fu-

482 3420 668 3466 turum
699 3419 846 3468 esset
875 3422 936 3468 ut
965 3421 1153 3467 contra
1181 3428 1308 3468 eum
1339 3399 1590 3468 deﬁnitio
1616 3412 1982 3482 proferretur,
2013 3421 2070 3468 et

481 3520 661 3560 essem
693 3520 796 3576 ego
830 3520 972 3560 unus
1015 3505 1314 3560 astantium
1361 3505 1434 3575 (5
1463 3505 1503 3570 ),
1552 3505 1669 3559 scio
1716 3519 1802 3560 me
1847 3505 2068 3561 audisse

483 3597 832 3652 sanctitatem
883 3602 1032 3650 tuam
1081 3603 1285 3655 sancta:
1341 3594 1551 3666 synodo
1611 3594 1692 3650 sic
1746 3595 2066 3651 dicentem:

485 3687 624 3753 Quia
651 3691 696 3743 si
718 3690 908 3742 scirem
945 3687 1084 3758 quod
1123 3703 1283 3751 nunc,
1317 3687 1362 3740 si
1393 3685 1589 3741 Joanni
1612 3687 1819 3741 veniam
1851 3687 2072 3758 largire.

485 3797 626 3844 mur,
647 3780 833 3834 melior
859 3779 1006 3848 ﬁeret
1037 3779 1336 3849 semetipso,
1358 3787 1406 3832 et
1435 3779 1696 3832 recederet
1728 3798 1761 3834 a
1797 3780 1996 3834 duritia
2023 3787 2072 3834 et

485 3873 774 3942 asperitate
815 3887 932 3940 qua:
975 3871 1031 3924 in
1077 3886 1136 3924 eo
1180 3879 1276 3932 est,
1319 3886 1496 3924 omnes
1530 3886 1618 3924 vos
1667 3887 1936 3941 rogassem
1978 3888 2072 3942 pro

485 3980 564 4018 eo.
600 3963 956 4018 Admirabilis
997 3977 1128 4032 ergo
1179 3961 1346 4016 etiam
1389 3961 1536 4016 circa
1565 3961 1670 4018 hoc
1699 3962 1902 4017 iterum
1927 3963 2076 4033 judi-

485 4064 607 4111 cata
639 4063 722 4110 est
745 4054 1010 4110 sanctitas
1053 4062 1165 4118 tua,
1201 4054 1406 4124 quippe
1438 4062 1500 4108 ut
1522 4069 1645 4124 quae
1687 4054 1892 4108 dixerit
1923 4055 2072 4110 veri.

486 4153 676 4201 tatem.
707 4144 849 4211 Quid
890 4144 1057 4215 igitur
1080 4144 1368 4214 oportebat
1402 4153 1648 4200 sanctam
1675 4144 1948 4217 synodum
1990 4144 2073 4200 fa-

487 4253 634 4300 cere,
661 4252 782 4307 quae
812 4237 1250 4306 impmnitentem
1286 4245 1343 4291 et
1376 4237 1458 4292 sic
1497 4237 1837 4306 pertinacem
1871 4237 2078 4308 reperit

488 4329 642 4383 illum
667 4329 760 4398 qui
793 4337 959 4384 recta:
985 4326 1111 4382 fidei
1143 4327 1500 4397 repugnavit?
1529 4327 1799 4394 Quoniam
1834 4342 1964 4382 vere
1993 4326 2078 4380 di—

487 4421 566 4476 cit
591 4422 719 4492 quia
748 4427 1000 4491 oporteat
1023 4419 1124 4474 soli
1154 4419 1402 4490 symbolo
1421 4420 1762 4483 consentire,
1804 4418 1891 4473 vel
1925 4425 2077 4473 certe

2171 3224 2462 3294 Recipient
2525 3224 2674 3278 enim
2743 3223 3067 3294 semetipsas
3145 3221 3407 3278 Ecclesiae
3480 3220 3718 3276 invicem
3747 3261 3763 3284 ,

2165 3317 2393 3374 Christo
2421 3317 2504 3372 eis
2523 3317 2763 3372 donante
2792 3317 3080 3387 praemium
3115 3317 3286 3387 pacis.
3329 3314 3443 3369 Nec
3472 3328 3604 3368 vero
3628 3312 3766 3367 sim-

2171 3412 2391 3484 pliciter
2434 3412 2660 3481 quidem
2706 3410 3068 3466 alienantium
3116 3418 3173 3465 et
3224 3406 3765 3464 inconsideratorum

2172 3512 2365 3557 contra
2391 3518 2492 3558 nos
2524 3509 2782 3558 evomant
2812 3502 3003 3567 verba,
3037 3517 3101 3558 ea
3125 3516 3249 3571 quae
3288 3507 3417 3554 sunt
3437 3497 3765 3567 Apollinarii

2172 3595 2259 3648 vel
2303 3594 2420 3648 Arii
2453 3594 2568 3650 sive
2596 3593 2856 3649 Eunomii
2883 3608 2970 3648 me
2998 3608 3193 3663 sapere
3220 3589 3592 3653 diﬁ‘amantes,
3622 3588 3770 3642 sicut

2174 3689 2230 3742 in
2257 3688 2476 3758 Epheso
2495 3688 2965 3758 conscripserunt.
2992 3687 3107 3758 Ego
3131 3701 3231 3756 per
3253 3683 3488 3756 gratiam
3515 3682 3766 3736 Salvato-

2175 3779 2254 3834 ris
2295 3795 2514 3849 semper
2546 3779 2623 3834 fui
2654 3788 2710 3834 et
2740 3778 3101 3842 orthodoxus,
3133 3775 3377 3830 nutritus
3406 3789 3538 3828 vero
3561 3788 3683 3827 sum
3712 3781 3771 3828 et

2176 3871 2322 3926 inter
2361 3886 2559 3927 manus
2600 3866 3037 3926 orthodoxorum
3087 3868 3281 3940 patris.
3327 3867 3398 3922 Et
3440 3881 3622 3935 neque
3670 3865 3772 3920 illa

2176 3978 2300 4033 quae
2336 3971 2465 4018 sunt
2490 3961 2813 4033 Apollinarii
2841 3961 2996 4030 sapui
3024 3973 3270 4029 unquam
3313 3975 3327 4011 :
3368 3956 3546 4011 absitl
3573 3969 3677 4009 nec
3701 3970 3772 4009 ea

2177 4070 2300 4124 quae
2329 4053 2560 4109 alterius
2587 4052 2884 4124 cujuslibet
2919 4051 3188 4107 haeretici.
3225 4050 3342 4106 lmo
3368 4064 3501 4105 vero
3534 4048 3771 4104 anathe-

2179 4147 2382 4200 matizo
2413 4145 2555 4201 illos.
2601 4145 2793 4216 Neque
2824 4145 2974 4200 enim
3013 4143 3376 4200 inanimatam
3407 4142 3534 4198 dico
3559 4141 3772 4197 Christi

2179 4253 2399 4309 corpus.
2425 4237 2709 4295 Conﬁteor
2752 4253 2888 4294 vero
2930 4237 3079 4308 quod
3124 4237 3428 4292 animatum
3470 4236 3542 4291 sit
3583 4237 3771 4290 anima

2179 4331 2457 4386 rationali.
2500 4331 2569 4385 Et
2589 4344 2772 4401 neque
2801 4329 3183 4385 confusionem
3229 4330 3319 4384 vel
3361 4328 3775 4385 confermenta—

2182 4422 2388 4478 tionem
2416 4422 2503 4478 vel
2529 4421 2867 4478 refusionem
2892 4421 3091 4477 factam
3117 4420 3407 4487 conﬁrmo,
3432 4422 3574 4476 sicut
3597 4420 3778 4490 aliqui

487 4510 816 4580 expositioni
846 4508 975 4564 ﬁdei
1005 4517 1378 4564 trecentorum
1404 4507 1597 4564 decem
1628 4516 1686 4564 et
1706 4519 1853 4574 octo,
1881 4518 1939 4564 et
1971 4524 2073 4580 ego
2103 4499 2150 4557 ι)
2177 4513 2401 4582 dicunt;
2433 4515 2918 4572 inconvertibilem
2947 4527 3082 4568 vero
3111 4521 3168 4569 et
3197 4513 3598 4568 immutabilem
3631 4511 3775 4567 sub-

489 4604 559 4657 ad
591 4603 708 4657 haec
732 4601 855 4656 dico
879 4601 1008 4672 quia
1036 4601 1270 4657 intentio
1303 4601 1409 4656 fuit
1442 4615 1552 4655 una
1597 4609 1800 4656 sanctae
1841 4608 1898 4656 et
1944 4602 2074 4656 uni-

490 4694 686 4749 versali
710 4693 918 4764 synodo
943 4705 1065 4762 qua:
1093 4702 1418 4765 congregata
1437 4703 1522 4748 est
1554 4691 1611 4747 in
1649 4691 1926 4761 Ephesina
1952 4708 2075 4748 me-

493 4781 691 4850 tropoli
719 4789 780 4835 ut
802 4781 1110 4853 symbolum
1139 4781 1513 4847 conﬁrmaret,
1553 4788 1829 4851 quatenus
1864 4790 1922 4837 et
1953 4797 2075 4836 om-

490 4888 591 4928 nes
613 4872 686 4927 ita
719 4872 1116 4928 conﬁterentur
1145 4880 1200 4928 et
1229 4873 1524 4929 crederent
1565 4887 1629 4928 ac
1668 4873 1952 4937 docerent,
1978 4888 2078 4928 ne-

490 4979 600 5033 que
624 4963 836 5036 adjecto
860 4966 1130 5035 quolibet,
1160 4980 1340 5034 neque
1365 4965 1633 5021 detracto.
1669 4965 1790 5021 Non
1821 4964 1971 5019 enim
1990 4972 2075 5020 est

491 5057 730 5127 adjicere
757 5073 923 5126 super
945 5056 1104 5121 illud,
1135 5073 1241 5113 nec
1270 5065 1356 5113 est
1387 5057 1604 5111 auferre
1636 5057 1706 5110 ab
1729 5071 1816 5112 eo.
1841 5057 2076 5125 Propter

395 5221 403 5230 _
492 5146 600 5203 hoc
635 5148 780 5203 enim
821 5156 878 5204 et
923 5157 1116 5204 contra
1157 5147 1474 5202 Nestorium
1515 5146 1763 5204 decrevit
1797 5147 1943 5203 sicut
1975 5148 2071 5216 qui

493 5253 606 5294 non
652 5239 890 5295 suaserit
935 5237 1111 5302 illud,
1161 5237 1295 5307 quin
1341 5237 1526 5308 potius
1574 5239 1875 5294 removerit
1907 5245 2072 5309 atque

571 5394 647 5466 (l)
682 5395 837 5466 Utile.
853 5395 961 5466 _Sic
991 5408 1092 5466 nos
1115 5391 1549 5448 emcndavimus.
1572 5392 1760 5463 Lupus
1782 5394 1930 5450 enim
1953 5396 2075 5452 edi-

499 5464 676 5530 derat,
708 5474 766 5518 ιιι
799 5464 912 5528 ille,
945 5465 1100 5518 nullo
1131 5478 1317 5516 sensu.

576 5537 652 5606 (2)
684 5535 939 5606 Joannes.
979 5532 1355 5606 Cogn_omen_t_o
1389 5531 1815 5606 Chrysostomus
1839 5577 1852 5601 ,
1892 5537 2076 5591 archi-

500 5601 808 5676 episcopus
836 5601 1525 5676 _Constan_tinopolit_anus,
1547 5674 1559 5676 _
1581 5603 1828 5676 dejectus
1867 5607 2076 5676 judicio

363 5693 404 5748 ι
503 5671 710 5746 synodi
725 5672 925 5748 habita:
946 5671 1296 5748 inhsuburbio
1323 5671 1692 5748 Chalcedonis
1725 5671 2078 5748 quod'Quer-

506 5741 611 5800 cus
635 5744 951 5814 vocabatur.
997 5741 1234 5814 Cyrillu's
1271 5743 1413 5814 hanc
1445 5745 1712 5814 synodum
1742 5741 1911 5800 vocat
1931 5741 2079 5800 Con-

512 5813 1075 5884 stantinopolitanam,
1113 5812 1240 5884 quia
1277 5812 1550 5870 Chalccdo
1593 5823 1678 5871 est
1717 5816 1898 5873 vicina
1937 5815 2080 5872 Con-

2178 4605 2375 4660 sistere
2417 4605 2722 4660 secundum
2770 4614 3024 4660 naturam
3057 4604 3156 4659 Dei
3185 4619 3500 4661 sermonem
3535 4604 3684 4668 novi,
3713 4612 3782 4660 et

2149 4695 2363 4750 omnis
2418 4696 2694 4764 passionis
2753 4695 3227 4765 insusceptibilem
3282 4695 3587 4751 secundum
3636 4710 3778 4765 pro-

2181 4785 2357 4854 priam
2377 4792 2650 4839 naturam.
2682 4771 3024 4855 lmpassibile
3049 4787 3197 4841 enim
3232 4795 3317 4843 est
3342 4787 3490 4859 quod
3519 4787 3780 4843 divinum

2179 4886 2286 4943 est,
2309 4885 2367 4932 et
2389 4877 2768 4934 conversionis
2786 4879 3268 4935 obumbrationem
3294 4881 3522 4935 minime
3550 4879 3776 4936 suffert.

2179 4969 2325 5036 Quin
2353 4970 2539 5040 potius
2567 4971 2866 5041 requiescit
2897 4972 2952 5026 in
2983 4973 3226 5043 propriis
3250 4973 3430 5028 bonis.
3454 4973 3583 5028 llaec
3602 4972 3780 5028 habet

2181 5075 2314 5116 vero
2340 5061 2786 5131 inconvertibile,
2827 5064 2885 5119 in
2920 5065 3126 5135 quibus
3154 5073 3238 5120 est
3273 5064 3452 5137 (ejus)
3495 5067 3776 5120 exsisten-

2180 5151 2274 5206 tia.
2303 5150 2484 5208 Unum
2507 5168 2644 5208 vero
2663 5154 2922 5210 eumdem
2949 5153 3234 5210 Christum
3254 5162 3311 5209 et
3329 5153 3621 5209 Dominum
3646 5155 3771 5208 uni-

2179 5243 2421 5314 genitum
2448 5245 2548 5302 Dei
2577 5246 2795 5313 Filium,
2839 5247 3020 5317 ipsum
3061 5245 3186 5302 dico
3229 5261 3449 5316 passum
3475 5260 3576 5316 pro
3607 5244 3779 5302 nobis

2186 5401 2563 5471 stantinopoli.

2259 5468 2472 5542 (3)7Eg—o
2499 5488 2636 5526 unus
2666 5472 2977 5542 astantium.
3016 5471 3157 5527 Hinc
3190 5468 3770 5542 discimushCyrillum

2187 5539 2502 5596 interfuisse
2515 5541 2723 5613 synodo
2746 5542 2801 5595 in
2819 5558 2927 5611 qua
2944 5550 3180 5613 sanctus
3190 5541 3429 5613 Joannes
3442 5539 3773 5611 Chrysosto-

2187 5626 2310 5682 mus
2339 5611 2558 5682 escepit
2592 5613 2919 5667 sententiam
2951 5611 3335 5682 depositionis.

2259 5680 2334 5750 (4)
2359 5679 2513 5736 σὺ·εὴ
2535 5698 2690 5753 suum
2715 5689 2938 5752 tempus.
2963 5679 3147 5747 ldcst,
3175 5698 3268 5753 per
3293 5689 3550 5752 tempora,
3589 5685 3647 5734 ut
3669 5679 3770 5736 alii

2187 5751 2518 5821 interpretes
2540 5752 2700 5822 vulgo
2731 5751 3032 5807 verterunt.
