2029 3221
135 199 184 229 m
836 194 1005 223 EPISTOLA
1025 195 1144 223 xxxrv.
1746 197 1797 224 ise

135 252 400 284 “secundum
423 252 596 287 Seripturas,
620 252 677 279 sive
699 251 852 279 secundum
875 251 948 279 beati

135 298 212 329 Petri
242 305 349 327 vocem
362 298 397 325 ³³.
416 297 611 333 Capitulorum
641 305 707 325 vero
736 297 825 325 virtus
852 301 947 324 contra

135 345 192 374 tota
233 343 364 374 Nestorii
403 343 532 380 dogmata
561 344 664 380 scripta
676 348 728 371 est.
769 344 835 376 Quae
872 343 947 371 enim

134 390 178 418 ille
192 396 256 418 non
279 392 360 417 recte
372 388 444 417 dixit
457 396 490 416 ac
504 388 633 424 scripsit,
655 389 715 423 ipsa
737 389 862 424 ejiciunt.
894 387 947 421 Qui

131 443 201 464 vero
221 434 469 463 anathematinnt
485 438 570 469 atque
590 438 692 470 negant
714 435 774 470 ejus
794 434 946 467 vesaniam,

132 480 293 511 cessabunt
318 480 382 510 haec
406 488 470 516 quat
496 488 512 508 ι
533 480 617 509 nobis
635 481 740 516 scripta
771 485 836 508 sunt
854 481 948 508 inore--

132 535 212 564 pare.
232 527 385 563 Videbunt
407 527 485 555 enim
512 527 698 562 capitulorum
722 534 804 554 sensa
823 526 889 554 solis
913 526 947 553 il-

131 573 189 601 lius
209 573 361 602 contraire
383 564 577 608 blaspheiniis.
595 572 713 600 Reddita
735 580 803 599 vero
824 578 948 599 commu-

132 619 221 648 nione
248 618 386 654 factaque
406 618 480 646 inter
502 618 644 646 Ecclesias
665 625 744 653 pace,
767 617 880 653 quando
903 625 947 645 re-

133 665 400 701 uibere‘absque
422 665 602 701 suspectione
626 665 748 698 licuerit,
774 665 819 693 vel
841 665 883 692 eis
899 665 946 700 qui

135 711 191 740 illic
209 715 280 740 ωιιι
295 710 333 739 ad
345 718 411 744 nos,
431 711 478 739 vel
497 710 579 738 nobis
592 718 689 739 rursus
708 711 743 738 ad
761 719 819 744 eos,
835 715 900 738 tunc
920 714 948 738 et

135 757 346 788 “cie-Is
368 756 513 785 hcillime.
528 756 706 792 Quaecunque
723 758 836 785 omnino
850 764 947 784 eorum

135 811 195 840 ια
208 811 227 832 a
241 803 332 832 nobis
343 803 452 838 scripta
475 806 541 830 sunt
554 807 636 831 “recte
648 811 705 831 non
721 803 916 839 intelliguntur
931 811 945 830 a

133 850 319 888 mh,
335 853 368 878 et
381 850 444 878 hac
455 849 727 877 excandidabuntur.
740 849 947 877 Satisfaciemus

131 897 221 929 enim.
236 896 299 924 Deo
322 894 452 928 favente,
476 902 534 922 non
553 895 609 931 jam
625 895 697 923 sicut
715 896 945 931 repugnantibus,

131 942 182 970 sed
200 941 278 970 delt
291 940 445 973 fratribus,
464 941 530 976 quia
551 941 644 968 omnia
664 946 739 969 recte
759 941 889 969 habeant.
912 942 946 969 Et

131 980 496 1024 “giaripsimus
513 993 574 1019 nos,
587 987 708 1015 Nestorii
720 986 845 1022 dogmata
857 987 947 1022 impu-

135 1030 355 1068 M‘Iﬁa
369 1035 415 1060 est
426 1031 543 1059 omnino
561 1031 635 1067 quod
650 1031 777 1059 dissonet
788 1032 832 1059 vel
843 1032 946 1059 sanctis

378 1081 460 1106 certe
481 1076 546 1105 ﬁdei
566 1077 721 1105 definitioni
742 1086 803 1113 quae
822 1078 946 1112 exposita

147 1128 192 1152 est
202 1131 221 1152 ι
236 1123 496 1153 InetisPatribus:
515 1123 578 1151 dico
588 1127 679 1151 autem
691 1123 746 1151 illis
758 1124 806 1158 qui
817 1124 843 1150 in
856 1124 946 1151 Nicaea

143 1177 201 1198 suo
211 1163 510 1207 “congregati
528 1173 603 1198 sunt.
616 1170 718 1198 Nostra
731 1170 815 1205 igitur
829 1170 946 1198 intentio

139 1216 176 1245 ad
187 1220 287 1253 μω
300 1222 337 1245 In
353 1214 446 1245 habet
460 1224 518 1244 non
535 1217 670 1252 impetere
690 1224 752 1251 quae
768 1221 832 1243 sunt
846 1216 945 1243 deﬁni-

138 1266 176 1295 h,
190 1261 232 1290 ita
245 1256 384 1291 videlicet
405 1262 431 1290 si
453 1261 761 1298 Nestorii'depositioni
788 1263 946 1290 consentire

136 1307 276 1336 Ml
289 1311 322 1336 et
345 1308 588 1336 anathematizare
611 1307 799 1335 contaminata
818 1308 945 1343 dogmata

135 1353 197 1390 ιβ
213 1358 246 1382 et
271 1353 490 1383 muniﬁcam
516 1356 546 1381 et
570 1353 605 1381 ad
632 1353 810 1381 concordiam
837 1354 944 1386 venire,

133 1399 382 1436 “minante
394 1399 430 1428 ad
442 1399 528 1432 idem,
541 1400 589 1435 qui
603 1404 646 1427 est
665 1408 718 1435 pax
736 1404 830 1427 nostra
845 1407 945 1427 secun-

134 1445 394 1482 duscriptlras.
413 1445 463 1474 Eis
476 1454 545 1474 vero
569 1446 616 1481 qui
634 1446 731 1473 dicunt
756 1447 820 1481 quia
838 1450 946 1481 oportet

134 1493 324 1529 ejicieaqua
346 1495 448 1521 contra
465 1493 570 1528 polluta
586 1493 706 1521 Nestorii
728 1493 853 1528 dogmata
876 1492 945 1519 scri-

135 1539 353 1576 psi-manune:
365 1539 536 1575 acquiescet.
549 1538 730 1574 Apertissime
738 1539 811 1566 enim
822 1538 946 1574 elingues

965 254 987 282 Α
1001 252 1093 284 dictis,
1108 252 1155 287 qui
1168 256 1242 280 certe
1256 252 1370 279 subtiles
1380 255 1598 286 perscrutalores
1608 256 1673 280 sunt
1683 252 1798 288 dogma—

1002 302 1060 325 tum
1073 298 1240 325 divinorum.
1253 298 1286 325 Et
1304 298 1370 325 illud
1393 303 1484 325 autem
1497 305 1581 332 super
1592 297 1650 325 haec
1665 303 1712 326 tua
1730 304 1796 326 rell-

999 344 1112 379 giositas
1132 345 1243 379 cogitet,
1266 344 1331 379 quia
1357 348 1467 379 oportet
1481 344 1518 371 ita
1544 344 1672 379 componi
1698 351 1794 379 pacem

999 390 1056 417 Deo
1071 390 1302 418 amicissimorum
1315 387 1555 425 episcoporummt
1567 398 1621 417 non
1633 390 1682 417 ulli
1696 390 1794 425 displi-

1000 439 1061 462 ceat
1076 443 1173 463 eorum
1189 436 1237 470 qui
1254 443 1304 470 per
1318 443 1428 462 omnem
1443 435 1629 462 Romanorum
1643 439 1708 462 sunt
1720 436 1796 470 prin-

999 481 1132 516 cipatum,
1145 485 1173 509 el.
1188 481 1355 509 universalis
1373 481 1429 513 ﬁat,
1439 488 1474 508 ne
1490 481 1604 508 minima
1617 481 1737 508 scissura
1750 482 1794 508 in-

999 531 1094 562 gentes
1105 527 1200 562 plurcs
1212 527 1279 555 alias
1293 527 1383 554 faciat.
1397 527 1516 554 Omnino
1527 527 1600 554 enim
1613 534 1668 554 non
1678 534 1795 554 consen-

1000 572 1068 599 tient
1080 573 1101 599 si
1119 573 1171 600 tale
1186 573 1290 608 aliquid
1303 573 1387 600 fuerit
1398 573 1499 600 factum
1515 573 1588 607 quod
1602 581 1657 599 non
1675 581 1794 608 sequens

997 619 1136 646 videatur.
1162 619 1197 646 Et
1213 619 1332 646 maxime
1347 619 1399 646 hoc
1413 619 1528 654 cogitari
1543 623 1662 654 oportet.
1678 618 1795 646 Cunctis

998 672 1117 699 namque
1134 664 1303 692 instantibus
1318 665 1347 692 in
1359 665 1524 701 Epheso,_et
1544 672 1599 692 non
1613 664 1795 699 acquiescen-

998 711 1073 738 tibus
1087 711 1293 739 communicare
1306 711 1350 738 his
1364 712 1412 746 qui
1425 719 1460 739 ex
1476 710 1588 738 Oriente
1603 714 1677 742 sunt,
1694 718 1795 745 propo-

997 757 1129 784 nentibus
1142 765 1208 784 vero
1220 757 1285 792 quia
1297 765 1353 784 non
1369 757 1423 784 erit
1439 757 1517 792 prius
1530 756 1583 783 hoc
1595 756 1648 783 nisi
1661 764 1793 791 suscepe-

998 805 1053 832 rint
1076 804 1276 838 dcpositioncm
1303 804 1424 831 Nestorii
1448 808 1476 831 et
1499 803 1794 831 anathematizavcrint

997 850 1143 878 nobiscum
1159 850 1286 886 dogmata
1303 851 1373 886 ejus.
1395 850 1544 884 quomodo.
1560 849 1614 876 nisi
1636 850 1689 877 hoc
1709 850 1794 877 fuerit

997 896 1111 930 factum,
1125 904 1156 924 ea
1169 904 1230 932 quae
1240 896 1273 923 ad
1285 895 1507 923 communionem
1517 896 1657 931 pertinent
1669 896 1793 923 stabunt?

962 931 982 959 Β
996 942 1062 976 Quis
1077 946 1168 970 autem
1179 931 1239 970 non
1255 943 1385 970 clamabit
1400 947 1495 970 contra
1509 950 1569 975 nos,
1587 943 1652 970 dum
1665 943 1793 978 perdide-

997 989 1085 1016 rimus
1095 989 1200 1016 animas
1211 993 1330 1022 nostras,
1341 993 1369 1017 et
1379 989 1571 1025 negaverimus
1584 994 1685 1017 rectam
1698 990 1791 1023 ﬁdem,

996 1039 1025 1062 et
1036 1043 1097 1070 qua:
1115 1040 1190 1063 recte
1207 1035 1281 1063 dicta
1298 1035 1428 1063 omnibus
1445 1036 1610 1070 placuerunt
1630 1043 1680 1063 nos
1701 1036 1791 1072 ejcce-

997 1082 1095 1113 rimus,
1120 1085 1250 1117 tanquam
1265 1090 1319 1109 non
1335 1086 1409 1109 recte
1422 1082 1477 1109 sint
1490 1082 1582 1110 dicta?
1598 1082 1695 1110 Annon
1709 1090 1793 1117 opor-

998 1132 1047 1161 tet,
1062 1128 1132 1155 facta
1144 1136 1222 1163 pace,
1237 1136 1287 1155 nos
1303 1128 1434 1163 epistolas
1450 1128 1561 1156 mittere
1575 1129 1619 1156 his
1630 1129 1677 1164 qui
1689 1129 1792 1164 ubique

997 1181 1081 1208 super
1093 1173 1162 1201 alios
1178 1174 1402 1209 religiosissimos
1415 1173 1560 1209 episcopos
1571 1175 1704 1207 eminent,
1719 1179 1749 1202 ut
1765 1180 1793 1203 ct

997 1219 1050 1254 ipsi
1071 1219 1224 1247 concordes
1237 1219 1327 1247 eﬂ'ccti
1352 1220 1471 1247 reddant
1487 1221 1528 1248 eis
1549 1220 1793 1249 communionem?

997 1262 1101 1290 Deinde
1115 1263 1178 1298 quis
1192 1263 1228 1290 sit
1243 1264 1290 1299 qui
1303 1264 1343 1291 eis
1358 1264 1473 1292 suadeat
1486 1265 1509 1292 si
1529 1265 1595 1300 quid
1614 1265 1717 1292 factum
1730 1266 1792 1293 fue-

997 1308 1035 1335 rit
1051 1314 1151 1343 prmtcr
1165 1310 1238 1345 quod
1253 1310 1383 1338 omnibus
1397 1311 1497 1345 placet,
1524 1317 1552 1339 et
1576 1312 1603 1339 in
1624 1320 1679 1347 quo
1695 1320 1792 1339 onmes

998 1354 1164 1387 institerant,
1189 1360 1219 1382 ut
1240 1360 1382 1390 oporteret
1404 1356 1559 1391 depositum
1577 1356 1673 1383 haberi
1694 1357 1793 1385 Nesto-

997 1400 1067 1427 rium
1083 1405 1111 1428 et
1132 1401 1365 1429 anathematizare
1387 1402 1590 1429 insanissimam
1609 1403 1670 1438 ejus
1687 1403 1791 1431 doctri—

997 1454 1070 1478 nam,
1089 1447 1155 1482 quin
1174 1448 1267 1482 potius
1277 1448 1472 1475 verbositatem
1490 1455 1584 1476 contra
1598 1450 1721 1477 omnium
1743 1458 1794 1477 no-

997 1498 1084 1520 strum
1116 1493 1284 1521 Salvatorcm
1311 1494 1404 1521 Jesum
1423 1495 1586 1522 Christum?
1609 1494 1794 1523 Contristatos

997 1546 1063 1565 vero
1083 1539 1166 1565 nimis
1187 1543 1216 1566 et
1240 1539 1454 1567 intolerabiliter
1473 1539 1599 1566 dolentes
1618 1544 1731 1574 propter
1746 1540 1792 1567 illa

134 1584 380 1614 mummium
394 1583 473 1612 illius
488 1583 679 1619 blasphemiis,
696 1587 860 1610 cunctorum
870 1590 944 1609 nun-
958 1603 979 1631 ϐ
997 1592 1058 1618 quae
1073 1588 1170 1611 contra
1185 1592 1229 1611 mc
1251 1588 1327 1619 gesta
1345 1588 1409 1612 sunt
1431 1584 1466 1611 ab
1482 1584 1670 1612 Orientalibus
1689 1589 1742 1612 tam
1758 1594 1792 1613 ex

136 1630 266 1660 distantes
283 1629 521 1658 taciturnitatem.
547 1628 602 1656 Aut
624 1628 719 1656 forsan
740 1628 827 1664 magis
847 1633 876 1655 et
893 1636 945 1656 nos

142 1676 357 1712 persuadendo:
396 1679 529 1711 reputant
558 1679 590 1703 ut
618 1682 651 1702 ea
679 1682 741 1710 qua:
773 1679 838 1702 sunt
871 1674 946 1702 illius

138 1721 291 1758 sapiamus,
308 1722 335 1750 si
352 1729 418 1757 quae
439 1726 536 1748 nostra
550 1723 614 1748 sunt
634 1720 803 1755 abnegemus
821 1723 896 1747 recte
917 1727 946 1747 se

137 1755 222 1803 att-[ue
233 1755 429 1795 immaculato
445 1765 577 1794 habentia
593 1770 621 1793 et
632 1769 729 1793 contra
751 1765 825 1792 illius
845 1772 946 1791 vocum

136 1813 279 1842 novitates
306 1813 414 1841 stantia
442 1813 476 1840 ³⁵.
507 1812 538 1840 Si
572 1821 639 1840 vero
669 1812 779 1839 illorum
811 1811 859 1846 qui
890 1810 947 1838 illic

135 1864 204 1889 sunt
223 1859 357 1896 quidam,
383 1859 539 1887 secundum
567 1859 640 1894 quod
663 1859 704 1887 eis
716 1858 838 1890 videtur,
851 1857 945 1884 detra‘

135 1905 210 1933 hut
224 1904 385 1941 aliquibus,
402 1904 438 1932 ad
458 1912 491 1933 ea
509 1912 571 1940 quas
590 1912 643 1932 nec
661 1904 790 1941 convenit
805 1908 945 1930 transver-

137 1955 230 1980 telleo
242 1958 350 1980 sensus
364 1959 475 1984 eorum,
494 1951 584 1978 sciant
595 1951 660 1986 quia
672 1954 773 1986 praster
784 1956 880 1976 omnes
898 1948 946 1983 qui

136 1997 167 2026 in
180 2001 244 2026 Ino
255 1997 330 2026 orbe
341 2001 410 2026 sunt
421 1998 474 2026 soli
491 1998 519 2025 hi
534 2000 727 2033 perpetrantes
739 1995 859 2030 sapiunt.
871 1994 944 2022 Con-

135 2046 294 2071 antes-unt
307 2043 385 2070 extim
404 2042 450 2070 his
462 2050 525 2078 quas
544 2050 560 2070 a
580 2041 663 2069 nobis
683 2040 755 2068 facta
769 2045 844 2072 sunt,
863 2044 945 2074 atque

136 2088 326 2118 ωιεωιίπιιι
345 2088 482 2122 universi,
506 2091 535 2116 et
557 2092 633 2116 recte
659 2095 689 2116 se
715 2086 892 2119 habentibus,
919 2090 948 2114 et

998 1630 1072 1657 clero
1083 1630 1254 1657 Alexandriae
1265 1637 1348 1665 quam
1360 1635 1475 1657 cunctos
1485 1629 1652 1666 {Egyptiacas
1665 1631 1793 1659 dimcesis

996 1675 1142 1710 episcopos
1167 1675 1391 1710 religiosissimos
1422 1675 1461 1703 sic
1491 1675 1628 1710 mitigavit
1664 1675 1792 1703 dominus

997 1730 1075 1749 meus
1090 1722 1346 1749 admirandissimus
1359 1722 1489 1749 tribunus
1502 1721 1665 1754 Aristolaus,
1677 1725 1707 1749 ut
1722 1722 1791 1749 milii

998 1767 1083 1795 etiam
1096 1768 1263 1795 levissimam
1280 1768 1356 1802 pacis
1376 1767 1508 1795 faciendae
1523 1767 1650 1794 redderet
1663 1767 1736 1794 viam
1764 1772 1792 1795 et

999 1822 1095 1842 omnes
1109 1814 1236 1841 venirent
1249 1814 1277 1841 in
1290 1814 1446 1849 bujusmodi
1460 1814 1638 1841 voluntatem.
1658 1813 1692 1840 Et
1703 1813 1790 1848 pluri-

999 1867 1075 1887 mum
1099 1859 1211 1894 quidem
1235 1867 1279 1887 me
1302 1859 1391 1886 fateor
1417 1859 1477 1894 ejus
1498 1857 1704 1885 admirabilitati
1731 1865 1792 1885 esse

999 1906 1165 1938 debitorem,
1182 1905 1247 1940 quia
1261 1906 1344 1932 modo
1356 1905 1423 1931 mihi
1441 1904 1476 1932 sit
1488 1911 1640 1939 cooperans
1655 1903 1689 1930 ad
1699 1902 1792 1930 omnia

998 1956 1026 1979 ct
1039 1951 1260 1986 competentibus
1272 1950 1427 1978 rationibus
1440 1957 1501 1985 qua:
1513 1948 1715 1977 contristabant
1726 1948 1792 1975 abo-

997 1998 1107 2025 leverit.
1124 1997 1220 2025 Saluta
1242 1997 1446 2024 fraternitatem
1468 2003 1529 2031 quae
1549 1995 1622 2030 apud
1641 1999 1667 2022 te
1677 1998 1729 2021 est.
1752 1993 1791 2021 Te

998 2051 1060 2078 quae
1072 2043 1217 2071 nobiscum
1229 2047 1272 2070 est
1282 2042 1443 2070 fraternitas
1454 2042 1483 2070 iu
1495 2042 1612 2070 Domino
1627 2040 1736 2068 salutat.

772 2229 847 2265 99“
865 2230 1035 2258 EPISTOLA
1053 2228 1172 2256 XXXIV.

689 2305 722 2325 Αι)
735 2304 869 2324 manuum
886 2304 1037 2324 cossssuuu
1054 2303 1195 2323 enseorun
1215 2293 1263 2330 (l).

288 2367 407 2398 Nuntiat
423 2367 495 2404 quod
514 2367 622 2394 omnino
641 2374 695 2394 non
719 2366 812 2401 recipit
832 2365 1022 2401 propositiones
1037 2373 1096 2401 quce
1107 2374 1123 2392 a
1141 2364 1245 2391 Joanne
1257 2362 1417 2390 Amice/uena
1426 2364 1487 2388 sunt
1500 2359 1647 2388 destinatae.

170 2438 314 2472 nissime
329 2440 360 2466 et
372 2439 496 2465 amatore
512 2434 616 2464 Christi
628 2434 797 2469 imperatore
810 2433 947 2468 dirigente

137 2487 294 2517 ﬁnium
322 2491 417 2512 meum
439 2481 677 2510 mirandissimum
699 2479 844 2507 tribunum
867 2484 948 2507 nota-

137 2533 276 2568 rilmque
298 2528 484 2560 Aristolaum,
506 2525 695 2554 Christianum
717 2524 822 2556 virum,
848 2527 877 2550 et
898 2530 948 2558 pro

137 2579 219 2605 rem
232 2573 298 2603 Ide
313 2572 397 2601 valde
414 2573 578 2604 certantem,
601 2572 633 2597 ut
646 2569 681 2596 ad
695 2575 792 2604 pacem
805 2568 949 2603 eopularet

137 2620 298 2654 Iudam,
311 2623 341 2647 et
356 2617 499 2647 scribente
511 2616 585 2644 clare
598 2614 674 2651 quod
691 2613 884 2642 Antiochenus
898 2613 947 2642 dc-

139 2669 224 2698 horot
237 2663 514 2704 priu.subseribere
528 2662 642 2699 quidem
653 2660 774 2689 Nestorii
789 2659 947 2687 damnatio-

139 2722 220 2750 πει,
230 2711 474 2743 nathomtizare
488 2717 557 2739 vero
566 2708 684 2737 scelesta
696 2707 757 2742 ejus
767 2706 894 2741 dogmata
919 2710 948 2733 et

140 2765 212 2790 tunc
232 2757 466 2790 communionem
487 2759 613 2784 nostram
635 2760 771 2790 quaerere,
787 2751 896 2787 scripsit
912 2752 945 2780 ad

178 2838 204 2855 ⁸³
218 2837 230 2866 1
243 2837 321 2866 Petr.
339 2843 379 2868 ιν,
394 2835 419 2863 l.
457 2833 583 2862 “l'l‘im.
598 2841 634 2866 vi,
649 2832 695 2860 20.

180 2916 221 2949 (1)
232 2916 275 2945 Ex
291 2914 435 2954 Synodico
456 2913 519 2941 adv.
533 2918 601 2947 trag.
619 2913 725 2946 lrenaei,
740 2919 763 2939 c.
780 2911 840 2939 108.
858 2910 943 2938 Mansi

963 2437 985 2465 ῐ)
998 2442 1042 2462 me
1060 2433 1190 2461 dominus
1202 2439 1281 2459 meus
1296 2430 1521 2466 religiosissimus
1532 2433 1561 2457 et
1575 2429 1697 2464 optimus
1707 2437 1791 2458 senex

997 2480 1145 2515 episcopus
1165 2477 1281 2505 Aeacius
1303 2477 1483 2512 incongruam
1500 2475 1647 2511 quamdam
1663 2477 1791 2511 proposi-

998 2526 1112 2556 tionem,
1123 2524 1201 2559 quasi
1214 2523 1247 2550 ab
1258 2522 1380 2549 Orientis
1394 2521 1542 2556 episcopis,
1555 2520 1641 2556 magis
1653 2525 1755 2553 autem,
1768 2522 1791 2548 si

997 2573 1108 2605 oportet
1123 2569 1215 2596 dicere
1229 2567 1385 2599 veritatem,
1407 2566 1442 2593 ab
1465 2566 1506 2593 eis
1521 2565 1568 2600 qui
1590 2572 1622 2592 ea
1645 2572 1706 2599 qua:
1727 2570 1793 2593 sunt

997 2615 1117 2644 Nestorii
1143 2617 1272 2649 saperent
1292 2622 1298 2640 :
1314 2620 1378 2640 nam
1397 2612 1463 2639 dum
1484 2618 1533 2638 eos
1553 2613 1694 2645 oporteret
1713 2610 1792 2645 sequi
1823 2612 1828 2618 ’

1001 2659 1074 2695 quod
1089 2658 1226 2694 congruit,
1241 2662 1270 2685 et
1283 2656 1379 2694 (juxta)
1393 2654 1573 2683 intentionem
1585 2653 1702 2689 piissimi
1714 2654 1792 2689 prin-

1001 2706 1071 2741 cipis
1097 2705 1277 2739 omuiumque
1307 2701 1526 2730 orthodoxorum
1556 2700 1793 2728 anathematizare

999 2752 1116 2780 scelesta
1126 2750 1246 2779 Nestorii
1259 2749 1397 2785 dogmata,
1408 2755 1424 2776 e
1432 2746 1574 2776 contrario
1586 2751 1684 2782 petunt
1694 2753 1793 2776 vacare

960 2911 992 2945 v,
1009 2910 1070 2938 887.

2006 2459 2010 2632 ε

2007 2633 2010 2711 Ξ

2000 2715 2010 3040 ἰ
