4058 6494
473 399 575 459 165

1478 393 1536 451 S.
1576 391 1853 450 CYRILLI
1891 392 2362 449 ALEXANDRINI
2400 394 2717 451 ARCHIEP.

3644 400 3748 456 164

475 515 732 571 universa
762 528 884 584 qum
914 529 945 569 a
968 513 1132 570 nobis
1161 512 1363 583 scripta
1390 518 1521 567 sunt
1541 511 1658 567 sive
1682 511 1740 565 in
1762 511 1926 566 tomis
1949 511 2065 566 sive
2094 517 2136 572 A
2168 511 2354 568 bimus
2374 528 2439 568 ea
2462 528 2585 583 quae
2619 520 2749 568 sunt
2773 511 3036 579 Nestorii,
3064 520 3121 568 et
3164 512 3373 569 erimus
3413 513 3752 573 admirantes

474 607 530 661 in
553 605 1088 675 conscriptionibus;
1119 613 1178 660 et
1197 605 1298 669 sic,
1318 602 1597 672 inquiunt,
1622 600 1881 657 Ecclesize
1902 614 2059 655 com--

473 697 925 753 municabuntad
950 697 1208 753 invicem.
1237 696 1352 751 Hoc
1375 703 1560 749 autem
1590 694 1737 747 clare
1767 691 1955 746 dicere
1976 699 2062 747 est

471 789 619 859 quod
644 798 899 860 oporteat
924 806 1026 845 nos
1051 798 1257 845 rectam
1291 788 1452 843 ﬁdem
1480 786 1755 857 denegare
1787 792 1844 840 et
1869 786 2063 841 Nesto-

474 882 542 937 rii
567 883 887 938 consentire
912 883 1293 954 blasphemiis.
1324 880 1380 935 Si
1406 879 1554 934 enim
1588 886 1780 934 nostra
1804 878 2069 943 extermia

473 990 692 1040 namus,
736 989 860 1045 quae
901 990 960 1030 se
1000 975 1141 1029 bene
1190 973 1401 1028 habent
1442 980 1501 1026 et
1544 970 2066 1041 inexprobrabiliter

474 1078 732 1124 asserunt
755 1067 1044 1149 veritatem
1068 1074 1125 1122 et
1154 1074 1320 1122 rectae
1343 1062 1468 1119 ﬁdei
1499 1061 1761 1131 militant,
1788 1062 2063 1134 approba-

2161 606 2282 677 ejus
2310 607 2601 661 insaniam.
2640 604 2747 677 Sed
2796 605 3014 660 illorum
3058 605 3283 676 quidem
3312 607 3751 677 propositionem

2159 696 2915 753 intelleximus.vaitristati
2943 698 3091 753 enim
3135 706 3266 753 sunt
3305 699 3453 769 quod
3487 700 3753 771 blasphe-

2161 799 2349 846 mante
2379 790 2659 855 Nestorio,
2695 790 2764 846 ab
2787 790 3114 846 orthodoxis
3154 800 3347 846 contra
3373 807 3501 846 eum
3536 808 3755 848 sermo-

2160 893 2262 934 nes
2295 879 2487 949 scripti
2540 887 2671 935 sunt
2720 889 2777 935 et
2826 880 3094 952 epistolam
3146 880 3340 949 Qualia
3375 898 3510 939 vero
3548 893 3605 939 et
3650 901 3762 940 nos

2162 970 2552 1042 scripserimus
2597 972 2738 1028 sciet
2766 981 2859 1028 tua
2885 972 3175 1044 perfectio,
3212 974 3343 1029 dum
3367 974 3568 1046 legeris
3596 976 3759 1047 paria

2162 1078 2380 1119 eorum.
2402 1058 2489 1119 Ob
2516 1063 2623 1120 hoc
2655 1064 2807 1121 enim
2841 1072 2949 1120 tuae
2972 1065 3066 1121 illa
3089 1066 3438 1139 religiositati
3466 1067 3663 1126 direxi.

1494 1349 1675 1422 99'"
1712 1349 2054 1408 EPISTOLA
2087 1353 2286 1411 xxxv
2326 1353 2422 1426 (οι.
2461 1352 2681 1426 XXXI).
2712 1353 2789 1427 (ι)

475 1495 496 1517 ’
524 1507 736 1549 JOANNIS
768 1506 1086 1549 ANTIOCHENI
1117 1505 1353 1549 EPISCOPI
1386 1505 1829 1555 CETERORUIQUE
1854 1507 1943 1556 QUI
1977 1508 2082 1550 CUI
2130 1510 2253 1552 ΙΙ.ιο
2291 1510 2469 1551 ERAN'I'
2499 1510 2566 1550 AD
2606 1508 2817 1549 nam
2860 1508 3155 1552 εριεεονσκ
3185 1511 3463 1566 ROIANUI,
3490 1513 3762 1557 CYBILLUI

1293 1576 1703 1618 ΑιειΑΝωιιΝωι
1732 1577 1800 1617 ΕΤ
1832 1579 2169 1622 IAXIIIANUI
2200 1579 2902 1623 CONS’I‘ANTINOPOLITANUI.

549 1703 782 1759 Probare
801 1720 858 1759 se
904 1703 1183 1760 declarant
1213 1700 1556 1777 depositionis
1568 1702 1897 1777 sententiain
1940 1721 1974 1759 a
2005 1712 2193 1760 sancta
2226 1704 2428 1777 synodo
2451 1702 3026 1777 adversustestoriurn
3056 1704 3359 1777 prolatam,
3382 1724 3582 1766 necnon
3603 1709 3763 1766 blas-

1008 1776 1224 1847 phemas
1264 1771 1381 1844 ejus
1412 1771 1682 1827 doctrinas
1710 1775 2193 1844 anathematizare,
2214 1771 2277 1831 εἰ
2295 1777 2545 1832 assentiri
2576 1775 2887 1831 Maximiani
2912 1771 3256 1832 ordtnationi.

549 1931 929 1990 Sanctissimis
983 1932 1209 2004 Deoque
1259 1930 1635 1988 dilectissimis
1696 1929 1963 1988 fratribus
2015 1940 2074 1988 et

2192 1976 2199 1983 .
2242 1935 2369 2000 Τοῖς
2412 1935 2738 2002 όσιωτάτοις
2763 1936 2861 1992 καὶ
2894 1937 3334 2008 θεοφιλεστάτοις
3368 1934 3623 2005 ἀδελφοῖς
3656 1936 3766 1992 καὶ

474 2023 966 2081 consacerdotibus
992 2022 1185 2095 Xysto,
1217 2021 1425 2096 Cyrillo
1448 2030 1505 2078 et
1523 2020 1875 2087 Maximiano,
1897 2021 2066 2077 Joan-

2173 2027 2612 2099 συλλειτουργοῖς
2656 2026 2849 2099 Ξύστῳ
2873 2067 2890 2094 ,
2940 2029 3199 2101 Κυρίλλῳ
3244 2028 3342 2084 καὶ
3384 2027 3762 2099 Μαξιμιανῷν

458 2133 580 2174 ἠοξ
617 2125 676 2172 et
715 2115 915 2186 reliqui
953 2129 1146 2171 omnes
1177 2114 1274 2186 qui
1308 2128 1529 2171 mecum
1559 2119 1710 2180 sunt,
1744 2112 1801 2167 in
1834 2112 2069 2168 Domino

481 2209 736 2266 salutem.

561 2302 615 2358 1.
654 2301 925 2358 Omnibus
954 2300 1050 2372 qui
1086 2299 1459 2356 sacerdotium
1497 2297 1680 2355 sortiti
1707 2306 1836 2354 sunt
1862 2306 1919 2354 et
1941 2296 2068 2368 qui-

487 2393 594 2451 bus
631 2392 883 2450 divinum
918 2393 1268 2464 episcopatus
1305 2391 1678 2447 ministerium
1723 2407 1757 2446 a
1782 2390 2068 2448 Salvatore

481 2485 729 2540 omnium
765 2493 1017 2542 nostrum
1051 2482 1279 2541 Christo
1302 2482 1578 2540 creditum
1601 2491 1707 2551 est,
1742 2482 1989 2538 studium
2012 2491 2071 2539 et

475 2592 677 2647 scopus
701 2578 750 2633 is
769 2590 890 2632 esse
911 2576 1099 2640 debet,
1123 2586 1185 2632 ut
1210 2576 1266 2631 in
1286 2582 1435 2631 recta
1461 2575 1569 2631 ﬁde
1592 2575 1884 2643 excellant,
1915 2591 2070 2632 eam-

476 2686 585 2742 que
612 2670 846 2741 populos
878 2669 984 2724 sibi
1016 2669 1269 2724 subditos
1304 2667 1559 2722 doceant.
1585 2666 1724 2723 Cum
1760 2667 1946 2738 itaque
1981 2682 2071 2723 res

480 2762 556 2816 ita
600 2761 824 2827 habeat,
870 2775 1016 2815 anno
1059 2759 1134 2833 (2)
1173 2760 1382 2831 elapso,
1428 2773 1498 2813 ex
1526 2758 2069 2830 religiosissimorum

480 2852 796 2923 Christique
854 2851 1156 2907 amantium
1224 2851 1622 2919 imperatorum
1669 2850 1917 2917 decreto,
1966 2850 2069 2907 do-

483 2944 676 2999 ctrina:
715 2943 956 3002 Nestorii
1000 2943 1210 3016 gratia,
1260 2944 1317 2998 in
1353 2943 1721 3014 Ephesiorum
1775 2943 2070 3014 metropoli

483 3034 742 3091 convenit
784 3043 970 3091 sancta
1018 3034 1260 3108 synodus
1287 3034 1402 3088 Deo
1434 3033 1925 3089 dilectissimorum
1956 3034 2073 3104 epi-

481 3143 777 3200 scoporum
808 3146 821 3184 :
871 3129 966 3199 qui
1015 3144 1143 3185 cum
1189 3128 1383 3201 legatis
1428 3128 1504 3200 (5)
1535 3145 1566 3183 a
1593 3128 1769 3185 beatae
1792 3128 2072 3184 memoria:

480 3219 797 3288 leestino,
822 3221 980 3294 100
1003 3221 1261 3277 Romana;
1290 3220 1449 3276 urbis
1479 3219 1758 3291 quondam
1785 3218 2066 3290 episcopo,

2181 2119 2435 2192 Ἰωάννης
2461 2120 2556 2175 καὶ
2577 2120 2627 2174 οἱ
2655 2120 2835 2176 λοιποὶ
2864 2122 3069 2187 πάντες
3097 2123 3146 2175 οἱ
3181 2120 3280 2176 σὺν
3306 2120 3452 2193 ἐμοὶ,
3476 2121 3536 2175 ὲν
3560 2120 3765 2194 Κυρίῳ

2167 2209 2401 2283 χαίρειν.

2237 2302 2349 2356 Καὶ
2374 2300 2578 2374 σπουδὴ
2600 2301 2696 2357 καὶ
2722 2303 2924 2369 σκοπὸς
2943 2305 3081 2373 πᾶσι
3102 2306 3217 2368 τοῖς
3240 2303 3490 2376 ἱερᾶσθαι
3504 2304 3757 2377 λαχοῦσι,

2168 2393 2264 2452 καὶ
2289 2393 2390 2465 τὴν
2422 2392 2571 2450 Θείαν
2614 2397 2714 2462 τῆς
2751 2397 3057 2468 ἐπισκοπῆς
3088 2395 3433 2468 λειτουργίαν
3457 2412 3764 2451 πεπιστευ-

2172 2484 2355 2557 μένοις
2388 2484 2540 2556 παρὰ
2571 2488 2668 2539 τοῦ
2703 2489 2920 2540 πάντων
2951 2485 3110 2559 ἡμῶν
3142 2487 3397 2558 Σωτῆρος
3426 2486 3664 2558 Χριστοῦ
3691 2487 3766 2542 τὸ

2169 2581 2230 2635 ὲν
2269 2578 2402 2652 ὀρθῇ
2445 2579 2629 2633 πίστει
2666 2578 3016 2651 διαπρέπειν,
3050 2578 3195 2633 οὕτω
3231 2596 3294 2632 τε
3325 2579 3601 2634 διδάσκειν
3625 2580 3765 2644 τοὺς

2170 2671 2276 2726 ὑπὸ
2304 2674 2464 2742 χεῖρα
2485 2669 2665 2734 λαούς.
2693 2670 2849 2725 Οὕτω
2869 2670 3050 2726 τοίνυν
3074 2669 3292 2741 ἔχοντος
3311 2668 3407 2723 τοῦ
3434 2670 3765 2741 πράγματος

2170 2762 2313 2817 κατὰ
2342 2763 2406 2817 τὸ
2436 2762 2769 2836 παρῳχηκὸς
2799 2754 2921 2827 ἔτος
2954 2764 3020 2817 ὲκ
3052 2761 3423 2833 θεσπίσματος
3460 2762 3570 2816 τῶν
3597 2762 3767 2816 εὐσε-

2170 2854 2450 2909 ϐεστάτων
2485 2855 2584 2909 καὶ
2630 2854 2993 2925 φιλοχρίστων
3026 2853 3314 2925 βασιλέων,
3367 2852 3498 2922 ἁγία
3540 2853 3768 2918 σύνοδος

2169 2944 2599 3017 θεοφιλεστάτων
2648 2946 2967 3000 ἐπισκόπων
2982 2943 3241 3016 ’συνήχθη
3272 2942 3415 2997 κατὰ
3452 2942 3552 3015 τὴν
3595 2944 3766 3013 Ἐφε-

2173 3036 2303 3090 σίων
2359 3034 2709 3109 μητρόπολιν,
2768 3035 2868 3104 τῆς
2921 3033 3065 3088 κατά
3114 3034 3410 3107 Νεστόριον
3451 3032 3769 3097 ὑποθέσεως

2172 3128 2352 3199 χάριν·
2378 3128 2428 3181 οἳ
2462 3126 2557 3181 καὶ
2593 3124 3054 3197 συνεδρεύσαντες
3087 3124 3205 3195 ἅμα
3235 3126 3350 3188 τοῖς
3374 3124 3771 3179 ἀποσταλεῖσιν

2172 3221 2410 3285 ὲκδίκοις
2430 3217 2685 3293 παρὰτοῦ
2709 3217 2811 3288 τῆς
2831 3215 3107 3288 μακαρίας
3132 3217 3358 3288 μνήμης
3384 3214 3766 3279 Κοιλεστίνου⁹

484 3313 668 3369 missis
708 3313 852 3370 facto
881 3329 1167 3379 consessu,
1207 3313 1353 3368 dicta
1378 3311 1743 3384 depositionis
1774 3311 2067 3377 sententia,

2173 3311 2266 3367 τοῦ
2303 3286 2599 3385 γενομένου
2637 3286 2940 3364 ἐπισκόπου
2973 3286 3075 3381 τῆς
3102 3286 3265 3377 ἁγίας
3302 3286 3590 3379 Ῥωμαίων
3639 3307 3773 3360 Ἐκ-

484 3404 769 3476 ejecerunt
814 3414 1182 3459 memoratum
1220 3402 1561 3468 Nestorium,
1598 3410 1662 3457 ut
1692 3401 1789 3472 qui
1842 3401 2069 3473 profana

486 3504 736 3552 uteretur
763 3495 1036 3561 doctrina,
1059 3503 1116 3551 et
1139 3496 1330 3575 multis
1351 3494 1611 3550 seandalo
1648 3502 1816 3560 esset,
1855 3510 1919 3549 ac
1959 3511 2069 3551 non

486 3597 636 3645 recte
672 3589 821 3645 circa
868 3588 1032 3645 ﬁdem
1078 3589 1410 3645 ambularet.
1450 3588 1591 3644 Cum
1627 3603 1760 3645 vero
1796 3597 1853 3646 et
1880 3604 1981 3645 nos
2004 3604 2073 3645 eo

484 3693 970 3751 preperassemus,
1017 3694 1133 3734 rem
1181 3678 1528 3735 invenientes
1570 3677 1896 3744 confectam,
1929 3693 2072 3751 aegre

488 3770 737 3825 tulimus.
776 3769 892 3826 Hac
932 3769 1001 3825 de
1050 3785 1217 3826 causa
1266 3785 1390 3824 cum
1428 3769 1573 3825 inter
1615 3786 1717 3825 nos
1740 3779 1797 3827 et
1828 3780 2071 3827 sanctam

485 3861 756 3933 synodum
783 3862 1156 3916 controversia
1187 3861 1609 3927 intercessisset,
1640 3878 1704 3918 ac
1735 3862 1906 3918 multa
1924 3863 2073 3918 ultro

485 3952 737 4022 citroque
771 3951 917 4005 dicta
961 3958 1018 4006 et
1053 3951 1195 4007 facta
1221 3961 1431 4017 essent,
1463 3952 1530 4007 ad
1561 3962 1778 4008 nostras
1799 3951 2075 4010 Ecclesias

484 4055 553 4095 ac
586 4040 838 4095 civitates
879 4041 1089 4098 reversi
1128 4056 1319 4096 sumus
1347 4082 1362 4106 ,
1409 4058 1588 4111 neque
1632 4058 1732 4114 per
1765 4041 1822 4096 id
1856 4050 2074 4112 tempus

484 4136 723 4184 eatenus
761 4130 1145 4186 consensimus
1196 4138 1399 4187 sancta:
1451 4132 1687 4204 synodo,
1739 4140 1802 4187 ut
1849 4131 2075 4202 prolata:

486 4218 752 4275 adversus
780 4219 1096 4277 Nestorium
1126 4220 1494 4292 depositionis
1523 4223 1813 4280 sententiae
1831 4219 2075 4277 subscri-

487 4311 765 4369 heremus.

555 4503 612 4559 2.
645 4502 783 4560 Cum
805 4504 1067 4561 Ecclesiae
1089 4504 1146 4560 in
1171 4521 1368 4576 graves
1395 4496 1701 4562 discordias
1725 4500 2070 4567 incidissent,

487 4595 710 4666 quando
737 4611 930 4652 omnes
946 4598 1001 4653 id
1014 4598 1249 4654 maxime
1281 4614 1476 4655 curare
1506 4595 1817 4668 oportebat,
1838 4609 2073 4665 quomo-

488 4688 583 4754 do,
608 4688 760 4742 omni
783 4689 1097 4745 animorum
1120 4689 1467 4749 dissensione
1491 4689 1730 4754 sublata,
1756 4686 1826 4742 ad
1843 4702 2075 4741 concor-

488 4779 638 4835 diam
657 4779 1086 4848 adducerentur,
1102 4791 1267 4854 atque
1290 4791 1351 4836 ut
1368 4781 1478 4836 hoc
1494 4779 1652 4836 ﬁeret
1673 4774 2073 4848 religiosissimi

492 4887 563 4928 ac
583 4871 698 4927 Deo
719 4873 1082 4930 amantissimi
1107 4889 1265 4946 reges
1293 4873 1368 4945 (4)
1403 4872 1817 4943 przecepissent,
1844 4870 2074 4939 ejusque

487 4964 568 5022 rei
589 4965 762 5038 gratia
794 4967 1149 5037 spectabilem
1171 4966 1456 5023 tribunum
1485 4974 1543 5021 et
1560 4963 1839 5020 notarium
1861 4961 2075 5039 Aristo-

694 5188 855 5257 Anno
894 5197 1020 5260 451,
1066 5196 1215 5253 Junii
1248 5195 1319 5250 2?.
1359 5195 1470 5258 die,
1509 5194 1750 5262 primum
1806 5188 2074 5262 convenit

487 5260 767 5341 Ephesina
809 5267 1071 5338 synodus.
1120 5260 1637 5341 Ex_quo_seq‘u_itur
1659 5271 1740 5341 ut,
1775 5260 1821 5315 si
1849 5260 2071 5341 elapsus

487 5333 666 5392 annus
697 5338 796 5392 hic
829 5333 1167 5391 memoratus
1210 5333 1599 5404 intelligendus
1647 5333 1721 5386 sit
1761 5333 2067 5401 proximus,

488 5407 607 5462 haec
640 5407 873 5473 epistola
901 5406 970 5460 ad
1003 5421 1209 5461 annum
1244 5404 1352 5459 452
1377 5401 1673 5473 pertineat.

559 5476 636 5548 (5)
671 5468 781 5548 Seu
814 5477 884 5548 ad
920 5475 1158 5548 litteram
1199 5468 1474 5548 Graecam,
1499 5471 1876 5548 defensoribus.
1903 5468 2072 5548 Quia

485 5541 786 5602 Coiléstino
818 5545 887 5600 ad
924 5544 1259 5614 Ephesinam
1303 5541 1573 5614 synodum
1618 5541 1786 5614 missi
1812 5550 1963 5604 sunt,
2013 5541 2069 5614 in

486 5615 692 5697 Graecis
734 5615 908 5697 ipsius
939 5610 1159 5694 concilii
1207 5610 1349 5667 actis
1388 5610 2068 5697 nu‘squam'txstxm,“sed

490 5701 621 5742 voce
650 5680 845 5741 Latina
867 5682 1072 5738 Graecis
1103 5680 1525 5737 accommodata
1540 5682 1767 5754 ληγάτοι
1786 5680 2069 5752 appellan-

586 5128 610 5182 l
664 5127 881 5198 Scripta
910 5125 1058 5181 circa
1081 5128 1299 5183 initium
1324 5124 1455 5180 anni
1482 5123 1606 5178 455.

561 5128 640 5322 ἒξ
694 5199 855 5257 Anno
894 5197 1020 5260 451,
1066 5196 1215 5253 Junii
1248 5195 1319 5250 29.
1359 5194 1606 5277 die,lpri1

561 5287 569 5319 ι
611 5268 767 5322 esina
809 5267 1071 5322 svnodus.
1120 5267 1199 5321 Ex
1245 5279 1356 5322 auo
1386 5271 1603 5322 sequrtu

554 5840 620 5902 (')
648 5839 721 5890 EX
744 5834 967 5904 editione
990 5835 1048 5887 P.
1085 5834 1354 5888 Constantii
1390 5832 1542 5901 Epist.
1584 5836 1719 5885 Rom.
1756 5841 1888 5900 pom.

2173 3403 2425 3475 κλησίας,
2454 3402 2622 3475 ψήφῳ
2652 3400 3029 3473 καθαιρέσεως
3053 3399 3469 3470 ύποὸεϐλήκασι
3502 3398 3594 3452 τὸν
3624 3415 3771 3469 μνη-

2177 3498 2507 3571 μονευθέντα
2533 3497 2854 3571 Νεστόριον,
2903 3493 2978 3558 ὡς
3018 3493 3230 3566 βεὸήλῳ
3260 3492 3581 3563 διδασκαλίᾳ
3613 3491 3755 3562 χρώ-

2177 3608 2363 3664 μενον,
2396 3589 2494 3644 καὶ
2522 3586 2959 3645 σκανδαλίσαντα
2991 3586 3251 3650 πολλοὺς,
3282 3584 3378 3639 καὶ
3401 3583 3503 3638 οὐκ
3531 3583 3770 3654 ὀρθοπο-

2172 3685 2397 3738 δὶσαντα
2443 3681 2573 3754 περὶ
2618 3679 2719 3753 τὴν
2760 3679 2965 3733 πίστιν.
3006 3674 3523 3747 Συνδεδραμηκότες
3562 3674 3622 3728 δὲ
3663 3675 3768 3730 καὶ

2175 3778 2336 3848 ἡμεῖς
2355 3815 2371 3840 ,
2417 3770 2536 3829 εἶτα
2576 3771 2738 3827 τοῦτο
2780 3769 3007 3841 γεγονὸς
3057 3769 3314 3841 εὑρόντες
3331 3808 3348 3833 ,
3381 3767 3765 3838 λελυπήμεθα.

2175 3867 2393 3937 Ταύτης
2414 3866 2582 3921 ἕνεκα
2598 3863 2700 3934 τῆς
2721 3862 2921 3927 αἰτίας,
2942 3861 3207 3933 διαφορᾶς
3233 3858 3438 3932 μεταξὺ
3460 3858 3773 3929 γενομένης

2174 3959 2336 4031 ἡμῶν
2361 3975 2423 4010 τε
2453 3957 2548 4011 καὶ¹
2582 3956 2682 4026 τῆς
2714 3954 2876 4023 ἁγίας
2910 3953 3152 4018 συνόδου,
3181 3952 3278 4008 καὶ
3314 3952 3525 4007 πολλῶν
3553 3950 3771 4023 μεταξὺ

2176 4048 2586 4122 πεπραγμένων
2631 4064 2692 4102 τε
2740 4046 2836 4100 καὶ
2876 4045 3206 4117 εἰρημένων,
3265 4046 3350 4109 είς
3403 4043 3503 4108 τὰς
3550 4042 3776 4099 ἑαυτῶν

2187 4139 2517 4212 Ἐκκλησίας
2542 4154 2602 4192 τε
2632 4137 2730 4193 καὶ
2761 4136 2948 4205 πόλεις
2975 4134 3418 4209 ὑπεστρέψαμεν,
3453 4135 3515 4191 οὐ
3545 4150 3774 4189 συνενε⁶

2175 4231 2397 4305 χθέντες
2420 4229 2482 4283 τὸ
2509 4227 2815 4300 τηνικαῦτα
2839 4229 2907 4300 τῇ
2938 4226 3074 4298 ἁγίᾳ
3110 4227 3314 4299 συνόδῳ
3338 4226 3404 4280 δι’
3436 4223 3775 4296 ὑπογραφῆς

2175 4326 2258 4390 είς
2303 4324 2405 4396 τὴν
2448 4320 2832 4393 ὲξενεχθεῖσαν
2869 4319 3010 4375 κατὰ
3055 4319 3356 4390 Νεστορίου
3387 4317 3773 4391 καθαιρέσεως

2254 4431 2372 4486 φον.

2172 4415 2606 4581 ψηιῗιῗέἷρημένων
2668 4502 2807 4574 πρὸς
2872 4500 3140 4572 διχόνοιαν
3212 4500 3324 4555 τῶν
3403 4497 3776 4570 Ἑκκλησιῶν,
3838 4521 3843 4525 ο

2177 4597 2366 4669 ἐπειδὴ
2387 4596 2578 4650 τούτου
2604 4595 2840 4666 μάλιστα
2862 4593 3074 4656 πάντας
3094 4592 3379 4664 φροντίσαι
3405 4592 3594 4665 ἐχρῆν,
3615 4591 3777 4656 ὅπως

2178 4689 2523 4758 συναφθείεν,
2553 4689 2617 4742 ἐκ
2659 4687 2828 4757 μέσου
2862 4685 3170 4756 γενομένης
3213 4684 3485 4756 διχονοίας
3519 4683 3775 4753 ἀπάσης,

2178 4780 2274 4835 καὶ
2316 4778 2424 4833 τῶν
2473 4777 2911 4831 θεοσεϐεστάτων
2955 4776 3052 4831 καὶ
3094 4777 3454 4849 φιλοχρίστων
3500 4774 3776 4847 βασιλέων

2178 4868 2314 4922 αὐτὸ
2356 4866 2424 4938 δὴ
2455 4866 2616 4921 τοῦτο
2643 4868 2900 4936 γενέσθαι
2933 4867 3334 4933 θεσπισάντων,
3367 4867 3463 4922 καὶ
3493 4869 3575 4931 εἰς
3604 4862 3778 4920 τοῦτο

2178 4961 2549 5031 πεπομφότων
2581 4960 2674 5012 τὸν
2719 4959 3024 5031 Θαυμάσιον
3055 4957 3337 5031 τριὸοὖνον
3382 4958 3481 5012 καὶ
3514 4957 3777 5030 νοτάριον

2183 5124 2294 5188 tkur.
2351 5117 2674 5188 Quanquam
2714 5133 2841 5174 cum
2888 5120 3039 5176 missi
3088 5120 3201 5175 sint
3242 5123 3305 5171 ut
3353 5113 3687 5188 sententiam
3735 5128 3771 5168 a

2179 5183 2479 5243 Caelestino
2501 5183 2764 5245 adversus
2785 5190 3100 5247 Nestorium
3121 5188 3388 5247 prolatam
3406 5183 3777 5242 defenderent

2180 5270 2245 5311 ac
2267 5257 2632 5324 vindicarent,
2665 5259 2867 5313 ἔκδικοι
2890 5276 2999 5314 non
3028 5257 3170 5315 male
3193 5263 3482 5311 vocantur.

2254 5327 2346 5400 (4),
2372 5329 2447 5400 Ea
2468 5322 2680 5400 scilicet
2709 5343 2884 5393 sacra,
2907 5346 3030 5400 quae
3057 5346 3129 5400 m
3155 5333 3299 5399 part.
3331 5324 3532 5400 concil.
3558 5322 3771 5400 Ephes.

2180 5393 2396 5469 cap.'24
2424 5399 2681 5464 habetur,
2707 5393 2983 5469 quamque
3010 5393 3302 5469 excipiunt
3335 5396 3456 5469 alia:
3483 5393 3607 5448 duas
3632 5393 3769 5463 (una

2177 5465 2441 5524 nimirum
2466 5469 2533 5524 ad
2575 5465 2911 5534 Simeonem,
2943 5480 3001 5526 et
3028 5470 3098 5525 ad
3121 5465 3382 5525 Acacium
3414 5465 3772 5519 Bermenscm

2177 5539 2396 5610 altera),
2422 5539 2630 5609 quibus
2653 5538 2999 5595 Theodosius
3017 5555 3212 5595 eorum
3237 5550 3430 5610 preces
3461 5540 3517 5590 et
3538 5545 3770 5601 Operam

2178 5605 2414 5680 rogatut
2440 5605 2686 5667 'Joannes
2708 5623 2773 5666 ac
2813 5611 2948 5666 socii
2988 5610 3056 5666 ad
3101 5605 3455 5667 concordiam
3496 5615 3769 5661 revocen-

2179 5688 2288 5735 tur.
