4058 6454
487 398 587 454 167

1512 394 1571 452 s.
1601 394 1878 453 CYRlLLl
1914 371 2386 450 Atnxaﬁomm
2431 390 2748 448 ancmnr.

3664 390 3762 447 968

484 525 593 581 que
624 520 952 582 congressus
971 522 1170 574 essem,
1198 521 1623 580 sermonemque
1651 511 1797 566 ultro
1822 512 2073 583 citroque

2183 506 2475 578 συντυχὼν,
2500 507 2594 560 καὶ
2618 505 2943 576 διαλεχθεὶς,
2969 499 3128 578 εὖρον
3153 505 3246 560 καὶ
3270 505 3368 576 τὴν
3393 505 3491 577 σὴν
3505 508 3763 582 ὁσιότητα

484 601 864 666 contulissem,
891 601 1137 671 comperi
1168 609 1314 655 tuam
1336 601 1502 656 etiam
1526 604 1875 661 sanctitatem
1907 605 2072 660 bene-

483 695 605 747 vole
651 692 937 758 affectam,
980 702 1036 747 et
1060 701 1121 747 ut
1156 691 1476 763 pontiﬁcem
1523 695 1786 763 decebat,
1830 711 2073 768 praesens

481 785 767 855 negotium
788 785 1017 854 paciﬁce
1053 793 1310 840 tractare.
1339 784 1518 851 Quare
1540 795 1634 841 tua
1654 789 1916 844 sanctitas
1935 783 2073 844 scri—

483 883 640 944 ptum
681 876 833 945 quod
870 876 1280 931 immaculatam
1307 883 1363 930 et
1392 885 1598 931 rectam
1630 877 1792 934 ﬁdem
1825 879 2068 950 comple-

482 967 684 1030 ctitur,
741 967 961 1036 qualem
1019 983 1051 1023 a
1103 967 1405 1039 majoribus
1461 969 1667 1024 nostris
1717 969 2070 1040 praedicatam

483 1058 820 1126 accepimus,
851 1057 1012 1114 nobis
1050 1059 1253 1114 obtulit
1279 1077 1291 1114 :
1325 1059 1472 1130 quod
1496 1059 1768 1131 imprimis
1791 1060 1978 1116 labore
2009 1076 2071 1118 ac

483 1149 668 1204 studio
705 1149 933 1221 dignum
973 1158 1114 1205 erat.
1161 1151 1232 1207 At
1262 1168 1397 1207 vero
1425 1152 1556 1223 quia
1588 1168 1654 1207 ea
1679 1140 1898 1223 quoque
1950 1167 2073 1224 qua;

485 1239 551 1294 ad
580 1239 897 1295 Nestorium
917 1241 1218 1310 pertinent,
1230 1241 1386 1312 juxta
1396 1240 1848 1297 constitutionem
1866 1257 1896 1296 a
1913 1242 2073 1298 vobis

485 1331 695 1386 editam
724 1332 991 1388 ﬁrmanda
1027 1341 1179 1398 sunt,
1220 1348 1465 1404 prmsens
1501 1332 1760 1404 praesenti
1791 1334 2070 1388 sanctitati

490 1432 601 1479 tua:
629 1425 729 1479 has
759 1425 974 1479 litteras
1006 1424 1203 1489 otl‘ero,
1227 1424 1431 1494 quibus
1454 1421 1740 1489 conﬁteor,
1763 1439 1865 1478 nos
1898 1423 2071 1478 Maxi—

483 1516 656 1570 miani
679 1515 1276 1585 sanctissimiepiscOpi
1307 1513 1715 1568 ordinationem
1747 1513 2024 1584 suscipere
2054 1532 2069 1581 ;

484 1609 913 1678 Nestoriumque
932 1607 1026 1677 qui
1049 1614 1176 1660 ante
1195 1606 1348 1660 illum
1366 1607 1618 1660 maximae
1640 1604 1792 1660 urbis
1805 1605 2073 1661 Constan-

486 1700 867 1770 tinopolitanae
887 1699 1182 1770 episcopus
1212 1697 1522 1764 exstiterat,
1559 1711 1662 1768 pro
1690 1697 1942 1768 deposito
1971 1698 2072 1753 ha-

2175 598 2705 670 παρεσκευασμένην
2743 598 2990 670 ἡμέρως,
3047 599 3143 653 καὶ
3186 599 3502 670 εἰρηνικῶς,
3536 601 3643 654 ’καὶ
3684 601 3764 666 ὡς

2173 693 2490 764 ἀρχιερεῦσι
2537 691 2740 764 πρέπει
2765 730 2780 755 ,
2821 690 3086 746 διαθεῖναι
3120 691 3191 745 τὰ
3227 673 3289 745 ὲν
3321 693 3500 762 χερσί.
3537 694 3650 747 Καὶ
3696 693 3764 766 δὴ

2173 785 2409 856 γράμμα
2441 787 2574 856 ἡμῖν
2598 784 2979 857 ὲνεχείρισενή
3009 784 3076 858 σὴ
3103 787 3321 856 ὁσιότης
3356 788 3636 858 περιέχον,
3665 789 3766 857 ἥνυ-

2173 893 2297 930 τινα
2324 894 2394 943 κη
2405 877 2740 948 ρυττομένην
2766 877 2832 932 ὲκ
2856 878 3108 949 πατέρων
3129 890 3169 918 ω
3195 878 3548 950 διεδεξάμεθα
3597 880 3766 951 ὀρθὴν

2173 966 2267 1021 καὶ
2299 967 2634 1039 ἀκηλίδωτον
2661 968 2860 1023 πίστιν·
2889 967 2917 1022 ὃ
2951 967 3168 1042 πρῶτον
3189 964 3257 1041 ἧν
3279 970 3430 1037 ἄξιον
3455 960 3640 1033 πόνου,
3668 973 3766 1026 καὶ
3825 1037 3848 1063 ο

2175 1057 2434 1129 σπουδῆς.
2491 1057 2711 1131 Ἐπειδὴ
2761 1059 2820 1112 δὲ
2878 1058 2986 1113 ἔδει
3030 1060 3126 1114 καὶ
3165 1060 3234 1114 τὰ
3278 1059 3420 1115 κατὰ
3468 1061 3769 1134 Νεστόριον

2171 1149 2343 1205 τύπον
2379 1151 2566 1205 λαὸεϊν
2596 1151 2691 1207 τὸν
2731 1151 2938 1208 ἄνωθεν
2984 1153 3113 1224 ὑμῖν
3149 1151 3409 1220 δοθέντα,
3453 1153 3766 1226 πεποίημαι

2175 1242 2371 1315 παρὼν
2418 1243 2890 1318 πρὸςίπαροῦσάν
2941 1262 3037 1299 σου
3090 1245 3190 1318 τὴν
3237 1247 3494 1318 ὁσιότητα
3537 1248 3656 1301 τόδε
3703 1247 3768 1301 τὸ

2174 1335 2431 1407 γράμμαο
2476 1335 2545 1390 δι’
2573 1317 2652 1389 3oi")
2698 1335 2948 1408 ὁμολογῶ
2992 1317 3447 1408 καταδέχεσθαι·
3483 1339 3635 1409 ἡμᾶς
3663 1337 3766 1410 τὴν

2173 1428 2510 1482 κατάστασιν
2537 1427 2630 1482 τοῦ
2657 1429 2965 1498 ἀγιωτάτου
3020 1430 3117 1484 καὶ
3139 1429 3436 1483 ὁσιωτάτου
3460 1429 3766 1483 ἐπισκόπου

2175 1519 2559 1590 Μαξιμιανοῦ,
2602 1521 2747 1592 ἔχειν
2795 1520 2852 1575 δὲ
2909 1521 3228 1594 Νεστόριον,
3275 1522 3370 1576 τὸν
3414 1523 3522 1592 πρὸ
3567 1521 3768 1576 τούτου

2175 1612 2437 1680 γεγονότα
2483 1613 2586 1683 τῆς
2651 1614 2897 1685 μεγάλης
2934 1615 3584 1681 Κωνσταντινουπόλεως,
3628 1613 3766 1668 καθ-

2174 1705 2478 1776 ῃρημένονο
2519 1707 2616 1760 καὶ
2663 1705 3140 1778 ἀναθεματίξομεν
3179 1707 3250 1761 τὰ
3303 1709 3361 1762 ἑν
3413 1706 3767 1772 διδασκαλίας

485 1793 663 1848 bere:
709 1792 777 1846 ad
833 1791 970 1856 haec,
996 1791 1180 1846 omnia
1223 1790 1315 1846 illa
1362 1807 1485 1862 quae
1535 1792 1592 1845 in
1639 1792 1788 1847 illius
1821 1791 2072 1847 doctrina

2183 1796 2335 1868 μέρει
2373 1797 2587 1862 ἀσεὸῶς
2620 1797 2768 1868 αὐτῷ
2807 1799 3095 1870 εἰρημέναο
3133 1799 3229 1852 καὶ
3272 1798 3633 1869 ἀσπαζόμεθα
3665 1799 3768 1869 τὴν

485 1885 652 1956 impie
675 1886 970 1956 praedicata
994 1891 1232 1948 exstant,
1258 1884 1791 1940 anathematizamus
1822 1906 1833 1941 :
1873 1899 2069 1955 puram

2183 1867 2446 1961 καθαρὰν,
2480 1890 2576 1944 καὶ
2617 1867 2888 1961 εἰλικρινῆ
2919 1867 3070 1960 ⁷πρὸς
3099 1891 3243 1961 ὑμᾶς
3273 1867 3581 1956 κοινωνίαν,
3622 1867 3768 1945 κατὰ

482 1977 722 2048 denique
745 1986 802 2032 et
822 1977 1089 2031 sinceram
1117 1975 1403 2030 vobiscum
1439 1978 1882 2031 communionem
1915 1991 2040 2030 com

481 2070 798 2138 plectimur,
837 2069 990 2140 juxta
1033 2066 1434 2137 expositionem
1460 2066 1527 2122 de
1552 2068 1718 2122 Verbi
1751 2067 1847 2122 Dei
1882 2067 2067 2122 incar-

482 2162 705 2215 natione
746 2159 990 2214 breviter
1027 2175 1058 2214 a
1102 2157 1266 2212 nobis
1287 2159 1516 2224 editam,
1549 2167 1765 2229 tuaeque
1789 2158 2068 2214 sanctitati

482 2254 764 2317 traditam,
806 2267 968 2323 quam
1012 2259 1071 2306 tu
1111 2251 1229 2322 ipse
1256 2266 1477 2322 quoque
1511 2252 1853 2316 collaudasti,
1880 2251 2072 2322 perinv

2175 1979 2276 2052 τὴν
2318 1981 2658 2036 έπιδοθείσαν
2708 1985 2777 2054 τῇ
2829 1984 2895 2054 σῇ
2941 1982 3225 2054 θεοσεϐείᾳ
3267 1984 3400 2054 παρ’
3455 1968 3634 2054 ἡμῶν
3674 1983 3767 2038 διὰ

2178 2071 2427 2144 βραχέων
2471 2073 2602 2145 περὶ
2640 2074 2739 2144 τῆς
2773 2073 2869 2128 τοῦ
2915 2073 3051 2128 Θεοῦ
3081 2063 3257 2144 λόγου
3295 2075 3769 2147 ὲνανθρωπήσεως

2175 2163 2413 2220 ἔκθεσιν.
2442 2166 2546 2218 Ἦν
2565 2165 2659 2220 καὶ
2679 2166 2972 2237 ἐπῄνεσας,
2998 2167 3092 2220 καὶ
3111 2165 3187 2230 ὡς
3206 2166 3345 2222 ἰδίαν
3369 2165 3536 2231 ἐδέξω
3557 2167 3765 2219 πίστιν·

2178 2247 2248 2326 ἦς
2279 2255 2375 2308 καὶ
2410 2254 2471 2309 τὸ
2499 2257 2613 2310 ῐσον
2652 2257 2976 2310 ἐντέτακται
3011 2256 3147 2326 τῷδε
3178 2257 3256 2328 τῷ
3295 2257 3609 2330 γράμματι.
3655 2256 3773 2313 Καὶ

481 2343 661 2414 deque
703 2358 767 2397 ac
797 2341 1080 2412 propriam
1111 2341 1275 2397 ﬁdem
1308 2342 1640 2413 suscepisti:
1666 2343 1825 2413 cujus
1853 2357 2073 2414 quoque

2183 2346 2350 2419 ταύτῃ
2379 2349 2445 2419 τῇ
2481 2348 2700 2420 καθαρᾷ
2727 2350 2983 2420 κοινωνίᾳ
3019 2349 3172 2405 λύσιν
3197 2350 3450 2422 διδόαμεν
3481 2352 3616 2421 πᾶσι
3653 2353 3774 2414 τοῖς

478 2435 792 2505 exemplum
822 2435 911 2489 his
938 2435 1208 2490 insertum
1223 2444 1309 2490 est
1327 2434 1548 2491 litteris.
1564 2433 1745 2505 Atque
1761 2435 1836 2490 ita
1853 2435 2074 2490 tandem

2183 2437 2238 2491 ὲν
2265 2437 2576 2513 μέσῳιπαβ
2607 2438 2981 2514 ἀμφοτέρωνς³
3009 2439 3119 2494 τῶν
3150 2441 3356 2513 μερῶν,
3388 2441 3466 2504 ὡς
3503 2441 3562 2494 ὲν
3597 2457 3775 2511 ταρα-

480 2527 698 2582 sincera
745 2527 849 2581 hac
888 2526 1278 2581 communione
1303 2525 1372 2581 iis
1392 2526 1671 2592 omnibus,
1708 2541 1830 2597 qua:
1852 2527 2076 2582 interim

2183 2531 2300 2600 χαῖς
2328 2529 2719 2601 γεγενημένοις
2741 2541 2788 2581 Ρ·
2819 2533 2915 2585 καὶ
2948 2532 3364 2603 ὲπανερχόμεθα
3391 2534 3472 2597 είς
3500 2533 3598 2604 τὴν
3628 2548 3774 2603 προ-

481 2621 745 2689 utrinque
768 2635 881 2674 non
904 2618 1113 2690 absque
1134 2618 1320 2690 aliqua
1346 2619 1771 2676 tumultuaticne
1808 2619 2076 2674 hactenus

2183 2617 2347 2690 τέραν
2375 2620 2484 2675 τῶν
2529 2620 2869 2692 Ἐκκλησιῶν
2894 2624 2961 2694 τῇ
2988 2621 3083 2676 τοῦ
3116 2622 3254 2676 Θεοῦ
3289 2625 3476 2694 χάριτι
3499 2622 3773 2693 γαλήνην.

481 2715 828 2780 acciderunt,
867 2714 1034 2771 ﬁnem
1064 2715 1421 2786 imponimus,
1455 2723 1513 2772 et
1553 2731 1654 2788 per
1692 2714 1790 2770 Dei
1817 2715 2072 2786 gratiam,
2109 2711 2177 2768 ad
2217 2713 2509 2786 pristinam
2566 2715 2938 2774 Ecclesiarum
3006 2731 3198 2791 pacem
3227 2726 3283 2774 et
3311 2716 3778 2812 tranquillitatem

481 2807 844 2865 revertimur.

3425 2795 3493 2852 τ,
3605 2805 3610 2811 .

1655 3045 1993 3103 EPISTOLA
2030 3045 2275 3104 xxxv"
2315 3045 2408 3117 (οι.
2453 3044 2590 3116 XL).

485 3181 693 3226 CVRiLLl
729 3182 798 3222 AD
838 3178 1225 3222 THEOGNOSTUH
1262 3180 1329 3221 ΕΤ
1371 3169 2076 3219 ΕΠΛΒΜΟΞῨΝΗᾹΙῬΒΕΞΒῩΤΕΙ

2209 3178 2280 3218 E'l‘
2326 3177 2596 3217 LEONTIUH
2640 3176 2929 3228 DIACONUII,
2962 3176 3452 3220 CONSTANTINOPOLI
3480 3168 3782 3222 ‘DEGENTEG

1801 3250 2030 3298 EJUSQUE
2060 3249 2480 3291 APOCRISIARIOS.

486 3351 666 3408 Paulo
693 3349 973 3418 Emiseno,
1011 3352 1243 3408 Nestorii
1284 3352 1538 3424 dogmata
1579 3350 1838 3424 peculiari
1873 3351 2047 3424 libello
2078 3353 2580 3424 anathematizanti,
2613 3351 3032 3424 communionem
3067 3367 3122 3406 se
3158 3353 3478 3420 reddidisse;
3507 3352 3782 3410 Joannem

555 3440 676 3478 vero
711 3426 1093 3494 Antiochenam
1124 3421 1620 3494 procrastinantern
1651 3423 1883 3492 recipere
1923 3423 2222 3489 distulisse;
2262 3425 2494 3488 nuntiat,
2544 3421 2874 3494 Aristotaum
2915 3423 3208 3494 tribunum,
3245 3425 3344 3478 nisi
3378 3424 3611 3479 Joannes
3646 3426 3783 3480 sub-

555 3497 843 3565 scripserit,
875 3485 1389 3565 Constantinopolim
1415 3485 1780 3562 perreciurun':
1803 3501 1862 3546 ut
1886 3485 2258 3565 imperatorem
2289 3485 2490 3547 doceat
2509 3511 2527 3543 ι
2563 3508 2656 3563 per
2676 3491 3103 3548 Alexandrinam
3140 3485 3433 3550 Ecclesium
3469 3512 3572 3550 non
3604 3505 3782 3562 stare,

555 3566 648 3618 sed
674 3565 1013 3620 Antiocheme
1039 3566 1341 3637 episcopum
1379 3579 1563 3634 pacem
1594 3579 1700 3618 non
1731 3580 1935 3618 amare.
1979 3584 1997 3618 ι
2635 3582 2658 3612 ν’

555 3708 793 3781 Cyrillus
829 3705 1181 3779 Theognosto
1212 3715 1271 3762 et
1301 3705 1680 3785 Charmosyno
1722 3706 2076 3779 presbyteris,

2255 3705 2528 3779 Κύριλλος
2571 3705 2905 3776 Θεογνώστῳ
2953 3706 3048 3760 καὶ¹
3087 3673 3786 3780 Χαρμοσύνξίπρεσϐυτέ-

485 3816 546 3862 et
577 3803 811 3859 Leontio
840 3803 1098 3870 diacono,
1125 3801 1183 3858 in
1210 3801 1446 3857 Domino
1472 3801 1727 3856 salutem.

2187 3817 2326 3871 ροις,
2373 3801 2469 3854 καὶ
2511 3798 2751 3870 Λεοντίῳ
2783 3797 3040 3869 διακόνῳ,
3072 3798 3132 3852 ὲν
3167 3798 3364 3870 Κυρίῳ
3403 3800 3621 3872 χαίρειν
3670 3799 3783 3872 (1).

559 3899 636 3953 De
665 3895 926 3952 omnibus
956 3893 1125 3950 rebus
1147 3894 1309 3950 vobis
1347 3893 1644 3950 scribimus
1673 3909 1688 3946 :
1719 3901 1778 3949 at
1803 3908 1904 3950 vos
1925 3894 2083 3965 quasi

487 3990 737 4045 omnium
768 3989 969 4048 incerti
996 3987 1262 4054 scribitis,
1307 4003 1372 4043 ac
1403 3987 1642 4043 tumultu
1685 4001 1788 4043 nos
1820 3987 2080 4059 impletis.

489 4085 603 4155 Ego
627 4093 776 4140 certe
807 4083 922 4140 scio
949 4098 1036 4138 me
1069 4083 1358 4153 scripsisse
1381 4081 1642 4138 Acacium
1666 4081 2084 4138 Berrhteensem

487 4174 812 4244 episcopum
854 4172 1175 4229 veneranda
1219 4172 1422 4228 canitie
1467 4187 1532 4228 ac
1573 4173 1841 4244 singulari
1882 4172 2085 4243 pietate

487 4267 672 4322 virum
704 4265 946 4336 impulsu
976 4264 1344 4336 quorumdam
1385 4264 1928 4336 religiosissimorum
1963 4263 2085 4334 epi-

491 4373 787 4429 scoporum
829 4357 1186 4414 orientalium
1226 4356 1297 4413 ad
1340 4371 1430 4412 me
1473 4357 1690 4415 litteras
1726 4357 1946 4414 misisse
1986 4371 2087 4427 per

491 4449 781 4505 dominum
833 4464 1021 4504 meum
1066 4447 1674 4520 magniﬁcentissimum
1718 4448 2082 4513 Aristolaum,

494 4541 698 4612 quibus
713 4539 1060 4612 signiﬁcabat
1072 4539 1443 4598 oblitteranda
1464 4557 1588 4598 esse
1612 4540 1800 4598 omnia
1820 4553 2084 4610 quaecun-

492 4643 601 4698 que
641 4628 802 4683 libris
837 4636 897 4683 et
934 4628 1184 4698 epistolis
1211 4630 1418 4687 nostris
1451 4633 1826 4695 continentur,
1850 4636 1907 4686 et
1947 4627 2085 4683 insi-

493 4718 756 4776 stendum
777 4718 874 4773 uni
897 4719 1145 4790 symbolo
1160 4721 1308 4792 quod
1331 4723 1388 4779 in
1411 4733 1596 4780 sancta
1632 4720 1844 4794 synodo
1866 4720 2085 4776 Nicaana

492 4819 580 4868 est
608 4811 842 4866 editum.
872 4811 988 4884 Ego
1007 4827 1141 4870 vero
1175 4815 1245 4870 ad
1270 4815 1387 4872 hinc
1409 4815 1782 4887 longissimam
1809 4812 1862 4867 ei
1889 4813 2086 4884 scripsi

494 4905 806 4975 epistolam,
839 4920 1004 4975 quam
1026 4913 1083 4962 et
1108 4905 1212 4978 ipsi
1237 4907 1430 4977 utique
1459 4904 1769 4975 accepistis.
1797 4902 1914 4959 Hoc
1937 4903 2087 4959 enim

495 4999 689 5054 docuit
738 4997 941 5054 charus
1001 5000 1292 5072 presbyter
1347 4997 1650 5068 Eulogius."
1692 4997 1851 5052 Nunc
1901 5006 2086 5053 autem

2256 3892 2396 3963 Περὶ
2444 3890 2666 3947 πάντων
2703 3891 2996 3960 γράφομεν
3049 3889 3160 3944 τῶν
3207 3890 3556 3963 πραγμάτων
3604 3891 3736 3963 ὑμῖν
3763 3907 3784 3926 ο

2184 3978 2309 4038 εἶτα
2339 3983 2417 4047 ὡς
2443 3983 2598 4037 οὐδὲν
2628 3980 2895 4054 μαθόντες
2914 3980 3184 4052 γράφετε,
3216 3980 3466 4054 θορύϐων
3497 3983 3788 4054 πληροῦν-

2185 4093 2277 4139 τες
2303 4076 2474 4145 ἡμᾶς.
2511 4069 2646 4127 Οἶδα
2672 4071 2852 4126 τοίνυν
2877 4071 3210 4138 ἐπιστείλας,
3238 4073 3321 4126 ὅτι
3350 4073 3379 4126 ό
3407 4072 3789 4144 εύγηρότατος

2187 4168 2284 4222 καὶ
2319 4164 2750 4228 θεοσεϐέστατος
2807 4163 3066 4228 Ἀκάκιος
3101 4165 3131 4218 ό
3167 4163 3269 4234 τῆς
3300 4162 3587 4236 Βερροίας,
3637 4181 3788 4237 προ-

2185 4258 2419 4330 τραπεὶς
2447 4255 2602 4329 παρά
2630 4271 2793 4312 τινων
2831 4254 2940 4310 τῶν
2973 4257 3039 4309 ὲκ
3065 4255 3171 4326 τῆς
3219 4255 3518 4326 Ἀνατολῆς
3549 4255 3787 4309 εὐλαϐε-

2189 4352 2402 4407 στάτων
2424 4349 2762 4414 ἐπισκόπων,
2799 4347 3006 4420 ἔγραψε
3040 4347 3178 4420 πρός
3207 4365 3276 4419 με
3313 4347 3402 4404 διὰ
3429 4347 3528 4402 τοῦ
3579 4347 3784 4420 κυρίου

2190 4462 2294 4518 μου
2328 4442 2426 4498 τοῦ
2463 4443 3056 4516 μεγαλοπρεπεστάτου
3119 4441 3493 4519 Ἀριστολάου,
3535 4441 3618 4495 ὅτι
3664 4443 3782 4514 χρὴ

2185 4534 2367 4589 πάντα
2399 4533 2665 4603 ἀφανίσαι
2697 4532 2767 4586 τὰ
2811 4533 2872 4588 ὲν
2920 4531 3131 4603 βίϐλοις
3180 4533 3286 4587 καῖ
3323 4532 3636 4596 ἐπιστολαῖς
3678 4549 3784 4598 γε-

2188 4626 2510 4700 γραμμένα,
2544 4624 2640 4680 καὶ
2672 4623 2820 4695 μόνῳ
2851 4625 3138 4695 ποιχῆσαι
3178 4624 3260 4697 τῷ
3289 4623 3545 4696 συμϐόλῳ
3570 4623 3648 4694 τῷ
3680 4625 3788 4679 ὲκ-

2187 4719 2403 4773 τεθέντι
2445 4720 2506 4771 ὲν
2537 4718 2606 4788 τῇ
2651 4715 2786 4786 ἁγίᾳ
2815 4714 3020 4786 συνόδῳ
3047 4718 3115 4787 τῇ
3158 4715 3218 4772 ὲν
3261 4715 3486 4788 Νικαίᾳ.
3535 4712 3676 4784 Ἐγὼ
3721 4715 3787 4772 δὲ

2189 4810 2329 4882 πρὸς
2359 4807 2538 4863 ταῦτα
2567 4805 2895 4878 πολύστιχον
2936 4807 3229 4880 ἐπιστολὴν
3260 4807 3480 4880 ἔγραψα
3509 4807 3650 4879 πρὸς
3677 4808 3787 4861 αὑ-

2187 4901 2304 4968 τὸν,
2332 4903 2401 4972 ἢν
2434 4901 2531 4955 καὶ
2563 4901 2826 4968 ἐδέξασθε
2858 4900 3097 4966 πάντως.
3134 4894 3309 4955 Τοῦτο
3331 4900 3441 4972 γὰρ
3477 4897 3720 4963 ἐδίδαξεν
3753 4902 3788 4955 ὀ

2191 4992 2478 5066 ἀγαπητὸς
2507 4991 2881 5065 πρεσϐύτερος
2914 4992 3193 5063 Εύλόγιος.
3227 4991 3341 5048 Καὶ
3382 4990 3480 5046 νῦν
3527 4990 3787 5055 ἐλθόντος

495 5079 739 5147 adventu
762 5091 1160 5162 religiosissimi
1176 5091 1334 5147 Pauli
1352 5088 1598 5146 Emiseni
1618 5090 1675 5144 in
1700 5089 1843 5144 hanc
1861 5089 2076 5155 urbem,

2190 5061 2288 5140 τοῦ
2323 5061 2726 5140 εύλασεστάτου
2759 5061 2978 5140 Παύλου
3017 5061 3113 5138 τοῦ
3147 5085 3250 5156 τῆς
3286 5085 3527 5156 Ἐμέσης
3559 5085 3642 5147 είς
3674 5084 3787 5155 τὴν

495 5183 681 5239 omnia
725 5191 903 5250 recte,
941 5183 1270 5254 tranquille,
1307 5193 1365 5236 et
1410 5195 1636 5246 secure,
1680 5193 1846 5251 atque
1892 5188 1953 5236 ut
1984 5197 2086 5252 par

495 5282 634 5338 erat,
656 5273 996 5329 conformata
1013 5281 1161 5328 sunt.
1177 5271 1369 5340 Neque
1393 5269 1542 5324 enim
1557 5285 1653 5325 eos
1668 5269 1764 5341 qui
1790 5285 1821 5325 a
1837 5270 2086 5341 piissimo

496 5365 822 5422 Maximiano
855 5366 1117 5437 episcopo
1149 5360 1392 5416 abdicati
1427 5359 1674 5426 fuerunt,
1716 5364 2082 5434 suscepimus,

497 5467 593 5513 aut
623 5460 769 5530 passi
813 5471 1008 5515 sumus
1039 5456 1109 5510 iis
1143 5453 1264 5508 dari
1304 5451 1374 5510 de
1410 5456 1798 5512 communione
1834 5456 2084 5522 litteras,

2205 5175 2640 5248 ’Δλεξάνδρειαν,
2687 5176 2869 5231 πάντα
2906 5175 3162 5248 ὲτυπώθη
3206 5178 3461 5250 χρηστῶς
3509 5178 3630 5249 μὲν,
3677 5179 3787 5233 καὶ

2192 5267 2514 5340 εἰρηνικῶς,
2546 5269 2805 5339 ἀσφαλῶς
2833 5268 2912 5333 δὲ.
2942 5268 3037 5323 καὶ
3071 5268 3148 5333 ὡς
3176 5269 3305 5326 ἔδει.
3345 5269 3482 5325 Οὐδὲ
3511 5269 3620 5340 γὰρ
3647 5268 3788 5333 τοὺς

2195 5361 2621 5436 καθῃρημένους
2669 5360 2824 5434 παρὰ
2856 5361 2951 5417 τοῦ
2994 5361 3420 5418 θεοσεὸεστάτου
3469 5361 3786 5417 ἐπισκόπου

2192 5452 2547 5525 Μαξιμιανοῦ
2579 5451 3009 5524 κατεδεξάμεθα,
3052 5455 3088 5526 ἢ
3140 5454 3493 5519 κοινωνικοὺς
3527 5452 3691 5524 ἔχειν,
3737 5453 3782 5523 ἢ

1595 5613 1774 5671 Variae
1807 5613 2075 5671 lectiones
2107 5610 2316 5670 codicis
2341 5613 2702 5688 Seguieriani.

566 5739 610 5768 In
632 5725 904 5797 κηρύττον
943 5723 1011 5795 ἢν
1037 5724 1101 5777 ὲκ
1139 5724 1410 5797 πατέρων.
1508 5735 1538 5763 ιι
1564 5725 1974 5799 καταδεδέχθαι.

2057 5733 2083 5760 °
2107 5725 2409 5798 ἑκατέρων.
2485 5736 2514 5778 P
2540 5727 2874 5800 γενομένοις.

572 5861 650 5932 (1)
679 5861 760 5917 Ex
783 5863 926 5934 regis
951 5864 1328 5925 Christianiss.
1373 5869 1707 5931 bibliotheca
1740 5871 1928 5932 Graece
1959 5887 2108 5930 nunc
2136 5871 2378 5944 primum
2409 5881 2465 5932 et
2487 5871 2684 5933 Latine
2725 5877 2891 5933 edita.
2924 5878 3227 5936 Acnnnrus.
