4048 6484
481 434 581 493 Hi

1497 429 1553 487 S.
1593 427 1870 486 CYRILLI
1910 426 2385 489 ALEXANDRINI
2423 434 2738 495 ARCHIEP.

3670 432 3774 495 Ni

479 554 717 613 maxime
747 565 943 609 curare
972 550 1284 622 oportebat,
1315 557 1395 615 ut,
1427 549 1581 605 omni
1618 548 1932 604 animorum
1960 547 2067 603 dis-

2178 551 2330 618 ὃπως
2350 555 2693 625 συναφθείεν,
2723 557 2788 610 ἐκ
2823 557 2990 628 μέσου
3018 556 3320 629 γενομένης
3344 552 3613 628 διχονοίας
3630 558 3771 613 ἁπάο

478 646 735 705 censione
771 660 805 700 e
836 644 1022 700 medio
1053 642 1291 709 sublata,
1328 640 1537 697 Christi
1584 640 1845 696 Ecclesiae
1888 639 2073 695 denuo

476 736 965 800 consociarentur:
1028 733 1247 804 ipsique
1302 730 1704 803 religiosissimi
1755 746 1822 788 ac
1865 730 2075 788 Christi

475 826 841 885 amantissimi
868 840 1035 897 reges
1054 825 1161 879 hoe
1185 824 1389 894 ipsum,
1405 830 1469 877 ut
1487 821 1667 889 ﬂeret,
1693 823 2073 889 mandassent,

473 923 707 995 ejusque
733 919 816 975 rei
850 917 1029 992 gratia
1048 917 1338 973 dominum
1367 931 1554 971 meum
1590 917 2074 988 praeclarissimum

474 1024 529 1071 et
551 1012 910 1085 spectabilem
930 1010 1215 1066 tribunum
1238 1015 1297 1065 et
1312 1008 1591 1064 notarium
1613 1008 1948 1064 Aristolaum
1972 1008 2076 1063 mi-

473 1104 697 1168 sissent,
723 1102 845 1173 pias
872 1100 1114 1172 ipsorum
1138 1100 1354 1156 litteras
1381 1099 1730 1165 aﬂ'erentem,
1761 1115 1885 1171 qua
1913 1100 2075 1156 dein.

472 1210 606 1266 cepa
632 1208 735 1250 nos
769 1191 1069 1248 convenire
1089 1192 1373 1263 juberent,
1407 1199 1573 1262 atque
1599 1192 1855 1247 scandala
1888 1206 1921 1247 e
1953 1208 2073 1248 me-

472 1287 569 1342 dio
598 1286 795 1342 tollere
842 1290 1175 1354 omnemque
1212 1282 1687 1354 perturbationem
1717 1291 1777 1339 et
1806 1283 2072 1339 oﬂ‘ensio—

473 1386 603 1435 nem
631 1376 926 1449 eonsopire
951 1392 966 1430 :
990 1390 1096 1431 nos
1132 1375 1241 1446 piis
1278 1374 1483 1431 litteris
1515 1389 1725 1430 morem
1754 1389 1949 1446 gerere
1970 1389 2073 1430 vo-

472 1466 673 1531 lentes,
700 1474 853 1521 recta
880 1480 1013 1521 mox
1050 1464 1338 1520 dominum
1381 1479 1568 1520 meum
1608 1464 1722 1519 Deo
1763 1481 1864 1536 per
1886 1465 2073 1520 omnia

472 1558 897 1615 dilectissimum
923 1572 989 1613 ac
1027 1557 1434 1613 sanctissimum
1476 1557 1797 1628 episcOpum
1838 1558 2070 1613 Paulum

470 1650 809 1707 mittendum
852 1649 1131 1706 duximus.
1180 1648 1340 1717 Quod
1385 1648 1679 1705 consilium
1720 1648 2073 1704 sanctissimo

471 1745 835 1817 piissimqu
857 1744 1006 1800 Patri
1036 1750 1228 1798 nostro
1253 1742 1474 1807 Aeacio,
1499 1741 1826 1813 eaeterisquc
1846 1741 1942 1813 qui
1967 1756 2070 1797 no-

472 1838 689 1895 biscum
730 1844 925 1902 erant,
976 1836 1091 1891 Deo
1123 1833 1498 1890 dilectissimis
1547 1833 1822 1904 episcopis
1865 1832 2072 1904 proba-

472 1937 590 1983 tum
634 1927 760 1983 fuit.
805 1927 1063 1983 Fecimus
1100 1933 1290 1982 autem
1331 1926 1441 1982 hoc
1480 1925 1709 1998 majoris
1750 1924 2066 1997 compendii
2097 1906 2147 1966 ³

470 2035 658 2085 causa,
688 2034 757 2075 eo
780 2019 927 2090 quod
964 2033 1089 2089 quae
1116 2034 1147 2074 a
1176 2017 1605 2090 religiosissimis
1635 2018 2068 2089 imperatoribus

471 2111 679 2167 nostris
713 2110 929 2166 sancita
965 2114 1115 2175 sunt,
1145 2109 1413 2180 perﬁcere
1442 2110 1606 2166 nobis
1638 2109 1774 2181 ipsis
1801 2110 1858 2165 in
1893 2123 2067 2164 unum

475 2203 633 2275 ιω
657 2202 1119 2259 convenientibus
1139 2216 1250 2257 non
1272 2201 1457 2258 liceat.
1480 2201 1862 2257 laudavimus
1880 2210 2067 2257 autem

473 2296 576 2361 illi,
600 2304 663 2351 ut
689 2296 809 2351 vice
837 2302 1025 2350 nostra
1063 2301 1122 2350 et
1161 2308 1262 2365 pro
1302 2293 1466 2349 nobis
1509 2302 1568 2349 et
1606 2293 1834 2348 nomine
1876 2301 2069 2348 nostro

470 2388 772 2445 constituat
799 2402 922 2459 quae
934 2382 1016 2442 "ad
1042 2401 1237 2458 pacem
1262 2386 1505 2454 faciunt;
1540 2386 1596 2442 id
1622 2386 1773 2457 quod
1800 2387 1966 2458 hujus
1988 2385 2070 2441 le-

469 2478 706 2551 gationis
735 2478 1075 2550 praecipuum
1110 2487 1278 2550 caput
1304 2487 1418 2547 est;
1443 2479 1720 2550 simulque
1742 2479 1934 2550 pietati
1960 2487 2068 2535 tuae

467 2572 730 2628 exhibeat
749 2572 1153 2643 expositionem
1175 2572 1245 2627 de
1268 2571 1487 2628 Domini
1508 2570 1683 2628 nostri
1706 2572 1835 2628 Iesu
1859 2570 2067 2628 Christi

470 2664 853 2722 incarnatione
901 2664 1256 2723 concorditer
1297 2678 1330 2720 a
1382 2664 1548 2721 nobis
1600 2664 1828 2720 editam.
1888 2663 2066 2731 Quam

469 2757 704 2830 proinde
720 2757 916 2828 pietati
938 2765 1049 2814 tuae
1071 2773 1171 2829 per
1191 2757 1518 2830 praedictum
1544 2757 1857 2829 piissimum
1881 2758 2064 2814 virum

471 2847 751 2917 misimus,
767 2862 891 2921 qua
920 2856 1009 2906 est
1043 2848 1162 2905 haec
1190 2865 1205 2903 :

539 3044 619 3101 De
642 3040 869 3116 Virgine
900 3051 1088 3100 autem
1130 3040 1229 3099 Dei
1252 3040 1531 3101 Genitrice
1570 3042 1741 3099 Maria
1784 3042 2064 3114 quomodo

470 3136 779 3193 sentiamus
818 3144 874 3192 et
902 3137 1223 3208 loquamur,
1266 3135 1448 3208 deque
1476 3135 1749 3208 unigeniti
1792 3135 1918 3191 Filii
1963 3135 2063 3191 Dei

2187 661 2306 716 σης,
2348 646 2444 700 καὶ
2480 647 2591 702 τῶν
2622 649 3035 704 εὐσεόεστάτων
3088 650 3188 704 καὶ
3223 648 3590 722 φιλοχρίστων
3614 649 3764 721 βασις

2177 736 2338 805 λέων,
2368 740 2504 793 αὐτὸ
2528 738 2597 811 δὴ
2610 739 2771 795 τοῦτο
2799 742 3054 811 γενέσθαι
3069 742 3230 797 θεσπι
3240 740 3471 810 σάντων,
3492 738 3556 796 τὸ
3571 742 3770 799 ἑνῶσαι

2174 828 2276 892 τὰς
2315 829 2408 883 τοῦ
2439 830 2681 902 Χριστοῦ
2719 831 3070 903 Ἐκκλησίας,
3109 835 3204 888 καὶ
3232 835 3316 898 είς
3352 834 3487 889 αὐτὸ
3510 834 3576 906 δὴ
3609 834 3768 891 τοῦτο

2174 920 2615 976 ἀποστειλάντων
2648 920 2741 977 τὸν
2772 923 2966 997 κύριόν
2998 941 3125 995 μου,
3157 922 3253 978 καὶ
3285 914 3767 995 θαυμασιώτατον,

2175 1013 2271 1068 καὶ
2294 1013 2658 1085 περίϐλεπτον
2680 1015 2968 1087 τρισοῦνον
2987 1017 3084 1071 καὶ
3110 1017 3361 1088 νοτάριον
3394 1016 3769 1089 ’Δριστόλαον,

2168 1107 2578 1180 Ιὲπιφερόμενον
2600 1109 2664 1163 τὸ
2692 1110 2918 1175 εὐσεϐὲς
2941 1110 3122 1165 αὐτῶν
3153 1112 3395 1184 γράμμα
3421 1112 3486 1166 τὸ
3516 1129 3769 1183 παρακε-

2177 1199 2333 1255 λεῦον
2356 1201 2611 1257 ἐντεῦθεν
2641 1203 2745 1275 ήδη
2775 1203 3052 1277 συμϐῆναι
3077 1206 3249 1276 ἡμᾶς,
3280 1206 3374 1259 καὶ
3403 1206 3672 1277 περιελεῖν
3698 1206 3771 1259 τά

2180 1292 2457 1347 σκάνδαλα
2490 1294 2557 1347 ἐκ
2587 1294 2684 1349 τοῦ
2718 1296 2910 1365 μέσου,
2951 1297 3046 1351 καὶ
3084 1298 3421 1353 κατευνάσαι
3453 1299 3637 1352 πᾶσαν
3668 1315 3768 1351 τα-

2179 1386 2356 1457 ραχὴν
2390 1385 2488 1441 καὶ
2527 1389 2710 1442 πᾶσαν
2743 1386 2956 1459 λύπηνο
2986 1382 3031 1458 ᾧ
3064 1389 3306 1454 εἴκοντες
3339 1391 3558 1445 εὐσεϐεῖ
3583 1392 3768 1462 γράμ-

2179 1495 2335 1549 ματι,
2373 1478 2537 1543 εὐθὺς
2576 1480 2674 1534 καὶ
2729 1481 3074 1552 παραχρῆμα
3099 1481 3507 1553 ἀπεστείλαμεν
3544 1482 3636 1536 τὸν
3667 1482 3769 1536 κύ·-

2175 1570 2293 1641 ριόν
2325 1587 2449 1640 μου,
2482 1571 2579 1626 καὶ
2608 1572 2753 1627 κατὰ
2790 1573 2971 1628 πάντα
3003 1573 3438 1643 θεοφιλέστατον,
3471 1575 3566 1630 καὶ
3594 1574 3767 1644 ἁγιώ-

2172 1679 2336 1716 τατον
2382 1661 2686 1718 ἐπίσκοπον
2718 1664 2963 1719 Παῦλοψ
3002 1664 3162 1720 τοῦτο
3205 1666 3511 1739 συναρέσαν
3556 1668 3652 1721 καὶ
3690 1667 3768 1740 τῷ

2174 1752 2468 1824 ἁγιωτάτῳ
2517 1754 2615 1808 καὶ
2653 1753 3060 1827 θεοφιλεστάτῳ
3098 1757 3382 1828 ὲπισκόπῳ
3410 1760 3580 1830 πατρὶ
3606 1761 3767 1830 ἡμῶν

2184 1842 2450 1915 Ἀκακίῳ,
2486 1846 2584 1899 καὶ
2612 1848 2729 1910 τοῖς
2753 1847 2884 1918 παρ’
2914 1849 3050 1918 ἡμῖν
3074 1847 3510 1917 θεοφιλεστάτοις
3540 1851 3767 1903 ἐπισκό-

2174 1952 2318 2000 ποις.
2366 1936 2541 2009 ’Υπὲρ
2583 1937 2643 1992 δὲ
2684 1938 2932 2003 πλείονος
2963 1940 3262 2011 συντομίας
3285 1951 3314 1991 1
3342 1941 3506 1995 τοῦτο
3537 1945 3768 2014 πεποιή-

2174 2043 2375 2098 καμεν,
2425 2027 2514 2082 διὰ
2554 2029 2618 2082 τὸ
2654 2030 2729 2103 μὴ
2758 2030 3023 2085 δύνασθαι
3072 2033 3222 2105 ἡμᾶς
3266 2033 3643 2100 συνελθόντας,
3697 2036 3767 2088 τὰ

2173 2118 2536 2175 θεσπισθέντα
2565 2122 2673 2176 ὑπὸ
2696 2122 2809 2178 τῶν
2834 2124 3255 2179 εὐσεϐεστάτων
3282 2126 3441 2197 ἡμῶν
3475 2125 3763 2196 βασιλέων,

2171 2211 2318 2266 κατὰ
2357 2214 2656 2286 πρόσωπον
2711 2214 2795 2278 είς
2832 2214 3011 2288 πέρας
3058 2216 3310 2287 ἀγαγεῖν.
3350 2218 3765 2290 Ἒντειλάμενοι

2173 2304 2349 2377 αὐτῷ,
2387 2306 2531 2361 ὥστε
2565 2306 2662 2361 καὶ
2694 2308 2813 2362 ἀνθ’
2843 2308 3026 2381 ήμῶν,
3052 2309 3149 2364 καὶ⁷
3177 2310 3322 2383 ὑπὲρ
3352 2310 3530 2383 ἡμῶν,
3564 2313 3662 2365 καὶ
3682 2315 3766 2376 είς

2173 2395 2473 2467 πρόσωπον
2509 2393 2782 2470 ἡμέτερον
2829 2406 2878 2465 τ,
2927 2399 3182 2454 τυπῶσαι
3227 2401 3332 2473 μὲν
3369 2401 3438 2456 τὰ
3485 2403 3617 2473 περὶ
3662 2402 3765 2473 τῆς

2171 2488 2419 2560 είρήνης,
2448 2488 2589 2562 ὅπερ
2635 2491 2755 2544 ἐστὶ
2783 2491 3221 2564 προηγούμενον,
3251 2493 3561 2564 ἐγχειρίσαι
3608 2495 3668 2549 δὲ
3692 2499 3765 2569 τῇ

2173 2583 2243 2653 σῇ
2270 2580 2554 2655 θεοσεϐείᾳ
2581 2582 2681 2655 τὴν
2710 2582 2929 2638 ἔκθεσιν
2955 2584 3056 2656 τὴν
3098 2585 3232 2657 παρ’
3258 2587 3292 2658 ή
3302 2586 3420 2657 μῶν
3455 2588 3766 2658 συμφώνως

2170 2673 2472 2745 γενομένην
2490 2675 2623 2747 περὶ
2651 2676 2751 2746 τῆς
2765 2676 3239 2750 ὲνανθρωπήσεως
3256 2677 3351 2732 τοῦ
3370 2678 3580 2751 Κυρίου
3601 2681 3635 2751 ἠ
3644 2679 3766 2751 μῶν
3856 2698 3881 2709 λ

2183 2763 2362 2835 Ἰησοῦ
2393 2765 2655 2838 Χριστοῦ,
2695 2768 2765 2840 ἢν
2805 2768 3212 2841 ἀπεστείλαμεν
3247 2772 3314 2843 τῇ
3362 2773 3429 2843 σῇ
3477 2770 3767 2844 θεοσεϐείᾳ

2168 2854 2260 2911 διὰ
2308 2855 2405 2911 τοῦ
2454 2858 2852 2931 προλεχθέντος
2901 2860 3324 2932 θεοφιλεστάτου
3374 2861 3592 2935 ἀνδρὸς,
3638 2863 3767 2934 ἣτις

2168 2949 2317 3004 ἐστὶν
2341 2948 2502 3022 αῦτηο
3512 2990 3515 2993 -

2240 3040 2381 3112 Περὶ
2402 3040 2460 3095 δὲ
2490 3041 2587 3113 τῆς
2621 3041 2887 3098 Θεοτόκου
2909 3044 3132 3117 Μαρίας
3153 3044 3457 3118 Παρθένου,
3489 3046 3639 3109 ὅπως
3667 3045 3769 3100 καί.

2170 3130 2500 3202 φρονοῦμεν,
2526 3133 2622 3187 καὶ
2650 3132 2905 3205 λέγομεν,
2927 3135 3022 3190 τοῦ
3044 3154 3106 3190 τε
3136 3136 3341 3208 τρόπου
3363 3139 3463 3208 τῆς
3493 3137 3767 3208 ἐνανθρω-

470 3228 873 3285 incarnationis
919 3228 1108 3295 modo,
1154 3228 1494 3295 necessario,
1539 3243 1651 3283 non
1696 3225 2061 3283 additamenti

2174 3224 2398 3295 πήσεως
2422 3223 2518 3278 τοῦ
2552 3226 2878 3296 μονογενοῦς
2907 3228 3037 3283 Υίοῦ
3073 3227 3168 3282 τοῦ
3216 3228 3374 3295 Θεοῦ,
3424 3230 3765 3301 ἀναγκαίως,

468 3317 614 3383 loco,
642 3315 740 3373 sed
764 3318 927 3389 plena
951 3316 1349 3374 satisfactionis
1368 3317 1546 3374 forma
1574 3317 1828 3374 dicemus
1870 3317 2062 3374 brevi-

2173 3313 2271 3368 οὐκ
2293 3314 2351 3367 ὲν
2380 3315 2703 3386 προσθήκης
2748 3319 2928 3389 μέρει,
2960 3319 3076 3372 ἀλλ’
3099 3320 3161 3374 ὲν
3197 3317 3572 3392 πληροφορίας
3602 3320 3765 3388 εῖδει,

470 3416 577 3475 ter,
603 3406 770 3464 sicuti
792 3408 862 3464 ab
878 3408 1040 3464 initio
1059 3424 1128 3464 ex
1152 3409 1355 3465 divinis
1377 3408 1606 3466 Litteris
1631 3417 2061 3481 sanctorumque

468 3500 694 3556 Patrum
719 3499 1023 3557 traditione
1051 3501 1339 3557 hausimus
1365 3542 1380 3567 ,
1428 3501 1558 3557 ﬁdei
1581 3501 1640 3556 in
1666 3501 1848 3557 Nicaea
1875 3516 1906 3557 a
1938 3517 2064 3558 san-

467 3592 575 3648 ctis
604 3589 863 3648 Patribus
883 3593 1150 3664 expositae
1170 3590 1311 3648 nihil
1338 3607 1569 3664 prorsus
1590 3593 1937 3666 adjicientes.
1962 3592 2062 3650 Illa

466 3683 640 3751 enim,
667 3692 731 3740 ut
750 3693 914 3741 antea
941 3678 1203 3749 diximus,
1242 3684 1312 3740 ad
1345 3698 1567 3742 omnem
1611 3686 1834 3757 pietatis
1874 3686 2064 3759 cogni—

470 3772 681 3832 tionem
734 3777 1028 3848 omnisque
1057 3775 1334 3832 haereticze
1363 3792 1545 3847 prava:
1576 3776 1842 3834 doctrinae
1870 3776 2063 3850 depul-

468 3869 685 3927 sionem
708 3869 932 3948 abunde
957 3876 1043 3925 sat
1064 3876 1170 3925 est.
1196 3868 1311 3925 Nec
1331 3869 1423 3925 illa
1450 3869 1617 3926 etiam
1644 3886 1767 3943 quae
1795 3870 2062 3942 consequi

468 3975 581 4017 non
602 3974 923 4032 possumus,
955 3959 1220 4014 audacter
1251 3958 1662 4031 aggrediemur;
1696 3959 1793 4017 sed
1820 3960 2064 4031 propriae

469 4051 812 4108 inﬁrmitatis
844 4049 1193 4107 confessione
1221 4051 1580 4109 excludemus
1602 4068 1699 4109 eos
1725 4053 1821 4124 qui
1852 4051 2061 4108 adoriri

467 4159 572 4201 nos
590 4143 785 4200 volunt
811 4144 870 4198 in
890 4144 978 4200 his
998 4144 1057 4199 in
1085 4145 1292 4216 quibus
1311 4146 1730 4205 consideramus
1751 4161 1875 4217 quae
1892 4158 2062 4217 supra

467 4236 776 4290 humanum
803 4245 1027 4308 captum
1051 4245 1202 4293 sunt.

537 4326 884 4386 Conﬁtemur
902 4331 1073 4403 igitur
1090 4330 1385 4387 Dominum
1402 4341 1657 4388 nostrum
1686 4330 1876 4387 Iesum
1893 4328 2060 4386 Chri-

466 4432 637 4489 stum,
652 4423 1002 4494 unigenitum
1022 4424 1123 4480 Dei
1145 4425 1366 4487 Filium,
1384 4441 1507 4482 esse
1529 4427 1703 4482 Deum
1727 4423 2061 4494 perfectum,

465 4522 526 4571 et
546 4514 830 4572 hominem
860 4516 1168 4588 perfectum
1199 4535 1269 4575 ex
1305 4520 1491 4575 anima
1534 4514 1793 4575 rationali
1831 4525 1889 4573 et
1931 4533 2059 4574 eor-

2165 3404 2242 3470 ὡς
2269 3405 2477 3461 ἀνωθεν
2497 3405 2559 3459 ἐκ
2588 3424 2647 3460 τε
2665 3406 2775 3462 τῶν
2806 3409 2965 3463 θείων
2986 3410 3242 3481 Γραφῶν,
3270 3411 3334 3464 ἐκ
3361 3428 3424 3464 τε
3455 3412 3555 3482 τῆς
3582 3429 3769 3484 παρα-

2165 3494 2370 3560 δόσεως
2397 3494 2508 3549 τῶν
2526 3496 2699 3565 ἁγίων
2718 3498 2981 3571 Πατὲρων
2997 3500 3401 3573 παρειληφότες
3419 3503 3767 3574 ἐσχήκαμεν,

2165 3586 2255 3642 διὰ
2287 3587 2538 3660 βραχέων
2568 3586 2828 3663 ἐροῦμεν,
2856 3591 3013 3646 οὐδὲν
3038 3592 3098 3645 τὸ
3118 3592 3340 3647 σύνολον
3373 3591 3767 3666 προστιθέντες

2165 3681 2233 3753 τῇ
2261 3679 2374 3734 τῶν
2428 3679 2600 3744 ἁγίων
2644 3680 2905 3753 Πατέρων
2950 3683 3060 3738 τῶν
3111 3685 3173 3738 ὲν
3215 3685 3424 3757 Νικαίᾳ
3473 3683 3771 3758 ὲκτεθείσῃ

2167 3771 2370 3826 πίστει.
2435 3771 2524 3837 Ὠς
2572 3773 2680 3845 γὰρ
2726 3773 2975 3847 ἐφθημεν
3022 3776 3332 3848 εἰρηκότες,
3384 3776 3528 3848 πρὸς
3574 3777 3771 3831 πᾶσαν

2166 3862 2399 3936 ἐξαρκεῖ
2423 3865 2519 3920 καὶ
2549 3866 2836 3932 εὐσεϐείας
2860 3867 3081 3937 γνῶσιν,
3123 3870 3221 3922 καὶ
3251 3868 3433 3940 πάσης
3475 3868 3772 3940 αίρετικῆς

2167 3954 2491 4022 κακοδοξίας
2511 3954 2873 4031 ἀποκήρυξιν.
2903 3956 3165 4031 Ἐροῦμεν
3195 3958 3252 4013 δὲ
3280 3960 3341 4014 οὒ
3368 3956 3773 4030 κατατολμῶν-

2163 4062 2257 4112 τες
2294 4047 2407 4102 τῶν
2456 4049 2787 4118 ἀνεφίκτων,
2823 4048 2963 4105 ἀλλὰ
2991 4052 3056 4123 τῇ
3090 4051 3355 4124 ὁμολογίᾳ
3402 4049 3504 4121 τῆς
3550 4050 3772 4116 οἰκείας

2166 4140 2455 4207 ἀσθενείας
2479 4143 2866 4208 ἀποκλείοντες
2886 4146 2999 4209 τοῖς
3026 4143 3354 4214 ὲπιφύεσθαι
3385 4142 3767 4215 βουλομένοις,

2168 4233 2226 4287 ὲν
2253 4228 2336 4297 οἷς
2368 4235 2439 4287 τὰ
2460 4234 2603 4306 ὑπὲρ
2628 4235 2920 4307 ἄνθρωπον
2949 4234 3415 4307 διασκεπτόμεθα.

2247 4326 2657 4399 Ὁμολογοῦμεν
2681 4329 2973 4400 τοιγαροῦν
2998 4328 3091 4383 τὸν
3122 4329 3329 4402 Κύριον
3352 4329 3510 4402 ἡμῶν
3549 4329 3769 4403 Ἰησοῦν

2164 4421 2403 4492 Χριστὸν
2439 4421 2532 4477 τὸν
2571 4422 2702 4478 Υίὸν
2735 4423 2831 4477 τοῦ
2877 4422 3016 4477 Θεοῦ
3051 4423 3143 4478 τὸν
3178 4424 3466 4496 μονογενῆ,
3496 4423 3630 4478 Θεὸν
3670 4425 3769 4478 τέ-

2165 4509 2332 4578 λειον,
2373 4513 2469 4567 καὶ
2496 4512 2786 4587 ἄνθρωπον
2822 4514 3031 4568 τέλειον
3094 4515 3160 4568 ἐκ
3190 4512 3370 4586 ψυχῆς
3409 4514 3636 4585 λογικῆς
3662 4517 3769 4570 καὶ

467 4621 603 4678 pore
630 4624 644 4663 :
674 4615 804 4663 ante
833 4609 1034 4665 saecula
1057 4610 1282 4681 quidem
1304 4627 1373 4666 ex
1397 4612 1561 4667 Patre
1584 4609 1889 4666 secundum
1921 4610 2063 4665 divi-

2173 4601 2442 4675 σώματος,
2468 4604 2575 4676 πρὸ
2604 4602 2819 4659 αἰώνων
2847 4605 2949 4676 μὲν
2980 4607 3045 4659 ὲκ
3059 4604 3154 4660 τοῦ
3184 4606 3402 4678 Πατρός
3429 4606 3770 4677 γεννηθέντα

467 4703 698 4759 nitatem
734 4704 1004 4776 genitum,
1036 4706 1335 4777 postremis
1373 4722 1508 4762 vero
1536 4705 1885 4776 temporibus
1905 4720 2062 4760 eum-

2173 4694 2315 4750 κατὰ
2351 4698 2454 4767 τὴν
2496 4697 2751 4768 θεότητα,
2791 4699 2880 4753 ἐπ’
2912 4698 3160 4769 ἐσχάτων
3192 4700 3251 4753 δὲ
3274 4698 3382 4753 τῶν
3410 4698 3633 4772 ἡμερῶν
3665 4700 3772 4754 τὸν

467 4796 594 4851 dem
632 4796 813 4866 ipsum
839 4806 1064 4869 propter
1089 4815 1193 4855 nos
1218 4806 1278 4854 et
1298 4807 1528 4868 propter
1556 4806 1804 4852 nostram
1825 4796 2059 4852 salutem

466 4903 535 4944 es
554 4887 723 4944 laria
753 4890 983 4963 Virgine
1022 4886 1344 4959 secundum
1360 4889 1775 4946 humanitatem
1806 4897 2000 4944 natum
2041 4906 2056 4946 :

465 4980 725 5038 eumdem
750 4984 1284 5041 consubstantialem
1326 4981 1477 5038 Patri
1518 4982 1826 5039 secundum
1858 4981 2062 5038 divini-

468 5080 661 5141 tatem,
687 5080 745 5130 et
760 5075 1296 5131 consubstantialem
1333 5073 1501 5129 nobis
1523 5073 1829 5129 secundum
1857 5074 2059 5129 huma-

465 5165 718 5223 nitatem.
772 5167 1077 5239 Siquidem
1119 5166 1354 5221 duarum
1399 5171 1726 5221 naturarum
1774 5166 1919 5221 facta
1974 5172 2061 5222 est

466 5256 601 5314 Inio
624 5274 641 5313 :
669 5267 901 5331 propter
932 5257 1084 5329 quod
1108 5270 1281 5312 unum
1310 5256 1812 5324 Christummnum
1833 5257 2059 5326 Filium,

467 5359 639 5404 unum
658 5348 957 5405 Dominum
979 5346 1335 5402 conﬁtemur.
1358 5344 1679 5402 Secundum
1700 5347 1851 5404 hunc
1870 5347 2064 5404 incon-

462 5438 601 5496 fnsai
629 5439 865 5497 unitatis
899 5436 1247 5493 Melicum
1292 5436 1624 5493 conﬁtemur
1651 5442 1899 5494 sanctam
1929 5438 2055 5494 Vir-

463 5534 649 5604 ginem
676 5532 775 5589 Dei
804 5530 1147 5588 Genitrieem
1190 5546 1334 5600 esse,
1376 5540 1673 5604 propterea
1719 5532 1867 5604 quod
1910 5532 2059 5589 Deus

466 5624 711 5683 Verbum
739 5625 1093 5681 incarnatum
1114 5634 1219 5693 est,
1245 5635 1302 5683 et
1325 5625 1494 5682 homo
1523 5624 1751 5693 factum,
1772 5634 1829 5682 et
1850 5640 1917 5681 ex
1939 5624 2059 5695 ipsa

533 5907 566 5951 ι
599 5900 920 5974 ἀσφαλείας.
998 5916 1021 5944 ι
1057 5906 1339 5979 ὑμέτερον.

2167 4786 2332 4841 αὑτὸν
2359 4788 2426 4842 δι’
2471 4789 2640 4860 ἡμᾶς,
2674 4789 2769 4843 καὶ
2801 4789 2887 4845 διὰ
2913 4790 3013 4863 τὴν
3049 4792 3326 4865 ἡμετέραν
3363 4791 3659 4863 σωτηρίαν,
3692 4793 3773 4848 ἐκ

2168 4878 2394 4952 Μαρίας
2418 4880 2520 4951 τῆς
2546 4881 2825 4953 Παρθένου
2852 4883 2995 4938 κατὰ
3034 4883 3136 4956 τὴν
3162 4872 3562 4956 ἀνθρωπότητα
3580 4899 3594 4914 ·
3626 4884 3774 4956 ὁμορ-

2165 4970 2351 5038 ούσιον
2375 4971 2455 5043 τῷ
2486 4974 2667 5047 Harp!
2713 4975 2807 5029 τὸν
2845 4976 3009 5030 αὐτὸν
3036 4977 3183 5031 κατὰ
3226 4979 3327 5049 τὴν
3381 4977 3634 5049 θεότητα,
3662 4977 3771 5032 καὶ

2162 5067 2453 5139 θμοούσιον
2478 5069 2634 5141 ’ἡμῖν
2689 5070 2835 5125 κατὰ
2883 5072 2984 5144 τὴν
3027 5072 3447 5145 ἀνθρωπότητα.
3498 5071 3604 5126 Δύο
3647 5070 3770 5142 γὰρ

2164 5160 2384 5228 φύσεων
2409 5161 2816 5233 ἕνωσιςγέγονε
2835 5180 2849 5195 ·
2873 5162 2956 5219 διὸ
2972 5164 3065 5218 καὶ
3087 5166 3185 5220 ἕνα
3211 5166 3469 5239 Χριστὸν,
3483 5166 3582 5220 ἕνα
3601 5164 3766 5231 Υίὺν,

2162 5251 2262 5307 ἕνα
2287 5252 2498 5326 Κῦριον
2522 5253 2919 5327 ὁμολογοῦμεν.
2955 5257 3116 5313 Κατά
3143 5257 3352 5333 ταύτην
3387 5259 3487 5330 τῆς
3516 5255 3769 5328 ἀσυγχύ-

2160 5361 2255 5399 του
2282 5344 2531 5412 ἑνώσεως
2563 5346 2795 5417 ἔννοιαν,
2823 5347 3198 5423 ὁμολογοῦμεν
3218 5351 3318 5424 τὴν
3349 5352 3510 5421 ἁγίαν
3532 5351 3766 5422 Παρθέ-

2164 5455 2256 5492 νον
2283 5437 2572 5507 Θεοτόκον,
2596 5439 2686 5494 διὰ
2708 5441 2770 5494 τὸ
2793 5432 3040 5498 τδνἘεὺν
3062 5443 3235 5513 Λόγον
3255 5443 3630 5516 σαρκωθῆναι,
3659 5444 3766 5497 καὶ

2166 5530 2614 5605 ἑνανθρωπῆσαι,
2649 5533 2746 5588 καὶ
2770 5532 2831 5599 ἐξ
2862 5533 3034 5607 αὐτῆς
3070 5536 3168 5608 τῆς
3202 5535 3519 5607 συλλήψεως
3554 5534 3762 5590 ἐνῶσαι

2166 5622 2348 5695 ἑαυτῷ
2387 5625 2483 5680 τὸν
2511 5623 2571 5691 ἐξ
2600 5625 2773 5698 αὐτῆς
2806 5626 3081 5700 ληφθέντα
3113 5628 3261 5686 ναόν.
3294 5629 3409 5695 Τὰς
3436 5629 3777 5699 δΐεύαγγεοο

1521 5786 1699 5857 variae
1734 5786 2003 5844 lectiones
2021 5783 2231 5841 codicis
2259 5783 2629 5855 Seguieriani.
