2024 3242
228 234 278 262 ΓΗ

741 231 769 260 S.
789 232 927 260 CYRIILI
947 231 1184 259 ALEXANDRINI
1203 231 1361 258 ARCHIEP.

1806 232 1856 259 176

230 300 239 316 ι
259 291 324 319 Vivo
335 297 396 325 ego,
418 289 485 317 dicit
504 288 646 321 Dominus,
660 289 723 324 quia
735 290 921 325 gloriﬁcantes
938 289 1015 325 105

1068 291 1129 325 κᾷν.
1146 290 1184 316 Ub
1206 289 1261 325 γὰρ
1280 289 1312 316 ἂν
1333 288 1512 323 διαψεύσηται
1534 288 1622 323 λέγων
1643 289 1685 316 ὅτι
1701 298 1711 315 ι
1728 288 1771 315 Ζῶ
1789 289 1855 323 ἐγὼ,

227 344 269 363 me
278 335 437 370 gloriﬁealm
449 336 490 363 ³⁷³.
505 345 514 360 ι
531 335 600 363 Cum
614 335 706 369 itaque
718 335 851 363 Dominus
862 343 940 362 meus
951 336 1015 362 reli—

227 380 400 414 giosissimus
423 381 524 408 Paulus
547 380 737 407 comminister
753 384 781 408 et
798 380 884 408 frater
902 381 1017 408 Alexan-

226 425 314 451 driam
345 425 467 453 vertisset
483 445 491 457 ,
518 433 614 460 magna
643 426 728 452 animi
756 427 897 461 voluptate
924 426 1016 453 aﬂ‘ecti

226 477 331 502 sumus,
346 477 398 497 nec
409 470 558 503 immerito,
571 474 666 505 utpote
678 478 740 498 cum
756 471 817 498 talis
827 471 869 498 vir
881 471 1016 499 mediator

225 519 299 540 esset
321 514 513 549 interpositus,
537 519 566 542 et
581 516 709 551 majores,
729 523 811 550 quam
829 523 880 550 pro
896 516 1014 548 viribus,

227 561 335 588 labores
348 561 426 588 adire
437 568 522 588 ausus
536 565 620 593 esset,
633 564 663 588 ut
673 560 776 588 diaboli
788 560 919 588 invidiam
935 568 1017 596 supe-

227 610 312 639 raret,
328 613 360 633 ac
375 606 512 641 disjuncta
526 607 716 641 eonjungeret,
732 609 896 640 nostrasque
919 609 948 633 et
967 613 1013 633 ve-

227 656 299 680 stras
321 653 469 685 Ecelesias,
494 660 554 687 quat
581 652 788 680 intervenerant
813 652 1017 679 oﬂ'ensionibus

228 698 353 730 sublatis,
365 698 511 725 concordia
523 702 550 725 et
560 705 627 732 pace
640 701 796 725 eoronaret.
807 697 912 731 Quibus
922 701 1015 725 autem

227 746 262 773 de
286 745 377 773 causis
401 745 455 772 illze
480 745 613 772 dissidere
628 744 774 779 cmperint,
799 751 1015 772 commemorare

227 798 463 826 supervacaneum
479 794 531 818 est.
546 790 734 825 Opportunius
747 794 838 818 autem
856 797 973 823 censeo,
991 790 1015 818 si

227 846 259 864 ea
274 838 435 869 sentiamus,
453 837 487 864 de
504 837 537 864 iis
551 837 696 871 loquamur
714 844 775 872 qua:
798 837 873 872 pacis
896 837 1015 871 tempori

227 884 406 910 conveniunt.
418 882 552 910 Oblectati
569 891 665 910 sumus
677 883 769 917 itaque
784 882 929 910 memorati
945 883 1014 918 piis—
1029 889 1032 891 '

228 930 290 957 simi
301 930 355 957 viri
370 937 518 965 congressu
536 938 542 956 :
558 930 605 964 qui
618 929 736 957 fortasse
751 938 807 957 non
821 938 906 965 parva
923 934 1013 957 certa-

227 976 300 1003 mina
314 983 343 1003 se
355 976 496 1003 obiturum
510 975 713 1010 suspicabatur,
726 980 756 1002 ut
771 975 853 1003 nobis
865 975 1014 1011 persuade-

227 1025 279 1053 ret,
297 1027 367 1055 opus
381 1028 442 1048 esse
464 1025 495 1048 ut
508 1021 535 1047 in
552 1021 727 1048 concordiam
748 1026 777 1048 et
795 1029 890 1056 pacem
910 1029 1014 1049 conne-

226 1071 370 1094 eterentur
382 1065 522 1098 Ecclesiae,
545 1066 744 1101 tollereturque
765 1066 908 1093 hominum
931 1067 1014 1094 aliter

226 1112 404 1139 sentientium
421 1112 523 1143 irrisio,
537 1119 569 1138 ac
583 1111 726 1138 diabolica:
740 1111 925 1146 improbitatis
940 1112 1015 1140 acies

225 1157 433 1184 retunderetur.
447 1157 549 1184 Verum
566 1157 603 1184 ita
620 1164 671 1184 nos
685 1156 719 1184 ad
740 1165 801 1184 eam
824 1165 883 1184 rem
903 1163 1015 1193 paratos

225 1204 369 1238 comperit,
390 1206 420 1229 ut
437 1203 543 1229 nullum
566 1203 678 1237 penitus
695 1202 817 1230 laborem
839 1203 1012 1230 sustinuerit.

225 1248 359 1276 Memores
381 1248 455 1275 enim
479 1255 575 1275 sumus
596 1240 752 1277 'Salvatoris
769 1248 856 1275 nostri
870 1248 988 1276 dicentis
1005 1257 1012 1275 ι

229 1304 237 1320 ι
257 1295 353 1322 Pacem
375 1301 463 1321 meam
487 1294 523 1321 do
546 1294 636 1326 vobis,
662 1302 757 1329 pacem
771 1302 859 1322 meam
885 1295 1014 1330 relinquo

224 1339 303 1366 vobis
314 1338 347 1366 ³⁸.
367 1349 376 1365 ι
397 1338 469 1371 Quin
485 1339 575 1366 edocti
590 1347 698 1374 quoque
710 1347 814 1372 sumus,
829 1344 859 1366 ut
879 1340 907 1367 in
920 1343 1013 1375 quoti-

225 1385 316 1412 dianis
334 1384 541 1420 preeatiouibus
555 1384 679 1411 dicamus
693 1393 699 1411 :
718 1395 726 1410 ι
747 1385 861 1412 Domine
875 1386 947 1412 Deus
961 1393 1012 1413 no-

225 1435 292 1462 ster,
307 1438 401 1466 pacem
419 1430 452 1458 da
469 1430 564 1463 nobis;
589 1430 680 1458 omnia
704 1431 778 1458 enim
798 1432 943 1459 reddidisti
964 1439 1014 1458 no—

226 1477 269 1504 bis
282 1478 314 1504 ".
331 1486 339 1502 I
360 1476 491 1511 Quisquis
505 1476 589 1512 igitur
602 1477 676 1511 pacis
695 1485 756 1512 qua:
776 1486 790 1505 a
805 1478 861 1505 Deo
881 1478 1013 1505 tribuitur

225 1522 364 1557 particeps
387 1526 439 1554 est,
460 1522 564 1550 nullius
588 1522 654 1550 boni
680 1523 823 1558 indigebit.
845 1524 923 1556 Quod
946 1532 1013 1551 vero

225 1568 411 1595 Ecelesiarum
438 1568 573 1595 dissensio
599 1569 737 1603 superﬂua
760 1577 873 1604 prorsus
894 1573 922 1597 et
944 1570 1013 1598 citra

225 1614 309 1640 ullam
325 1614 425 1648 justam
439 1622 549 1641 causam
563 1614 707 1647 acciderit,
722 1614 748 1641 id
765 1622 797 1642 ex
812 1615 916 1648 charta,
930 1624 1012 1650 quam

224 1659 353 1687 dominus
385 1667 463 1687 meus
493 1659 716 1695 religiosissimus
741 1661 887 1695 episcopus
912 1661 1012 1689 Paulus

225 1713 299 1733 nunc
321 1706 424 1738 attulit,
448 1705 591 1733 evidenter
610 1707 800 1741 cognovimus,
816 1715 876 1741 qua:
892 1707 1012 1741 irrepre—

225 1751 391 1779 hensibilem
417 1751 541 1778 continet
566 1751 630 1779 ﬁdei
656 1752 877 1786 confessionem;
896 1761 1013 1788 eamque

224 1804 286 1823 eum
301 1804 316 1824 a
327 1801 373 1823 tua
391 1798 545 1830 sanctitate,
560 1802 617 1825 tum
630 1806 645 1825 a
659 1798 766 1826 exteris
777 1806 887 1833 quoque
901 1800 1012 1835 religio-

224 1842 342 1870 sissimis
355 1843 493 1878 episcopis
509 1844 555 1878 qui
575 1844 632 1872 illic
648 1843 761 1879 degunt,
777 1845 954 1879 compositam
967 1853 1012 1872 as-

224 1889 335 1917 serebat
349 1898 355 1915 :
374 1897 455 1924 quam
467 1889 550 1917 etiam
569 1889 603 1917 ad
616 1889 731 1917 verbum
754 1890 820 1917 huic
836 1896 937 1918 nostrze
952 1892 1012 1926 epi-

224 1935 301 1962 stolae
312 1935 434 1962 inserere
441 1935 554 1969 placuit.
567 1935 654 1962 Habet
660 1940 752 1962 autem
761 1935 836 1963 hunc
845 1936 872 1962 in
883 1936 1011 1963 modum:

259 1981 297 2008 De
311 1980 423 2016 Virgine
436 1986 528 2008 autem
544 1981 591 2008 Dei
604 1980 744 2008 Genitriee
755 1982 894 2016 quomodo
911 1983 1014 2010 sentia-

224 2034 286 2055 mus
300 2031 327 2055 et
341 2028 497 2062 loquamur,
515 2027 604 2062 deque
620 2027 754 2063 unigeniti
770 2028 830 2055 Filii
854 2029 902 2056 Dei
922 2029 1012 2056 incar-

224 2073 344 2101 nationis
359 2073 452 2105 modo,
474 2072 639 2106 necessario,
661 2081 717 2101 non
740 2075 817 2109 quasi
842 2074 945 2108 aliquid
967 2073 1014 2100 ad-

222 2120 379 2155 iungamus.
398 2119 445 2146 sed
460 2119 488 2146 in
507 2118 703 2147 satisfactionis
723 2119 820 2152 forma,
835 2124 864 2146 ut
879 2120 934 2154 jam
950 2118 1013 2146 inde

223 2165 258 2192 ab
271 2165 349 2192 initio
369 2172 404 2192 ex
427 2164 528 2191 divinis
544 2164 655 2193 Litteris
670 2170 882 2199 sanctorumque
902 2165 1013 2191 Patrum

226 2211 373 2238 traditione
401 2211 580 2246 accepimus,
611 2211 732 2239 breviter
767 2212 914 2242 dicemus,
943 2210 1013 2238 nihil

225 2256 339 2282 omnino
353 2255 486 2282 addentes
501 2256 564 2283 ﬁdei
580 2257 608 2283 in
627 2256 717 2284 Niczea
732 2264 747 2283 a
768 2256 870 2283 sanctis
885 2256 1013 2284 Patribus

225 2300 365 2335 expositas.
378 2300 426 2327 Illa
436 2308 564 2336 namque,
577 2305 608 2328 ut
623 2302 702 2336 prius
716 2301 820 2328 dictum
834 2304 877 2327 est
891 2308 906 2327 a
920 2300 1011 2332 nobis,
1030 2296 1051 2323 ο

224 2346 258 2373 ad
270 2353 380 2373 omnem
394 2346 503 2381 pietatis
520 2347 706 2382 cognitionem
721 2345 866 2380 omnisque
875 2345 1012 2373 haeretica;

223 2392 367 2427 pravitatis
385 2391 464 2426 106
478 2391 671 2419 refutationem
692 2391 802 2418 sullicit.
817 2391 945 2418 Dicemus
961 2398 1012 2418 au-

224 2442 277 2465 tem
291 2445 344 2465 non
353 2437 435 2472 quasi
446 2445 479 2464 ea
490 2436 683 2472 aggrediamur
693 2443 754 2471 quae
764 2440 875 2471 captum
887 2441 1011 2463 nostrum

222 2484 370 2516 excedunt,
392 2483 441 2511 sed
458 2487 491 2510 ut
507 2482 627 2518 propria:
648 2482 817 2509 inﬁrmitatis
837 2482 1011 2510 confessione

221 2529 402 2557 cxcludamus
431 2536 482 2556 eos
509 2527 559 2562 qui
592 2534 643 2554 nos
667 2527 770 2554 adoriri
790 2527 885 2559 velint,
912 2527 959 2554 ubi
976 2535 1008 2555 ea

221 2577 430 2605 considerantes
452 2583 513 2611 quae
546 2575 694 2601 humanam
723 2573 932 2609 intelligentiam
960 2582 1008 2602 su-

222 2629 329 2660 perant.

256 2671 429 2699 Conﬁtcmur
457 2668 552 2703 itaque
591 2666 738 2694 Dominum
762 2671 888 2695 nostrum
919 2667 1012 2696 Jesum

222 2716 363 2745 Christum
379 2714 479 2742 Filium
492 2714 539 2741 Dei
557 2713 740 2747 unigenitum,
759 2713 845 2741 Deum
865 2721 926 2741 esse
948 2721 1012 2749 per—

224 2762 337 2794 lectum,
353 2764 382 2788 et
395 2760 534 2787 hominem
549 2758 702 2795 perfectum
722 2767 756 2787 ex
775 2760 867 2787 anima
885 2760 1013 2788 rationali

1069 335 1144 370 λέγει
1161 335 1280 370 Κύριος·
1301 335 1341 361 ὅτι
1366 335 1430 365 τοὺς
1453 334 1618 367 δοξάσαντάς
1648 343 1681 369 με
1703 334 1818 366 δοξάτω.
1844 344 1853 359 ι

1074 380 1253 415 Ἀφικομένου
1274 380 1365 407 τοίνυν
1382 380 1421 411 εἰς
1437 379 1487 414 τὴν
1510 379 1716 415 Ἀλεξάνδρειαν
1734 379 1782 406 τοῦ
1805 388 1854 406 κυ-

1069 426 1127 462 ρίου
1163 435 1214 461 μου
1241 425 1290 452 τοῦ
1323 425 1533 460 θεοφιλεστάτου
1562 425 1791 461 συλλειτουργοῦ⁶
1808 425 1857 451 καὶ

1067 472 1183 506 ἀδελφοῦ
1192 471 1311 504 Παύλου,
1322 471 1455 507 θυμηδίας
1465 471 1683 506 ἐμπεπλήσμεθα
1693 471 1740 498 καὶ
1752 471 1857 506 σφόδρα

1066 518 1188 550 εἰκότως,
1206 518 1243 549 ὡς
1258 517 1354 553 ἀνδρὸς
1375 517 1497 543 τοιούτου
1519 517 1718 552 μεσιτεύοντος,
1738 516 1857 547 καὶτοῖς

1065 563 1136 598 ῡπὲρ
1158 563 1272 598 δύναμιν
1292 563 1383 594 πόνοις
1400 562 1529 597 ἑλομένου
1543 562 1729 597 προσομιλεῖν,
1752 562 1795 588 ἵνα
1810 562 1856 588 τὸν

1065 611 1113 639 τοῦ
1131 611 1257 638 διαϐόλου
1273 611 1373 646 νικήσῃ
1398 610 1506 644 φθόνον,
1521 610 1569 636 καὶ
1584 609 1690 645 συνάψῃ
1706 609 1741 635 τὰ
1760 609 1856 644 διῃρη-

1066 656 1147 693 μένα,
1162 657 1210 684 καὶ
1224 657 1260 684 τὰ
1278 655 1380 692 μεταξὺ
1397 655 1578 691 διερριμμένα
1593 659 1607 679 1
1625 654 1759 681 σκάνδαλα
1775 663 1856 689 περι-

1065 701 1144 735 ιλὼν,
1170 702 1282 737 ὁμονοίᾳ.
1297 702 1344 729 καὶ
1364 702 1459 737 εἰρήνῃ
1482 700 1641 736 στεφανώσῃ
1666 701 1716 732 τάς
1737 709 1767 726 τε
1789 700 1856 735 παρ’

1066 749 1141 783 ἡμῖν,
1156 748 1204 775 καὶ
1222 748 1271 779 τὰς
1288 748 1352 783 παρ’
1369 747 1434 782 ὑμῖν
1458 747 1630 782 Ἐκκλησίας.
1647 746 1713 773 Τίνα
1732 747 1781 781 μὲν
1800 746 1856 782 γὰρ

1065 794 1207 830 διῄρηνται
1228 793 1343 829 τρόπον,
1366 791 1493 827 περιττὸν
1516 793 1613 819 εἰπεῖν.
1628 792 1735 827 Χρῆναι
1748 792 1776 818 δὲ
1791 791 1856 817 ὑπο-

1065 839 1197 874 λαμϐάνω
1219 838 1253 865 τὰ
1274 838 1313 874 τῷ
1336 838 1386 873 τῆς
1405 838 1518 873 εἰρήνης
1532 838 1673 873 πρέποντι
1688 836 1787 872 καιρῷ,
1807 837 1857 863 καὶ

1066 886 1173 921 φρονεῖν
1189 885 1236 912 καὶ
1249 885 1349 911 λαλεῖν.
1365 884 1509 919 Ἦσθημεν
1517 884 1608 910 τοίνυν
1618 884 1651 918 τῇ
1665 883 1794 918 συντυχίᾳ
1806 882 1856 908 τοῦ

1068 931 1300 967 μνημονευθέντος
1316 929 1527 957 θεοσεϐεστάτου
1544 928 1637 964 ἀνδρός
1648 936 1655 943 ³
1669 928 1699 960 ὃς
1712 928 1782 962 τάχα
1802 936 1855 954 που

1065 978 1113 1004 καὶ
1127 977 1237 1012 ἀγῶνας
1253 977 1324 1010 ἕξειν
1344 976 1375 1002 οὐ
1392 976 1507 1012 μικροὺς
1519 975 1679 1010 ὑπενόησεν,
1700 974 1856 1001 ἀναπείθων

1064 1024 1149 1060 ἡμᾶς,
1165 1023 1206 1049 ὅτι
1219 1023 1273 1058 χρὴ
1285 1022 1403 1056 συνάψαι
1414 1022 1483 1057 πρὸς
1497 1022 1610 1056 εἰρήνην
1618 1020 1666 1052 τὰς
1680 1020 1856 1055 Ἐκκλησίας,

1064 1069 1113 1096 καὶ
1126 1069 1173 1096 τὸν
1183 1068 1237 1094 τῶν
1248 1068 1410 1103 ἑτεροδόξων
1430 1067 1560 1101 ἀφανίσαι
1574 1066 1691 1101 γέλωτα,
1706 1064 1856 1101 ἀπαμϐλῢ-

1065 1115 1109 1142 ναί
1125 1124 1154 1141 τε
1179 1115 1245 1150 πρὸς
1263 1114 1350 1149 τούτῳ
1371 1114 1421 1148 τῆς
1438 1112 1484 1140 τοῦ
1500 1112 1624 1139 διαϐόλου
1642 1111 1805 1147 δυστροπίας
1824 1111 1857 1138 τὸ

1064 1162 1185 1197 κέντρον.
1209 1161 1341 1195 Ἐτοίμως
1353 1160 1382 1187 δὲ
1401 1159 1487 1191 οὕτως
1502 1159 1613 1194 ἔχοντας
1627 1158 1674 1185 ἐπὶ
1683 1157 1770 1192 τούτῳ
1790 1165 1857 1183 κατ-

1065 1209 1179 1241 έλαϐεν,
1203 1209 1242 1240 ὡς
1274 1208 1377 1244 μηδένα
1410 1208 1490 1234 πόνον
1531 1206 1680 1240 ὑποστῆναι
1704 1204 1854 1236 παντελῶς.

1065 1254 1237 1289 Μεμνήμεθα
1254 1254 1310 1289 γὰρ
1331 1253 1377 1280 τοῦ
1397 1253 1523 1289 Σωτῆρος
1544 1252 1687 1286 λέγοντος·
1707 1260 1716 1277 ι
1737 1251 1857 1286 Εἰρήνην

1064 1301 1114 1336 τὴν
1133 1300 1202 1336 ἐμὴν
1220 1300 1317 1336 δίδωμι
1340 1300 1421 1335 ὕμῖν·
1448 1300 1560 1335 εἰρήνην
1578 1298 1628 1334 τὴν
1655 1297 1726 1333 ἐμὴν
1753 1297 1857 1331 ἀφίημι

1030 1369 1033 1372 ι
1065 1347 1141 1382 ὑμῖν.
1163 1355 1173 1372 ›
1190 1346 1376 1380 Δεδιδάγμεθα
1395 1346 1423 1372 δὲ
1443 1346 1491 1372 καὶ
1508 1345 1599 1379 λέγειν
1620 1345 1648 1370 ἐν
1671 1343 1857 1378 προσευχαῖς..

1068 1402 1077 1418 ι
1097 1390 1183 1428 Κύριε
1197 1393 1211 1419 ὁ
1231 1392 1298 1423 Θεὸς
1314 1391 1403 1427 ἡμῶν,
1420 1392 1532 1427 εἰρήνην
1548 1390 1593 1422 δὸς
1606 1391 1683 1425 ἡμῖν·
1699 1389 1788 1416 πάντα
1800 1387 1857 1423 γὰρ

1065 1437 1211 1469 ἀπέδωκας
1222 1438 1298 1473 ἡμῖν.
1315 1446 1324 1463 ι
1339 1437 1421 1463 Ὥστε
1435 1436 1463 1463 εἴ
1475 1446 1517 1468 τις
1532 1437 1561 1463 ἐν
1573 1435 1679 1471 μεθέξει
1691 1436 1795 1469 γένοιτο
1805 1434 1857 1469 τῆς

1065 1482 1142 1518 παρὰ
1166 1482 1234 1509 Θεοῦ
1258 1482 1465 1518 χορηγουμένης
1484 1482 1605 1517 εἰρήνης,
1628 1480 1756 1515 ἀνενδεὴς
1777 1479 1858 1506 ἔσται

1066 1527 1165 1559 παντὸς
1186 1527 1299 1561 ἀγαθοῦ.
1319 1527 1379 1553 Ὀτι
1393 1526 1422 1552 δὲ
1442 1526 1556 1562 περιττὴ
1584 1525 1725 1556 παντελῶς
1744 1524 1791 1550 καὶ
1804 1524 1858 1550 οὐκ

1065 1573 1221 1609 εὑάφορμος
1244 1574 1261 1608 ὴ
1287 1573 1342 1599 τῶν
1368 1572 1538 1607 Ἑκκλησιῶν
1564 1570 1723 1606 διχοστασία
1746 1569 1856 1604 γέγονε,

1065 1619 1123 1645 νυνί
1144 1618 1261 1654 μάλιστα
1278 1617 1559 1654 πεπληροφορήμεθα,
1573 1616 1620 1643 τοῦ
1632 1616 1726 1651 κυρίου
1742 1624 1792 1650 μου
1806 1614 1857 1640 τοῦ

1063 1665 1260 1692 εὐσεϐεστάτου
1272 1664 1379 1691 Παύλου
1388 1663 1538 1690 ἐπισκόπου
1553 1663 1658 1698 χάρτην
1673 1660 1859 1697 προκομίσαν-

1063 1720 1109 1744 τος
1127 1716 1152 1743 ²,
1166 1711 1326 1746 ἀδιάϐλητον
1338 1710 1434 1745 ἔχοντα
1447 1709 1496 1745 τῆς
1506 1709 1623 1740 πίστεως
1634 1708 1683 1743 τὴν
1697 1707 1857 1743 ὁμολογίαν,

1063 1758 1110 1784 καὶ
1125 1757 1227 1792 ταύτην
1251 1756 1432 1792 συντετάχθαι
1454 1754 1698 1789 διαϐεϐαιουμένου
1723 1753 1799 1788 παρά
1824 1761 1858 1779 τε

1062 1802 1113 1838 τῆς
1127 1803 1178 1838 σῆς
1200 1803 1350 1837 ὁσιότητος,
1368 1803 1415 1828 καὶ
1438 1801 1492 1829 τῶν
1517 1800 1612 1828 αὐτόθι
1638 1798 1859 1834 θεοφιλεστάτων

1063 1848 1229 1874 ἐπισκόπων.
1248 1847 1325 1883 Ἔχει
1340 1847 1369 1874 δὲ
1387 1846 1473 1878 οὕτως
1490 1846 1507 1881 ἡ
1523 1844 1680 1880 συγγραφὴ,
1695 1844 1742 1871 καὶ
1759 1844 1861 1876 αὐταῖς

1063 1894 1168 1926 λέξεσιν
1180 1893 1332 1920 ὲντέθειάι
1348 1892 1412 1928 τῇδε
1427 1891 1506 1928 ἡμῶν
1519 1893 1552 1927 τῇ
1566 1890 1707 1926 ἐπιστολῇ·

1268 1944 1299 1965 Γ-ιιί
1428 1963 1431 1965 .

1100 1984 1169 2020 Περί
1185 1984 1213 2011 δὲ
1228 1984 1278 2019 τῆς
1300 1983 1432 2011 Θεοτόκου
1455 1982 1595 2018 Παρθένου
1609 1982 1684 2013 ὅπως
1712 1980 1760 2007 καὶ
1787 1989 1862 2015 φρο-

1064 2030 1174 2066 νοῦμεν,
1192 2030 1239 2056 καὶ
1255 2029 1382 2063 λέγομεν,
1399 2027 1446 2061 τοῦ
1459 2037 1488 2055 τε
1499 2027 1599 2064 τρόπου
1613 2027 1663 2062 τῆς
1678 2025 1863 2061 ὲνανθρωπή-

1067 2084 1137 2107 σεως
1150 2074 1196 2101 τοῦ
1210 2074 1372 2109 μονογενοῦς
1389 2073 1455 2100 Υίοῦ
1468 2073 1515 2100 τοῦ
1533 2071 1613 2106 Θεοῦ,
1626 2071 1792 2105 ἀναγκαίως,
1805 2070 1863 2097 οὐκ

1064 2121 1094 2147 ὲν
1108 2120 1268 2156 προσθήκης
1287 2119 1377 2155 μέρει,
1396 2119 1453 2146 ἀλλ’
1474 2119 1503 2146 ὲν
1521 2117 1708 2153 πληροφορίας
1730 2116 1804 2148 εῖδει,
1817 2116 1862 2148 ῶς

1064 2165 1169 2192 ἄνωθεν
1186 2165 1217 2192 ἐκ
1229 2174 1258 2191 τε
1275 2165 1331 2191 τῶν
1350 2164 1431 2191 θείων
1444 2164 1571 2200 Γραφῶν,
1585 2163 1617 2190 ἐκ
1633 2171 1663 2189 τε
1677 2162 1726 2198 τῆς
1740 2161 1863 2197 παραδὸ·

1065 2220 1133 2243 σεως
1148 2210 1203 2238 τῶν
1219 2210 1304 2245 ἁγίων
1317 2210 1449 2245 Πατέρων
1467 2208 1665 2245 παρειληφότες
1685 2208 1860 2243 ἐσχήκαμεν,

1064 2257 1107 2283 διὰ
1117 2256 1240 2292 βραχέων
1256 2255 1385 2291 ἐροῦμεν,
1403 2255 1479 2282 οὐδὲν
1495 2255 1526 2281 τὸ
1539 2253 1649 2280 σῦνο).ον
1665 2252 1862 2288 προστιθέντες

1065 2304 1098 2338 τῇ
1119 2302 1174 2329 τῶν
1200 2302 1286 2336 ἁγίων
1307 2301 1438 2336 Πατέρων
1457 2301 1511 2328 τῶν
1533 2301 1561 2327 ὲν
1583 2299 1686 2335 Nutan
1712 2298 1860 2334 ὲκτεθείσῃ

1066 2349 1167 2383 πίστει.
1191 2348 1235 2379 Ὠς
1261 2348 1315 2382 γὰρ
1339 2347 1460 2383 Εφθημεν
1481 2346 1634 2383 εἰρηκότες,
1665 2344 1735 2380 πρὸς
1764 2344 1860 2372 πᾶσαν
1890 2339 1894 2342 ”

1066 2393 1178 2429 ἐξαρκεῖ
1190 2393 1237 2420 καὶ
1252 2392 1397 2424 εὐσεϐείας
1411 2391 1522 2426 γνῶσιν,
1537 2392 1628 2426 πάσης
1650 2389 1697 2417 καὶ
1715 2388 1863 2424 αἰρετικῆς

1066 2437 1227 2471 κακοδοξίας
1248 2438 1427 2474 ἀποκήρυξιν.
1460 2437 1593 2473 Ἐροῦμεν
1615 2437 1643 2463 δὲ
1670 2436 1700 2462 οὗ
1724 2434 1863 2477 κατατολ-

1069 2483 1173 2518 μῶντες
1196 2484 1250 2510 τῶν
1269 2483 1433 2519 άνεφίκτων.
1450 2483 1517 2510 ἀλλὰ
1540 2484 1573 2518 τῇ
1593 2481 1725 2517 ὁμολογίᾳ
1751 2480 1801 2515 τῆς
1819 2480 1864 2506 ol—

1062 2528 1139 2560 κείας
1155 2528 1310 2562 ἀσθενείας,
1327 2528 1519 2560 ἀποκλείοντες
1539 2529 1596 2560 τοῖς
1613 2525 1777 2561 ἐπιφύεσθαι
1797 2524 1864 2559 βου-

1061 2574 1196 2610 λομένοις,
1215 2575 1243 2602 ὲν
1260 2572 1301 2607 οἷς
1315 2574 1349 2602 τὰ
1374 2575 1443 2610 ὑπὲρ
1464 2574 1607 2609 ἄνθρωπον
1625 2570 1862 2606 διασκεπτόμεθα.

1105 2667 1307 2703 Ὁμολογοῦμεν
1321 2665 1466 2702 τοιγαροῦν
1480 2665 1526 2693 τὸν
1540 2665 1643 2701 Κύριον
1660 2663 1739 2699 ἡμῶν
1755 2661 1863 2697 Ἰησοῦν

1065 2715 1194 2750 Χριστὸν,
1216 2714 1262 2741 τὸν
1291 2714 1356 2741 Υἱὸν
1382 2713 1430 2740 τοῦ
1463 2712 1531 2739 Θεοῦ
1558 2712 1604 2738 τὸν
1630 2708 1774 2746 μονογενῆ,
1792 2707 1862 2734 θεὸν

1065 2760 1177 2793 τέλειον,
1204 2759 1252 2787 καὶ
1275 2758 1419 2795 ἄνθρωπον
1449 2757 1551 2785 τέλειον
1577 2757 1610 2784 ὲκ
1632 2755 1722 2791 ψυχῆς
1745 2752 1861 2789 λογικῆς

259 2840 291 2856 ³⁷·
308 2839 318 2866 ι
337 2839 403 2872 Reg.
417 2845 445 2869 ιι,
456 2837 500 2865 '50.
545 2836 568 2853 ³⁸
583 2836 660 2864 Joan.
685 2845 739 2870 xw,
760 2837 806 2864 27.
842 2837 864 2853 ³⁰
877 2837 928 2864 lsa.
941 2845 1012 2871 xxvi,
1026 2837 1070 2865 l2.

754 2896 843 2925 Varia:
859 2896 990 2924 lectiones
1009 2895 1113 2925 codicis
1126 2896 1307 2930 Seguieriani.

261 2954 426 2992 τγεγονότα.
466 2960 476 2975 ι
493 2954 735 2990 προσκομίσαντες.
