2024 3219
173 159 180 167 ‘
194 188 247 217 179

192 246 340 275 Dominum
359 249 484 273 nostrum
500 245 593 273 Iesum
602 245 743 274 Christum
754 254 770 273 ρ
780 246 851 274 οωιο
864 251 893 274 et
907 254 923 274 e
935 254 982 274 su-
997 247 1019 276 Α

191 293 287 329 pernis
308 291 484 320 descendisse
508 291 637 324 dicimus,
657 300 712 320 non
737 293 774 320 ita
791 293 845 320 hoc
864 292 984 320 dicimus

193 338 270 374 quasi
282 342 405 365 sanctam
419 337 493 365 illius
508 346 620 366 carnem
635 346 755 373 superne
771 343 800 366 et
813 346 829 366 e
840 339 910 367 coelo
920 339 984 366 alia.

193 389 248 412 tam
264 383 420 419 signiﬁcare
429 384 557 416 velimus,
572 383 621 411 sed
642 385 735 419 potius
750 385 859 412 beatum
870 385 984 412 Paulum

192 429 336 464 sequimur
351 429 454 456 diserte
472 430 683 464 praedicantem:
703 440 713 456 ‹
731 431 841 458 Primus
854 431 936 458 homo
951 432 985 458 de

193 480 278 507 terra,
300 479 446 508 terrenus;
463 476 602 503 secundus
621 476 705 504 homo
721 477 754 504 de
765 477 835 505 coelo
846 477 878 503 “.
898 487 907 502 ι
928 477 985 504 Mc-

193 520 327 547 Ininimus
337 519 420 547 etiam
444 520 532 554 ipsius
551 520 701 548 Saivatoris
716 521 852 548 dicentis:
867 531 876 547 ε
898 521 985 549 Nemo

193 564 319 592 ascendit
332 565 361 592 in
375 565 552 598 emlummisi
568 566 616 601 qui
635 566 779 594 descendit
792 566 827 594 de
842 567 922 599 coelo,
939 567 985 595 Fi-

193 610 251 638 lius
266 610 428 639 hominis“.
447 621 458 637 ι
471 611 602 644 Quamvis
617 612 692 639 enim
708 620 742 640 ex
756 617 851 640 sancta
862 613 984 648 Virgine,

194 662 227 685 ut
242 656 324 684 modo
333 657 400 689 dixi,
413 657 564 685 secundum
582 666 693 686 carnem
711 663 793 686 natus
806 659 850 691 sit,
865 663 986 688 attamen

194 703 260 738 quia
276 703 349 731 Deus
365 703 486 731 Verbum
505 712 521 732 ο
538 705 667 740 supernis
686 705 815 733 deorsum
831 706 984 739 descendit,

195 748 346 783 servilique
368 748 457 776 forma
481 754 638 785 assumpta,
658 750 837 785 semetipsum
859 751 985 779 exinani-

195 794 277 826 vit",
285 802 317 822 ac
327 794 412 822 Filius
421 795 541 823 hominis
551 796 706 830 appellatus
715 796 777 828 fuit,
789 805 903 825 manens
912 798 987 832 quod

195 843 267 871 erat,
285 839 337 867 hoc
347 844 389 867 est
400 840 473 867 Deus
484 840 676 876 (immutabilis
683 841 756 868 enim
767 841 987 870 et'inaiterabilis

195 890 239 913 est
255 886 407 913 secundum
425 887 565 921 propriam
585 887 741 923 naturam);
760 893 890 923 tanquam
913 897 986 917 unus

192 932 250 967 jam
261 939 323 960 cum
339 932 450 967 propria
460 940 544 960 carne
554 933 755 966 consideratus.
766 942 782 961 e
793 934 863 962 cmlo
873 935 987 962 descen-

195 978 270 1006 disse
287 978 401 1005 dicitur.
416 978 581 1006 Nominatur
589 983 680 1006 autem
699 979 820 1007 ethomo
835 988 946 1015 quoque
956 981 990 1008 de

195 1023 277 1056 cmio,
291 1024 393 1059 quippe
409 1032 472 1052 eum
489 1024 629 1059 perfectus
644 1025 671 1052 in
682 1025 828 1053 divinitate
842 1026 888 1058 sit,
902 1026 990 1053 idem-

196 1076 253 1104 que
272 1070 301 1096 in
320 1070 492 1098 humanitate
513 1070 669 1106 perfectus,
688 1076 715 1098 et
738 1076 869 1106 tanquam
888 1073 918 1099 in
936 1080 990 1100 una

196 1115 506 1151 personaintclligatur.
525 1117 602 1145 Unus
613 1121 655 1144 est
669 1117 743 1144 enim
760 1118 893 1145 Dominus
909 1118 991 1146 Jesus

195 1160 334 1194 Christus,
344 1162 471 1196 quamvis
484 1166 649 1190 naturarum
669 1162 826 1190 diiferentia
842 1171 897 1191 non
911 1163 990 1199 igno-

195 1210 283 1238 retur,
299 1214 315 1234 e
330 1207 432 1242 quibus
451 1207 672 1243 inexplicabilem
698 1208 771 1236 illam
798 1208 929 1236 unionem
949 1209 990 1236 fa-

196 1256 267 1279 ctam
282 1251 367 1281 fuisse
381 1253 510 1281 dicimus.
523 1254 580 1281 Tua
594 1262 660 1282 vero
676 1255 807 1282 sanctitas
819 1255 928 1282 illorum
943 1263 992 1283 ora

164 1326 165 1331 η
195 1300 379 1334 comprimere
397 1299 537 1335 dignetur,
554 1300 601 1335 qui
613 1301 830 1333 concretionem,
840 1301 883 1328 vel
896 1301 993 1329 confu—

196 1344 316 1377 sionem,
341 1345 386 1376 vel
407 1346 628 1374 commistionem
649 1347 731 1374 Verbi
756 1348 805 1375 Dei
829 1356 892 1375 cum
907 1356 992 1376 carne

196 1389 299 1417 factam
314 1398 376 1418 esse
395 1391 501 1419 dicunt.
516 1392 672 1420 Verisimile
683 1401 801 1428 namque
818 1395 991 1422 cstnonnul-

196 1435 240 1463 los
253 1443 326 1469 esse,
349 1437 397 1472 qui
416 1437 469 1465 ista
485 1445 596 1473 quoque
607 1438 642 1466 de
660 1447 704 1467 me
722 1440 750 1467 in
768 1440 865 1475 vulgus
876 1441 990 1476 jactent,

197 1482 277 1518 quasi
304 1483 369 1510 talia
394 1484 529 1511 senserim
552 1489 600 1512 aut
638 1484 767 1512 dixerim.
809 1486 893 1521 Atqui
929 1492 992 1514 tan-

198 1533 259 1556 tum
282 1528 361 1556 abest
388 1534 419 1557 ut
448 1530 585 1565 ejusmodi
618 1531 761 1566 quidpiam
794 1533 924 1566 sentiam,
961 1538 993 1561 ut

197 1583 248 1603 eos
276 1576 359 1603 etiam
385 1576 507 1604 insanire
533 1577 701 1610 existimem,
723 1579 771 1614 qui
796 1579 839 1607 vel
871 1580 991 1615 aliquam
1008 1589 1029 1617 ε

198 1623 389 1650 conversionis
420 1623 662 1652 adumbrationem
698 1625 726 1652 in
765 1625 887 1652 divinam
926 1626 993 1653 Ver-

198 1671 230 1700 hi-
250 1676 378 1700 naturam
389 1672 489 1700 cadere
514 1680 595 1708 posse
611 1673 797 1708 suspicantur.
814 1673 906 1701 Manet
918 1674 994 1701 enim

199 1717 247 1746 illa
259 1718 332 1753 quod
342 1723 386 1746 est
401 1726 528 1754 semper;
552 1726 641 1755 neque
658 1720 772 1748 alterata
786 1724 838 1752 est,
855 1720 936 1755 108
946 1720 994 1747 sed

198 1771 290 1799 neque
304 1772 426 1799 unquam
442 1765 619 1798 alterabitur,
633 1772 723 1800 neque
736 1765 819 1793 ullius
835 1766 888 1793 erit
904 1772 994 1794 muta-

200 1809 285 1837 tionis
298 1817 393 1845 capax.
419 1810 574 1845 lmpatibile
593 1814 727 1846 praeterea
743 1811 833 1846 ipsum
857 1810 905 1839 Dei
924 1812 994 1840 Ver—

199 1854 267 1881 bum
280 1854 445 1882 conﬁtemur
456 1862 564 1887 omnes,
578 1855 688 1883 etiamsi
705 1855 862 1883 admirabili
875 1855 995 1891 quadam

200 1900 337 1936 sapientia
358 1901 522 1936 mysterium
540 1901 594 1929 hoc
611 1901 669 1937 ipse
691 1901 863 1937 dispensans,
880 1910 929 1930 eas
942 1902 996 1930 sibi

200 1945 341 1973 ascribere
372 1950 505 1973 cernatur
524 1945 678 1980 passiones,
692 1953 754 1981 quas
776 1946 896 1982 propria:
918 1947 996 1974 carni

201 1991 374 2019 acciderunt.
394 1990 465 2018 Hine
490 1998 602 2027 quoque
623 1992 844 2027 sapientissimus
869 1994 969 2021 Petrus
987 2001 994 2021 :

201 2036 322 2069 Christo,
334 2036 433 2071 inquit,
442 2044 493 2072 pro
504 2037 585 2065 nobis
598 2045 679 2073 passo
691 2038 720 2066 in
733 2046 825 2072 carne,
837 2047 893 2067 non
904 2044 996 2067 autem

201 2083 231 2110 in
247 2083 293 2110 illa
313 2083 448 2111 ineffabili
463 2084 617 2112 divinitatis
632 2089 730 2113 natura
743 2085 776 2113 “.
791 2085 827 2114 Ut
842 2086 917 2113 enim
937 2087 997 2121 ipse

202 2129 327 2156 omnium
341 2129 467 2158 Salvator
482 2137 543 2158 esse
555 2130 695 2165 credatur,
709 2132 913 2168 dispensatoris
926 2140 996 2168 qua-

202 2175 264 2205 dam
276 2176 511 2212 appropriatione,
521 2177 641 2213 propria:
651 2178 743 2206 carnis
753 2179 908 2214 passiones,
919 2176 997 2213 quasi

202 2220 329 2255 proprias
336 2221 365 2249 in
377 2222 510 2256 seipsum,
524 2226 555 2249 ut
570 2223 627 2257 jam
639 2222 707 2256 dixi,
724 2223 821 2251 refert.
835 2223 998 2259 Cujusmodi

1003 920 1022 946 Β

687 185 714 212 S.
737 185 874 212 CYRlLLl
894 184 1134 212 ALEXANDRlNl
1150 184 1308 213 ARCillEi’.

1777 184 1828 212 180

1035 245 1193 281 ενεχθείσης
1209 248 1258 281 τῆς
1270 246 1350 279 ἁγίας
1369 244 1451 271 αὑτοῦ
1470 245 1583 280 σαρκὸς,
1597 243 1711 271 τοιαῦτά
1726 252 1828 279 φαμεν,

1036 292 1165 327 ἑπόμενοι
1178 292 1207 319 δὲ
1230 291 1330 327 μᾶλλον
1345 291 1384 325 τῷ
1401 290 1537 325 θεσπεσίῳ
1553 290 1662 325 Παύλῳ,
1679 289 1830 324 διακεκρα-

1035 339 1094 372 γὸτι
1110 338 1217 373 σαφῶς·
1239 348 1248 364 ι
1267 338 1295 364 ’0
1311 338 1419 373 πρῶτος
1446 337 1590 372 ἄνθρωπος
1606 337 1638 363 ἐκ
1660 337 1712 371 γῆς
1725 336 1828 371 χοῖκὸς

1035 384 1050 410 ὁ
1063 383 1189 419 δεύτερος
1209 383 1353 418 ἅνθρωπος
1374 382 1424 416 ἑξδ
1439 382 1567 417 οὐρανοῦ.
1580 392 1590 408 ι
1610 381 1783 417 Μεμνήμεθα
1802 380 1832 407 δὲ

1035 431 1083 458 καὶ
1101 430 1184 457 αὑτοῦ
1203 430 1249 457 τοῦ
1264 430 1391 465 Σωτῆρος
1408 428 1550 463 λέγοντος·
1571 438 1579 454 ι
1594 428 1649 455 Καὶ
1662 427 1749 458 οὐδεὶς
1769 427 1832 454 ἀνα-

1036 474 1151 510 δέὁηκεν
1163 476 1203 506 είς
1215 475 1261 501 τὸν
1278 474 1403 509 οὐρανὸν,
1420 474 1444 500 εί
1460 473 1498 509 μὴ
1516 473 1531 499 ὁ
1547 473 1578 499 ἐκ
1589 472 1636 499 τοῦ
1652 471 1767 507 οὐρανοῦ
1782 480 1832 497 κα-

1034 521 1129 554 ταϐὰς,
1151 522 1166 548 ό
1189 521 1252 552 Tib;
1274 520 1322 547 τοῦ
1344 519 1521 555 ἀνθρώπου.»
1544 519 1641 546 Καίτοι
1668 518 1831 552 γεγέννηται

1035 566 1108 592 κατὰ
1132 566 1232 600 σάρκα,
1258 565 1383 600 καθάπερ
1405 565 1474 599 ἔφην
1499 563 1610 599 ἀρτίως,
1628 564 1660 590 ἐκ
1679 563 1728 598 τῆς
1751 562 1832 596 ἁγίας

1037 612 1188 647 Παρθένου·
1210 612 1304 647 ἐπειδὴ
1321 612 1349 638 δὲ
1372 610 1487 642 ἄνωθεν,
1502 610 1550 637 καὶ
1564 609 1594 642 ἐξ
1608 608 1723 644 οὐρανοῦ
1747 617 1832 635 κατα-

1036 659 1194 693 φοιτήσαςὸ
1210 658 1275 689 Θεὸς
1290 657 1377 691 Λόγος
1402 656 1557 684 κεκένωκεν
1585 656 1692 688 ἑαυτὸν,
1724 655 1832 690 μορφὴν

1036 704 1130 731 δούλου
1156 703 1257 735 λαϐὼν,
1280 704 1328 731 καὶ
1352 703 1555 738 κεχρημάτικεν
1581 701 1645 732 Tib;
1672 700 1832 735 ἀνθρώπου,

1039 751 1109 787 μετὰ
1123 750 1170 778 τοῦ
1194 752 1283 786 μεῖναι
1302 750 1315 777 ὃ
1339 748 1384 785 ἦν,
1400 749 1474 776 τοῦτ’
1494 749 1552 777 ἔστι
1589 748 1656 779 Θεὸς
1686 747 1833 782 (ἄτρεπτος

1037 797 1091 833 γὰρ
1107 798 1153 823 καὶ
1168 796 1345 828 ἀναλλοίωτος
1358 795 1429 822 κατὰ
1449 796 1528 829 φύσιν
1543 793 1640 828 ἐστὶν),
1657 793 1695 824 ὡς
1718 790 1757 824 εἷς
1781 792 1832 828 ἥδη

1038 843 1181 878 νοούμενος
1196 843 1265 878 μετὰ
1279 842 1329 877 τῆς
1347 842 1416 873 ἰδίας
1436 840 1548 876 σαρκὸς,
1565 840 1595 873 ἐξ
1609 838 1726 874 οὐρανοῦ
1752 837 1833 870 λέγε-

1037 897 1083 915 ται
1095 888 1245 915 κατελθεῖν.
1267 888 1430 923 Ὠνόμασται
1443 886 1472 912 δὲ
1488 886 1535 912 καὶ
1553 885 1695 920 ἄνθρωπος
1710 883 1739 914 ἐξ
1751 883 1835 918 οὐρα-

1042 935 1100 967 νοῦ,
1112 934 1216 966 τέλειος
1231 933 1268 960 ὢν
1283 935 1311 960 ὲν
1330 933 1448 968 θεότητι,
1470 932 1517 959 καὶ
1539 931 1642 962 τέλειος
1657 931 1670 957 ὁ
1686 930 1766 961 αὐτὸς
1781 930 1809 955 ὲν
1820 934 1831 948 ε

1042 980 1243 1015 ἀνθρωπότητι,
1262 979 1311 1007 καὶ
1328 979 1366 1010 ὼς
1392 979 1421 1005 ὲν
1443 978 1484 1005 ἑνὶ
1512 976 1652 1013 προσώπῳ
1677 975 1833 1010 νοούμενος.

1042 1024 1089 1058 Εἷς
1099 1025 1154 1061 γὰρ
1165 1025 1266 1061 Κύριος
1288 1024 1392 1060 Ἰησοῦς
1411 1024 1540 1059 Χριστὸς,
1556 1023 1608 1050 κᾶν
1620 1023 1637 1058 ἡ
1649 1022 1702 1051 τῶν
1727 1022 1835 1057 φύσεων

1044 1072 1082 1107 μὴ
1100 1072 1232 1107 ἀγνοῆται
1250 1071 1378 1106 διαφορὰ,
1403 1069 1433 1102 ἐξ
1450 1066 1486 1096 ὧν
1502 1069 1551 1104 τὴν
1568 1069 1724 1103 ἀπόρρητον
1738 1067 1835 1094 ἕνωσιν

1042 1118 1199 1154 πεπρᾶχθαι
1221 1117 1321 1152 φαμέν.
1343 1117 1413 1148 Τοὺς
1427 1116 1456 1143 δὲ
1471 1115 1598 1150 λέγοντας
1619 1115 1660 1141 ὅτι
1686 1114 1795 1149 κρᾶσις,
1817 1112 1834 1147 ἢ

1043 1164 1184 1199 σύγχυσις,
1205 1163 1221 1198 ἢ
1250 1162 1357 1198 φυρμὸς
1379 1162 1488 1196 ἐγένετο
1507 1161 1553 1187 τοῦ
1568 1159 1636 1186 Θεοῦ
1655 1159 1745 1193 Λόγου
1761 1158 1830 1193 πρὸς

1041 1211 1091 1246 τὴν
1105 1210 1206 1245 σάρκα,
1222 1208 1419 1241 καταξιωσάτω
1434 1208 1450 1242 ἡ
1462 1206 1496 1241 σὴ
1510 1206 1618 1240 ὁσιότης
1634 1204 1834 1239 ἐπιστομίζειν.

1043 1256 1122 1288 Εἰκὸς
1138 1255 1192 1291 γάρ
1215 1263 1292 1286 τινας
1306 1254 1353 1280 καὶ
1372 1253 1458 1280 ταῦτα
1484 1251 1548 1287 περὶ
1561 1251 1628 1286 ἐμοῦ
1647 1250 1781 1286 Ορυλλεϊν,
1796 1249 1836 1280 ὡς

1042 1302 1059 1336 ἢ
1091 1300 1306 1336 πεφρονηκότος,
1335 1298 1521 1334 ῆείρηχότος.
1551 1296 1630 1330 Ἐγὼ,
1652 1296 1681 1322 δὲ
1708 1294 1836 1322 τοσοῦτον

1043 1347 1185 1382 ἀφέστηκα
1207 1345 1254 1372 τοῦ
1270 1344 1402 1380 φρονῆσαί
1424 1351 1450 1369 τι
1474 1342 1604 1375 τοιοῦτον,
1619 1341 1689 1368 ὥστε
1708 1341 1757 1367 καὶ
1773 1340 1837 1375 μαίο

1043 1393 1138 1427 vestiat
1148 1392 1252 1427 νομίζω
1265 1391 1328 1422 τοὺς
1343 1390 1485 1425 οἰηθέντας
1500 1388 1579 1420 ὅλως,
1595 1388 1635 1414 ὅτι
1647 1386 1751 1422 τροπῆς
1766 1386 1837 1412 ἀπο·

1044 1440 1166 1473 σκίασμα
1183 1437 1246 1473 περὶ
1264 1437 1316 1472 τὴν
1331 1436 1378 1462 τοῦ
1400 1434 1469 1462 Θεοῦ
1483 1434 1572 1468 Λόγου
1594 1432 1675 1467 φύσιν
1699 1430 1838 1466 συμϐῆναι

1043 1486 1162 1512 δύναται.
1177 1484 1262 1511 Μένει
1278 1482 1332 1518 γὰρ
1345 1483 1359 1508 ὅ
1374 1482 1448 1507 ἐστιν
1465 1480 1520 1513 ἀεὶ,
1538 1479 1587 1506 καὶ
1601 1478 1651 1505 οὐκ
1670 1476 1816 1512 ἠλλοίωται
1828 1482 1836 1490 ο

1043 1530 1100 1558 ἀλλ’
1114 1529 1168 1556 οὐδ’
1176 1529 1209 1556 ἂν
1220 1526 1380 1560 ἁλλοιωθείη
1390 1525 1510 1557 πώποτε,
1526 1524 1572 1550 καὶ
1589 1521 1743 1558 μεταῶλῆς
1757 1520 1837 1546 ἔσται

1045 1575 1167 1610 δεκτική.
1191 1573 1297 1607 ’Λπαθῆ
1310 1572 1338 1599 δὲ
1353 1571 1422 1606 πρὸς
1436 1570 1523 1606 τούτῳ
1536 1570 1582 1596 τὸν
1600 1568 1648 1595 τοῦ
1661 1567 1728 1594 Θεοῦ
1745 1566 1834 1600 Λόγον

1046 1621 1179 1657 ὑπάρχειν
1204 1617 1389 1655 ὁμολογοῦμεν
1404 1617 1533 1647 ἅπαντες,
1562 1614 1613 1641 κᾶν
1642 1614 1667 1641 εί
1691 1612 1838 1647 πανσόφως

1045 1668 1126 1699 αὐτὸς
1150 1665 1300 1700 οἰκονομῶν
1325 1664 1355 1690 τὸ
1384 1662 1542 1698 μυστήριον,
1557 1659 1647 1695 ἐαυτῷ
1676 1658 1839 1694 προσνέμων

1045 1713 1133 1749 ὁρῷτο
1148 1712 1184 1739 τὰ
1212 1711 1266 1746 ἰδίᾳ
1280 1709 1362 1745 σαρκὶ
1378 1707 1573 1744 συμΰεϐηκότα
1587 1706 1672 1741 πάθη.
1687 1704 1783 1740 Ταύτῃ
1796 1712 1840 1730 τοι

1046 1759 1094 1786 καὶ
1111 1760 1126 1785 ὸ
1145 1758 1283 1791 πάνσοφος
1308 1756 1421 1791 Πέτρος,
1445 1752 1577 1790 Χριστοῦ,
1604 1752 1681 1789 φησὶ,
1706 1750 1841 1782 παθόντος

1047 1805 1141 1841 σαρκὶ,
1158 1804 1205 1831 καὶ
1221 1803 1282 1839 οὐχὶ
1292 1804 1325 1838 τῇ
1339 1802 1419 1837 φύσει
1432 1801 1481 1835 τῆς
1492 1800 1613 1835 ἀρρήτου
1630 1798 1765 1833 θεότητος.
1781 1797 1842 1823 Ἵνα

1046 1851 1101 1886 γὰρ
1118 1850 1199 1882 αὐτὸς
1217 1849 1273 1876 τῶν
1293 1848 1361 1875 ὅλων
1377 1847 1471 1883 Σωτὴρ
1489 1843 1559 1872 εἶναι
1581 1844 1754 1878 πιστεύηται,
1778 1843 1842 1869 κατ’

1047 1897 1184 1925 οίκείωσιν
1209 1894 1385 1931 οίκονομικὴν
1399 1894 1440 1925 είς
1465 1892 1572 1923 ἑαυτὸν,
1585 1890 1623 1923 ὡς
1649 1890 1728 1925 ἔφην,
1743 1888 1778 1915 τὰ
1790 1888 1844 1923 τῆς

1049 1944 1119 1975 ιδίας
1141 1943 1242 1978 σαρκὸς
1267 1940 1399 1975 ἀναφέρει
1426 1938 1511 1973 πάθη.
1531 1936 1636 1965 ὀποῖόν
1654 1937 1714 1962 ἐστι
1748 1934 1779 1961 τὸ
1796 1934 1844 1961 διὰ

1047 1990 1098 2025 τῆς
1115 1988 1163 2015 τοῦ
1178 1988 1318 2023 προφήτου
1344 1985 1436 2020 φωνῆς
1450 1981 1745 2019 προαναφωνούμενον,
1761 1980 1799 2011 ὡς
1811 1979 1844 2013 ἐξ

1049 2035 1148 2068 αὑτοῦ·
1168 2044 1177 2060 ‹
1190 2034 1242 2061 Τὸν
1265 2032 1349 2060 νῶτόν
1376 2039 1427 2066 μου
1448 2030 1551 2057 δέδωκα
1565 2029 1607 2060 εἰς
1625 2028 1772 2063 μάστιγας,
1790 2025 1844 2057 τὰς

1049 2082 1078 2110 δὲ
1094 2081 1221 2116 σιαγόνας
1236 2088 1286 2115 μου
1300 2079 1341 2110 είς
1355 2077 1527 2113 ῥαπίσματα,
1537 2076 1568 2103 τὸ
1583 2076 1612 2102 δὲ
1627 2073 1772 2110 πρόσωπόν
1787 2079 1842 2106 μου

1048 2130 1100 2155 οὐκ
1113 2126 1273 2162 ἀπέστρεψα
1291 2124 1346 2151 ἀπὸ
1361 2123 1493 2158 αἰσχύνης
1517 2120 1735 2157 ὲμπτυσμάτων.
1745 2128 1755 2144 ι
1776 2119 1845 2144 Ὀτι

1049 2174 1079 2202 δὲ
1098 2174 1159 2205 ταῖς
1175 2172 1231 2199 τῶν
1245 2171 1331 2205 ἁγίων
1350 2169 1480 2205 Πατέρων
1493 2168 1583 2201 δόξαις
1597 2165 1722 2201 ἑπόμεθα
1737 2171 1845 2191 παντα-

1050 2220 1110 2256 χοῦ,
1139 2219 1256 2255 μάλιστα
1281 2218 1309 2244 δὲ
1336 2216 1384 2243 τοῦ
1414 2214 1551 2251 μακαρίου
1583 2213 1633 2239 καὶ
1660 2211 1845 2256 πανευφήμου

202 2270 245 2294 est
256 2266 336 2299 illud,
349 2255 428 2301 quod
435 2267 513 2294 velut
528 2275 562 2295 ex
570 2255 649 2296 illius
664 2255 781 2303 persona
794 2276 845 2304 per
856 2255 994 2303 propheta!

1050 2255 1158 2302 ΪΪατρδς
1172 2265 1252 2302 ἡμῶν
1272 2263 1443 2295 ’Δθανασίου,
1457 2260 1488 2287 τδ
1502 2259 1574 2287 κατά
1586 2268 1613 2285 τι
1626 2258 1691 2293 γοῦν
1704 2256 1780 2304 ὃλωςγ
1791 2255 1847 2304 ἔξω

202 2317 299 2338 vocem
313 2311 413 2339 alicubi
427 2312 585 2347 pmdicitnr
601 2322 607 2339 :
627 2323 635 2338 ι
656 2314 772 2341 Dorsum
785 2320 877 2340 meum
888 2313 950 2341 dedi
963 2314 998 2341 ad

202 2356 321 2393 ﬂagella,
334 2362 363 2386 et
385 2358 510 2386 maxillas
523 2368 598 2387 meas
616 2360 650 2387 ad
666 2361 772 2395 alapas,
791 2360 890 2387 faciem
906 2364 998 2387 autem

204 2410 293 2431 meam
310 2411 366 2431 non
380 2405 468 2432 averti
480 2412 496 2432 a
508 2406 669 2434 confusione
682 2411 827 2441 sputorum
837 2406 870 2433 ⁸⁷,
887 2416 895 2431 ι
920 2405 998 2439 Quod

148 2459 152 2467 η
203 2456 271 2477 vero
286 2454 447 2478 sanctorum
459 2451 583 2485 Patrum,
598 2452 718 2480 maxime
734 2456 827 2479 autem
838 2452 913 2479 beati
925 2452 998 2479 celes

202 2494 376 2531 berrimiquc
392 2496 482 2525 Patris
497 2497 587 2525 nostri
606 2497 761 2530 Athanasii,
773 2498 927 2526 sententias
938 2497 1001 2525 ubi-

203 2547 259 2575 que
273 2548 433 2576 sequamur,
446 2547 473 2570 ct
495 2551 642 2570 caveamus
662 2551 697 2570 ne
719 2544 762 2570 vel
778 2544 892 2570 minima
915 2544 944 2571 in
971 2550 1001 2571 re

203 2586 387 2621 declinemus,
400 2588 428 2616 id
447 2593 493 2616 tua
504 2590 615 2623 quidem
628 2589 760 2616 sanctitas
773 2594 850 2617 certo
866 2590 919 2617 sibi
937 2597 1001 2625 per-

204 2632 330 2665 suadeat,
349 2641 441 2668 neque
463 2634 534 2662 alius
548 2634 695 2669 quisquam
708 2634 837 2670 ambigat.
862 2634 946 2662 Multa
958 2634 1002 2662 his

205 2676 395 2712 adjunxissem
418 2679 530 2707 illorum
553 2678 723 2711 testimonia,
747 2679 829 2707 ﬁdem
852 2680 918 2708 huic
937 2688 1001 2708 orn-

205 2721 276 2750 tioni
290 2730 359 2751 mere
373 2724 536 2756 concilians,
551 2723 607 2751 nisi
621 2724 781 2753 metuissem
794 2733 830 2753 ne
845 2726 1001 2754 litterarum

244 2801 267 2817 “
280 2802 290 2829 l
304 2801 368 2831 Cor.
385 2810 434 2835 xv,
446 2803 489 2828 t7.
529 2802 641 2829 “Joan.
657 2804 754 2837 "1,15.
794 2804 816 2820 ⁸⁵
828 2804 947 2839 Philipp.
962 2811 993 2837 ιι,
1010 2804 1036 2830 ϐ.

1047 2300 1429 2348 φέρεσθαιηπαραιτούμενοι,
1456 2305 1597 2333 πεπείσθω
1622 2304 1672 2339 μὲν
1685 2304 1702 2338 ὴ
1723 2302 1756 2336 σὴ
1770 2300 1847 2348 οσιό-

1049 2347 1113 2393 ing,
1131 2356 1293 2388 ὲνδοιαζέτω
1318 2355 1347 2381 δὲ
1369 2354 1425 2381 τῶν
1448 2353 1536 2380 αλλων
1562 2350 1671 2396 μηδείςῖ
1695 2347 1847 2396 [lapsi-3132.6

1050 2391 1122 2430 S‘dv
1137 2402 1186 2430 καὶ
1202 2402 1316 2436 χρήσεις
1329 2398 1420 2426 αὐτῶν
1438 2397 1551 2430 πολλὰς,
1575 2397 1639 2427 τοὺς
1665 2391 1785 2429 ἐμαυτοῦ
1801 2391 1848 2417 λό-

1050 2457 1117 2485 γους
1135 2448 1166 2481 eg
1181 2446 1270 2475 αὐτῶν
1286 2444 1478 2481 πιστούμενος,
1489 2444 1514 2470 εί
1531 2443 1571 2478 μὴ
1584 2442 1615 2469 τὸ
1630 2441 1718 2476 μῆκος
1734 2437 1847 2485 ἐδεδίειν

1051 2484 1099 2524 τοῦ
1124 2494 1300 2531 γράμματος,
1326 2493 1364 2528 μὴ
1389 2492 1443 2527 ἄρα
1471 2498 1530 2522 πως
1558 2489 1673 2524 γένηται
1694 2486 1738 2513 διὰ
1764 2484 1847 2512 τοῦτο

1049 2540 1213 2578 προσκορές.
1233 2540 1290 2566 Καὶ
1313 2539 1375 2566 κατ’
1390 2537 1489 2564 οὐδένα
1513 2536 1543 2563 δὲ
1563 2535 1665 2571 τρόπον
1681 2531 1846 2578 σαλεύεσθαι

1049 2577 1121 2623 πρός
1149 2593 1231 2613 τινων
1255 2583 1410 2620 ἀνεχόμεθα
1422 2582 1473 2618 τὴν
1489 2581 1645 2618 ὁρισθεῖσαν
1662 2579 1764 2611 πίστιν,
1783 2577 1846 2612 ἦτοι

1050 2634 1081 2661 τὸ
1099 2633 1149 2669 τῆς
1166 2633 1285 2664 πίστεως
1309 2630 1454 2666 σύμϐολον,
1479 2628 1555 2663 παρὰ
1575 2626 1630 2653 τῶν
1653 2625 1739 2660 ἁγίων
1765 2623 1846 2669 ήμῷν

1051 2679 1192 2714 Πατέρων.
1208 2677 1262 2704 τῶν
1274 2678 1304 2704 ἐν
1318 2675 1423 2711 Νικαίᾳ
1440 2673 1622 2701 συνελθόντων
1634 2671 1707 2699 κατὰ
1719 2668 1845 2714 καιρούς.

1051 2724 1121 2752 Οὕτε
1149 2723 1201 2759 μὴν
1218 2722 1406 2757 ἐπιτρέπομεν
1429 2720 1549 2753 ἑαυτοῖς,
1566 2718 1583 2754 ἢ
1602 2717 1719 2753 ἑτέροις,
1735 2714 1752 2750 ἦ
1771 2713 1846 2748 λέξιν

1074 2802 1118 2830 “‘l
1134 2802 1208 2829 Petr.
1226 2808 1263 2833 ιν,
1278 2799 1304 2826 i.
1343 2798 1366 2814 "
1383 2798 1435 2825 lsa.
1450 2805 1475 2830 ι..
1491 2796 1517 2826 6.

740 2874 827 2903 Varia:
841 2874 974 2902 lectiones
985 2874 1088 2902 codicis
1107 2869 1290 2908 Seguicriani.

254 2918 269 2940 δ
287 2919 301 2945 6
313 2917 418 2953 κύριος,
433 2916 471 2950 ἐξ.
513 2923 522 2937 τ
540 2917 576 2946 ὢν
587 2919 625 2945 ὲν.
