2024 3223
153 204 210 235 σεδ
885 210 1053 238 EPISTOLA
1072 210 1130 238 XL.
1758 209 1807 237 ise

375 263 427 292 καὶ
444 264 615 302 ιμλοχρίστῳ
634 266 748 301 βασιλεῖ,
779 267 828 295 καὶ
847 268 917 303 αὐτῇ
931 268 951 294 61

1012 268 1192 299 sanctionem,
1208 268 1228 302 1
1236 268 1256 301 1
1263 268 1284 302 1
1296 267 1371 295 illum
1381 267 1427 302 qui
1435 271 1531 295 contra
1537 267 1690 295 Salvatorls
1699 267 1804 295 Christi

151 310 184 345 τι
194 309 404 348 ἀνίᾳουνιηφ,
417 311 452 348 τῇ
463 312 539 340 κατὰ
547 313 599 349 τὴν
616 313 748 348 Ἐφεσίων
758 314 835 341 πόλιν
844 322 962 349 συναγη-

150 353 291 391 περιείη.
314 356 437 392 ποιῆσαι
458 356 468 379 '-
497 357 549 393 μιν
573 358 768 395 ἀποκήρυκτον
787 359 835 386 τὸν
858 361 891 396 τῇ
914 359 962 386 τοῦ

151 398 286 435 hil-ipe:
310 399 381 437 δόξῃ
405 403 623 439 μεμαχημένον,
644 405 845 441 ἀναθεματίσαι
867 406 896 432 δὲ
915 407 963 433 καὶ

149 443 351 477 *ἀνοσίους
369 446 458 475 αὐτοῦ
480 447 655 485 δυσφημίας,
673 451 841 487 ὁμολογῆσαι
864 461 893 479 τε
912 452 962 487 τὴν

150 489 321 527 Idam!“
351 492 459 525 αὑτοῦ,
485 494 534 522 καὶ
559 496 715 523 συναινέσαι
739 499 773 533 τῇ
810 498 962 534 χειροτονίᾳ

149 535 196 564 οὗ
209 537 379 565 όσιυιάσου
408 540 458 567 καὶ
473 540 686 568 θεοσεσεστάτου
700 543 852 570 ἐπισκόπου
872 543 961 575 Meﬁt-

151 582 260 618 ιιιανιῢ.
280 583 405 612 Τούτων
417 585 511 614 τοίνυν
530 587 623 619 αὐτοῖς
636 588 691 615 τῶν
704 589 877 624 γραμμάτων
891 590 962 616 ἁπο-

150 628 306 663 “im,
325 631 518 667 πιπὸμφασιν
536 634 577 665 εἰς
606 633 656 669 τὴν
688 635 893 670 Ἀλεξάνδρειαν
915 636 960 662 τὸν

154 674 362 705 “locum
378 677 431 704 καὶ
449 677 658 713 θεοφιλέστατον
683 681 832 708 ἐπίσκοπον
854 681 959 708 Παῦλον

423 723 494 759 πρὸς
509 723 540 750 ὃν
555 726 677 752 πλεῖστοι
693 726 743 761 μὲν
759 727 827 759 ὅσοι,
843 727 890 754 καὶ
908 736 958 762 μα-

158 766 214 804 ιρὶ
233 768 378 803 γεγόνασι
406 769 483 804 λόγοι
506 771 574 807 περὶ
590 771 646 798 τῶν
670 772 741 799 κατὰ
758 773 807 809 τὴν
827 773 959 807 Ἐφεσίων

157 813 265 850 ἢκ
278 813 291 840 i
310 814 366 843 καὶ
379 815 415 842 οὐ
437 815 618 852 καθηκόντως
632 818 786 854 εἰρημένων
798 827 829 845 τε
849 819 897 846 καὶ
910 827 958 845 πε-

158 859 342 896 τραπῆναι
369 860 486 897 Ἐπειδὴ
515 862 661 890 δὲτούτων
686 864 957 900 ὰμνημονήσαντας,

157 903 457 943 ὕθῌικιοτᾶρων
480 907 591 943 ἔχεσθαι
615 909 716 943 μᾶλλον
738 910 821 945 ἐχρῆν
839 910 956 937 σπουδα-

1013 313 1127 348 gloriam
1137 314 1277 348 pugnavit,
1286 314 1428 348 ejicerent,
1438 314 1591 348 impiasque
1599 314 1675 341 illius
1682 314 1808 349 blasphe-

1013 360 1081 387 niias
1096 360 1269 387 anathemate
1284 360 1494 392 insectarentur,
1511 361 1626 396 ejusque
1640 360 1806 395 depositionl

1013 406 1210 439 consentirent,
1234 414 1266 433 ac
1297 406 1462 433 sanctissimi
1487 407 1658 441 piissimique
1682 407 1805 443 episcopi

1012 450 1168 477 Maximiani
1194 451 1397 478 ordinationem
1422 452 1616 486 approbarent.
1645 451 1693 478 His
1712 453 1805 487 itaque

1011 495 1112 522 litteris
1139 495 1193 523 sibi
1218 496 1347 528 redditis,
1368 497 1503 523 miserunt
1526 496 1718 524 Alexandriam
1738 498 1803 525 reli-

1010 541 1197 576 giosissimum
1214 547 1242 570 et
1258 543 1412 577 piissimum
1425 543 1585 578 episcopum
1600 543 1716 570 Paulum
1727 544 1803 571 Emi-

1011 594 1118 619 senum,
1132 595 1194 614 cum
1215 595 1271 622 quo
1288 588 1335 615 diu
1354 589 1525 623 multumque
1542 588 1576 615 de
1594 588 1628 615 iis
1643 588 1729 615 rebus
1745 589 1803 616 dis-

1010 633 1096 666 serui,
1104 642 1165 668 qua:
1177 634 1279 668 Ephesi
1292 639 1392 669 praeter
1401 635 1446 669 jus
1456 638 1484 661 et
1494 633 1612 661 ollicium
1623 633 1703 661 dieue
1715 633 1803 661 factae-

1010 686 1063 713 que
1083 678 1203 706 fuerant.
1222 678 1291 711 Quia
1311 687 1378 706 vero
1398 679 1460 706 istis
1477 678 1608 705 oblivioni
1627 679 1802 709 contraditis,

1010 724 1044 751 iis
1059 725 1150 761 potius
1161 725 1236 752 curis
1248 725 1432 752 insistendum
1446 725 1603 757 videbatur,
1616 733 1677 759 qua:
1691 725 1803 759 majoris

1009 769 1140 796 momenti
1159 776 1191 796 ac
1206 769 1337 803 ponderis
1353 775 1440 803 erant,
1461 770 1640 805 interrogavi,
1667 770 1801 805 numquid

1008 815 1165 843 litterarum
1187 824 1202 842 a
1224 816 1349 850 piissimo
1363 816 1468 844 Joanne
1489 816 1618 851 episcopo
1639 817 1776 843 attulisset
1794 825 1800 843 :

1008 867 1072 887 mox
1091 860 1137 887 ille
1158 860 1304 895 epistolam
1327 861 1459 894 reddidit,
1476 869 1533 889 non
1551 869 1583 889 ea
1607 870 1668 897 qum
1681 862 1802 891 debebat

1008 908 1173 941 habentem,
1194 908 1242 936 sed
1262 908 1355 943 potius
1373 916 1428 936 non
1446 916 1502 944 quo
1521 909 1702 937 conveniebat
1719 910 1801 937 modo

466 952 493 979 εί
518 952 710 989 ὶπικομίζεται
733 943 887 990 γραμματα
908 955 951 981 τοῦ

1007 953 1138 980 dictatam
1160 962 1167 980 :
1193 955 1429 989 complectebatur
1455 943 1530 982 enim
1557 954 1721 983 irritationis
1744 956 1801 983 vim

161 993 366 1028 Mm
379 997 537 1025 ἔπισκόπου
553 999 687 1028 Ἰωάννου·
700 998 760 1027 εἶτα
767 1001 828 1035 ἐμοὶ
840 1000 956 1035 προεκό-

167 1041 414 1082 tum,
429 1043 449 1071 ἃ
472 1044 523 1079 μὲν
544 1045 627 1081 ἐχρῆν
653 1045 737 1081 ἔχειν,
759 1046 810 1073 οὐκ
828 1046 953 1081 ἔχουσαν,

408 1088 441 1116 δὲ
457 1089 570 1125 μᾶλλον,
596 1091 627 1117 οὺ
644 1091 705 1117 καθ’
722 1091 752 1118 ὃν
771 1091 826 1118 ἔδει
842 1092 952 1127 τρόπον·

174 1130 411 1169 Μ,
424 1134 457 1160 οὐ
470 1135 682 1170 παρακλήσεως,
692 1133 750 1171 εἶχε
759 1136 886 1171 δύναμιν.
899 1138 954 1165 Καὶ

169 1174 520 1216 αἱφάβρσηκάμην·
533 1181 624 1208 καίτοι
641 1190 673 1215 γε
691 1182 760 1214 δέον,
777 1184 837 1214 ταῖς
854 1183 953 1209 ἀπολο-

387 1227 614 1262 καταγοητεῦσαι
625 1227 778 1264 λύπην,τὴν
791 1228 837 1255 ἐπί
851 1238 882 1263 γε
896 1231 954 1261 τοῖς

161 1269 289 1305 ’Μ’
302 1270 356 1299 ιιι
377 1272 447 1307 παρ’
461 1272 554 1299 αὐτῶν
576 1274 702 1308 γεγονόσι
716 1274 786 1300 κατὰ
802 1275 853 1310 τὴν
873 1276 951 1309 Ἐφε-

159 1313 231 1344 Cb
252 1314 305 1347 κδ
318 1315 493 1353 ώαφόρμως
515 1317 637 1351 ἔφασκον
665 1318 867 1354 παροξυνθῆναι
891 1320 951 1347 κατ’

156 1360 233 1397 ini.
250 1361 303 1391 δή
316 1371 364 1390 τυι
387 1362 437 1390 τὸν
451 1362 534 1399 ζῆλον
553 1363 600 1391 τὸν
620 1364 690 1400 ὑπὲρ
713 1364 768 1391 τῶν
794 1364 875 1400 ιερῶν
911 1365 952 1392 δο-

152 1405 274 1442 τριων.
294 1406 372 1441 Ἀλλ’
386 1408 498 1444 ἤκουον,
515 1408 649 1436 δῃοῦτεὸ
665 1409 745 1445 ζῆλος
759 1410 857 1442 αὐτοὺς
874 1410 951 1437 κεκί-

150 1459 230 1488 Vw
251 1453 269 1481 ὁ
297 1451 472 1487 Wﬁlin:
493 1454 550 1481 τῶν
572 1455 623 1490 τῆς
649 1454 778 1490 ἀληθείας
806 1456 949 1492 δογμάτων

148 1496 390 1536 mlum,
411 1499 605 1529 συνετάττοντο
624 1501 684 1529 κατ’
708 1502 786 1537 spot").
804 1503 871 1530 ἀλλὰ
889 1505 949 1536 ταῖς

146 1542 304 1580 Μρὸ-νν
314 1545 443 1579 diana;
456 1546 627 1580 κολακείαις,
644 1548 691 1574 καὶ
706 1548 756 1580 τὰς
770 1548 825 1575 τῶν
841 1549 943 1584 ἰσχυόν-

144 1596 199 1644 ri
218 1590 258 1618 νδ
437 1591 532 1626 φιλίας
557 1593 602 1627 ἐφ’
631 1593 745 1626 ἑαυτοὺς
768 1595 947 1630 ἁρπάζοντες.
963 1615 983 1644 c

145 1634 241 1672 Ὅρος
264 1635 322 1664 τοῦ
342 1636 557 1666 θεοσεσεστάτου
586 1639 694 1667 Παύλου
722 1640 874 1668 ἐπισκόπου
898 1642 949 1676 φά-

144 1689 271 1715 Μς,
294 1682 419 1719 ἕτοιμος
436 1683 523 1719 ἔχειν,
545 1684 755 1719 ἀναθεματίζειν
778 1686 828 1718 τὰς
845 1687 947 1713 Νεστο-

409 1729 457 1756 καὶ
471 1729 613 1765 ὁμολογεῖν
629 1730 711 1757 αὑτοῦ
724 1731 774 1767 τὴν
789 1732 948 1768 καθαίρεσιν

139 1772 309 1810 mm,
328 1775 380 1802 καὶ
398 1775 479 1802 τοῦτο
491 1775 562 1812 δρᾷν
577 1776 648 1813 ὑπὲρ
665 1777 786 1811 πάντων,
803 1779 850 1805 καὶ
866 1779 904 1811 ὡς
915 1780 948 1807 ἐκ

139 1818 299 1855 qam
310 1819 425 1848 πάντων
436 1821 492 1848 τῶν
508 1821 582 1849 κατά
594 1822 644 1857 τὴν
664 1822 810 1859 ’Λνατολὴν
821 1825 947 1851 θεοσεϐε-

139 1864 440 1904 meum,
453 1866 657 1903 ἀντενήνεγμαι
672 1867 698 1902 Ιι,
712 1868 800 1903 λέγων
818 1869 864 1897 τὸν
882 1871 947 1906 παρ’

137 1909 229 1939 dua
242 1910 486 1948 εροιιομιζόμενον
498 1912 605 1949 χάρτην
618 1915 684 1950 περὶ
696 1915 803 1949 τούτου,
818 1915 947 1952 ἀρκέσειν

332 1958 404 1994 πρὸς
416 1958 449 1986 τὺ
464 1959 564 1996 χρῆναι
579 1961 670 1996 τυχεῖν
683 1961 732 1997 τῆς
744 1962 820 1998 παρὰ
836 1963 946 1990 πάντων

139 2003 224 2041 ῇμῦν
239 2003 402 2037 κοινωνίας.
425 2005 642 2042 Διεσεσαιούμην
667 2007 707 2039 δὲ,
725 2007 767 2034 ὅτι
788 2008 901 2040 πάντως
916 2018 946 2035 τε

306 2049 448 2086 ιγγραφον
458 2051 607 2086 ὁμολογίαν
618 2052 683 2088 περὶ
695 2053 800 2081 τούτων
813 2054 944 2082 ἐκθέσθαι

138 2096 283 2132 πονῆσαι
303 2095 352 2124 τὸν
365 2093 567 2125 conﬂant-0v
592 2098 640 2124 καὶ
664 2097 874 2127 θεοσεϐέστατον
894 2101 945 2136 τῆς

144 2140 316 2182 ’Μαχάων
343 2141 496 2169 trimam;
518 2141 656 2179 Ἰωάννην.
675 2144 709 2170 '0
726 2143 758 2179 δὴ
770 2145 817 2171 καὶ
837 2145 943 2179 γέγονε·

140 2187 188 2215 ιιι
206 2187 361 2222 ﬂuctuat
377 2188 410 2215 τδ
434 2188 613 2224 μεωλασοῦν,
637 2190 684 2217 καὶ
698 2191 848 2227 ἀναφοιτᾷν
862 2192 944 2228 ἀλλή-

139 2232 365 2271 μωμωον
379 2233 430 2267 τὰς
454 2233 629 2270 Ἐκκλησίας.
658 2236 729 2263 Ἀλλ’
742 2234 776 2272 ἦν
794 2238 944 2273 οὐδαμόθεν

1006 999 1099 1033 potius
1119 1007 1202 1034 quam
1224 1000 1434 1028 exhortationis.
1460 1000 1537 1028 Hanc
1559 1000 1652 1035 itaque
1674 1009 1730 1029 non
1752 1009 1799 1029 ac—

1006 1045 1134 1079 ceptavi:
1151 1053 1214 1072 nam
1235 1054 1298 1073 cum
1319 1054 1409 1074 meam
1430 1047 1515 1074 animi
1528 1047 1730 1082 mgritudinem,
1745 1055 1800 1082 qua

1005 1090 1111 1118 fueram
1125 1091 1241 1119 affectus
1254 1099 1288 1119 ex
1303 1092 1338 1119 iis
1353 1100 1414 1127 quae
1428 1097 1634 1127 praecesserant,
1647 1098 1675 1120 et
1687 1093 1722 1120 ab
1731 1093 1800 1128 ipsis

1005 1136 1105 1170 Ephesi
1123 1136 1195 1164 facta
1209 1137 1329 1168 fuerant,
1346 1138 1523 1165 excusatione
1539 1138 1629 1173 aliqua
1642 1138 1799 1165 demulcere

1005 1181 1176 1214 debuissent,
1189 1186 1295 1209 tantum
1307 1182 1386 1209 abest
1398 1187 1429 1210 ut
1444 1182 1471 1210 id
1488 1183 1615 1215 fecerint,
1628 1187 1660 1210 ut
1677 1191 1708 1210 se
1727 1190 1798 1217 quo—

1005 1233 1058 1260 que
1070 1230 1184 1260 propter
1197 1234 1339 1254 sacrorum
1350 1226 1508 1262 dogmatum
1521 1228 1609 1255 zelum
1620 1228 1682 1262 jure
1694 1228 1799 1262 optimo

1003 1271 1072 1298 mihi
1094 1271 1286 1298 succensuisse
1307 1271 1444 1299 dicerent.
1462 1273 1498 1298 At
1519 1280 1553 1299 ex
1572 1279 1617 1298 me
1637 1271 1797 1303 audiebant,

1003 1325 1054 1343 nec
1076 1317 1201 1344 divinum
1223 1317 1312 1344 zelum
1333 1317 1406 1351 ipsos
1428 1318 1557 1350 movisse,
1576 1326 1627 1345 nec
1651 1318 1724 1353 quod
1747 1326 1798 1352 pro

1002 1363 1128 1389 veritatis
1151 1362 1326 1398 dogmatibus
1348 1369 1515 1398 pugnarent,
1540 1364 1627 1391 aciem
1649 1363 1797 1391 adversum

1002 1416 1045 1435 me
1064 1416 1229 1443 componere
1248 1417 1254 1435 :
1270 1409 1319 1436 sed
1339 1409 1413 1444 quod
1434 1410 1577 1437 hominum
1601 1410 1796 1438 assentationi-

1002 1453 1054 1480 bus
1072 1453 1163 1481 locum
1182 1454 1293 1486 darent,
1306 1463 1338 1482 ae
1357 1463 1454 1482 eorum
1468 1455 1516 1490 qui
1534 1460 1599 1483 tunc
1615 1460 1742 1490 potentes
1757 1456 1798 1483 vi-

1001 1499 1148 1533 debantur,
1166 1500 1302 1528 amicitias
1319 1500 1373 1527 sibi
1393 1501 1583 1528 conciliarent.
1600 1502 1796 1529 Verumtamen

1001 1554 1064 1574 cum
1082 1546 1306 1581 religiosissimus
1323 1547 1471 1582 episcopus
1491 1547 1593 1575 Paulus
1610 1552 1736 1582 paratum
1752 1548 1796 1574 di-

1000 1597 1077 1620 ceret
1090 1592 1211 1620 Nestorii
1226 1593 1411 1627 blasphemias
1423 1593 1666 1627 anathematizare,
1680 1594 1797 1629 scripto-

1000 1647 1054 1674 que
1071 1640 1098 1666 in
1115 1639 1189 1666 illius
1205 1638 1408 1673 depositionem
1422 1639 1590 1672 consentire,
1608 1643 1691 1674 atque
1702 1640 1729 1667 id
1745 1648 1796 1675 pro

1000 1685 1139 1717 omnibus,
1151 1689 1180 1712 et
1194 1689 1323 1720 tanquam
1333 1693 1365 1712 ex
1377 1685 1518 1712 communi
1529 1686 1652 1713 omnium
1665 1685 1794 1714 Orienta-

999 1731 1068 1759 lium
1089 1731 1361 1766 religiosissimorum
1385 1731 1578 1766 episcoporum
1595 1739 1714 1766 persona
1733 1740 1794 1760 sese

998 1775 1090 1804 facere
1112 1775 1277 1808 afﬁrmaret;
1300 1776 1455 1803 inferebam
1479 1784 1591 1804 rursum
1614 1777 1739 1804 chartam
1759 1778 1794 1805 ab

998 1822 1059 1857 ipso
1070 1823 1203 1858 prolatam
1217 1823 1269 1858 ipsi
1282 1824 1334 1851 soli
1348 1824 1382 1851 ad
1398 1833 1484 1852 unum
1498 1825 1551 1852 hoc
1565 1825 1702 1859 sufﬁcere,
1718 1830 1749 1853 ut
1765 1826 1795 1854 in

998 1868 1123 1896 omnium
1143 1872 1269 1896 noslrum
1290 1871 1513 1898 communionem
1534 1872 1716 1907 reciperetur.
1736 1872 1794 1900 Mo—

997 1914 1041 1941 dis
1057 1918 1151 1942 autem
1169 1915 1300 1943 omnibus
1318 1924 1387 1951 opus
1406 1924 1468 1945 e5se
1483 1916 1662 1950 aﬁirmabam,
1678 1921 1709 1945 ut
1727 1918 1794 1945 reli-

997 1960 1169 1995 giosissimus
1186 1961 1491 1998 reverendissimnsque
1505 1963 1625 1992 Joannes
1641 1963 1792 1991 Antioche-

996 2014 1050 2034 nus
1062 2007 1210 2042 episcopus
1224 2008 1355 2043 scriptam
1373 2008 1418 2036 his
1437 2009 1472 2037 de
1490 2010 1574 2037 rebus
1592 2010 1794 2038 confessionem

995 2051 1100 2080 ederet.
1120 2053 1149 2081 Id
1170 2054 1244 2088 quod
1260 2054 1316 2089 jam
1332 2054 1436 2083 factum
1452 2060 1512 2090 est;
1531 2056 1705 2091 cessavitque
1719 2056 1793 2091 quod

995 2097 1134 2127 Ecclesiae
1156 2099 1342 2135 disjungebat,
1364 2104 1393 2128 et
1412 2109 1428 2128 a
1447 2108 1478 2129 se
1494 2101 1613 2129 invicem
1633 2101 1792 2129 divellebat.

995 2143 1098 2171 Verum
1122 2144 1282 2173 nullatenus
1310 2145 1428 2173 dubium
1456 2151 1518 2174 erat
1539 2146 1598 2174 fore
1621 2151 1652 2174 ut
1671 2147 1791 2175 Nestorii

996 2189 1232 2224 blasphemiarum
1260 2195 1480 2226 propugnatores
1500 2191 1606 2220 invidia
1630 2192 1791 2220 extabesce-

995 2239 1066 2268 rent,
1080 2234 1127 2263 ubi
1148 2236 1271 2271 primum
1291 2240 1450 2265 sanctarum
1471 2238 1659 2266 Ecclesiarum
1677 2247 1730 2274 pax
1745 2247 1791 2267 re-

140 2277 314 2315 Wv,’
323 2278 435 2315 ὅτιτῶν
447 2279 597 2316 Νεστορίου
611 2280 777 2316 δυσφημιῶν
807 2282 871 2314 τοὺς
888 2283 941 2309 ὑπ-

1001 2282 1214 2317 dintegraretur.
1229 2283 1336 2317 Quibus
1350 2292 1416 2312 sane
1433 2284 1569 2320 ejusmodi
1586 2285 1728 2321 quidpiam
1745 2294 1791 2314 ac—

141 2323 285 2359 σκευῆς
296 2324 468 2361 κατατήξιιν
481 2325 578 2361 tam:
596 2326 652 2354 τῶν
669 2327 754 2362 ἁγίων
775 2327 943 2364 Ἐκκλησιῶν

142 2369 282 2408 im.
298 2370 357 2398 Kal
372 2379 419 2406 μοι
431 2371 542 2400 δοκοῦσι
553 2373 675 2400 τοιοῦτόν
689 2382 716 2400 τι
730 2373 839 2407 παθεῖν,
853 2375 943 2402 ὁποῖόν

142 2414 360 2452 “Laudabunt!
384 2415 446 2448 ἔθος
468 2417 526 2448 τοῖς
546 2417 677 2453 νήχεσθαι
709 2418 758 2453 μὲν
779 2418 830 2445 οὐκ
849 2419 942 2453 εἰδόσι,

143 2459 210 2494 ά
222 2459 235 2482 ι
250 2469 288 2496 τι
310 2459 366 2497 μὴν
379 2461 522 2498 ἀδοκήτως
535 2462 762 2500 ἀπολισθήσασιν.
781 2463 813 2491 Οἳ
832 2465 943 2493 ἐπειδὰν

143 2506 384 2543 minim-rat,
397 2507 481 2540 πόδας
501 2516 533 2535 τε
553 2509 601 2536 καὶ
626 2511 721 2545 χεῖρας
745 2507 798 2537 ὧδε
830 2512 943 2538 κάκεῖσε

144 2546 373 2591 Ws;
395 2553 532 2588 ἀτάκτως,
554 2555 602 2581 τοῦ
621 2556 827 2591 παρατυχόντος
850 2557 944 2590 ἁπλῶς

145 2599 372 2637 ἱέμην-ται,
396 2599 610 2636 φιλοψυχοῦντες
634 2601 662 2628 οἱ
684 2601 809 2629 δείλαιοι.
829 2603 866 2630 ’Ἡ
891 2604 942 2630 οὐκ

144 2642 245 2683 ηιξ
265 2646 371 2681 ειπεζν,
391 2645 431 2678 ὡς
445 2645 644 2682 τεθορύσηνται
671 2647 731 2674 λίαν
743 2668 750 2680 ,
769 2648 942 2681 ἐκπεσόντες,

148 2690 192 2719 an!
214 2689 422 2728 μεμονωμένοι,
438 2690 488 2717 καὶ
512 2689 566 2723 ἔξω
579 2691 724 2726 γεγονότες
744 2691 800 2718 τῶν
824 2692 942 2728 Ἐκκλη-

150 2737 222 2771 etin,
238 2736 274 2770 ις
288 2735 420 2772 ἐνόμιζον
441 2735 553 2763 ἔσεσθαι
567 2737 637 2772 πρὸς
653 2738 815 2773 ἐπικουρίαν
832 2739 942 2773 αὑτοῖς;

152 2781 244 2810 Ἦοΰι
263 2782 444 2818 ἁσχάλλουσι,
459 2782 509 2809 καὶ
530 2782 612 2809 τοῦτο
632 2783 665 2811 οὐ
680 2783 818 2819 φορητῶς,
836 2785 944 2821 ἀποπη-

993 2327 1095 2356 cidisse
1123 2329 1235 2357 videtur
1261 2331 1346 2363 mihi,
1371 2330 1526 2366 cujusmodi
1557 2331 1612 2359 illis
1643 2333 1792 2360 usuvenire

992 2375 1062 2402 solet
1077 2375 1167 2409 112,
1182 2375 1229 2410 qui
1246 2384 1310 2403 cum
1326 2380 1424 2404 natare
1439 2377 1575 2411 nesciant,
1591 2385 1607 2405 e
1619 2378 1682 2405 navi
1697 2383 1790 2406 tamen

992 2420 1084 2447 subito
1109 2421 1231 2456 prolapsi
1251 2426 1326 2450 sunt.
1349 2422 1383 2449 Hi
1408 2423 1483 2450 enim
1503 2428 1682 2459 posteaquam
1703 2425 1790 2460 mergi

992 2466 1139 2501 incipiunt,
1164 2467 1249 2501 pedes
1273 2476 1426 2504 manusque
1450 2469 1502 2496 hac
1524 2470 1587 2497 illac
1608 2470 1790 2505 incomposite

991 2512 1104 2546 jactant,
1120 2513 1328 2549 retinendaeque
1343 2515 1407 2542 vita:
1422 2515 1526 2550 cupidi,
1539 2515 1673 2550 quidquid
1689 2515 1717 2543 in
1729 2523 1788 2543 ma-

993 2565 1047 2585 nus
1060 2558 1131 2586 forte
1145 2559 1264 2592 venerit,
1282 2559 1310 2587 id
1322 2564 1432 2588 temere
1453 2560 1591 2595 arripiunt
1608 2560 1714 2588 miseri.
1734 2560 1791 2588 Διι-
1840 2571 1844 2580 ι

994 2611 1050 2630 non
1068 2612 1133 2632 vere
1153 2605 1208 2632 dici
1230 2609 1322 2640 potest
1337 2598 1386 2634 eos
1415 2605 1595 2633 vehementer
1612 2604 1789 2640 perturbatos

995 2653 1241 2686 consternatosque
1262 2658 1334 2684 esse,
1355 2650 1430 2686 quod
1452 2657 1482 2678 se
1506 2649 1646 2678 desolatas
1663 2653 1692 2677 et
1710 2654 1788 2678 extra
1838 2670 1842 2676 .

994 2703 1041 2723 eas
1051 2696 1183 2724 ecclesias
1194 2697 1297 2732 ejectos
1311 2697 1459 2732 pulsosque
1473 2695 1707 2729 animadvertunt,
1720 2704 1789 2731 quas

994 2740 1046 2767 sibi
1071 2740 1231 2776 adjumento
1261 2741 1369 2769 futuras
1396 2741 1562 2776 sperabant?
1586 2740 1675 2774 Quid?
1695 2748 1786 2768 annon

994 2786 1183 2822 indignissime
1202 2787 1305 2821 ferunt,
1325 2794 1388 2815 cum
1409 2787 1506 2815 vident
1522 2795 1592 2823 quos
1609 2787 1788 2820 scduxcrant,

688 2860 776 2889 Varia:
786 2862 919 2890 lectiones
930 2863 1033 2892 codicis
1047 2863 1230 2899 Seguicriani.

189 2918 354 2948 lmiaﬂat.
394 2918 403 2945 i
422 2918 519 2956 ὠμῶς.
558 2918 570 2939 ¹ι
587 2919 783 2956 ἁντενήνεγκα.
826 2920 833 2939 ¹
850 2921 934 2957 ὅμως.
