4048 6436
495 382 596 438 187

1523 380 1579 436 S.
1621 381 1898 441 CYRILLI
1939 383 2414 440 ALEXANDBINI
2454 382 2773 440 ARClllEP.

3667 375 3770 430 188

473 501 850 572 profanisque
873 498 990 554 suis
1009 513 1206 555 vocum
1233 500 1576 560 novitatibus
1603 504 1652 536 ⁸³
1676 505 2084 574 quodammodo

2203 507 2392 570 ἰῶντας
2430 505 2613 561 αὐτῶν
2651 504 2779 567 τοὺς
2816 499 3202 572 ἠπατημένους
3239 497 3496 570 ὁρῶντες,
3529 497 3624 551 καὶ
3661 496 3772 550 λοι-

491 595 826 650 temulentos
877 593 1262 659 reddiderant,
1310 610 1342 648 a
1393 611 1451 650 se
1499 597 1733 663 resilire,
1761 607 1818 654 et
1853 601 1966 671 jam
2010 600 2079 655 ad

490 685 739 740 veritatis
789 685 1148 741 sobrietatem
1212 686 1428 742 redire?
1463 687 1628 758 Atqui
1668 701 2080 761 peropportune

492 775 603 831 illis
639 775 806 846 objici
849 784 1052 845 potest,
1083 777 1232 845 quod
1268 779 1592 848 prophetica
1628 795 1763 836 voce
1799 783 2080 852 proditum

490 876 672 923 exstat
721 887 734 920 :
787 887 806 918 ι
856 867 1316 938 Congregamini,
1371 871 1587 940 inquit,
1641 877 2078 946 etcolligamini,

451 976 630 1030 gens
674 960 988 1024 inerudita,
1041 969 1335 1031 antequam
1388 962 1700 1019 eﬂiciamini
1755 967 1925 1022 veluti
1983 967 2081 1020 lio.°

495 1052 774 1106 transiens
805 1051 872 1104 “.
915 1071 934 1102 ι
989 1052 1194 1122 thuid
1232 1053 1380 1109 enim
1422 1054 1730 1110 alienorum
1773 1058 2082 1112 vomituum

493 1141 626 1196 lacti
659 1151 790 1198 sunt
830 1144 1087 1212 parasiti,
1123 1159 1226 1198 nec
1259 1144 1549 1214 pudeﬁunt
1583 1147 1764 1200 alieno
1791 1162 1952 1202 emno
1985 1163 2084 1202 sua
2127 1139 2136 1146 ’

497 1233 744 1302 ipsorum
760 1234 927 1289 corda
958 1234 1359 1291 delmdantesh
1381 1235 1567 1300 Surdi,
1595 1236 1805 1302 audite,
1831 1246 1907 1303 et,
1931 1239 2081 1304 caeci,

497 1332 560 1378 ut
598 1325 835 1380 videatis
879 1324 1143 1394 suspicite
1173 1327 1239 1380 ".
1295 1326 1508 1382 Sentite
1563 1327 1632 1382 de
1682 1327 1917 1382 Domino
1963 1344 2087 1398 qua:

496 1432 628 1472 vera
671 1425 834 1480 sunt,
885 1425 944 1472 et
989 1419 1046 1473 in
1098 1419 1451 1489 simplicitate
1497 1419 1684 1475 cordis
1731 1420 1962 1489 quaerite
2016 1420 2085 1474 il-

497 1509 614 1563 lum
639 1509 706 1563 ⁸⁸.
744 1528 761 1560 δ
813 1509 945 1576 Quae
979 1512 1129 1566 enim
1168 1512 1327 1567 vobis
1364 1521 1450 1566 est
1494 1511 1882 1581 multiplicium
1926 1511 2086 1567 adin-

497 1602 822 1656 ventionum
853 1611 911 1659 et
943 1619 1329 1674 perversarum
1365 1604 1688 1673 opinionum
1722 1605 1967 1659 utilitas?
2004 1614 2088 1660 ut-

496 1695 634 1765 quid
665 1704 875 1751 rectam
905 1697 1282 1766 vituperantes
1315 1697 1588 1762 semitam,
1621 1697 1878 1751 incurvas
1908 1696 2088 1752 facitis

497 1796 714 1844 vestras
739 1789 952 1844 orbitas
985 1789 1068 1842 l‘7?
1107 1808 1125 1840 ι
1157 1789 1364 1844 Novate
1404 1790 1562 1844 vobis
1596 1790 1729 1858 ipsis
1756 1790 1994 1854 novalia,
2032 1799 2089 1844 et

2183 599 2287 652 πδν
2314 598 2694 668 ἀνανήφοντας
2721 597 2802 658 είς
2826 593 3088 664 ἀλήθειαν
3114 594 3242 655 τοὺς
3269 593 3392 655 ταῖς
3429 591 3561 660 παρ’
3591 589 3776 645 αὑτῶν

2185 688 2434 761 βεϐήλοις
2459 686 2850 756 καινοφωνίαις
2888 684 3050 738 οἱονεί
3077 701 3192 747 πως
3219 680 3774 752 ἑκμεμεθυσμένους;

2183 781 2382 834 Καίτοι
2416 779 2552 850 φαίη
2579 796 2665 841 τις
2695 777 2762 832 ἂν
2792 777 2998 841 αὐτοῖς,
3034 777 3132 830 καὶ
3178 775 3303 828 λίαν
3343 773 3438 828 ἑπὶ
3469 772 3686 844 καιροῦ,
3711 772 3779 826 τὸ

2181 872 2272 926 διὰ
2297 872 2398 942 τῆς
2423 870 2520 924 τοῦ
2554 871 2835 941 προφήτου
2861 867 3067 939 φωνῆς·
3095 885 3116 919 ι
3151 865 3482 937 Συνάχθητε,
3525 863 3620 918 καὶ
3653 881 3779 918 συν-

2182 963 2395 1032 δέθητε,
2434 963 2496 1016 τὸ
2547 962 2698 1025 ἔθνος
2731 961 2793 1014 τὸ
2831 961 3191 1024 ἀπαίδευτον,
3226 959 3334 1029 πρὸ
3376 957 3470 1010 τοῦ
3518 955 3780 1024 γενέσθαι

2186 1055 2331 1125 ὑμᾶς
2360 1055 2497 1108 ὼσεὶ
2523 1055 2683 1118 ἄνθος
2710 1051 3248 1125 παραπορευόμενον.
3288 1068 3308 1101 ι
3339 1048 3438 1102 Διά
3467 1047 3657 1117 τίγάρ
3683 1063 3780 1114 γε-

2185 1147 2407 1214 γόνασιν
2437 1147 2737 1217 ἀλλοτρίων
2776 1145 2990 1216 ἐμέτων
3017 1143 3337 1215 παράσιτοι,
3362 1143 3464 1195 οὐκ
3491 1139 3783 1210 αἰσχύνον-

2187 1256 2280 1292 ται
2319 1240 2379 1293 δὲ
2417 1241 2531 1303 τοῖς
2581 1239 2771 1310 ἑτέρου
2818 1237 3104 1309 βορϐόροις
3135 1235 3236 1298 τὰς
3290 1234 3504 1290 ἑαυτῶν
3550 1231 3786 1302 καρδίας

2188 1332 2678 1402 καταμιαίνοντες;
2707 1349 2726 1381 ‹
2747 1331 3024 1398 Οίκωφοὶ,
3053 1327 3348 1390 ἀκούσατε,
3377 1326 3472 1379 καὶ
3487 1326 3538 1378 οἱ
3563 1324 3781 1394 τυφλοὶ,

2190 1422 2536 1492 ἀναϐλέψατε
2575 1421 2725 1475 ίδεῖν.
2752 1422 3069 1493 ⁴Ιυρονήσατε
3109 1420 3240 1492 περὶ
3277 1417 3374 1472 τοῦ
3415 1417 3620 1488 Κυρίου
3649 1417 3788 1487 ἀλη-

2190 1514 2281 1584 θῆ·
2331 1513 2427 1566 καὶ
2479 1515 2538 1568 ἑν
2586 1512 2852 1583 ἁπλότητι
2895 1511 3126 1584 καρδίας
3174 1510 3450 1580 ζητήσατε
3510 1509 3696 1564 αὐτόν.
3756 1526 3778 1560 ι

2191 1607 2327 1660 Ποία
2379 1605 2489 1678 γὰρ
2530 1606 2692 1676 χρεία
2733 1603 3092 1660 πολυπλόκων
3140 1603 3274 1673 ὑμῖν
3313 1601 3636 1674 εὑρεμάτων
3688 1601 3790 1654 καὶ

2188 1699 2366 1767 λόγων
2399 1697 2884 1770 διεστραμμένων;
2915 1697 2969 1750 τί
2998 1696 3101 1767 τὴν
3136 1696 3226 1749 ἐπ’
3247 1695 3376 1749 εὐθὺ
3401 1691 3789 1766 περιυϐρίζον-

2187 1807 2280 1855 τες
2314 1791 2524 1862 τρίϐον,
2563 1790 2863 1862 καμπύλας
2898 1792 3105 1843 ποιεῖτε
3149 1787 3250 1852 τὰς
3279 1785 3491 1840 ἑαυτῶν
3527 1785 3792 1856 τροχιὰς

501 1881 676 1935 nolite
724 1881 1000 1936 seminare
1049 1881 1194 1936 inter
1241 1881 1428 1950 spinas
1454 1879 1520 1932 ⁸⁸.
1564 1900 1582 1931 ι
1628 1879 2088 1951 Quandoquidem

2203 1902 2216 1934 r
2255 1881 2512 1937 Νεώσατε
2550 1884 2762 1946 ἑαυτοῖς
2799 1881 3078 1953 νεώματα,
3125 1881 3221 1934 καὶ
3281 1879 3355 1950 μὴ
3407 1877 3661 1947 σπείρετε
3692 1877 3784 1930 ἑπ³

500 1971 858 2028 vehementer
881 1981 1110 2043 propter
1131 1984 1446 2028 sanctarum
1471 1972 1844 2028 Ecclesiarum
1875 1987 2086 2042 pacem,

499 2067 565 2117 ut
594 2061 730 2127 dixi,
760 2063 1122 2128 consternati,
1155 2077 1251 2117 eos
1281 2062 1378 2133 qui
1407 2063 1600 2118 eadem
1637 2077 1763 2117 cum
1797 2062 1933 2132 ipsis
1962 2077 2091 2117 sen-

499 2149 608 2204 tire
647 2150 865 2216 nolunt,
898 2151 1329 2207 malitiosissime
1365 2152 1630 2218 lacerant,
1664 2160 2093 2222 sanctorumque

499 2240 911 2310 episcoporum,
951 2241 1338 2308 Orientalium,
1364 2245 1612 2313 inquam,
1649 2245 1955 2316 apologiam
1981 2261 2093 2299 non

501 2331 713 2401 absque
735 2333 1102 2389 amarulentia
1129 2335 1524 2404 proscindunt;
1555 2335 1920 2406 eamdemque
1943 2336 2012 2391 ad
2038 2336 2094 2390 id

500 2424 650 2494 quod
703 2425 810 2479 sibi
864 2433 1082 2496 gratum
1134 2427 1485 2498 amicumque
1539 2437 1626 2484 est
1677 2429 2094 2501 detorquentes,

499 2531 782 2587 praveque
817 2516 1272 2587 interpretantes,
1299 2534 1330 2573 a
1362 2519 1603 2575 Nestorii
1640 2536 1839 2576 vocum
1876 2524 2095 2580 novita-

503 2606 653 2662 tibus
690 2623 803 2662 non
841 2608 1146 2664 abhorrere
1181 2609 1544 2664 contendunt.
1577 2610 1721 2676 Quin
1744 2620 1804 2666 et
1825 2628 1927 2667 nos
1956 2629 2096 2682 quo-

501 2713 614 2766 que
653 2712 763 2751 una
799 2697 1142 2767 vituperant,
1168 2699 1328 2768 quasi
1363 2700 1431 2754 iis
1461 2716 1584 2770 qua:
1607 2701 1719 2770 jam
1750 2701 2096 2771 scripsimus,

2192 1976 2478 2039 ἀκάνθαις.
2521 1993 2540 2026 ι
2585 1974 2866 2038 Ἀλύοντες
2895 1973 3027 2044 γὰρ,
3063 1973 3140 2036 ὡς
3176 1973 3336 2041 ἔφην,
3372 1971 3464 2024 ἑπὶ
3492 1973 3560 2040 τῇ
3591 1968 3792 2039 εἰρήνῃ

2189 2068 2303 2122 τῶν
2354 2068 2527 2138 ἁγίων
2568 2067 2930 2139 Ἐκκλησιῶν,
2983 2068 3112 2129 τοὺς
3154 2065 3229 2137 μὴ
3275 2063 3682 2134 ἀνασχομένους
3719 2061 3794 2114 τά

2193 2161 2284 2214 ἴσα
2314 2161 2532 2230 φρονεῖν
2563 2160 2784 2224 αὐτοῖς,
2835 2157 3258 2228 κακουργότατα
3301 2154 3648 2224 διασύρουσι·
3692 2151 3795 2205 καὶ

2193 2251 2629 2323 καταγορεύουσι
2668 2251 2885 2322 πικρῶς
2943 2251 3046 2321 τῆς
3097 2247 3393 2316 ἀπολογίας
3451 2247 3560 2300 τῶν
3613 2244 3795 2314 ἁγίων

2195 2347 2535 2409 ἑπισκόπων,
2568 2344 2679 2398 τῶν
2717 2343 2826 2398 ἀπὸ
2870 2345 2972 2413 τῆς
3011 2343 3158 2414 ἑῴας
3212 2340 3376 2412 φημίο
3407 2334 3527 2391 εἶτα
3574 2336 3799 2408 περιέλ-

2197 2457 2384 2504 κοντες
2409 2437 2578 2508 αὐτὴν
2613 2435 2755 2506 πρὸς
2787 2436 2850 2488 τὸ
2879 2435 3095 2497 ἑαυτοῖς
3129 2432 3229 2503 ἠδύ
3257 2447 3317 2483 τε
3353 2430 3448 2483 καὶ
3483 2428 3656 2497 φίλον,
3696 2425 3800 2479 καὶ

2197 2531 2444 2594 νοοῦντες
2474 2531 2574 2583 οὐκ
2607 2528 2806 2599 ὀρθῶς,
2859 2527 2960 2580 οὐκ
3009 2526 3326 2595 ἀπᾳδόντως
3359 2521 3612 2590 γενέσθαι
3659 2519 3804 2588 φασὶ

2197 2625 2319 2687 ταῖς
2347 2620 2646 2692 Νεστορίου
2690 2617 3049 2687 κενοφωνίαις
3100 2624 3162 2669 ιη.
3214 2612 3700 2683 Συγκαταψέγουσι
3741 2609 3806 2662 δὲ

2200 2715 2294 2768 καὶ
2325 2715 2476 2784 ἡμᾶς
2515 2713 2590 2775 ὼς
2617 2709 2700 2774 οἷς
2727 2710 2828 2781 ἤδη
2862 2709 3249 2780 γεγράφαμεν,
3279 2703 3698 2776 ’πεφρονηκότας
3729 2701 3812 2754 τά

504 2789 789 2843 contraria
818 2791 1173 2846 senserimus.
1202 2791 1454 2862 Intelligo
1477 2807 1612 2848 vero
1643 2802 1701 2848 et
1739 2793 1846 2848 hoc
1877 2809 2099 2863 quoque

2203 2809 2440 2862 ἑναντια.
2465 2803 2744 2858 Μανθάνω
2773 2801 2849 2866 δὲ,
2875 2802 2956 2855 ὃτι
2987 2798 3212 2853 κάκεῖνό
3233 2813 3401 2865 φασιν
3452 2795 3534 2848 ὅτι
3561 2794 3810 2854 πίστεως

505 2880 634 2970 illos
653 2880 816 2936 nobis
835 2881 1098 2952 obiicere,
1124 2899 1324 2955 nempe
1347 2885 1496 2954 quod
1522 2884 1649 2939 ﬁdei
1673 2885 2098 2954 expositionem,

2203 2901 2442 2965 ἔκθεσιν,
2475 2899 2596 2970 ἦτοι
2637 2895 2908 2967 σύμϐολον
2942 2892 3150 2957 καινὸν,
3187 2890 3391 2961 ἀρτίως
3431 2884 3812 2955 κατεδεξάμεο

507 2969 626 3024 sive
670 2986 877 3026 novum
928 2973 1239 3044 symbolum
1287 2976 1690 3045 receperimus,
1738 2976 1896 3046 quasi
1941 2985 2102 3032 vetus

2203 2994 2294 3060 θα,
2328 2993 2472 3063 τάχα
2500 2969 2610 3044 που
2642 2990 2705 3042 τὸ
2747 2988 2976 3060 ἀρχαῖον
3003 2986 3203 3048 ἐκεῖνο,
3239 2983 3336 3036 καὶ
3368 2981 3564 3034 σεπτὸν
3593 2978 3807 3049 ἀτιμά-

507 3062 648 3118 illud
672 3065 1160 3138 venerandumque
1183 3068 1484 3139 aspernati.
1509 3069 1579 3123 At
1605 3087 1624 3120 ‹
1650 3070 1855 3124 stultus
1878 3069 2100 3139 quidem

2206 3062 2572 3149 σαντεςςΚαὶ
2608 3099 2629 3133 ι
2674 3083 2703 3136 ὁ
2753 3079 2850 3151 μὲν
2903 3077 3087 3150 μωρὸς
3133 3074 3292 3148 μωρά
3331 3073 3590 3144 λαλήσει-
3631 3071 3730 3124 καὶ
3774 3072 3812 3141 ἡ

507 3156 681 3211 stulta
711 3158 991 3228 loquetur,
1025 3169 1084 3215 et
1111 3176 1210 3216 cor
1242 3161 1392 3217 illius
1416 3178 1559 3216 vana
1587 3161 1949 3216 meditabitur
1975 3161 2042 3215 ⁸⁸.
2075 3181 2094 3214 ι

2205 3178 2404 3250 καρδία
2435 3174 2601 3230 αὑτοῦ
2635 3174 2842 3245 μάταια
2887 3171 3095 3241 νοήσει.
3137 3187 3158 3220 ι
3194 3166 3344 3237 Πλὴν
3390 3164 3567 3218 ἑκεῖνό
3596 3177 3810 3233 φαμεν

507 3248 650 3303 Illud
687 3251 1068 3307 tantummodo
1096 3253 1334 3308 dicimus
1358 3269 1482 3319 nos,
1520 3268 1701 3323 neque
1733 3268 1933 3308 novam
1972 3252 2100 3308 ﬁdei

2203 3243 2552 3330 OO'ﬂEﬂEEC
2603 3243 2820 3319 ἔκθεσιν
2872 3260 3164 3332 ἑξῄτηνται
3230 3255 3362 3327 παρ’
3397 3253 3557 3326 ἡμῶν
3620 3267 3812 3318 τινες,

507 3343 912 3412 expositionem
943 3345 1014 3400 ab
1039 3346 1154 3400 ullo
1181 3349 1451 3416 exegisse,
1478 3361 1662 3416 neque
1687 3345 1760 3400 ab
1787 3345 1912 3400 aliis
1940 3345 2103 3399 inno-

508 3444 694 3493 vatam
732 3437 1046 3493 admisisse.
1087 3438 1300 3495 Sullicit
1331 3439 1480 3494 enim
1523 3439 1688 3494 nobis
1728 3438 1912 3492 divina
1953 3437 2104 3493 Scri-

509 3536 697 3598 ptura,
722 3537 1151 3600 sanctorumque
1189 3533 1414 3587 Patrum
1449 3531 1764 3602 prudentia,
1789 3539 1846 3586 et
1883 3531 2104 3602 symbo-

513 3621 629 3676 lum
658 3620 784 3676 ﬁdei
814 3622 884 3677 ad
908 3623 1095 3678 omnia
1121 3633 1272 3680 recta
1294 3624 1549 3695 dogmata
1577 3633 1704 3694 apte
1733 3623 1950 3692 riteque
1977 3638 2110 3678 con-

513 3712 819 3768 cinnatum.
838 3713 976 3781 Quia
1001 3731 1135 3770 vero
1161 3715 1496 3771 sanctissimi
1524 3715 1824 3770 orientales
1836 3716 2105 3786 episcopi,

515 3820 643 3861 cum
688 3805 892 3875 Ephesi
937 3817 1145 3876 essent,
1190 3823 1223 3864 a
1267 3808 1431 3864 nobis
1485 3808 1643 3878 113
1681 3808 2106 3876 dissentiebant,

516 3911 694 3966 eaque
732 3896 801 3952 de
833 3913 1019 3964 causa,
1046 3900 1205 3969 quasi
1249 3899 1720 3970 blasphemiarum
1749 3900 1988 3957 Nestorii
2026 3901 2109 3957 la-
2145 3914 2148 3917 '

517 3988 678 4057 queis
713 3989 912 4046 irretiti
957 3999 1301 4056 tenerentur,
1341 3992 1581 4061 suspecti
1607 4002 1802 4061 erant;
1830 4001 1892 4048 ut
1913 4009 1982 4049 eo
2004 3993 2113 4050 cri-

519 4082 669 4136 mine
716 4098 776 4138 se
819 4084 1143 4150 liberarent,
1185 4084 1590 4156 inculpataeque
1617 4086 1744 4164 fidei
1769 4087 2113 4144 amatoribus

520 4189 621 4244 per
641 4175 826 4230 omnia
849 4175 1251 4244 satisfacerent,
1277 4191 1341 4232 ac
1360 4177 1699 4236 Nestoriana:
1726 4177 2026 4250 impietatis
2054 4195 2114 4235 se

520 4265 778 4338 exp‘ertes
791 4285 912 4325 esse
931 4269 1308 4336 ostenderent,
1327 4271 1637 4342 apologiam
1657 4277 2110 4342 composuerunt,

523 4369 582 4418 et
612 4360 666 4416 id
689 4361 912 4431 quidem
943 4362 1239 4418 admodum
1270 4364 1592 4434 prudenter,
1623 4371 1838 4419 tantum
1871 4363 2032 4420 abest
2055 4370 2118 4418 ut

527 4455 636 4510 hoc
651 4453 894 4510 istorum
924 4454 1131 4510 factum
1169 4457 1352 4526 aliqua
1383 4457 1611 4512 omnino
1639 4465 1772 4512 nota
1799 4468 1896 4512 aut
1925 4469 2114 4526 repre-

529 4544 798 4599 hensione
817 4544 1045 4615 dignum
1061 4545 1338 4600 videatur.
1359 4545 1499 4613 Quid
1523 4549 1693 4614 enim,
1711 4549 1757 4603 si
1781 4549 1900 4618 ipse
1922 4548 2118 4602 Nesto-

527 4635 646 4690 rius
675 4649 746 4689 eo
778 4645 1046 4705 tempore,
1082 4652 1195 4706 quo
1229 4653 1260 4691 a
1301 4639 1460 4695 nobis
1496 4641 1756 4696 omnibus
1793 4639 1876 4692 illi
1912 4652 2116 4708 propo-

526 4727 787 4792 nebatur,
807 4735 1065 4797 oportere
1087 4736 1149 4783 ut
1165 4745 1264 4785 sua
1288 4729 1405 4801 ipse
1427 4732 1684 4804 dogmata
1700 4729 2116 4794 condemnaret,

525 4815 930 4888 veritatemque
959 4819 1406 4889 amplecteretur,
1437 4823 1701 4893 scriptam
1739 4819 1810 4873 iis
1844 4819 1914 4873 de
1951 4818 2122 4874 rebus

527 4909 934 4966 confessionem
973 4912 1336 4978 exhibuisset,
1369 4914 1646 4984 quispiam
1686 4911 1936 4966 dicturus
1976 4921 2118 4976 erat,

529 5003 688 5059 illum
722 5019 926 5061 novum
968 5005 1094 5062 ﬁdei
1137 5007 1445 5078 symbolum
1487 5007 1650 5062 nobis
1684 5005 2124 5074 conscripsisse?

527 5093 668 5160 Quid
707 5096 874 5168 igitur
913 5105 1120 5154 temere
1151 5099 1420 5155 conviciis
1458 5099 1804 5152 insectantur
1830 5097 2118 5152 sanctissi-

530 5202 650 5242 mos
675 5188 972 5246 thnicite
996 5191 1306 5261 episcopos,
1331 5204 1525 5243 eorum
1552 5202 1884 5243 consensum
1914 5204 2119 5244 novum

531 5279 840 5350 symbolum
872 5283 1232 5352 appellantes,
1265 5294 1431 5350 quem
1470 5279 1548 5334 illi
1585 5279 1800 5335 utiliter
1833 5291 1890 5335 et
1923 5297 2119 5337 neces-

531 5370 676 5427 sario
717 5373 1037 5440 ediderunt,
1069 5380 1132 5427 ut
1166 5371 1432 5427 nimirum
1469 5386 1530 5428 se
1564 5380 1887 5443 purgarent,
1916 5389 2122 5444 eosque

602 5529 690 5585 ⁸³1
718 5531 861 5586 Tim.
886 5547 958 5585 vn.
985 5529 1075 5584 ‘20.
1153 5529 1199 5560 ⁸³
1225 5528 1467 5598 Sophon.
1511 5546 1568 5597 ιι,
1617 5529 1670 5597 Ι,
1703 5531 1756 5584 9.
1838 5531 1883 5562 ⁸⁵
1913 5530 2016 5584 lsa.
2047 5545 2173 5594 xw,

537 5601 584 5633 ⁵⁹
607 5601 711 5655 Isa.
741 5617 906 5663 xxx",
928 5600 980 5651 ϐ.

2205 3360 2373 3428 ἤγουν
2398 3366 2425 3394 η
2454 3353 2953 3423 καινοτομηθεϊσαν
2990 3347 3121 3418 παρ’
3141 3345 3346 3415 ἑτέρων
3371 3338 3811 3411 κατεδεξάμεθα.

2218 3449 2461 3520 Ἀπὸχρη
2508 3446 2617 3517 γάρ
2662 3445 2796 3515 ἡμῖν
2834 3443 2869 3514 ἡ
2907 3440 3265 3500 θεόπνευστος
3308 3433 3523 3506 Γραφὴ,
3565 3431 3817 3486 καὶτῶν

2206 3540 2380 3608 ἁγίων
2412 3537 2677 3609 Πατέρων
2717 3537 2752 3606 ή
2793 3534 2976 3605 νῆψις,
3004 3533 3100 3586 καὶ
3128 3530 3191 3583 τὸ
3221 3529 3360 3600 πρὸς
3383 3524 3672 3582 πανοτιοῦν
3695 3524 3818 3579 τῶν

2209 3631 2446 3702 ἑχόντων
2482 3627 2664 3700 ὀρθῶς
2701 3623 3194 3696 ἑκτετορνευμὲνον
3242 3619 3344 3690 τῆς
3390 3618 3628 3680 πίστεως
3670 3612 3819 3684 σύμ-

2211 3722 2385 3777 ϐολον.
2415 3719 2636 3790 Ἐπειδὴ
2654 3719 2711 3773 δὲ
2737 3713 2876 3790 ἦσαν
2904 3716 2955 3770 οἱ
2984 3713 3128 3770 κατά
3145 3711 3244 3784 τὴν
3268 3708 3563 3780 ’Λνατολὴν
3587 3704 3820 3758 ὁσιώτα-

2210 3832 2294 3868 τοι
2319 3814 2609 3868 ἐπίσκοποι
2637 3810 3051 3882 διχονοήσαντες
3073 3807 3211 3878 πρὸς
3227 3805 3376 3876 ἡμᾶς
3407 3800 3551 3855 κατά
3576 3799 3676 3870 τὴν
3699 3796 3820 3851 τῶν

2225 3904 2513 3976 Ἐφεσίων,
2550 3903 2649 3960 καὶ
2673 3901 2934 3972 γεγόνασί
2968 3915 3088 3962 πως
3115 3898 3174 3953 ὲν
3211 3895 3420 3966 ὑποψίᾳ
3457 3890 3552 3947 τοῦ
3583 3892 3678 3944 καί
3719 3891 3820 3944 ἑνι-

2211 3996 2416 4052 αλῶναι
2443 3995 2658 4066 βρόχοις
2683 3993 2794 4046 τῶν
2820 3989 3117 4062 Νεπορίου
3142 3983 3672 4059 δυσφημιῶν,ταύτῃ
3699 3998 3818 4047 τοι,

2214 4091 2310 4145 καὶ
2361 4089 2507 4160 μάλα
2537 4086 2848 4158 ἑμφρὸνως,
2886 4084 2964 4148 ὡς
2989 4081 3428 4145 ἀπαλλάττοντες
3461 4078 3686 4140 ἑαυτοὺς
3708 4075 3822 4146 τῆς

2215 4183 2310 4236 ἐπὶ
2339 4182 2552 4245 τούτοις
2583 4180 2784 4242 αίτίας,
2821 4177 3063 4239 καὶτοὺς
3101 4175 3202 4246 τῆς
3229 4173 3538 4246 ἀμωμήτου
3569 4170 3820 4232 πίστεως

2213 4272 2457 4347 ἐραστὰς
2520 4271 2894 4344 πληροφορεῖν
2948 4267 3367 4332 σπουδάζοντες,
3411 4264 3493 4316 δτι
3528 4261 3628 4331 τῆς
3661 4259 3823 4312 ἑκείο

2216 4382 2309 4420 νσυ
2356 4363 2641 4436 βδελυρίας
2688 4361 2940 4433 ἀμοιρεῖν
2982 4357 3294 4428 ἐγνώκασι,
3338 4355 3664 4424 πεποίηνται
3711 4351 3823 4422 τὴν

2217 4452 2544 4523 ἀπολογίαν·
2576 4451 2673 4507 καὶ
2705 4450 2766 4503 τὸ
2807 4447 3001 4520 χρῆμά
3033 4449 3150 4500 ἑστι
3181 4446 3340 4516 λόγου
3380 4462 3440 4498 τε
3478 4443 3680 4507 παντὸς
3717 4443 3826 4503 καὶ

2150 4595 2192 4650 D
2225 4546 2417 4619 μώμου
2455 4544 2697 4616 μακράν.
2727 4539 2879 4616 *Λρα
2915 4543 3023 4614 γὰρ
3057 4543 3106 4593 εί
3145 4541 3242 4594 καὶ
3273 4546 3300 4575 ο
3329 4538 3493 4602 αὐτὸς
3519 4535 3829 4606 Νεστόριος

2221 4641 2345 4693 κατ’
2375 4640 2551 4692 ἑκεϊνο
2580 4636 2796 4708 καιροῦ,
2828 4635 2955 4688 καθ’
2999 4633 3060 4686 ὃν
3108 4631 3262 4703 αὐτῷ
3288 4629 3630 4702 προετείνετο
3660 4629 3826 4699 παρὰ

2223 4729 2442 4783 πάντων
2467 4726 2628 4798 ἡμῶν
2648 4726 2710 4778 τὸ
2733 4725 2936 4796 χρῆναι
2963 4721 3453 4796 καταψηφίσασθαι
3481 4720 3589 4774 τῶν
3616 4718 3828 4772 ἑαυτοῦ

2222 4819 2537 4890 δογμάτων,
2579 4817 2676 4875 καὶ
2707 4815 3030 4872 ἀνθελέσθαι
3077 4817 3176 4889 τὴν
3225 4815 3505 4887 ἀλήθειαν,
3536 4811 3830 4882 ἔγγραφον

2225 4911 2524 4982 ἐποιήσατο
2566 4909 2666 4980 τὴν
2698 4909 2792 4962 ἐπὶ
2817 4909 3030 4972 τούτοις
3058 4908 3372 4980 ὁμολογίαν,
3420 4907 3516 4959 καὶ
3553 4904 3715 4957 αὐτὸν
3753 4903 3835 4958 ἄν

2224 5020 2309 5067 τις
2344 5002 2446 5072 ἔφη
2495 5001 2732 5065 πίστεως
2781 5003 2917 5072 ἡμῖν
2964 5002 3360 5072 καινοτομῆσαι
3413 4997 3718 5068 σύμϐολον;
3752 4996 3831 5050 Τί

2226 5096 2405 5150 τοίνυν
2428 5093 2883 5167 διαλοιδοροῦνται
2905 5096 3083 5166 μάτην
3110 5093 3326 5148 ἔκθεσιν
3347 5091 3645 5162 συμϐόλου,
3689 5105 3829 5142 και-

2228 5191 2326 5261 νὴν
2355 5188 2716 5259 ὀνομάζοντες
2737 5189 2837 5260 τὴν
2868 5189 3174 5242 συναίνεσιν
3198 5187 3306 5242 τῶν
3339 5185 3483 5240 κατά
3517 5184 3616 5254 τὴν
3639 5183 3831 5236 Φοινί-

2228 5299 2334 5356 κην
2377 5281 2820 5335 θεοσεόεστάτων
2850 5281 3187 5344 ἐπισκόπων,
3219 5281 3286 5351 ἥν
3320 5278 3644 5348 πεποίηνται
3682 5292 3832 5345 χρη-

2229 5373 2409 5446 σίμως
2436 5392 2496 5429 τε
2545 5374 2640 5428 καὶ
2679 5372 3022 5443 ἀναγκαίως,
3051 5370 3483 5445 ἀπολογούμενοί
3515 5387 3573 5423 τε
3604 5367 3697 5422 καὶ
3730 5366 3830 5421 θε-

2203 5529 2288 5585 18.
2368 5531 2415 5562 ⁵⁸
2443 5530 2572 5600 Sap.
2609 5547 2646 5595 ι,
2685 5529 2732 5583 Ι.
2815 5530 2860 5562 ³⁷
2897 5531 3060 5587 Prov.
3100 5547 3172 5596 Iv,
3198 5529 3289 5586 9.5.
3369 5528 3416 5560 "
3434 5526 3638 5586 Jcrclll.
3665 5520 3824 5587 μηδ.

1609 5709 1780 5765 Variae
1812 5710 2078 5766 lectiones
2113 5711 2321 5769 codicis
2352 5712 2718 5785 Seguieriani.

610 5837 650 5866 κ
672 5825 771 5888 τὰς
797 5823 1089 5894 Νεστορίου
1119 5824 1494 5895 καινοφωνίας.
1575 5837 1601 5864 ιι
1632 5825 1663 5898 ἢ
1695 5826 1844 5894 γοῦν.
1913 5834 1936 5863 ο
1966 5825 2086 5881 κᾶν.
