4048 6436
115 377 327 442 ,189

1664 386 2002 445 EPISTULA
2042 389 2153 444 XL.

3413 403 3522 459 {90

241 493 563 570 ρατιεύοντες
591 496 726 560 τοὺς
764 497 1078 570 οἰηθέντας,
1111 502 1194 556 ὅτι
1226 505 1346 567 ταῖς
1378 504 1675 576 Νεστορίου
1709 507 1832 561 ἀκο-

1938 508 2332 574 demulcerent,
2361 510 2456 580 qui
2502 510 2649 580 ipsos
2680 528 2849 568 vanas
2879 529 3044 571 voces
3080 530 3111 570 a
3145 515 3400 573 Nestorio
3433 519 3508 573 in

243 587 470 644 λονθοῦσι
525 590 936 659 καινοφωνίαις
969 602 1033 661 P;
1087 595 1153 647 Ἠ
1194 595 1294 665 μὲν
1329 595 1441 669 γὰρ
1478 597 1612 667 ἁγία
1639 599 1732 653 καὶ
1759 601 1831 654 οί·

245 679 529 751 ιουμενικὴ
560 681 820 748 σύνοδος,
840 685 874 756 ἡ
899 686 1046 740 κατὰ
1058 685 1158 757 τὴν
1181 688 1446 758 Ἐφεσίων
1469 683 1632 746 πόλιν
1655 710 1832 747 συνει-

237 773 488 844 ὶεγμένη,
527 776 882 846 προενόησεν
932 779 1248 846 ἀναγκαίως
1287 780 1380 836 τοῦ
1425 783 1500 854 μὴ
1532 784 1666 849 δεῖν,
1711 787 1830 851 ταῖς

244 865 592 936 Ἐκκλησίαις
628 866 733 920 τοῦ
781 867 922 922 Θεοῦ
967 870 1206 935 πίστεως
1230 871 1448 928 ἔκθεσιν
1488 875 1684 946 ἑτέραν
1712 879 1831 931 είσ-

227 955 504 1027 κρίνεσθαι
553 959 722 1029 παρά
767 977 834 1028 γε
876 959 978 1032 τὴν
1019 958 1206 1016 οὖσαν·
1243 965 1311 1036 ἣν
1355 966 1406 1018 οἱ
1439 968 1830 1039 τρισμακάριοι
1858 988 1886 1005 '-

226 1046 480 1116 Πατέρες,
524 1049 592 1102 ὲν
645 1049 798 1119 ἁγίῳ
842 1049 1130 1121 Πνεύματι
1176 1053 1488 1120 λαλοῦντες,
1537 1056 1828 1128 ὡρίσαντο.

222 1136 281 1191 Οἰ
306 1153 369 1204 γε
423 1136 544 1208 μὴν
587 1137 774 1203 ἅπαξ,
838 1139 941 1193 οὐκ
991 1135 1091 1194 οἷδ’
1117 1143 1288 1207 ὅπως,
1318 1144 1455 1215 πρὸς
1484 1145 1653 1213 αὐτὴν
1685 1145 1832 1214 διχοο

223 1230 533 1299 νοήσαντες,
571 1228 878 1298 γεγονότες
904 1230 961 1283 δὲ
994 1231 1091 1285 καὶ
1124 1232 1182 1286 ἐν
1208 1232 1468 1301 ὑποψίαις
1494 1233 1588 1286 τοῦ
1637 1234 1712 1304 μὴ
1745 1235 1834 1304 ὁρ-

231 1319 319 1383 θῶς
343 1321 579 1374 ἑλέσθαι
612 1324 866 1392 φρονεῖν,
907 1323 1046 1394 μήτε
1095 1323 1202 1396 μὴν
1224 1327 1333 1388 τοῖς
1368 1325 1745 1390 ἁποστολικοίς
1769 1343 1829 1378 τε

235 1411 312 1464 καὶ
333 1411 738 1480 εύαγγελικοῖς
769 1413 1002 1468 ἕπεσθαι
1031 1415 1316 1486 δόγμασιν,
1357 1412 1465 1488 ἆρα
1496 1417 1827 1484 σιωπῶντες,

237 1498 627 1568 ἀπηλλάγησαν
656 1498 731 1554 ἂν
762 1500 866 1571 τῆς
897 1503 992 1555 ἐπὶ
1019 1504 1193 1576 τούτῳ
1225 1506 1533 1572 δυσκλείας,
1564 1507 1596 1576 ἢ
1628 1507 1828 1577 μᾶλλον

236 1591 686 1663 ἀπολογούμενοι,
741 1593 843 1646 καὶ
897 1598 997 1666 τῆς
1048 1595 1274 1668 ἐνούσης
1314 1599 1500 1662 αὐτοῖς
1542 1599 1701 1670 δόξης
1729 1601 1829 1670 τὴν

231 1682 439 1754 δύναμιν
459 1682 888 1755 ἐμφανίζοντες
911 1702 927 1750 ;
959 1686 1151 1740 Καίτοι
1179 1687 1460 1757 γέγραφεν
1485 1690 1512 1743 ὁ
1545 1688 1831 1752 θεσπέσιος

229 1774 486 1844 μαθητής
524 1793 546 1826 ι
604 1774 873 1843 Ἕτοιμοι
910 1775 999 1828 ἀεὶ
1044 1775 1182 1846 πρὸς
1219 1776 1516 1845 ἀπολογίαν
1547 1779 1712 1831 παντὶ
1752 1776 1830 1848 τῷ

221 1865 456 1919 αἰτοῦντι
481 1865 640 1934 ὑμᾶς
711 1863 878 1925 λόγον
919 1865 1046 1936 περὶ
1083 1866 1182 1937 τῆς
1232 1869 1290 1920 ἐν
1340 1867 1470 1937 ὑμῖν
1519 1868 1755 1933 ἐλπίδος.
1803 1888 1822 1920 ι
1861 1865 1901 1918 Β

233 1955 292 2008 '0
318 1955 373 2008 δὲ
396 1964 428 2006 ς
453 1951 623 2008 10510
656 1953 800 2026 δρᾷν
839 1956 1138 2027 ᾑρημένος,
1168 1961 1485 2028 καινουργεῖ
1519 1958 1620 2026 μὲν
1650 1959 1824 2022 οὐδὲν,

228 2047 340 2104 ἀλλ’
765 2046 992 2100 ἔκθεσιν
1020 2049 1212 2118 ὁρᾶται
1240 2049 1599 2119 καινοτομῶν⁶
1622 2050 1828 2121 ἐναργῆ

242 2135 304 2190 ἢ
587 2135 887 2208 καθίστησι
938 2141 1052 2203 τοῖς
1099 2139 1382 2211 ἐρομένοις
1426 2139 1620 2208 αὐτὸν,
1657 2140 1724 2210 ἢν
1763 2139 1829 2195 ἂν

251 2225 368 2300 {xor
399 2225 592 2304 das"
613 2229 1029 2304 ﬂp‘_XptG‘t‘O§.

327 2319 640 2398 Ἐωθόκῃν
657 2315 718 2378 ἃ
748 2322 894 2395 πρὸς
914 2322 1152 2388 τούτοις,
1187 2323 1268 2377 ὅτι
1293 2325 1417 2386 ταῖς
1440 2322 1549 2376 τῶν
1579 2321 1829 2375 θεοσεϐε-

239 2411 446 2470 στάτων
475 2413 802 2470 ἐπισκόπων
832 2414 1166 2486 ὁμοψυχίαις
1205 2415 1266 2468 ού
1301 2414 1541 2484 μετρίως
1609 2415 1830 2466 ἐπιστυ-

235 2507 522 2578 γνάζοντες
549 2509 604 2563 οι
634 2508 740 2578 τῆς
769 2507 1036 2579 ἀληθείας
1065 2508 1272 2579 ἐχθροὶ,
1301 2509 1414 2562 ἄνω
1452 2525 1514 2559 τε
1549 2507 1644 2561 καὶ
1680 2507 1829 2562 κάτω

229 2601 520 2657 διακυκῶσι
549 2602 624 2655 τὰ
658 2601 869 2666 πάντα,
900 2602 996 2655 καὶ
1028 2603 1141 2664 τοῖς
1159 2601 1398 2664 ἀνοσίοις
1429 2599 1639 2653 ἑαυτῶν
1660 2600 1828 2671 εὑρή-

224 2712 351 2766 μασι
392 2704 417 2733 ι’
447 2694 748 2765 πμῦἧναί
784 2710 923 2764 φασι
955 2694 1054 2762 τῆς
1090 2693 1218 2764 παρ’
1242 2692 1424 2746 αὐτῶν
1455 2692 1830 2762 γεγενημένης

219 2787 506 2858 ὁμολογίας
563 2785 672 2857 τὴν
723 2785 982 2856 δύναμιν⁸
1024 2785 1092 2856 ἣν
1123 2785 1215 2838 ἐπὶ
1244 2787 1311 2855 τῇ
1345 2784 1480 2855 ὀρθῇ
1505 2782 1830 2852 πεποίηνται

217 2877 412 2939 πίστει,
447 2872 934 2944 καινοτομοῦντες
967 2874 1089 2944 μὲν,
1139 2874 1214 2936 ὼς
1253 2874 1410 2946 ἔφην,
1442 2874 1610 2945 ἤγουν
1656 2890 1830 2944 προσ-

215 2969 514 3036 επάγοντες
545 2968 671 3029 τοῖς
696 2965 871 3018 πάλαι
886 2965 1288 3036 διωρισμένως,
1314 2966 1377 3018 τὸ
1401 2965 1622 3035 σύμπαν
1653 2964 1828 3029 οὐδὲν,

217 3061 467 3130 ἑπόμενοι
499 3059 564 3112 δὲ
609 3057 822 3128 μᾶλλον
865 3059 980 3120 τοῖς
1012 3056 1120 3111 τῶν
1153 3057 1327 3128 ἁγίων
1353 3057 1613 3128 Πατέρων
1637 3057 1829 3110 ἀνεπι-

219 3151 473 3220 πλήκτοις
523 3150 841 3220 δόγμασιν.
876 3148 996 3202 Ἵνα
1040 3149 1096 3202 δὲ
1135 3149 1570 3218 ψευδοεποῦντας
1596 3149 1831 3218 ἐλέγχω-

219 3260 330 3312 μεν,
357 3243 535 3314 φέρε,
581 3241 1024 3314 παραγάγωμεν
1068 3242 1149 3304 εἰς
1181 3241 1345 3312 μέσον
1399 3241 1498 3304 τὰς
1531 3240 1827 3311 Νεστορίου

217 3334 508 3404 φλυαρίας,
547 3332 656 3386 καὶ
689 3331 796 3396 τὰς
850 3331 1057 3386 τούτων
1099 3333 1301 3402 φωνάς.
1361 3331 1620 3396 Ἑκδείξει
1662 3331 1770 3403 γὰρ
1806 3342 1828 3370 ε

216 3419 329 3490 ὧδε,
358 3425 457 3478 καὶ
483 3426 597 3494 οὐχ
630 3422 868 3494 ἑτέρως,
909 3424 972 3476 τὸ
1001 3423 1200 3495 ἀληθὲς
1227 3424 1260 3495 ἡ
1293 3423 1548 3494 βάσανος.

277 3517 497 3571 Οὐκοῦν
530 3515 852 3586 Νεπόριος
898 3516 998 3586 μὲν
1027 3515 1266 3587 ἀναιρῶν
1297 3517 1376 3578 είς
1407 3514 1553 3568 ἅπαν
1583 3515 1834 3587 εὑρίσκε-

215 3628 298 3664 ται
323 3610 420 3664 τοῦ
456 3608 811 3681 μονογενοῦς
856 3607 989 3662 Υἱοῦ
1040 3607 1134 3661 τοῦ
1182 3606 1316 3662 Θεοῦ
1347 3608 1444 3679 τὴν
1473 3610 1616 3662 κατὰ
1654 3609 1834 3680 σάρκα

219 3704 498 3775 γέννησιν·
522 3703 591 3756 ού
625 3700 742 3770 γάρ
772 3718 858 3754 τοι
888 3699 1144 3770 τετέχθαι
1169 3699 1334 3770 φησὶν
1359 3699 1522 3753 αὑτὸν
1561 3700 1624 3754 ἐκ
1648 3715 1837 3768 γυναι-

218 3797 329 3861 κὸς,
354 3797 513 3850 κατὰ
529 3795 640 3858 τὰς
655 3795 907 3865 Γραφάς.
947 3794 1094 3864 Ἔφη
1118 3792 1225 3864 γὰρ
1253 3792 1412 3846 οὕτω·
1447 3792 1521 3845 Τὸ
1555 3792 1836 3864 προελθεῖν

215 3887 302 3940 τδν
339 3887 482 3940 θεὸν
531 3889 608 3940 ὲκ
635 3888 739 3957 τῆς
781 3883 1155 3956 Χριστοτόκου
1196 3883 1497 3955 Παρθένου,
1537 3883 1690 3954 παρὰ
1737 3883 1837 3957 τῆς

219 3975 363 4041 θείας
409 3955 724 4047 ἐδιδάχθην
756 3955 1001 4047 Γραφῆς·
1031 3975 1092 4028 τὸ
1137 3975 1196 4028 δι
1232 3973 1564 4044 γεννηθῆναι
1602 3974 1737 4028 Θεὸν
1777 3955 1839 4040 ἔξ

217 4066 404 4137 αὐτῆς,
441 4064 701 4137 οὐδαμοῦ
743 4067 762 4100 ι
817 4064 1129 4137 ἐδιδάχθην.
1195 4065 1286 4120 Ἐν
1337 4065 1502 4136 ἑτέρᾳ
1555 4065 1614 4118 δὲ
1674 4065 1838 4120 πάλιν

221 4159 512 4228 ἐξηγήσει·
549 4155 815 4226 Οὐδαμοῦ
839 4156 1022 4210 τοίνυν
1055 4157 1088 4227 ή
1118 4156 1237 4210 θεία
1265 4157 1459 4228 Γραφὴ
1487 4157 1620 4210 Θεὸν
1651 4159 1716 4212 ἐκ
1740 4158 1839 4229 τῆς

223 4249 607 4321 Χριποτὸκου
639 4248 928 4320 Παρθένου
961 4248 1111 4316 λέγει
1131 4249 1520 4320 γεγεννῆσθαι,
1542 4249 1682 4305 ἀλλὰ
1707 4251 1840 4323 Χρι-

226 4343 343 4395 στὸν
377 4340 630 4413 Ἰησοῦν,
662 4341 814 4404 Υίὺν,
846 4342 945 4395 καὶ
969 4341 1192 4412 Κύριον.
1219 4343 1343 4397 ’Ότι
1365 4343 1420 4397 δὲ
1447 4342 1621 4398 ταῦτα
1643 4343 1840 4413 λέγων,

225 4436 296 4498 εἰς
331 4435 492 4496 υἱοὺς
524 4432 629 4486 δύο
667 4431 886 4503 μερίζει
911 4431 1002 4488 τὸν
1043 4432 1162 4498 ἕνα,
1193 4433 1290 4487 καὶ
1315 4433 1503 4501 ἕτερον
1532 4434 1632 4504 μὲν
1656 4434 1841 4498 ίδικῶς

1931 599 2126 655 ductas
2150 602 2454 672 approbare
2479 605 2972 661 existimaveram?
2997 607 3196 665 Sancta
3225 611 3431 680 quippe
3459 621 3518 667 et

1931 695 2270 750 meumenica
2308 695 2550 767 synodus
2591 712 2715 768 qua:
2752 698 2958 769 Ephesi
3005 709 3374 766 convenerat,
3411 719 3517 758 ne-

1929 785 2170 840 cessario
2204 787 2469 855 providit,
2509 804 2624 844 non
2679 799 2932 860 oportere
2961 791 3124 846 aliam
3149 793 3275 848 ﬁdei
3299 795 3514 864 exposi-

1928 871 2137 926 tionem
2157 873 2213 927 in
2235 874 2509 932 Ecclesias
2525 879 2620 932 Dei
2646 879 2870 944 inferre,
2898 889 3100 950 praeter
3119 896 3240 936 eam
3268 899 3389 951 quae
3402 885 3516 955 jam

1927 964 2216 1031 exstabat;
2274 983 2438 1036 quam
2481 969 2785 1024 beatissimi
2815 972 3006 1026 Patres
3038 973 3211 1026 nostri
3244 972 3300 1027 in
3326 982 3517 1028 sancto

1930 1054 2139 1124 Spiritu
2167 1058 2340 1113 locuti
2365 1059 2754 1116 deﬁniverant.
2786 1063 2871 1116 llli
2899 1071 3079 1117 tamen
3101 1064 3170 1117 ab
3195 1064 3299 1118 hac
3321 1066 3514 1129 semel,

1928 1150 2118 1203 nescio
2139 1166 2251 1219 quo
2271 1152 2456 1217 modo,
2479 1153 2896 1219 dissentientes,
2914 1164 2971 1210 et
2991 1155 3138 1224 quod
3162 1171 3344 1226 neque
3365 1165 3516 1212 recte

1927 1242 2220 1307 sentirent,
2255 1259 2436 1314 neque
2468 1246 2784 1315 apostolicis
2819 1253 2876 1301 et
2911 1246 3245 1316 evangelicis
3287 1247 3515 1318 dogma-

1929 1331 2081 1387 tibus
2102 1334 2470 1399 adhzererent,
2497 1338 2553 1389 in
2582 1338 2952 1406 suspicionem
2974 1337 3219 1402 adducti,
3265 1338 3516 1407 nunquid

1929 1423 2306 1478 taciturnitate
2328 1425 2398 1479 ab
2420 1426 2524 1480 hac
2545 1427 2908 1497 ignominiosa
2931 1435 3060 1482 nota
3084 1443 3142 1482 se
3165 1429 3514 1494 liberassent,

1931 1529 2003 1569 an
2028 1516 2189 1585 plena
2219 1518 2405 1586 potius
2437 1519 2812 1574 satisfactione
2849 1537 3069 1591 sumque
3101 1521 3386 1577 sententia;
3417 1522 3516 1576 de-

1931 1607 2268 1664 claratione?
2308 1610 2476 1679 Atqui
2523 1610 2748 1667 divinus
2787 1612 2996 1668 Christi
3033 1614 3339 1683 discipulus
3375 1613 3516 1668 scri-

1929 1709 2085 1769 ptum
2129 1701 2392 1770 reliquit:
2437 1721 2456 1752 ‹
2495 1703 2678 1758 Parati
2719 1719 2938 1774 semper
2977 1705 3046 1759 ad
3085 1704 3515 1759 satisfactionem

1933 1793 2082 1846 omni
2108 1793 2354 1861 poscenti
2379 1809 2478 1848 vos
2501 1795 2770 1849 rationem
2797 1796 2867 1852 de
2892 1812 2978 1861 ea,
3007 1812 3130 1865 quae
3150 1797 3208 1850 in
3225 1797 3384 1850 vobis
3411 1804 3515 1861 est,

1929 1897 2026 1952 spe
2047 1883 2112 1937 ⁸ο.
2146 1903 2164 1934 ι
2202 1883 2307 1950 Qui
2333 1900 2467 1956 ergo
2498 1886 2604 1941 hoc
2629 1889 2747 1942 vult
2774 1888 2977 1952 facere,
3004 1889 3144 1942 nihil
3170 1890 3362 1958 utique
3387 1889 3517 1942 novi

1929 1961 2177 2041 molitur,
2203 1992 2307 2031 nec
2333 1977 2460 2032 ﬁdei
2489 1979 2891 2048 expositionem
2919 1980 3188 2034 innovare
3210 1980 3518 2048 deprehen-

1930 2066 2082 2120 ditur
2103 2085 2116 2120 :
2139 2067 2236 2122 sed
2258 2067 2442 2137 potius
2462 2083 2606 2134 eam,
2625 2085 2788 2140 quam
2810 2069 2879 2125 de
2898 2070 3120 2126 Christo
3141 2070 3307 2125 habet
3329 2070 3513 2134 ﬁdem,

1931 2158 2402 2229 interrogantibus
2427 2161 2778 2231 perspicuam
2805 2162 3006 2217 reddit.

2001 2332 2199 2386 Audivi
2256 2341 2526 2402 praeterea
2584 2335 2838 2390 veritatis
2891 2336 3080 2392 hostes
3143 2336 3518 2405 piissimorum

1930 2422 2317 2492 episcoporum
2361 2422 2715 2477 concordiam
2758 2425 3046 2495 aegerrime
3095 2425 3264 2491 ferre,
3299 2433 3356 2481 et
3391 2442 3518 2482 sur-

1931 2528 2052 2568 sum
2083 2529 2147 2569 ac
2173 2513 2434 2569 deorsum
2459 2515 2695 2569 miscere
2717 2517 2924 2580 omnia,
2951 2524 3116 2586 atque
3131 2517 3360 2586 jactare,
3384 2533 3517 2572 con-

1931 2607 2205 2672 fessionis,
2241 2622 2407 2677 quam
2445 2607 2523 2661 illi
2555 2607 2623 2662 de
2651 2617 2804 2664 recta
2830 2607 2958 2672 ﬁde,
2983 2609 3143 2672 nihil,
3173 2619 3235 2663 ut
3271 2609 3406 2675 dixi,
3433 2611 3518 2664 in-

1930 2706 2218 2762 novantes,
2249 2699 2493 2763 hocest,
2524 2699 2663 2753 nihil
2699 2699 2768 2754 ad
2806 2715 2870 2755 ea
2907 2715 3029 2769 quae
3065 2701 3194 2754 olim
3223 2701 3521 2755 constituta

1932 2800 2080 2856 sunt,
2104 2791 2448 2862 adjicientes,
2474 2791 2569 2846 sed
2594 2792 2780 2860 potius
2803 2791 3100 2861 inculpatis
3128 2791 3288 2863 114
3307 2802 3523 2847 sancto-

1933 2897 2053 2935 rum
2102 2878 2325 2937 Patrum
2375 2881 2730 2952 dogmatibus
2773 2882 3147 2946 adhaerentes,
3197 2883 3518 2948 ediderunt,

1933 2989 2157 3027 sensum
2198 2980 2258 3028 ct
2287 2973 2400 3027 vim
2447 2989 2574 3028 cum
2619 2974 2805 3044 impiis
2851 2974 2968 3029 suis
3014 2975 3344 3030 commentis
3387 2989 3524 3029 con-

1932 3081 2152 3134 gruere.
2182 3066 2387 3120 Verum
2422 3073 2482 3120 ut
2511 3066 2802 3121 mendacia
2844 3066 3066 3120 illorum
3107 3075 3296 3136 aperte
3333 3074 3524 3122 osten-

1934 3155 2164 3220 damus,
2213 3156 2455 3211 Nestorii
2512 3173 2685 3227 nugas
2733 3157 3065 3225 illorumque
3116 3157 3421 3212 sententias
3470 3159 3524 3213 in

1932 3246 2179 3301 medium
2209 3247 2530 3302 aﬁ‘eramus.
2560 3249 2674 3302 Hac
2706 3264 2816 3302 una
2841 3249 2993 3303 enim
3017 3248 3252 3314 ratione,
3279 3265 3389 3304 non
3422 3251 3526 3305 ali-

1934 3343 2039 3404 tcr,
2064 3337 2268 3393 veritas
2298 3339 2608 3392 examinata
2635 3339 2912 3409 pateﬁet.-

2003 3515 2292 3571 Nestorius
2331 3517 2514 3586 itaque
2553 3517 2824 3588 unigeniti
2873 3518 2998 3572 Filii
3043 3517 3140 3573 Dei
3177 3519 3526 3574 nativitatem

1937 3607 2243 3663 secundum
2285 3624 2508 3663 carnem
2544 3624 2774 3678 prorsus
2801 3625 2834 3664 e
2859 3609 3044 3664 medio
3074 3611 3266 3666 tollere
3301 3627 3527 3681 compe-

1937 3700 2080 3756 ritur
2110 3719 2124 3756 :
2157 3711 2323 3772 negat
2349 3702 2498 3757 enim
2521 3702 2675 3756 illum
2696 3717 2768 3757 ex
2783 3703 3022 3778 gnuliere
3049 3703 3354 3761 secundum
3379 3704 3531 3759 Scri-

1937 3799 2132 3862 pturas
2167 3799 2380 3846 natum.
2418 3791 2600 3848 Verba
2641 3793 2792 3848 illius
2839 3793 2920 3848 sic
2961 3793 3171 3848 habent
3208 3811 3221 3847 :
3253 3796 3425 3849 Deum
3463 3811 3533 3849 ex

1938 3882 2283 3954 Christipara
2307 3884 2533 3955 Virgine
2559 3885 2922 3954 processisse,
2945 3899 3014 3940 ex
3037 3885 3224 3940 divina
3247 3885 3532 3956 Scriptura

1938 3974 2169 4030 edoctus
2205 3991 2328 4031 sum
2361 3994 2375 4029 :
2417 3983 2474 4029 at
2497 3992 2629 4031 vero
2658 3977 2830 4031 Deum
2860 3992 2928 4032 ex
2961 3977 3079 4046 ipsa
3103 3978 3349 4048 genitum
3387 3993 3532 4041 esse,

1940 4065 1995 4120 id
2020 4082 2296 4135 nusquam
2327 4065 2560 4121 edoctus
2588 4081 2732 4121 sum.
2775 4067 2844 4121 Et
2877 4066 2934 4121 in
2968 4067 3074 4121 alia
3098 4067 3335 4137 quadam
3369 4083 3538 4136 expo-

1941 4157 2144 4212 sitione
2183 4174 2449 4213 rursum:
2484 4158 2770 4228 Nusquam
2816 4159 2985 4229 igitur
3024 4158 3211 4213 divina
3252 4158 3538 4229 Scriptura

1942 4251 2115 4305 Deum
2152 4266 2222 4304 ex
2260 4249 2604 4320 Christipara
2648 4250 2874 4320 Virgine
2921 4251 3168 4320 genitum
3212 4264 3334 4304 esse
3376 4250 3534 4314 dicit,

1943 4341 2039 4396 sed
2069 4341 2258 4398 Jesum
2287 4341 2595 4404 Christum,
2627 4341 2850 4405 Filium,
2887 4339 3204 4395 Domium.
3234 4339 3392 4404 Quod
3435 4356 3536 4393 au-

1944 4439 2054 4484 tem
2082 4429 2214 4484 dum
2243 4431 2321 4484 ita
2345 4429 2503 4496 dicit,
2533 4429 2687 4484 illum
2700 4428 2808 4499 'qui
2844 4445 2988 4484 unus
3015 4437 3121 4494 est,
3145 4429 3201 4483 in
3228 4429 3369 4484 duos
3399 4428 3540 4484 ﬁlios

226 4523 360 4580 εἷναί
408 4543 592 4598 ιρησιν
632 4525 786 4589 Υίὺν,
843 4523 940 4577 καὶ
971 4523 1229 4594 Χριστὸν,
1261 4525 1353 4579 καὶ
1385 4524 1613 4596 Κύριον,
1647 4525 1740 4579 τὸν
1777 4525 1835 4578 ἐκ

1946 4521 2206 4588 divellat;
2247 4529 2305 4576 et
2336 4521 2508 4578 alium
2536 4521 2762 4591 quidem
2798 4521 3064 4585 Verbum,
3097 4521 3244 4590 quod
3274 4535 3342 4575 ex
3377 4522 3542 4575 Patre

223 4615 354 4670 Θεοῦ
379 4616 615 4689 Πατρὺς
649 4614 982 4684 γεννηθέντα
1003 4616 1197 4685 Λόγον,
1229 4617 1417 4686 ἕτερον
1449 4616 1507 4671 δὲ
1538 4616 1702 4674 πάλιν
1732 4617 1840 4671 ἀνὰ

230 4709 393 4778 μέρος
425 4726 494 4763 τε
544 4707 648 4762 καὶ
685 4706 872 4770 ίδικῶς
895 4707 1042 4770 Υἱὸν,
1079 4708 1171 4762 καὶ
1200 4709 1460 4780 Χριστὸν,
1483 4709 1581 4763 καὶ
1613 4709 1840 4781 Κύριον,

227 4799 310 4852 τὸν
353 4803 424 4855 ἐκ
469 4801 588 4870 τῆς
618 4799 789 4868 ἁγίας
839 4798 1140 4870 Παρθένου,
1179 4800 1295 4864 πῶς
1321 4800 1392 4854 ἂν
1416 4801 1710 4856 ἐνδοιάσειέ
1735 4820 1842 4868 τις,

229 4892 355 4946 αὐτὸ
384 4892 454 4963 ἂὴ
496 4889 668 4948 τοῦτο
696 4887 886 4956 σαφῶς
919 4889 1204 4959 μονονουχὶ
1234 4871 1468 4959 βοῶντος
1497 4889 1708 4943 ἐκείνου
1733 4907 1748 4956 ;
1780 4889 1842 4942 Ol

229 4981 278 5035 δὲ
309 4983 598 5038 Θεοτόκον
622 4981 958 5052 ὀνομάζουσι
988 4981 1088 5052 τὴν
1120 4981 1283 5050 ἁγίαν
1309 4981 1608 5052 Παρθένον,
1649 4981 1746 5035 ἕνα
1785 4997 1845 5033 τε

226 5069 367 5129 εἷναί
415 5093 596 5146 φασιν
626 5074 782 5139 Υίὸν,
824 5074 920 5128 καὶ
952 5074 1211 5146 Χριστὸν,
1245 5075 1342 5128 καὶ
1368 5074 1598 5147 Κύριον,
1632 5073 1845 5127 τέλειον

225 5168 282 5221 ὲν
314 5171 572 5240 θεότητι,
599 5166 815 5221 τέλειον
841 5168 899 5220 ὲν
923 5166 1330 5238 ἁνθρωπότητι,
1365 5168 1464 5222 ἅτε
1500 5167 1566 5240 δὴ
1589 5167 1686 5220 καὶ
1713 5164 1845 5234 ἐψυ-

228 5264 497 5334 χωμεένης
523 5259 702 5315 αὐτοῦ
742 5260 845 5328 τῆς
888 5259 1093 5330 σαρκὸς
1143 5259 1290 5331 ψυχῇ
1341 5259 1527 5331 νοερᾷ.
1573 5259 1698 5312 ’Ότι
1734 5257 1845 5329 γὰρ

229 5353 329 5423 οὐχ
346 5351 549 5424 ἱτερόν
577 5366 751 5419 φασιν
781 5343 923 5402 εἶναι
951 5347 1079 5402 Υίὺν
1121 5349 1214 5402 τὸν
1243 5351 1310 5402 ὲκ
1338 5347 1474 5402 Θεοῦ
1506 5349 1719 5418 Πατρὸς
1743 5349 1848 5402 Λό-

231 5457 348 5509 γον,
379 5443 576 5513 ἕτερον
599 5441 662 5495 δὲ
689 5439 860 5493 πάλιν
875 5439 966 5493 τὸν
986 5441 1051 5493 ἐκ
1067 5442 1166 5512 τῆς
1187 5439 1353 5509 ἁγίας
1375 5439 1679 5511 Παρθένου,
1703 5440 1848 5494 καθὰ

307 5601 356 5633 ⁸⁸
382 5602 404 5658 l
427 5601 584 5658 Petr.
632 5615 713 5666 ιιι,
748 5597 839 5654 15.

1947 4614 2194 4685 genitum
2231 4622 2336 4679 est,
2369 4629 2622 4670 seorsum
2663 4630 2764 4684 per
2805 4629 2866 4671 se
2910 4621 3214 4684 sumptum,
3249 4613 3453 4669 Filium
3486 4621 3543 4668 et

1948 4704 2230 4768 Christum
2257 4715 2316 4760 et
2342 4705 2635 4760 Dominum
2660 4704 2839 4772 dicat;
2873 4705 3041 4760 alium
3072 4721 3270 4760 rursus
3292 4720 3543 4760 seorsum

1950 4814 2051 4869 per
2071 4813 2130 4854 se
2153 4796 2354 4852 Filium
2375 4805 2433 4852 et
2454 4796 2736 4852 Christum
2757 4805 2814 4852 et
2835 4797 3154 4863 Dominum,
3177 4796 3270 4868 qui
3301 4811 3332 4850 e
3357 4804 3545 4853 sancta

1950 4890 2177 4961 Virgine
2211 4899 2374 4944 natus
2406 4897 2512 4956 est,
2539 4889 2629 4945 cui
2658 4888 2890 4944 dubium
2917 4905 3040 4945 esse
3063 4896 3265 4960 potest,
3289 4903 3416 4943 cum
3439 4889 3546 4941 hoc

1951 4985 2133 5054 ipsum
2169 4983 2260 5038 ille
2287 4990 2504 5038 tantum
2532 4998 2644 5036 non
2667 4982 2810 5038 elata
2833 4997 2970 5038 voce
2995 4980 3225 5036 clamet?
3249 4978 3330 5033 llli
3359 4987 3542 5031 autem

1952 5083 2197 5134 sanctam
2230 5074 2513 5145 Virginem
2552 5074 2844 5144 Deiparam
2894 5073 3216 5136 nominant,
3259 5081 3545 5134 unumque

1953 5167 2157 5221 Filium
2191 5172 2249 5220 et
2279 5163 2562 5220 Christum
2606 5173 2665 5218 et
2703 5163 2998 5218 Dominum
3043 5174 3168 5216 esse
3206 5155 3540 5226 praedicant;

1953 5258 2260 5329 perfectum
2301 5257 2357 5311 in
2387 5257 2701 5322 divinitate,
2733 5254 3040 5325 perfectum
3079 5251 3135 5304 in
3177 5245 3542 5309 humanitate,

1953 5364 2022 5405 eo
2059 5348 2207 5419 quod
2243 5363 2375 5405 caro
2417 5348 2567 5404 illius
2608 5345 2952 5414 intelligente
2990 5339 3171 5396 anima
3211 5337 3382 5394 fuerit
3421 5334 3544 5390 ani-

1956 5450 2123 5497 mata;
2169 5440 2518 5508 Quod-enim
2557 5453 2669 5494 non
2710 5437 2882 5491 alium
2925 5448 3050 5490 esse
3087 5432 3277 5489 dicant
3319 5429 3542 5494 Filium,

1347 5708 1524 5763 Variae
1549 5709 1817 5764 lectiones
1843 5705 2054 5764 codicis
2076 5707 2446 5780 Seguieriani.

307 5844 340 5887 Ρ
373 5830 847 5891 κατακολουθοῦσι
881 5827 1258 5900 κενοφωνίαις.
1339 5838 1365 5878 τι
1389 5828 1519 5883 αὐτὸ
1557 5830 1640 5900 δή.

1727 5841 1746 5868 τ
1776 5831 2061 5902 εύρέμασι,
2140 5832 2161 5866 ³
2189 5828 2450 5897 ἀνδείξειν
2481 5828 2546 5884 ἂν
2586 5825 2713 5899 γάρ.
2804 5824 2818 5862 ί
2857 5823 3124 5894 οὐδαμῶς.
