4048 6444
562 388 663 448 491

1591 377 1648 434 S.
1691 376 1968 434 CYRILLI
2009 375 2483 433 ALEXANDRINI
2520 377 2838 434 ARCHIEP.

3735 365 3837 422 192

563 499 701 558 illud
733 514 802 556 ex
839 497 953 554 Deo
978 493 1140 550 Patre
1176 488 1436 555 Verbum,
1461 497 1518 545 et
1550 487 1721 544 alium
1761 501 1954 543 rursus
1992 487 2148 544 illum

2258 486 2532 559 Νεστορίῳ
2564 488 2732 554 δοκεῖ,
2761 489 2861 544 ἕνα
2883 485 2941 543 δέ
2973 487 3196 559 μᾶλλον,
3223 487 3430 542 καὶτὸν
3457 484 3639 549 αὐτὸν,
3661 483 3838 553 σαφὶς

557 607 627 650 ex
668 598 854 647 sancta
888 587 1116 658 Virgine
1155 593 1369 651 natum,
1409 581 1572 638 sicuti
1611 581 1869 637 Nestorio
1904 579 2148 644 videtur,

558 683 659 740 sed
703 681 891 752 potius
935 695 1108 734 unum
1145 677 1537 746 eamdemque,
1579 674 1634 730 id
1673 673 1936 745 perfacile
1973 689 2041 728 ex
2085 672 2151 728 iis

559 787 685 847 quae
725 781 1164 844 consequuntur,
1209 784 1542 841 cognoscere
1585 768 1736 823 licet.
1783 766 2153 836 Explanantes

557 868 710 923 enim
747 867 1003 936 quisnam
1043 865 1150 929 sit,
1206 861 1505 932 adjiciunt,
1560 859 1709 930 quod
1760 857 2042 929 perfectus
2093 864 2154 911 ut

561 961 728 1024 Deus,
751 967 808 1014 et
839 957 1120 1027 perfectus
1151 956 1318 1011 etiam
1353 961 1415 1008 ut
1439 953 1606 1008 homo
1633 969 1645 1005 :
1671 951 1767 1021 qui
1795 957 1923 1004 ante
1955 948 2153 1004 saecula

561 1051 868 1108 secundum
891 1049 1238 1104 divinitatem
1263 1053 1426 1102 natus
1442 1053 1528 1100 est
1547 1060 1616 1099 ex
1632 1044 1814 1107 Patre,
1836 1040 2156 1096 novissimis

560 1149 748 1196 autem
778 1140 979 1195 diebus
1010 1148 1239 1209 propter
1263 1153 1366 1192 nos
1400 1145 1456 1192 et
1481 1141 1707 1207 propter
1729 1141 1976 1188 nostram
2003 1132 2154 1187 salu-

564 1241 675 1288 tem
719 1249 788 1288 ex
841 1240 1032 1287 sancta
1069 1229 1295 1300 Virgine
1350 1228 1656 1284 secundum
1706 1225 2148 1280 humanitatem:

563 1325 713 1381 idem
744 1323 893 1379 Patri
921 1320 1412 1378 consubstantialis
1443 1307 1748 1375 secundum
1783 1318 2150 1382 divinitatem,

562 1424 621 1469 et
651 1413 814 1469 nobis
845 1410 1226 1468 coessentialis
1257 1409 1563 1465 secundum
1587 1407 2009 1462 humanitatem.
2051 1407 2152 1462 Mi-

563 1505 714 1560 nime
735 1505 920 1574 itaque
947 1519 1118 1557 unum
1153 1501 1349 1556 Filium
1388 1510 1445 1556 et
1475 1499 1758 1556 Christum
1783 1507 1839 1554 et
1861 1499 2154 1554 Dominum

563 1597 753 1652 Jesum
793 1597 850 1651 in
886 1596 1026 1651 duos
1063 1593 1322 1650 dividunt
1353 1611 1367 1647 :
1397 1592 1491 1648 sed
1522 1593 1778 1648 eumdem
1810 1607 1934 1648 esse
1963 1591 2156 1646 dicunt

565 1688 722 1742 illum
763 1686 858 1758 qui
886 1695 1016 1741 ante
1048 1684 1246 1742 saecula
1269 1691 1325 1739 et
1346 1683 1439 1754 qui
1461 1683 1753 1753 postremis
1787 1684 2152 1753 temporibus,

563 1779 832 1834 nimirum
867 1795 937 1834 ex
973 1779 1087 1833 Deo
1101 1778 1280 1832 -Patre
1309 1783 1371 1831 ut
1394 1776 1588 1840 Deum,
1612 1785 1669 1831 et
1693 1791 1762 1831 ex
1793 1776 2029 1831 muliere
2063 1791 2154 1830 se-

2251 575 2318 630 ἂν
2355 577 2585 645 γένοιτο,
2633 577 2730 630 καὶ
2781 576 2929 648 μάλα
2976 577 3194 648 ῥᾳδίως,
3229 577 3319 632 διά
3358 593 3421 645 γε
3459 575 3570 629 τῶν
3611 573 3837 644 ἐφεξῆς.

2253 669 2675 740 Πῳσεπάγουσι
2703 669 2832 742 γὰρ,
2866 669 2952 734 τίς
2981 670 3049 724 ἂν
3081 671 3190 741 εῐη,
3223 669 3602 742 σημαίνοντεςο
3621 667 3714 720 ’ὅτι
3746 666 3845 720 τέ-

2251 761 2415 828 λειος,
2458 762 2534 826 ὡς
2571 763 2725 828 Θεὸς,
2779 763 2983 827 τέλειος
3021 763 3080 816 δὲ
3132 765 3227 817 καὶ
3256 762 3333 826 ὡς
3376 761 3664 832 ἄνθρωπος
3683 776 3697 791 ο
3746 757 3848 812 τὸν

2253 855 2360 925 πρὸ
2420 853 2634 908 αἰώνων
2689 854 2789 925 μὲν
2827 855 2892 908 ἐκ
2927 854 3022 908 τοῦ
3066 854 3280 925 [ἰατρὸς
3309 852 3658 924 γεννηθέντα,
3695 851 3848 904 κατά

2251 945 2350 1015 τὴν
2381 946 2636 1016 θεότητα,
2663 948 2752 1000 ἐπ’
2784 946 3031 1016 ἐσχάτων
3063 946 3119 1000 δὲ
3165 945 3275 1001 τῶν
3303 945 3528 1016 ἡμερῶν
3564 944 3633 998 δι’
3665 944 3847 1014 ἡμᾶς.

2254 1039 2350 1090 καὶ
2395 1038 2485 1092 διὰ
2530 1039 2631 1110 τὴν
2676 1039 2952 1110 ἡμετέραν
3007 1039 3311 1110 σωτηρίαν,
3374 1039 3440 1091 ἐκ
3482 1039 3700 1108 Μαρίας
3738 1035 3852 1106 τῆς

2253 1131 2415 1198 ἁγίας
2444 1131 2747 1205 Παρθένου,
2783 1131 2925 1186 κατά
2958 1132 3058 1202 τὴν
3098 1132 3519 1202 ἀνθρωπότητα·
3551 1130 3853 1200 ὁμοούσιον

2253 1223 2330 1293 τῷ
2370 1224 2548 1295 [Iasz
2575 1225 2668 1277 τὸν
2695 1223 2860 1278 αὑτὸν
2889 1224 3036 1279 κατὰ
3084 1224 3184 1296 τὴν
3222 1223 3476 1295 θεότητα,
3513 1224 3608 1276 καὶ
3644 1222 3854 1292 ὁμοού-

2256 1329 2371 1366 σιον
2391 1313 2522 1383 ἡμῖν
2543 1313 2688 1367 κατά
2711 1312 2811 1384 τὴν
2836 1313 3252 1386 ἀνθρωπότητα.
3279 1312 3490 1368 Οὐκοῦν
3510 1312 3713 1383 ἥκιστα
3743 1313 3854 1384 μὲν

2254 1405 2336 1466 εἰς
2384 1405 2478 1459 δύο
2518 1405 2788 1477 διαιροῦσι
2829 1407 2921 1462 τὸν
2972 1406 3070 1461 ἕνα
3121 1407 3275 1472 Υίὸν,
3319 1407 3412 1461 καὶ
3443 1405 3700 1477 Χριστὸν,
3749 1407 3856 1460 καὶ

2254 1498 2460 1567 Κύριον
2513 1496 2743 1568 Ἰησοῦνο
2793 1497 2886 1551 τὸν
2939 1496 3104 1552 αὐτὸν
3154 1497 3212 1550 δὲ
3258 1492 3400 1551 εἷναί
3433 1514 3566 1566 φασι
3597 1496 3691 1550 τὸν
3736 1497 3858 1564 πρὸ

2257 1587 2489 1655 αἰώνων,
2519 1588 2616 1642 καὶ
2647 1589 2705 1641 ἐν
2728 1587 3003 1658 ἐσχάτοις,
3029 1587 3188 1658 δῆλον
3217 1588 3296 1654 δέ,
3329 1589 3412 1642 ὅτι
3445 1587 3538 1642 τὸν
3560 1595 3589 1625 ιι
3615 1589 3680 1642 ἐκ
3708 1587 3856 1641 Θεοῦ

2256 1680 2491 1751 Πατρὸς,
2537 1679 2612 1744 ὡς
2646 1679 2802 1745 Θεὸν,
2844 1680 2940 1734 καὶ
2976 1679 3043 1733 ἐκ
3079 1679 3338 1748 γυναικὸς
3369 1679 3509 1733 κατὰ
3545 1680 3746 1751 σάρκα,
3771 1678 3859 1741 ὡς

2257 1771 2566 1843 ἄνθρωπον.
2613 1773 2750 1840 Πῶς
2799 1771 2910 1842 γὰρ
2957 1771 3026 1826 ἂν
3080 1773 3254 1826 νοοῖτο
3292 1771 3430 1844 πρὸς
3463 1774 3612 1842 ἡμᾶς
3653 1770 3860 1840 ὁμοού-

564 1867 808 1922 cundum
833 1882 1055 1922 carnem
1083 1875 1146 1922 ut
1181 1864 1482 1920 hominem.
1512 1864 1800 1931 Quomodo
1823 1865 1971 1920 enim
1996 1864 2157 1920 nobis

2262 1835 2377 1928 σιος
2402 1860 2542 1917 εἶναι
2595 1835 2738 1918 κατὰ
2784 1835 2890 1935 την.
2932 1835 3367 1936 ἀνθρωπότητα,
3412 1835 3597 1918 *καίτοι
3655 1835 3860 1933 γεννη-

565 1958 873 2014 secundum
921 1957 1323 2013 humanitatem
1366 1956 1743 2011 coessentialis
1793 1956 2156 2027 intelligatur,

564 2050 684 2121 qui,
705 2051 1011 2106 secundum
1027 2049 1394 2114 divinitatem,
1415 2048 1660 2118 inquam,
1680 2065 1746 2105 ex
1763 2049 1924 2104 Patre
1941 2049 2160 2119 genitus

564 2151 670 2208 est,
696 2142 802 2197 nisi
830 2142 975 2197 idem
1004 2143 1150 2198 Deus
1175 2141 1340 2197 simul
1373 2148 1430 2197 et
1464 2141 1631 2195 homo
1665 2155 1787 2196 esse
1819 2140 2160 2211 intelligatur

563 2250 630 2288 ac
650 2234 902 2289 dicatur?
924 2234 1054 2292 llzec,
1068 2249 1203 2288 vero
1227 2234 1388 2305 longe
1414 2233 1576 2288 aliter
1598 2248 1658 2288 se
1677 2233 1882 2288 habere
1905 2233 2160 2288 Nestorio

562 2325 842 2390 videntur,
854 2327 896 2394 ι
910 2325 1010 2396 15
1023 2326 1134 2380 imo
1150 2340 1282 2381 vero
1296 2325 1417 2396 ejus
1433 2324 1705 2380 sententia
1720 2324 1809 2380 his
1822 2324 2048 2380 omnino
2059 2324 2158 2379 ad-

560 2417 1346 2488 versaturJtaquein-ecclesia
1359 2416 1774 2481 edisserens,ita
1789 2416 1974 2471 dicere
1990 2431 2160 2471 ausus

557 2521 647 2567 est
673 2530 686 2565 :
706 2512 1010 2583 Propterea
1034 2515 1203 2569 etiam
1225 2514 1373 2568 Deus
1395 2512 1637 2568 Verbum
1659 2513 1980 2567 nominatur
2002 2511 2161 2566 Chri-

556 2613 703 2669 stus,
721 2605 850 2674 quia
874 2614 1199 2675 perpetuam
1224 2621 1348 2660 cum
1361 2606 1583 2662 Christo
1602 2605 2048 2676 coniunctionem
2065 2604 2162 2659 ha-

562 2696 678 2751 bet.
713 2697 955 2750 Rursum
985 2715 998 2750 :
1026 2697 1374 2752 lnconfusam
1412 2699 1599 2768 itaque
1633 2706 1959 2752 naturarum
1987 2712 2158 2766 copu-

562 2786 672 2840 lam
703 2785 1057 2840 retineamus.
1084 2786 1458 2842 Conﬁteamur
1488 2787 1544 2842 in
1570 2787 1792 2843 homine
1820 2788 1993 2842 Deum
2021 2803 2035 2840 :
2064 2802 2160 2842 ve-

564 2892 830 2932 neremur
867 2876 1148 2932 hominem
1177 2878 1354 2944 illum,
1382 2879 1478 2949 qui
1511 2888 1738 2949 propter
1763 2879 2006 2934 divinam
2034 2895 2159 2934 cum

565 2965 946 3035 omnipotente
1002 2966 1117 3021 Deo
1169 2967 1618 3038 conjunctionem
1667 2965 1831 3020 simul
1873 2964 2156 3019 adoratur.

570 3055 747 3111 Audis
793 3057 949 3126 igitur
1019 3072 1184 3126 quam
1243 3057 1482 3112 absurde
1537 3057 1830 3126 loquatur?
1891 3055 2161 3125 Equidem

2260 1955 2374 2020 θεὶς
2401 1959 2466 2010 ἐκ
2493 1957 2710 2028 Πατρὸς
2757 1957 2903 2011 κατά
2947 1975 3034 2028 γε,
3076 1957 3244 2029 φημὶ,
3276 1957 3374 2029 τὴν
3401 1957 3662 2026 θεότητα,
3693 1958 3743 2009 εί
3775 1957 3861 2027 μὴ

2259 2050 2432 2102 νοοῖτο
2463 2048 2558 2102 καὶ
2604 2048 2818 2118 λέγοιτο
2857 2049 2987 2112 Θεός
3043 2066 3105 2102 τε
3151 2049 3290 2120 ὁμοῦ
3362 2050 3461 2103 καλ⁵
3502 2048 3599 2104 ἀνθ
3611 2066 3796 2122 ρωπος
3831 2051 3864 2102 6

2259 2141 2463 2205 αύτός;
2501 2139 2643 2195 Ἀλλ’
2677 2142 2777 2212 οὐχ
2831 2135 2935 2196 ὦδε
2961 2142 3113 2196 ταῦτ’
3147 2142 3292 2213 ἐχειν
3330 2141 3612 2213 Νεστορίῳ
3660 2141 3816 2196 δοκεῖ
3842 2160 3858 2173 ο

2258 2231 2562 2301 τέτραπται
2595 2231 2652 2286 δὲ
2690 2233 2894 2303 μᾶλλον
2933 2235 2961 2288 6
2999 2233 3201 2298 σκοπὸς
3230 2233 3381 2304 αύτῷ
3413 2233 3552 2303 πρὸς
3593 2235 3703 2288 πᾶν
3730 2235 3863 2286 τοῦ·

2259 2324 2494 2378 ναντίον.
2558 2325 2702 2396 Ἔφη
2753 2325 2909 2394 γοῦν,
2959 2327 3048 2380 ἐπ’
3098 2325 3395 2398 ἐκκλησίας
3445 2325 3860 2397 ἐξηγούμενοςο

2261 2415 2362 2468 Διά
2412 2414 2576 2468 τοῦτο
2622 2415 2720 2469 καὶ
2750 2415 2990 2487 Χριστὸς
3024 2419 3054 2470 6
3099 2417 3232 2481 Θεὸς
3279 2416 3455 2486 Λόγος
3503 2415 3860 2488 ὀνομάζεται,

2261 2505 2562 2578 ἐπειδήπερ
2593 2507 2708 2578 ἔχει
2733 2508 2834 2577 τὴν
2863 2507 3165 2578 συνάφειαν
3195 2508 3296 2578 τὴν
3330 2509 3468 2580 πρὸς
3500 2509 3590 2562 τὸν
3617 2509 3865 2579 Χριστὸν

2259 2597 2505 2670 διηνεκῆ.
2561 2599 2672 2652 Καὶ
2725 2599 2920 2653 πάλινο
2964 2599 3299 2670 Ἀσύγχυτον
3355 2600 3540 2653 τοίνυν
3591 2599 3690 2670 τὴν
3744 2600 3867 2652 τῶν

2262 2693 2478 2761 φύσεων
2541 2691 2801 2762 τηρῶμεν
2861 2693 3191 2762 συνάφειαν·
3238 2691 3596 2764 ὁμολογῶμεν
3644 2691 3738 2745 τὸν
3797 2693 3867 2745 ἐν

2261 2782 2538 2854 ἀνθρώπῳ
2566 2781 2698 2836 Θεόν
2719 2798 2736 2814 ·
2787 2783 3038 2854 σέϐωμεν
3072 2783 3165 2837 τὸν
3195 2786 3260 2855 τῇ
3309 2782 3432 2852 θείᾳ
3478 2782 3744 2854 συναφείᾳ
3781 2783 3864 2854 τῷ

2263 2876 2669 2946 παντοκράτορι
2721 2874 2843 2945 Θεῷ
2893 2874 3485 2946 συμπροσκυνούμενον
3541 2873 3863 2945 ἄνθρωπον.

2273 2967 2439 3039 Ὁρᾷς
2493 2975 2522 3003 τ
2579 2962 2675 3021 οὖν
2721 2968 2846 3020 ὅσον
2891 2967 3006 3038 ἔχει
3050 2966 3112 3020 τὸ
3144 2967 3357 3038 ἀπηχὲς
3399 2968 3428 3020 ὁ
3464 2964 3624 3034 λόγος
3668 2965 3865 3036 ain-qi;

2261 3058 2592 3122 Δυσσεϐείας
2615 3057 2727 3128 γὰρ
2757 3059 2857 3129 τῆς
2887 3058 3151 3112 ἀνωτάτω
3186 3057 3560 3130 μεμέστωται.
3591 3058 3724 3112 Θεὸν
3757 3061 3867 3129 μὲν

572 3145 736 3215 plena
774 3145 1075 3215 impietatis
1099 3154 1185 3201 est
1212 3147 1331 3215 ejus
1358 3145 1557 3200 oratio.
1587 3144 1759 3200 Docet
1793 3159 2032 3213 namque
2063 3143 2159 3198 Dei

2267 3149 2447 3215 ίδικῶς
2476 3163 2503 3191 ι
2531 3149 2898 3222 ὀνομάζεσθαί
2919 3167 3054 3220 φησι
3081 3150 3172 3205 τὸν
3200 3151 3295 3205 τοῦ
3319 3151 3456 3205 Θεοῦ
3483 3151 3678 3220 Λόγον,
3711 3151 3866 3222 ἔχειν

571 3237 816 3292 Verbum
863 3253 1112 3293 seorsqu
1157 3253 1256 3308 per
1294 3253 1353 3292 se
1397 3237 1568 3291 Deum
1601 3235 1912 3302 nominari;
1957 3236 2162 3291 habere

567 3335 755 3382 autem
783 3343 909 3383 cum
942 3326 1166 3382 Christo
1206 3335 1531 3397 perpetuam
1562 3325 1989 3395 copulationem.
2019 3325 2162 3379 Num
2210 3353 2217 3357 -

564 3419 734 3490 igitur
775 3436 888 3475 non
928 3419 1068 3474 duos
1107 3419 1345 3474 christos
1379 3418 1723 3488 apertissime
1757 3416 1929 3472 dicit?
1968 3417 2162 3474 Nonne

563 3510 849 3564 hominem
875 3527 985 3564 una
1009 3527 1135 3565 cum
1157 3511 1271 3565 Dee
1296 3509 1660 3573 adorandum,
1678 3509 1866 3564 nescio
1885 3509 2163 3578 quomodo

562 3613 627 3654 se
649 3599 833 3654 colere
852 3600 1178 3670 proﬁtetur?
1192 3599 1472 3670 Numquid
1497 3599 1602 3654 ista
1622 3599 1694 3654 iis
1717 3610 1946 3670 cognata
1966 3601 2161 3657 viden-

573 3699 685 3754 tur,
716 3706 840 3760 qua:
881 3693 950 3747 ab
990 3691 1365 3781 Orientalibus
1398 3699 1529 3746 sunt
1569 3693 1785 3762 posita?
1813 3693 2006 3750 Nonne
2033 3710 2163 3749 sen-

567 3782 758 3837 tentiis
786 3785 1069 3854 pugnant?
1094 3783 1190 3838 llle
1226 3799 1464 3853 namque
1507 3783 1648 3838 duos
1685 3784 1924 3840 christos
1955 3786 2163 3841 diserte

565 3873 847 3942 ponit;illi
874 3889 1006 3929 vero
1037 3889 1207 3928 unum
1228 3881 1441 3929 tantum
1465 3874 1769 3941 Christum,
1788 3885 1844 3931 et
1864 3877 2087 3942 Filium,
2107 3887 2164 3932 et

569 3965 763 4030 Deum,
789 3966 1154 4020 etDominum
1180 3981 1240 4020 se
1262 3965 1494 4021 adorare
1523 3968 1886 4024 conﬁtentur:
1904 3970 2163 4024 eumdem

564 4070 634 4110 ex
663 4057 824 4112 Patre
868 4057 1175 4112 secundum
1221 4058 1587 4125 divinitatem,
1612 4069 1668 4115 et
1698 4076 1767 4115 ex
1807 4071 1994 4117 sancta
2037 4062 2162 4116 Vir-

565 4149 693 4217 gine
717 4148 1021 4204 secundum
1049 4149 1469 4206 humanitatem.
1498 4153 1633 4208 Nam
1663 4155 1768 4211 etsi
1797 4154 2030 4208 duarum
2061 4168 2162 4207 na-

567 4249 819 4293 turarum
851 4239 1112 4296 unionem
1147 4241 1346 4298 factam
1374 4246 1756 4314 praedicemus,
1790 4261 1961 4299 unum
1979 4254 2161 4300 tamen

564 4333 872 4400 Christum,
900 4345 957 4390 et
987 4352 1159 4392 unum
1185 4337 1408 4403 Filium,
1436 4349 1492 4395 et
1517 4357 1690 4396 unum
1716 4339 2013 4395 Dominum
2039 4355 2164 4410 per-

565 4426 759 4495 spicue
803 4425 1150 4496 proﬁtemur.
1182 4428 1424 4486 Verbum
1463 4433 1613 4487 enim
1649 4431 1855 4485 factum
1882 4439 1969 4486 est
1993 4445 2158 4497 caro,

2265 3243 2320 3296 δέ
2342 3241 2442 3314 τὴν
2467 3243 2767 3313 συνάφειαν
2789 3241 2889 3313 τὴν
2915 3242 3054 3314 πρὸς
3076 3241 3168 3296 τὸν
3190 3243 3429 3316 Χριστὸν
3450 3243 3698 3314 διηνεκῆ.
3729 3239 3868 3316 ’Ἆρ’

2264 3329 2360 3388 οὖν
2390 3335 2452 3388 οὐ
2499 3334 2594 3387 δύο
2632 3333 2907 3407 Χριστοὺς
2955 3333 3337 3406 ἐναργέστατα
3378 3334 3568 3404 λέγει;
3604 3335 3718 3389 υὺκ
3761 3335 3864 3389 ἀν-

2192 3464 2215 3487 ,
2265 3427 2484 3497 θρωπον
2535 3425 2656 3498 Θεῷ
2715 3425 3310 3497 συμπροσκυνούμενον
3349 3427 3552 3491 σέϐειν,
3606 3427 3709 3480 οὐκ
3759 3422 3867 3480 οἶδ’

2264 3520 2436 3585 ὅπως,
2469 3519 2762 3589 ὁμολογεῖς
2792 3517 2959 3572 Ταῦτ’
2977 3519 3076 3572 οὐκ
3095 3518 3308 3588 ἀδελφά
3332 3523 3445 3583 τοῖς
3470 3521 3600 3590 παρ’
3629 3520 3865 3574 ἐκείνων

2263 3607 2494 3676 ὁρᾶται;
2531 3607 2646 3660 Οὐκ
2704 3607 3111 3675 ἀντεξάγουσαν
3141 3606 3258 3678 ἔχει
3304 3607 3445 3679 πρὸς
3493 3607 3704 3678 ἄλληλα
3751 3609 3864 3664 τῶν

2264 3699 2482 3751 ἐννοιῶν
2510 3696 2610 3766 τὴν
2633 3696 2864 3769 δύναμιν
2889 3715 2904 3764 ;
2935 3698 2994 3751 '0
3020 3697 3120 3769 μὲν
3149 3697 3259 3768 γὰρ
3274 3698 3368 3752 δύο
3395 3700 3564 3769 φησὶν
3589 3700 3863 3770 ἐναργῶς,

2264 3790 2313 3842 οἱ
2342 3788 2402 3841 δὲ
2431 3788 2671 3860 Χριστὸν
2719 3789 2834 3852 ἕνα,
2876 3790 2972 3842 καὶ
3005 3789 3156 3855 Υίὸν,
3185 3791 3284 3844 καὶ
3327 3792 3482 3854 Θεὸν,
3514 3793 3611 3846 καὶ⁸
3654 3793 3866 3864 Κύριον

2264 3878 2593 3948 ὁμολογοῦσι
2651 3883 3003 3953 προσκυνεῖν,
3037 3880 3129 3933 τὸν
3173 3879 3341 3934 αὐτὸν
3369 3881 3432 3934 ἐκ
3470 3883 3688 3954 Πατρὸς
3717 3884 3862 3937 κατά

2265 3971 2365 4043 τὴν
2396 3971 2649 4042 θεότητα,
2692 3972 2789 4026 καὶ
2821 3974 2887 4027 ἐκ
2933 3973 3036 4044 τῆς
3072 3973 3239 4041 ἁγίας
3280 3973 3561 4044 Παρθένου
3591 3974 3735 4028 κατά
3759 3974 3862 4046 τήν

2266 4061 2687 4134 ἀνθρωπότητα.
2717 4063 2824 4117 Δύο
2853 4064 2950 4134 μὲν
2980 4064 3091 4135 γάρ
3121 4063 3340 4133 φύσεων
3369 4064 3564 4118 ἐνωσιν
3603 4065 3868 4134 γενέσθαι

2267 4153 2480 4224 φαμέν·
2523 4154 2666 4224 πλὴν
2698 4155 2794 4208 ἕνα
2850 4155 3110 4227 Χριστὸν,
3149 4156 3246 4209 καὶ
3267 4155 3387 4208 μένα
3430 4156 3582 4221 Υίὸν,
3623 4157 3720 4210 καὶ
3761 4157 3869 4212 ἕνα

2229 4271 2232 4274 λ
2265 4245 2472 4320 Κύριον
2512 4246 2887 4318 ὁμολογοῦμεν
2917 4247 3128 4316 σαφῶς.
3175 4247 3372 4316 Γέγονε
3397 4245 3505 4318 γάρ
3545 4246 3684 4318 σάρξ
3703 4249 3732 4300 ὁ
3758 4249 3869 4300 Λό-

2263 4354 2381 4406 γος,
2423 4336 2566 4391 κατὰ
2598 4336 2701 4402 τάς
2748 4337 2973 4409 Γραφάς
3017 4338 3112 4391 καὶ
3159 4335 3436 4403 σύμϐασιν
3482 4336 3867 4408 οἰκονομικὴν,

2264 4429 2362 4484 καὶ
2391 4430 2728 4501 ἀπόρρητον,
2768 4430 2987 4502 ἀληθῶς
3012 4428 3334 4500 πεπρᾶχθαι
3376 4429 3560 4500 φαμὲν
3589 4427 3872 4498 ἀνομοίων

566 4516 876 4570 secundum
909 4517 1224 4587 Scripturas
1267 4521 1331 4587 ⁸⁸,
1371 4523 1782 4592 eoitionemque
1813 4523 2159 4594 dispensato-

2265 4522 2608 4593 πραγμάτων
2647 4523 2728 4585 είς
2776 4520 2975 4576 ἐνωσιν
3024 4519 3415 4574 ἀδιάσπαστον.
3466 4519 3546 4574 Οὐ
3603 4519 3713 4590 γάρ
3753 4536 3870 4584 τοι,

568 4612 740 4673 riam,
776 4615 835 4662 et
864 4624 1058 4664 revera
1100 4611 1432 4670 ineffabilem
1455 4657 1469 4680 ,
1506 4615 1704 4668 factam
1752 4629 1874 4669 esse
1915 4615 2163 4670 dissimi-

566 4698 706 4755 lium
753 4714 939 4754 rcrum
985 4701 1054 4757 ad
1101 4704 1430 4763 indivulsam
1468 4708 1730 4760 unionem
1761 4705 2021 4760 fatemur.
2053 4706 2164 4761 Ne-

566 4805 678 4859 que
701 4791 850 4846 enim
877 4807 1000 4848 cum
1032 4795 1230 4864 priscis
1252 4795 1586 4867 quibusdam
1611 4795 1888 4852 haereticis
1913 4797 2010 4852 Dei
2033 4798 2168 4853 Ver-

2263 4614 2408 4668 κατά
2457 4630 2613 4676 τινας
2646 4613 2758 4666 τῶν
2820 4613 3196 4683 ἀρχαιοτέρων
3249 4612 3568 4684 αἱρετικῶν,
3621 4611 3682 4676 ἐξ
3725 4611 3872 4677 ἰδίας

2261 4706 2504 4759 λαϐόντα
2526 4704 2774 4773 φύσεως,
2807 4703 2954 4758 τοῦτ’
2989 4705 3127 4769 ἐστι,
3157 4706 3258 4776 τῆς
3287 4705 3503 4774 θεῖκῆς,
3533 4704 3716 4776 ἐαυτῷ
3761 4723 3872 4759 κα-

2263 4794 2602 4848 τασκευάσαι
2632 4795 2694 4847 τὸ
2736 4794 2900 4865 σῶμα
2925 4794 3019 4848 τὸν
3049 4795 3144 4849 τοῦ
3184 4795 3323 4849 Θεοῦ
3354 4796 3528 4864 Λόγον
3561 4797 3873 4866 ὑπονοήσο-

566 4880 702 4936 bum
731 4898 799 4937 ex
821 4886 1068 4955 propria,
1107 4886 1213 4942 hoc
1251 4896 1357 4953 est,
1402 4903 1470 4943 ex
1500 4887 1687 4942 divina
1714 4897 1933 4956 natura,
1965 4906 2160 4960 corpus

2270 4901 2405 4956 μεν·
2439 4885 2698 4956 ἑπόμενοι
2725 4888 2783 4940 δὲ
2813 4889 3065 4959 πανταχῆ
3113 4890 3237 4952 ταῖς
3284 4887 3666 4952 θεοπνεύστοις
3713 4889 3874 4961 Γρα-

567 4975 673 5030 sibi
703 4980 1082 5036 construxisse
1113 4981 1435 5051 putabimus
1464 4998 1478 5033 :
1503 4981 1599 5035 sed
1623 4981 1829 5036 divinis
1861 4982 2164 5053 Scripturis

568 5062 780 5133 ubique
803 5065 1062 5124 adhaaren
1071 5074 1173 5132 tes,
1197 5081 1267 5122 ex
1289 5076 1481 5129 sancta
1502 5068 1727 5139 Virgine
1754 5085 1976 5125 carnem
2003 5087 2164 5127 acce-

565 5152 714 5221 pisse
737 5165 1054 5212 constanter
1077 5155 1430 5211 aﬂirmamus.
1454 5157 1803 5228 Quapropter
1831 5173 1919 5226 ea,
1945 5175 2014 5215 ex
2041 5161 2168 5230 qui-

569 5243 675 5298 bus
701 5254 788 5302 est
816 5263 961 5303 unus
987 5255 1046 5303 et
1065 5245 1220 5301 solus
1245 5245 1421 5302 Filius
1442 5262 1508 5302 ac
1535 5247 1800 5306 Dominus
1823 5252 1987 5308 Jesus
2007 5253 2170 5309 Chri-

567 5344 707 5402 stus,
736 5336 870 5392 dum
901 5335 1332 5408 cogitationibus
1360 5339 1848 5408 apprehendimus,
1880 5343 2018 5400 duas
2041 5345 2166 5416 qui-

567 5424 692 5482 dem
724 5437 952 5484 naturas
973 5427 1158 5484 unitas
1179 5443 1302 5484 esse
1334 5429 1589 5500 dicimus,
1626 5449 1818 5488 verum
1861 5446 1985 5504 post
2023 5437 2167 5494 hanc

640 5581 682 5614 ⁶¹
715 5582 873 5638 Joan.
902 5598 940 5648 ι,
978 5583 1067 5637 Η.

2268 4979 2416 5046 φαῖς,
2447 4979 2511 5031 ἐκ
2533 4978 2633 5048 τῆς
2654 4979 2818 5048 ἁγίας
2836 4979 3115 5051 Παρθένου
3135 4979 3320 5034 λαϐεῖν
3343 4980 3508 5033 αὑτὸν
3526 4980 3627 5051 τὴν
3652 4981 3870 5050 σάρκα,

2267 5069 2755 5142 διαϐεϐαιούμεθα.
2787 5073 2972 5147 Ταύτῃ
3008 5090 3092 5127 τοι
3122 5075 3210 5139 τά,
3243 5074 3304 5140 ἐξ
3331 5067 3407 5129 ὧν
3438 5075 3586 5127 ἐστιν
3605 5075 3635 5126 ὁ
3663 5069 3750 5136 εἷς
3766 5076 3874 5130 καὶ

2269 5159 2434 5231 μόνος
2463 5161 2614 5228 Υἱὸς,
2658 5163 2754 5216 καὶ
2787 5162 2993 5234 Κύριος
3038 5164 3246 5235 Ἰησοῦς
3285 5163 3540 5236 Χριστὸς,
3572 5164 3649 5228 ὡς
3677 5165 3738 5217 ἐν
3769 5165 3873 5219 ὲν-

2264 5250 2439 5316 νοίαις
2483 5251 2790 5324 δεχόμενοι,
2842 5255 2939 5308 δύο
2987 5256 3087 5326 μὲν
3138 5257 3333 5326 φύσεις
3375 5257 3619 5328 ἡνῶσθαι
3647 5274 3869 5328 φαμεν,

2265 5345 2409 5415 μετά
2438 5345 2497 5399 δέ
2524 5363 2588 5414 γε
2620 5348 2723 5420 τὴν
2771 5348 2989 5416 ἕνωσιν,
3023 5349 3100 5413 ὡς
3132 5349 3487 5422 ἀνῃρημένης
3516 5349 3618 5422 ἤδη
3643 5349 3745 5421 τῆς
3777 5351 3871 5416 εἰς

2262 5437 2356 5492 δύο
2399 5439 2690 5510 διατομῆς,
2743 5440 2874 5511 μίαν
2906 5437 3046 5496 εἶναι
3085 5441 3416 5512 πιστεύομεν
3453 5441 3553 5513 τὴν
3593 5439 3689 5494 τοῦ
3722 5441 3866 5496 Υίοῦ

1664 5679 1837 5736 Variae
1868 5681 2135 5737 lectiones
2163 5683 2372 5742 codicis
2398 5685 2763 5759 Seguieriani.

645 5825 671 5858 I
704 5812 946 5885 δηλονότι
973 5814 1085 5871 τόν.
1161 5825 1192 5857 ν
1223 5817 1346 5873 ὅσον
1369 5816 1505 5890 ἔχει.
1544 5833 1570 5862 ι
1603 5819 1840 5892 Χριστὸς
1863 5821 1964 5890 μὲν
1993 5821 2100 5893 γὰρ
2127 5821 2329 5886 ίδικῶς.
