4048 6446
257 429 351 486 ιθδ

1690 431 2024 490 EPISTOLA
2063 431 2174 486 XL.

3443 439 3542 496 194

259 543 435 614 φύσιν,
463 540 554 606 ὥς
589 541 740 608 ἑνὸς,
771 541 914 615 πλὴν
946 541 1491 618 ἑνανθρωτὶἠσαντος,
1529 549 1626 602 καὶ
1654 565 1856 618 σεσαρ-

1962 543 2385 610 adunationem,
2432 553 2690 616 tanquam
2737 547 2948 602 sublata
2989 549 3100 620 jam
3142 549 3199 603 in
3265 550 3404 606 duas
3451 568 3544 608 se-

259 634 528 706 ιιωμένου.
561 634 631 686 Ei
658 635 718 688 δὲ
738 633 805 707 δὴ
827 634 1044 704 λέγοιτο
1076 636 1447 707 σαρκωθῆναι,
1473 638 1568 692 καὶ
1593 638 1858 709 ὲνανθρω-

257 727 414 795 πῆσαι
473 724 626 788 Θεὸς
668 725 750 778 ὢν
801 725 830 776 ὁ
885 725 1084 793 Λόγος,
1133 725 1432 796 διεῤῥίφθω
1485 744 1589 780 που
1640 728 1856 798 μακράν

250 818 447 888 τροπῆς
477 815 707 886 ὑποψία
731 815 1043 887 (μεμένηκε
1071 817 1180 888 γάρ
1196 817 1333 887 ὅπερ
1349 813 1466 890 ἦν),
1491 817 1858 890 ὁμολογείσθω

245 906 293 959 δὲ
323 906 467 976 πρὸς
518 905 697 976 ἡμῶν
748 907 846 959 καὶ
875 905 1185 978 ἀσύγχυτος
1232 909 1512 973 παντελῶς
1639 910 1855 974 ἓνωσις.

253 997 409 1051 Ἀλλὰ
438 996 564 1069 γάρ
614 997 757 1064 ἴσως
787 999 949 1067 φαῖεν
997 997 1064 1052 ἂν
1109 1000 1158 1053 οἱ
1204 997 1272 1052 δι’
1301 1000 1583 1065 ἐναντίαςο
1626 1001 1758 1056 Ἰδοὺ
1791 1001 1856 1074 δὴ

244 1090 425 1159 σαφῶς
457 1090 512 1142 οἱ
543 1088 656 1158 τῆς
690 1089 869 1161 ὀρθῆς
893 1089 1132 1152 πίστεως
1151 1091 1250 1164 τὴν
1280 1092 1572 1164 ὁμολογίαν
1595 1094 1856 1165 ποιούμε-

241 1199 333 1244 νοι,
367 1179 466 1234 δύο
503 1180 618 1251 μὲν
664 1181 1009 1251 ὀνομάζουσι
1053 1180 1268 1250 φύσεις,
1312 1181 1605 1256 διῃρῆσθαι
1648 1183 1706 1238 δὲ
1757 1183 1856 1246 τὰς

242 1273 342 1326 τῶν
369 1271 678 1345 θεηγόρων
715 1272 912 1340 φωνὰς
940 1272 1322 1339 διατείνονται,
1353 1274 1497 1328 κατά
1525 1292 1588 1343 γε
1615 1274 1712 1347 τὴν
1739 1275 1856 1328 δια-

253 1364 404 1434 φορὰν
431 1363 659 1418 αὐτῶν.
688 1347 836 1415 Εἶτα
856 1362 976 1426 πῶς
991 1362 1092 1416 οὐκ
1117 1363 1336 1416 ἐναντία
1364 1363 1536 1417 ταῦτα
1566 1367 1677 1427 τοῖς
1707 1367 1852 1430 σοῖς;

254 1455 366 1510 0υῆ
391 1455 506 1524 γὰρ
529 1454 722 1524 ἀνέχῃ
757 1451 1079 1524 προσώποις
1104 1453 1277 1519 δυσὶν,
1304 1455 1472 1527 ἦγουν
1503 1455 1851 1523 ὑποστάσεσι,

253 1547 336 1610 τὰς
362 1545 555 1615 φωνὰς
607 1545 930 1614 διανέμειν.
975 1544 1138 1609 Ἀλλ’,
1171 1538 1216 1598 ὧ
1247 1544 1537 1614 βέλτιστοι,
1570 1546 1734 1618 φαίην
1765 1546 1853 1611 ἂν,

253 1638 610 1708 γεγράφαμεν
657 1636 726 1688 ὲν
756 1637 879 1699 τοῖς
921 1634 1276 1704 κεφαλαίοις·
1315 1637 1380 1692 El'
1415 1655 1500 1701 τις
1542 1638 1856 1708 προσώποις

247 1731 402 1794 δυσὶν,
438 1730 624 1801 ἧγουν
670 1726 1055 1792 ὑποστάσεσι,
1082 1726 1328 1800 διανέμει
1366 1729 1466 1792 τὰς
1505 1729 1710 1798 φωνὰς,
1760 1729 1856 1784 καὶ

242 1823 333 1886 τὰς
383 1822 504 1892 μὲν,
551 1819 635 1884 ὡς
685 1817 1006 1890 ἀνθρώπῳ,
1058 1819 1211 1892 παρὰ
1260 1820 1354 1875 τὸν
1399 1823 1463 1874 ὲκ
1494 1821 1631 1875 Θεοῦ
1683 1823 1855 1890 Λόγον

1963 633 2166 699 ctione,
2199 650 2362 689 unam
2387 651 2507 690 esse
2534 637 2811 692 credimus
2830 639 2951 693 Filii
2983 651 3258 707 naturam,
3285 652 3542 714 tanquam

1959 727 2144 791 unius,
2175 743 2365 782 verum
2414 729 2753 784 inhumanati
2799 741 2855 786 et
2901 732 3186 787 incarnati.
3233 733 3370 788 Cum
3411 751 3545 806 ergo

1957 814 2102 870 Deus
2129 817 2370 873 Verbum
2404 817 2823 875 inhumanatum
2856 827 2913 874 et
2949 820 3290 876 incarnatum
3315 823 3540 890 dicitur,

1957 906 2149 976 procul
2176 905 2412 964 facessat
2436 910 2617 964 omnis
2639 909 3020 966 conversionis
3055 912 3294 981 suspicio
3321 912 3544 983 (mansit

1956 999 2104 1054 enim
2129 1001 2274 1070 quod
2295 1003 2522 1073 erat),et
2544 1001 2676 1056 unio
2699 1001 3036 1056 confusionis
3059 1003 3239 1057 omnis
3260 1004 3421 1073 plane
3443 1019 3541 1058 ex-

1957 1103 2084 1162 pers
2105 1106 2137 1146 a
2163 1091 2324 1147 nobis
2344 1100 2689 1164 agnoscatur.
2721 1092 2924 1147 Verum
2955 1092 3141 1147 dicent
3173 1093 3314 1148 forte
3344 1094 3542 1150 adver-

1958 1178 2091 1232 sarii
2129 1197 2140 1232 :
2172 1180 2254 1234 En
2301 1181 2590 1236 manifeste
2629 1182 2724 1252 qui
2763 1190 2926 1237 rectae
2970 1181 3099 1237 fidei
3143 1182 3542 1239 confessionem

1954 1268 2146 1336 edunt,
2182 1270 2320 1327 duas
2359 1281 2585 1329 naturas
2618 1273 2926 1339 nominant,
2948 1289 3012 1329 ac
3048 1289 3148 1344 pro
3170 1275 3388 1328 illarum
3422 1275 3541 1330 dis-

1954 1359 2219 1424 crimine,
2277 1360 2657 1431 theologorum
2737 1377 2902 1417 voces
2947 1363 3209 1433 distingui
3264 1375 3538 1419 asserunt.

1959 1451 2119 1521 116
2141 1453 2428 1519 Quomodo
2449 1461 2634 1508 autem
2676 1454 2792 1509 haec
2832 1465 2939 1510 tua:
2979 1455 3270 1510 assertioni
3304 1472 3413 1510 non
3440 1458 3540 1510 ad-

1955 1545 2282 1599 versantur?
2303 1545 2492 1615 Neque
2515 1546 2662 1600 enim
2687 1547 2894 1615 pateris
2941 1554 3002 1600 ut
3031 1545 3246 1601 duabus
3268 1547 3539 1616 personis,

1956 1651 2051 1691 seu
2101 1637 2508 1703 subsistentiis,
2558 1638 2776 1692 illorum
2819 1653 2983 1693 voces
3022 1639 3391 1694 ascribantur.
3434 1639 3542 1695 Sed

1956 1725 2100 1781 bona
2142 1735 2324 1782 vestra
2368 1728 2530 1784 venia
2573 1727 2789 1792 dicam,
2837 1725 2894 1781 in
2936 1727 3229 1782 duodecim
3269 1728 3544 1798 capitibus

1958 1819 2106 1875 hunc
2135 1819 2190 1874 in
2221 1820 2445 1875 modum
2469 1820 2791 1891 scripsimus
2817 1821 3026 1890 (anath.
3053 1819 3108 1890 4)
3139 1839 3151 1872 :
3181 1820 3238 1874 Si
3261 1821 3386 1890 quis
3410 1821 3544 1875 dua-

243 1914 421 1976 Ιδικῶς
447 1911 772 1982 νοουμένῳ,
803 1911 1142 1981 προσάπτει,
1166 1912 1265 1976 τὰς
1280 1911 1358 1976 δὲ,
1373 1913 1449 1976 ὡς
1470 1912 1792 1984 θεοπρεπεῖς
1803 1923 1852 1980 γ,

1962 1911 2061 1966 bus
2100 1912 2372 1981 personis,
2400 1912 2455 1967 id
2494 1889 2599 1967 est
2617 1911 3010 1976 subsistentiis,
3036 1889 3199 1966 vOces
3222 1889 3539 1978 diStribuit;

252 2006 390 2077 μόνῳ
428 2005 508 2074 τῷ
551 2005 620 2056 ὲκ
672 2001 829 2056 Θεοῦ
863 2003 1084 2075 Πατρὸς
1111 2005 1292 2075 Λόγῳ,
1323 1997 1480 2067 οὗτος
1509 1991 1648 2058 ἔστω
1684 2005 1854 2060 κατά-

1962 2011 2016 2057 et
2042 2002 2180 2056 alias
2210 2002 2433 2071 quidem
2459 2010 2720 2072 tanquam
2755 2003 2964 2056 homini
2992 2017 3241 2056 seorsum
3278 2017 3310 2055 a
3335 2002 3569 2066 Verbo,‘

259 2115 459 2166 κριτος.
485 2095 688 2148 Qu)va
727 2093 792 2147 δὲ
839 2093 1112 2166 διαφορὰς
1144 2096 1266 2149 κατ’
1293 2095 1484 2150 οὐδένα
1523 2097 1724 2166 τρόπον
1759 2097 1856 2150 άν-

1962 2094 2103 2165 quod
2125 2111 2194 2150 ex
2219 2096 2331 2149 Deo
2353 2095 2518 2149 Patre
2543 2103 2646 2158 est,
2673 2094 2951 2150 intellecto
2973 2093 3379 2159 accommodat;
3405 2093 3543 2148 alias

273 2190 564 2260 ηρὴκαμενο
589 2189 636 2238 εἱ
671 2183 772 2237 καὶ
806 2184 1128 2256 ἀπόϐλητον
1155 2187 1502 2258 πεποιήμεθα
1525 2186 1588 2240 τὸ
1612 2185 1858 2258 μερίζειν

1962 2201 2110 2252 vero,
2139 2195 2204 2241 ut
2240 2201 2362 2256 qua
2402 2187 2578 2240 Deum
2620 2185 2872 2252 deceant,
2899 2185 3001 2240 soli
3035 2184 3134 2239 Dei
3160 2185 3340 2239 Patris
3360 2185 3543 2240 Verbo

277 2276 460 2340 αὑτὰς,
492 2278 566 2340 ὡς
597 2277 705 2347 1⁵ίῷ
725 2276 1089 2347 καταμόνας,
1113 2276 1191 2347 τῷ
1208 2278 1272 2330 ἐκ
1303 2277 1518 2348 Πατρὸς
1539 2277 1716 2348 Λόγῳ,
1737 2279 1855 2342 καὶ,

269 2368 342 2430 ὡς
367 2366 627 2438 ἀνθρώπῳ
659 2385 812 2420 κατα
823 2367 1000 2436 μόνας
1027 2366 1192 2420 πάλιν
1217 2367 1332 2438 Υἱῷ
1367 2368 1663 2438 νοουμένῳ,
1695 2367 1774 2439 τῷ
1793 2370 1857 2422 ὲκ

266 2458 525 2526 γυναικός.
567 2458 686 2512 Μία
707 2458 834 2530 γὰρ
873 2457 1330 2528 ὁμολογουμένως
1361 2460 1394 2531 ὴ
1423 2458 1516 2513 τοῦ
1547 2460 1724 2528 Λόγου
1758 2459 1859 2529 φύ-

263 2565 370 2612 σις·
407 2550 562 2620 ἴσμεν
591 2550 680 2614 δὲ,
724 2551 818 2602 ὃτι
860 2550 1213 2622 σεσάρκωταί
1233 2569 1292 2604 τε
1321 2552 1416 2604 καὶ
1444 2552 1856 2624 ὲνηνθρώπησε,

260 2641 497 2712 καθάπερ
522 2641 628 2712 ἤδη
658 2645 970 2712 προεῖπον.
1007 2640 1116 2694 Τὸν
1143 2641 1200 2693 δὲ
1231 2643 1452 2713 τρόπον,
1475 2643 1534 2697 ὸν
1569 2643 1858 2716 ὲσαρκώθη

253 2749 309 2784 τε
337 2734 428 2786 καὶ
449 2732 616 2804 ὲνηνθ
628 2731 934 2803 ρὼπησεν,
955 2733 1005 2786 εἰ
1030 2734 1450 2804 περιεργάζοιτό
1472 2753 1572 2802 τις,
1592 2736 1862 2808 καταθρή-

253 2839 392 2876 σειεν
417 2823 485 2877 ἂν
513 2824 614 2877 τὸν
651 2826 726 2877 ὲκ
753 2823 900 2876 Θεοῦ
931 2823 1065 2877 Θεὸν
1104 2825 1278 2896 Λόγον
1303 2824 1490 2878 δούλου
1521 2843 1580 2879 τε
1627 2826 1862 2880 λαϐόντα

251 2913 483 2985 μορφὴν,
538 2916 644 2968 καὶ
698 2919 762 2968 ὲν
810 2915 1126 2987 ὁμοιώματι
1177 2917 1482 2989 ἀνθρώπων
1527 2920 1819 2990 γενόμενον
1843 2959 1858 2985 ,

1956 2277 2197 2347 adaptat,
2228 2276 2566 2332 damnationi
2594 2276 2665 2331 sit
2692 2276 2783 2331 ille
2805 2276 3096 2331 obnoxius.
3124 2275 3384 2341 Quamvis
3409 2290 3543 2346 ergo

1957 2383 2053 2426 eos
2092 2369 2447 2432 damnemus,
2490 2367 2584 2437 qui
2628 2382 2792 2422 voces
2835 2367 2912 2421 ita
2952 2375 3279 2429 secernunt,
3312 2374 3372 2420 ut
3407 2366 3544 2420 alias

1957 2460 2188 2515 seorsim
2217 2459 2314 2514 Dei
2339 2459 2519 2516 Verbo
2539 2474 2608 2514 ex
2629 2459 2788 2514 Patre
2810 2465 2961 2523 nato,
2989 2457 3123 2512 alias
3148 2472 3366 2512 rursum
3394 2471 3544 2510 seor-

1958 2552 2060 2606 sim
2086 2551 2297 2606 homini
2322 2567 2390 2606 ex
2408 2551 2642 2606 muliere
2667 2558 2789 2605 orto
2811 2551 3114 2615 ascribant,
3139 2564 3336 2603 vocum
3358 2557 3544 2602 tamen

1958 2642 2299 2702 diﬁerentias
2321 2645 2635 2699 nullatenus
2658 2643 2998 2698 sustulimus.
3018 2643 3192 2698 Unam
3215 2642 3362 2696 enim
3379 2639 3545 2696 Verbi

1959 2745 2210 2790 naturam
2237 2751 2357 2791 esse
2383 2735 2752 2790 certissimum
2781 2742 2898 2801 est;
2931 2733 3027 2789 sed
3057 2748 3179 2788 eam
3206 2734 3545 2787 incarnatam

1959 2835 2016 2883 et
2058 2829 2434 2882 ιιιιῐηιιηιιιοηιι
2453 2827 2742 2892 novimus,
2789 2833 2850 2880 ut
2884 2826 2996 2897 jam
3033 2824 3166 2880 dixi.
3197 2823 3316 2890 Quo
3362 2831 3547 2877 autem

1960 2920 2125 2974 modo
2166 2921 2445 2975 incarnata
2485 2919 2556 2974 sit
2585 2928 2642 2976 et
2683 2919 3002 2983 humanata,
3035 2917 3081 2971 si
3107 2916 3232 2986 quis
3277 2915 3550 2969 curiosius

247 3005 387 3058 καθὰ
416 3007 780 3078 γέγραπται.
819 3007 934 3060 Καὶ
972 3008 1094 3060 κατ’
1134 3007 1268 3060 αὐτὸ
1300 3008 1364 3079 δὴ
1391 3007 1550 3062 τοῦτο
1579 3011 1673 3064 καὶ
1701 3009 1861 3080 μόνον

1962 3009 2223 3080 inquirat,
2256 3009 2308 3064 ei
2351 3008 2814 3064 considerandum
2853 3007 2980 3072 erit,
3025 3007 3264 3061 Verbum
3301 3004 3447 3076 quod
3480 3019 3550 3059 ex

245 3096 462 3169 νοηθείη
494 3098 565 3152 ἃν
596 3100 634 3168 ἡ
674 3098 795 3151 τῶν
842 3097 1084 3168 φύσεων,
1129 3099 1298 3170 ἧγουν
1343 3100 1717 3164 ύποστάσεων,
1747 3099 1861 3154 δια-

1962 3101 2075 3156 Deo
2099 3111 2204 3166 est,
2231 3101 2462 3155 formam
2497 3099 2752 3154 servilem
2785 3099 3080 3168 acoepisse,
3107 3105 3163 3152 et
3199 3097 3255 3151 in
3287 3095 3548 3151 similitu-

249 3191 387 3261 φορά
405 3207 421 3222 ο
445 3190 511 3244 οὐ
535 3191 658 3262 γάρ
689 3180 805 3243 που
825 3191 1028 3245 ταυτὸν
1056 3192 1114 3245 ὲν
1144 3191 1392 3263 ποιότητι
1432 3195 1636 3264 φυσικῇ
1670 3192 1860 3264 θεότης

1965 3193 2149 3247 dinem
2169 3191 2458 3246 hominum
2479 3191 2683 3246 factum
2705 3190 2895 3254 fuisse,
2915 3187 3058 3243 sicut
3080 3188 3344 3257 scriptum
3370 3193 3456 3241 est
3480 3187 3547 3239 “.

250 3277 343 3330 καὶ
391 3279 805 3350 ἁνθρωπότης.
853 3279 1008 3332 Ἐπεὶ
1042 3279 1161 3344 πῶς
1207 3281 1510 3335 κεκένωται
1548 3281 1680 3345 Θεὸς
1720 3279 1796 3334 ὢν
1834 3283 1861 3335 ὁ

1964 3283 2143 3352 Atque
2170 3281 2472 3337 secundum
2496 3281 2602 3335 hoc
2622 3295 2793 3334 unum
2822 3278 3052 3348 intelligi
3073 3279 3202 3334 licet
3225 3285 3550 3330 naturarum

247 3367 440 3435 Λόγος,
479 3367 690 3432 καθεὶς
741 3367 941 3420 ἑαυτὸν
988 3370 1046 3423 ἐν
1101 3369 1350 3439 μειώσει,
1386 3369 1532 3423 τοῦτ’
1579 3369 1750 3437 ἐστιν,
1805 3373 1861 3425 ὲν

1963 3375 2077 3432 sive
2105 3373 2540 3431 substantiarum
2575 3371 3036 3427 discrimenznon
3071 3369 3220 3422 enim
3255 3367 3399 3420 idem
3420 3374 3552 3420 sunt

247 3461 361 3522 τοῖς
387 3458 517 3512 καθ’
553 3461 720 3530 ἡμᾶς
746 3474 761 3524 ;
798 3459 972 3512 Ὅταν
1003 3460 1185 3514 τοίνυν
1221 3462 1251 3514 ὁ
1283 3461 1383 3532 τῆς
1411 3461 1740 3534 σαρκώσεως
1769 3481 1861 3516 πο-

1964 3466 2266 3522 secundum
2298 3464 2605 3520 naturalem
2634 3462 2953 3532 qualitatem
2980 3458 3240 3514 divinitas
3267 3463 3323 3511 et
3353 3455 3551 3509 buma-

246 3548 734 3620 λυπραγμονῆται
756 3550 984 3621 τρόπος,
1016 3550 1110 3604 δύο
1152 3551 1222 3605 τὰ
1251 3552 1504 3624 ἀλλήλοις
1533 3555 1861 3626 ἀπορρήτως

1963 3559 2126 3613 nitas.
2159 3558 2380 3628 Alioqui
2421 3555 2697 3626 quomodo
2719 3553 2984 3616 Verbum,
3030 3549 3178 3621 quod
3218 3549 3364 3602 Deus
3407 3555 3550 3609 erat,

247 3656 307 3692 τε
338 3643 436 3695 καὶ
465 3641 817 3712 ἀσυγχύτως
849 3643 1232 3714 συνηνεγμένα
1264 3643 1388 3697 καθ’
1427 3645 1641 3710 ἕνωσιν,
1674 3649 1779 3717 ὁρᾷ
1799 3646 1861 3718 δὴ

1969 3649 2306 3705 exinanitum
2325 3655 2429 3712 est,
2443 3648 2684 3717 seipsum
2700 3644 2768 3699 ad
2790 3642 3212 3697 minorationem
3234 3640 3551 3697 demittens.

251 3732 481 3796 πάντως
502 3734 535 3786 ὁ
564 3731 926 3800 ἀνθρώπινος
952 3734 1100 3800 νοῦς,
1128 3736 1396 3789 ὲνωθέντα
1416 3753 1480 3805 γε
1507 3737 1634 3808 μὴν,
1662 3738 1861 3809 διίστη-

1971 3739 2078 3794 hoc
2109 3747 2212 3802 est,
2241 3737 2308 3792 ad
2339 3747 2548 3792 naturae
2580 3743 2782 3790 nostrae
2809 3733 3170 3788 conditiones.
3205 3730 3342 3786 Cum
3371 3729 3555 3797 itaque

252 3841 344 3877 σιν
369 3824 647 3896 οὐδαμῶς
671 3843 686 3856 ·
724 3825 844 3879 ἀλλ’
873 3827 970 3880 ἕνα
996 3827 1090 3881 τὸν
1113 3827 1172 3895 ἐξ
1201 3830 1404 3902 ἀμφοῖν
1427 3869 1441 3893 ,
1466 3831 1560 3884 καὶ
1588 3831 1744 3894 Θεὸν,
1772 3831 1861 3884 καὶ

1973 3829 2367 3885 incarnationis
2404 3827 2600 3882 modus
2635 3825 2879 3881 studiose
2910 3822 3224 3894 inquiritur,
3259 3820 3372 3874 duo
3393 3833 3554 3890 pror-

254 3914 406 3978 Υἱὸν,
440 3917 545 3968 καὶ
575 3915 845 3986 Χριστὸν,
896 3918 993 3970 καὶ
1045 3917 1251 3990 Κύριον
1295 3914 1438 3973 εῖναι
1477 3936 1538 3972 τε
1586 3921 1679 3973 καὶ
1720 3930 1743 3958 ι
1779 3937 1861 3974 m-

1974 3937 2069 3978 sus
2095 3921 2449 3978 ineffabiliter
2478 3927 2534 3975 et
2558 3919 2694 3975 citra
2719 3916 3098 3973 confusionem
3125 3914 3268 3968 inter
3289 3927 3347 3967 se
3377 3909 3554 3974 unita,

257 4007 469 4073 στεύει,
507 4007 611 4061 καὶ
641 4007 933 4078 ἀραρότως
957 4009 1264 4080 εἰσδέχεται
1293 4018 1330 4063 ⁸.

1974 4031 2129 4071 mens
2154 4017 2392 4070 humana
2423 4012 2753 4076 considerat,
2785 4018 3024 4064 attamen
3054 4007 3204 4061 unita
3236 4003 3556 4072 neutiquam

254 4098 552 4171 disiungit,
621 4096 723 4152 sed
796 4114 967 4154 unum
998 4113 1068 4154 ex
1088 4107 1323 4170 utroque
1363 4107 1421 4155 et
1461 4099 1636 4154 Deum
1663 4109 1720 4155 et
1761 4100 1958 4158 Filium
1995 4117 2053 4163 et
2083 4109 2374 4163 Dominum
2394 4106 2659 4161 exsistere
2699 4101 2896 4165 credit,
2927 4107 2985 4154 et
3023 4097 3415 4153 convenienter
3455 4091 3556 4148 ad-

256 4191 454 4248 mittit.

341 4282 551 4354 Ἐτέρᾳ
595 4281 661 4334 δὲ
707 4280 990 4344 παντελῶς
1037 4277 1190 4348 παρὰ
1247 4278 1453 4349 ταύτην
1488 4282 1524 4350 ἡ
1565 4281 1861 4351 Νεστορίου

2040 4282 2112 4337 At
2141 4295 2276 4335 vero
2307 4278 2544 4336 Nestorii
2575 4291 2741 4347 prava
2768 4273 3042 4330 sententia
3082 4272 3151 4327 ab
3181 4272 3285 4326 hac
3307 4271 3560 4327 doctrina

264 4371 585 4437 κακοδοξία.
629 4371 1021 4443 ’Υποκρίνεται
1053 4371 1153 4440 μὲν
1174 4369 1284 4441 γὰρ
1307 4371 1611 4441 ὁμολογεῖν,
1643 4373 1728 4425 ὁτι
1773 4374 1861 4426 καὶ

1971 4380 2058 4428 est
2089 4371 2248 4441 plane
2274 4368 2509 4422 diversa.
2535 4367 2672 4420 Nam
2701 4363 2805 4418 etsi
2829 4363 3001 4415 Deum
3027 4360 3266 4414 Verbum
3303 4359 3558 4417 incarna-

267 4463 596 4536 ἑσαρκώθη,
636 4463 736 4516 καὶ
768 4461 1162 4534 ὲνηνθρώπησε
1195 4461 1328 4526 Θεὸς
1356 4461 1432 4516 ὢν
1479 4464 1510 4516 ὁ
1538 4463 1730 4532 Λόγος,
1770 4465 1861 4534 τὴν

1975 4471 2092 4516 tum
2132 4460 2520 4526 hominemque
2546 4455 2750 4510 factum
2779 4449 3027 4506 confiteri
3049 4450 3289 4514 simulet,
3318 4457 3561 4505 attamen

268 4556 323 4609 δι
359 4573 428 4626 γε
455 4555 562 4610 τοῦ
601 4554 995 4624 σεσαρκῶσθαι
1031 4553 1262 4624 δύναμιν
1291 4553 1391 4606 οὐκ
1424 4553 1600 4618 εἰδὼς,
1645 4554 1740 4608 δύο
1771 4554 1861 4625 μὲν

1978 4550 2374 4609 incarnationis
2397 4549 2655 4602 virtutem
2681 4544 2956 4616 ignorans,
2977 4541 3114 4596 duas
3132 4549 3360 4595 naturas
3384 4541 3563 4596 nomi-

265 4648 534 4718 ὁνομάζει
583 4646 806 4715 φύσεις,
851 4645 1164 4716 ἁποὸιαιρεῖ
1208 4646 1236 4685 ι)
1268 4645 1326 4698 δὲ
1375 4645 1622 4716 ἀλλήλων
1679 4645 1861 4714 αὐτὰς1

1981 4657 2094 4711 nat,
2122 4659 2325 4714 easque
2348 4658 2380 4697 a
2397 4657 2454 4697 se
2473 4640 2706 4694 invicem
2723 4635 2954 4701 divellit,
2977 4635 3148 4688 Deum
3188 4648 3436 4693 seorsum
3461 4647 3562 4702 po-

269 4739 399 4794 Θεὸν
443 4739 564 4809 ἰδίᾳ
618 4736 816 4802 τιθεὶς,
845 4737 940 4790 καὶ
977 4735 1180 4807 ὁμοίως
1209 4735 1500 4807 ἄνθρωπον
1531 4736 1637 4791 ἀνὰ
1684 4737 1868 4808 μέρος,

271 4832 628 4902 συναφθέντα
673 4827 796 4897 Θεῷ
841 4826 1128 4898 σχετικῶς,
1177 4826 1323 4880 κατὰ
1357 4827 1525 4897 μόνην
1557 4827 1658 4895 τὴν
1712 4828 1876 4879 ἰσοτι-

277 4924 646 4994 μίαν,ῆγουν,
669 4918 980 4973 αὑθεντίαν.
1006 4918 1156 4988 Ἔφη
1173 4917 1282 4987 γὰρ
1307 4915 1509 4981 οὕτως·
1547 4917 1875 4988 Ἀχώριστος

273 5014 362 5068 τοῦ
399 5011 752 5085 φαινομένου
779 5010 913 5074 Θεὸς
935 5025 950 5041 °
981 5009 1070 5062 διὰ
1103 5009 1260 5062 τοῦτο
1284 5007 1380 5062 τοῦ
1407 5009 1482 5079 μὴ
1504 5008 1876 5079 χωριζομένου

273 5107 368 5178 τὴν
389 5107 571 5178 τιμὴν
606 5104 673 5157 οὺ
693 5101 916 5176 χωρίζω
934 5117 950 5132 ⁶
984 5102 1206 5174 χωρίζω
1233 5101 1334 5165 τὰς
1370 5100 1560 5171 φύσεις
1579 5117 1592 5131 ο
1628 5101 1744 5154 ἀλλ’
1771 5097 1878 5154 ὲνῶ

271 5201 370 5272 τὴν
421 5195 838 5271 προσκύνησιν.
891 5196 957 5248 Οί
995 5195 1052 5247 δέ
1095 5209 1161 5262 γε
1199 5194 1342 5247 κατὰ
1385 5194 1484 5263 τὴν
1541 5191 1873 5262 ’Λντιόχειαν

277 5289 524 5358 ἀδελφοὶ,
545 5287 624 5340 τὰ
653 5286 762 5356 μὲν
783 5283 844 5351 ἐξ
886 5279 964 5338 ὢν
992 5285 1198 5338 νοεῖται
1229 5285 1485 5355 Χριστὸς,
1518 5284 1593 5346 ώς
1613 5284 1670 5335 ὲν
1689 5281 1875 5352 ψιλαῖς

279 5382 372 5436 καὶ
402 5382 607 5453 μόναις
639 5375 877 5440 ἐννοίαις
912 5374 1216 5446 δεχόμενοι,
1251 5374 1469 5443 φύσεων
1496 5372 1596 5442 μὲν
1619 5372 1875 5442 εἰρήκασι

281 5472 546 5546 διαφορὰν
576 5473 596 5542 (
625 5471 711 5524 ὃτι
749 5469 826 5540 μὴ
854 5468 1074 5536 ταυτὸν,
1104 5467 1179 5532 ὡς
1209 5467 1371 5537 ἔφην,
1400 5467 1459 5519 tv
1493 5463 1742 5534 ποιότητι
1775 5481 1874 5532 φυ-

345 5631 388 5664 ⁶¹
416 5630 666 5700 Philipp.
711 5643 771 5692 ιι,
802 5625 929 5684 6-9.

1976 4753 2134 4802 nens,
2150 4744 2207 4802 et
2223 4734 2412 4789 itidem
2428 4745 2676 4786 seorsum
2692 4727 2971 4782 hominem
2988 4724 3310 4780 habitudine
3325 4723 3563 4793 quadam

1969 4830 2084 4884 Deo
2099 4828 2476 4898 conjunctum,
2496 4837 2595 4892 per
2613 4820 2784 4874 solam
2823 4817 3052 4872 honoris
3073 4814 3442 4884 aequalitatem
3466 4828 3564 4868 seu

1972 4919 2378 4976 auctoritatem.
2400 4915 2528 4969 Haec
2555 4911 2700 4966 enim
2723 4915 2852 4964 sunt
2871 4908 3040 4963 verba
3062 4905 3210 4959 illius
3237 4922 3250 4957 :
3276 4904 3564 4972 insepara-

1971 5008 2100 5063 bilis
2119 5015 2203 5061 est
2223 5007 2367 5060 Deus
2386 5018 2416 5057 a
2442 5000 2680 5066 visibili;
2708 4997 2854 5052 unde
2883 4997 3152 5050 honorem
3183 4993 3302 5063 ejus
3332 4989 3427 5060 qui
3450 5005 3564 5045 non

1973 5104 2286 5168 separatur,
2324 5107 2438 5148 non
2471 5105 2700 5162 separo;
2741 5101 2938 5158 separo
2973 5093 3228 5146 naturas,
3277 5080 3374 5134 sed
3427 5094 3562 5145 con-

1973 5189 2144 5260 jungo
2168 5185 2564 5242 adorationem.
2590 5182 2658 5236 At
2679 5194 2810 5234 vero
2833 5172 3161 5232 Antiocheni
3177 5171 3395 5260 fratres,
3411 5184 3477 5260 ea
3495 5184 3564 5224 ex

1979 5258 2184 5352 quibus
2205 5276 2460 5334 Christus
2482 5273 2816 5330 constitutus
2838 5263 3183 5334 intelligitur,
3213 5258 3565 5352 simpliciso-

1980 5349 2143 5439 laque
2165 5365 2498 5438 cogitatione
2521 5360 2967 5432 complectentes,
2991 5360 3317 5407 naturarum
3338 5349 3563 5439 quidem

1981 5438 2353 5515 differentiam
2381 5453 2640 5510 dixerunt
2673 5448 2874 5522 (neque
2908 5442 3077 5512 enim,
3114 5449 3178 5498 ut
3214 5454 3379 5513 supra
3409 5438 3565 5496 dice-

1384 5727 1559 5791 Varize
1597 5726 1864 5782 lectiones
1890 5723 2098 5779 codicis
2128 5722 2498 5795 Seguieriani.

346 5865 376 5912 1
399 5858 457 5914 ὁὶ
493 5853 850 5927 θεοπρεπεῖς.
929 5859 953 5887 ῑ
982 5842 1144 5911 εἶναι,
1180 5845 1293 5898 καί.
1375 5855 1400 5882 ⁸
1435 5841 1726 5912 ἐνδέχεται.
1807 5841 1834 5882 b
1871 5840 2238 5910 ἀποδιίστησι.
2345 5891 2348 5894 ,
