4048 6470
508 457 614 515 196

1553 453 1611 508 8.
1650 449 1925 508 CYRILLI
1965 447 2435 506 ALEXANDRINI
2470 449 2792 506 ARClllEP.

3674 454 3785 509 196

506 575 655 639 ham,
683 571 829 627 idem
862 570 1021 641 117
1046 570 1286 626 naturali
1313 569 1578 640 qualitate
1615 575 1745 623 sunt
1766 566 2027 623 divinitas
2049 573 2100 619 et

2207 566 2334 636 σικῇ
2366 564 2560 635 Θεότης
2612 565 2707 619 καὶ
2738 563 3143 636 ἀνθρωπότης),
3165 563 3264 618 ’ἐνα
3284 579 3348 633 γε
3379 566 3486 636 μὴν
3513 565 3661 630 Υίὸν,
3689 569 3796 621 καὶ

508 662 867 736 humanitas),
897 670 1141 718 attamen
1169 676 1343 717 unum
1373 661 1597 726 Filium,
1629 667 1685 714 et
1711 658 2017 725 Christum,
2039 667 2097 712 et

504 756 798 811 Dominum
848 764 1189 826 agnoscunt;
1224 762 1283 810 et
1326 763 1590 824 tanquam
1633 767 1778 807 unus
1816 765 1946 805 vere
1989 748 2096 814 sit,

505 860 671 903 unam
704 862 924 918 quoque
953 862 1076 903 esse
1116 846 1363 918 ejusdem
1398 859 1690 915 personam
1721 842 1949 909 dicunt;
1977 856 2100 911 quae

504 955 640 995 vero
666 941 817 995 inter
839 955 898 996 se
929 939 1085 994 unita
1112 947 1262 1005 sunt,
1288 952 1354 993 ea
1389 938 1541 994 nullo
1573 943 1737 1008 pacto
1762 935 2097 991 distrahunt.

507 1031 616 1087 Sed
649 1047 829 1103 neque
869 1032 1035 1087 ullam
1085 1031 1395 1087 naturalem
1429 1030 1756 1086 divisionem
1791 1027 2101 1097 recipiunt,

510 1130 575 1176 ut
606 1122 911 1177 infelicium
946 1121 1329 1175 inventionum
1361 1117 1577 1174 auctori
1614 1116 1822 1172 sentire
1850 1114 2099 1187 placuit:

510 1213 656 1269 solas
684 1220 866 1268 autem
891 1227 1075 1278 voces,
1108 1226 1231 1282 qua:
1258 1211 1327 1267 de
1353 1210 1575 1267 Christo
1599 1208 1885 1272 dicuntur,
1919 1220 2104 1261 secer-

506 1303 718 1358 nendas
747 1302 1090 1358 contendunt
1118 1321 1131 1356 :
1157 1311 1472 1374 competere
1499 1309 1685 1356 autem
1711 1314 1805 1356 eas
1827 1305 2100 1363 asserunt,

506 1410 618 1449 non
647 1394 785 1450 alias
811 1393 1037 1464 quidem
1082 1392 1180 1448 Dei
1227 1392 1408 1448 Patris
1443 1391 1627 1449 Verbo
1670 1400 1929 1461 tanquam
1964 1389 2103 1444 Filio

506 1486 738 1541 scorsim
766 1500 869 1556 per
897 1500 955 1541 se
981 1485 1196 1556 posito;
1227 1483 1366 1540 alias
1386 1498 1519 1539 vero
1543 1483 1623 1538 illi
1652 1498 1720 1538 ex
1748 1481 1978 1537 muliere
2007 1495 2102 1552 ge-

503 1579 644 1644 nito,
666 1586 931 1649 tanquam
977 1578 1139 1633 alteri
1163 1592 1359 1633 rursus
1381 1576 1648 1632 distincto
1670 1574 1783 1629 tilio
1810 1590 1824 1627 :
1848 1573 1945 1629 sed
1967 1572 2103 1628 alias

503 1669 731 1740 quidem
776 1669 1054 1726 divinitati
1092 1670 1276 1736 illius,
1303 1670 1441 1726 alias
1481 1682 1706 1724 rursum
1746 1664 2099 1721 humanitati.

503 1760 660 1817 Unus
689 1762 839 1817 enim
880 1761 1141 1834 idemque
1185 1762 1347 1818 simul
1380 1762 1526 1817 Deus
1573 1768 1630 1815 et
1668 1759 1835 1815 homo
1865 1757 2098 1814 exsistit.

2203 658 2459 730 Χριστὸν,
2490 657 2587 711 καὶ
2610 656 2839 729 Κύριον,
2881 656 2976 709 καὶ
3004 655 3079 721 ὡς
3110 656 3232 722 ἑνὸς
3271 657 3425 722 ὄντος
3459 657 3697 729 ἀληθῶς,
3728 659 3798 713 ἒν

2201 746 2369 800 αὐτοῦ
2395 745 2582 800 καὶτὸ
2622 746 2917 817 πρόσωπον
2961 742 3104 800 εἶναί
3149 764 3346 818 φασιν·
3397 749 3681 822 μερίζουσι
3733 750 3799 805 δὲ

2203 838 2326 892 κατ’
2354 839 2548 893 οὐδένα
2582 840 2782 912 τρόπον
2810 838 2881 893 τὰ
2909 840 3182 912 ἡνωμένα.
3221 839 3360 895 Οὔτε
3395 844 3503 914 μὴν
3550 844 3798 916 φυσικὴν

2203 929 2604 1001 παραδέχονται
2639 931 2736 1002 τὴν
2769 931 3058 1003 διαίρεσιν,
3093 932 3238 987 καθὰ
3276 934 3494 1006 φρονεῖν
3540 933 3685 1000 ἔδοξε
3712 935 3791 1006 τᾷ

2201 1023 2315 1078 τῶν
2368 1021 2570 1076 ἀθλίων
2619 1023 2942 1095 εὑρεμάτων
2997 1024 3296 1097 είσηγητῇο
3358 1025 3685 1097 διαιρεῖσθαι
3732 1026 3796 1080 δὲ

2207 1117 2378 1190 μόνας
2401 1118 2763 1174 διατείνονται
2781 1119 2878 1184 τὰς
2909 1120 3002 1177 ἐπὶ
3024 1118 3104 1190 τῷ
3126 1120 3319 1192 Κυρίῳ
3340 1120 3527 1191 φωνὰς
3555 1121 3796 1191 πρέπειν

2203 1206 2267 1262 τέ
2304 1226 2470 1279 φασιν
2499 1209 2690 1277 αὐτὰς,
2728 1211 2789 1263 οὐ
2819 1210 2918 1275 τὰς
2950 1211 3072 1285 μὲν,
3113 1211 3190 1285 ὡς
3218 1211 3331 1283 Υίῷ
3363 1212 3678 1287 καταμόνας
3710 1211 3795 1284 τῷ

2205 1300 2272 1353 ὲκ
2314 1300 2450 1354 Θεοῦ
2480 1301 2696 1373 Πατρὸς
2722 1302 2901 1375 Λόγῳ,
2932 1303 3034 1368 τὰς
3073 1303 3149 1371 δὲ,
3186 1305 3285 1358 καὶ
3314 1303 3390 1367 ὡς
3419 1303 3593 1375 ἑτέρῳ
3624 1303 3794 1358 πάλιν

2205 1389 2330 1462 υἱῷ,
2358 1390 2436 1463 τῷ
2465 1395 2530 1446 ὲκ
2563 1394 2857 1463 γυναικὸς⁶
2892 1394 3030 1449 ἀλλὰ
3061 1394 3161 1456 τὰς
3196 1396 3294 1466 μὲν
3331 1398 3396 1469 τῇ
3428 1394 3643 1467 θεότητι
3690 1396 3793 1451 αὐ-

2204 1483 2323 1551 τοῦ,
2354 1483 2452 1548 τὰς
2483 1484 2540 1538 δὲ
2570 1485 2734 1541 πάλιν
2771 1489 2836 1559 τῇ
2872 1487 3257 1561 ἅνθρωπότητι
3296 1487 3485 1543 αὐτοῦ.
3523 1488 3650 1553 Θεὸς
3679 1489 3794 1573 γᾴρ

2205 1578 2354 1633 ἐστιν
2377 1578 2406 1630 ὁ
2430 1578 2592 1642 αὐτὸς
2619 1581 2714 1635 καὶ
2729 1580 3036 1653 ἄνθρωπος.
3066 1575 3221 1635 Εἶναι
3244 1581 3301 1634 δέ
3330 1599 3461 1652 φασι
3482 1581 3578 1636 καὶ
3594 1579 3795 1653 ἑτέρας

2205 1673 2683 1744 κοινοποιηθείσας
2729 1673 2931 1746 τρόπον
2982 1673 3129 1740 τινὰ,
3178 1674 3277 1728 καὶ¹
3316 1668 3428 1729 οἷον
3477 1675 3564 1728 ἐπ’
3618 1674 3795 1744 ἄμφω

2205 1763 2534 1835 βλεπούσας,
2594 1764 2828 1836 θεότητα
2873 1765 2969 1819 καὶ
3017 1765 3415 1838 ἀνθρωπότητα
3456 1765 3621 1836 λέγω.
3662 1759 3795 1819 Οἷον

504 1854 732 1911 Addunt
800 1856 1166 1912 nihilominus
1219 1854 1486 1927 quasdam
1530 1869 1655 1909 esse
1694 1850 2100 1924 quodammodo

2203 1852 2268 1926 δή
2292 1853 2345 1907 τί
2374 1871 2539 1925 φημι.
2580 1854 2648 1907 Δί
2678 1854 2777 1924 μὲν
2807 1854 2916 1927 γάρ
2945 1856 3052 1908 είσι
3070 1855 3180 1909 τῶν
3208 1855 3404 1926 φωνῶν
3435 1857 3518 1911 ὅτι
3554 1854 3796 1927 μάλιστα

504 1959 848 2013 communes,
879 1954 936 2001 et
959 1946 1113 2001 velut
1137 1944 1207 2000 ad
1237 1955 1533 2015 utramque
1564 1953 1817 1999 naturam
1851 1949 2100 2012 spectan-

2204 1920 2534 2017 θεοπρεπεῖς
2553 1962 2566 1975 ·
2586 1945 2644 2000 αἱ
2745 1920 2899 2001 οὕτω.
2917 1946 3080 2000 πάλιν
3101 1946 3200 2000 ἀνθ
3210 1920 3623 2018 ρωποπρεπεέςο
3655 1948 3711 1999 αἱ
3733 1946 3796 2000 δὲ

506 2046 611 2104 tes,
632 2037 1002 2106 divinitatem,
1023 2039 1270 2109 inquam,
1287 2034 1934 2102 etbumanitatcm.Quod
1954 2033 2099 2100 dico,

505 2131 779 2203 ejusmodi
813 2141 935 2188 est:
965 2132 1141 2188 Voces
1171 2131 1422 2202 quaedam
1457 2127 1733 2186 divinitati
1756 2126 2101 2198 potissimum

508 2225 866 2289 conveniunt,
893 2224 1013 2279 aliae
1038 2230 1223 2278 autem
1253 2222 1425 2293 magis
1450 2221 1519 2276 ad
1547 2220 1947 2276 humanitatem
1973 2234 2100 2289 per-

509 2314 718 2382 tinent;
748 2314 868 2370 aliae
892 2313 1152 2385 denique,
1179 2313 1338 2385 quasi
1368 2313 1582 2378 mediae,
1614 2312 1813 2367 Filium
1841 2312 2015 2366 Deum
2045 2318 2103 2366 ct

506 2403 789 2460 hominem
811 2404 975 2460 simul
1002 2411 1059 2459 et
1089 2404 1144 2460 in
1176 2404 1371 2460 eodem
1400 2418 1523 2459 esse
1552 2402 1852 2458 declarant.
1881 2400 2103 2457 Etenim

505 2509 633 2549 cum
686 2494 941 2566 Philippo
994 2494 1130 2551 dicit
1176 2513 1190 2550 :
1242 2514 1261 2547 ‹
1299 2495 1476 2550 Tanto
1521 2503 1768 2566 tempore
1813 2494 2100 2551 vobiscum

507 2601 652 2653 sum,
680 2596 869 2643 etnon
910 2588 1215 2659 cognovisti
1259 2602 1368 2654 me,
1411 2587 1703 2659 Philippe?
1752 2586 1875 2643 Non
1922 2585 2104 2641 credis

507 2678 637 2748 quia
671 2694 773 2750 ego
802 2680 858 2733 in
894 2680 1089 2747 Patre,
1123 2688 1181 2735 et
1214 2680 1379 2736 Pater
1405 2679 1463 2734 in
1502 2694 1593 2734 me
1639 2679 1763 2734 est?
1800 2678 1905 2746 Qui
1950 2677 2103 2733 videt

509 2783 619 2835 me,
634 2770 785 2825 videt
807 2780 863 2826 et
875 2771 1095 2826 Patrem
1113 2771 1179 2825 “.
1196 2772 1310 2843 Ego
1325 2773 1553 2828 etPater
1566 2786 1742 2826 unum
1763 2786 1957 2826 sumus
1973 2770 2049 2836 “;
2074 2787 2093 2820 ι

508 2875 701 2916 vocem
735 2861 1010 2917 divinitati
1033 2862 1268 2919 maxime
1300 2863 1719 2919 convenientem
1747 2862 1996 2933 proferre
2023 2861 2102 2915 af-

512 2952 816 3022 ﬁrmamus.
838 2952 975 3009 Cum
1001 2970 1134 3010 vero
1154 2955 1471 3011 Iudaeorum
1501 2956 1767 3027 populum
1788 2954 2098 3024 increpans,

510 3044 589 3099 ait
617 3061 630 3097 :
666 3063 684 3093 ι
719 3044 777 3099 Si
807 3044 904 3100 ﬁlii
932 3045 1168 3102 Abrahae
1221 3048 1437 3115 essetis,
1463 3064 1635 3119 opera
1692 3046 1928 3103 Abrahae
1960 3045 2078 3102 face

511 3135 664 3190 retis.
693 3135 851 3191 Nunc
880 3145 1061 3193 autem
1084 3138 1334 3210 queritis
1354 3155 1440 3195 me
1461 3139 1774 3203 interﬁcere
1795 3138 2098 3203 hominem,

512 3227 608 3296 qui
629 3228 918 3283 veritatem
938 3229 1095 3285 vobis
1118 3231 1337 3285 locutus
1360 3247 1481 3286 sum
1507 3249 1520 3284 :
1546 3232 1652 3286 hoc
1680 3230 1956 3286 Abraham
1987 3247 2099 3286 non

510 3317 640 3375 fecit
662 3319 736 3387 ⁶³;
767 3340 784 3371 ι
813 3322 1083 3392 ejusmodi
1101 3322 1303 3392 exponi
1333 3322 1570 3377 dicimus
1590 3337 1712 3392 quae
1733 3321 1945 3377 homini
1969 3337 2100 3392 pro-

402 3468 425 3477 _
511 3411 629 3481 prie
654 3422 992 3484 competunt.
1027 3415 1415 3471 Verumtamen
1445 3423 1501 3470 et
1527 3415 1634 3469 illae
1663 3430 1785 3485 quae
1825 3413 2101 3470 divinitati

512 3504 873 3569 conveniunt,
908 3512 966 3559 et
1005 3503 1113 3559 illa:
1142 3519 1363 3559 rursum
1400 3520 1565 3560 voces
1599 3521 1721 3575 quae
1746 3504 1815 3559 ad
1842 3505 2100 3561 humani-

513 3604 679 3648 tatem
713 3595 1017 3666 pertinent,
1044 3596 1140 3652 uni
1163 3605 1375 3651 tantum
1402 3597 1543 3651 Filio
1565 3597 1937 3653 ascribuntur.
1963 3598 2102 3654 Cum

511 3683 660 3738 enim
704 3685 851 3740 Deus
889 3693 1056 3752 esset,
1105 3685 1271 3742 homo
1303 3687 1483 3743 factus
1513 3695 1617 3753 est,
1663 3688 1950 3744 divinitate
1989 3705 2102 3745 non

511 3776 731 3843 amissa,
768 3777 865 3833 sed
889 3793 1055 3833 carne
1085 3787 1141 3834 et
1181 3780 1446 3851 sanguine
1474 3782 1792 3851 assumptis.
1831 3782 2103 3849 Quoniam

510 3882 644 3921 vero
681 3884 824 3922 unus
856 3876 942 3923 est
976 3867 1169 3937 Filius,
1219 3878 1276 3924 et
1304 3870 1472 3937 Deus,
1515 3877 1572 3926 et
1601 3870 1872 3928 Dominus
1892 3913 1906 3938 ,
1936 3886 2101 3926 unam

511 3973 732 4028 quoque
782 3966 996 4013 tantum
1044 3975 1372 4029 personam,
1445 3970 1558 4017 tam
1607 3978 1709 4018 nos
1778 3974 1943 4032 quam
1996 3962 2101 4032 ipsi

512 4064 893 4119 agnoscamus.
920 4050 1128 4105 Medias
1149 4057 1334 4104 autem
1354 4067 1519 4107 voces
1538 4052 1659 4106 illas
1679 4066 1801 4107 esse
1821 4066 2103 4106 assevera-

514 4154 658 4203 mus,
696 4148 757 4195 ut
789 4155 915 4195 cum
955 4142 1150 4197 beatus
1176 4142 1380 4198 Paulus
1422 4142 1617 4198 scribit
1645 4160 1658 4194 :
1694 4161 1712 4193 ‹
1746 4141 1908 4197 Jesus
1937 4141 2100 4197 Chri—

512 4241 633 4287 stus
670 4233 791 4288 heri
822 4243 878 4290 et
900 4235 1088 4301 hodie,
1116 4235 1262 4291 idem
1300 4244 1358 4290 et
1391 4237 1449 4291 in
1483 4235 1680 4293 saecula
1708 4235 1787 4302 “;
1826 4254 1845 4286 ι
1873 4243 1930 4291 et
1971 4252 2099 4291 rur~

513 4339 635 4379 sum
668 4344 681 4379 :
719 4346 736 4378 ι
770 4326 1056 4397 Siquidem
1079 4335 1207 4382 sunt
1234 4326 1313 4383 dii
1339 4326 1499 4382 multi
1529 4334 1587 4380 et
1621 4324 1830 4381 domini
1861 4328 2019 4383 multi
2045 4328 2102 4383 in

510 4420 652 4475 caelo
677 4428 733 4475 et
755 4420 812 4474 in
840 4427 1024 4487 terra;
1051 4420 1213 4476 nobis
1246 4427 1432 4475 tamen
1460 4434 1605 4473 unus
1626 4429 1711 4474 est
1743 4420 1888 4476 Deus
1914 4422 2099 4490 Pater,

509 4525 581 4564 ex
613 4525 722 4581 quo
756 4512 961 4577 omnia,
992 4521 1048 4567 et
1081 4529 1184 4569 nos
1228 4528 1299 4568 ex
1349 4513 1468 4582 ipso
1510 4530 1522 4565 :
1559 4520 1615 4567 et
1659 4530 1801 4569 unus
1834 4514 2101 4571 Dominus

2203 2037 2287 2091 ὄτι
2320 2037 2558 2109 μάλιστα
2585 2038 2758 2111 μέσην
2785 2038 2909 2093 τινὰ
2934 2037 3088 2105 τάξιν
3120 2039 3428 2110 ἐπέχουσιν,
3460 2038 3797 2111 ἐμφανίζου-

2206 2143 2298 2181 σαι
2330 2127 2425 2181 τὸν
2455 2128 2586 2182 Υίὸν
2625 2128 2757 2184 Θεὸν
2788 2126 2921 2182 ὄντα
2954 2128 3050 2181 καὶ
3073 2126 3383 2199 ἄνθρωπον,
3425 2126 3561 2199 ὁμοῦ
3594 2146 3653 2181 τε
3694 2128 3797 2182 καὶ

2203 2219 2262 2274 ὲν
2290 2219 2491 2292 ταυτῷ.
2528 2220 2698 2275 Ὅταν
2732 2220 2833 2291 μὲν
2869 2219 2981 2291 γὰρ
3010 2218 3088 2292 τῷ
3111 2219 3364 2290 Φιλίππῳ
3391 2219 3525 2292 λέγῃ
3544 2237 3560 2253 ·
3596 2239 3614 2272 ι
3651 2221 3796 2273 Τοσ-

2201 2311 2358 2366 οῦτον
2396 2311 2589 2384 χρόνον
2649 2310 2768 2385 μεθ’
2801 2310 2958 2382 ὑμῶν
2985 2313 3126 2382 εἰμι,
3170 2310 3265 2364 καὶ
3289 2310 3389 2364 οὐκ
3423 2310 3671 2380 ἔγνωκάς
3695 2327 3791 2381 με,

2203 2403 2474 2471 Φίλιπτιες
2508 2403 2584 2457 Οὐ
2615 2413 2638 2442 ο
2681 2401 2987 2469 πιστεύεις,
3015 2404 3098 2456 ὅτι
3127 2401 3238 2472 ἐγὼ
3261 2403 3319 2457 ὲν
3352 2401 3432 2474 τῷ
3468 2386 3666 2473 Πατρὶ,
3691 2403 3794 2457 καὶ

2202 2496 2231 2549 ὁ
2262 2494 2454 2567 Πατὴρ
2491 2496 2550 2549 ὲν
2579 2494 2703 2566 ἐμοί
2746 2495 2930 2563 tactv;
2982 2495 3040 2549 Ὀ
3090 2494 3355 2564 ἑωρακὼς
3405 2494 3529 2565 ἐμὲ,
3572 2495 3791 2564 ἑώρακε

2202 2587 2294 2641 τὸν
2327 2585 2572 2658 Πατέρα.
2619 2584 2762 2656 Ἐγὼ
2790 2586 2886 2640 καὶ
2917 2588 2945 2641 ὁ
2967 2587 3160 2657 Πατὴρ
3186 2587 3244 2640 ἓν
3273 2587 3440 2658 ἐσμεν
3460 2604 3472 2616 ·
3505 2605 3527 2640 ι
3560 2586 3795 2656 θεοπρεο

2203 2680 2483 2750 πεστάτην
2519 2673 2658 2734 εἶναι
2687 2678 3145 2759 διαῦεϐαιούμεθα
3169 2680 3266 2750 τὴν
3295 2681 3504 2751 φωνήν.
3533 2679 3705 2733 Ὅταν
3733 2679 3793 2733 δὲ

2202 2775 2315 2836 τοῖς
2378 2771 2651 2826 Ἰουδαίων
2719 2771 3029 2844 ὲπιπλὴττῃ
3074 2772 3296 2843 δήμοις,
3352 2772 3533 2824 ἐκεῖνο
3579 2769 3792 2835 λέγων’

2210 2887 2229 2919 ι
2265 2867 2331 2921 Εἰ
2364 2865 2531 2920 τέκνα
2557 2864 2652 2919 τοῦ
2690 2865 2945 2936 Ἀϐραὰμ
2981 2861 3101 2937 ἦτε,
3133 2865 3203 2920 τὰ
3235 2864 3373 2935 ἔργα
3397 2864 3489 2919 τοῦ
3534 2861 3793 2935 ’Δὸραὰμ

2204 2960 2444 3013 ἐποιεῖτε
2479 2958 2570 3013 ἄν·
2602 2956 2697 3012 νῦν
2727 2957 2782 3010 δὲ
2801 2955 3017 3028 ζητεῖτέ
3041 2974 3107 3029 με
3135 2958 3478 3021 ἀποκτεῖναι,
3498 2954 3791 3025 ἄνθρωπον

2202 3049 2260 3117 δς
2290 3048 2387 3122 τὴν
2412 3049 2672 3122 ἀλήθειαν
2702 3050 2832 3121 ὑμῖν
2852 3049 3127 3122 λελάληκα
3149 3048 3359 3122 ’.τοῦτο
3399 3045 3652 3121 Ἀϐραὰμ
3689 3046 3795 3100 οὐκ

2202 3143 2491 3215 ἐποίησεν·
2536 3162 2556 3195 ι
2594 3126 3086 3214 ἀνθρωποπρεπῶς
3133 3140 3386 3213 εἰρῆσθαι
3422 3139 3649 3197 τοιαῦτά
3681 3157 3794 3209 φα-

2207 3253 2328 3309 μεν.
2363 3234 2513 3307 Πλὴν
2538 3232 2630 3287 τοῦ
2670 3234 2789 3298 ἑνὸς
2826 3231 2960 3287 Υίοῦ
3008 3231 3109 3297 τὰς
3153 3231 3499 3305 θεοπρεπείς,
3540 3230 3638 3285 καὶ
3690 3228 3795 3301 μέν

2204 3346 2288 3382 τοι
2324 3327 2425 3392 τὰς
2457 3325 2826 3399 ἀνθρωπίνας.
2847 3323 2981 3388 Θεὸς
3002 3322 3112 3395 γὰρ
3134 3322 3210 3378 ὢν
3233 3323 3457 3392 γέγονεν
3479 3320 3795 3393 ἄνθρωπος,

2206 3417 2266 3471 οὐ
2300 3416 2361 3470 τὸ
2413 3410 2554 3470 εἶναι
2602 3413 2736 3480 Θεὸς
2782 3413 2977 3484 ἀφείς·
3031 3415 3089 3466 ὲν
3134 3410 3438 3485 προσλήψει
3482 3412 3542 3467 δὲ
3584 3410 3797 3484 μᾶλλον

2208 3508 2413 3582 σαρκὸς
2454 3507 2550 3562 καὶ
2579 3505 2815 3578 αἵματος
2871 3504 3134 3577 γεγονώς.
3172 3505 3392 3577 Ἐπειδὴ
3422 3504 3479 3559 δὲ
3524 3498 3606 3568 εἷς
3639 3505 3795 3561 ἐστιν

2205 3601 2356 3675 ἴξὶὸς,
2390 3599 2484 3653 καὶ
2512 3598 2668 3663 Θεὸς,
2703 3599 2800 3654 καὶ
2832 3596 3061 3668 Κύριος,
3092 3596 3151 3653 ἓν
3181 3596 3349 3657 αὑτοῦ
3374 3597 3468 3651 καὶ
3496 3596 3793 3670 πρόσωπον

2205 3689 2343 3746 εἶναί
2372 3709 2574 3762 φαμεν,
2610 3693 2769 3763 ἡμεῖς
2801 3708 2860 3745 τε
2894 3692 3161 3747 κάκεῖνοι.
3195 3690 3389 3757 Μέσας
3416 3689 3476 3745 δὲ
3500 3685 3640 3745 εἶναι
3674 3707 3795 3759 φω-

2204 3781 2301 3845 νὰς
2357 3780 2574 3844 ὲκείνας
2607 3777 3100 3851 διαϐεϐαιούμεθα·
3134 3772 3247 3832 οἷον
3278 3780 3408 3832 ὅταν
3453 3780 3483 3832 ὁ
3518 3777 3795 3851 μακάριος

2205 3871 2418 3935 Παῦλος
2447 3871 2672 3944 γράφῃ·
2712 3891 2731 3923 ‹
2781 3869 2991 3942 Ἰησοῦς
3029 3870 3268 3941 Χριστὸς
3312 3870 3462 3947 χθὲς,
3496 3871 3594 3925 καὶ
3618 3871 3797 3942 σήμε-

2206 3980 2318 4034 ρον,
2347 3963 2375 4015 ὁ
2402 3961 2564 4023 αὐτὸς
2581 3959 2676 4015 καὶ
2696 3962 2777 4027 εἰς
2795 3961 2921 4024 τοὺς
2944 3960 3169 4024 αίῶνας·
3196 3979 3216 4014 ›
3234 3961 3331 4016 καὶ
3355 3959 3514 4015 πάλιν
3534 3977 3548 3991 ·
3573 3978 3592 4011 ι
3612 3959 3795 4033 Εἴπερ

2204 4054 2311 4108 εἰσὶ
2343 4053 2457 4108 θεοὶ
2496 4053 2591 4108 καὶ
2615 4053 2797 4125 κύριοι
2826 4052 3013 4107 πολλοὶ⁸
3052 4052 3110 4106 ἐν
3140 4070 3201 4107 τε
3241 4052 3325 4124 τῷ
3352 4051 3572 4125 οὐρανῷ
3602 4052 3697 4106 καὶ⁵
3732 4054 3796 4106 ὲν

2202 4149 2269 4219 τῇ
2316 4150 2388 4219 γῇ
2419 4146 2479 4186 ἀ*
2519 4142 2636 4200 ἀλλ’
2668 4148 2800 4217 ἡμῖν
2829 4141 2911 4210 εἷς
2953 4145 3086 4210 Θεὸς
3134 4156 3159 4185 θ
3190 4147 3218 4199 ὁ
3256 4145 3467 4216 Πατὴρ,
3511 4143 3572 4209 ἐξ
3609 4139 3671 4198 οῦ
3720 4144 3795 4200 τὰ

2204 4239 2406 4307 πάντα,
2436 4238 2533 4293 καὶ
2563 4239 2726 4309 ἡμεῖς
2753 4238 2815 4302 ἐξ
2841 4237 3036 4292 αὑτοῦ·
3070 4237 3166 4292 καὶ
3193 4231 3275 4302 εἷς
3316 4237 3522 4308 Κύριος
3576 4234 3794 4305 Ἰησοῦς

2203 4330 2461 4402 Χριστὸς,
2490 4329 2559 4382 δι’
2586 4323 2647 4384 οῦ
2675 4328 2745 4383 τὰ
2773 4329 2975 4393 πάντα,
3005 4328 3100 4382 καὶ
3130 4328 3292 4399 ἡμεῖς
3316 4326 3382 4381 δι’
3423 4326 3611 4380 αὐτοῦ’
3637 4344 3657 4378 ο
3690 4326 3794 4379 καὶ

2202 4422 2393 4477 πάλινο
2437 4442 2457 4474 ι
2506 4420 2771 4492 Ηὺχόμην
2816 4421 2926 4491 γὰρ
2975 4419 3137 4483 αὐτὸς
3177 4417 3313 4486 ἐγὼ,
3354 4417 3608 4488 ἀνάθεμα
3645 4410 3794 4470 εἶναι

2202 4514 2310 4569 ἀπὸ
2342 4514 2436 4569 τοῦ
2466 4512 2703 4587 Χριστοῦ
2739 4512 2882 4585 ὑπὲρ
2912 4512 3021 4568 τῶν
3061 4511 3308 4580 ἀδελφῶν
3342 4528 3466 4583 μου,
3506 4511 3617 4566 τῶν
3657 4524 3794 4578 συγ-

510 4600 671 4656 Jesus
694 4601 969 4680 Christus,
983 4621 1083 4677 per
1098 4620 1265 4675 quem
1277 4603 1483 4669 omnia,
1499 4612 1555 4658 et
1570 4620 1671 4660 nos
1686 4621 1784 4675 per
1799 4606 1980 4676 ipsum
1994 4608 2060 4674 67;
2074 4625 2091 4657 ι

2207 4607 2379 4676 γενῶν
2415 4623 2515 4678 μου
2565 4605 2709 4660 κατὰ
2758 4606 2970 4676 σάρκα⁶
3021 4604 3219 4669 οἵτινές
3259 4606 3397 4659 εἰσιν
3434 4601 3796 4676 Ἰσραηλῖται,

510 4698 568 4745 et
589 4692 719 4746 alibi
751 4692 952 4749 iterum
979 4712 993 4749 :
1024 4714 1043 4748 ι
1077 4686 1347 4767 Optabam
1368 4693 1519 4750 enim
1542 4710 1642 4766 ego
1668 4696 1784 4766 ipse
1813 4697 2103 4752 anathema

510 4796 634 4838 esse
677 4800 709 4838 a
739 4783 961 4841 Christo
1006 4802 1110 4859 pro
1146 4785 1416 4857 fratribus
1454 4785 1610 4853 meis,
1655 4787 1750 4857 qui
1790 4787 1952 4857 118
1978 4796 2108 4842 sunt

509 4877 733 4946 cognati
764 4878 873 4933 mei
914 4877 1222 4936 secundum
1254 4893 1498 4945 carnem,
1529 4877 1625 4950 qui
1662 4887 1791 4935 sunt
1815 4878 2103 4947 Israelita},

509 4983 748 5038 quorum
777 4977 862 5024 est
891 4962 1118 5043 adoptio
1148 4968 1411 5037 ﬁliorum,
1440 4978 1498 5025 et
1528 4969 1820 5042 legislatio,
1851 4980 1909 5026 et
1942 4979 2108 5025 testa-

510 5068 781 5128 mentum,
815 5072 873 5117 et
912 5061 1120 5137 gloria;
1167 5076 1407 5133 quorum
1439 5070 1660 5134 patres,
1695 5070 1752 5116 et
1792 5076 1859 5116 ex
1905 5061 2107 5132 quibus

507 5150 766 5208 Christus
810 5152 1117 5221 secundum
1160 5162 1408 5221 carnem,
1447 5151 1543 5222 qui
1586 5160 1672 5207 est
1714 5168 1878 5223 super
1920 5153 2105 5208 omnia

507 5242 655 5300 Deus
684 5228 1095 5321 benedictus
1117 5245 1338 5313 saecula.
1367 5245 1543 5303 Amen
1569 5245 1634 5298 ‘3.
1667 5264 1685 5296 ι
1716 5244 1799 5299 En
1822 5244 2103 5300 Christum

507 5335 698 5399 Iesum
724 5326 1183 5421 nmmum
1213 5344 1272 5393 et
1305 5336 1494 5401 hodie,
1535 5343 1591 5390 et
1622 5336 1678 5392 in
1710 5337 1910 5393 saecula
1944 5352 2104 5393 eum-

510 5420 637 5484 dem
661 5418 785 5487 esse
812 5416 1043 5496 mserit;
1073 5435 1131 5485 et
1151 5443 1252 5500 per
1274 5428 1454 5501 ipsum
1478 5427 1663 5484 omnia
1684 5427 1826 5485 facta
1854 5444 1976 5485 esse
2004 5429 2101 5494 ait,

2203 4690 2278 4753 ὧν
2309 4699 2460 4752 ἐστιν
2483 4700 2516 4770 ἡ
2541 4698 2803 4763 υἱοθεσία,
2825 4698 2918 4751 καὶ
2950 4699 2984 4769 ἡ
3007 4697 3319 4768 νομοθεσία,
3353 4697 3449 4750 καὶ
3472 4698 3505 4767 ἡ
3529 4695 3797 4766 διαθήκη,

2205 4790 2300 4843 καὶ
2336 4788 2466 4853 δόξα
2486 4803 2501 4818 ⁸
2549 4781 2624 4843 ὧν
2651 4789 2707 4865 οἱ⁸
2730 4788 2989 4858 πατέρες,
3032 4787 3127 4843 καὶ
3161 4788 3224 4854 ἐξ
3251 4784 3326 4842 ὧν
3348 4787 3410 4842 τὸ
3436 4786 3577 4841 κατὰ
3605 4786 3796 4856 σάρκα

2204 4878 2458 4951 Χριστὸς,
2487 4879 2516 4931 ὁ
2542 4877 2618 4933 ὣν
2657 4878 2749 4933 ἐπὶ
2795 4879 3014 4934 πάντων
3058 4878 3191 4942 Θεὸς
3222 4877 3511 4950 εὐλογητὸς
3547 4879 3627 4941 εις
3657 4877 3797 4941 τοὺς

2174 4972 2432 5036 αἰῶνας.
2478 4972 2671 5043 Ἀμήν.
2721 4990 2742 5025 ι
2784 4970 2914 5025 Ἰδοὺ
2950 4971 3081 5044 γὰρ,
3127 4971 3261 5036 ἰδοὺ,
3306 4969 3541 5042 Χριστὸν
3580 4968 3799 5040 Ἰησοῦν

2202 5062 2497 5133 ὀνομάσας,
2523 5061 2671 5132 χθὲς,
2702 5062 2797 5117 καὶ
2827 5063 3071 5136 σήμερον
3096 5063 3192 5119 τὸν
3229 5063 3397 5119 αὐτὸν
3443 5057 3584 5119 εἶναί
3626 5076 3799 5130 φησι,

2202 5152 2297 5206 καὶ
2349 5152 2429 5216 εἰς
2481 5152 2608 5215 τοὺς
2658 5152 2888 5221 αἰῶνας,
2937 5150 3034 5209 καὶ
3074 5153 3143 5208 δι’
3196 5152 3364 5208 αὑτοῦ
3425 5150 3680 5225 γενέσθαι
3717 5152 3800 5206 τὰ

2203 5242 2382 5297 πάντα
2398 5261 2411 5273 ·
2439 5234 2535 5298 καὶ
2555 5245 2646 5299 τὸν
2675 5244 2818 5300 κατὰ
2842 5245 3023 5317 σάρκα
3045 5245 3105 5312 ἐξ
3139 5245 3431 5313 Ἰουδαίων,
3452 5245 3544 5298 ἐπὶ
3567 5243 3799 5299 πάντων

2202 5334 2457 5405 ὀνομάζει
2502 5333 2669 5388 Θεόν·
2714 5336 2809 5390 καὶ
2858 5336 2964 5409 μὴν
2992 5337 3088 5391 καὶ
3113 5336 3411 5410 εὐλογητὸν
3439 5331 3581 5391 εἷναί
3620 5350 3797 5407 φησιν

2201 5430 2281 5494 εἰς
2301 5430 2426 5494 τοὺς
2452 5429 2681 5495 αἰῶνας.
3719 5466 3729 5473 ·

583 5583 638 5656 οξ
665 5584 818 5656 loan.
848 5598 958 5650 xxv,
983 5583 1036 5649 8,
1060 5584 1113 5640 9.
1192 5583 1412 5641 σηοω..
1446 5602 1507 5656 x,
1536 5585 1623 5640 50.
1702 5587 1746 5618 "
1772 5585 1928 5642 Joan.
1954 5602 2068 5653 vm,
2094 5585 2186 5653 39,
2212 5585 2300 5641 40.
2379 5586 2424 5619 “
2451 5586 2619 5642 Hebr.
2643 5602 2755 5653 xm,
2787 5587 2838 5642 8.
2914 5589 2958 5620 ⁸⁷
2994 5589 3015 5644 l
3046 5587 3172 5645 Cor.
3204 5604 3320 5655 vm,
3343 5588 3396 5655 5,
3418 5588 3473 5645 6.
3552 5585 3597 5620 ⁸⁸
3620 5586 3795 5646 Rom.

512 5669 588 5723 Ix,
613 5653 728 5709 5-5.

1599 5766 1776 5822 Variae
1798 5767 2066 5826 lectiones
2095 5770 2304 5828 codicis
2330 5772 2692 5845 Seguieriani.

585 5893 609 5922 ο
643 5880 997 5954 με,Φίλιππε.
1040 5884 1137 5939 Οὐ.
1213 5882 1239 5922 ἀ
1271 5880 1362 5937 ἐπὶ
1386 5881 1484 5952 τῆς
1525 5882 1649 5954 γῆς.
1730 5895 1753 5924 ε
1794 5884 2013 5956 Πατήρ.
