4048 6454
321 390 429 448 197
1769 401 2110 462 EPISTOLA
2149 406 2264 463 XL.
3515 435 3621 491 193

314 505 587 651 mm,
617 506 718 577 qui
743 507 1058 566 secundum
1077 525 1304 569 carnem
1341 530 1411 570 ex
1446 516 1651 574 Judazis
1686 528 1790 586 est,
1831 521 2004 578 Deum
2043 539 2212 595 super
2233 529 2417 583 omnia
2449 532 2706 602 appellat,
2732 545 2788 589 et
2823 540 2876 592 in
2905 544 3100 598 saecula
3123 561 3242 601 csse
3270 549 3620 609 benedictum

483 605 570 651 at-

483 605 570 652 at-

371 689 470 758 Μὴ
501 687 706 742 τοίνυν
743 689 927 763 διέλῃς
959 691 1022 745 ὲν
1054 691 1270 758 τούτοις
1302 693 1322 734 τ
1353 695 1452 761 τὰς
1486 697 1582 752 ἐπὶ
1623 697 1702 770 τῷ
1731 699 1902 771 Κυρίᾳ

2093 699 2155 754 In
2177 699 2264 757 his
2285 702 2453 773 igitur
2474 706 2746 776 ejusmodi
2777 727 2958 778 voces,
2989 732 3112 784 qua
3135 720 3203 774 de
3226 722 3459 780 Domino
3482 741 3623 798 prac‘

311 781 496 851 φωνάς
523 797 540 810 ·
596 779 796 852 ἔχουσι
829 781 945 852 γὰρ
975 783 1036 836 ἐν
1088 785 1275 857 ταυτῴ
1301 787 1364 840 τὸ
1389 787 1694 860 θεοπρεπὲς
1746 791 1844 846 ικαὶ
1871 809 1902 844 τ

2031 790 2308 860 dicantur,
2343 811 2414 851 ne
2449 796 2695 866 dividas;
2744 803 2907 858 simul
2953 809 3100 862 enim
3149 813 3202 865 in
3238 815 3431 870 eodem
3465 779 3618 875 crom-

302 871 672 943 ἀνθρώπινον
694 889 709 903 ·
743 874 1068 945 ὲφάρμοσον
1095 875 1153 930 δὲ
1181 878 1384 947 μᾶλλον
1401 879 1594 946 αὐτὰς,
1623 881 1701 946 ὡς
1725 883 1829 946 ἑνὶ,
1854 883 1902 949 τί

2031 883 2350 952 plectuntur
2386 897 2444 945 et
2486 892 2635 960 quod
2660 895 2773 949 Deo
2803 905 2858 952 et
2891 900 3038 968 quod
3072 902 3280 962 homini
3317 871 3614 978 convenit;

303 966 437 1036 Υῐῷ,
465 965 631 1019 τοῦτ’
660 965 843 1030 ἐστιν,
877 967 956 1037 τῷ
982 967 1104 1039 Θεῷ
1128 968 1288 1040 Λόγῳ
1313 973 1748 1045 σεσαρκωμένῳ.
1777 975 1902 1028 "Ere

2029 975 2126 1030 sed
2172 978 2369 1049 adapta
2418 982 2540 1038 illas
2572 987 2664 1040 uni
2714 988 2873 1053 Filio,
2907 965 3027 1048 hoc
3068 1005 3172 1062 cst,
3208 965 3618 1064 incarnato—Dei

300 1074 396 1128 ρον
429 1057 634 1110 τοίνυν
666 1057 798 1111 ἐστὶ
850 1057 913 1111 τὸ
969 1059 1205 1130 διαιρεῖν
1247 1062 1349 1127 τὰς
1382 1063 1598 1134 φύσεις,
1638 1067 1734 1120 καὶ
1771 1066 1902 1120 τοῦτ

2028 1067 2228 1122 Verbo.
2263 1071 2428 1128 Aliud
2473 1083 2560 1129 est
2591 1091 2724 1148 ergo
2767 1090 2994 1138 naturas
3024 1057 3171 1156 ipsas
3203 1057 3484 1162 dirimere,

300 1148 443 1219 μετὰ
465 1150 576 1219 τὴν
602 1149 840 1214 ἕνωσιν,
869 1151 970 1205 καὶ
998 1152 1144 1206 κατὰ
1168 1154 1336 1225 μόνην
1357 1157 1633 1229 ἰσοτιμίαν
1655 1159 1927 1230 συνῆφθαι

297 1242 478 1309 λέγειν
517 1242 841 1314 ἄνθρωπον
873 1245 1014 1316 Θεῷ,
1059 1247 1157 1299 καὶ
1190 1248 1393 1317 ὁμοίως
1420 1249 1608 1321 ἕτερον
1638 1251 1702 1304 τὸ
1730 1251 1926 1321 φωνῶν

301 1335 500 1388 εἰδέναι
553 1333 878 1407 διαφοράν.
931 1337 1045 1390 Ποῦ
1100 1339 1395 1410 τοιγαροῦν
1447 1343 1572 1405 ταῖς
1624 1343 1922 1415 Νεστορίου

305 1427 709 1496 καινοφωνίαις
733 1430 765 1470 ⁸
791 1430 867 1483 τὰ
893 1430 1119 1484 ἐκείνων
1145 1433 1430 1505 συντρέχει
1451 1451 1465 1500 ;
1485 1436 1547 1489 Εἰ
1566 1437 1675 1507 γὰρ
1696 1437 1789 1490 καί
1811 1455 1922 1491 τισι

304 1519 438 1572 δοκεῖ
466 1520 590 1572 τῶν
639 1518 865 1586 λέξεων
891 1524 926 1590 ὴ
964 1521 1234 1594 συνθήκη,
1255 1547 1258 1552 -
1283 1525 1378 1578 καὶ
1416 1526 1526 1581 τῶν
1557 1529 1845 1599 νοημάτων
1887 1531 1921 1601 ἠ

307 1607 554 1679 προφορά
611 1609 669 1674 h,
719 1609 831 1680 τῆς
873 1611 1065 1682 ἰσχνῆς
1097 1611 1240 1682 ἄγαν
1271 1615 1562 1686 ἀκριϐείας
1606 1619 1923 1689 ἀπολιμπά-

301 1700 518 1763 νεσθαι,
576 1700 932 1771 θαυμαστὸν
986 1703 1176 1758 οὐδέν·
1231 1706 1627 1780 δυσεκφώνητα
1679 1710 1790 1781 γὰρ
1850 1712 1921 1766 τὰ

295 1793 470 1847 τοιάδε
488 1791 652 1846 .λίαν.
692 1793 902 1865 Ταύτῃ
931 1813 1016 1848 τοι
1044 1797 1140 1850 καὶ
1167 1799 1196 1850 6
1229 1798 1519 1864 θεσπέσιος
1553 1801 1765 1866 Παῦλος
1789 1805 1920 1875 ἐζή-

295 1900 380 1936 τει
410 1885 565 1953 παρὰ
593 1884 745 1937 Θεοῦ
772 1885 946 1953 λόγον
978 1887 1038 1940 ὲν
1070 1888 1278 1954 ἀνοίξει
1302 1890 1398 1944 τοῦ
1434 1892 1700 1963 στόματος
1725 1895 1913 1950 αὐτοῦ.

302 1977 426 2029 ὐτι
453 1976 568 2046 γὰρ
597 1976 664 2029 οὐ
693 1977 1035 2047 μερίζουσιν
1061 1983 1143 2044 εἰς
1174 1981 1269 2036 δύο
1297 1983 1389 2036 τὸν
1409 1985 1508 2040 ἕνα
1545 1986 1750 2056 Ἰησοῦν
1780 1990 1918 2061 Χρι-

311 2067 456 2131 στδν,
491 2066 698 2138 χρῆναι
731 2067 1006 2136 λέγοντες
1040 2070 1460 2143 ὲφαρμόζεσθαι
1485 2075 1584 2139 τὰς
1611 2078 1818 2146 φωνὰς,
1845 2082 1912 2151 τῇ

326 2157 422 2225 μὲν
447 2155 656 2227 θεότητι
679 2157 865 2212 αὐτοῦ
913 2159 1020 2222 τὰς
1053 2159 1400 2233 θεοπρεπεῖς,
1432 2168 1501 2235 τῇ
1529 2167 1587 2219 δὲ
1628 2168 1914 2240 ἀνθρωπό-

2026 1358 2248 1411 serere;
2298 1348 2448 1404 aliud
2500 1367 2721 1409 rursum
2770 1371 2969 1414 vocum
3021 1363 3392 1423 differentiam
3442 1387 3614 1442 agno-

2023 1448 2202 1491 scere.
2233 1437 2519 1503 Quomodo
2548 1444 2716 1514 igitur
2751 1447 2971 1504 illorum
3006 1453 3154 1509 dicta
3179 1471 3304 1512 cum
3329 1437 3611 1517 Nestoria-

2023 1526 2110 1582 nis
2163 1543 2358 1586 vocum
2411 1535 2752 1594 novitatibus
2809 1548 3154 1614 congruunt?
3197 1549 3334 1604 Nam
3393 1553 3612 1610 etiamsi

2022 1618 2329 1678 dictionum
2378 1618 2690 1695 structura,
2743 1637 3256 1710 sententiarumque
3302 1645 3612 1700 enuntiatio

2021 1710 2292 1779 ejusmodi
2321 1715 2395 1769 sit
2424 1724 2486 1771 ut
2512 1734 2543 1772 a
2571 1721 2866 1780 subtiliore
2903 1726 2994 1781 illa
3033 1728 3315 1801 diligentia
3357 1736 3608 1792 nonnihil

2019 1805 2282 1862 recedere
2331 1809 2664 1878 quibusdam
2709 1814 2887 1871 videri
2935 1830 3122 1889 queat,
3155 1839 3266 1877 non
3317 1833 3403 1880 est
3449 1829 3610 1883 valde

2020 1896 2221 1950 mirum
2252 1917 2265 1952 :
2291 1901 2498 1956 etenim
2532 1918 2644 1958 non
2692 1921 2887 1976 parum
2937 1910 3156 1968 diﬁicile
3205 1924 3290 1970 est
3335 1917 3451 1972 haec
3482 1928 3608 1989 apte

2017 1990 2314 2058 explicare.
2350 1993 2487 2048 Nam
2513 2004 2572 2050 et
2592 1997 2813 2054 divinus
2848 2002 3052 2058 Paulus
3087 2020 3394 2062 sermonem
3428 2025 3458 2063 a
3492 2011 3607 2064 Deo

2018 2077 2075 2131 in
2105 2080 2218 2134 oris
2257 2083 2342 2136 sui
2387 2087 2670 2154 apertione
2709 2091 2910 2159 quaerit
2951 2094 3017 2146 ".
3047 2094 3205 2160 Quod
3243 2097 3392 2151 enim
3433 2115 3603 2154 unum

2017 2169 2311 2227 Dominum
2359 2185 2613 2233 nostrum
2654 2181 2843 2236 Jesum
2887 2183 3168 2242 Christum
3217 2189 3272 2243 in
3307 2192 3446 2246 duos
3493 2207 3605 2248 non

2016 2263 2286 2330 dividant,
2313 2267 2359 2320 si
2385 2283 2550 2325 voces
2577 2271 2697 2327 illas
2727 2287 2850 2342 quae
2872 2275 2985 2330 Deo
3012 2281 3365 2346 conveniunt,
3397 2285 3602 2341 divini-

2016 2353 2113 2408 tati
2146 2355 2287 2424 ejus,
2314 2357 2453 2411 alias
2478 2373 2699 2413 rursum
2731 2376 2855 2429 qua:
2880 2362 3091 2418 homini
3115 2379 3454 2438 competunt,
3493 2375 3601 2428 hu-

2013 2446 2266 2500 manitati
2307 2447 2458 2503 illius
2489 2451 2757 2519 aptandas
2787 2467 2908 2507 esse
2949 2455 3154 2523 dicant,
3187 2460 3312 2528 quis
3351 2462 3602 2520 dubitat?

2011 2535 2300 2592 Afﬁrmant
2329 2540 2498 2606 enim,
2535 2551 2596 2596 ut
2619 2551 2749 2598 ante
2776 2544 2912 2608 dixi,
2939 2545 3115 2616 ipsum
3142 2549 3276 2605 illud
3303 2553 3398 2608 Dei
3424 2556 3603 2613 Patris

2012 2627 2282 2697 Verbum,
2319 2631 2468 2700 quod
2512 2642 2639 2688 ante
2685 2636 2884 2689 saecula
2916 2638 3160 2707 genitum
3193 2649 3276 2696 est
3309 2659 3377 2699 ex
3405 2646 3596 2713 Patre,

2010 2720 2303 2789 postremis
2342 2723 2686 2792 temporibus
2708 2739 2776 2778 ex
2817 2736 3003 2782 sancta
3038 2730 3258 2801 Virgine
3294 2737 3597 2793 secundum

2009 2825 2232 2867 carnem
2253 2821 2445 2868 natum
2468 2828 2609 2868 csse.
2641 2815 2866 2870 Addunt
2892 2826 3097 2883 autem,
3123 2831 3350 2892 propter
3377 2826 3598 2881 inenar-

2009 2900 2240 2955 rabilem
2276 2902 2426 2956 illam
2469 2903 2924 2975 inconfusamque
2961 2909 3220 2965 unionem
3260 2913 3425 2968 etiam
3468 2931 3597 2970 san-

2008 3000 2153 3046 ctam
2181 2993 2460 3063 Virginem
2509 2995 2799 3064 Deiparam
2833 3013 2953 3053 esse
2986 3015 3044 3055 se
3071 3002 3329 3069 credere;
3381 3021 3596 3063 necnon

2008 3097 2180 3136 unum
2210 3082 2411 3136 Filium
2435 3094 2492 3138 et
2515 3083 2796 3139 Christum
2831 3097 2888 3142 et
2914 3089 3206 3145 Dominum
3233 3102 3426 3164 aperte
3463 3113 3594 3167 pro-

1948 2046 1989 2100 Β

330 2261 450 2316 τητι
478 2247 634 2301 πάλιν
657 2249 819 2303 αὑτοῦ
869 2249 978 2314 τὰς
1010 2250 1387 2322 ἀνθρωπίνας,
1425 2256 1543 2319 πῶς
1571 2258 1669 2328 οὐχ
1712 2260 1916 2313 ἅπασιν

321 2340 577 2410 ἑναργέςς
606 2341 1076 2398 Διαὸεϐαιοῦνται
1106 2344 1237 2416 γὰρ,
1282 2346 1360 2410 ὼς
1390 2347 1552 2419 ἔφην,
1579 2350 1663 2403 ὅτι
1700 2351 1864 2414 αὐτὸς
1886 2353 1914 2404 6

313 2435 374 2486 ἐκ
401 2433 534 2486 Θεοῦ
568 2433 790 2504 Πατρὸς
823 2435 1033 2502 Λόγος,
1065 2436 1350 2506 γεννηθεὶς
1386 2438 1494 2509 πρὸ
1536 2437 1768 2503 αἰώνων,
1817 2442 1914 2495 καὶ

309 2526 362 2579 ἐν
383 2525 633 2593 ἐσχάτοις
663 2529 903 2596 καιροῖς
954 2527 1262 2599 ὲγγεννήθη
1308 2531 1454 2584 κατὰ
1499 2531 1682 2602 σάρκα
1721 2534 1787 2586 ὲκ
1814 2536 1914 2603 τῆς

304 2618 457 2684 άγὶας
475 2617 796 2688 Παρθένου.
822 2619 1258 2690 Προσεπάγουσι
1279 2621 1338 2676 δὲ
1365 2623 1471 2688 ὅτι,
1491 2622 1582 2676 διὰ
1601 2624 1702 2694 τὴν
1730 2625 1911 2696 ἀφρα-

301 2723 417 2759 στσν
450 2708 542 2760 καὶ
568 2707 909 2780 ἀσύγχυτον
939 2709 1170 2775 ἕνωσιν,
1203 2712 1301 2764 καὶ
1337 2711 1602 2768 Θεοτόκον
1635 2711 1776 2770 εἶναι
1818 2733 1911 2769 πι-

297 2799 544 2854 σιτεύουσι
588 2801 702 2872 τὴν
751 2801 927 2870 ἁγίαν
973 2801 1291 2872 Παρθένον·
1340 2804 1438 2858 καὶ
1485 2804 1582 2859 ἕνα
1634 2806 1764 2860 Υίὸν
1815 2807 1910 2860 καὶ

291 2891 530 2964 Χριστὸν
580 2894 688 2946 καὶ
739 2892 961 2963 Κύριον
989 2893 1314 2963 ὁμολογοῦσι
1364 2895 1572 2965 σαφῶς.
1620 2897 1908 2952 Ἀπίθανον

288 2985 343 3038 δὲ
377 2985 676 3050 παντελῶς
712 2985 808 3051 τὸ,
839 2987 939 3039 καὶ
967 2987 1066 3039 ἕνα
1092 2985 1296 3055 λέγειν,
1347 2988 1442 3041 καὶ
1470 2989 1779 3060 διατέμνειν
1827 2992 1908 3055 εἰς

287 3076 377 3130 δύο
401 3077 490 3130 τὸν
526 3076 657 3142 ἕνα,
685 3076 949 3149 νομίζειν
984 3078 1204 3141 αὐτούς.
1239 3079 1312 3132 Οὐ
1347 3079 1458 3149 γὰρ
1493 3080 1508 3120 ί
1551 3079 1619 3136 ἂν
1640 3082 1720 3142 εἰς
1747 3082 1906 3135 τοῦτο

289 3167 574 3237 προῆλθον
605 3167 998 3239 ἀποπληξίας,
1035 3168 1114 3231 ὼς
1145 3169 1472 3250 παραϐάτας
1509 3172 1736 3235 ἑαυτοὺς
1783 3189 1902 3226 συν-

2008 3173 2254 3229 ﬁtentur.
2280 3175 2377 3229 Est
2394 3183 2577 3230 autem
2598 3177 2824 3232 omnino
2847 3180 3210 3250 improbabile
3236 3195 3450 3255 putare,
3475 3205 3593 3255 eos,

290 3261 608 3329 ιστάνειν,ῥ.
629 3261 952 3314 κατέλυσαν
977 3247 1180 3331 ὀρθῶς,
1199 3261 1608 3333 οἰκοδομοῦντες
1635 3262 1900 3328 ἀϐούλως.

2008 3280 2133 3320 cum
2163 3281 2336 3319 unum
2365 3266 2574 3330 dicant,
2604 3267 2660 3321 in
2686 3267 2827 3323 duos
2849 3271 3214 3330 nihilominus
3239 3277 3391 3332 illum
3419 3294 3593 3332 unum

291 3353 352 3404 Ei
379 3353 491 3424 γὰρ
513 3356 651 3416 ταῖς
683 3352 993 3424 Νεστορίου
1021 3353 1399 3423 συμφέρονται
1427 3354 1626 3422 δόξαις,
1656 3356 1774 3420 πῶς
1801 3358 1900 3411 αὑ-

2008 3359 2273 3413 dividere.
2307 3358 2423 3412 Nec
2453 3359 2600 3412 enim
2633 3359 2708 3413 ita
2743 3359 3044 3429 insaniunt,
3067 3373 3131 3420 ut
3161 3373 3594 3439 transgressores

283 3442 382 3508 τὰς
407 3442 955 3514 ἀναθεματίζουσιν,
987 3444 1063 3506 ὡς
1096 3443 1360 3515 βεϐήλους
1391 3447 1486 3500 καὶ
1515 3446 1765 3518 μυσαράς
1794 3464 1808 3512 ;

2005 3449 2216 3519 seipsos
2256 3448 2630 3513 constituant,
2686 3450 2996 3508 inconsulte
3045 3470 3110 3510 ea
3163 3457 3587 3526 remdiﬁcantes,

281 3555 404 3609 quae
429 3549 590 3595 recte
625 3547 972 3593 everterant.
1005 3537 1066 3594 Si
1096 3537 1248 3593 enim
1274 3539 1516 3601 Nestorii
1548 3540 1903 3611 opinionibus
1941 3542 2314 3607 consentiunt,
2340 3543 2618 3621 quomodo
2643 3542 2766 3599 illas
2824 3553 3081 3615 tauquam
3132 3549 3388 3618 profanas
3413 3560 3470 3607 et
3489 3554 3589 3610 de.

282 3634 572 3690 testandas
601 3631 1118 3690 anathematizant?
1271 3705 1283 3715 ο

352 3732 532 3805 Οἶμαι
561 3734 626 3788 δὲ
651 3732 768 3786 δεῖν
795 3733 1006 3799 καὶτὰς
1031 3734 1214 3796 αἰτίας
1233 3735 1429 3803 εἰπεῖν,
1455 3736 1522 3790 δι’
1551 3737 1618 3801 ἃς
1633 3738 1715 3802 εἰς
1739 3740 1900 3792 τοῦτο

281 3826 567 3895 προῆλθον
601 3827 974 3896 ίσχνοφωνίας
995 3825 1008 3878 i
1027 3866 1043 3880 .
1090 3829 1308 3901 Ἐπειδὴ
1330 3831 1439 3902 γὰρ
1459 3833 1508 3884 οἱ
1537 3833 1638 3904 τῆς
1685 3835 1895 3904 Ἀρείου

204 3969 214 3980 ,
282 3915 622 3980 δυσσεϐείας
669 3918 1037 3984 ὑπασπισταὶ,
1079 3920 1181 3990 τῆς
1228 3920 1489 3992 ἀληθείας
1526 3922 1626 3992 τὴν
1669 3924 1898 3994 δύναμιν

280 4007 522 4071 ἀνοσίως
578 4009 1088 4080 ὲκκαπηλεύοντες,
1124 4012 1216 4066 τὸν
1251 4015 1315 4066 ἐκ
1353 4013 1490 4068 Θεοῦ
1539 4031 1671 4083 φασι
1718 4017 1893 4084 Λόγον

280 4099 552 4166 γενέσθαι
572 4101 680 4170 μὲν
705 4100 1018 4173 ἄνθρωπον,
1056 4104 1196 4176 πλὴν
1221 4105 1416 4178 ἀψύχῳ
1440 4109 1892 4179 προσχρήσασθαι

283 4191 512 4262 σώματι
539 4193 881 4265 (πράττουσι
911 4195 970 4248 δὲ
1001 4195 1162 4251 τοῦτο
1186 4199 1658 4271 φιλοκακούργως,
1685 4201 1773 4254 ἵνα
1793 4201 1893 4264 τὰς

283 4283 654 4354 ἀνθρωπίνας
689 4286 880 4355 φωνὰς
909 4287 1062 4359 αὐτῷ
1096 4291 1517 4361 προσνέμοντες,
1542 4292 1617 4356 ὡς
1644 4293 1701 4345 ὲν
1740 4293 1889 4362 μείο-

286 4391 370 4426 σιν
397 4376 538 4429 ὄντα
565 4378 676 4447 τῆς
705 4378 802 4431 τοῦ
835 4379 1050 4452 Πατρδς
1095 4382 1375 4454 ὑπεροχῆς
1404 4386 1518 4447 τοῖς
1543 4385 1672 4456 παρ’
1711 4384 1892 4437 αὐτῶν

287 4467 683 4539 πλανωμένας
703 4470 1146 4538 ἐπιδεικνύωσιν,
1175 4475 1449 4545 ἑτεροφυᾶ
1478 4492 1538 4528 τε
1561 4476 1725 4530 αὑτὸν
1750 4472 1890 4529 εἷναι

2066 3735 2322 3790 Arbitror
2356 3743 2541 3788 autem
2575 3748 2769 3790 causas
2801 3749 3024 3805 quoque
3060 3735 3413 3805 assignandas
3439 3749 3586 3806 esse,”

1996 3836 2222 3898 propter
2243 3842 2382 3897 quas
2401 3825 2712 3882 Orientales
2739 3826 2810 3880 ad
2835 3842 2956 3898 eam
2983 3827 3200 3882 dicendi
3223 3827 3585 3885 subtilitatem

1997 3916 2342 3971 devenerint.
2373 3913 2518 3981 Quia
2532 3916 2682 3970 enim
2709 3916 2922 3971 Arianae
2954 3917 3253 3985 impietatis
3275 3934 3588 3991 propugna-

2000 4016 2168 4072 tores,
2192 4008 2306 4061 vim
2331 4007 2577 4063 veritatis
2600 4008 2769 4078 impie
2797 4007 3192 4074 adulterantes,
3219 4010 3317 4065 Dei
3341 4011 3584 4067 Verbum

2003 4101 2164 4170 119
2202 4100 2481 4154 hominem
2521 4099 2746 4169 quidem
2788 4100 2990 4154 factum
3036 4099 3305 4167 fatentur;
3339 4109 3582 4157 attamen

1997 4192 2241 4247 inanime
2275 4207 2478 4262 corpus
2525 4192 2629 4246 sibi
2676 4191 2989 4262 adjunxisse
3029 4202 3305 4263 nugantur
3353 4192 3583 4265 (faciunt

1997 4284 2103 4338 hoc
2132 4292 2315 4337 autem
2344 4281 2638 4343 malitiose,
2674 4291 2753 4347 ut,
2779 4282 2911 4336 dum
2943 4296 3110 4337 voces
3133 4283 3386 4336 humana:
3416 4292 3579 4336 natu-

1997 4390 2070 4430 rae
2103 4374 2492 4429 convenientes
2533 4373 2612 4426 illi
2653 4373 2924 4437 tribuunt,
2957 4372 3024 4427 iis
3057 4387 3196 4441 quos
3227 4372 3282 4428 in
3327 4372 3579 4427 fraudem

1996 4467 2366 4529 adduxerunt,
2401 4464 2543 4518 intra
2576 4464 2756 4518 Patris
2783 4465 3162 4518 excellentiam
3193 4464 3576 4531 constitutum,

285 4555 542 4630 λέγωσι),
579 4558 762 4631 ταύτῃ
785 4577 870 4614 τοι
904 4561 1139 4627 δεδιότες
1166 4565 1215 4618 oi
1247 4567 1309 4618 ὲκ
1339 4566 1441 4636 τῆς
1476 4566 1783 4636 Ἀνατολῆς,
1813 4565 1887 4636 μὴ

2008 4567 2051 4614 at
2083 4572 2192 4612 non
2225 4557 2472 4628 ejusdem
2503 4571 2629 4610 cum
2667 4556 2828 4612 Patre
2870 4555 3193 4610 substantiae
3228 4571 3350 4610 esse
3387 4562 3579 4610 osten-

284 4649 392 4719 ἄρα
414 4668 545 4715 πως
595 4652 632 4722 ὴ
678 4651 776 4704 τοῦ
806 4652 943 4707 Θεοῦ
971 4655 1145 4724 Λόγου
1173 4657 1672 4728 κατασμικρύνωτο
1704 4659 1730 4698 ιε
1759 4659 1889 4726 δόξα

2008 4651 2129 4706 iant
2159 4665 2224 4705 ac
2261 4647 2673 4720 persuadeant),
2706 4664 2826 4703 eam
2851 4648 2922 4703 ob
2946 4664 3167 4704 causam
3188 4648 3349 4705 veriti
3378 4648 3577 4704 Orien-

285 4755 343 4793 τε
388 4743 491 4796 καὶ
532 4741 729 4811 φύσις,
768 4743 878 4796 ἀπό
909 4761 975 4812 γε
1017 4744 1126 4798 τῶν
1177 4745 1539 4819 ἀνθρωπίνως
1581 4749 1888 4819 εἰρημένων

282 4829 370 4886 διὰ
395 4833 502 4904 τὴν
542 4835 695 4903 μετά
726 4834 930 4905 σαρκὸς
954 4837 1291 4908 οἰκονομίαν,
1321 4838 1616 4910 διορίζουσι
1650 4839 1749 4903 τὰς
1774 4857 1888 4908 φω-

286 4924 398 4989 νὰς,
423 4926 536 4978 οὐκ
569 4927 657 4988 εἰς
694 4924 792 4979 δύο
817 4929 1130 4998 τέμνοντες,
1161 4930 1238 4994 ὡς
1270 4930 1427 5003 ἔφην,
1469 4933 1566 4986 τὸν
1609 4932 1707 4988 ἕνα
1755 4933 1884 4986 Υίὺν

286 5015 373 5066 καὶ
400 5015 653 5087 Κύριον,
677 5015 820 5070 ἀλλά
847 5018 945 5082 τὰς
976 5019 1078 5090 μὲν
1109 5023 1174 5092 τῇ
1206 5020 1420 5093 θεότητι
1447 5022 1614 5077 αὑτοῦ
1655 5024 1883 5096 προσνέ-

289 5119 506 5171 μοντες,
555 5105 666 5169 τὰς
709 5107 770 5159 δὲ
816 5111 883 5180 τῇ
930 5109 1316 5182 ἁνθρωπότητι
1367 5113 1532 5167 πάλιν
1581 5117 1647 5186 τῇ
1687 5115 1887 5168 αὐτοῦ’

285 5194 422 5266 πλὴν
472 5195 579 5260 τὰς
629 5197 852 5261 ἁπάσας
897 5199 997 5255 ἐνί.
1052 5201 1366 5274 Ἐπυθὸμην
1405 5204 1485 5268 δὲ,
1531 5205 1613 5256 ὅτι
1642 5201 1892 5274 γέγραφέ

290 5303 396 5341 τισι
428 5289 548 5343 τῶν
589 5289 918 5360 ἐπιτηδείων
939 5291 968 5343 6
995 5291 1392 5358 εὐλαϐέστατος
1423 5296 1517 5348 καὶ
1541 5295 1893 5348 θεοσεϐέστα-

292 5395 378 5444 to;
417 5381 690 5453 Ἰωάννης
726 5382 1048 5452 ἐπίσκοπος,
1084 5386 1287 5441 ὡσανεὶ
1329 5387 1466 5458 ἐμοῦ
1515 5389 1704 5458 σαφῶς
1746 5388 1894 5444 διδά-

353 5537 394 5569 ⁶⁹
431 5539 644 5608 Ephes.
677 5555 753 5605 vt,
785 5541 870 5596 i9.

1996 4743 2161 4808 tales,
2208 4758 2280 4798 ne
2319 4757 2427 4812 qua
2468 4740 2680 4796 ratione
2711 4741 2876 4797 Verbi
2923 4741 3020 4797 Dei
3064 4741 3237 4813 gloria
3283 4748 3341 4796 et
3379 4751 3578 4796 natura

1993 4841 2221 4905 propter
2252 4848 2316 4887 ea
2341 4845 2466 4902 qua:
2495 4831 2567 4886 ob
2602 4838 2913 4900 susceptam
2937 4845 3064 4885 cum
3094 4845 3260 4886 came
3287 4830 3574 4900 dispensa-

1993 4926 2200 4981 tionem
2220 4925 2462 4978 humano
2481 4938 2638 4979 more
2658 4922 2726 4978 de
2748 4923 2843 4978 illo
2863 4923 3256 4993 praedicantur,
3277 4923 3577 4978 detrimen-

1991 5028 2110 5074 tum
2136 5017 2430 5087 aeciperet,
2451 5030 2616 5071 voces
2638 5015 2961 5071 discernunt
2984 5037 2999 5070 :
3023 5031 3135 5071 non
3153 5015 3378 5086 quidem
3401 5029 3575 5068 unum-

1988 5111 2186 5165 Filium
2211 5123 2276 5163 ac
2300 5107 2594 5163 Dominum
2619 5106 2672 5160 in
2697 5107 2838 5161 duos
2858 5107 3192 5169 scindentes,
3225 5112 3288 5158 ut
3315 5103 3448 5166 dixi,
3474 5102 3572 5156 sed

1990 5204 2124 5256 alias
2171 5200 2395 5270 quidem
2440 5198 2588 5254 illius
2633 5198 2929 5262 divinitati,
2980 5196 3116 5251 alias
3148 5208 3282 5249 vero
3323 5193 3574 5263 ejusdem

1990 5293 2342 5358 humanitati,
2365 5303 2558 5346 omnes
2580 5298 2762 5345 tamen
2785 5288 2880 5343 uni
2905 5287 3195 5354 eidemque
3215 5297 3466 5354 personae
3487 5299 3572 5338 as-

1991 5387 2289 5459 signantes.
2340 5382 2540 5440 Audivi
2586 5389 2769 5436 autem
2818 5375 3336 5432 reverendissimum
3381 5375 3570 5447 piissi-

1379 5657 1555 5714 Varia':
1579 5659 1846 5714 lectiones
1873 5655 2082 5712 codicis
2113 5654 2477 5726 Seguicriani.

367 5763 598 5842 ξτούτῳ.
687 5775 714 5815 ε
743 5771 1121 5842 κενοφωνίαις.

295 5839 576 5915 κρύνηται.

1224 5773 1250 5812 ιι
1296 5772 1556 5844 ῥημάτων
1596 5774 1628 5843 ἡ
1661 5771 1914 5842 διαφορὰ,
1942 5770 2024 5839 οὒ,
2064 5772 2331 5842 προφορά.

3357 5731 3389 5746 ψ

2442 5770 2458 5809 ί
2537 5770 2634 5833 εἰς.
2718 5763 3142 5838 ἱξσχνομυθίας.
3234 5769 3257 5808 li
3287 5784 3560 5840 κατασμι-
