4048 6436
471 382 579 441 199

1501 376 1559 433 S.
1598 376 1872 433 CYRlLLl
1910 377 2380 434 ALEXANDRINI
2422 377 2739 433 ARClllEP.

3636 375 3747 434 200

467 510 732 564 mumque
759 493 1025 550 Joannem
1048 492 1452 550 Antiochenum
1478 494 1800 565 episcopum
1825 493 2058 550 familia-

2167 494 2379 561 ξαντος,
2430 495 2525 548 καὶ
2564 493 2794 564 λαμπρᾷ
2837 493 2904 564 τῇ
2940 495 3116 562 φωνῇ,
3162 494 3450 562 ὁμολογεῖν
3500 493 3602 563 μὲν
3633 494 3752 550 τῶν

471 589 624 643 ribus
675 586 1006 656 quibusdam
1053 586 1375 655 scripsisse,
1426 601 1516 641 me
1566 587 1774 642 diserte
1818 587 2056 653 docere,

467 679 730 747 claraque
771 693 906 734 voce
967 678 1215 748 proﬁteri
1261 677 1484 748 quidem
1529 687 1848 733 naturarum
1897 679 2057 735 dill‘e-

470 767 742 832 rentiam,
791 767 890 822 sed
941 782 1106 822 voces
1142 781 1247 838 pro
1302 777 1627 821 naturarum
1677 768 2059 825 convenientia

470 857 725 926 dividere
747 875 762 911 :
785 865 843 912 et
862 857 933 913 ob
956 872 1080 911 eam
1104 871 1324 912 causam
1347 857 1600 911 nonnulli
1623 859 1862 928 graviter
1881 858 2058 913 oﬁ‘en—

469 949 704 1005 duntur.
753 950 851 1004 Est
898 950 1085 1021 itaque
1130 951 1504 1006 necessarium
1555 959 1619 1005 ut
1656 950 1724 1005 de
1774 951 1878 1006 hac
1917 966 2057 1021 quo-

472 1058 583 1112 que
622 1057 682 1097 re
713 1043 980 1098 nonnulla
1005 1058 1296 1113 eXponam.
1322 1043 1488 1098 Novit
1515 1041 1803 1113 integritas
1823 1050 1916 1098 tua
1963 1058 2060 1099 eos

473 1148 690 1198 omnes,
719 1133 816 1202 qui
863 1133 1189 1203 Apollinarii
1239 1134 1510 1204 dogmatis
1564 1141 1751 1187 notam
1810 1135 2060 1203 epistolis

474 1225 615 1280 meis
635 1225 976 1289 inusserunt,
1009 1225 1260 1294 opinatos
1290 1239 1411 1279 esse
1455 1239 1544 1278 me
1579 1233 1830 1278 sanctum
1850 1223 2058 1279 Christi

474 1330 678 1386 corpus
703 1315 946 1371 inanime
975 1330 1098 1371 esse
1123 1315 1340 1380 dicere,
1361 1323 1420 1371 et
1453 1314 1787 1380 mistionem,
1811 1316 1896 1369 vel
1922 1330 2057 1370 eon-

475 1409 774 1473 l'usionem,
812 1408 898 1464 vel
959 1408 1386 1472 concretionem,
1433 1408 1521 1462 vel
1561 1409 1919 1464 mutationem
1961 1410 2058 1464 Dei

475 1501 644 1556 Verbi
667 1500 725 1554 in
749 1514 973 1554 carnem
1001 1498 1171 1554 fuisse
1201 1497 1430 1565 factam;
1463 1506 1742 1555 aut-certe
1773 1500 1828 1554 in
1853 1501 2057 1555 divini-

477 1593 607 1648 tatis
648 1601 898 1648 naturam
947 1591 1228 1647 transiisse
1259 1605 1516 1657 carnem,
1556 1592 1631 1647 ita
1678 1601 1740 1646 ut
1781 1592 1918 1646 nihil
1946 1594 2057 1665 jam

475 1685 844 1756 permanserit
871 1697 1070 1755 purum
1105 1691 1162 1736 et
1203 1683 1627 1752 impermistum,
1661 1699 1841 1754 neque
1875 1685 1931 1739 id
1972 1685 2056 1756 ip-

475 1789 600 1830 sum
633 1775 706 1830 sit
729 1774 876 1845 quod
904 1781 1006 1829 est.
1030 1772 1248 1844 Opinati
1269 1783 1403 1829 sunt
1427 1783 1484 1828 et
1514 1775 1630 1829 Arii
1663 1791 1883 1845 quoque
1909 1776 2056 1831 blas-

476 1863 715 1932 phemiis
764 1878 852 1918 me
885 1861 1160 1926 assentiri,
1194 1868 1486 1931 propterea
1512 1862 1659 1931 quod
1683 1878 1880 1916 vocum
1903 1863 2064 1918 diﬂ‘e-

475 1952 712 2008 rentiam
747 1953 919 2008 nolim
957 1967 1284 2023 agnoscere,
1317 1959 1373 2007 et
1406 1952 1541 2008 alias
1580 1953 1888 2019 divinitati,
1923 1955 2060 2010 alias

475 2058 609 2098 vero
651 2043 978 2099 humanitati
1015 2043 1344 2107 convenire,
1390 2051 1453 2096 ut
1493 2058 1615 2112 quae
1663 2043 2060 2114 dispensationi

475 2151 603 2191 cum
649 2151 812 2191 carne
853 2137 1027 2207 magis
1058 2143 1370 2204 competant
1411 2136 1581 2189 nolim
1617 2135 1909 2191 allirmare.
1947 2135 2060 2206 Ego

473 2243 606 2283 vero
632 2227 778 2297 quod
803 2227 872 2283 ab
898 2227 1212 2298 huiusmodi
1249 2227 1534 2283 erroribus
1563 2227 1824 2282 immunis
1847 2229 1973 2293 sim,
2003 2228 2059 2283 id

473 2328 568 2374 tua
593 2319 880 2388 integritas
904 2318 1028 2373 aliis
1057 2318 1214 2373 facile
1240 2326 1499 2373 testatum
1525 2318 1706 2373 facere
1731 2328 1929 2388 potest.
1956 2321 2061 2375 Ve-

473 2417 784 2464 rumtamen
807 2424 946 2480 opus
970 2417 1090 2464 erat
1123 2419 1183 2465 ut
1221 2410 1330 2465 illis
1355 2425 1575 2480 quoque
1609 2410 1922 2474 satisﬁeret,
1963 2409 2058 2481 qui

471 2500 668 2556 oﬁ'ensi
694 2499 931 2555 fuerant.
957 2499 1164 2571 Scripsi
1188 2501 1373 2571 itaque
1396 2501 1465 2556 ad
1491 2501 1638 2555 illius
1663 2502 1944 2571 pietatem,
1970 2517 2059 2557 me

472 2605 653 2660 neque
684 2605 810 2646 cum
847 2589 1000 2654 Ario,
1042 2605 1224 2659 neque
1269 2605 1397 2645 cum
1437 2589 1776 2660 Apollinario
1822 2593 2058 2648 sensisse

471 2694 748 2748 unquam;
787 2692 968 2746 neque
996 2677 1239 2732 Verbum
1289 2678 1389 2732 Dei
1422 2678 1479 2731 in
1508 2694 1730 2734 carnem
1763 2690 2056 2748 mutatum,

471 2780 566 2826 aut
594 2786 624 2825 e
651 2779 861 2833 contra,
892 2783 1117 2824 carnem
1150 2769 1207 2823 in
1241 2769 1484 2823 divinam
1513 2780 1764 2825 naturam
1797 2773 2059 2827 transfor-

471 2871 678 2918 matam
705 2860 908 2915 dixisse
947 2860 1267 2930 aliquando,
1296 2869 1587 2930 propterea
1623 2863 1770 2931 quod
1795 2864 1891 2919 Dei
1918 2865 2056 2920 Ver-

473 2953 604 3008 bum
647 2952 989 3007 immutabile
1031 2961 1087 3006 et
1129 2952 1472 3007 inalterabile
1515 2954 1616 3019 sit;
1651 2955 1883 3009 alterum
1925 2972 2058 3013 vero

474 3045 835 3115 impossibile,
874 3061 1058 3116 neque
1088 3061 1285 3101 vocum
1316 3045 1655 3102 differentias
1695 3064 1924 3118 usquam
1953 3065 2054 3104 ne-

471 3139 684 3209 gavisse
703 3177 718 3203 ,
748 3147 808 3193 ut
835 3139 928 3209 qui
955 3139 1161 3194 scirem
1190 3141 1481 3196 Dominum
1503 3181 1518 3206 ,
1548 3141 1712 3196 modo
1751 3151 1812 3197 ut
1845 3143 2016 3198 Deum
2037 3185 2053 3210 ,

2166 585 2383 655 φύσεων
2411 585 2472 638 τὺ
2507 584 2783 655 διάφορον,
2810 583 3040 654 διαιρεῖν
3060 583 3117 635 δὲ
3139 583 3238 645 τὰς
3267 583 3452 652 φωνὰς
3477 585 3751 655 καταλλή-

2165 678 2274 741 λως
2305 679 2424 740 ταῖς
2457 675 2685 746 φύσεσι·
2723 675 2820 728 καὶ
2855 677 2942 728 ἐπ’
2967 675 3118 745 αὐτῷ
3151 674 3217 745 δὴ
3250 675 3426 745 τούτῳ
3458 677 3749 729 σκανδαλί-

2166 771 2352 834 ζονταί
2379 787 2544 834 τινες.
2571 764 2680 822 Ἦν
2711 763 2805 822 οὖν
2840 767 3159 836 ἀναγκαῖον,
3199 765 3296 819 καὶ
3324 767 3461 837 πρός
3489 783 3554 835 γε
3588 767 3752 821 τοῦτο

2165 863 2312 933 ἡμᾶς
2338 862 2536 916 εἰπεῖν.
2569 859 2682 913 Οὐκ
2719 859 2991 929 ήγνόηκεν
3022 859 3057 928 ή
3087 857 3155 928 σή
3182 857 3480 927 τελειότης,
3524 859 3606 910 ὅτι
3647 859 3750 929 τῆς

2178 951 2556 1021 Ἀπολιναρίου
2582 948 2740 1020 δόξης
2754 949 2848 1002 τὸν
2870 948 3060 1019 μῶμον
3085 947 3194 1000 τῶν
3213 947 3363 1017 ἐμῶν
3386 949 3750 1018 καταχέοντες

2166 1041 2486 1107 ἐπιστολῶν,
2520 1041 2784 1112 ᾠήθησαν
2837 1041 2920 1094 ὅτι
2955 1040 3050 1094 καὶ
3088 1039 3294 1110 ἄψυχον
3326 1035 3468 1093 εἷναί
3507 1057 3648 1110 φημι
3682 1040 3751 1093 τὸ

2165 1135 2320 1204 ἆγιον
2355 1135 2516 1204 σῶμα
2544 1131 2781 1204 Χριστοῦ
2804 1149 2817 1163 ⁸
2849 1133 2944 1184 καὶ
2975 1132 3057 1185 ὅτι
3098 1134 3296 1202 κρᾶσις
3323 1132 3355 1201 ἢ
3400 1130 3682 1201 σύγχυσις,
3707 1133 3746 1204 ἢ

2165 1228 2401 1299 φυρμδς,
2435 1227 2468 1297 ἢ
2505 1223 2776 1296 μεταϐολὴ
2801 1223 2896 1277 τοῦ
2923 1223 3057 1278 Θεοῦ
3087 1223 3263 1292 Λόγου
3293 1223 3518 1292 γέγονεν
3547 1227 3626 1287 είς
3645 1224 3748 1295 τὴν

2167 1319 2366 1388 σάρκα,
2401 1318 2570 1388 ήγουν
2611 1315 2626 1354 1
2659 1316 2758 1386 τῆς
2800 1315 3003 1386 σαρκὸς
3032 1315 3426 1386 μεταφοίτησις
3464 1317 3544 1378 είς
3583 1315 3750 1384 φύσιν

2167 1409 2467 1480 θεότητος,-
2502 1408 2578 1471 ὡς
2627 1407 2795 1478 μηδὲν
2841 1407 2922 1458 ἔτι
2972 1406 3242 1471 σώζεσθαι
3288 1407 3569 1477 καθαρῶς,
3609 1410 3749 1478 μήτε

2169 1501 2276 1572 μὴν
2302 1496 2446 1554 εἶναι
2489 1501 2518 1554 ὃ
2547 1500 2719 1554 ἐστιν.
2765 1497 3036 1570 ᾭήθησαν
3055 1497 3112 1550 δὲ
3141 1498 3278 1568 πρὸς
3301 1499 3478 1570 τούτῳ
3507 1500 3605 1552 καὶ
3625 1501 3751 1564 ταῖς

2179 1592 2391 1664 Ἀρείου
2421 1609 2491 1663 με
2531 1590 2911 1662 συμφέρεσθαι
2951 1590 3310 1662 δυσφημίαις,
3337 1591 3426 1644 διά
3457 1609 3539 1645 τοι
3564 1592 3626 1644 τὸ
3669 1591 3749 1662 μὴ

2166 1685 2372 1737 ἐθέλειν
2399 1684 2661 1755 διαφορὰν
2705 1683 2905 1736 εἰδέναι
2940 1683 3159 1752 φωνῶν,
3192 1683 3285 1736 καὶ
3314 1683 3416 1746 τὰς
3461 1682 3561 1754 μὲν
3603 1682 3751 1736 εἶναι

2165 1776 2347 1845 λέγειν
2376 1774 2724 1846 θεοπρεπεῖς,
2761 1774 2861 1836 τὰς
2885 1773 2942 1826 δὲ
2981 1773 3349 1844 ἀνθρωπίνας,
3380 1774 3474 1828 καὶ
3501 1771 3750 1844 πρεπού-

2101 1861 2139 1917 B
2171 1884 2270 1930 σας
2298 1865 2500 1936 μᾶλλον
2534 1869 2602 1936 τῇ
2627 1864 2912 1936 οἰκονομίᾳ
2940 1867 3008 1936 τῇ
3052 1865 3190 1936 μετὰ
3218 1865 3442 1935 σαρκός.
3495 1863 3636 1932 Ἐγὼ
3663 1863 3750 1926 δὲ,

2169 1959 2252 2012 ὅτι
2278 1959 2385 2012 τῶν
2412 1959 2672 2012 τοιούτων
2696 1958 3077 2029 ἀπήλλαγμαι,
3107 1959 3511 2030 μαρτυρήσειεν
3535 1957 3602 2010 ἂν
3628 1957 3752 2010 ἐτέ-

2169 2067 2284 2121 ροις
2309 2051 2342 2120 ὴ
2373 2051 2443 2120 σὴ
2471 2050 2766 2120 τελειότης.
2807 2051 2953 2122 Πλὴν
2981 2051 3089 2104 ἔδει
3123 2049 3586 2104 σκανδαλισθεῖσιν
3612 2051 3754 2103 ἀπο-

2167 2141 2524 2213 λογήσασθαι.
2552 2141 2737 2215 Ταύτῃ
2762 2158 2844 2194 τοι
2875 2141 3134 2213 γέγραφα
3155 2141 3289 2212 πρὸς
3317 2140 3416 2211 τὴν
3436 2140 3753 2194 θεοσέϐειαν

2165 2233 2362 2300 αὑτοῦ,
2392 2233 2469 2296 ὡς
2514 2232 2637 2286 οὔτε
2686 2233 3010 2302 πεφρόνηκά
3061 2249 3192 2285 ποτε
3234 2235 3302 2285 τὰ
3365 2231 3600 2302 Ἀρείου,
3650 2233 3753 2285 καὶ

2179 2324 2559 2396 Ἀπολιναρίου
2580 2363 2595 2390 ,
2622 2324 2745 2378 οὔτε
2771 2324 2876 2394 μὴν
2896 2321 3366 2394 μεταπεποιῆσθαι
3386 2321 3477 2376 τὸν
3492 2322 3584 2375 τοῦ
3607 2322 3748 2376 Θεοῦ

2166 2419 2342 2488 Λόγον
2365 2419 2446 2481 εἰς
2481 2417 2663 2488 σάρκα
2696 2415 2859 2486 φημὶ,
2896 2414 3011 2468 ἀλλ’
3035 2415 3156 2468 οὐδὲ
3186 2417 3267 2478 εἰς
3298 2413 3462 2484 φύσιν
3495 2414 3751 2484 θεότητος

2169 2508 2472 2580 μεταφῦναι
2501 2519 2543 2548 ιιι
2573 2508 2674 2580 τὴν
2700 2508 2900 2578 σάρκα,
2923 2507 3012 2560 διὰ
3053 2507 3113 2561 τὸ
3137 2507 3408 2578 ἄτρεπτον
3464 2501 3604 2560 εῖναι
3649 2507 3752 2560 καὶ

2165 2603 2525 2656 ἀναλλοίωτον
2548 2601 2641 2654 τὸν
2680 2600 2776 2653 τοῦ
2808 2598 2945 2652 Θεοῦ
2985 2599 3193 2668 Λόγον·
3232 2599 3524 2668 ἀνέφικτον
3562 2597 3619 2650 δὲ
3650 2600 3751 2650 καὶ

2163 2697 2225 2751 τὸ
2248 2696 2435 2768 ἓτερον
2451 2715 2464 2727 υ
2499 2693 2623 2748 οὔτε
2659 2695 2766 2766 μὴν
2784 2694 3040 2766 ἀνῄρηκά
3058 2711 3189 2747 ποτε
3214 2692 3410 2762 φωνῶν
3439 2692 3705 2762 διαφοράς
3730 2708 3748 2722 ’

2164 2787 2281 2841 ἀλλ’
2309 2785 2426 2840 οἶδα
2458 2787 2549 2840 τὸν
2580 2786 2786 2858 Κύριον
2816 2785 3137 2857 θεοπρεπῶς
3168 2802 3228 2838 τε
3269 2785 3364 2838 καὶ
3387 2785 3753 2856 ἀνθρωπίνως

2165 2879 2281 2951 ἅμα
2306 2879 2722 2949 διαλεγόμενον·
2757 2879 2992 2950 ἐπείπερ
3017 2879 3166 2931 ἐστὶν
3195 2880 3254 2932 ἐν
3283 2879 3465 2949 ταυτῷ
3496 2878 3626 2941 Θεὸς
3651 2879 3754 2930 καὶ

2163 2969 2472 3040 ἄνθρωπος.
2491 2968 2706 3022 Οὐκοῦν
2729 2970 2861 3024 αὐτὸ
2877 2969 2941 3041 δὴ
2958 2968 3117 3022 τοῦτο
3141 2970 3529 3041 κατασημῆναι
3551 2968 3748 3033 θέλων,

2163 3063 2442 3134 γέγραφεν
2481 3063 2563 3116 ὅτι
2602 3063 2844 3126 ἐδίδαξεν
2881 3062 3167 3133 ὁμολογεῖν
3207 3073 3235 3100 ιι
3268 3062 3378 3116 τῶν
3421 3061 3639 3130 φύσεων
3687 3061 3755 3114 τὸ

2164 3152 2441 3223 διάφορον,
2487 3151 2583 3205 καὶ
2622 3152 2853 3223 διαιρεῖν
2877 3152 2977 3215 τὰς
3021 3152 3205 3222 φωνὰς
3246 3151 3596 3222 καταλλήλως
3627 3153 3755 3214 ταῖς

473 3229 635 3285 modo
662 3239 723 3285 ut
753 3232 1032 3287 hominem
1060 3232 1334 3288 disserere
1367 3250 1380 3286 :
1407 3233 1852 3304 quandoquidem
1889 3235 2056 3290 simul

2167 3242 2413 3311 φύσεσιν.
2440 3244 2507 3295 Αἱ
2541 3243 2599 3296 δὲ
2617 3243 2866 3297 τοιαῦται
2888 3243 3155 3310 διαλέξεις
3173 3243 3305 3312 ἐμαὶ
3339 3242 3437 3314 μὲν
3463 3244 3565 3296 οὐκ
3585 3242 3752 3310 είσὶν,

470 3332 529 3380 et
553 3325 698 3381 Deus
723 3336 780 3382 et
817 3326 983 3381 homo
1010 3334 1115 3382 est.
1160 3327 1278 3382 Hoc
1311 3326 1490 3398 ipsum
1520 3327 1706 3398 itaque
1745 3328 2056 3400 signiﬁcare

2163 3331 2585 3403 ἐξεφωνήθησαν
2611 3331 2668 3384 δὲ
2689 3332 2821 3402 παρ’
2859 3330 3046 3387 αὐτοῦ.

469 3419 680 3484 volens,
750 3418 969 3489 scripsit
1005 3418 1155 3489 quod
1220 3420 1662 3489 lac—docuerit
1715 3420 1965 3476 conﬁteri
2008 3431 2330 3479 naturarum
2365 3423 2752 3489 diﬁ‘erentiam,
2802 3440 3077 3496 vocesque
3109 3439 3210 3496 pro
3243 3433 3566 3480 naturarum
3603 3422 3758 3478 inter

471 3527 532 3566 se
558 3510 874 3565 conditione
899 3510 1259 3582 distinguere.
1291 3510 1613 3583 Huiusmodi
1639 3522 1823 3569 autem
1854 3529 2138 3572 sermones
2172 3533 2283 3573 non
2313 3519 2422 3574 mei
2447 3529 2603 3584 sunt,
2629 3519 2725 3575 sed
2753 3519 2822 3574 ab
2847 3519 2968 3589 ipso
2991 3519 3211 3588 prolati.

541 3602 795 3656 Arbitror
815 3611 871 3656 et
891 3603 1027 3657 illud
1047 3618 1267 3673 quoque
1290 3604 1398 3675 iam
1421 3605 1584 3661 dictis
1605 3607 1919 3662 addendum
1938 3625 2061 3664 esse

471 3691 806 3750 necessario.
840 3689 1002 3745 Venit
1029 3691 1098 3746 ad
1131 3708 1220 3747 me
1242 3694 1443 3750 Paulus
1468 3695 1916 3767 religiosissimus
1946 3701 2064 3770 epi-

471 3797 674 3852 scopus
702 3781 995 3837 Emisenus
1028 3799 1041 3837 :
1066 3783 1160 3854 qui
1181 3824 1195 3849 ,
1217 3792 1508 3856 postquam
1534 3787 1602 3842 de
1634 3798 1786 3843 recta
1807 3801 1863 3844 et
1887 3791 2064 3846 incul-

473 3881 601 3942 pata
632 3871 740 3927 ﬁde
776 3872 1096 3943 aliquandiu
1131 3891 1444 3932 sermonem
1472 3880 1917 3948 contulissemus,
1967 3899 2061 3939 ro-

473 3964 622 4034 gavit
647 3980 714 4018 ex
737 3978 846 4029 me,
873 3972 930 4020 et
953 3965 1178 4035 quidem
1219 3967 1511 4035 instanter,
1550 3970 1692 4026 iisne
1737 3975 2060 4043 assentirer,

474 4068 599 4124 quae
646 4055 882 4112 celebris
934 4057 1218 4114 memoria:
1266 4059 1622 4118 beatissimus
1667 4065 1830 4121 Pater
1879 4076 2066 4123 noster

473 4145 806 4203 Athanasius
845 4148 915 4204 ad
940 4149 1254 4220 Epictetum
1297 4150 1712 4212 Corinthiorum
1743 4158 2062 4231 episcopum

471 4238 752 4308 quondam
797 4240 1116 4312 scripserat.
1159 4243 1273 4315 Ego
1293 4260 1426 4301 vero
1458 4251 1718 4318 respondi
1745 4268 1973 4323 prorsus
2009 4265 2065 4310 et

474 4345 573 4399 per
601 4333 786 4388 omnia
833 4333 904 4389 iis
945 4349 1034 4389 me
1060 4337 1340 4404 assentiri,
1376 4339 1542 4396 modo
1573 4350 1754 4400 tamen
1791 4348 2062 4418 scriptum

475 4423 613 4478 illud
655 4425 800 4495 apud
831 4441 930 4481 vos
972 4435 1154 4484 exstet
1195 4429 1616 4504 incorruptum;
1654 4438 1827 4494 multa
1875 4448 2060 4495 tamen

472 4514 544 4568 ab
568 4513 807 4570 inimicis
829 4516 1082 4574 veritatis
1106 4519 1162 4575 in
1191 4537 1258 4577 eo
1291 4523 1586 4596 depravata
1617 4543 1760 4584 esse.
1803 4529 1944 4584 Tum
1968 4529 2060 4584 ille

465 4620 534 4660 se
557 4621 777 4676 quoque
811 4609 1099 4678 epistolam
1137 4613 1284 4671 illam
1328 4620 1474 4690 apud
1515 4635 1575 4675 se
1599 4620 1805 4674 habere
1838 4620 2058 4674 aiebat:

473 4697 615 4752 velle
649 4705 834 4755 autem
864 4716 933 4756 ex
960 4701 1028 4758 iis
1058 4721 1180 4775 quae
1209 4710 1357 4781 apud
1388 4727 1490 4767 nos
1531 4721 1694 4766 erant
1730 4710 2063 4780 exemplari-

475 4789 578 4844 bus
624 4805 978 4862 cognoscere,
1005 4797 1251 4869 ipsorum
1296 4805 1426 4860 libri
1457 4804 1777 4874 corruptine
1816 4803 1962 4867 sint,
1992 4817 2062 4856 an

472 4892 654 4934 secus.
686 4881 858 4938 Porro
895 4893 1080 4942 autem
1120 4905 1247 4950 cum
1276 4903 1496 4950 vetusta
1526 4891 1864 4962 exemplaria
1901 4905 2062 4945 acce-

473 4969 663 5039 Ρίεδθιν
694 4986 870 5042 eaque
901 4993 1026 5033 cum
1056 4979 1164 5037 illis
1189 4999 1312 5054 quae
1342 5000 1530 5040 secum
1554 4984 1839 5048 attulerat,
1864 4992 2062 5037 contu-

473 5058 646 5125 lisset,
675 5061 888 5120 invenit
925 5067 1019 5125 illa
1053 5085 1176 5127 esse
1200 5074 1541 5141 adulterata;
1572 5074 1841 5144 petiitque
1879 5088 1947 5127 ex
1986 5073 2058 5127 li-

473 5147 590 5206 bris
615 5155 709 5222 qui
730 5156 877 5225 apud
911 5175 1014 5217 nos
1037 5171 1216 5228 erant,
1241 5166 1494 5234 exempla
1531 5164 1873 5229 describere,
1903 5173 1963 5219 ut
1986 5164 2056 5218 ad

473 5242 870 5302 Antiochenam
905 5250 1207 5309 Ecclesiam
1237 5255 1664 5321 transmitteret;
1709 5256 1856 5326 quod
1882 5263 1938 5310 et
1973 5256 2057 5311 fa-

474 5343 623 5388 ctum
643 5345 745 5392 est.
775 5339 844 5396 Et
874 5342 981 5399 hoc
1012 5354 1095 5400 est
1119 5345 1267 5414 quod
1294 5348 1787 5403 reverendissimus
1807 5365 1871 5404 ac
1897 5350 2058 5419 pien-

474 5422 717 5481 tissimus
740 5428 1032 5502 episcopus
1053 5434 1294 5490 Joannes
1321 5434 1537 5492 Careno
1567 5438 1636 5494 de
1666 5454 1752 5494 me
1794 5440 2053 5511 scripsit;

2239 3614 2480 3667 Κάκεῖνο
2507 3612 2565 3666 δὲ
2600 3610 2753 3683 οἶμαι
2786 3616 2898 3676 τοῖς
2935 3612 3249 3684 εἰρημένοις
3287 3613 3758 3682 προσεπενεγκεῖν

2169 3704 2472 3775 ἀναγκαῖον
2494 3712 2542 3761 ο.
2581 3707 2837 3776 Ἀφίκετο
2873 3704 2985 3776 γὰρ
3011 3704 3149 3777 πρός
3182 3722 3249 3774 με
3270 3707 3298 3757 ὁ
3327 3703 3758 3767 θεοσεϐέστατος

2169 3793 2469 3860 ἐπίσκοπος
2504 3795 2716 3859 Παῦλος
2743 3797 2844 3866 τῆς
2885 3795 3227 3866 Ἐμισηνῶν·
3266 3789 3386 3847 εἶτα
3407 3794 3568 3859 λόγου
3599 3811 3760 3847 κεκι-

2169 3886 2412 3958 νημένου
2471 3887 2600 3958 περὶ
2638 3886 2741 3956 τῆς
2785 3886 2952 3956 ὀρθῆς
2992 3887 3087 3938 καὶ⁹
3140 3885 3450 3955 ἀμωμήτου
3489 3882 3758 3946 πίστεως,
3837 3941 3851 3957 ⁸

2168 3978 2557 4032 διεπυνθάνετο
2581 3995 2705 4047 μου,
2733 3977 2831 4031 καὶ
2863 3977 3008 4046 μάλα
3031 3975 3512 4047 ἐσπουδασμένως,
3541 3977 3590 4028 εί
3628 3993 3763 4030 συν-

2165 4068 2304 4124 αινῶ
2344 4071 2457 4132 τοῖς
2503 4079 2530 4118 Ρ
2558 4070 2815 4139 γραφεῖσι
2850 4067 3004 4138 παρὰ
3041 4067 3136 4121 τοῦ
3170 4067 3271 4138 τῆς
3310 4066 3556 4138 ἀοιδίμου
3614 4069 3760 4138 μνή-

2171 4177 2300 4230 μης,
2339 4161 2435 4214 καὶ
2483 4160 2888 4230 τρισμακαρίου
2931 4159 3146 4230 Πατρδς
3189 4159 3348 4230 ἡμῶν
3431 4159 3760 4213 Ἀθανασῖου

2169 4252 2306 4322 πρὸς
2357 4250 2684 4321 Ἐπίκτητον
2727 4251 3026 4304 ἐπίσκοπον
3081 4249 3182 4319 τῆς
3236 4248 3560 4320 Κορινθίων.
3609 4250 3760 4317 Ἐγὼ

2165 4340 2224 4394 δὲ
2261 4340 2398 4412 ἔφην
2426 4343 2529 4408 ὅτι,
2579 4343 2628 4395 εἰ
2671 4341 2904 4407 σώζεται
2935 4344 3065 4413 παρ’
3105 4343 3234 4414 ὑμῖν
3266 4344 3328 4397 οὐ
3369 4343 3758 4413 νενοθευμένον

2167 4434 2230 4488 τὸ
2251 4435 2508 4506 γράμμα,
2536 4435 2986 4508 παραπεποίηται
3021 4435 3132 4507 γὰρ
3161 4435 3271 4489 τῶν
3313 4437 3371 4488 ἐν
3409 4435 3559 4507 αὐτῷ
3583 4435 3760 4488 πολλὰ
3809 4503 3816 4508 _

2169 4505 2322 4595 παρὰ
2359 4526 2470 4580 τῶν
2522 4505 2632 4596 τῆςή
2669 4505 2932 4595 ἀληθείας
2981 4505 3212 4596 ἐχθρῶν,
3271 4505 3652 4595 συναινέσαιμι
3683 4524 3758 4577 ἂν
3809 4505 3842 4524 χ

2172 4618 2350 4688 πάντη
2388 4634 2449 4670 τε
2491 4619 2586 4670 καὶ
2631 4619 2871 4681 πάντως.
2909 4619 3073 4672 Ὂιδὲ
3124 4617 3262 4689 πρὸς
3316 4617 3475 4671 τοῦτο
3513 4616 3761 4684 ἔφασκεν

2171 4707 2317 4778 ἔχειν
2353 4707 2452 4778 μὲν
2485 4709 2580 4762 καὶ
2608 4709 2771 4772 αὐτὸς
2799 4707 2897 4779 τὴν
2919 4710 3231 4783 ἐπιστολὴν,
3265 4710 3548 4781 βούλεσθαι
3575 4711 3631 4763 δὲ
3656 4714 3762 4766 καὶ

2172 4801 2237 4852 ἐκ
2265 4799 2378 4852 τῶν
2407 4801 2542 4871 παρ’
2582 4801 2715 4870 ἡμῖν
2748 4801 3102 4874 ἀντιγράφων
3126 4803 3630 4874 πληροφορηθῆναι,
3655 4804 3761 4857 καὶ

2173 4891 2388 4962 μαθεῖν,
2423 4891 2653 4961 πότερόν
2688 4909 2819 4946 ποτε
2851 4895 2918 4947 τά
2939 4895 3120 4949 αὐτῶν
3161 4895 3342 4964 βιϐλία
3375 4894 3758 4965 παρεποιήθη,

2167 4984 2201 5052 ἢ
2243 4983 2338 5054 μή.
2376 4984 2488 5037 Καὶ
2517 4983 2581 5054 δὴ
2608 4984 2703 5037 καὶ
2732 4984 2912 5038 λαϐὼν
2947 4985 3258 5057 ἀντίγραφα
3281 4987 3503 5046 παλαιὰ,
3543 4986 3638 5038 καὶ
3669 4981 3762 5051 οἷς

2169 5074 2470 5145 ἐπεφέρετο
2499 5075 2816 5147 συμϐαλὼν,
2860 5078 3091 5149 ηὕρισκε
3119 5078 3293 5133 ταῦτα
3339 5077 3707 5148 νενοθευμένα
3739 5094 3760 5109 ο

2170 5167 2264 5220 καὶ
2294 5169 2634 5239 προέτρεψεν
2671 5170 2734 5223 ἐκ
2759 5171 2867 5224 τῶν
2901 5172 3027 5242 παρ’
3063 5173 3194 5243 ἡμῖν
3226 5172 3452 5242 βιϐλίων
3476 5171 3566 5224 ῐσα
3594 5170 3766 5241 ποιῆ-

2169 5275 2282 5323 σαι,
2323 5259 2539 5330 πέμψαι
2564 5279 2624 5314 τε
2658 5265 2724 5334 τῇ
2767 5263 3087 5334 Ἀντιοχέων
3127 5264 3456 5335 Ἐκκλησία·
3491 5263 3520 5315 ὃ
3551 5263 3616 5332 δὴ
3655 5264 3761 5315 καὶ

2167 5350 2382 5418 γέγονε.
2412 5352 2521 5406 Καὶ
2547 5352 2705 5407 τοῦτό
2726 5356 2894 5419 ἐστιν,
2923 5355 2952 5407 ὃ
2983 5355 3262 5426 γέγραφεν
3293 5358 3322 5408 ὁ
3349 5354 3760 5416 εὐλαϐέστατος

2167 5444 2260 5496 καὶ
2278 5444 2700 5514 θεοφιλέστατος
2752 5447 3052 5511 ἐπίσκοπος
3086 5447 3341 5518 Ἰωάννης
3362 5446 3440 5517 τῷ
3463 5446 3706 5518 Καρήνῳ
3723 5455 3756 5496 ιι

1576 5590 1744 5649 Variae
1771 5594 2036 5653 lectiones
2063 5596 2271 5654 codicis
2305 5598 2670 5670 Seguicriani.

473 5736 784 5880 Plivgjoﬁv.
859 5753 900 5783 ηι
932 5748 1294 5822 μεταφυῆναι.
1374 5760 1402 5790 ιι
1424 5751 1531 5808 ἔδει
1553 5751 1648 5808 νῦν
1680 5755 1909 5810 συνιδεῖν
1928 5757 2054 5812 τῶν.

2137 5765 2161 5792 °
2189 5762 2579 5830 προσενεγκεῖν
2611 5759 2779 5827 ἄξιον.
2858 5773 2885 5811 Ρ
2908 5763 3015 5835 ἄρα
3051 5762 3326 5835 συμφωνῶ
3354 5764 3486 5826 τοῖς.
3564 5769 3589 5811 (ι
3624 5762 3746 5816 Μα-
