4048 6430
235 301 328 358 201
1628 290 1843 346 ΕΡῘΞΉ

1949 296 1968 345 ι
2011 290 2148 346 XLI.

3399 273 3507 332 209.

244 407 368 479 περὶ
400 405 551 477 ἐμοῦ
573 421 588 436 ο
621 405 708 460 ὅτι
743 403 964 472 ἐξέθετο
981 404 1052 459 τά
1075 403 1204 476 περὶ
1231 401 1330 475 τῆς
1345 401 1831 478 ἐνανθρωπήσεως,

1949 419 2138 474 nempe
2191 405 2340 472 quod
2396 420 2518 474 qua:
2544 405 2615 462 de
2679 407 3056 467 incarnatione
3099 411 3307 469 Christi
3359 423 3512 482 sunt,

240 497 544 566 συνυφάνας
577 498 716 568 ἡμῖν
748 497 846 550 καὶ
866 498 968 567 τὴν
989 495 1252 567 πατρῴαν
1273 494 1593 567 παράδοσιν,
1630 493 1829 566 μικροῦ

244 591 318 645 καὶ
348 586 407 652 ἐξ
453 586 804 658 ἀνθρώπων,
850 586 920 641 ἵν’
955 586 1131 650 οὕτως
1172 586 1329 652 εἴπω,
1361 586 1617 656 γενέσθαι
1650 588 1833 640 κινδυ-

244 682 485 738 νεύουσαν
509 691 560 734 ν.
609 680 743 734 Ἐὰν
779 680 837 733 δὲ
871 681 1314 751 περικομίζωσίη
1340 697 1487 743 τινες
1519 678 1829 749 ἐπιστολὴν,

236 777 297 837 ὡς
332 775 668 844 γραφεῖσαν
709 771 865 844 παρὰ
893 773 988 825 τοῦ
1017 771 1413 825 εὐλαϐεστάτου
1457 771 1832 842 πρεσϐυτέρου

231 868 318 937 τῆς
375 866 692 936 Ῥωμαίων
756 864 1090 934 Ἐκκλησίας
1136 864 1425 927 Φιλίππου,
1481 862 1683 916 ὡσανεὶ
1736 861 1832 916 τοῦ

229 958 523 1012 ὸ-σιωτάτου
571 955 894 1008 ἐπισκόπου
934 952 1142 1008 Ξύστου
1190 955 1596 1028 χαλεπήναντος
1629 955 1723 1008 ἐπὶ
1764 955 1831 1025 τῇ

228 1049 526 1120 Νεστορίου
583 1047 944 1120 καθαιρέσει,
1000 1047 1096 1101 καὶ
1147 1047 1450 1119 ἀρήξαντος
1497 1050 1517 1084 ί
1550 1046 1721 1117 αὐτῷ,
1757 1045 1834 1116 μὴ

229 1141 533 1194 πιστευέτω
583 1140 758 1193 τοῦτο
807 1142 842 1209 ὴ
877 1140 944 1210 σὴ
995 1137 1232 1210 ὁσιότης.
1284 1138 1562 1210 Σύμφωνα
1609 1139 1719 1210 γὰρ
1765 1139 1830 1208 τῇ

233 1232 352 1303 ἁγίᾳ
374 1231 598 1300 συνόδῳ
631 1231 915 1302 γέγραφε,
945 1231 1042 1284 καὶ
1071 1231 1251 1286 πάντα
1276 1231 1575 1284 ἐϐεϐαίωσε
1602 1230 1672 1283 τὰ
1702 1230 1834 1299 παρ’

239 1323 383 1390 αὐτῆς
419 1320 793 1391 πραχθέντα,
837 1320 935 1372 καὶ
965 1319 1115 1372 ἐστιν
1144 1318 1402 1390 ὁμόφρων
1435 1331 1462 1358 ιι
1489 1320 1645 1390 ἡμῖν.
1687 1319 1750 1372 Εἰ
1777 1316 1834 1369 δὲ

241 1417 293 1486 δὴ
317 1415 510 1477 καὶώς
545 1415 693 1484 παρ’
728 1413 872 1484 ἐμοῦ
911 1415 1192 1484 γραφεῖσα
1230 1413 1660 1484 παρακομίζοιτο
1698 1413 1836 1484 πρός

244 1526 377 1561 τινων
399 1504 712 1577 ἐπιστολὴ,
744 1505 826 1569 ὡς
848 1504 1240 1576 μετανοοῦντος
1263 1505 1347 1575 ἐφ’
1365 1498 1447 1568 οἷς
1471 1505 1836 1578 πεπράχαμεν

243 1600 359 1651 κατά
389 1599 496 1667 τὴν
530 1597 820 1666 Ἐφεσίων
839 1597 1022 1661 πόλιν,
1043 1597 1295 1666 γελάσθω
1320 1597 1417 1652 καὶ
1429 1597 1607 1652 τοῦτο.
1637 1599 1835 1668 Ἐσμέν

238 1692 329 1761 γὰρ
355 1689 443 1742 διὰ
474 1689 584 1758 τὴν
623 1689 728 1742 τοῦ
760 1688 1021 1759 Σωτῆρος
1042 1689 1206 1759 χάριν
1231 1691 1289 1742 ἐν
1319 1689 1473 1760 καλῷ
1499 1691 1712 1760 φρενὸς,
1741 1691 1834 1744 καὶ

233 1781 318 1834 τοῦ
348 1782 562 1843 εἰκότος
595 1781 707 1832 οὐκ
745 1780 1190 1851 ἐκπεφορήμεθα
1227 1781 1513 1851 λογισμοῦ.
1558 1782 1834 1851 Πρόσειπε

230 1873 324 1940 τὴν
354 1873 508 1943 παρά
552 1873 639 1925 σοὶ
671 1873 1060 1943 ἀδελφότητα·
1095 1873 1155 1925 σὲ
1185 1874 1219 1943 ή
1253 1872 1351 1924 σὺν
1390 1874 1522 1944 ἡμῖν
1558 1875 1616 1927 ἐν
1647 1875 1835 1947 Κυρίῳ

234 1963 652 2035 προσαγορεύει.

1933 496 2283 566 exposuerit,
2318 497 2652 568 Patrumque
2685 515 2793 554 una
2836 500 3124 557 nobiscum
3169 507 3515 561 contexuerit

1934 587 2311 654 traditionem,
2337 605 2499 659 quam
2532 591 2951 660 propemodum,
2997 605 3058 648 ut
3087 594 3161 648 ita
3193 595 3403 664 dicam,
3445 613 3512 653 ex

1935 678 2222 733 hominum
2259 682 2458 735 animis
2493 683 2731 754 expungi
2770 684 3074 753 periculum
3103 693 3242 741 erat.
3277 687 3435 754 Quod
3465 689 3515 745 si

1938 769 2032 839 qui
2059 771 2346 840 epistolam
2394 779 2652 842 tanquam
2698 789 2730 827 a
2771 773 3022 845 Philippo
3053 778 3516 834 reverendissimo

1938 861 2206 917 Romanae
2249 863 2512 919 Ecclesiae
2554 864 2880 936 presbytero
2917 866 3180 961 scriptam
3231 870 3516 927 attulerint

1938 956 2170 1026 perinde
2228 965 2515 1012 sonantem
2573 972 2637 1011 ac
2695 957 2740 1011 si
2793 956 3172 1016 sanctissimus
3223 960 3527 1033 episcopus

1937 1041 2142 1120 Xystus
2200 1049 2602 1120 depositionem
2652 1050 2888 1105 Nestorii
2946 1051 3178 1108 moleste
3219 1055 3514 1126 acceperit,

1937 1141 2100 1209 eique
2141 1156 2300 1210 opem
2327 1142 2536 1206 tulerit,
2573 1156 2644 1196 ne
2692 1142 2883 1197 credat
2933 1143 3039 1199 hoc
3086 1145 3350 1202 sanctitas
3399 1156 3515 1204 tua.

1938 1232 2172 1302 Scripsit
2197 1232 2346 1287 enim
2363 1247 2602 1288 consona
2630 1241 2831 1288 sancta:
2862 1235 3069 1306 synodo
3089 1276 3102 1301 ,
3129 1237 3422 1307 omniaque
3447 1239 3518 1294 il—

1939 1325 2047 1380 lius
2093 1333 2245 1396 gesta
2277 1324 2645 1387 conﬁrmavit,
2691 1341 2754 1380 ac
2794 1325 3086 1381 nobiscum
3115 1327 3301 1382 sentit.
3330 1326 3387 1382 Si
3411 1344 3520 1398 qua

1935 1431 2070 1472 vero
2110 1417 2342 1488 epistola
2377 1432 2408 1471 a
2433 1416 2765 1486 quibusdam
2787 1417 3232 1482 circumferatur,
3261 1425 3520 1488 tanquam

1939 1524 1970 1562 a
1995 1523 2082 1563 me
2113 1508 2182 1563 de
2221 1509 2290 1563 iis
2315 1524 2436 1578 qua;
2467 1507 2672 1579 Ephesi
2715 1511 2836 1564 acta
2879 1516 3008 1563 sunt
3036 1509 3149 1578 jam
3190 1508 3432 1575 dolente,
3461 1518 3522 1566 et

1938 1599 2321 1669 penitentiam
2382 1607 2576 1669 agente
2605 1638 2620 1664 ,
2667 1599 3006 1670 perscripta,
3072 1608 3129 1655 et
3193 1599 3250 1655 id
3299 1615 3522 1671 quoque

1940 1698 2345 1744 contemnatur.
2407 1689 2544 1743 Nam
2586 1703 2686 1758 per
2724 1688 2952 1760 gratiam
3001 1687 3304 1746 Salvatoris
3343 1689 3522 1745 nostri

1941 1797 2072 1844 sana
2103 1789 2286 1835 mente
2324 1795 2545 1845 sumus,
2581 1795 2761 1850 neque
2803 1781 3035 1836 rationis
3065 1796 3168 1836 usu
3195 1781 3522 1836 excidimus.

1943 1875 2364 1929 Fraternitatem
2409 1890 2531 1945 quae
2566 1883 2747 1929 tecum
2770 1883 2874 1941 est,
2920 1874 3127 1945 saluta;
3173 1887 3299 1945 qua
3337 1873 3523 1931 nobis-

1943 1981 2068 2022 cum
2095 1968 2227 2038 agit,
2254 1968 2310 2022 in
2330 1966 2562 2022 Domino
2592 1975 2646 2021 te
2672 1966 2890 2021 salutat.

1340 2251 1493 2321 121
1537 2252 1874 2309 EPISTOLA
1912 2255 2028 2310 XLI
2071 2255 2163 2324 (οι,
2204 2253 2467 2320 XXXVI).

1739 2413 1805 2451 AD
1831 2412 2066 2452 EUMDEII.

250 2527 416 2600 'Ia'ovj
463 2528 804 2600 ἐπιστολῆς
866 2530 1206 2600 γραφείσης
1266 2531 1428 2600 παρὰ
1486 2529 1596 2585 τοῦ
1647 2532 1836 2587 αὐτοῦ

307 2598 456 2666 πρὸς
490 2599 601 2651 τὸν
662 2598 953 2655 Ἀκὰκιον
982 2598 1358 2667 ἐπίσκοπον,
1383 2602 1519 2669 περὶ
1552 2601 1658 2656 τοῦ
1703 2603 1843 2656 ἁπο-

301 2670 650 2736 πομπαιου.

301 2782 430 2846 Τοῖς
457 2783 619 2854 παρὰ
652 2784 759 2854 τῆς
791 2785 894 2852 σῆς
933 2783 1217 2854 ὁσιότητος
1253 2783 1458 2855 ἀρτίως
1493 2783 1844 2858 ἀπεσταλμέ-

1941 2533 2259 2605 Exemplum
2285 2531 2520 2605 epistola?
2544 2532 2754 2605 scriptu:
2774 2531 2838 2584 ab
2860 2531 3038 2584 eodem
3057 2529 3256 2605 Cyrilto
3289 2531 3359 2586 ad
3386 2531 3523 2586 Aca-

2221 2601 2361 2656 cium
2383 2604 2684 2672 episcopum
2703 2601 2766 2654 de
2799 2616 2960 2670 capro
2979 2602 3269 2655 emissario.

2012 2782 2278 2840 Perlectis
2329 2781 2531 2838 litteris
2580 2797 2718 2853 quas
2756 2782 3023 2838 sanctitas
3065 2790 3158 2838 tua
3199 2783 3363 2852 paulo
3398 2790 3526 2838 ante

230 2889 344 2936 νοις
371 2881 399 2909 τ
448 2872 724 2942 ἐντυχὼν,
773 2872 953 2943 ἥσθην
987 2873 1167 2942 ἄγανο
1221 2875 1506 2945 μονονουχὶ
1560 2875 1658 2930 καὶ
1686 2893 1843 2948 περι-

1949 2882 2015 2937 ad
2049 2897 2137 2936 me
2187 2880 2457 2944 dederat,
2509 2879 2770 2949 majorem
2827 2879 2882 2933 in
2930 2878 3155 2933 modum
3190 2878 3528 2933 exhilaratus

231 2962 389 3032 ᾳυεὶς
423 2971 454 2999 ι
493 2960 866 3033 ἠσπαζόμην.
906 2961 1140 3033 Γνώμης
1178 2962 1288 3033 γὰρ
1327 2963 1410 3025 εἰς
1447 2962 1604 3017 τοῦτο
1638 2964 1843 3035 προῆλ-

1949 2989 2091 3040 sum,
2135 2987 2199 3028 ac
2241 2971 2647 3042 propemodum
2679 2971 2998 3042 complexus
3035 2986 3130 3025 eas
3169 2970 3529 3027 exosculatus

232 3053 340 3115 θον.
381 3054 464 3118 ὡς
492 3054 645 3124 τάχα
679 3071 788 3107 που
824 3054 959 3125 μηδὲ
999 3056 1222 3108 ἀπεῖναι
1253 3054 1452 3108 δοκεῖν·
1491 3056 1547 3107 αἱ
1590 3055 1700 3127 γὰρ
1735 3055 1843 3110 τῶν

1949 3080 2092 3120 sum.
2145 3064 2225 3118 Eo
2279 3078 2517 3132 namque
2573 3063 2777 3116 mentis
2828 3061 3158 3132 cogitatione
3203 3061 3422 3117 ferebar
3467 3071 3531 3118 ut

231 3147 474 3218 γνησίων
502 3149 855 3219 προσρήσεις
887 3147 1073 3200 ἱκαναὶ
1103 3146 1364 3218 τοιαύτην
1394 3146 1695 3218 ἐμποιῆσαι
1732 3148 1843 3203 διά-

1949 3157 2358 3228 quodammodo
2397 3172 2582 3212 coram
2612 3157 2804 3212 adesse
2829 3157 3048 3212 viderer
3073 3175 3089 3211 :
3114 3156 3388 3226 siquidem
3418 3158 3531 3212 sin-

231 3242 401 3297 θεσιν.
441 3243 530 3297 Τὰ
561 3241 680 3312 ἐμὰ
723 3243 822 3312 μὲν
845 3243 904 3294 ἐν
929 3242 1142 3304 τούτοις
1169 3257 1182 3272 ·
1220 3241 1524 3312 πέπεισμαι
1548 3241 1606 3295 δὲ
1640 3242 1724 3295 ὅτι
1752 3241 1843 3295 καὶ

1950 3263 2208 3303 cerorum
2233 3247 2538 3302 amicorum
2561 3246 2921 3301 salutationes
2941 3247 3063 3317 ejus
3096 3254 3224 3301 sunt
3251 3245 3527 3311 elﬁcacias,

229 3333 300 3386 τὰ
320 3333 424 3402 τῆς
451 3333 562 3401 σῆς
587 3331 906 3393 θεοσεϐείας
925 3331 1026 3400 οὐχ
1047 3330 1422 3400 ἐτεροτρόπως
1451 3327 1586 3399 ἔχει.
1629 3327 1843 3398 Ἐπειδὴ

1952 3348 2015 3394 ιιι
2039 3339 2313 3410 ejusmodi
2342 3338 2600 3393 affectum
2644 3337 2804 3392 facile
2824 3338 3063 3408 pariant.
3087 3337 3189 3392 Hic
3216 3344 3336 3392 erat
3356 3337 3530 3392 animi

227 3424 286 3477 δέ
325 3424 584 3494 μηνῦσαι
620 3422 997 3492 κατηξίωσας,
1028 3421 1104 3483 ὡς
1126 3421 1230 3492 χρὴ
1259 3420 1392 3493 παρ’
1423 3419 1557 3491 ἐμοῦ
1590 3419 1843 3489 γενέσθαι

1951 3426 2060 3481 mei
2081 3426 2306 3480 habitus
2334 3443 2347 3478 :
2373 3441 2698 3496 persuasum
2723 3435 2908 3481 autem
2932 3425 3111 3480 habeo
3131 3437 3281 3480 tuam
3307 3440 3530 3496 quoque

225 3517 384 3581 τινὰς
418 3517 630 3585 λόγους
669 3517 802 3586 περὶ
844 3515 940 3569 τοῦ
981 3512 1400 3584 ἀποπομπαίου,
1437 3511 1502 3565 δι’
1562 3505 1637 3564 ὧν
1690 3511 1843 3565 ἔσται

1951 3517 2217 3587 pietatem
2257 3532 2368 3572 non
2415 3531 2575 3572 secus
2609 3516 2861 3572 aﬂ'eclam
2897 3533 3038 3573 esse.
3063 3516 3205 3584 Quia
3227 3533 3360 3572 vero
3383 3517 3530 3572 indi-

227 3609 568 3678 καταφανὲς
590 3609 654 3661 τὸ
681 3609 772 3661 ἐπ’
793 3606 944 3677 αὐτῷ
970 3611 1291 3678 μυστήριον,
1329 3603 1647 3673 ἀναγκαίως
1672 3602 1843 3656 ἐκεῖνό

1953 3610 2192 3664 candum
2234 3610 2444 3680 putasti
2501 3617 2562 3664 ut
2596 3610 2861 3665 nonnulla
2918 3609 2987 3665 de
3031 3624 3199 3680 capro
3243 3611 3532 3665 emissario

1952 3700 2277 3765 edisseram,
2319 3717 2420 3772 per
2457 3717 2580 3770 quae
2614 3700 2958 3772 mysterium,
3004 3701 3147 3770 quod
3179 3702 3234 3755 in
3271 3716 3337 3756 eo
3369 3701 3531 3756 abdi-

1953 3798 2070 3846 tum
2087 3791 2242 3857 latet,
2265 3792 2622 3862 perspicuum
2647 3791 2844 3847 evadat
2873 3809 2885 3843 :
2907 3791 3040 3845 illud
3067 3790 3282 3861 praefari
3308 3806 3533 3846 necesse

1953 3893 2058 3950 est,
2085 3899 2209 3939 cum
2233 3884 2530 3954 prudentia
2565 3892 2660 3939 tua
2691 3884 2823 3939 satis
2847 3885 3050 3954 polleat
3082 3884 3303 3955 ingenio
3323 3925 3336 3949 ,
3365 3891 3421 3939 et
3452 3884 3535 3938 in-

1955 3977 2166 4047 signem
2195 3975 2685 4046 admirandamque
2710 3991 2986 4030 sacrarum
3022 3975 3356 4030 Litterarum
3383 3977 3533 4031 noti-

229 3719 376 3773 φημι
401 3743 415 3765 ,
473 3701 586 3772 τῆς
628 3701 732 3770 σῆς
763 3699 1049 3769 ἀγχινοίας
1103 3696 1472 3769 ἀποχρώντως
1513 3694 1744 3766 ἐχούσης
1788 3693 1850 3747 τὸ

227 3793 483 3862 εὐμαθὲς
504 3833 519 3855 ,
556 3792 658 3844 καὶ
682 3791 793 3845 τῶν
822 3790 984 3861 ἱερῶν
1012 3789 1362 3862 Γραμμάτων
1395 3790 1594 3857 εὐφυᾶ,
1628 3789 1723 3843 καὶ
1751 3788 1850 3843 οὐκ

227 3886 612 3957 ἀθαύμαστον
649 3885 988 3954 ἐπιστήμην,
1027 3882 1281 3952 περιττὸν
1323 3883 1421 3950 μὲν
1449 3880 1579 3945 ἴσως
1609 3881 1669 3935 τὸ
1698 3881 1852 3950 λέγε-

234 3978 361 4031 σθαί
396 3997 454 4031 τι
498 3976 640 4048 παρ’
686 3977 874 4047 ἐτέρου
908 3976 1176 4046 περὶτῶν
1214 3974 1584 4046 ζητουμένων.
1632 3973 1850 4046 Ἐπειδὴ

229 4069 288 4123 δὲ
314 4069 380 4122 τὸ
433 4067 656 4122 λυποῦν
705 4068 859 4120 οὐδὲν
904 4067 1001 4120 καὶ
1046 4067 1117 4120 τὰ
1161 4068 1242 4130 εὶς
1278 4066 1404 4121 νοῦν
1443 4068 1592 4122 ἰόντα
1620 4068 1715 4121 καὶ
1757 4067 1851 4122 τὸν

236 4163 372 4232 ἐμὸν
408 4171 438 4210 7
474 4163 684 4224 εἰπεῖν,
715 4160 1078 4231 γεγράφαμεν
1102 4175 1114 4189 ·
1143 4160 1204 4212 οὐ
1235 4159 1345 4231 γὰρ
1371 4155 1438 4230 ἦν
1465 4159 1764 4230 ἀνήνασθαι
1791 4160 1851 4213 τὺ

239 4254 548 4324 ἐπιταχθέν
578 4270 594 4282 ·
639 4253 690 4305 εἰ
727 4252 784 4304 δὲ
813 4251 880 4320 δὴ
915 4251 1015 4321 τῆς
1061 4252 1142 4314 εἰς
1168 4250 1318 4320 λῆξιν
1351 4251 1639 4323 ἀκριϐείας
1677 4251 1850 4322 βραχύ

241 4363 356 4408 πως
393 4345 767 4415 ἀφαμαρτεῖν
814 4345 963 4413 ἡμᾶς
997 4341 1288 4412 συμϐαίνει
1312 4386 1326 4407 ,
1360 4343 1701 4413 συγγνώμων
1738 4342 1849 4396 ἔσο.

245 4435 323 4490 Τὰ
356 4440 475 4508 γάρ
512 4454 601 4490 τοι
643 4435 984 4505 δυσπρόσιτα
1037 4433 1145 4487 τῶν
1196 4433 1570 4506 θεωρημάτων
1616 4434 1850 4505 δυσχερῆ

246 4530 379 4599 πρὸς
415 4530 790 4595 διασάφησιν,
825 4526 920 4579 καὶ
943 4526 1004 4579 οὐ
1029 4525 1220 4596 ῥᾳδίαν
1251 4525 1391 4578 ἑλεῖν
1417 4525 1515 4596 τὴν
1547 4525 1854 4594 κατάληψιν

246 4621 374 4690 ἔχει.
413 4620 573 4689 Πλὴν
605 4617 828 4679 ἐλπίδος
857 4616 1023 4686 ἐσμὲν
1047 4617 1110 4669 οὑ
1145 4613 1386 4687 μακρὰν,
1411 4614 1489 4678 ὡς
1515 4613 1604 4667 διὰ
1622 4613 1730 4667 τῶν
1751 4612 1854 4682 τῆς

1953 4063 2089 4118 tiam
2113 4064 2338 4130 habeat,
2365 4079 2834 4134 supervacaneum
2878 4065 3064 4119 forsan
3109 4080 3251 4129 esse,
3281 4065 3535 4134 quemvis

1955 4153 2123 4208 alium
2148 4153 2216 4208 de
2239 4154 2342 4208 hac
2366 4155 2668 4223 quaastione
2693 4155 2864 4210 verba
2885 4154 3088 4210 facere.
3118 4155 3374 4212 Attamen
3403 4156 3536 4225 quia

1955 4245 2096 4299 nihil
2122 4245 2381 4314 prohibet
2401 4261 2466 4300 ea
2506 4245 2692 4301 dicere
2735 4261 2856 4316 quae
2890 4245 3025 4300 mihi
3053 4261 3272 4314 quoque
3293 4245 3349 4299 in
3375 4261 3536 4300 men-

1957 4343 2068 4390 tem
2106 4336 2358 4400 veniunt,
2393 4337 2718 4406 scripsimus
2753 4336 3016 4405 quidem:
3048 4350 3229 4405 neque
3252 4335 3402 4390 enim
3441 4351 3536 4390 rc-

1957 4443 2151 4483 cusare
2180 4427 2383 4483 licebat
2404 4429 2551 4498 quod
2577 4429 2677 4483 abs
2697 4436 2750 4484 te
2769 4435 2917 4482 esset
2944 4427 3246 4498 injunctum
3267 4444 3282 4493 ;
3307 4443 3535 4482 verum-

1959 4527 2143 4573 tamen
2168 4519 2213 4574 si
2253 4519 2324 4574 ab
2355 4527 2546 4574 exacta
2590 4520 2684 4574 illa
2726 4518 2984 4589 indagine
3007 4518 3261 4573 nonnihil
3305 4519 3536 4574 aberra-

1957 4626 2115 4675 vero,
2156 4611 2374 4666 veniam
2419 4610 2597 4665 dabis.
2644 4610 2781 4665 Nam
2828 4626 2950 4680 quae
3001 4609 3246 4666 difﬁcilia
3293 4619 3422 4666 sunt
3466 4611 3538 4668 ad

247 4713 340 4782 σῆς
373 4709 705 4772 θεοσεϐείας
743 4708 952 4779 εὐχῶν,
986 4708 1081 4761 καὶ
1113 4707 1255 4777 πρός
1294 4724 1359 4775 γε
1394 4707 1553 4760 τοῦτο
1579 4706 1726 4776 ἡμᾶς
1756 4721 1843 4758 κα-

1964 4703 2474 4772 contemplandum,
2500 4702 2792 4761 difﬁculter
2816 4703 3202 4774 explanantur,
3239 4718 3342 4760 nec
3376 4701 3538 4758 facile

245 4803 502 4856 τευθυνεῖ
531 4801 801 4871 Χριστὸς,
835 4803 863 4853 ὁ
890 4799 1296 4854 ἀποκαλύπτων
1325 4798 1494 4869 βαθέα
1517 4799 1582 4850 ἐκ
1605 4797 1849 4861 σκότους,

251 4895 340 4947 καὶ
368 4894 567 4964 σοφῶν
598 4893 842 4961 τυφλοὺς
862 4932 878 4954 ,
911 4892 1007 4946 καὶ
1043 4892 1198 4963 ῥῆμα
1232 4890 1428 4954 διδοὺς,
1465 4890 1541 4953 ὼς
1566 4888 1742 4958 λόγος.

1961 4795 2533 4865 comprehenduntur.
2562 4795 2715 4851 Bona
2754 4795 3117 4852 nihilominus
3151 4812 3246 4867 spe
3284 4805 3541 4853 tenemur

1963 4887 2080 4944 fore
2133 4895 2196 4942 ut
2235 4903 2335 4957 per
2390 4886 2698 4943 sanctitatis
2741 4897 2849 4944 tuae
2897 4905 3092 4960 preces
3137 4889 3390 4945 Christus
3437 4888 3542 4942 hac

255 4989 415 5042 etiam
477 4989 540 5042 in
590 5001 656 5040 re
678 5001 783 5041 nos
816 4985 1039 5055 dirigat,
1081 4985 1176 5056 qui
1238 4982 1514 5054 profunda
1578 4997 1648 5036 ex
1709 4979 1954 5037 tenebris
2008 4983 2608 5052 revelat"°,c:£oosque
2656 4984 2932 5040 illuminat
2955 4982 3256 5056 [sapientes
3274 4979 3448 5054 facit],
3484 4994 3542 5038 et

249 5084 478 5138 verbum
521 5077 657 5143 dat,
692 5076 838 5131 sicut
867 5075 1133 5145 scriptum
1155 5075 1324 5131 est“.

314 5177 656 5246 Γέγραπται
689 5169 870 5222 τοίνυν
907 5169 966 5220 ὲν
1007 5165 1085 5236 τῷ
1115 5163 1388 5236 Λευιτικῷ
1431 5164 1562 5236 περὶ
1593 5164 1686 5217 τοῦ
1718 5164 1856 5217 ἀπο-

249 5267 542 5338 πομπαίου
564 5281 579 5293 ·
632 5280 651 5313 ι
705 5261 817 5314 Καὶ
848 5259 1083 5330 λήψεται
1125 5261 1252 5321 τοὺς
1281 5256 1375 5309 δύο
1423 5255 1723 5328 χιμάρους,
1759 5254 1857 5310 καὶ

321 5418 369 5450 ⁷⁸
400 5417 511 5473 Job
539 5431 641 5480 xu,
669 5412 762 5468 22.
837 5411 882 5443 “
915 5411 1059 5466 Psal.
1104 5426 1260 5476 chv,
1289 5409 1350 5477 8;
1396 5425 1559 5473 van,
1594 5407 1681 5462 12.

2039 5161 2314 5218 Scribitur
2337 5164 2522 5234 itaque
2559 5165 2616 5223 in
2657 5163 2904 5221 Levitico
2945 5162 3014 5218 de
3047 5176 3213 5232 capro
3249 5159 3538 5216 emissario
3567 5209 3570 5212 .

1962 5255 2112 5311 hunc
2145 5255 2202 5310 in
2229 5256 2452 5312 modum
2485 5275 2498 5311 :
2533 5275 2552 5309 ι
2582 5257 2649 5311 Et
2671 5264 2851 5312 sumet
2869 5255 3009 5310 duos
3028 5253 3231 5318 hircos,
3263 5258 3541 5308 ctstattzct

1364 5528 1539 5584 Variae
1570 5525 1835 5583 lectiones
1866 5524 2074 5584 codicis
2102 5528 2464 5600 Seguieriani.

337 5660 361 5687 ¹’
391 5647 847 5704 κινδυνεύσασαν.
917 5656 939 5684 ³
973 5643 1416 5715 παρακομίζωσε.
1503 5645 1522 5682 ι
1559 5643 1901 5715 ἐνρήξαντος.

261 5721 515 5790 περιφύς.
597 5727 628 5766 γ
659 5719 746 5771 ἵσ.
774 5717 920 5770 ἰόντα
938 5717 1034 5768 τὸν
1066 5715 1219 5786 ἐμόν.

581 5813 862 5874 ΡΑτιιοι.
909 5810 1026 5869 Gn.
1073 5809 1360 5868 LXXVII.

1954 5651 1984 5681 ιι
2007 5643 2343 5717 ὁμοφρονῶν.
2389 5650 2413 5676 ν
2435 5637 2875 5708 ἐπεσταλμένοις.
2954 5645 2979 5677 ι
3005 5637 3167 5707 μόνον
3201 5637 3259 5692 δὲ
3295 5634 3417 5706 οὐχὶ
3441 5641 3539 5696 καὶ

3097 5797 3129 5857 7
