4048 6436
477 268 583 322 2ιῶ

1482 264 1538 319 S.
1580 261 1860 319 CYRILLI
1899 262 2374 322 ALEXANDRINI
2413 265 2731 322 ARCHIEP.

3599 272 3609 282 '
3658 270 3770 325 204

479 399 575 437 eos
595 397 780 438 coram
793 380 1027 437 Domino
1049 379 1116 436 ad
1142 379 1347 437 ostium
1368 379 1713 436 tabernaculi
1736 380 2070 436 testimonii:

2181 383 2367 453 στήσει
2403 383 2604 445 αὐτοὺς
2636 382 2818 436 ἔναντι
2863 383 3070 454 Κυρίου
3120 386 3274 458 παρὰ
3320 385 3417 457 τήν
3463 385 3634 456 θύραν
3666 386 3769 456 τῆς

478 486 534 530 et
567 476 813 544 imponet
843 472 1024 526 Aaron
1050 486 1218 542 super
1256 471 1396 526 duos
1419 471 1606 527 hircos
1627 481 1826 538 sortes,
1862 482 2069 528 sortem

479 565 919 640 unamDomino,
951 574 1008 619 et
1040 574 1247 620 sortem
1273 580 1440 619 unam
1466 565 1779 630 emissario,
1809 572 1866 619 et
1891 565 2069 620 addu-

477 667 564 712 cet
587 657 769 711 Aaron
805 656 1023 710 hircum
1061 671 1229 726 super
1261 671 1424 726 quem
1468 656 1793 726 supervenit
1829 672 1951 711 sors
1980 672 2070 711 su-

477 764 574 817 per
598 763 725 802 eum
748 746 1004 813 Domino,
1037 757 1094 804 et
1123 747 1320 802 offeret
1347 762 1448 817 pro
1473 756 1731 818 peccato;
1772 755 1829 802 et
1852 747 2070 802 hircum

477 855 642 910 super
674 855 838 909 quem
873 839 1231 909 superveniet
1279 854 1446 908 super
1466 853 1595 894 eum
1619 854 1742 894 sors
1774 838 2068 904 emissarii,

479 941 685 989 statuet
705 947 830 987 eum
859 934 1136 987 viventem
1172 947 1358 986 coram
1381 932 1635 997 Domino,
1673 931 1740 986 ad
1768 931 2073 1002 propitian-

479 1027 610 1081 dum
629 1042 795 1096 super
821 1040 970 1090 cum,
996 1033 1057 1078 ut
1079 1023 1296 1079 emittat
1316 1039 1444 1078 eum
1471 1023 1528 1077 in
1557 1023 1912 1078 emissionem
1947 1041 1958 1075 :
1985 1021 2070 1075 di-

481 1121 663 1175 mittet
697 1135 824 1175 eum
865 1119 921 1173 in
947 1118 1230 1174 desertum
1252 1118 1315 1170 ⁷².
1346 1136 1363 1167 ι
1392 1117 1460 1170 Et
1498 1123 1625 1186 post
1648 1115 1755 1169 alia
1783 1131 1795 1168 :
1830 1133 1847 1165 ι
1885 1114 1953 1168 Et
1978 1115 2070 1185 ju-

479 1216 691 1287 gulabit
714 1214 927 1268 hircum
950 1213 1043 1282 qui
1066 1228 1163 1283 pro
1185 1219 1431 1282 peccato,
1455 1224 1582 1264 eum
1605 1207 1699 1279 qui
1716 1223 1816 1278 pro
1843 1207 2069 1277 populo,

481 1317 610 1363 ante
639 1306 956 1370 Dominum,
987 1314 1045 1359 et
1094 1303 1296 1359 inferet
1338 1302 1406 1358 de
1457 1301 1724 1372 sanguine
1767 1300 1887 1370 ejus
1925 1299 2070 1352 intra

481 1400 688 1463 velum,
713 1407 770 1452 et
785 1397 950 1453 faciet
979 1397 1304 1468 sanguinem
1331 1396 1454 1466 ejus
1483 1392 1949 1463 quemadmodum
1986 1391 2069 1445 fe-

480 1493 556 1546 eit
592 1490 915 1561 sanguinem
941 1489 1121 1553 vituli,
1155 1489 1313 1556 122
1356 1495 1412 1540 et
1463 1493 1718 1556 asperget
1750 1484 2070 1554 sanguinem

480 1584 600 1653 ejus
623 1597 791 1652 super
813 1581 1260 1651 propitiatorium
1284 1587 1474 1634 contra
1505 1578 1702 1632 faciem
1738 1577 2068 1647 propitiato-

483 1676 571 1741 rii,
595 1683 652 1730 et
679 1673 922 1745 expiabit
941 1672 1316 1728 sanetuarium
1338 1671 1406 1725 ab
1441 1668 1809 1724 immunditiis
1832 1669 2070 1724 ﬁliorum

2180 474 2386 544 σκηνῆς
2419 473 2513 526 τοῦ
2567 473 2904 545 μαρτυρίου’
2953 477 3048 529 καὶ
3097 477 3352 547 ἐπιθήσει
3413 477 3626 549 Ἀαρὼν
3673 479 3771 531 ἐπὶ

2174 566 2301 629 τοὺς
2333 565 2428 619 δύο
2462 564 2732 636 χιμάρους
2767 565 3006 637 κλήρους
3032 607 3047 632 ,
3081 568 3282 638 κλῆρον
3313 567 3410 621 Eva
3438 568 3517 639 τῷ
3548 569 3766 640 Κυρίῳ,

2175 657 2268 709 καὶ
2313 656 2517 728 κλῆρον
2569 655 2668 710 ἕνα
2722 655 2800 727 τῷ
2849 658 3267 729 ἀποπομπαίῳο
3339 661 3432 714 καί
3495 660 3768 730 προσάξει

2189 747 2402 820 Ἀαρὼν
2449 747 2542 801 τὸν
2575 746 2828 818 χίμαρον,
2872 751 2956 820 ἐφ’
2987 751 3045 804 ὃν
3082 751 3317 822 ἐπῆλθεν
3363 753 3393 804 ὁ
3443 751 3644 822 κλῆρος
3677 751 3768 806 ἐπ’

2175 839 2338 892 αὐτὸν
2368 839 2446 910 τῷ
2482 842 2695 915 Κυρίῳ,
2725 844 2820 898 καὶ
2848 842 3129 913 προσοίσει
3160 843 3288 914 περὶ
3320 844 3593 914 ἁμαρτίας
3621 859 3635 872 °
3670 845 3770 898 καὶ

2172 929 2264 982 τὸν
2297 931 2553 1004 χίμαρον,
2590 936 2676 1006 ἐφ’
2705 930 3028 1004 ὂν’ἐπῆλθεν
3062 935 3149 987 ἐπ’
3181 934 3340 988 αὐτὸν
3376 937 3404 988 ὁ
3433 935 3638 1006 κλῆρος
3668 934 3768 988 τοῦ

2175 1024 2588 1096 ἀποπομπαίου,
2617 1029 2803 1100 στήσει
2834 1027 2995 1081 αὑτὸν
3020 1026 3198 1092 ζῶντα
3227 1027 3408 1082 ἔναντι
3438 1027 3646 1100 Κυρίου
3668 1027 3772 1081 τοῦ

2177 1113 2562 1180 ἐξιλάσκεσθαι
2597 1129 2619 1157 ι
2655 1122 2742 1173 ἐπ’
2794 1118 2963 1173 αὑτοῦ
2990 1133 3004 1148 '
3042 1118 3182 1172 ὥστε
3231 1119 3550 1173 ἀποστεῖλαι
3598 1118 3770 1173 αὑτὸν

2175 1208 2257 1271 εἰς
2288 1209 2387 1279 τὴν
2417 1210 2776 1282 ἀποπομπήν.
2795 1211 3020 1280 ’Δφήσει
3050 1209 3209 1263 αὐτὸν
3233 1210 3313 1272 είς
3342 1211 3442 1280 τήν
3477 1209 3703 1283 ἔρημον.
3739 1228 3758 1262 ι

2174 1301 2286 1354 Kal.
2323 1301 2443 1372 μεθ’
2474 1303 2660 1374 ἔτερα·
2699 1321 2716 1354 ι
2759 1303 2870 1355 Καὶ
2896 1301 3090 1371 σφάξει
3124 1301 3215 1354 τὸν
3243 1301 3478 1372 χίμαρον
3509 1300 3598 1354 τὸν
3632 1301 3766 1372 περὶ

2173 1395 2274 1464 τῆς
2307 1395 2605 1465 ἁμαρτίας,
2632 1394 2722 1448 τὸν
2751 1395 2901 1465 ποιρά
2926 1406 2952 1434 ι
2993 1394 3087 1447 τοῦ
3116 1392 3269 1458 λαοῦ,
3302 1392 3484 1446 ἔναντι
3517 1392 3725 1462 Κυρίου
3749 1406 3761 1420 ·

2175 1488 2268 1541 καὶ
2308 1488 2532 1541 εἰσοίσει
2562 1487 2656 1540 τοῦ
2689 1488 2920 1556 αἵματος
2955 1484 3117 1540 αὐτοῦ
3164 1483 3435 1556 ἐσώτερον
3459 1484 3552 1538 τοῦ
3591 1501 3764 1537 κατα-

2173 1581 2527 1651 πετάσματος
2548 1598 2561 1613 ·
2605 1581 2699 1634 καὶ
2731 1581 2952 1650 ποιήσει
2981 1579 3042 1631 τὸ
3071 1575 3211 1649 αἷμα
3239 1576 3406 1630 αὑτοῦ
3427 1621 3440 1644 ,
3469 1576 3528 1629 ὃν
3561 1577 3765 1646 τρόπον

2175 1673 2400 1744 ἐποίησε
2429 1673 2490 1726 τὸ
2522 1667 2661 1743 αἷμα
2690 1671 2782 1724 τοῦ
2811 1671 3016 1742 μόσχου
3046 1689 3059 1702 ·
3096 1668 3191 1723 καὶ
3220 1671 3372 1740 ρανεῖ
3404 1667 3463 1720 τὸ
3493 1664 3634 1739 αἷμα
3662 1669 3766 1720 αὐ-

482 1769 670 1833 lsrael,
702 1766 840 1823 etab
867 1765 1155 1837 injustitiis
1175 1780 1366 1820 eorum
1399 1779 1496 1833 pro
1516 1763 1775 1817 omnibus
1805 1762 2066 1832 peccatis.

2175 1763 2268 1818 τοῦ
2311 1741 2406 1818 ἐπὶ
2437 1765 2497 1818 τὸ
2539 1741 2854 1835 ἱλαστήριον
2886 1762 3029 1816 κατά
3078 1762 3372 1832 πρόσωπον
3401 1760 3496 1814 τοῦ
3539 1761 3766 1833 ἱλαστή-

483 1862 550 1916 ΕΙ.
571 1861 653 1917 sic
690 1859 852 1914 faciet
887 1857 1245 1912 tabernaculo
1291 1855 1630 1920 testimonii,
1670 1855 1816 1925 quod
1848 1867 2068 1911 exstru-

482 1965 630 2008 ctum
657 1962 741 2008 est
766 1953 910 2008 intra
932 1967 1028 2008 eos
1049 1951 1103 2006 in
1131 1951 1314 2008 medio
1333 1951 1696 2006 imm‘unditia:
1715 1967 1911 2006 eorum
1935 1952 2000 2004 τ’.
2043 1969 2062 2002 ι

482 2047 550 2100 Ει
589 2047 708 2101 Ι)ωο
735 2045 956 2116 quidem
985 2044 1052 2100 de
1084 2051 1323 2100 mactato
1349 2059 1518 2114 capro
1563 2043 1939 2114 sanguineque
1969 2059 2070 2098 suo

483 2149 733 2196 sanctum
801 2137 1217 2193 tabernaculum
1267 2135 1665 2191 sanctiﬁcante.
1727 2135 1802 2189 De
1851 2136 2070 2192 vivente

483 2248 614 2286 vero
645 2247 708 2286 ac
733 2231 1021 2285 emissario
1051 2243 1273 2283 rursum
1295 2228 1376 2283 sic
1406 2228 1482 2282 ait
1512 2245 1524 2280 :
1553 2245 1569 2279 ι
1607 2227 1676 2282 Et
1701 2227 1938 2282 adducet
1976 2243 2068 2282 ca-

482 2340 641 2398 prum
670 2324 982 2388 viventem;
1007 2330 1063 2376 et
1097 2321 1342 2391 imponet
1369 2321 1550 2374 Aaron
1594 2335 1791 2374 manus
1817 2335 1944 2374 suas
1974 2334 2069 2373 su-

483 2433 582 2490 per
605 2424 772 2487 caput
799 2414 938 2469 hirci
972 2413 1232 2478 viventis,
1279 2422 1335 2468 et
1368 2411 1724 2468 confitebitur
1757 2428 1922 2481 super
1952 2413 2072 2481 ipso

481 2526 675 2566 omnes
698 2507 1018 2579 iniquitates
1050 2506 1290 2561 ﬁliorum
1321 2505 1511 2570 Israel,
1543 2512 1599 2559 et
1636 2519 1828 2558 omnes
1851 2504 2070 2574 injusti-

481 2605 586 2660 tias
615 2618 832 2666 eorum,
861 2610 919 2655 et
938 2600 1122 2654 omnia
1145 2606 1372 2668 peccata
1403 2612 1618 2663 eorum;
1655 2606 1711 2652 et
1733 2597 1978 2665 imponet
2007 2610 2072 2650 ea

479 2712 649 2766 super
672 2703 836 2765 caput
864 2692 1005 2747 hirci
1028 2689 1288 2754 viventis,
1315 2696 1370 2744 et
1391 2689 1608 2743 emittet
1639 2689 1792 2742 illum
1826 2687 1880 2741 in
1905 2703 2071 2741 manu

480 2788 723 2844 hominis
751 2784 926 2856 parati
963 2784 1018 2839 in
1057 2781 1337 2837 desertum
1366 2798 1378 2834 :
1404 2789 1459 2836 et
1499 2780 1653 2835 tollet
1681 2780 1871 2834 hircus
1904 2795 2073 2850 super

481 2879 724 2948 seipsum
775 2874 1092 2945 iniquitates
1143 2887 1336 2926 eorum
1372 2873 1428 2926 in
1470 2879 1673 2926 terram
1720 2870 1924 2924 inviam
1963 2889 1974 2923 :
2015 2880 2072 2926 et

481 2969 698 3025 emittet
727 2966 944 3020 hircum
965 2965 1022 3018 in
1052 2963 1336 3018 desertum
1357 2963 1425 3015 ⁷⁵.
1452 2980 1470 3013 ι
1507 2960 1700 3015 Omnis
1727 2959 1894 3030 igitur
1919 2959 2070 3014 Scri-

483 3069 642 3131 ptura
672 3058 940 3114 divinitus
961 3056 1226 3128 inspirata
1248 3055 1400 3111 utilis
1427 3062 1511 3109 est
1529 3055 1597 3109 ⁷³.
1620 3053 1754 3108 Nam
1779 3053 2070 3124 quodcun-
2098 3084 2142 3144 α

482 3171 591 3226 que
624 3155 770 3209 Deus
796 3152 1015 3206 locutus
1047 3150 1234 3215 fuerit,
1267 3150 1374 3204 hoc
1408 3155 1583 3202 totum
1612 3163 1723 3201 non
1751 3155 1932 3216 potest
1961 3162 2072 3202 non

484 3247 619 3301 utile
666 3261 732 3300 ae
779 3245 1022 3300 salutare
1069 3258 1212 3299 esse.
1263 3240 1536 3311 Equidem
1576 3240 1663 3295 his
1695 3238 1788 3308 qui
1822 3238 2074 3295 veritatis

482 3339 596 3394 vim
627 3337 991 3407 contemplari
1015 3341 1268 3406 possunt,
1293 3341 1558 3388 venustas
1585 3332 1705 3402 ejus
1727 3331 1879 3385 velut
1905 3347 2074 3385 coru-

482 3447 636 3487 scum
663 3429 940 3501 quoddam
991 3429 1178 3483 lumen
1217 3440 1337 3480 sese
1383 3424 1582 3489 offert,
1612 3430 1963 3492 mentemque
2003 3422 2071 3477 ad

481 3523 854 3594 cognitionem
917 3519 1166 3593 mysterii
1238 3517 1448 3573 Christi
1497 3515 1738 3569 illustrat
1785 3531 1798 3567 :
1838 3531 2072 3585 quorum

481 3629 616 3668 vero
657 3627 815 3666 mens
838 3626 950 3665 non
1004 3607 1240 3663 ﬁrmiter
1268 3604 1499 3669 incedit,
1535 3602 1633 3658 sed
1665 3602 2073 3673 quodammodo

482 3703 760 3760 claudicat
789 3703 993 3766 adhuc,
1023 3709 1077 3755 et
1110 3698 1309 3770 puerili
1338 3704 1422 3751 est
1458 3711 1642 3760 sensu,
1668 3695 1869 3750 talibus
1905 3695 2071 3749 etiam

483 3795 773 3863 praecipuae
793 3792 1196 3862 scripturarum
1231 3785 1636 3856 speeulationes
1659 3783 2072 3854 reprehensibi-

482 3885 562 3939 les
597 3895 997 3952 nonnunquam
1022 3887 1078 3933 et
1101 3875 1393 3946 culpanda:
1431 3874 1712 3931 videntur.
1748 3874 1925 3944 Atque
1958 3874 2075 3930 haec

483 3975 629 4039 dico,
670 3974 738 4028 iis
768 3987 890 4043 qum
913 3970 1094 4041 pietas
1119 3974 1213 4022 tua
1255 3967 1575 4037 scripserat,
1599 3983 1710 4022 non
1743 3967 1864 4022 sine
1893 3975 2074 4022 atten-

485 4068 634 4122 tione
657 4065 838 4121 lectis.
860 4063 999 4117 Nam
1021 4060 1191 4130 aliqui
1213 4076 1280 4116 ex
1304 4059 1413 4116 illis
1435 4059 1530 4130 qui
1557 4060 1682 4115 istic
1702 4059 1930 4131 degunt,
1957 4058 2074 4112 for-

486 4168 631 4214 tasse
652 4161 922 4228 putarunt
968 4153 1205 4207 alterum
1233 4152 1460 4222 quidem
1496 4167 1723 4223 caprum
1745 4151 1833 4206 vel
1855 4149 2074 4205 hircum

484 4253 622 4314 Deo,
660 4247 867 4319 quiest
900 4261 1069 4318 super
1093 4245 1310 4311 omnia,
1343 4243 1409 4300 ad
1451 4244 1787 4301 sacriﬁcium
1810 4243 2076 4298 hostiam-

483 4356 590 4411 que
619 4339 904 4410 deputari;
940 4338 1177 4394 alterum
1206 4352 1340 4391 vero
1374 4338 1713 4394 exsecrando
1751 4335 1992 4405 cuipiam
2018 4342 2075 4389 et

2176 1858 2320 1928 ρίου,
2356 1859 2453 1912 καὶ
2501 1857 2811 1922 ἐξιλάσεται
2842 1856 2904 1909 τὸ
2937 1855 3090 1924 ἅγιον
3125 1855 3233 1908 ἀπὸ
3263 1854 3372 1906 τῶν
3407 1852 3768 1926 ἀκαθαρσιῶν

2171 1951 2281 2004 τῶν
2322 1950 2457 2006 υἱῶν
2511 1950 2760 2022 Ἰσραὴλ,
2794 1951 2888 2005 καὶ
2919 1949 3027 2003 ἀπὸ
3056 1949 3163 2003 τῶν
3192 1949 3544 2020 ἀδικημάτων
3580 1949 3769 2003 αὐτῶν

2173 2042 2266 2095 ἐπὶ
2306 2041 2497 2095 πασῶν
2549 2040 2661 2094 τῶν
2718 2039 3026 2112 ἁμαρτιῶν.
3080 2040 3190 2095 Καὶ
3240 2038 3383 2094 οὕτω
3432 2040 3648 2110 ποιήσει
3694 2043 3766 2111 τῇ

2175 2137 2348 2206 σκηνῇ
2394 2133 2487 2186 τοῦ
2545 2133 2886 2205 μαρτυρίου,
2927 2136 2994 2204 τῇ
3031 2133 3332 2204 ἐκτισμένη
3370 2134 3428 2186 ἐν
3476 2133 3662 2197 αὐτοῖς
3705 2135 3769 2188 ἐν

2177 2226 2326 2297 μέσῳ
2352 2226 2450 2296 τῆς
2485 2225 2834 2297 ἀκαθαρσίας
2866 2225 3067 2280 αὐτῶν.
3112 2244 3129 2277 ι
3162 2226 3273 2278 Καὶ
3303 2225 3476 2279 ταῦτα
3509 2225 3606 2296 μὲν
3630 2227 3773 2298 περὶ

2171 2316 2266 2370 τοῦ
2314 2317 2656 2386 σφαζομένου
2686 2335 2738 2388 χι
2750 2319 2926 2387 μάρου
2946 2357 2960 2381 ,
2995 2318 3087 2370 καὶ
3120 2316 3438 2385 ἀγιόιζοντος
3467 2316 3544 2387 τῷ
3568 2317 3769 2388 αἵματι

2173 2410 2272 2482 τὴν
2320 2409 2483 2478 ἁγίαν
2549 2415 2773 2481 σκηνήν.
2829 2411 2966 2480 Περὶ
3017 2411 3073 2462 δέ
3137 2427 3201 2478 γε
3257 2408 3353 2462 τοῦ
3411 2409 3612 2474 ζῶντος
3665 2410 3770 2464 καὶ

2173 2501 2472 2572 ἀφιεμένου
2503 2502 2666 2554 πάλιν
2703 2497 2806 2555 ῶδὲ
2831 2518 2982 2572 φησι⁸
3016 2520 3035 2553 ι
3061 2501 3171 2555 Καὶ
3205 2499 3572 2573 προσάξειτδν
3602 2501 3772 2572 χίμα-

2176 2613 2270 2666 ρον
2298 2596 2388 2648 τὸν
2425 2594 2624 2660 ζῶντα,
2656 2595 2751 2646 καὶ
2781 2594 3034 2665 ἐπιθήσει
3073 2593 3287 2665 Ἀαρὼν
3317 2593 3416 2657 τὰς
3445 2597 3635 2666 χεῖρας
3669 2596 3773 2647 αὒ-

2172 2687 2268 2740 τοῦ
2309 2687 2403 2740 ἐπὶ
2432 2686 2530 2758 τὴν
2571 2686 2817 2756 κεφαλὴν
2858 2685 2951 2739 τοῦ
2986 2687 3224 2757 χιμάρου
3257 2685 3350 2740 τοῦ
3397 2685 3598 2749 ζῶντος
3620 2726 3634 2749 ,
3667 2687 3777 2740 καὶ

2174 2777 2526 2848 ἐξαγορεύσει
2555 2781 2640 2832 ἐπ’
2677 2777 2843 2833 αὑτοῦ
2875 2777 3058 2841 πάσας
3103 2778 3202 2841 τὰς
3230 2778 3463 2848 ἀνομίας
3492 2777 3600 2830 τῶν
3630 2776 3776 2830 υἱῶν

2187 2871 2421 2942 Ἰσραὴλ,
2449 2873 2544 2925 καὶ
2571 2871 2752 2936 πάσας
2771 2872 2872 2935 τὰς
2892 2871 3106 2934 ἀδικίας
3123 2871 3321 2936 αὐτῶν,
3345 2871 3439 2926 καὶ
3465 2870 3645 2934 πάσας
3664 2871 3777 2942 τὰς

2173 2938 2450 3032 ἁμαρτίας
2467 2960 2668 3014 αὐτῶν·
2693 2963 2789 3015 καὶ
2807 2962 3059 3032 ἐπιθήσει
3085 2963 3255 3025 αὐτὰς
3279 2962 3369 3015 ἐπὶ
3392 2963 3490 3033 τὴν
3517 2938 3779 3033 κεφαλὴν

2173 3053 2269 3106 τοῦ
2295 3053 2532 3124 χιμάρου
2555 3053 2650 3106 τοῦ
2681 3051 2903 3118 ζῶντος,
2925 3053 3020 3107 καὶ
3042 3052 3393 3117 ἐξαποστελεῖ
3415 3054 3472 3105 ἐν
3499 3052 3642 3125 χειρὶ
3672 3052 3780 3106 ἀνο

2175 3142 2393 3216 θρώπου
2411 3146 2630 3216 ἑτοίμου
2657 3145 2736 3209 είς
2753 3145 2850 3215 τὴν
2865 3144 2964 3216 ἐρη
2974 3161 3091 3216 μονο
3109 3146 3204 3198 καὶ
3225 3144 3456 3215 λήψεται
3481 3146 3508 3198 ὁ
3529 3145 3778 3214 χίμαρος

2174 3233 2262 3306 ἐφ’
2300 3235 2479 3307 ἐαυτῷ
2517 3235 2617 3297 τὰς
2668 3235 2882 3298 ἀδικίας
2916 3235 3096 3288 αὐτῶν
3134 3237 3214 3300 εἰς
3254 3236 3351 3306 τὴν
3387 3235 3582 3290 ἄϐατον
3607 3253 3620 3266 °
3671 3238 3776 3289 καὶ

2174 3329 2526 3394 ἐξαποστελεῖ
2540 3330 2633 3383 τὸν
2655 3329 2890 3400 χίμαρον
2921 3332 3000 3394 είς
3027 3331 3125 3400 τὴν
3155 3329 3253 3400 ἔρῃ
3265 3346 3386 3399 μον.
3433 3348 3451 3380 ι
3485 3329 3637 3382 Πᾶσα
3665 3328 3780 3398 μὲν

2173 3419 2266 3476 οὖν
2302 3422 2494 3494 Γραφὴ
2546 3420 2924 3487 θεόπνευστος,
2962 3423 3059 3475 καὶ
3099 3421 3400 3490 ὠερέλιμος.
3449 3421 3516 3473 Ὃ
3555 3421 3664 3490 γὰρ
3699 3419 3778 3473 ἂν

2175 3512 2474 3582 φθέγξηται
2501 3511 2656 3576 Θεὸς,
2690 3511 2849 3566 τοῦτο
2869 3512 2931 3582 δή
2963 3511 3317 3574 πάντωςέστὶ
3345 3511 3439 3562 καὶ
3471 3510 3771 3579 σωτήριον.

2174 3605 2287 3660 Καὶ
2325 3609 2435 3669 τοῖς
2483 3605 2582 3676 μὲν
2632 3601 2783 3658 οὖσιν
2832 3605 2966 3668 οἵοις
3010 3621 3069 3656 τε
3115 3603 3346 3656 συνιδεῖν
3376 3602 3478 3672 τῆς
3507 3601 3775 3672 ἀληθείας

2176 3699 2272 3771 τὴν
2293 3698 2544 3770 δύναμιν,
2568 3699 2628 3752 τὸ
2653 3698 2859 3768 ταύτης
2887 3697 3082 3761 κάλλος
3111 3697 3346 3766 ὑπαντᾷ,
3393 3695 3574 3765 φωτὸς
3608 3694 3776 3764 δίκην

2175 3791 2552 3860 ἐναστράπτον
2580 3792 2658 3861 τῷ
2688 3791 2764 3861 νῷ
2790 3791 2885 3844 τοῦ
2908 3791 3046 3844 κατά
3075 3788 3310 3861 Χριστὸν
3337 3788 3636 3860 μυστηρίου
3667 3787 3774 3859 τὴν

2175 3881 2410 3949 γνῶσιψ
2451 3884 2566 3944 τοῖς
2599 3899 2662 3949 γε
2703 3882 2945 3953 μήνιοὺκ
2989 3882 3208 3952 ἔχουσιν
3246 3876 3306 3933 εὖ
3361 3879 3634 3951 βεόηκότα
3673 3879 3776 3932 τὸν

2176 3973 2322 4040 νοῦν,
2359 3973 2473 4027 ἀλλ’
2528 3968 2638 4026 οἷον
2681 3974 2765 4026 ἔτι
2801 3973 3073 4036 σκάζοντά
3115 3990 3177 4026 τε
3233 3973 3328 4027 καὶ
3381 3971 3720 4044 νηπιάζοντα
3752 4011 3771 4036 ,

2175 4065 2387 4130 τούτοις
2432 4062 2542 4119 εἷεν
2592 4066 2658 4120 ἂν
2692 4066 2786 4119 καὶ
2813 4066 2881 4120 τὰ
2926 4065 3176 4138 ἐξαίρετα
3232 4065 3341 4118 τῶν
3391 4065 3778 4138 θεωρημάτων

2177 4157 2284 4212 ὑπὸ
2318 4158 2510 4228 μῶμον
2549 4158 2660 4212 ἔσθ’
2701 4160 2790 4212 ὅτε
2820 4159 2916 4213 καὶ
2948 4161 3187 4230 γραφήν.
3225 4158 3333 4211 Καὶ
3367 4157 3542 4211 ταῦτά
3583 4174 3768 4226 φημι,

2175 4252 2288 4314 τοῖς
2327 4249 2479 4321 παρά
2511 4249 2610 4320 τῆς
2641 4250 2739 4320 σῆς
2772 4249 3084 4314 θεοσεϐείας
3109 4251 3402 4320 γραφεῖσιν
3427 4248 3530 4302 οὐκ
3555 4248 3775 4303 ἀϐασα-

2177 4343 2373 4406 νίστως
2417 4341 2674 4412 ἐντυχών.
2724 4343 2994 4414 ’ῼήθησαν
3035 4341 3146 4414 γὰρ
3174 4342 3306 4405 ἴσως
3329 4341 3438 4396 τῶν
3467 4341 3652 4396 αὐτόθι
3679 4359 3768 4395 τι-

483 4434 630 4487 malo
691 4430 1088 4499 immundoque
1156 4428 1390 4484 daalnoni
1449 4429 1506 4483 in
1563 4429 1843 4485 desertum
1901 4427 2070 4483 fuisse

2177 4436 2288 4501 νὲς,
2316 4435 2407 4489 τὸν
2446 4435 2544 4507 μὲν
2571 4435 2667 4488 'éva
2697 4435 2806 4488 τῶν
2826 4435 3100 4506 χιμάρων,
3133 4435 3248 4505 ’ήτοι
3281 4433 3391 4487 τῶν
3415 4435 3656 4504 τράγων,
3687 4432 3774 4504 τῷ

483 4523 872 4586 amandatum;
921 4529 1085 4590 atque
1119 4520 1224 4574 hoc
1251 4522 1429 4592 ipsum
1467 4537 1568 4592 per
1605 4535 1820 4576 sacram
1847 4535 2071 4574 manum

484 4615 733 4685 legisque
759 4613 1062 4668 decretum.
1096 4612 1152 4666 Id
1185 4623 1368 4669 autem
1397 4631 1462 4668 ex
1497 4629 1556 4667 se
1581 4612 1809 4666 omnino
1840 4613 2072 4666 stultum

486 4713 573 4762 est
595 4715 650 4761 et
694 4705 1015 4770 ridiculum,
1043 4706 1356 4778 meritoque
1391 4705 1594 4761 dixerit
1636 4705 1836 4773 aliquis
1867 4703 1936 4758 iis
1978 4706 2072 4773 qui

487 4799 800 4872 huiusmodi
828 4798 1088 4869 opinione
1111 4808 1409 4853 tenentur:
1440 4797 1552 4852 Cur
1576 4810 1688 4850 non
1721 4795 1853 4850 illud
1888 4796 2076 4865 potius

485 4891 939 4964 cogitatis?Nam
988 4892 1267 4962 quomodo
1315 4890 1700 4944 universorum
1737 4889 1942 4958 opifex,
1974 4889 2069 4960 qui

484 4999 703 5039 omnem
759 4991 1002 5038 mentem
1037 4999 1102 5037 ac
1159 4996 1471 5037 sermonem
1519 4980 1760 5044 excedit,
1809 4982 2070 5049 solusque

483 5082 569 5129 est
589 5073 894 5130 secundum
927 5079 1182 5128 naturam
1223 5070 1369 5126 Deus
1390 5079 1448 5124 et
1474 5069 1739 5124 Dominus
1760 5110 1773 5134 ,
1811 5069 2070 5126 Satanam

483 5174 811 5237 apostatam,
835 5166 990 5236 regni
1031 5163 1116 5217 sui
1143 5176 1210 5216 ac
1237 5161 1425 5231 gloriae
1463 5161 1636 5216 veluti
1677 5163 1889 5217 socium
1935 5179 2070 5218 con-

485 5265 802 5330 sortemque
827 5253 1184 5313 admisisset?
1207 5269 1332 5307 cum
1376 5270 1475 5324 per
1507 5254 1804 5324 quemdam
1848 5264 2070 5311 saneto-

490 5366 608 5407 rum
649 5351 1048 5422 prophetarum
1081 5344 1234 5398 illum
1275 5348 1420 5401 clare
1474 5349 1838 5417 pronuntiare
1880 5349 2071 5405 audia-

2180 4529 2275 4580 ἐπὶ
2305 4527 2526 4581 πάντων
2572 4527 2942 4598 ὲκνεμηθῆναι
2969 4525 3089 4597 Θεῷ
3123 4526 3257 4597 πρὸς
3298 4525 3624 4598 καθιέρωσιν
3669 4525 3771 4580 καὶ

2179 4619 2371 4672 θυσίαν
2398 4633 2411 4647 ·
2455 4617 2547 4672 τόν
2594 4635 2655 4686 γε
2711 4617 2817 4688 μὴν
2868 4619 3056 4690 ἕτερον
3099 4617 3476 4688 ἀποπομπαίῳ
3515 4616 3623 4669 τινὶ
3671 4616 3773 4670 καὶ

2180 4708 2406 4780 πονηρῷ
2455 4708 2550 4762 καὶ
2575 4707 2871 4779 ἀκαθάρτῳ
2896 4708 3110 4780 δαίμονι
3144 4709 3461 4780 πεμφθῆναι
3487 4707 3631 4762 κατά
3666 4709 3777 4778 τὴν

2179 4800 2385 4871 ἔρημον
2410 4815 2424 4831 ·
2458 4799 2552 4853 καὶ
2586 4798 2744 4852 τοῦτο
2773 4799 2861 4853 διὰ
2891 4801 3076 4872 χειρὸς
3107 4802 3279 4872 ἱερᾶς,
3320 4801 3414 4854 καὶ
3443 4801 3508 4854 ἐκ
3536 4797 3775 4869 νομικοῦ

2178 4892 2575 4962 θεσπίσματος.
2615 4891 2853 4948 Αὑτόθεν
2886 4893 2985 4964 μὲν
3011 4888 3105 4946 οὖν
3135 4893 3196 4947 τὸ
3229 4894 3421 4964 χρῆμά
3449 4895 3602 4946 ἐστιν
3635 4891 3776 4963 εύη-

2178 4982 2269 5047 θές
2300 4999 2358 5035 τε
2389 4983 2485 5036 καὶ
2519 4983 2948 5052 καταγέλαστον.
2994 4984 3132 5056 Φαίη
3159 4985 3212 5038 ’δ’
3247 4985 3314 5039 ἄν
3345 5001 3430 5048 τις
3465 4985 3579 5047 τοῖς
3621 4982 3780 5039 οὕτω

2173 5073 2348 5129 ταῦτα
2377 5073 2524 5145 ἔχειν
2551 5075 2876 5148 ύπειληφόσι
2899 5094 2910 5106 ·
2932 5077 3044 5129 Καί
3062 5095 3144 5131 τοι
3168 5077 3284 5141 πῶς
3313 5079 3413 5132 οὐκ
3431 5077 3537 5130 ἔδει
3565 5075 3780 5148 μᾶλλον

2175 5170 2355 5222 ἐκεῖνο
2391 5171 2699 5240 περινοεῖν;
2737 5169 2796 5222 '0
2831 5168 2942 5240 γάρ
2965 5187 3048 5222 τοι
3078 5170 3187 5223 τῶν
3212 5171 3349 5224 ὅλων
3387 5166 3730 5241 δημιουργὸς
3754 5212 3769 5234 ,

2175 5263 2205 5315 ὁ
2229 5261 2326 5314 καὶ
2353 5259 2555 5324 παντὸς
2583 5261 2863 5324 ἐπέκεινα,
2895 5262 2991 5316 καὶ
3017 5261 3132 5327 νοῦ,
3153 5265 3250 5317 καὶ
3270 5263 3453 5332 λόγου,
3483 5262 3580 5316 καὶ
3603 5260 3778 5332 μόνος

2177 5350 2251 5404 ῶν
2284 5350 2602 5420 φύσειΘεὺς
2625 5353 2720 5406 καὶ
2761 5352 2988 5424 Κύριος,
3024 5353 3141 5418 πῶς
3181 5354 3246 5410 ἂν
3273 5353 3534 5426 ἠνέσχετο
3571 5369 3773 5406 κοινω-

552 5507 595 5538 ⁷¹
634 5508 809 5561 Levit.
847 5521 954 5568 xw,
1004 5501 1153 5556 5-10.
1232 5504 1277 5534 ⁷³
1320 5503 1454 5558 ibid.
1501 5504 1587 5570 15,
1628 5503 1713 5559 16.
1790 5503 1836 5536 ⁷⁸
1878 5504 2013 5561 ibid.
2055 5506 2072 5560 Ε

2175 5507 2238 5560 ῐΞ.
2317 5508 2366 5538 ⁷⁵
2398 5508 2442 5562 ll
2475 5508 2716 5564 Timoth.
2757 5526 2834 5574 ιιι,
2872 5511 2957 5565 16.

1588 5625 1763 5680 Variae
1793 5626 2063 5683 lectiones
2090 5626 2300 5684 codicis
2330 5627 2698 5700 Seguieriani.

559 5756 579 5782 π
615 5740 988 5812 ἐξιλάσασθαι.
1070 5753 1093 5780 ⁸
1120 5742 1268 5812 περί.
