4048 6442
362 265 485 324 εοε

1755 257 2091 319 EPISTOLA
2130 256 2264 317 XLI.

3540 258 3649 321 200

355 390 452 444 νὺν
487 384 689 458 ὥσπερ
732 384 857 439 τινὰ
894 384 997 456 τῆς
1040 380 1209 439 αὐτοῦ
1259 383 1288 425 ιι
1332 383 1609 454 βασιλείας
1661 382 1755 438 καὶ
1800 383 1959 454 δόξης

2066 398 2191 438 mus
2229 400 2242 436 :
2279 402 2298 434 ι
2333 381 2577 438 Gloriam
2622 397 2800 438 meam
2849 379 3006 439 alteri
3056 396 3169 438 non
3197 380 3354 455 123
3369 380 3516 442 dabo
3537 384 3641 441 η.»

352 484 452 535 τὸν
485 478 819 549 ἀποστάτην
843 475 1191 542 εἰσδέξασθαι
1230 478 1507 543 Σατανᾶν;
1544 475 1639 530 καί
1665 492 1749 529 τοι
1774 474 1961 543 λέγον-

349 590 445 636 τος
476 570 818 642 ἀκηκόαμεν
847 568 1106 641 ἐναργῶς
1147 568 1216 622 δι’
1256 568 1374 632 ἐνὸς
1407 567 1515 622 τῶν
1546 566 1716 636 ἁγίων
1747 582 1962 638 προφη-

350 664 495 719 τῶν·
534 683 557 716 ε
600 663 718 734 Τὴν
749 662 911 727 δόξαν
941 679 1045 733 μου
1072 659 1246 733 ἐτέρῳ
1274 661 1335 715 οὑ
1360 658 1535 714 δώσω.
1575 677 1594 712 ι
1632 660 1694 711 Εἰ
1729 658 1786 711 δέ
1810 655 1962 727 αὐτῷ

350 761 448 811 καὶ
484 756 643 828 μόνῳ
670 756 731 808 τὸ
769 755 973 826 χρῆναι
998 752 1314 825 καθιεροῦν,
1354 752 1390 807 ἃ
1416 752 1484 807 ἂν
1518 751 1763 822 βούλοιτό
1798 767 1903 813 τις,
1930 749 1962 802 6

348 847 441 901 διὰ
471 845 577 899 τοῦ
608 843 899 912 πανσόφου
925 842 1213 906 Μωῦσέως
1255 842 1596 913 προστέταχε
1622 840 1807 910 νόμος,
1840 836 1963 894 εἶτα

349 938 520 1001 αὐτὸς
555 939 587 990 6
608 936 860 1007 λαλήσας
890 934 983 989 τὸν
1006 935 1174 1005 νόμον
1202 932 1707 1005 κατεχρησμῴδησε
1730 932 1841 985 δεῖν
1866 931 1962 984 καὶ

352 1027 641 1097 πνεύμασι
676 1028 944 1096 πονηροῖς
970 1025 1071 1094 τὴν
1103 1023 1255 1095 αὐτῷ
1276 1065 1292 1089 ,
1321 1024 1418 1077 καὶ
1451 1023 1599 1094 μόνῳ
1622 1062 1638 1088 ,
1680 1021 1969 1094 πρεπωδεα

351 1119 567 1185 στάτην
610 1116 999 1187 ἀπονέμεσθαι
1024 1115 1207 1182 δόξαν,
1233 1113 1359 1178 ’πῶς
1395 1114 1520 1185 οὐχὶ
1551 1116 1664 1178 τοῖς
1691 1113 1839 1176 ἰδίοις
1866 1112 1962 1166 ἀν-

346 1209 640 1275 τιτάξεται
682 1209 905 1277 λόγοις;
954 1210 1021 1261 Ὃ
1055 1208 1167 1280 γὰρ
1202 1208 1454 1278 ἀπέφησε
1483 1206 1641 1278 δρᾷν,
1672 1204 1832 1258 τοῦτο
1864 1220 1960 1273 γε·

349 1302 541 1358 νέσθαι
586 1302 999 1374 προστέταχεν.
1049 1300 1191 1355 Ἀλλ’
1235 1299 1351 1354 ἔστι
1381 1300 1492 1353 τῶν
1523 1299 1664 1369 ἄγαν
1714 1298 1962 1352 ἐκτοπω-

349 1397 530 1451 τάτων
558 1396 629 1450 τὸ
657 1396 877 1449 οῐεσθαι
910 1395 1008 1466 μὲν
1037 1395 1253 1463 ἀλογεῖν
1281 1393 1383 1464 τῆς
1420 1391 1778 1465 ὀφειλομένης
1811 1391 1962 1462 αὐτῷ

351 1488 522 1558 τιμῆς
562 1504 628 1542 τε
671 1488 777 1540 καὶ
817 1485 982 1557 δόξης
1012 1486 1106 1539 τὸν
1136 1485 1245 1539 τῶν
1285 1486 1423 1540 ὅλων
1471 1484 1964 1549 κατεξουσιάζοντα

352 1578 505 1641 Θεὸν,
536 1576 758 1646 ἀνάψαι
793 1575 853 1629 δὲ
891 1576 985 1629 καὶ
1029 1574 1241 1644 ἑτέροις
1278 1573 1486 1627 ἐθέλειν
1521 1574 1714 1645 αὐτὴν,
1745 1572 1841 1626 καί
1878 1589 1962 1626 τοι

354 1667 541 1738 σαφῶς
572 1668 815 1736 λέγοντα
842 1667 931 1720 διὰ
958 1666 1243 1730 Μωῦσέως
1261 1683 1277 1699 ·
1313 1685 1332 1717 ι
1362 1665 1571 1739 Κύριον
1591 1667 1683 1720 τὸν
1703 1665 1837 1719 Θεόν
1866 1681 1961 1718 σου

2061 475 2220 543 Quod
2257 476 2305 530 si
2350 476 2436 530 lex
2486 491 2586 546 per
2619 476 3087 546 sapientissimum
3129 477 3352 548 Moysen
3395 478 3650 549 praecipit

2063 577 2125 623 ut
2146 583 2489 638 quascunque
2512 566 2714 624 oﬁ‘crre
2748 568 2874 639 quis
2895 570 3155 635 voluerit,
3183 585 3248 625 ea
3270 569 3373 625 soli
3416 568 3532 626 Deo
3560 570 3646 625 of-

2060 658 2223 724 ferat,
2269 666 2461 729 postea
2485 658 2633 713 idem
2661 659 2778 729 ipse
2804 659 2898 728 qui
2922 659 3097 729 legem
3119 659 3261 714 hanc
3289 660 3439 724 tulit,
3466 660 3647 717 mani-

2059 748 2203 804 festo
2226 749 2454 804 oraculo
2490 750 2731 804 sanxerit
2758 760 2821 803 ut
2846 748 3021 819 gloria
3042 764 3166 819 qum
3194 750 3299 820 ipsi
3329 750 3433 805 soli
3467 750 3645 807 maxi-

2061 855 2151 895 me
2194 841 2477 905 convenit,
2504 840 2807 895 immundis
2839 841 3134 911 spiritibus
3176 841 3504 897 del‘eratur:
3548 843 3645 913 qui

2062 931 2183 987 ﬁeri
2212 940 2396 1003 potest
2423 940 2485 988 ut
2520 948 2632 988 non
2666 933 2785 989 suis
2807 932 2926 1004 ipse
2957 934 3149 989 verbis
3185 935 3501 990 contrarius
3526 950 3646 990 ma-

2061 1024 2262 1079 nifeste
2305 1024 2773 1095 deprehendatur,
2800 1041 2924 1080 cum
2961 1025 3068 1079 hoc
3103 1025 3284 1095 ipsum
3323 1025 3469 1096 quod
3497 1027 3646 1081 inhi-

2062 1116 2260 1171 buerat
2281 1156 2295 1178 ,
2330 1116 2450 1171 ﬁeri
2497 1117 2956 1188 jubeat?Vcruvo
3001 1117 3161 1188 longe
3189 1116 3648 1172 absurdissimum

2061 1204 2252 1270 fuerit,
2278 1206 2323 1260 si
2352 1205 2656 1270 existimes,
2696 1205 2889 1271 Deum,
2914 1206 3008 1275 qui
3043 1206 3433 1262 universorum
3466 1207 3651 1263 domi-

2062 1298 2218 1352 nium
2244 1296 2477 1363 obtinet,
2505 1297 2677 1353 debiti
2703 1297 2810 1352 sibi
2858 1299 3089 1354 honoris
3120 1307 3177 1354 et
3214 1300 3404 1371 gloriae
3437 1300 3649 1355 nullam

2064 1404 2256 1444 curam
2280 1389 2506 1454 ducere,
2543 1396 2599 1444 et
2618 1389 2741 1444 aliis
2769 1404 2991 1460 quoque
3012 1405 3136 1445 eam
3162 1390 3304 1446 velle
3340 1390 3649 1461 impertiri,

2064 1496 2190 1537 cum
2212 1497 2310 1553 per
2333 1482 2557 1552 Moysen
2601 1482 2894 1538 manifeste
2937 1482 3267 1539 denuntiet:
3301 1500 3320 1533 ι
3352 1482 3653 1538 Dominum

2062 1572 2239 1628 Deum
2263 1579 2424 1627 tuum
2462 1572 2748 1638 adorabis,
2774 1581 2831 1627 et
2864 1572 2943 1626 illi
2971 1572 3074 1627 soli
3101 1571 3310 1628 servies
3331 1573 3377 1606 ⁷⁷
3418 1589 3435 1628 :
3470 1593 3490 1626 ι
3519 1589 3651 1630 rur-

2064 1677 2300 1734 sumque
2328 1681 2341 1717 τ
2373 1682 2391 1714 ι
2420 1663 2539 1718 Non
2569 1669 2736 1718 erunt
2763 1661 2863 1717 tibi
2889 1662 2966 1718 dii
3004 1663 3098 1717 alii
3144 1671 3347 1733 praeter
3392 1679 3481 1719 me
3498 1664 3567 1721 ⁷⁸.
3619 1682 3642 1718 ι

351 1725 793 1834 προσκυνήσεις,
832 1759 928 1812 καὶ
974 1758 1127 1829 αὺτῷ
1183 1759 1328 1829 μόνῳ
1364 1725 1686 1830 λατρεύσεις
1709 1798 1722 1811 .
1763 1776 1782 1808 ι
1822 1755 1920 1809 καὶ
1943 1796 1958 1820 ,

2064 1725 2415 1826 Quapmpter
2455 1754 2680 1809 divinus
2713 1769 2936 1825 quoque
2967 1725 3182 1825 Moyses
3209 1769 3467 1824 supernae
3508 1755 3655 1810 divi-

356 1874 378 1907 ι
417 1854 535 1907 οὐκ
567 1850 796 1906 ἔσονταί
827 1868 911 1904 σοι
932 1850 1046 1904 θεολ⁴
1066 1850 1247 1922 ἕτεροι
1272 1850 1412 1921 πλὴν
1442 1848 1600 1920 ἐμοῦ.
1639 1869 1658 1902 ›
1683 1848 1783 1902 Διὰ
1801 1847 1960 1902 τοῦτο

354 1944 453 2000 καὶ
484 1946 514 1996 6
538 1939 841 2003 θεσπέσιος
860 1940 1107 2011 Μωῦσῆς
1135 1941 1255 2003 ταῖς
1288 1937 1496 1993 ἀνωθεν
1525 1938 1620 1992 καὶ
1645 1938 1797 2009 παρὰ
1821 1935 1958 1990 Θεοῦ

359 2036 567 2106 ψήιροις
612 2030 671 2089 εὖ
709 2033 862 2106 μάλα
894 2032 1314 2103 συμπράττεται
1348 2041 1397 2094 ο,
1449 2029 1544 2083 καὶ
1583 2028 1648 2101 δὴ
1684 2028 1779 2083 καί
1825 2045 1959 2099 φησι

375 2130 491 2192 τοῖς
540 2127 606 2193 ἐξ
629 2126 860 2197 αἵματος
912 2124 1137 2194 Ἰσραήλ
1159 2140 1173 2154 ·
1213 2144 1231 2176 ι
1272 2124 1383 2177 Καὶ
1410 2122 1584 2177 ταῦτα
1618 2121 1689 2175 τὰ
1721 2123 1961 2194 προστά-

386 2233 595 2286 γματα,
619 2214 780 2269 una
806 2215 1065 2286 κρίματα
1084 2254 1098 2279 ,
1133 2213 1170 2267 ἀ
1201 2211 1501 2282 φυλάξεσθε
1535 2214 1710 2265 ποιεῖν
1741 2210 1836 2264 ἐπὶ
1860 2211 1959 2281 τῆς

382 2309 509 2381 γῆς,
544 2303 612 2381 ἧς
639 2308 831 2378 Κύριος
860 2310 890 2361 ό
921 2308 1056 2370 Θεὸς
1084 2305 1196 2359 τῶν
1246 2305 1500 2377 πατέρων
1544 2303 1703 2376 ἡμῶν
1743 2304 1959 2359 δίδωσιν

375 2403 505 2471 ὑμῖν
523 2404 583 2455 ἐν
610 2401 793 2474 κλήρῳ
822 2400 1010 2463 πάσας
1031 2399 1131 2462 τὰς
1153 2401 1187 2469 ἡ
1197 2398 1261 2469 μέ
1272 2415 1369 2470 ρας
1389 2436 1404 2461 ,
1433 2395 1500 2461 ἃς
1529 2398 1689 2468 ὑμεῖς
1714 2396 1844 2467 ζῆτε
1867 2396 1960 2449 ἐπὶ

364 2490 465 2559 τῆς
496 2491 624 2561 γῆς.
643 2490 924 2562 ’Δπωλείᾳ
952 2488 1211 2543 ἀπολεῖτε
1245 2488 1457 2551 πάντας
1484 2488 1611 2550 τοὺς
1645 2487 1862 2552 τόπους,
1900 2486 1959 2539 ἐν

359 2577 444 2646 οἷς
473 2583 824 2653 ἐλάτρευσαν
883 2585 1004 2636 ἐκεῖ
1043 2581 1114 2635 τὰ
1144 2581 1274 2650 ἔθνη
1313 2583 1429 2645 τοῖς
1453 2580 1597 2643 θεοῖς
1624 2579 1829 2644 αὐτῶν,
1863 2576 1957 2639 οὓς

355 2674 515 2745 ὑμεῖς
544 2675 954 2747 κληρονομεῖτε
985 2673 1208 2736 αὐτοὺς,
1238 2672 1330 2727 ἐπὶ
1357 2672 1467 2726 τῶν
1494 2672 1666 2742 ὀρέων
1685 2672 1791 2724 τῶν
1821 2668 1959 2739 ὑψη-

350 2763 481 2829 λῶν,
507 2766 607 2817 καὶ
631 2763 729 2817 ἐπὶ
754 2763 867 2816 τῶν
889 2762 1074 2828 θινῶν,
1096 2762 1192 2815 καὶ
1222 2761 1484 2817 ὑποκάτω
1506 2759 1723 2831 δένδρου
1743 2757 1954 2821 δασέος.

352 2855 767 2925 Κατασκάψετε
806 2855 935 2917 τοὺς
982 2853 1205 2925 βωμοὺς
1242 2852 1444 2917 αὐτῶν,
1490 2851 1585 2906 καὶ
1633 2848 1957 2922 συντρίψετε

345 2947 451 3012 τὰς
484 2948 700 3019 στήλας
728 2946 935 3001 αὐτῶν.
980 2946 1093 2999 Καὶ
1126 2944 1268 3015 ἄλση
1306 2943 1487 2998 αὐτῶν
1532 2942 1823 3013 ἐκκόψετε,
1860 2940 1957 2995 καὶ

347 3036 418 3093 τὰ
448 3038 678 3108 γλυπτά
712 3037 827 3091 τῶν
868 3037 1008 3092 θεῶν
1040 3034 1218 3090 αὐτῶν
1250 3033 1624 3093 κατακαύσετε
1651 3034 1785 3104 πυρὶ
1809 3072 1824 3097 ,
1860 3033 1958 3086 καὶ

349 3130 617 3184 ἀπολεῖτε
667 3128 734 3182 τὸ
767 3130 942 3201 δνομα
981 3127 1163 3182 αὐτῶν
1202 3129 1265 3181 ἐκ
1309 3125 1402 3180 τοῦ
1445 3127 1613 3181 τόπου
1643 3125 1875 3180 ἐκείνου.
1929 3142 1948 3176 ι

352 3218 492 3275 Εἶτα
522 3220 647 3284 πῶς
674 3216 746 3291 ἦν
782 3221 930 3285 εἰκὸς
951 3261 966 3283 ,
1002 3221 1095 3273 τὸν
1125 3220 1183 3286 ἐξ
1211 3219 1428 3290 ἀπάτης
1469 3217 1787 3288 Ἑλληνικῆς
1818 3217 1957 3288 πρὸς

348 3314 410 3368 τὸ
441 3314 550 3384 τῆς
602 3312 869 3383 ἀληθείας
917 3310 1345 3382 μεθορμίζεσθαι
1384 3308 1501 3380 φῶς
1549 3308 1639 3363 διὰ
1676 3307 1957 3372 Μωῦσέως

350 3407 775 3477 προστάττοντα
801 3444 817 3468 ,
850 3404 946 3457 καὶ
977 3402 1219 3466 εἰδώλοις
1264 3400 1402 3473 ὁμοῦ
1445 3401 1515 3455 τὰ
1552 3401 1753 3472 τεμένη
1789 3386 1993 3454 κατα-’

351 3500 643 3569 πιμπρᾷν,
676 3498 773 3550 καὶ
805 3496 1203 3569 ἀναϐοθρεύειν
1238 3494 1481 3566 βωμοὺς,
1513 3492 1652 3564 ἄλση
1703 3510 1763 3547 τε
1804 3493 1960 3546 ἐκκό-

351 3607 514 3646 πτειν
538 3630 556 3655 ,
599 3589 679 3653 ὡς
716 3588 885 3659 μηδὲν
933 3590 1034 3658 τῆς
1084 3586 1312 3641 ἐκείνων
1343 3585 1630 3658 βδελυρίας
1660 3586 1957 3655 ἁπομεῖναι

349 3682 636 3752 λείψανον,
673 3681 998 3752 μερίζεσθαι
1025 3680 1159 3751 πρὸς
1187 3679 1328 3732 αὺτά
1354 3679 1453 3751 τὴν
1477 3678 1635 3745 δόξαν
1656 3693 1670 3709 ⁶
1707 3677 1957 3749 καθάπερ

351 3776 457 3847 ήδη
494 3778 768 3845 προεῖπον
791 3815 808 3840 ,
846 3774 943 3826 καὶ
982 3774 1066 3836 είς
1107 3772 1266 3827 τοῦτο
1293 3770 1521 3843 γνώμης
1568 3769 1777 3834 ἐλθεῖν,
1815 3768 1957 3822 ὥστε

350 3869 451 3921 καὶ
470 3866 682 3929 αὐτοὺς
698 3865 829 3929 τοὺς
849 3864 1258 3936 ἐκνεμηθέντας
1284 3865 1434 3936 αὐτῷ
1459 3864 1595 3936 πρὸς
1618 3862 1953 3935 ἱερουργίαν,

354 3958 511 4012 θύειν
542 3958 737 4021 αὐτοῖς
764 3955 1042 4022 ἐπιτάξαι,
1088 3954 1353 4025 ἀφιέντας
1379 3956 1460 4019 είς
1490 3955 1590 4026 τὴν
1627 3954 1837 4026 ἔρημον
1865 3953 1958 4007 τὸν

352 4050 548 4119 ἕτερον
573 4047 690 4102 τῶν
723 4047 1012 4119 χιμάρων;
1049 4044 1161 4100 Καί
1205 4063 1288 4101 τοι
1323 4047 1824 4118 μοσχοποιήσαντος
1860 4047 1958 4118 μὲν

353 4139 413 4193 ἐν
441 4141 515 4209 τῇ
570 4138 772 4208 ἐρήμῳ
822 4135 919 4189 τοῦ
981 4135 1203 4207 Ἰσραὴλ
1255 4138 1553 4207 κατῃτιᾶτο
1601 4136 1827 4208 σφόδρα,
1879 4136 1958 4207 τῷ

355 4227 641 4299 θεσπεσίῳ
667 4227 846 4296 λέγων
866 4228 1040 4299 Μωσῇ
1063 4244 1077 4257 ·
1112 4248 1132 4280 ι
1167 4226 1378 4293 Βάδιζε,
1407 4228 1680 4300 κατάϐηθι
1709 4229 1768 4283 τὸ
1793 4228 1958 4299 τάχος

353 4319 618 4373 ἐντεῦθεν
636 4337 651 4350 ·
675 4320 927 4390 ήνόμησε
960 4319 1071 4390 γάρ
1100 4322 1127 4373 6
1146 4318 1273 4384 λαός
1306 4337 1400 4375 σου
1419 4362 1434 4383 ,
1464 4319 1555 4386 οὒς
1592 4321 1863 4391 ἐξήγαγες
1894 4321 1959 4374 ἐκ

2062 1863 2257 1918 meque
2276 1846 2564 1902 sententiae
2588 1860 2708 1902 sese
2734 1846 3104 1912 conformans,
3130 1846 3220 1901 his
3249 1846 3344 1917 qui
3366 1862 3435 1903 ex
3467 1848 3650 1904 Israe-

2059 1937 2213 1993 litico
2237 1936 2502 2008 sanguine
2543 1943 2693 2001 sunt,
2722 1936 2802 1992 sic
2830 1936 2968 1990 dixit
2993 1954 3007 1990 :
3046 1955 3065 1986 ι
3097 1936 3167 1991 Et
3192 1936 3310 1992 hac
3345 1945 3475 1992 sunt
3505 1952 3650 2008 prae-

2061 2038 2219 2101 cepta
2250 2038 2307 2085 et
2334 2030 2541 2102 judicia
2564 2046 2688 2101 quae
2717 2030 2999 2086 custodire
3025 2030 3245 2087 debetis
3262 2038 3326 2086 ut
3343 2029 3562 2086 faciatis
3583 2045 3649 2086 ea

2060 2123 2118 2177 in
2150 2131 2321 2187 terra,
2365 2139 2531 2193 quam
2568 2123 2836 2179 Dominus
2875 2123 3022 2178 Deus
3062 2130 3281 2194 patrum
3329 2129 3651 2179 nostrorum

2061 2223 2211 2271 sorte
2237 2216 2470 2271 daturus
2497 2224 2584 2271 est
2599 2216 2760 2271 vobis
2783 2216 2837 2269 in
2870 2215 3273 2286 possessionem
3296 2215 3514 2270 cunctis
3535 2213 3653 2271 die-

2059 2308 2166 2362 bus
2189 2307 2392 2377 quibus
2427 2306 2628 2362 vivetis
2652 2322 2818 2377 super
2840 2317 3068 2362 terram.
3106 2307 3425 2363 Perditione
3454 2306 3654 2378 perde-

2060 2402 2132 2455 tis
2162 2399 2346 2456 omnia
2390 2401 2509 2455 loca
2556 2415 2680 2470 quae
2731 2407 2879 2454 sorte
2926 2399 3318 2469 pbssidebitis,
3364 2399 3653 2470 inquibus

2060 2491 2351 2547 coluerunt
2380 2498 2572 2561 gentes
2600 2489 2734 2544 deos
2763 2505 2913 2555 suos,
2940 2503 3108 2559 super
3135 2496 3352 2544 montes
3377 2489 3649 2555 excelsos,

2038 2591 2115 2638 .ct
2149 2582 2320 2638 colles
2343 2622 2357 2646 ,
2406 2588 2465 2637 et
2506 2580 2700 2636 subter
2743 2595 2909 2635 omne
2944 2571 3154 2650 lignum
3191 2579 3539 2635 frondosum.
3579 2579 3653 2635 Et

2059 2671 2359 2727 destructis
2402 2685 2526 2727 aras
2546 2684 2771 2735 eorum,
2798 2677 2855 2724 et
2896 2668 3259 2740 confringetis
3298 2675 3509 2724 statuas
3548 2683 3651 2724 eo-

2060 2778 2217 2828 rum;
2246 2770 2304 2816 et
2326 2762 2479 2816 lucos
2501 2776 2695 2815 eorum
2717 2758 3005 2823 excidetis,
3037 2764 3095 2813 et
3117 2757 3392 2828 sculptilia
3414 2757 3651 2828 deorum

2059 2855 2305 2925 ipsorum
2326 2854 2447 2923 igne
2471 2852 2833 2918 comburetis,
2859 2859 2917 2907 et
2942 2850 3278 2921 diSperdelis
3298 2850 3523 2905 nomina
3548 2864 3649 2906 eo-

2059 2964 2184 3002 rum
2215 2946 2431 3001 deloco
2469 2947 2564 3002 illo
2587 2948 2656 3000 τ’.
2693 2965 2712 2998 ι
2760 2946 2879 3002 Jam
2916 2945 3197 3016 quomodo
3236 2944 3526 3016 probabile
3575 2944 3650 2999 sit

2060 3049 2124 3095 ut
2147 3041 2242 3110 qui
2272 3054 2404 3095 suos
2434 3054 2502 3094 ex
2526 3036 2851 3109 gentilitatis
2872 3051 3066 3092 errore
3091 3036 3162 3091 ad
3185 3035 3436 3092 veritatis
3455 3034 3650 3090 lumen

2058 3149 2160 3205 per
2182 3133 2407 3204 Moysen
2441 3131 2677 3196 traduci,
2696 3137 2863 3200 atque
2886 3136 2949 3184 ut
2969 3128 3116 3184 idola
3136 3144 3247 3184 una
3273 3143 3401 3183 cum
3424 3127 3652 3182 illorum

2058 3225 2276 3295 templis
2303 3223 2784 3288 comburerentur,
2816 3237 2921 3278 nec
2951 3237 3061 3277 non
3083 3236 3193 3276 ara:
3213 3234 3433 3291 quoque
3455 3233 3652 3275 eorum

2060 3318 2553 3381 subverterentur,
2610 3315 2836 3385 lucique
2879 3313 3362 3376 exscinderentur,
3411 3326 3483 3366 ne
3521 3311 3654 3367 ulla:

2060 3410 2531 3467 abominationum
2560 3409 2791 3464 istarum
2824 3406 3075 3476 reliquiae
3104 3410 3464 3475 superessent
3502 3419 3647 3474 prae-

2059 3510 2320 3574 ceperat;
2351 3502 2399 3558 is
2437 3500 2670 3572 gloriam
2703 3514 2860 3555 suam
2904 3498 3037 3562 illis,
3089 3505 3149 3552 ut
3193 3495 3359 3552 modo
3387 3494 3604 3551 aiebam
3627 3535 3647 3560 ,

2057 3594 2298 3650 voluerit
2323 3591 2631 3663 impertiri,
2671 3591 2728 3645 in
2767 3605 3001 3659 eamque
3049 3586 3381 3645 sententiam
3410 3586 3647 3652 venerit,

2059 3697 2121 3743 ut
2147 3687 2265 3759 ipsa
2293 3701 2515 3757 quoque
2546 3682 2849 3740 animantia
2875 3681 2982 3737 sibi
3027 3681 3084 3735 in
3110 3678 3446 3735 sacriﬁcium
3472 3678 3648 3734 desti-

2057 3788 2188 3836 nata
2225 3779 2335 3834 illis
2360 3776 2674 3834 sacriﬁcare
2693 3776 2939 3846 iuberet,
2964 3781 3024 3828 et
3058 3773 3295 3828 alterum
3333 3772 3551 3827 hircum
3589 3771 3651 3827 in

2059 3869 2344 3925 desertum
2366 3866 2661 3923 emittere?
2698 3864 2996 3921 Enimvero
3018 3863 3301 3928 lsraelem,
3328 3861 3477 3933 quod
3503 3861 3651 3917 vitu-

2058 3959 2173 4015 lum
2205 3960 2259 4015 in
2288 3959 2512 4015 deserto
2542 3957 2832 4022 erexisset,
2867 3955 3190 4027 gravissime
3213 3954 3513 4019 accusavit,
3546 3953 3648 4010 ad-

2060 4042 2425 4122 mirandoque
2451 4051 2620 4123 Moysi
2651 4049 2871 4106 dicebat
2903 4067 2915 4103 :
2951 4048 3153 4113 «Vade,
3180 4047 3455 4104 descende
3484 4047 3600 4104 cito
3625 4064 3645 4102 :

2058 4142 2309 4212 peccavit
2367 4141 2606 4212 populus
2661 4146 2831 4205 tuus,
2875 4154 3041 4210 quem
3101 4137 3341 4194 eduxisti
3384 4136 3453 4194 de
3500 4145 3652 4193 terra

2058 4230 2313 4303 Egypti;
2358 4230 2721 4298 feceruntque
2749 4228 2858 4283 sibi
2900 4227 3108 4281 idolum
3132 4227 3200 4281 ⁸ο.
3236 4246 3255 4278 ι
3288 4225 3430 4293 Quin
3463 4233 3519 4281 et
3541 4225 3653 4281 illis

2061 4337 2281 4392 quoque
2303 4322 2398 4391 qui
2423 4321 2763 4391 Bcelphegor
2784 4318 2985 4372 initiati
3008 4317 3253 4382 fuerant,
3284 4315 3506 4385 quando
3521 4330 3653 4370 cum

352 4411 456 4482 γῆς
483 4411 777 4479 Αἰγύπτου
798 4426 811 4439 ·
844 4411 1110 4480 ἐποίησαν
1138 4412 1348 4475 ἑαυτοῖς
1378 4413 1616 4467 εἴδωλον.
1657 4431 1675 4464 ι
1706 4412 1815 4465 Καὶ
1846 4412 1953 4483 μὴν

2059 4411 2425 4469 Moabitarum
2443 4411 2770 4467 mulieribus
2795 4407 3191 4472 miscebantur,
3219 4406 3410 4462 formae
3433 4406 3651 4463 illarum

353 4504 585 4568 καὶτοῖς
609 4503 948 4557 τελεσθεῖσιν
963 4504 1041 4573 τῷ
1065 4503 1410 4577 Βεελφεγὼρ,
1434 4503 1557 4558 ὅτιά
1571 4516 1623 4546 -ο
1641 4507 1763 4568 ταῖς
1788 4506 1956 4560 Μωα-

355 4592 525 4647 ειτῶν
578 4593 983 4647 συνεπλέκοντο
1038 4594 1254 4663 γυναιξὶ
1278 4635 1293 4659 ,
1348 4598 1471 4660 ταῖς
1522 4595 1630 4651 τῶν
1684 4596 1957 4667 σωμάτων

354 4683 536 4757 ὥραις
592 4688 1065 4757 σεσαγηνευμένοι
1115 4685 1135 4726 τ
1187 4686 1325 4759 πρὸς
1372 4688 1709 4754 ἀπόστασιν,
1753 4687 1956 4759 πικρὰν

354 4779 685 4850 ἐπαρτήσας
724 4779 919 4848 ὁρᾶται
942 4777 1099 4848 δίκην
1120 4795 1133 4809 ·
1164 4777 1480 4833 ἀπολώλασι
1511 4780 1618 4850 γὰρ
1656 4779 1758 4833 οὐκ
1784 4779 1955 4849 ὀλίγοι

352 4870 445 4923 τὸν
489 4868 738 4941 ἀριθμὸν
764 4869 970 4939 ταύτης
999 4870 1161 4924 ἕνεκα
1185 4872 1286 4943 τῆς
1319 4872 1520 4935 αἰτίας.
1552 4871 1768 4925 Γένοιτο
1810 4872 1855 4924 δ’
1889 4871 1955 4925 ἂν

351 4961 411 5013 οὐ
450 4959 640 5032 μικρὰ
665 4960 811 5014 κατά
827 4961 927 5033 τῆς
957 4961 1109 5025 θείας
1136 4980 1197 5015 τε
1216 4963 1313 5017 καὶ
1343 4962 1728 5032 ἀκαταψέκτου
1758 4962 1956 5034 βουλῆς

350 5052 713 5124 κατάρρησις
731 5091 746 5117 ,
778 5054 828 5105 εἰ
850 5053 1176 5108 πεπτώκασι
1202 5055 1301 5126 μὲν
1321 5095 1337 5121 ,
1378 5055 1472 5108 καὶ
1504 5053 1784 5109 ἀπώλοντό
1810 5071 1956 5118 τινες

352 5142 502 5209 θεοῖς
544 5143 763 5215 ἑτέροις
792 5145 1275 5217 προσκυνήσαντες
1294 5188 1310 5214 ,
1349 5147 1515 5211 αὑτός
1551 5164 1614 5217 γε
1645 5147 1751 5219 μὴν
1768 5135 1809 5200 ’ὁ
1840 5150 1954 5212 τοῖς

353 5236 712 5300 ἀποστάταις
745 5236 1081 5309 ἐπιμηνίσας
1112 5237 1245 5304 Θεδς
1277 5239 1460 5312 γερῶν
1504 5239 1792 5306 ἀξιοῦσθαι
1813 5280 1828 5307 ,
1860 5241 1955 5295 καὶ

423 5412 474 5444 ⁷⁸
507 5412 620 5470 Isa.
650 5429 779 5479 xm,
808 5413 861 5470 8.

353 5479 409 5548 7,
437 5481 497 5539 8.
575 5483 625 5516 ⁸⁸
648 5484 816 5539 Num.
845 5501 974 5554 xxv,
1017 5486 1136 5542 1-9.

968 5415 1209 5487 "Deut.
1236 5434 1310 5485 v1,
1350 5418 1447 5487 15;
1490 5418 1679 5473 Matth.
1715 5435 1789 5482 ιν,
1826 5417 1911 5473 10.
1989 5417 2231 5475 "Exod.
2273 5435 2365 5486 xx,
2391 5420 2446 5475 '5.

2064 4511 2354 4561 venustate
2391 4503 2458 4559 ad
2492 4502 2859 4559 defectionem
2897 4498 3136 4565 irretiti,
3176 4497 3337 4571 124
3368 4512 3480 4553 non
3526 4513 3649 4555 me-

2064 4598 2311 4654 diocrem
2356 4596 2545 4651 intulit
2569 4594 2953 4667 punitionem;
2986 4607 3114 4648 nam
3138 4608 3204 4648 ea
3228 4592 3296 4649 de
3331 4607 3497 4648 causa
3534 4605 3651 4649 non

2063 4689 2226 4761 pauci
2255 4704 2323 4745 ex
2368 4689 2478 4745 illis
2518 4688 2934 4744 interierunt".
2966 4686 3126 4742 Esset
3159 4701 3327 4756 porro
3347 4684 3534 4741 divina
3556 4685 3651 4742 illa

2063 4781 2452 4852 inculpataque
2473 4780 2730 4836 voluntas
2760 4778 2909 4835 haud
2945 4778 3301 4835 mediocriter
3332 4777 3646 4849 culpabilis,

2059 4872 2105 4928 si
2154 4882 2512 4943 posteaquam
2556 4872 2681 4933 illos
2718 4887 2749 4926 e
2784 4870 2968 4926 medio
3007 4871 3342 4937 sustulerat,
3365 4870 3461 4940 qui
3513 4870 3651 4926 deos

2059 4965 2270 5019 alienos
2289 4964 2675 5029 adoraverant,
2699 4963 2849 5018 Deus
2872 4963 2989 5033 ipse
3011 4978 3254 5028 rursum,
3281 4960 3377 5031 qui
3403 4961 3520 5016 suis
3542 4961 3648 5018 de-

2057 5056 2371 5113 sertoribus
2385 5064 2801 5123 succensuerat,
2825 5071 3051 5126 pravam
3074 5055 3221 5109 illam
3246 5051 3650 5109 adversariam-

2059 5166 2167 5221 quc
2188 5157 2519 5221 potestatem
2544 5149 2707 5205 donis
2730 5147 3127 5216 sacriﬁciisque
3150 5142 3412 5199 honorari
3441 5142 3644 5214 jussis-

2054 5249 2183 5300 set:
2215 5258 2380 5313 quam
2430 5241 2658 5314 quidem
2699 5239 3071 5297 adversariam
3123 5241 3450 5308 potestatem
3501 5247 3651 5289 non-

2542 5417 2591 5451 '"
2628 5417 2788 5474 Deut.
2832 5429 2931 5484 xu,
2957 5414 3070 5471 1-5.
3159 5410 3207 5445 '°
3255 5411 3429 5471 Exod.
3475 5428 3648 5479 xxxu,

1470 5580 1648 5637 Varia;
1671 5582 1939 5638 lectiones
1960 5582 2170 5639 codicis
2201 5580 2567 5655 Seguieriani.

431 5708 462 5751 ἓ»
491 5709 719 5767 ἐαυτοῦ.
796 5722 821 5753 ε
852 5712 1299 5787 συμπλάττεται;
1339 5722 1491 5773 verte
1530 5734 1543 5773 :
1577 5717 1819 5790 supernis
1857 5716 1959 5774 divi

2059 5734 2150 5791 qua
2189 5717 2409 5776 decretis
2443 5712 2937 5798 [αππιθᾷὀδτε
2967 5712 3086 5771 ἅτε.
3112 5710 3192 5800 mf
3226 5711 3637 5788 σεσαλευμένοι.
