4048 6442
369 231 474 289 ’ὶυτ

1406 223 1463 280 S.
1504 222 1782 279 CYRILLI
1821 221 2293 279 ALEXANDRINI
2337 224 2662 282 ARCHIEP.

3562 229 3671 285 208

373 348 512 403 nulli
537 346 773 405 fortasse
794 345 1109 401 divinarum
1149 343 1566 415 Scripturarum
1602 344 1716 401 vim
1743 344 1969 400 interno

2078 344 2274 399 θυσιῶν
2298 347 2641 419 προστέταχε
2668 349 2936 421 πονηράν,
2966 348 3059 403 καὶ
3091 348 3487 422 ἀντικειμένην
3516 351 3674 406 δύνα-

374 440 705 511 occultoque
726 436 928 492 mentis
951 435 1113 491 oculo
1138 436 1367 491 minime
1394 444 1771 507 penetrantes,
1800 435 1969 489 emis-

376 534 583 589 sarium
607 532 684 605 (l)
712 530 1052 587 nominatam
1076 544 1199 586 esse
1222 528 1430 585 dicent.
1473 529 1586 585 Nos
1607 543 1742 584 vero
1768 527 1974 582 divinis

375 625 616 681 oraculis
652 624 901 678 animum
951 638 1131 693 neque
1182 622 1555 693 negligentem
1579 662 1593 686 ,
1646 635 1828 690 neque
1881 634 1972 674 se-

381 732 538 791 gnem
583 715 937 780 adhibentes,
993 713 1090 772 sed
1124 713 1481 784 diligentem,
1525 720 1584 768 et
1625 709 1809 783 quoad
1852 710 1975 781 ejus

382 809 498 865 ﬁeri
537 809 723 880 potuit
759 808 1103 880 vigilantem,
1137 807 1521 863 admirandam
1569 804 1822 861 veritatis
1846 803 1973 874 pul-

377 900 755 959 chritudinem
778 900 1002 973 assequi
1023 900 1325 956 enitemur.

451 1088 702 1145 Dicimus
727 1086 896 1159 igitur
931 1085 1321 1141 universorum
1343 1083 1540 1148 Deum,
1566 1095 1695 1136 cum
1719 1079 1790 1135 ad
1810 1095 1972 1136 ever-

382 1179 609 1235 tendam
627 1177 917 1250 gentilium
940 1190 1179 1240 errores,
1202 1174 1299 1244 qui
1315 1174 1521 1228 multos
1536 1171 1672 1227 deos
1695 1170 1972 1235 colebant,

378 1284 689 1341 eorumque
715 1267 1179 1324 illuminationem
1202 1266 1299 1337 qui
1324 1266 1380 1321 in
1408 1264 1657 1320 tenebris
1682 1262 1976 1326 sedebant,

380 1362 579 1435 priscis
616 1362 725 1417 illis
759 1362 937 1432 legem
963 1375 1122 1416 suam
1150 1375 1251 1431 per
1284 1359 1506 1431 Moysen
1544 1356 1795 1421 tulisset,
1829 1371 1975 1410 nun-

378 1470 542 1527 quam
585 1464 881 1526 passurum
928 1454 1099 1511 fuisse
1124 1462 1188 1509 ut
1220 1454 1476 1524 ipsemet,
1517 1452 1607 1507 via
1646 1458 1705 1506 et
1746 1450 1974 1514 ostium,

378 1551 489 1605 imo
515 1562 648 1605 vero
680 1548 849 1604 etiam
887 1547 1082 1603 doctor
1121 1562 1187 1603 ac
1218 1546 1485 1617 magister
1511 1543 1580 1599 ad
1624 1542 1730 1598 hoc
1762 1550 1825 1598 ut
1868 1542 1974 1596 im-

378 1644 502 1714 puri
537 1643 817 1697 dmmones
841 1640 1278 1706 honorarentur,
1297 1638 1612 1694 exsisteret.
1639 1632 1881 1690 Proinde
1926 1633 1972 1687 si

377 1737 694 1794 accuratius
717 1752 784 1793 ea
818 1750 942 1807 quae
984 1735 1043 1788 in
1069 1732 1276 1788 divinis
1320 1730 1549 1785 Litteris
1595 1728 1784 1784 abdita
1817 1734 1969 1792 sunt,
2006 1716 2049 1773 Β

377 1830 827 1902 ωηυὶδίοτὶιηυε,
856 1829 1121 1883 latentem
1145 1824 1441 1880 veritatem
1463 1820 1825 1891 reperiemus.
1856 1816 1973 1874 Cae-

380 1934 582 1988 terum,
626 1920 894 1991 inspectis
929 1918 1204 1990 legalibus
1236 1914 1473 1979 umbris,
1513 1912 1570 1967 id
1599 1912 1847 1968 dicamus
1872 1925 1970 1979 par

377 2022 481 2079 est,
511 2013 661 2084 quod
693 2026 793 2082 per
813 2010 1111 2081 quemdam
1148 2006 1549 2078 prophetarum
1586 2008 1735 2057 recte
1758 2000 1969 2055 dictum

378 2115 502 2163 est:
537 2126 555 2158 ι
587 2105 725 2173 Quis
748 2104 988 2175 sapiens,
1014 2108 1072 2157 et
1113 2098 1384 2169 intelliget
1409 2095 1563 2152 haec?
1604 2094 1727 2165 quis
1764 2091 1970 2147 intelli-

378 2213 536 2271 gens.
582 2208 640 2253 et
684 2200 981 2267 cognoscet
1034 2192 1139 2247 ista
1162 2190 1252 2244 "‘i
1288 2208 1305 2241 ι
1356 2218 1425 2228 -
1452 2206 1471 2239 ‹
1515 2185 1777 2244 Umbram
1819 2182 1970 2238 enim

379 2291 546 2346 habet
569 2290 656 2344 lex
685 2288 1002 2342 futurorum
1028 2284 1323 2346 bonorum,
1343 2288 1400 2335 ct
1423 2294 1536 2333 non
1569 2277 1745 2348 ipsam
1773 2275 1970 2345 imagi-

378 2397 504 2437 nem
525 2395 731 2443 rerum,
747 2399 764 2430 I
784 2388 845 2434 ut
870 2377 1136 2449 scriptum
1160 2384 1245 2430 est
1264 2374 1310 2406 ⁸³
1338 2391 1352 2427 :
1380 2380 1625 2428 attamen
1650 2369 1859 2424 umbrae
1880 2384 1975 2422 ve-

378 2475 599 2530 ritatem
636 2473 882 2544 pariunt,
915 2469 1024 2525 etsi
1063 2469 1197 2539 ipsa;
1218 2465 1448 2522 omnino
1468 2463 1675 2520 veritas
1705 2463 1822 2533 ipsa
1860 2475 1971 2516 non

377 2566 509 2620 sint.
563 2562 748 2631 Quare
799 2562 1024 2617 divinus
1069 2559 1162 2614 ille
1216 2558 1429 2629 Moyses
1458 2555 1772 2611 velamento
1805 2550 1974 2623 Super

378 2658 573 2713 faciem
605 2670 760 2711 suam
801 2653 981 2725 posito
1010 2651 1154 2706 ﬁlios
1195 2650 1363 2705 Israel
1396 2649 1805 2719 alloquebatur,
1847 2655 1972 2701 tan-

380 2759 495 2804 tum
516 2764 629 2803 non
663 2748 784 2817 ipso
806 2746 911 2799 hoc
934 2744 1082 2799 facto
1101 2743 1368 2807 clamans,
1419 2741 1774 2795 decretorum
1806 2739 1965 2809 lega-

377 2844 513 2897 lium
535 2848 885 2897 venustatem
911 2851 1023 2892 non
1053 2836 1109 2891 in
1134 2836 1515 2892 exterioribus
1544 2834 1759 2906 figuris,
1791 2832 1889 2887 sed
1918 2832 1975 2886 in

377 2931 743 2991 interioribus
764 2930 1107 3001 occultisque
1141 2929 1617 3000 speculationibus
1651 2926 1806 2983 cerni
1844 2940 1975 2996 pos—

377 3042 439 3083 se
459 3028 527 3083 ³⁵.
561 3023 1015 3097 Agedumigitur,
1049 3022 1325 3077 velamine
1352 3022 1493 3092 legis
1513 3020 1718 3085 ablato,
1749 3017 1974 3089 deposi-

381 3132 548 3192 toque
605 3118 957 3189 operimento
1024 3114 1173 3187 quod
1230 3113 1401 3186 Moysi
1467 3111 1666 3168 faciem
1725 3109 1972 3166 exterius

378 3210 694 3276 adumbrat,
720 3208 897 3279 ipsam
928 3205 1136 3263 nudam
1170 3205 1464 3261 veritatem
1504 3201 1966 3273 contemplemur.

383 3302 543 3376 ηε
561 3303 710 3357 Duos
732 3300 919 3355 hircos
939 3298 1148 3365 oﬂerri,
1172 3306 1230 3354 et
1246 3296 1386 3353 duas
1405 3305 1586 3352 sortes
1614 3294 1723 3349 illis
1742 3293 1971 3349 inscribi

382 3397 642 3467 praecepit
666 3412 679 3449 :
702 3393 879 3450 voluit
914 3401 1103 3449 autem
1123 3400 1183 3446 ut
1201 3391 1342 3446 alter
1361 3405 1430 3445 ex
1454 3388 1564 3444 illis
1586 3385 1972 3443 nominaretur

378 3488 658 3553 dominus,
722 3486 866 3541 alter
911 3501 1046 3542 vero
1099 3483 1443 3540 emissarius.
1501 3480 1738 3536 Nomina
1784 3479 1973 3551 itaque

378 3579 562 3651 capris
581 3576 860 3650 imposita,
888 3575 1169 3641 dominus,
1195 3584 1253 3630 et
1278 3572 1601 3629 emissarins
1615 3571 1684 3624 ⁸⁸.
1703 3569 1967 3643 Designa-

382 3682 473 3727 tur
505 3678 693 3727 autem
715 3684 816 3741 per
839 3676 1107 3740 utrosque
1136 3683 1283 3723 unus
1305 3676 1363 3722 et
1390 3665 1543 3722 solus
1572 3664 1744 3720 Filius
1768 3672 1825 3720 et
1859 3664 1968 3718 Do-

380 3763 566 3818 minus
601 3761 763 3818 Jesus
782 3758 1061 3816 Christus.
1091 3758 1211 3827 Quo
1252 3766 1441 3814 autem
1482 3755 1649 3812 modo
1690 3756 1747 3811 id
1773 3756 1850 3811 ita
1875 3756 1966 3821 sit,

378 3853 776 3926 speculationis
796 3852 1110 3919 subtilitati,
1137 3859 1407 3924 quantum
1433 3849 1554 3905 fieri
1589 3849 1811 3921 poterit,
1846 3850 1968 3905 ani-

379 3960 532 4001 mum
583 3944 931 4017 adjicientes,
961 3942 1357 3998 indicabimus.
1401 3940 1580 4011 Caper
1628 3940 1836 4011 itaque,
1881 3940 1969 3995 vel

380 4040 592 4105 hircus,
626 4040 714 4095 vel
741 4037 959 4103 haedus,
984 4046 1107 4094 erat
1136 4051 1239 4108 pro
1271 4043 1499 4107 peccato
1531 4034 1888 4100 sacrificium,
1920 4034 1967 4089 si

378 4132 517 4203 legis
560 4138 831 4189 statutum
873 4139 1127 4201 spectes;
1174 4126 1453 4199 siquidem
1483 4142 1637 4183 sacra
1680 4126 1969 4198 Scriptura

375 4225 586 4295 justum
614 4223 728 4289 ori,
765 4236 934 4293 capro
970 4234 1105 4275 vero
1133 4227 1481 4290 peccatorem
1516 4219 1719 4290 passim
1743 4233 1967 4289 compa—

379 4322 485 4370 rat.
502 4314 617 4370 Cur
637 4314 749 4369 ita?
771 4312 912 4380 Quia
936 4326 1061 4367 cum
1081 4311 1266 4382 justus
1281 4308 1555 4365 virtutum
1581 4308 1753 4380 gloria
1786 4309 1966 4364 abun-

2081 454 2197 521 μιν,
2224 438 2293 509 ἢν
2316 440 2709 511 ἀποπομπαῖον
2749 439 3093 511 ὠνομάσθαι,
3127 442 3288 510 φαῖεν
3329 439 3396 494 ἂν
3428 440 3559 504 ἴσως
3586 458 3674 496 τι-

2076 531 2185 598 νὲς,
2216 532 2314 603 τὴν
2336 532 2445 586 τῶν
2468 531 2634 604 ἱερῶν
2666 534 3018 605 Γραμμάτων
3047 534 3282 605 δύναμιν
3305 536 3420 598 τοῖς
3447 535 3530 599 εἰς
3547 534 3676 589 νοῦν

2076 621 2185 676 ἔσω
2214 625 2629 713 κεκρυμμένοις
2659 627 2761 696 οὐχ
2802 625 3040 697 ὁρῶντες
3077 626 3345 698 ὄμμασιν.
3396 628 3588 698 Ἡμεῖς
3616 627 3676 682 δὲ

2075 717 2189 779 τοῖς
2228 714 2395 779 θείοις
2443 715 2816 787 θεσπίσμασιν
2860 717 3193 787 ὲπαφιέντες
3234 718 3329 772 τὸν
3372 718 3519 782 νοῦν,
3572 719 3676 774 οὐκ

2075 807 2179 877 ἀτη
2189 806 2331 878 μελῆ
2356 808 2452 863 καὶ
2470 808 2738 881 ῥᾴθυμον,
2753 809 2958 882 ἀκριϐῆ
2975 808 3032 863 δὲ
3055 809 3280 882 μᾶλλον,
3296 810 3392 865 καὶ
3405 810 3529 865 καθ’
3550 811 3678 865 ὅσον

2077 890 2190 951 οἷόν
2223 914 2284 950 τε
2323 899 2749 970 φιλογρήγορον,
2786 899 2887 970 τῆς
2925 899 3189 970 ἀληθείας
3227 900 3292 955 τὸ
3343 898 3677 971 ἀξιάγαστον

2078 988 2274 1054 κάλλος
2307 990 2622 1063 φιλοθηρεῖν
2652 987 2712 1046 εὖ
2742 990 2889 1063 μάλα
2920 990 3320 1063 σπουδάσομεν.

2150 1083 2262 1136 Καὶ
2298 1083 2364 1154 δὴ
2393 1084 2486 1138 καί
2516 1101 2721 1155 φαμεν,
2769 1084 2846 1149 ὡς
2875 1087 2904 1139 6
2927 1084 3037 1138 τῶν
3067 1084 3208 1138 ὃλων
3240 1084 3378 1149 Θεὸς
3414 1084 3504 1138 ἐπ’
3531 1084 3672 1139 dva-

2078 1177 2254 1246 τροπῇ
2282 1175 2385 1245 τῆς
2414 1176 2678 1230 πολυθέου
2717 1177 2961 1250 πλάνης,
2993 1176 3091 1231 καὶ
3123 1177 3218 1230 ἐπὶ
3246 1176 3520 1248 φωτισμῷ
3557 1178 3675 1233 τῶν

2079 1269 2138 1320 ἐν
2169 1267 2378 1339 σκότῳ,
2426 1270 2986 1342 καταχρησμῳδήσας
3014 1270 3106 1325 τὸν
3139 1271 3305 1342 νόμον
3345 1271 3463 1335 τοῖς
3500 1270 3673 1327 πάλαι

2079 1359 2167 1414 διὰ
2206 1360 2476 1428 Μωσέως,
2521 1364 2786 1435 ἠνέσχετο
2812 1364 2878 1420 ἂν
2908 1365 3194 1437 οὐδαμῶς,
3225 1365 3346 1430 ὁδὸς
3377 1365 3636 1436 γενέσθαι
3655 1409 3671 1433 ,

2080 1453 2174 1505 καὶ
2193 1451 2355 1523 θύρα,
2382 1453 2583 1524 μᾶλλον
2604 1454 2661 1508 δὲ
2686 1456 2779 1509 καί
2799 1455 3123 1522 διδάσκαλος
3149 1456 3244 1511 τοῦ
3273 1457 3477 1531 χρῆναι
3500 1462 3673 1532 τιμᾷν

2078 1545 2205 1609 τοὺς
2239 1546 2586 1618 ἀκαθάρτους
2627 1547 2910 1617 δαίμονας.
2963 1550 3564 1624 Πολυπραγμονοῦντες
3613 1554 3673 1607 δὲ

2078 1637 2151 1690 τά
2200 1638 2257 1692 ὲν
2304 1640 2425 1703 ταῖς
2461 1638 2843 1706 θεοπνεύστοις
2886 1634 3177 1714 Γραφαῖς,
3216 1645 3612 1716 κεκρυμμένην
3645 1647 3675 1688 ⁸

2074 1729 2387 1802 εὑρήσομεν
2424 1731 2524 1802 τὴν
2555 1732 2838 1804 ἀλήθειαν.
2876 1735 3088 1807 Πρέποι
3112 1736 3158 1790 δ’
3186 1736 3253 1791 ἂν
3283 1741 3406 1802 ταῖς
3445 1737 3541 1792 τοῦ
3584 1740 3676 1793 νό-

2079 1840 2183 1895 μου
2214 1828 2398 1889 σκιαῖς
2446 1824 2757 1896 ὲνορῶντας
2802 1829 2980 1883 εἰπεῖν
3009 1828 3070 1881 τὸ
3104 1827 3173 1881 δι’
3201 1828 3323 1893 ἐνὸς
3348 1829 3459 1884 τῶν
3498 1829 3676 1900 ἀγίων

2076 1917 2374 1989 προφητῶν
2395 1918 2574 1990 ὀρθῶς
2597 1922 2892 1994 εἰρημένον
2911 1937 2925 1951 ·
2952 1939 2972 1974 ι
3005 1921 3102 1985 Τίς
3125 1921 3309 1991 σοφὸς,
3333 1922 3429 1977 καὶ
3448 1923 3677 1995 συνήσει

2072 2009 2280 2078 ταῦτα;
2316 2012 2349 2083 ἢ
2378 2013 2621 2079 συνετὸς,
2641 2014 2738 2069 καὶ
2767 2014 3134 2083 ἐπιγνώσεται
3161 2015 3364 2079 αὐτάρ
3383 2045 3455 2056 —
3475 2016 3678 2069 «Σκιάν

2075 2101 2184 2175 γὰρ
2216 2105 2244 2157 6
2270 2104 2439 2175 νόμος
2476 2105 2591 2177 ἔχει
2631 2107 2744 2161 τῶν
2797 2106 3107 2178 μελλόντων
3149 2107 3392 2178 ἀγαθῶν,
3430 2108 3527 2163 καὶ
3570 2108 3679 2162 οὐκ

2074 2196 2245 2265 αὐτὴν
2277 2197 2377 2267 τὴν
2404 2198 2588 2252 εἰκόνα
2613 2198 2725 2253 τῶν
2754 2199 3126 2270 πραγμάτων,
3164 2218 3182 2251 ι
3213 2199 3291 2263 ὡς
3322 2199 3675 2271 γέγραπται⁵

2078 2286 2216 2359 πλὴν
2240 2288 2526 2344 ὠδίνουσιν
2556 2292 2613 2346 αἱ
2642 2292 2793 2346 σκιαὶ
2814 2292 2914 2361 τὴν
2935 2291 3217 2362 ἀλήθειαν,
3251 2294 3300 2345 εί
3323 2291 3421 2347 καὶ
3449 2292 3582 2347 αὐτὸ
3610 2294 3677 2347 οὐ

2078 2379 2298 2443 πάντως
2332 2380 2359 2421 ιι
2400 2382 2509 2434 εἰσὶ
2532 2382 2595 2436 τὸ
2620 2382 2844 2453 ἀληθές.
2876 2381 2975 2435 Διὰ
3004 2382 3163 2436 τοῦτο
3190 2383 3288 2437 καὶ
3321 2384 3349 2436 ὁ
3381 2385 3678 2450 θεσπέσιος

2078 2474 2320 2543 Μωῦσῆς
2360 2475 2625 2545 κάλυμμα
2659 2475 2810 2546 ἐτίθη
2858 2476 2954 2529 ὲπὶ
2987 2476 3050 2529 τὸ
3080 2476 3375 2547 πρόσωπον
3416 2477 3583 2531 αὐτοῦ
3628 2481 3677 2543 ἱ,

2077 2559 2418 2630 προελάλειὶ
2462 2562 2523 2615 τε
2558 2562 2702 2616 οὔτω
2748 2566 2863 2627 τοῖς
2910 2564 3047 2628 υῖοῖς
3109 2564 3346 2637 Ἰσραὴλ,
3387 2568 3679 2638 μονονουχὶ

2077 2650 2146 2704 δι’
2199 2650 2365 2705 αὑτοῦ
2411 2653 2706 2725 κεκραγὼς
2746 2654 2839 2708 τοῦ
2896 2655 3257 2725 πράγματοςο
3311 2656 3395 2709 ὅτι
3440 2656 3550 2711 τῶν
3603 2658 3679 2711 δι’

2081 2743 2253 2798 αὑτοῦ
2297 2743 2694 2817 θεσπισμάτων
2723 2747 2786 2800 τὸ
2810 2746 3008 2811 κάλλος
3036 2747 3243 2801 κατίδοι
3262 2765 3346 2812 τις
3370 2747 3457 2814 ἂν,
3489 2750 3589 2802 οὐκ
3617 2749 3683 2803 ἓν

2078 2853 2144 2906 γε
2175 2838 2286 2900 τοῖς
2305 2835 2409 2903 ἔξω
2432 2841 2649 2906 φανεῖσι
2679 2838 2892 2906 τύποις,
2917 2839 3032 2893 ἀλλ’
3063 2841 3121 2894 ὲν
3154 2843 3267 2904 τοῖς
3293 2839 3401 2894 ἔσω
3430 2857 3679 2912 κεκρυμ-

2082 2927 2265 2999 μένοις
2286 2927 2631 3001 θεωρήμασι.
2659 2930 2798 3003 Φέρε
2819 2931 2883 3002 δὴ
2901 2928 2994 2985 οῦν
3016 2931 3364 3002 περιελόντες
3388 2930 3481 2985 τοῦ
3507 2933 3678 3002 νόμου

2079 3022 2142 3075 τὸ
2189 3023 2583 3096 κατασκίασμα
2608 3063 2622 3089 ,
2665 3025 2759 3079 καὶ
2791 3024 2902 3079 τῶν
2951 3023 3153 3090 ἔξωθεν
3183 3025 3580 3098 ὲπιϐλημάτων
3613 3027 3680 3080 τὴ

2077 3114 2359 3179 Μωῦσέως
2405 3115 2701 3188 πρόσωπον
2730 3116 3192 3184 ἀπαλλάττοντες,
3221 3116 3446 3189 γυμνὴν
3473 3116 3679 3188 ῐδωμεν

2076 3205 2176 3277 τὴν
2198 3205 2478 3279 ἀλήθειαν.
2508 3206 2613 3262 Δύο
2637 3208 2738 3279 μὲν
2762 3209 2873 3281 γὰρ
2897 3209 3169 3283 χιμάρους
3192 3208 3676 3283 προσκομισθῆναι

2077 3299 2440 3371 προστέταχε,
2477 3301 2572 3354 καὶ
2600 3301 2693 3354 δύο
2712 3301 3027 3374 γράφεσθαι
3056 3302 3297 3373 κλήρους
3334 3302 3424 3355 ἐπ’
3449 3302 3519 3356 αὐ
3531 3304 3674 3366 τοῖς·

2076 3390 2152 3453 ὡς
2186 3390 2276 3446 τὸν
2329 3391 2430 3462 μὲν
2471 3390 2570 3445 ἕνα
2609 3391 2720 3449 τῶν
2754 3392 3010 3464 χιμάρων
3039 3393 3413 3464 ὀνομασθῆναι
3454 3392 3673 3466 κύριον,

2074 3482 2166 3535 τόν
2203 3498 2267 3552 γε
2309 3483 2417 3555 μὴν
2446 3482 2637 3557 ἕτερον
2679 3484 2704 3525 ι
2737 3485 3150 3557 ἀποπομπαῖον.
3182 3485 3398 3541 Οὐκοῦν
3426 3487 3675 3559 ὀνόματα

2074 3576 2187 3639 τοῖς
2212 3575 2494 3648 χιμάροις,
2522 3576 2714 3649 κύριός
2742 3594 2803 3631 τε
2830 3578 2927 3631 καὶ
2949 3579 3361 3649 ἀποπομπαῖος.
3393 3578 3677 3652 Σημαίνε-

2074 3685 2168 3721 ται
2210 3667 2269 3721 δὲ
2298 3666 2364 3720 δι’
2399 3667 2603 3740 ἀμφοῖν
2632 3669 2661 3722 6
2692 3662 2774 3734 εἷς
2814 3669 2910 3723 καὶ
2944 3668 3107 3740 μόνος
3131 3669 3282 3734 Υἱὸς,
3332 3668 3432 3724 καὶ
3462 3668 3671 3740 Κύριος

2088 3757 2295 3829 Ἰησοῦς
2322 3759 2580 3830 Χριστός.
2618 3760 2730 3813 Καὶ
2759 3759 2879 3814 τίνα
2901 3760 3130 3832 τρόπον,
3186 3759 3425 3831 ἐροῦμεν
3458 3760 3535 3825 ὡς
3563 3759 3669 3827 ἔνι,

2072 3853 2139 3923 τῇ
2178 3849 2288 3904 τῶν
2322 3850 2697 3923 θεωρημάτων
2728 3850 2988 3923 ἀκριϐείᾳ.
3022 3850 3457 3923 προσϐάλλοντες
3492 3848 3537 3908 ι,
3566 3851 3673 3918 Αἲξ

2072 3943 2275 4007 τοίνυν,
2305 3944 2338 4015 ἢ
2374 3944 2601 4013 τράγος,
2648 3945 2820 4015 ἤγουν
2842 3943 3054 4015 ἔριφος,
3095 3939 3166 4016 ἦν
3208 3943 3350 4016 ὑπὲρ
3386 3944 3670 4015 ἁμαρτίας

2070 4036 2134 4090 τὸ
2177 4035 2328 4106 θῦμα
2374 4036 2520 4090 κατὰ
2549 4053 2614 4105 γε
2654 4035 2733 4108 τῷ
2781 4036 2936 4108 νόμῳ
2981 4036 3174 4091 δοκοῦν
3201 4052 3216 4067 ·
3259 4035 3521 4107 προϐάτῳ
3565 4036 3669 4106 μὲν

2071 4128 2182 4201 γὰρ
2248 4131 2507 4200 ἀφομοιοῖ
2572 4129 2664 4183 τὸν
2736 4129 2945 4185 δίκαιον
3017 4128 3347 4201 πλεισταχοῦ
3428 4131 3463 4201 ἠ
3543 4127 3666 4182 θεό-

2075 4238 2343 4286 πνευστος
2372 4221 2568 4292 Γραφὴ
2597 4262 2610 4286 ,
2640 4221 2759 4289 αἰγὶ
2800 4221 2856 4274 δὲ
2904 4222 2993 4275 τὸν
3023 4221 3503 4295 φιλαμαρτήμυνα.
3552 4220 3666 4276 Καὶ

2072 4310 2161 4365 διὰ
2191 4311 2352 4365 ποίαν
2396 4311 2576 4365 αἰτίαν
2602 4328 2617 4377 ;
2658 4312 2882 4384 Πλήρης
2905 4312 3005 4382 μὲν
3047 4311 3155 4385 γὰρ
3198 4314 3228 4366 6
3259 4311 3466 4376 δίκαιος
3495 4310 3665 4381 am.

378 4411 493 4474 det,
525 4409 729 4463 merito
751 4405 983 4477 frugifer
1003 4410 1266 4460 censetur
1291 4419 1305 4456 :
1328 4416 1462 4457 oves
1482 4410 1666 4457 autem
1709 4401 1970 4471 lanigerae

2078 4402 2264 4473 μάτων
2312 4402 2421 4457 τῶν
2470 4405 2552 4467 εἰς
2619 4403 2861 4479 ἀρετήν·
2921 4403 3201 4474 ἔγκαρπος
3249 4402 3307 4456 δὲ
3362 4402 3450 4456 διὰ
3505 4401 3669 4456 τοῦτο

378 4507 509 4554 sunt
542 4515 555 4552 :
590 4504 742 4553 recte
767 4495 1000 4566 proinde
1021 4495 1130 4550 illis
1155 4502 1543 4564 comparantur
1565 4493 1721 4566 justi.
1749 4492 1819 4547 At
1836 4507 1969 4547 vero

2078 4496 2230 4547 νοοῖτ’
2263 4495 2329 4549 ἂν
2359 4494 2585 4559 είκότως
2604 4513 2619 4528 ·
2657 4496 2937 4568 ὲριοφορεῖ
2968 4494 3025 4548 δὲ
3055 4495 3115 4548 τὸ
3146 4493 3419 4565 πρόϐατον
3440 4509 3453 4524 ·
3489 4491 3667 4566 ταύτῃ

377 4588 633 4646 scelerati
684 4588 928 4642 animam
955 4585 1182 4651 nudam,
1227 4586 1471 4643 sterilem
1513 4586 1775 4655 omnique
1797 4584 1970 4639 bono-

2078 4600 2155 4636 τοι
2199 4584 2294 4637 καὶ
2345 4584 2471 4654 μάλ’
2516 4584 2742 4648 εἰκότως
2791 4584 3053 4656 προϐάτῳ
3096 4582 3515 4654 παρεικάζεται.
3557 4582 3664 4635 Γυσ

380 4697 505 4736 rum
542 4694 776 4753 operum
807 4686 1135 4737 ornamento
1162 4678 1485 4735 destitutam
1527 4678 1735 4733 videas.
1765 4676 1968 4747 Figura

2078 4674 2213 4746 μνὴν
2239 4675 2316 4739 δὲ,
2340 4677 2433 4729 καὶ
2462 4675 2736 4747 ἄκαρπον,
2763 4678 2859 4730 καὶ
2890 4675 3258 4747 ἀγαθοεργίας
3281 4675 3501 4747 ἀπάσης
3533 4675 3668 4746 ἐρήη

378 4774 567 4845 itaque
593 4773 716 4844 eius
742 4779 828 4827 est
866 4785 1032 4843 caper
1068 4780 1192 4828 :est
1215 4771 1363 4828 enim
1411 4770 1616 4827 animal
1656 4767 1969 4823 infructuo-

2078 4785 2183 4838 μην
2214 4767 2313 4838 τὴν
2353 4767 2449 4821 τοῦ
2494 4767 2947 4839 πλημμελοῦντος
2979 4768 3158 4840 ψυχὴν
3202 4767 3412 4823 κατίδοι
3447 4784 3532 4832 τις
3570 4767 3660 4824 ἀν.

378 4880 500 4921 sum
525 4879 591 4920 ac
626 4863 836 4929 sterile,
871 4863 1101 4935 ovisque
1126 4864 1307 4935 pretio
1335 4862 1589 4919 inferius.
1624 4860 1695 4916 Et
1721 4860 1865 4915 hanc
1892 4858 1966 4914 ob

2078 4858 2175 4924 Αἲξ
2209 4855 2305 4913 οὖν
2332 4859 2441 4930 ἀρα
2465 4859 2636 4924 τύπος
2669 4861 2859 4932 αὐτῆςο
2897 4860 3182 4933 ἄπρακτον
3211 4860 3268 4915 δὲ
3299 4860 3361 4913 τὸ
3399 4860 3538 4925 ζῶον
3569 4859 3663 4914 καὶ

379 4969 601 5012 causam
621 4955 889 5012 Dominus
904 4971 1127 5028 quoque
1148 4964 1341 5011 noster
1362 4955 1524 5012 Jesus
1538 4951 1793 5008 Christus
1817 4950 1969 5006 dice-

2078 4952 2172 5021 τῆς
2199 4950 2295 5005 τοῦ
2327 4952 2601 5023 προϐάτου
2631 4952 2800 5023 τιμῆς
2833 4952 3064 5007 κατόπιν
3095 4952 3339 5023 ἔρχεται.
3375 4949 3478 5004 Διὰ
3502 4950 3665 5005 τοῦτο

380 5046 508 5103 hat:
551 5065 571 5100 ι
605 5045 837 5115 Quando
857 5047 1072 5104 sedebit
1101 5046 1276 5103 Filius
1297 5044 1543 5101 hominis
1578 5058 1745 5113 super
1775 5042 1964 5098 sedem

2078 5042 2169 5097 καὶ
2201 5045 2230 5097 ὁ
2261 5044 2465 5115 Κύριος
2497 5044 2657 5115 ἡμῶν
2703 5044 2911 5113 Ἰησοῦς
2951 5045 3219 5115 Χριστός*
3261 5062 3282 5098 ι
3310 5044 3482 5098 Ὅταν
3527 5041 3662 5097 καθ-

448 5198 494 5233 ⁸²
529 5199 671 5259 Osee
700 5220 811 5270 11v,
842 5203 929 5258 lO.
1006 5203 1052 5235 ⁸⁸
1084 5201 1254 5257 Hebr.
1287 5217 1343 5266 ι,
1372 5201 1424 5257 l.
1501 5201 1549 5235 “
1576 5199 1752 5256 Exod.
1781 5217 1961 5268 xxxrv,
1995 5201 2214 5269 55,-55;
2244 5200 2287 5256 ll
2319 5199 2447 5257 Cor.
2475 5218 2556 5269 ιιι,
2586 5202 2776 5258 lli-l5.
2855 5200 2904 5232 ⁸⁸
2928 5202 3106 5257 Levit.
3139 5218 3248 5267 ενι,
3283 5203 3317 5259 5
3356 5218 3510 5271 seqq.

1480 5337 1660 5393 Variae
1687 5338 1954 5396 lectiones
1980 5340 2189 5397 codicis
2214 5338 2579 5412 Seguieriani.

452 5451 879 5525 “fxegtpyppéva.
936 5517 953 5525 _
977 5451 1005 5491 ιι
1041 5449 1134 5501 καὶ
1150 5450 1268 5525 ὀῦκ
1305 5447 1436 5503 αὐτὸ
1475 5451 1713 5517 πάντως.
1799 5465 1816 5495 ι
1851 5454 1972 5506 ὲαυτ

2150 5468 2163 5505 J
2208 5455 2292 5509 ἷσ.
2323 5451 2655 5525 προσελάλει
2683 5468 2696 5509 τ
2723 5456 2890 5522 atque
2916 5449 3071 5505 itain
3101 5450 3214 5510 HS.
3271 5448 3654 5524 Seguierim.

376 5516 401 5557 ¹ι
433 5521 522 5573 τὸν
549 5516 837 5591 δὲ’ἓτερον.
936 5517 956 5557 ι
996 5518 1417 5589 προσϐαλόντες.

1908 5636 2138 5693 NOTAE.

442 5726 523 5796 il)
569 5718 642 5780 id
672 5732 750 5777 est
773 5737 791 5775 :
818 5719 1169 5794 depulsorem
1197 5724 1486 5782 malorum.
