4048 6434
370 511 469 570 211

1390 504 1446 565 S.
1482 500 1759 564 CYRILLI
1797 498 2269 556 ALEXANDRINI
2298 499 2620 556 ARCllIEP.

3549 486 3661 543 212

375 631 539 687 nobis
572 635 829 686 mortuus
856 634 961 692 est,
983 626 1364 697 sanguineque
1385 640 1487 681 suo
1507 622 1808 680 Ecclesiam
1834 634 1963 675 san-

2094 621 2306 691 πφαγήν⁹
2338 619 2493 689 ἅγιόν
2525 636 2586 672 τε
2630 616 2801 688 θῦμα,
2826 614 2925 670 καὶ
2953 614 3098 687 ἱερὸν
3133 605 3203 684 ἦν
3223 610 3304 674 εἰς
3331 606 3502 663 τύπον
3527 605 3662 678 Χρι-

374 718 659 777 otificavit.
694 736 713 771 ι
754 717 1049 782 Mactabit,
1078 715 1288 787 inquit,
1316 715 1535 769 hircum
1561 728 1665 785 pro
1708 718 1956 783 peccato,

371 829 503 871 eum
526 812 622 885 qui
648 827 750 884 pro
776 812 1003 883 populo,
1032 820 1161 867 ante
1187 809 1486 866 Dominum
1512 824 1527 862 :
1562 816 1620 863 et
1656 804 1860 861 inferet
1892 801 1963 856 de

373 905 642 978 sanguine
675 905 800 977 ejus
825 904 974 959 intra
1003 903 1211 968 velum,
1244 910 1301 958 et
1341 906 1603 972 asperget
1634 894 1961 968 sanguinem

372 996 496 1067 ejus
524 1010 694 1066 super
734 992 1200 1065 propitiatorium,
1229 999 1422 1047 contra
1469 988 1669 1045 faciem
1698 984 1967 1059 propitia-

379 1087 531 1154 torii,
554 1096 612 1142 et
636 1084 883 1157 expiabit
903 1084 1281 1142 sanctuarium
1321 1083 1392 1138 ab
1412 1078 1784 1137 immunditiis
1820 1077 1965 1132 ﬁlio»

377 1194 505 1235 rum
532 1178 725 1246 Israel,
748 1184 805 1234 et
827 1177 897 1234 ab
920 1177 1210 1249 injustitiis
1230 1190 1449 1233 eorum.
1483 1174 1553 1229 Et
1585 1173 1666 1229 sic
1685 1170 1854 1227 faciet
1881 1177 1966 1224 ta-

377 1270 684 1329 bernaculo
725 1269 1064 1335 testimonii,
1099 1268 1249 1339 quod
1296 1272 1642 1323 exstructum
1701 1270 1789 1320 est
1820 1260 1969 1317 inter

376 1377 495 1429 eos,
528 1363 586 1417 in
608 1360 796 1417 medio
822 1360 1189 1416 immunditia:
1222 1374 1415 1415 eorum
1440 1359 1480 1413 ¹.
1515 1377 1533 1410 ι
1563 1358 1851 1428 Ingressus
1882 1358 1971 1407 est

377 1453 527 1511 enim
552 1453 808 1510 Christus
837 1454 893 1509 in
916 1453 1117 1509 Sancta
1138 1461 1455 1509 sanctorum
1478 1466 1590 1507 non
1614 1465 1717 1522 per
1743 1445 1970 1519 sangui-

378 1558 509 1601 nem
558 1544 846 1599 hircorum
887 1550 986 1598 aut
1026 1543 1360 1608 vitulorum,
1388 1541 1486 1597 sed
1525 1556 1628 1611 per
1677 1537 1971 1611 proprium

381 1634 728 1706 sanguinem,
758 1641 965 1689 aeterna
1005 1631 1393 1703 redemptione
1424 1632 1650 1687 inventa
1672 1631 1727 1696 ’,
1758 1634 1817 1684 et
1841 1641 1975 1684 sano

381 1725 652 1792 ctiﬁcans,
668 1734 731 1780 ut
753 1724 1093 1792 dixi,verius
1115 1723 1254 1780 illud
1279 1722 1726 1789 tabernaculum,
1750 1720 1859 1775 hoc
1888 1725 1977 1773 est

383 1818 707 1885 Ecclesiam,
735 1825 793 1873 et
829 1832 1023 1873 omnes
1039 1822 1316 1888 quotquot
1346 1822 1479 1872 sunt
1520 1815 1579 1870 in
1602 1814 1742 1886 ipsa.
1770 1810 1977 1868 Scribit

383 1910 758 1983 igiturbeatus
772 1909 976 1965 Paulus
994 1908 1199 1966 alicubi
1220 1927 1235 1964 :
1266 1927 1286 1961 ι
1307 1910 1543 1979 Propter
1556 1905 1705 1979 quod
1726 1904 1973 1975 etﬁlesus,

385 2013 447 2060 ut
467 2003 841 2060 sanctificaret
868 2019 968 2074 per
987 2018 1149 2059 suum
1165 2001 1491 2074 sanguinem
1506 1999 1794 2072 pepulum,
1822 2003 1980 2051 extra

382 2107 599 2171 portam
621 2112 818 2170 passus
839 2108 925 2153 est
948 2097 1002 2165 ³;
1028 2116 1046 2148 ι
1068 2104 1126 2153 et
1147 2096 1280 2152 alibi
1309 2109 1532 2150 rursum
1556 2111 1602 2147 τι
1634 2093 1825 2148 Estote
1850 2103 1985 2161 ergo

384 2193 694 2249 imitatores
716 2191 839 2257 Dei,
865 2191 1011 2248 sicut
1037 2190 1135 2246 lilii
1162 2189 1476 2247 charissimi
1507 2208 1520 2243 :
1545 2196 1601 2244 et
1631 2187 1908 2244 ambulate
1927 2185 1985 2240 in

382 2282 703 2349 dilectione,
723 2283 932 2339 sicutet
942 2281 1198 2338 Christus
1223 2280 1419 2337 dilexit
1432 2296 1556 2346 nos,
1571 2286 1629 2336 et
1650 2278 1878 2335 tradidit
1894 2291 1985 2333 se-

384 2376 680 2447 metipsum
694 2389 797 2447 pro
814 2374 977 2430 nobis
996 2374 1334 2429 oblationem
1353 2381 1409 2430 et
1424 2373 1662 2429 hostiam
1682 2371 1740 2426 in
1756 2370 1987 2427 odorem

390 2468 547 2538 127
574 2464 919 2523 suavitatis‘.
953 2483 974 2517 ι
1008 2464 1483 2521 Considerandum
1505 2473 1591 2520 est
1615 2465 1785 2537 igitur
1809 2464 1866 2518 in
1892 2477 1987 2518 ca-

385 2574 488 2633 pro
516 2561 802 2617 immolato
832 2560 1252 2616 Emmanuelem
1271 2558 1510 2614 subiisse
1533 2565 1770 2613 mortem
1792 2570 1992 2612 secun-

386 2655 520 2710 dum
537 2668 785 2719 carnem,
801 2660 860 2709 et
875 2652 1102 2724 quidem
1119 2651 1190 2707 ad
1208 2649 1406 2706 mortis
1420 2649 1749 2721 peccatique
1765 2648 1988 2703 destru-

388 2747 653 2803 ctionem.
700 2745 835 2801 Erat
864 2744 1015 2800 enim
1044 2743 1190 2799 inter
1218 2749 1470 2798 mortuos
1510 2741 1656 2797 liber
1678 2742 1720 2807 ⁸,
1757 2740 1866 2796 hoc
1906 2746 1993 2795 est

388 2852 571 2908 neque
593 2852 627 2893 a
657 2842 887 2908 peccato
902 2835 1106 2901 victus,
1122 2849 1307 2906 neque
1337 2833 1533 2889 mortis
1555 2832 1864 2898 sententiae,
1886 2831 1995 2888 sic-

390 2936 454 2987 ut
475 2945 606 2994 nos,
654 2928 950 2985 obnoxius.
976 2927 1038 2984 in
1064 2929 1238 2983 altero
1258 2941 1503 2998 quoque,
1528 2926 1637 2982 hoc
1652 2932 1757 2992 est,
1781 2925 1839 2981 in
1865 2924 1993 2979 vivo

391 3039 459 3080 ac
479 3022 706 3079 dimisso
726 3022 886 3078 hirco
905 3020 1161 3077 eumdem
1182 3028 1518 3090 spectemus,
1537 3018 1669 3074 dum
1683 3018 1741 3073 in
1760 3032 1827 3073 eo
1845 3015 1995 3088 quod

394 3115 702 3174 secundum
732 3114 1031 3170 humanam
1060 3122 1318 3170 naturam
1360 3112 1600 3184 patitur,
1639 3127 1752 3168 non
1784 3111 1996 3182 patitur

394 3207 704 3263 secundum
730 3205 1005 3273 divinam;
1054 3211 1112 3261 et
1137 3204 1270 3261 dum
1298 3220 1466 3261 came
1499 3203 1770 3271 moritur,
1797 3202 1996 3258 mortis

393 3300 573 3357 victor
582 3299 796 3356 evadit:
814 3315 997 3373 neque
1012 3298 1320 3356 secundum
1334 3297 1653 3354 Iudaeorum
1671 3296 1992 3362 amentiam,

2074 714 2225 779 στοῦ,
2252 714 2314 767 οὐ
2345 713 2411 767 δι’
2446 712 2640 766 ἑαυτὸν
2673 709 3135 781 ἀποθνήσκοντος,
3159 705 3276 760 ἀλλ’
3307 702 3449 771 ὑπὲρ
3474 700 3657 772 ήμῶν,

2069 806 2146 871 ὡς
2180 805 2337 878 ἔφην,
2371 806 2465 860 καὶ
2497 804 2816 875 ἀγιάξοντος
2842 802 2944 873 τὴν
2983 796 3311 869 Ἐκκλησίαν
3330 794 3410 866 τῷ
3436 794 3552 861 ἰδίῳ
3575 792 3661 847 ατ-

2076 916 2227 970 ματι.
2258 917 2279 951 ι
2314 897 2515 968 Σφάξει
2537 895 2648 968 γὰρ
2667 895 2759 950 τὸν
2782 893 3037 965 χίμαρον,
3075 891 3262 961 φησὶν,
3293 887 3384 942 τὸν
3410 886 3538 954 περὶ
3562 884 3664 953 τῆς

2074 988 2381 1061 ἁμαρτίας,
2415 989 2517 1043 τὸν
2554 989 2686 1060 περὶ
2715 986 2811 1040 τοῦ
2856 983 2988 1039 λαοῦ
3010 1025 3025 1050 ,
3063 981 3246 1036 ἔναντι
3288 977 3519 1049 Κυρίου·
3568 975 3665 1029 καὶ

2073 1081 2300 1135 εἰσοίσει
2328 1079 2421 1136 τοῦ
2446 1080 2681 1153 αἵματος
2709 1077 2875 1133 αὐτοῦ
2903 1076 3172 1147 ἐσώτερον
3212 1070 3310 1127 τοῦ
3344 1069 3668 1124 καταπετά-

2077 1188 2282 1244 σματος
2300 1213 2314 1238 ,
2349 1171 2444 1227 καὶ
2469 1173 2624 1243 ῥανεῖ
2649 1170 2710 1225 τὸ
2737 1163 2875 1240 αἷμα
2898 1165 3063 1222 αὐτοῦ
3101 1165 3194 1219 ἐπὶ
3232 1162 3294 1217 τὸ
3333 1159 3666 1230 ἱλαστήριον,

2076 1267 2221 1323 κατά
2233 1266 2523 1339 πρόσωπον
2536 1264 2630 1320 τοῦ
2648 1265 2839 1334 ἱλαστη
2848 1262 2984 1333 ρίου,
3004 1259 3097 1315 καί
3113 1256 3422 1322 ὲξιλάσεται
3432 1253 3495 1307 τὸ
3513 1253 3671 1320 ἆγιον

2077 1359 2186 1416 ἀπὸ
2210 1359 2318 1414 τῶν
2342 1356 2696 1429 ἀκαθαρσιῶν
2724 1356 2831 1409 τῶν
2859 1353 2993 1407 υἱῶν
3031 1349 3268 1422 Ἰσραὴλ,
3303 1346 3394 1402 καὶ
3423 1344 3531 1400 ἀπὸ
3560 1343 3672 1397 τῶν

2078 1451 2433 1523 ἀδικημάτων
2462 1447 2640 1504 αὐτῶν
2662 1445 2790 1517 περὶ
2817 1443 3011 1499 πασῶν
3023 1442 3132 1497 τῶν
3159 1437 3443 1511 ἁμαρτιῶν
3466 1433 3670 1490 αὐτῶν.

2080 1542 2194 1598 Kal
2219 1541 2361 1597 οὕτω
2400 1541 2611 1612 ποιήσει
2646 1541 2713 1611 τῇ
2741 1536 2915 1609 σκηνῇ
2928 1533 3046 1590 -τοῦ
3072 1529 3401 1605 μαρτυρίου,
3427 1530 3495 1599 τῇ
3526 1529 3678 1581 ἑκτι-

2084 1636 2258 1706 σμένῃ
2285 1634 2346 1689 ὲν
2376 1633 2583 1696 αὐτοῖς,
2624 1632 2682 1685 ἐν
2726 1628 2878 1701 μέσῳ
2898 1630 3001 1700 τῆς
3027 1622 3372 1698 ἀκαθαρσίας
3412 1618 3614 1686 αὐτῶν.
3648 1636 3672 1670 ι

2084 1726 2316 1799 Είσῆλθε
2330 1724 2441 1798 γὰρ
2460 1725 2490 1778 ὁ
2513 1723 2749 1795 Χριστὸς
2769 1725 2849 1785 είς
2871 1720 2941 1776 τὰ
2964 1719 3132 1788 Ἅγια
3160 1716 3270 1771 τῶν
3302 1711 3495 1799 ἁγίων,
3519 1711 3579 1764 ού
3606 1708 3680 1763 δι’

2083 1796 2330 1893 αἵματος
2360 1796 2581 1891 τράγων
2603 1817 2699 1872 καὶ
2740 1814 2977 1887 μόσχων,
3014 1811 3103 1866 διὰ
3130 1811 3189 1864 δὲ
3216 1808 3310 1863 τοῦ
3346 1796 3497 1861 ibim;
3513 1799 3685 1874 αῖμαο

2085 1930 2200 1979 τος,
2245 1910 2471 1966 αἰωνίαν
2496 1908 2768 1980 λύτρωσιν
2800 1906 3136 1977 εὑράμενος,
3164 1902 3260 1956 καὶ
3299 1896 3566 1967 ἁγιάζων,
3600 1893 3682 1956 ὼς

2013 2019 2056 2075 Β
2084 2005 2245 2077 ἔφην,
2272 2004 2373 2076 τὴν
2399 2000 2768 2073 ἀληθεστέραν
2791 1995 3021 2068 σκηνὴν,
3042 1991 3294 2049 τουτέστι
3312 1989 3413 2061 τὴν
3451 1985 3687 2077 Ἐκκλη-

2088 2075 2231 2165 σίαν,
2273 2075 2368 2150 καὶ
2398 2094 2648 2157 ἅπαντας
2689 2091 2749 2146 δὲ
2784 2091 2913 2153 τοὺς
2954 2088 3013 2141 ὲν
3056 2085 3218 2156 αὐτῇ.
3262 2083 3471 2155 Γράφει
3518 2075 3612 2132 οὖν
3652 2077 3686 2131 ὁ

2087 2187 2376 2251 θεσπέσιος
2412 2184 2627 2248 Παῦλος
2656 2183 2788 2237 ποτὲ
2825 2180 2923 2252 μὲν
2949 2179 3067 2243 ὅτι,
3113 2195 3132 2228 r
3182 2174 3274 2227 Διδ
3303 2173 3399 2226 καὶ
3439 2166 3682 2239 Ἰησοῦς,

2086 2283 2174 2337 ἵνα
2204 2279 2408 2353 ἁγιάσῃ
2453 2277 2532 2349 τῷ
2566 2277 2682 2347 ίδίῳ
2708 2273 2903 2346 αἵματι
2940 2272 3032 2326 τὸν
3070 2269 3224 2332 λαὸν,
3250 2266 3356 2331 ἔξω
3381 2263 3480 2335 τῆς
3507 2260 3687 2353 πύλης

2087 2350 2278 2441 ἔπαθε,
2314 2393 2333 2425 ι
2368 2350 2500 2425 ποτὲ
2542 2370 2601 2424 δὲ
2642 2367 2825 2422 πάλιν·
2873 2384 2892 2418 ι
2918 2362 3142 2418 Γίνεσθε
3185 2354 3281 2414 οὖν
3321 2353 3560 2429 μιμηταὶ
3586 2350 3688 2407 τοῦ

2087 2466 2248 2533 Θεοῦ,
2275 2466 2351 2530 ὡς
2371 2465 2537 2519 τέκνα
2559 2460 2844 2531 ἀγαπητὰ,
2873 2458 2969 2511 καὶ
3003 2452 3360 2527 περιπατεῖτε
3387 2450 3446 2503 ὲν
3468 2445 3685 2517 ἀγάπῃ,

2090 2540 2274 2624 καθὼς
2315 2558 2411 2613 καὶ
2453 2558 2482 2611 ὀ
2519 2552 2758 2626 Χριστὸς
2797 2549 3087 2622 ἠγάπησεν
3126 2545 3310 2618 ἡμᾶς,
3350 2541 3447 2596 καὶ
3490 2538 3690 2593 ἑαυτὸν

2092 2650 2412 2724 παρέδωκεν
2445 2646 2587 2718 ὑπὲρ
2621 2642 2778 2716 ήμῶν
2826 2637 3147 2712 προσφορὰν
3194 2634 3291 2689 καὶ
3337 2631 3554 2695 θυσίαν,
3588 2630 3692 2724 ξείς

2092 2722 2269 2816 ὀσμὴν
2295 2740 2547 2805 εὐωδίας.
2584 2757 2605 2792 ι
2665 2733 2957 2808 Ἀθρητέον
3000 2731 3065 2803 δὴ
3092 2724 3186 2785 οὖν
3221 2728 3280 2781 ὲν
3302 2725 3382 2796 τῷ
3422 2722 3691 2795 σφαγέντι

2093 2855 2148 2909 χι
2158 2837 2316 2908 μάρῳ
2338 2833 2628 2905 γενόμενον
2654 2829 2751 2901 μὲν
2790 2830 2848 2882 ὲν
2871 2826 3090 2896 θανάτῳ
3117 2821 3323 2894 σαρκὸς
3346 2818 3439 2873 τὸν
3470 2818 3693 2909 Ἐμμα-

2320 2903 2586 2997 πλὴννέπὶ
2625 2921 2777 2977 λύσει
2817 2918 3048 2974 θανάτου
3071 2958 3084 2980 ,
3120 2915 3217 2970 καλ⁴
3254 2911 3548 2984 ἁμαρτίας.
3579 2903 3697 2963 Ἦν

2095 3022 2205 3093 γὰρ
2227 3024 2286 3076 ὲν
2309 3021 2525 3090 νεκροῖς
2548 3014 2853 3086 ἐλεύθερος,
2876 3008 3179 3073 τουτέστιν,
3209 3005 3484 3067 ἀνάλωτος
3511 3001 3699 3072 ἁμαρ-

2095 3115 2260 3181 τίαις,
2298 3111 2395 3166 καὶ
2438 3109 2542 3164 οὐκ
2583 3107 2768 3179 ένοχος
2815 3103 2934 3177 μεθ’
2985 3101 3164 3174 ἡμῶν,
3200 3101 3267 3172 τῇ
3309 3094 3405 3152 τοῦ
3456 3093 3696 3148 θανάτου

2098 3208 2245 3280 δίκῃ.
2289 3204 2521 3275 ’Ἱδωμεν
2556 3199 2719 3255 αὑτὸν
2759 3201 2816 3253 ὲν
2846 3195 2925 3268 τῷ
2960 3194 3135 3268 ἑτέρῳ
3166 3191 3389 3265 χιμάρῳ
3418 3187 3498 3261 τῷ
3528 3184 3699 3280 ζῶντι

2100 3277 2525 3368 καὶνάφιεμένῳ,
2553 3293 2649 3347 καὶ
2674 3293 2732 3347 ἐν
2755 3288 2835 3362 τῷ
2861 3288 3057 3343 παθεῖν
3082 3283 3462 3357 ἀνθρωπίνως,
3496 3278 3571 3351 μὴ
3597 3277 3707 3332 πά-

396 3392 689 3451 nobiscum
712 3392 769 3448 in
782 3400 1142 3449 monumento
1165 3391 1453 3457 remansit,
1496 3405 1680 3461 neque
1722 3404 1835 3444 una
1870 3402 1990 3445 cum

2105 3408 2306 3465 σχοντα
2345 3386 2570 3451 θεῖκῶς·
2604 3386 2698 3440 καὶ
2735 3386 2794 3438 ὲν
2827 3381 2905 3455 τῷ
2950 3377 3203 3435 τεθνάναι
3234 3374 3429 3449 σαρκὶ,
3460 3370 3701 3427 θανάτου

398 3482 524 3540 aliis
545 3482 693 3540 intra
717 3481 919 3538 inferni
952 3490 1140 3553 portas
1167 3481 1427 3537 detentus
1457 3477 1579 3534 fuit.
1617 3478 1777 3544 Nam,
1805 3485 1869 3532 ut
1907 3475 1995 3532 di-

400 3576 651 3649 scipulus
677 3575 827 3631 illius
848 3574 1078 3631 asserit:
1109 3593 1129 3627 ι
1156 3574 1280 3630 Non
1300 3573 1563 3629 derelicta
1584 3580 1670 3627 est
1692 3571 1749 3625 in
1778 3568 1998 3625 inferno

402 3670 587 3727 anima
620 3671 763 3742 ejus,
787 3684 968 3740 neque
995 3682 1124 3725 caro
1155 3667 1276 3738 ejus
1299 3666 1442 3722 vidit
1462 3662 1875 3736 corruptionem
1897 3662 1940 3716 ⁸.
1971 3679 1991 3715 ι

405 3763 628 3820 Revixit
653 3762 803 3819 enim
830 3761 1081 3833 spoliatis
1099 3759 1324 3827 inferis;
1351 3765 1409 3813 et
1437 3758 1506 3812 iis
1532 3756 1629 3828 qui
1651 3755 1825 3811 vincti
1852 3753 1998 3811 deti-

400 3855 684 3912 nebantur
711 3854 889 3909 dixit:
915 3853 1110 3921 Exite;
1144 3860 1202 3909 et
1226 3852 1295 3909 iis
1321 3851 1418 3924 qui
1442 3851 1499 3907 in
1522 3848 1768 3907 tenebris
1795 3855 1955 3904 erant
1982 3865 1996 3903 :

405 3946 751 4005 Revelamini
769 3947 790 3979 "
815 3964 829 4000 :
857 3954 910 4003 et
929 3945 997 4002 ad
1021 3959 1326 4015 supernum
1343 3944 1735 4013 caalestemque
1755 3940 1998 4006 Patrem,

405 4040 592 4097 locum
646 4038 839 4111 utique
895 4034 1221 4092 hominibus
1281 4035 1656 4098 inaccessum,
1718 4029 2001 4095 ascendit,

407 4130 651 4204 peccatis
685 4129 894 4187 nostris
924 4129 981 4184 in
1014 4143 1074 4184 se
1104 4127 1399 4199 susceptis,
1450 4134 1508 4182 et
1547 4122 1871 4196 propitiatio
1899 4136 2003 4195 pro

409 4227 519 4283 illis
546 4226 839 4283 exsistens.
861 4223 1071 4281 Scribit
1094 4221 1243 4278 enim
1272 4222 1471 4277 beatus
1500 4220 1744 4276 Joannes
1779 4217 1869 4273 his
1907 4216 2003 4288 qui

408 4322 463 4376 in
488 4318 646 4376 illum
673 4316 1010 4375 credebant:
1051 4335 1070 4369 ι
1094 4315 1273 4371 Filioli
1300 4312 1432 4381 mei,
1459 4312 1578 4367 haec
1602 4310 1791 4367 scribo
1819 4309 2001 4374 vobis,

408 4418 470 4468 ut
494 4426 604 4468 non
629 4410 889 4483 peccetis.
934 4408 1044 4466 Sed
1081 4416 1139 4464 et
1166 4406 1213 4463 si
1245 4407 1371 4477 quis
1398 4406 1733 4478 peccaverit,
1770 4403 2006 4458 advoca-

410 4512 530 4559 tum
552 4503 826 4559 habemus
844 4499 991 4572 apud
1004 4501 1246 4564 Patrem,
1264 4497 1453 4554 Jesum
1467 4496 1751 4553 Christum
1769 4496 2003 4566 justum,

410 4602 470 4652 et
489 4595 608 4666 ipse
640 4599 726 4649 est
747 4591 1068 4664 propitiatio
1092 4605 1195 4661 pro
1226 4588 1473 4659 peccatis
1496 4587 1703 4642 nostris
1730 4605 1743 4639 :
1773 4601 1883 4641 non
1903 4599 2008 4655 pro

410 4687 622 4745 nostris
649 4693 837 4741 autem
871 4690 1085 4741 tantum
1106 4724 1121 4750 ,
1159 4682 1258 4738 sed
1292 4681 1459 4737 etiam
1492 4695 1595 4753 pro
1623 4680 1795 4734 totius
1841 4694 2005 4733 mun-

412 4778 471 4834 di
487 4778 530 4832 ⁸.
565 4796 584 4830 ι
615 4776 872 4832 Arbitror
906 4784 1090 4830 autem
1126 4790 1235 4830 non
1276 4773 1378 4830 abs
1412 4788 1473 4828 re
1496 4771 1636 4837 fore,
1667 4770 1715 4826 si
1753 4770 1823 4825 de
1860 4770 2009 4842 lega—

412 4870 561 4927 libus
587 4883 810 4940 quoque
833 4866 1150 4938 scripturis,
1177 4863 1708 4922 commonefaciendi
1730 4863 2005 4920 auditoris

413 4961 611 5033 gratia,
642 4958 908 5018 nonnulla
966 4957 1057 5013 hic
1110 4965 1378 5029 repetam.
1421 4955 1640 5012 Habent
1688 4962 1875 5011 autem
1932 4956 2003 5011 ad

414 5051 565 5109 hunc
597 5050 822 5106 modum
853 5066 868 5104 :
899 5068 918 5101 ι
944 5049 1013 5106 Ει
1050 5048 1286 5105 adducet
1326 5048 1543 5103 hircum
1589 5047 1900 5116 viventem;
1944 5057 2001 5103 et

414 5144 665 5217 imponet
686 5141 873 5201 Aaron
900 5157 1099 5197 manus
1123 5155 1252 5217 suas
1278 5154 1444 5210 super
1472 5147 1639 5212 caput
1663 5139 1806 5196 hirci
1822 5139 2013 5196 viven-

414 5236 511 5302 tis,
548 5246 605 5293 et
638 5234 997 5293 confitebitur
1027 5248 1193 5306 super
1217 5233 1338 5305 ipso
1359 5246 1555 5287 omnes
1588 5230 1909 5302 iniquitates
1944 5230 2009 5285 ﬁ-

414 5329 620 5386 liorum
650 5316 854 5394 Israel,
885 5335 943 5384 et
978 5342 1175 5384 omnes
1216 5323 1515 5397 injustitias
1547 5339 1762 5389 eorum,
1805 5332 1862 5378 et
1888 5338 2009 5377 om-

414 5421 509 5477 nia
541 5421 789 5492 ‘peccata
840 5434 1034 5475 eorum
1079 5436 1092 5472 :
1141 5426 1198 5475 et
1251 5418 1499 5488 imponet
1545 5431 1611 5470 ea
1644 5429 1811 5485 super
1845 5422 2014 5484 caput

417 5513 562 5571 hirci
597 5511 858 5578 viventis,
890 5519 948 5567 et
981 5511 1201 5580 emittet
1219 5526 1349 5567 eum
1373 5510 1430 5566 in
1457 5524 1624 5564 manu
1663 5505 1907 5562 hominis
1943 5505 2013 5560 ad

2099 3484 2406 3557 κρείττονα,
2459 3482 2555 3536 καὶ
2603 3478 2688 3545 ού,
2740 3475 2885 3531 κατά
2928 3473 3028 3545 τὴν
3091 3468 3360 3524 Ἰουδαίων
3409 3463 3702 3529 ἀπόνοιαν,

2101 3549 2477 3645 ἀπομείναντα
2534 3567 2653 3640 μεθ’
2705 3568 2739 3637 ή
2750 3563 2865 3636 μῶν
2936 3562 2993 3614 ὲν
3055 3558 3342 3632 μνήματι,
3412 3550 3511 3605 καὶ

2101 3640 2228 3741 οχον
2255 3662 2519 3734 γεγονότα
2549 3661 2670 3725 ταῖς
2703 3657 2829 3731 ᾅδου
2861 3652 3061 3717 πύλαις
3089 3653 3200 3714 τοῖς
3230 3647 3410 3710 ἄλλοις
3433 3640 3593 3741 ὁμοῦ.
3612 3642 3706 3707 Ὦς

2101 3736 2211 3832 γάρ
2244 3761 2273 3815 ὁ
2295 3754 2462 3812 αὑτοῦ
2489 3771 2624 3825 φησι
2661 3750 2934 3824 μαθητής·
2970 3765 2990 3799 ι
3025 3744 3165 3800 Οὔτε
3192 3736 3592 3832 ἐγκατελείφθη
3615 3737 3708 3832 εἰς

2103 3824 2239 3923 ᾅδην
2270 3851 2307 3922 ή
2331 3847 2480 3919 ψυχὴ
2504 3824 2707 3909 Ϋαύτοῦ,
2741 3840 2867 3895 οὒτε
2901 3840 2935 3911 ή
2968 3836 3106 3910 σάρξ
3140 3830 3307 3890 αὐτοῦ
3337 3824 3710 3923 οἶδε-διαφθο-

2109 3916 2228 4017 ράν.
2264 3916 2307 3995 ί
2336 3916 2566 3994 ’Ἀνεόίω
2592 3935 2702 4007 γὰρ
2737 3930 3041 3994 σκυλεύσας
3076 3925 3351 4017 τδννᾷδην,
3384 3920 3478 4017 καὶ
3503 3920 3617 4017 τοῖς
3645 3916 3711 3971 ὲν

2105 4007 2327 4100 δεσμοῖς
2373 4023 2565 4079 εἰπών·
2621 4019 2932 4090 Ἐξέλθετε,
2990 4017 3085 4071 καὶ
3118 4016 3231 4079 τοῖς
3261 4015 3320 4067 ὲν
3350 4008 3431 4081 τῷ
3478 4007 3663 4100 σκότει
3688 4022 3709 4039 ο

2121 4099 2589 4188 Ἀνακαλύφθητε·
2622 4114 2718 4169 καὶ
2742 4111 2878 4184 πρὸς
2909 4108 3002 4163 τὸν
3039 4107 3153 4162 ἀνω
3179 4104 3274 4159 καὶ
3301 4106 3358 4158 ὲν
3386 4104 3501 4165 τοῖς
3533 4099 3592 4154 ού
3603 4114 3711 4170 ρα-

2107 4214 2220 4277 νοῖς
2250 4211 2473 4282 Πατέρα
2492 4248 2507 4275 ,
2538 4205 2635 4262 καὶ
2668 4208 2749 4269 εἰς
2791 4202 2883 4257 τὸν
2911 4200 3223 4274 ἀνθρώποις
3258 4195 3460 4253 ἄϐατον
3497 4192 3712 4263 ἀνεπή-

2106 4305 2237 4378 δησε
2273 4313 2302 4354 (ι
2337 4301 2535 4374 χῶρον,
2568 4296 2732 4361 αὐτὸς
2760 4298 2847 4367 ἐφ’
2879 4293 3058 4367 ἑαυτῷ
3091 4292 3192 4356 τὰς
3225 4288 3504 4362 ἁμαρτίας
3546 4284 3708 4378 ήμῷν

2110 4375 2421 4461 ἀναλαϐὼν,
2453 4393 2548 4448 καὶ
2586 4389 2813 4463 ίλασμδς
2847 4388 3112 4460 ὑπάρχων
3150 4383 3282 4455 περὶ
3318 4379 3522 4435 αὐτῶν.
3562 4375 3714 4447 Γρά-

2109 4509 2201 4562 φει
2227 4488 2358 4558 γοῦν
2377 4487 2406 4540 ὁ
2435 4485 2723 4549 θεσπέσιος
2765 4479 3019 4551 Ἰωάννης
3043 4478 3157 4541 τοῖς
3186 4477 3267 4539 είς
3289 4472 3453 4529 αὑτὸν
3480 4466 3711 4523 πιστεύ-

2111 4561 2259 4638 σασιν
2297 4599 2318 4634 ι
2351 4579 2573 4645 Τεκνία,
2603 4578 2778 4632 ταῦτα
2807 4574 3007 4648 γράφω
3040 4572 3190 4643 ὑμῖν,
3224 4569 3310 4622 ἵνα
3344 4566 3420 4639 μὴ
3459 4561 3715 4635 ἁμαρτά-

2112 4693 2263 4748 νητε.
2306 4673 2418 4728 Καὶ
2461 4673 2557 4728 ὲάν
2590 4688 2675 4734 τις
2708 4669 2766 4722 δὲ
2800 4667 3062 4739 ἁμάρτῃ,
3115 4661 3471 4733 παράκλητον
3510 4657 3713 4748 ἔχομεν

2117 4767 2255 4841 πρὸς
2283 4766 2375 4822 τὸν
2400 4763 2626 4834 Πατέρα
2663 4758 2871 4831 Ἰησοῦν
2904 4756 3141 4830 Χριστὸν
3170 4755 3396 4809 δίκαιον·
3420 4751 3515 4806 καὶ
3545 4747 3717 4814 αὐτὸς

2117 4840 2344 4930 ἱλασμός
2375 4856 2493 4909 ἐστι
2525 4853 2656 4925 περὶ
2674 4850 2784 4904 τῶν
2816 4846 3102 4921 ἁμαρτιῶν
3122 4845 3312 4918 ήμῶν·
3347 4844 3409 4897 οὐ
3438 4842 3567 4913 περὶ
3600 4840 3717 4896 τῶν

2110 4949 2400 5024 ἡμετέρων
2425 4946 2483 5001 δὲ
2507 4945 2689 5018 μόνον,
2717 4940 2852 4997 ἀλλά
2873 4941 2966 4995 καὶ
2989 4940 3119 5011 περὶ
3147 4937 3242 4993 τοῦ
3271 4936 3395 4991 ὅλου
3419 4933 3649 5004 κόσμου.
3686 4948 3704 4981 ι

2109 5039 2278 5114 Οἶμαι
2315 5039 2373 5093 δὲ
2402 5040 2533 5102 δεῖν,
2568 5034 2855 5111 καῖηαύτὴν
2896 5030 3232 5100 ποιήσασθαι
3257 5029 3356 5102 τὴν
3396 5026 3709 5098 παράθεσιν

2115 5135 2226 5190 τῶν
2249 5130 2490 5205 νομικῶν
2524 5128 2872 5202 γραμμάτων
2901 5127 2981 5190 είς
3015 5125 3323 5196 ἀνάμνησιν
3353 5123 3467 5186 τοῖς
3496 5121 3719 5191 ἀκροωο

2121 5231 2324 5300 μένοις.
2364 5225 2518 5296 Ἔχει
2555 5222 2615 5277 δὲ
2643 5222 2807 5277 οὕτω·
2865 5240 2883 5273 ι
2921 5220 3034 5275 Kal
3062 5215 3327 5292 προσάξει
3362 5215 3454 5269 τὸν
3476 5213 3718 5285 χίμαρον

2115 5321 2209 5373 τὸν
2255 5317 2455 5383 ζῶντα,
2497 5316 2593 5370 καὶ
2624 5313 2876 5386 ἐπιθήσει
2922 5310 3139 5384 Ἀαρὼν
3180 5309 3280 5375 τὰς
3310 5310 3504 5380 χεῖρας
3545 5301 3715 5358 αὑτοῦ

2115 5412 2210 5465 ἐπὶ
2228 5410 2325 5481 τὴν
2355 5409 2598 5481 κεφαλὴν
2617 5408 2710 5461 τοῦ
2733 5405 2971 5478 χιμάρου
3001 5403 3096 5458 τοῦ
3120 5402 3343 5470 ζῶντος.
3377 5401 3489 5455 Καὶ
3521 5399 3715 5466 ἐξαγο-

2120 5503 2301 5575 ρεύσει
2318 5503 2406 5556 ἐπ’
2430 5499 2597 5556 αὐτοῦ
2620 5502 2801 5564 πάσας
2819 5499 2916 5563 τὰς
2931 5497 3162 5569 ἀνομίας
3182 5495 3289 5551 τῶν
3311 5493 3439 5549 υἱῶν
3474 5490 3715 5565 Ἰσραὴλ,

491 5668 508 5699 ¹
552 5667 729 5724 Levit.
769 5684 881 5734 xvi,
920 5668 1007 5731 15,
1044 5668 1129 5723 16.
1208 5668 1228 5698 ³
1260 5666 1428 5721 Hebr.
1457 5681 1531 5732 Ix,
1561 5662 1677 5734 12η
1727 5662 1748 5694 ³
1781 5659 1948 5715 lchr.
1979 5676 1990 5713 ι

2128 5659 2213 5714 l2.
2293 5659 2315 5691 ‘
2348 5657 2551 5727 Ephes.
2584 5673 2638 5723 v,
2679 5656 2729 5721 1,
2756 5656 2809 5710 2.
2887 5656 2907 5687 ⁸
2940 5654 3081 5710 Psal.
3115 5666 3348 5718 Lxxxvn,
3376 5650 3430 5706 5.
3520 5648 3544 5681 ⁶
3568 5643 3694 5705 P331

421 5753 513 5804 xv,
550 5737 636 5792 10.
715 5739 735 5770 ⁷
761 5732 1038 5803 ιειιέχιιχ,
1065 5738 1118 5792 9.
1197 5737 1218 5769 ⁸
1242 5737 1261 5792 l
1287 5736 1444 5792 Joan.
1482 5752 1542 5800 ιι,
1574 5735 1625 5795 1,
1653 5732 1706 5785 2.

1537 5873 1716 5929 Variae
1737 5870 2004 5927 lectiones
2036 5869 2245 5927 codicis
2275 5864 2640 5940 Seguicriani.

498 5977 528 6023 1
557 5968 907 6044 ἀπεδήμησε.
