4048 6450
290 471 407 536 213

1690 469 2026 528 EPISTOLA
2063 470 2199 527 XLI.

3473 470 3580 525 2H

297 592 393 648 καὶ
413 591 603 655 πάσας
621 588 719 654 τὰς
730 587 950 654 ἀδικίας
968 588 1171 645 αὐτῶνθ
1196 607 1290 644 και
1307 588 1488 654 πάσας
1509 591 1610 655 τὰς
1624 591 1898 663 ἁμαρτίας

2024 605 2109 646 loc
2123 590 2302 661 parati
2339 591 2396 647 in
2418 590 2774 648 solitudinem
2792 589 2839 643 ’.
2878 607 2895 640 ι
2926 587 3059 643 Vide
3099 585 3265 659 igitur
3289 600 3399 656 quo
3420 595 3583 657 pacto

301 682 509 738 αὐτῶν·
532 682 628 735 καὶ
644 681 897 752 ἐπιθήσει
930 679 1105 744 αὑτὰς
1123 681 1215 735 ἐπὶ
1233 681 1334 753 τὴν
1349 681 1594 753 κεφαλὴν
1610 682 1703 735 τοῦ
1726 682 1895 753 χιμά-

303 790 401 844 ρου
431 771 533 825 τοῦ
562 770 786 836 ζῶντος·
829 773 924 824 καὶ⁵
956 772 1308 839 ὲξαποστελεῖ
1345 774 1404 826 ὲν
1426 772 1570 845 χειρὶ
1610 773 1896 844 ἀνθρώπου

294 862 527 931 ἑτοίμου
560 862 641 923 εἰς
667 861 770 931 τὴν
789 859 1018 931 ἔρημον.
1052 880 1072 913 ι
1114 861 1303 933 Ἀθρει
1324 861 1388 932 δὴ
1402 858 1516 923 οὖν,
1541 863 1683 926 ὅπως
1706 863 1798 916 καί
1816 879 1897 916 τοι

1997 681 2163 736 etiam
2186 683 2371 753 priore
2396 683 2554 737 hirco
2585 687 2823 736 mactato
2842 721 2855 746 ,
2880 680 3114 734 alterum
3142 676 3376 733 subinde
3397 678 3582 733 vivum

2002 771 2258 841 appellet.
2290 773 2419 827 Erat
2440 772 2611 838 enim,
2642 779 2707 825 ut
2748 771 2861 842 jam
2897 768 3009 823 dixi
3031 809 3045 833 ,
3082 769 3137 822 in
3168 774 3402 837 utroque
3443 781 3586 822 unus

2000 876 2057 917 et
2103 864 2253 931 solus
2297 864 2469 919 Filius
2502 872 2559 919 et
2608 862 2876 918 Dominus
2905 861 3067 915 Jesus
3093 858 3342 934 Christus
3388 859 3581 915 adumo

296 954 393 1008 τοῦ
436 954 665 1024 πρώτου
709 953 1013 1023 σφαγέντος
1046 954 1281 1025 χιμάρου
1305 993 1320 1017 ,
1362 953 1538 1019 ζῶντα
1573 952 1900 1024 πλεισταχοῦ

2024 961 2220 1021 iratus;
2238 961 2298 1009 ut
2310 955 2424 1025 qui,
2441 954 2571 1009 licet
2590 952 2894 1009 secundum
2910 949 3187 1021 propriam
3209 965 3428 1005 carnem
3439 957 3592 1020 pate-

296 1044 392 1096 :6v
424 1043 622 1113 ἓτερον
655 1041 937 1112 ὀνομάζει·
974 1036 1043 1113 ἦν
1072 1043 1217 1112 γὰρ,
1269 1042 1346 1106 ὡς
1399 1041 1557 1112 ἔφην,
1597 1044 1654 1095 ὲν
1699 1043 1904 1110 ἀμφοῖν
1956 1048 1964 1059 ³

296 1135 659 1205 γραφόμενος
691 1129 773 1199 εἷς
805 1135 900 1188 καὶ
946 1134 1107 1206 μόνος
1139 1135 1290 1201 Υἱὸς,
1322 1137 1416 1189 καὶ
1454 1136 1656 1207 Κύριος
1695 1135 1904 1205 Ἰησοῦς

297 1227 567 1297 Χριστὸς,
602 1227 681 1291 ὡς
711 1228 770 1282 ὲν
798 1227 962 1280 πάθει
998 1227 1202 1299 σαρκὸς
1239 1228 1395 1295 ἰδίας,
1427 1228 1521 1299 καὶ
1545 1228 1650 1293 ἔξω
1676 1227 1903 1292 πάθους,

302 1318 380 1380 ὡς
411 1321 474 1371 ὲν
518 1317 781 1390 θανάτῳ,
816 1319 912 1372 καὶ
958 1318 1101 1391 ὑπὲρ
1145 1318 1396 1373 θάνατον.
1437 1319 1570 1391 Ἔζη
1607 1319 1715 1391 γὰρ
1751 1321 1779 1374 6
1809 1318 1904 1372 τοῦ

304 1407 439 1460 Θεοῦ
465 1409 652 1476 Λόγος
680 1408 777 1462 καὶ
801 1408 1107 1479 γενομένης
1133 1408 1361 1463 θανάτου
1389 1409 1488 1479 τῆς
1516 1410 1675 1478 ἁγίας
1707 1408 1907 1479 σαρκὸς

309 1497 493 1562 αὑτοῦ,
526 1498 625 1550 καὶ
661 1498 979 1568 μεμένηκεν
1012 1497 1250 1570 ἀπαθὴς,
1288 1499 1382 1553 καί
1408 1516 1490 1553 τοι
1517 1499 1610 1553 τοῦ
1644 1500 1773 1553 ίδίου
1805 1499 1910 1553 σώ-

313 1605 480 1658 ματος
499 1588 567 1641 τὸ
589 1588 766 1652 πάθος
781 1589 1174 1661 οἰκειούμενος,
1199 1592 1293 1646 καὶ
1313 1594 1395 1657 είς
1414 1591 1605 1645 ἑαυτὸν
1620 1591 1910 1662 ἀναφέρων

308 1679 462 1734 αὐτό.
492 1680 629 1733 Ἴδοι
655 1678 703 1732 δ’
732 1680 802 1734 άν
829 1697 914 1742 τις
950 1680 1110 1735 τοῦτο
1132 1682 1195 1735 :6
1226 1682 1363 1752 βαθὺ
1398 1682 1493 1736 καὶ
1519 1683 1680 1754 μέγαι
1703 1683 1912 1753 μυστή-

313 1787 429 1839 ριον
457 1771 559 1824 καὶ
591 1771 978 1843 ἑτεροτρόπως
1012 1772 1147 1842 ἡμῖν
1170 1772 1516 1843 γραφόμενον
1549 1774 1607 1826 ὲν
1638 1772 1717 1844 τῷ
1748 1774 1911 1826 Λευι-

310 1862 475 1932 τικῷ.
525 1862 972 1934 Μεμολυσμένον
1018 1864 1128 1935 γὰρ
1174 1865 1466 1935 ἀποφαίνει
1504 1866 1597 1919 τὸν
1650 1864 1849 1936 λεπρὸν
1884 1866 1914 1918 ό

314 1956 405 2010 διὰ
442 1958 733 2023 Μωῡσέως
786 1959 992 2030 νόμος’
1039 1961 1427 2030 ἐκπέμπεσθαι
1473 1962 1532 2015 δὲ
1576 1963 1916 2035 προστέταχε
1949 1937 1988 1991 Β

323 2050 424 2118 τῆς
458 2048 822 2120 παρεμϐολῆς
859 2049 937 2114 ὡς
986 2048 1319 2122 ἀκάθαρτον.
1356 2053 1419 2105 Εἰ
1446 2051 1504 2105 δὲ
1550 2051 1788 2123 συμϐαίη
1813 2070 1917 2107 κα·-

338 2139 651 2208 ταλωφῆται
674 2138 733 2192 :6
753 2138 951 2203 πάθος,
979 2141 1103 2194 τότε
1135 2141 1221 2212 δὴ,
1249 2142 1373 2195 τότε
1404 2140 1746 2212 παράδεκτον
1766 2143 1920 2210 γενέ-

350 2228 474 2281 σθαι
504 2229 846 2284 κελεύει.Καὶ
885 2231 952 2303 δὴ
974 2232 1070 2286 καί
1102 2249 1296 2302 φησιν·
1325 2251 1345 2284 ι
1368 2224 1538 2296 Οὗτος
1561 2234 1591 2286 6
1620 2234 1789 2304 νόμος
1819 2233 1917 2287 τοῦ

345 2318 557 2389 λεπροῦ
578 2336 590 2348 ·
620 2316 695 2393 ’ῌ
716 2321 779 2376 ἂν
799 2322 988 2394 ἡμέρᾳ
1007 2323 1337 2394 καθαρισθῇ,
1353 2324 1448 2377 καὶ
1475 2324 1920 2396 προσαχθήσεται

339 2410 478 2481 πρὸς
513 2411 604 2464 τὸν
645 2414 829 2484 ἱερέαο
882 2415 980 2468 καὶ
1004 2412 1355 2481 ἐξελεύσεται
1386 2416 1414 2467 6
1459 2414 1639 2485 ίερεὺς
1678 2413 1783 2480 ἔξω
1819 2415 1921 2486 τῆς

336 2499 708 2572 παρεμϐολῆς,
743 2504 840 2557 καὶ
872 2502 1064 2572 ὄψεται
1096 2505 1124 2556 6
1156 2505 1357 2573 ἱερεὺς,
1390 2503 1485 2557 καὶ
1540 2503 1649 2557 ἰδοὺ
1696 2506 1842 2560 ἰᾶται
1884 2508 1917 2576 ἡ

331 2589 444 2660 ἁφὴ
488 2592 589 2662 τῆς
617 2591 831 2665 λέπρας
875 2592 987 2646 άπὸ
1034 2592 1130 2647 τοῦ
1183 2591 1387 2665 λεπροῦ
1409 2610 1422 2625 ’
1453 2593 1546 2648 καὶ
1577 2592 1869 2664 προστάξει
1894 2597 1924 2650 6

333 2681 535 2754 ιερεὺς,
572 2685 671 2739 καὶ
700 2685 964 2758 λήψονται
988 2684 1068 2757 τῷ
1090 2685 1490 2757 κεκαθαρμένῳ
1525 2695 1547 2723 τ
1580 2685 1675 2740 δύο
1708 2687 1922 2758 ὀρνίθια

331 2771 508 2828 ζῶντα
534 2773 760 2846 καθαρά
781 2792 796 2806 ο
815 2776 911 2829 καὶ
937 2775 1237 2843 προστάξει
1254 2778 1282 2829 6
1310 2778 1513 2848 ἱερεὺς,
1535 2776 1631 2831 καὶ
1661 2775 1923 2847 σφάξουσι

329 2865 389 2918 :6
417 2865 657 2938 ὀρνίθιον
683 2868 748 2921 :6
783 2867 842 2922 ἓν
876 2871 957 2932 είς
980 2871 1204 2938 ἀγγεῖον
1231 2869 1557 2942 ὀστράκινον
1595 2872 1680 2941 ἐφ’
1713 2878 1736 2907 ⁸
1770 2870 1925 2924 ὕδατι

329 2956 526 3020 ζῶντι·
561 2960 660 3013 καί
686 2959 750 3013 :6
778 2960 1017 3033 ὀρνίθιον
1042 2961 1103 3015 :6
1134 2959 1246 3025 ζῶν
1270 2961 1504 3034 λήψεται
1526 2962 1676 3028 αὐτὸ,
1708 2963 1803 3017 καὶ
1826 2961 1925 3032 βάο

328 3046 422 3115 ψει
455 3050 540 3113 είς
570 3050 634 3103 :6
666 3045 811 3122 αἷμα
832 3052 928 3106 τοῦ
949 3051 1187 3123 ὀρνιθίου
1209 3051 1304 3106 τοῦ
1331 3053 1631 3123 σφαγέντος
1656 3053 1741 3124 ἐφ’
1769 3052 1926 3107 ὕδατι.

330 3136 531 3201 ζῶντιο
575 3141 674 3195 καὶ
714 3145 1041 3214 περιρῤανεῖ
1092 3143 1187 3198 ἐπὶ
1238 3144 1331 3197 τὸν
1363 3144 1768 3216 καθαρισθέντα
1818 3146 1928 3200 ἀπὸ

330 3230 431 3299 τῆς
455 3230 671 3303 λέπρας
694 3234 946 3298 ἑπτάκις,
975 3234 1069 3288 καὶ
1098 3234 1336 3306 καθαρὸς
1372 3234 1545 3290 ἔσται.
1588 3236 1698 3291 Καὶ
1730 3236 1927 3302 ἐξαπο-

330 3321 517 3381 στελεῖ
543 3325 610 3377 τὸ
641 3325 878 3397 ὀρνίθιον
910 3326 975 3380 :6
1003 3325 1109 3391 ζῶν
1153 3329 1233 3391 είς
1264 3327 1327 3382 τὸ
1367 3327 1566 3381 πεδίον.
1625 3347 1644 3380 ι
1687 3329 1791 3382 Δύο
1826 3330 1925 3401 μὲν

330 3409 429 3470 οὖν
466 3414 539 3469 τά
571 3417 776 3488 πτηνὰ,
815 3417 910 3472 καὶ
943 3417 1232 3489 ἀκίϐδηλα,
1277 3418 1528 3473 τουτέστι
1558 3419 1797 3491 καθαρὰ,
1834 3422 1929 3475 καὶ

334 3504 622 3576 μηδεμίαν
648 3507 846 3579 ἔχοντα
876 3508 1152 3579 διαϐολὴν,
1181 3509 1280 3579 τὴν
1308 3509 1420 3565 ἀπὸ
1440 3509 1535 3564 τοῦ
1562 3511 1730 3581 νόμου
1749 3511 1892 3583 φημί
1912 3530 1925 3544 ·

330 3597 430 3650 καὶ
463 3597 528 3649 :6
562 3599 662 3667 μὲν
708 3598 767 3652 ἓν
811 3598 1082 3669 ἐσφάζετο
1119 3601 1205 3670 ἐφ’
1237 3600 1393 3654 ὕδατι
1422 3599 1608 3669 ζῶντι,
1656 3602 1787 3671 τόγε
1823 3602 1930 3673 μὴν

330 3685 527 3756 ἕτερον
555 3688 664 3751 ἔξω
702 3689 866 3759 μένον
901 3691 1140 3762 σφαγῆς,
1168 3685 1291 3745 εἶτα
1316 3690 1612 3762 βαπτισθὲν
1647 3693 1706 3745 ὲν
1735 3691 1814 3763 τῷ
1843 3692 1928 3746 αἴο

332 3797 473 3847 ματι
501 3780 600 3834 τοῦ
641 3782 1112 3855 τετελευτηκότος,
1138 3784 1233 3839 καὶ
1257 3784 1344 3855 ἐφ’
1378 3784 1533 3839 ὕδατι
1565 3785 1749 3852 ζῶντι,
1789 3786 1932 3841 κατὰ
1978 3798 1981 3803 ’

330 3870 426 3923 τὸν
456 3871 575 3926 ἴσον
623 3873 702 3944 τῷ
737 3878 958 3947 χιμάρῳ
986 3876 1187 3948 τρόπον
1217 3879 1297 3941 είς
1325 3878 1426 3948 τὴν
1452 3876 1659 3949 ἔρημον
1692 3877 1932 3949 ἐξεπέμ-

334 3979 494 4017 πετο.
542 3963 951 4038 Ὑπεμφήνειεν
983 3968 1025 4021 δ’
1060 3967 1126 4022 ἂν
1176 3969 1207 4022 6
1242 3967 1413 4032 τύπος
1458 3971 1589 4040 ἡμῖν
1632 3971 1734 4023 κάν
1757 3970 1933 4042 τούτῳ

331 4054 402 4124 δὴ
437 4056 609 4109 πάλιν
640 4057 704 4110 :6
727 4059 870 4129 μέγα
899 4059 1225 4131 μυστήριον,
1260 4060 1357 4115 καὶ
1389 4060 1587 4116 σεπτὸν
1622 4062 1718 4115 τοῦ
1747 4061 1933 4132 Σωτῆ-

332 4161 433 4217 ρος
463 4147 648 4218 ἡμῶν.
676 4145 787 4205 Ἦν
832 4152 934 4222 μὲν
960 4151 1070 4222 γὰρ
1114 4152 1344 4220 ἄνωθεν,
1395 4152 1672 4207 τουτέστιν
1734 4155 1800 4207 ἐκ
1833 4152 1931 4207 τοῦ

335 4238 583 4309 Πατρός,
619 4242 714 4294 καὶ
747 4242 809 4308 ἐξ
854 4243 1101 4316 οὐρανῶν
1145 4245 1174 4297 6
1212 4244 1387 4315 Λόγος
1416 4259 1431 4274 ο
1482 4245 1656 4318 ταύτῃ
1700 4262 1783 4300 τοι
1839 4245 1936 4300 καὶ

335 4330 494 4401 μάλα
530 4331 759 4398 εἰκότως
788 4335 979 4407 πτηνῷ
1015 4337 1434 4409 παρεικάζεται.
1473 4336 1937 4408 Καταπεφοίτηκε

334 4422 397 4475 δὲ
452 4424 823 4494 οἰκονομικῶς
867 4428 947 4491 είς
992 4427 1253 4498 ὁμοίωσιν
1294 4427 1395 4499 τὴν
1424 4427 1561 4498 πρὸς
1614 4430 1783 4499 ἡμᾶς,
1842 4428 1938 4481 καὶ

336 4514 511 4569 ἔλαϐε
541 4515 735 4571 δούλου
766 4519 982 4590 μορφήν
1002 4536 1016 4551 ·
1050 4519 1187 4591 πλὴν
1214 4519 1311 4574 καὶ
1343 4519 1552 4575 ἀνωθεν
1596 4514 1754 4583 οὗτος
1790 4519 1808 4555 ⁸
1846 4514 1933 4591 ἦν.

2005 1050 2179 1109 retur,
2220 1053 2403 1100 tamen
2453 1053 2605 1099 extra
2647 1058 2868 1100 omnem
2916 1042 3230 1113 passionem
3265 1048 3470 1111 ageret,
3527 1049 3593 1096 ut

2005 1137 2171 1191 morti
2210 1137 2513 1208 subjectus,
2560 1145 2616 1192 et
2663 1151 2831 1207 supra
2875 1144 3133 1190 mortem.
3182 1133 3413 1188 Vivebat
3443 1132 3591 1186 enim

2006 1224 2113 1311 Dei.
2141 1226 2380 1283 Verbum
2428 1229 2595 1285 etiam
2626 1228 2838 1283 interea
2877 1226 3008 1282 dum
3042 1233 3229 1280 sancta
3274 1223 3423 1278 illius
3464 1236 3592 1277 caro

2008 1326 2242 1373 mortem
2293 1319 2980 1390 gustabatzmanebatque
3018 1314 3344 1387 impatibile,
3395 1327 3591 1383 quam-

2008 1410 2093 1465 vis
2154 1411 2366 1482 proprii
2413 1404 2672 1482 corporis
2733 1411 3049 1482 passionem
3111 1408 3389 1478 propriam
3430 1404 3487 1459 in
3535 1419 3594 1459 se

2011 1500 2360 1556 transferret.
2415 1501 2616 1557 Videre
2666 1510 2751 1557 est
2788 1509 2973 1556 autem
3026 1513 3286 1569 magnum
3324 1497 3432 1551 hoc
3467 1510 3597 1565 pro—

2009 1592 2351 1663 fundumque
2367 1594 2709 1666 mysterium,
2752 1593 2914 1663 128
2942 1601 2997 1647 et
3017 1591 3123 1646 alia
3161 1603 3381 1660 quoque
3422 1585 3598 1657 ﬁgura

2013 1685 2071 1739 in
2094 1684 2341 1740 Levitico
2372 1683 2535 1739 nobis
2553 1684 2913 1740 delineatum.
2940 1681 3053 1737 Lex
3079 1681 3229 1737 enim
3254 1694 3355 1750 per
3376 1676 3599 1749 Moysen

2015 1774 2141 1830 data
2163 1775 2443 1845 leprosum
2466 1789 2589 1830 esse
2630 1771 2976 1828 immundum
3012 1769 3356 1841 pronuntiat,
3385 1773 3443 1821 et
3475 1773 3599 1819 tan-

2016 1882 2179 1936 quam
2213 1867 2485 1937 pollutum
2540 1881 2573 1921 a
2630 1865 2828 1921 castris
2877 1862 3141 1919 excludit.
3166 1859 3324 1929 Quod
3361 1859 3408 1913 si
3449 1872 3603 1912 mori

2020 1957 2154 2013 bum
2183 1972 2402 2014 cessare
2433 1956 2751 2028 contigerit,
2776 1964 2909 2011 tunc
2935 1955 3156 2011 demum
3176 1947 3390 2007 admitti
3421 1948 3600 2021 jubet.

2017 2051 2087 2106 Et
2106 2050 2333 2121 quidem
2357 2049 2472 2105 ait:
2506 2048 2881 2119 :Lexleprosi
2920 2048 3000 2104 sic
3038 2045 3238 2100 habet:
3264 2042 3605 2110 Quacunque

2018 2141 2109 2196 die
2133 2142 2435 2197 mundatus
2457 2141 2647 2207 fuerit,
2700 2139 3008 2195 adducetur
3042 2135 3113 2190 ad
3153 2132 3518 2196 sacerdotem,
3546 2134 3608 2185 et

2017 2233 2334 2303 egredietur
2354 2233 2615 2289 sacerdos
2629 2239 2784 2287 extra
2802 2237 2999 2295 castra,
3019 2236 3075 2283 et
3092 2226 3353 2297 inspiciet
3376 2237 3527 2286 eum,
3547 2226 3607 2274 et

2017 2339 2147 2380 ecce
2173 2332 2401 2381 sanatur
2422 2331 2600 2379 tactus
2621 2323 2789 2392 lepra:
2808 2335 2839 2375 a
2858 2320 3100 2390 leproso,
3134 2323 3192 2371 et
3214 2312 3496 2386 praecipiet
3513 2327 3605 2367 sa-

2021 2416 2238 2481 cerdos,
2259 2425 2317 2471 et
2336 2421 2554 2470 sument
2568 2414 2621 2469 ei
2641 2414 2737 2484 qui
2756 2411 3083 2483 puriﬁcatur
3099 2409 3238 2464 duos
3253 2419 3504 2476 passeres
3516 2403 3604 2458 vi-

2020 2521 2119 2563 vos
2134 2506 2391 2572 mundos;
2408 2512 2465 2561 et
2484 2503 2764 2575 praecipiet
2782 2500 3130 2565 sacerdos,'et
3148 2511 3320 2553 unum
3339 2511 3409 2550 ex
3420 2508 3608 2564 passe-

2021 2599 2178 2654 ribus
2197 2596 2562 2653 immolabunt
2583 2597 2639 2649 in
2664 2609 2795 2650 vase
2818 2591 2972 2647 ﬁctili
2999 2605 3165 2660 super
3185 2602 3382 2658 aquam
3408 2585 3605 2639 viven-

2022 2697 2173 2756 tem;
2198 2690 2433 2744 alterum
2457 2694 2640 2741 autem
2671 2684 2860 2739 vivum
2886 2689 3089 2746 sumet,
3109 2694 3174 2734 ac
3203 2679 3375 2748 tinget
3399 2676 3459 2729 in
3476 2689 3607 2731 san-

2023 2780 2188 2852 guine
2200 2779 2443 2850 passeris
2456 2776 2722 2833 immolati
2738 2791 2905 2846 super
2919 2788 3119 2845 aquam
3129 2771 3332 2835 vivam;
3350 2777 3407 2824 et
3422 2780 3611 2838 asper-

2025 2881 2115 2945 get
2143 2873 2296 2927 illum
2321 2871 2417 2942 qui
2447 2870 2746 2926 mundatus
2769 2875 2854 2924 est
2877 2884 2909 2922 a
2933 2866 3108 2936 lepra,
3135 2862 3357 2935 septies,
3376 2869 3434 2916 et
3445 2875 3610 2915 muri-

2026 2965 2130 3020 dus
2156 2963 2284 3019 erit.
2304 2963 2373 3017 Et
2396 2961 2637 3017 dimittet
2663 2974 2944 3031 passerem
2979 2957 3165 3013 vivum
3196 2955 3253 3011 in
3278 2967 3470 3026 agrum
3491 2952 3556 3006 ιο.
3583 2969 3603 3003 ι

2026 3052 2159 3110 Duae
2182 3055 2364 3124 itaque
2397 3059 2528 3109 sunt
2562 3051 2792 3108 aviculae
2832 3049 3143 3120 inculpatae,
3180 3045 3289 3102 hoc
3321 3051 3408 3101 est
3447 3058 3611 3098 mun-

2027 3147 2130 3211 dae,
2160 3146 2484 3215 nullumque
2527 3144 2794 3199 habentes
2855 3138 3370 3212 reprehendendum
3415 3134 3614 3190 vitium

2028 3238 2202 3309 juxta,
2228 3238 2477 3307 inquam,
2516 3235 2653 3307 legis
2691 3242 2931 3300 statuta;
2956 3233 3215 3289 et'altera
3242 3228 3466 3300 quidem
3491 3242 3614 3282 ma-

2033 3329 2287 3387 ctabatur
2315 3343 2482 3399 super
2503 3341 2701 3396 aquam
2725 3326 2926 3389 vivam,
2956 3323 3131 3378 altera
3150 3335 3286 3375 vero
3316 3334 3349 3374 a
3373 3317 3521 3373 caede
3543 3318 3614 3372 li-

2029 3422 2185 3488 bera,
2214 3420 2416 3476 deinde
2454 3419 2627 3474 tincta
2672 3417 2938 3489 sanguine
2985 3429 3153 3484 super
3196 3422 3395 3482 aquam
3430 3408 3615 3464 vivam

2031 3514 2246 3579 occisae,
2273 3513 2341 3568 ad
2364 3512 2678 3582 exemplum
2708 3508 2851 3564 hirci
2892 3508 2950 3563 in
2976 3503 3335 3562 solitudinem
3366 3500 3613 3557 dimitte-

2029 3607 2210 3663 batur.
2238 3607 2308 3662 Et
2333 3606 2426 3661 hic
2459 3619 2683 3660 rursum
2709 3611 2873 3675 typus
2898 3613 3156 3672 magnum
3184 3595 3322 3652 illud
3345 3607 3618 3649 veneran-

2033 3682 2277 3769 tiumque
2301 3696 2600 3754 Salvatoris
2628 3695 2807 3752 nostri
2844 3692 3170 3766 mysterium
3194 3688 3361 3744 nobis
3386 3685 3622 3742 indicat-

2034 3791 2273 3846 Venerat
2291 3790 2440 3845 enim
2463 3789 2706 3845 Verbum
2721 3802 2753 3842 e
2771 3784 3160 3856 supernis,hoe
3173 3790 3279 3847 est,
3294 3795 3364 3836 ex
3382 3779 3542 3835 Patre
3559 3784 3622 3831 et:

2034 3897 2065 3937 e
2092 3880 2268 3935 caelo:
2302 3894 2475 3949 quare
2506 3886 2658 3934 recte
2691 3875 2986 3933 admodum
3006 3872 3219 3930 volucri
3240 3875 3614 3941 comparatur.

2035 3971 2333 4029 Descendit
2354 3978 2538 4027 autem
2567 3986 2665 4041 per
2687 3967 2871 4025 carnis
2913 3964 3383 4037 dispensationem
3413 3959 3481 4015 ad
3520 3973 3621 4013 no-

2036 4072 2207 4121 stram
2261 4062 2703 4126 similitudinem,
2759 4068 2817 4117 et
2845 4059 3077 4114 fortnam
3124 4054 3270 4111 servi
3304 4050 3619 4121 accepit“:

2038 4163 2421 4213 verumtamen
2470 4162 2528 4211 et
2555 4154 2663 4209 hoc
2689 4165 2912 4222 quoque
2948 4156 3112 4219 pacto
3141 4161 3174 4201 e
3213 4143 3470 4215 supernis
3511 4151 3617 4196 est.

2030 4248 2252 4337 ‘Diserte
2280 4260 2517 4316 namque
2540 4244 2610 4300 ad
2630 4243 2852 4298 Iudaeos
2881 4239 3056 4296 dixit:
3086 4256 3102 4288 ι
3125 4237 3236 4292 Vos
3258 4234 3332 4337 de
3359 4232 3622 4331 deorsum

2038 4338 2190 4403 estis,
2220 4353 2322 4409 ego
2340 4337 2408 4391 de
2429 4332 2685 4405 supernis
2718 4346 2870 4397 sum;
2894 4344 2991 4384 vos
3017 4328 3087 4382 de
3106 4323 3314 4381 mundo
3332 4323 3440 4377 hoc
3463 4320 3621 4385 estis,

2037 4444 2140 4500 ego
2159 4444 2270 4484 non
2298 4443 2419 4483 sum
2478 4425 2546 4481 de
2571 4426 2679 4479 hoc
2723 4421 2931 4477 mundo
2958 4421 3021 4473 ¹².
3044 4438 3063 4469 ι
3105 4418 3174 4473 Et
3202 4415 3434 4471 iterum:
3468 4432 3485 4465 ι
3510 4412 3620 4467 Ne-

2041 4537 2133 4578 mo
2154 4520 2405 4577 ascendit
2425 4518 2482 4572 in
2506 4517 2706 4573 coelum
2731 4515 2840 4571 nisi
2884 4511 2980 4583 qui
3007 4507 3296 4566 descendit
3341 4505 3412 4560 de
3456 4503 3621 4567 coelo,

334 4606 626 4711 Kai'roigv
666 4608 907 4679 ἔφασκεν
935 4615 1203 4686 ἐναργῶς,
1258 4613 1532 4677 Ἰουδαίοις
1573 4614 1926 4683 προσλαλῶνε

2043 4612 2217 4667 Filius
2274 4607 2517 4665 hominis
2551 4607 2612 4660 ¹³.
2642 4625 2659 4657 ι
2718 4605 2873 4661 Sicut
2909 4602 3060 4658 enim
3116 4598 3282 4670 paulo
3323 4603 3451 4653 ante
3485 4592 3622 4657 dixi.

2103 4705 2115 4711 -
2354 4709 2361 4711 .
2852 4696 2867 4711 1
2946 4710 2949 4711 ,
2996 4702 3067 4711 κε.
3140 4689 3410 4711 _._..l‘--4---
3459 4685 3622 4711 ιιιηνιη

344 4714 366 4748 ς
415 4697 616 4770 Ὑμεῖς
650 4703 717 4755 ὲκ
748 4703 858 4757 τῶν
890 4705 1043 4759 κάτω
1070 4706 1214 4773 ἐστὲ,
1252 4705 1366 4773 ἐγὼ
1395 4707 1460 4759 ἐκ
1492 4704 1601 4759 τῶν
1635 4706 1748 4760 ἄνω
1787 4705 1902 4776 είμί
1923 4722 1936 4737 °

339 4789 457 4859 ἐγὼ
488 4793 593 4845 οὐκ
624 4794 747 4864 είμὶ
791 4797 857 4849 ὲκ
890 4796 988 4851 τοῦ
1037 4798 1246 4869 κόσμου
1286 4795 1502 4850 τούτου.
1553 4814 1572 4849 ι
1604 4796 1716 4850 Καὶ
1745 4794 1938 4850 πάλιν*

346 4901 368 4934 ο
412 4884 613 4949 Οὐδεὶς
642 4886 987 4960 ἀναϐέϐηκεν
1008 4892 1087 4954 είς
1117 4891 1210 4944 τὸν
1238 4890 1490 4961 οὐρανὸν,
1520 4890 1570 4943 εί
1598 4889 1673 4960 μὴ
1696 4890 1723 4942 ὁ
1757 4891 1820 4942 ἐκ
1844 4886 1939 4942 τοῦ

2042 4705 2211 4761 etiam
2242 4709 2602 4773 posteaquam
2651 4713 2798 4763 caro,
2852 4696 2959 4751 hoc
2986 4702 3093 4758 est,
3138 4689 3414 4763 perfectus
3458 4685 3623 4740 homo

2041 4794 2220 4850 factus
2244 4799 2349 4858 est,
2391 4807 2503 4846 non
2543 4799 2796 4844 terrenus
2829 4793 2969 4851 erat,
3024 4791 3124 4839 aut
3157 4797 3189 4837 e
3212 4781 3439 4851 pulvere
3482 4775 3627 4832 sicut

2045 4900 2167 4949 nos,
2215 4882 2313 4939 sed
2358 4881 2602 4937 caelestis
2662 4891 2727 4935 ac
2794 4874 3296 4948 supermundanus,
3356 4875 3630 4940 quatenus

340 4976 586 5047 ούρανοῦ
626 4957 893 5046 καταϐὰς,
946 4983 975 5035 6
1011 4982 1138 5046 Υἱὸς
1165 4981 1260 5036 τοῦ
1287 4957 1610 5053 ἀνθρώπου..
1644 4957 1671 5031 ι.
1719 4978 1807 5042 Ὠς
1832 4978 1926 5050 γὰρ

2046 4977 2231 5034 animo
2252 4974 2563 5045 concipitur
2597 4981 2660 5027 ut
2687 4973 2852 5027 Deus.
2899 4970 3175 5026 Caeterum
3204 4962 3351 5035 quod
3389 4966 3516 5015 ante
3539 4957 3625 5012 vi-

342 5069 488 5138 έφην
539 5068 768 5138 ἀρτίως,
807 5071 904 5125 καὶ
948 5071 1089 5143 σὰρξ
1137 5069 1401 5142 γεγονὼς,
1454 5071 1625 5141 ἡγουν
1659 5069 1864 5133 τέλειος
1915 5080 1940 5108 η

343 5159 666 5229 ἅνθρωπος,
696 5160 758 5214 οὐ
805 5162 994 5234 γήϊνος
1018 5158 1089 5233 ἦν
1131 5161 1165 5233 ἢ
1197 5161 1399 5233 χοῖκδς,
1453 5159 1576 5214 καθ’
1606 5161 1777 5232 ἡμᾶς,
1824 5161 1940 5215 ἀλλ’

2048 5082 2170 5122 sum
2194 5072 2279 5121 est
2307 5064 2364 5119 in
2390 5063 2582 5128 hircis,
2616 5062 2725 5118 hoc
2750 5061 2932 5131 ipsum
2956 5069 3012 5114 et
3038 5058 3095 5111 in
3132 5050 3448 5126 passeribus
3492 5045 3629 5116 ipsis

2048 5158 2341 5214 observare
2368 5154 2516 5218 licet,
2545 5154 2787 5210 Verbum
2807 5166 2973 5207 carne
3001 5146 3224 5217 quidem
3246 5152 3469 5213 passum
3504 5150 3627 5191 esse

344 5249 408 5300 οὐ
417 5225 611 5319 ράνιός
628 5265 687 5301 τε
711 5249 807 5303 καὶ
819 5225 1232 5323 ύπερκόσμιος,
1246 5225 1605 5305 καθὸ-νοεῖται
1625 5225 1782 5313 ὗεός.
1799 5248 1926 5320 Πλὴτ

2043 5247 2348 5306 secundum
2360 5245 2675 5317 Scripturas
2688 5286 2703 5309 ,
2729 5243 2827 5300 sed
2856 5251 3041 5297 tamen
3062 5234 3257 5306 quavis
3271 5225 3628 5303 perpessione

346 5339 504 5393 ἔστιν
540 5339 673 5392 ίδείν
704 5340 762 5392 ἐν
789 5343 904 5405 τοῖς
931 5343 1194 5414 ὀρνιθίοις
1228 5342 1375 5397 καθά
1406 5341 1499 5396 καὶ
1537 5344 1594 5396 ὲν
1617 5342 1729 5406 τοῖς
1778 5340 1949 5412 χιμάο

2045 5340 2224 5411 majus
2250 5338 2529 5395 exstitisse
2571 5355 2584 5391 :
2618 5344 2676 5391 et
2716 5332 3040 5390 humanitus
3061 5323 3288 5396 quidem
3323 5325 3624 5378 mortuum.
3694 5345 3703 5354 ~

346 5451 496 5503 ροις,
532 5436 701 5506 σαρκὶ
721 5435 819 5505 μὲν
840 5413 1107 5501 παθόντα,
1129 5436 1271 5491 κατά
1291 5436 1394 5499 τὰς
1420 5436 1664 5507 Γραφὰς,
1693 5435 1926 5505 μείναντι

2048 5430 2316 5488 divinitus
2353 5445 2486 5485 vero
2519 5430 2704 5485 vivum
2744 5420 3151 5501 permansisse:
3194 5413 3439 5472 Verbum
3469 5421 3627 5462 nam-

343 5526 405 5578 δὲ
456 5527 558 5579 καὶ
591 5526 852 5582 ἐπέκεινα
886 5526 981 5582 τοῦ
1016 5527 1211 5584 παθεῖν
1231 5545 1244 5558 '
1277 5529 1373 5582 καὶ
1406 5526 1823 5596 ἀποθνήσκοντα
1855 5527 1926 5597 μὲι

2051 5539 2159 5596 que
2187 5521 2300 5577 vita
2320 5531 2439 5577 erat
2478 5522 2543 5573 η.
2568 5520 2747 5586 Quare
2773 5525 2828 5571 et
2861 5509 3302 5586 sapientissimus
3323 5500 3630 5572 discipulus

421 5645 446 5677 ’
482 5643 662 5699 chit.
707 5660 819 5711 τινι,
849 5645 940 5713 20,
975 5647 1066 5702 2i.

1182 5648 1227 5679 ¹⁹
1254 5646 1432 5701 Levit.
1465 5661 1573 5711 xlv,
1632 5645 1748 5700 2-7.

354 5715 399 5746 “
431 5714 600 5771 Joan.
648 5729 688 5779 ι,
720 5714 774 5769 4.

1864 5645 1904 5676 ¹¹
1939 5644 2177 5715 Philipp.
2206 5659 2265 5708 ιι,
2296 5639 2350 5708 6,
2379 5640 2429 5693 7.

2548 5638 2589 5669 ¹³
2623 5635 2779 5692 .loan.
2820 5649 2933 5699 vm,
2959 5631 3048 5688 9.3.
3166 5624 3209 5658 "
3243 5623 3400 5680 Joan.
3429 5630 3506 5681 In,
3538 5612 3627 5674 l3.

1478 5785 1646 5841 Varia:
1674 5784 1937 5839 lectiones
1971 5785 2176 5841 codicis
2210 5777 2571 5853 Seguicriani.

439 5914 456 5935 '
488 5901 968 5974 κεκαθαρισμένῳ.
1038 5905 1059 5935 ¹
1106 5903 1182 5956 ὲν.
1267 5901 1506 5965 ῑοῦτως.

1582 5912 1609 5940 ιι
1639 5897 1877 5963 τελείως.
1946 5954 1949 5959 ι
