  <div class='ocr_page' id='page_1' title='image "/cluster/home/n/w/nwhite01/storage/ocr_20150623/77:no.10/coo.31924054869783/115.png"; bbox 0 0 4048 6438; ppageno 0'>
   <div class='ocr_carea' id='block_1_1' title="bbox 415 421 521 478">
    <p class='ocr_par' dir='ltr' id='par_1_1' title="bbox 415 421 521 478">
     <span class='ocr_line' id='line_1_1' title="bbox 415 421 521 478; baseline 0.019 -2"><span class='ocrx_word' id='word_1_1' title='bbox 415 421 521 478; x_wconf 73' lang='grc' dir='ltr'><strong>2ίὸ</strong></span> 
     </span>
    </p>
   </div>
   <div class='ocr_carea' id='block_1_2' title="bbox 1433 419 2674 478">
    <p class='ocr_par' dir='ltr' id='par_1_2' title="bbox 1433 419 2674 478">
     <span class='ocr_line' id='line_1_2' title="bbox 1433 419 2674 478; baseline -0.001 -2"><span class='ocrx_word' id='word_1_2' title='bbox 1433 419 1488 476; x_wconf 91' lang='lat' dir='ltr'><strong>S.</strong></span> <span class='ocrx_word' id='word_1_3' title='bbox 1531 420 1808 476; x_wconf 79' lang='lat' dir='ltr'><strong>CYRlLLl</strong></span> <span class='ocrx_word' id='word_1_4' title='bbox 1848 419 2323 476; x_wconf 66' lang='lat' dir='ltr'><strong>ALEXANDRINI</strong></span> <span class='ocrx_word' id='word_1_5' title='bbox 2354 421 2674 478; x_wconf 70' lang='lat' dir='ltr'><strong>AltCHlEP.</strong></span> 
     </span>
    </p>
   </div>
   <div class='ocr_carea' id='block_1_3' title="bbox 3596 422 3704 481">
    <p class='ocr_par' dir='ltr' id='par_1_3' title="bbox 3596 422 3704 481">
     <span class='ocr_line' id='line_1_3' title="bbox 3596 422 3704 481; baseline -0.028 0"><span class='ocrx_word' id='word_1_6' title='bbox 3596 422 3704 481; x_wconf 72' lang='grc'><strong>216</strong></span> 
     </span>
    </p>
   </div>
   <div class='ocr_carea' id='block_1_4' title="bbox 419 536 2009 614">
    <p class='ocr_par' dir='ltr' id='par_1_4' title="bbox 419 536 2009 607">
     <span class='ocr_line' id='line_1_4' title="bbox 419 536 2009 607; baseline 0 -15"><span class='ocrx_word' id='word_1_7' title='bbox 419 539 510 594; x_wconf 88' lang='lat' dir='ltr'><strong>ille</strong></span> <span class='ocrx_word' id='word_1_8' title='bbox 555 553 722 596; x_wconf 88' lang='lat' dir='ltr'><strong>carne</strong></span> <span class='ocrx_word' id='word_1_9' title='bbox 743 536 969 607; x_wconf 86' lang='lat' dir='ltr'><strong>quidem</strong></span> <span class='ocrx_word' id='word_1_10' title='bbox 1023 538 1416 593; x_wconf 78' lang='lat' dir='ltr'><strong>mortiﬁcatum</strong></span> <span class='ocrx_word' id='word_1_11' title='bbox 1457 537 1615 604; x_wconf 95' lang='lat' dir='ltr'><strong>dicit,</strong></span> <span class='ocrx_word' id='word_1_12' title='bbox 1667 537 2009 592; x_wconf 83' lang='lat' dir='ltr'><strong>viviﬁcatum</strong></span> 
     </span>
    </p>
   </div>
   <div class='ocr_carea' id='block_1_5' title="bbox 2114 536 3701 614">
    <p class='ocr_par' dir='ltr' id='par_1_5' title="bbox 2114 536 3701 614">
     <span class='ocr_line' id='line_1_5' title="bbox 2114 536 3701 614; baseline 0.003 -22"><span class='ocrx_word' id='word_1_13' title='bbox 2114 539 2492 610; x_wconf 79' lang='grc' dir='ltr'><strong>ἀνθρωπίνως,</strong></span> <span class='ocrx_word' id='word_1_14' title='bbox 2529 539 2712 603; x_wconf 79' lang='grc' dir='ltr'>ζῶντα</span> <span class='ocrx_word' id='word_1_15' title='bbox 2736 537 2794 590; x_wconf 84' lang='grc' dir='ltr'>δὲ</span> <span class='ocrx_word' id='word_1_16' title='bbox 2822 536 3052 601; x_wconf 85' lang='grc' dir='ltr'>θεῖκῶς·</span> <span class='ocrx_word' id='word_1_17' title='bbox 3085 536 3199 609; x_wconf 78' lang='grc' dir='ltr'><strong>ζωὴ</strong></span> <span class='ocrx_word' id='word_1_18' title='bbox 3221 537 3332 612; x_wconf 72' lang='grc' dir='ltr'><strong>γὰρ</strong></span> <span class='ocrx_word' id='word_1_19' title='bbox 3361 540 3390 594; x_wconf 99' lang='lat'><strong>6</strong></span> <span class='ocrx_word' id='word_1_20' title='bbox 3413 539 3586 608; x_wconf 73' lang='grc' dir='ltr'>Λόγος</span> <span class='ocrx_word' id='word_1_21' title='bbox 3610 540 3701 614; x_wconf 80' lang='grc' dir='ltr'><strong>ἦν.</strong></span> 
     </span>
    </p>
   </div>
   <div class='ocr_carea' id='block_1_6' title="bbox 417 629 2008 700">
    <p class='ocr_par' dir='ltr' id='par_1_6' title="bbox 417 629 2008 700">
     <span class='ocr_line' id='line_1_6' title="bbox 417 629 2008 700; baseline 0.001 -17"><span class='ocrx_word' id='word_1_22' title='bbox 417 637 599 684; x_wconf 88' lang='lat' dir='ltr'><strong>autem</strong></span> <span class='ocrx_word' id='word_1_23' title='bbox 625 629 824 698; x_wconf 78' lang='lat' dir='ltr'><strong>spiritu</strong></span> <span class='ocrx_word' id='word_1_24' title='bbox 861 630 923 683; x_wconf 81' lang='lat'><strong>&quot;.</strong></span> <span class='ocrx_word' id='word_1_25' title='bbox 953 629 1115 700; x_wconf 79' lang='lat'><strong>129</strong></span> <span class='ocrx_word' id='word_1_26' title='bbox 1136 629 1339 685; x_wconf 87' lang='lat' dir='ltr'><strong>Verum</strong></span> <span class='ocrx_word' id='word_1_27' title='bbox 1379 631 1530 685; x_wconf 88' lang='lat' dir='ltr'><strong>enim</strong></span> <span class='ocrx_word' id='word_1_28' title='bbox 1553 647 1690 686; x_wconf 90' lang='lat' dir='ltr'><strong>vero</strong></span> <span class='ocrx_word' id='word_1_29' title='bbox 1710 631 1843 686; x_wconf 90' lang='lat' dir='ltr'><strong>licet</strong></span> <span class='ocrx_word' id='word_1_30' title='bbox 1869 631 2008 687; x_wconf 81' lang='lat' dir='ltr'><strong>Ver-</strong></span> 
     </span>
    </p>
   </div>
   <div class='ocr_carea' id='block_1_7' title="bbox 420 721 2011 795">
    <p class='ocr_par' dir='ltr' id='par_1_7' title="bbox 420 721 2011 795">
     <span class='ocr_line' id='line_1_7' title="bbox 420 721 2011 795; baseline 0.002 -19"><span class='ocrx_word' id='word_1_31' title='bbox 420 722 550 776; x_wconf 87' lang='lat' dir='ltr'><strong>bum</strong></span> <span class='ocrx_word' id='word_1_32' title='bbox 579 721 886 776; x_wconf 90' lang='lat' dir='ltr'><strong>secundum</strong></span> <span class='ocrx_word' id='word_1_33' title='bbox 934 723 1218 792; x_wconf 85' lang='lat' dir='ltr'><strong>propriam</strong></span> <span class='ocrx_word' id='word_1_34' title='bbox 1270 732 1524 778; x_wconf 90' lang='lat' dir='ltr'><strong>naturam</strong></span> <span class='ocrx_word' id='word_1_35' title='bbox 1565 724 1762 779; x_wconf 89' lang='lat' dir='ltr'><strong>mortis</strong></span> <span class='ocrx_word' id='word_1_36' title='bbox 1810 739 2011 795; x_wconf 81' lang='lat' dir='ltr'><strong>expers</strong></span> 
     </span>
    </p>
   </div>
   <div class='ocr_carea' id='block_1_8' title="bbox 416 812 2011 884">
    <p class='ocr_par' dir='ltr' id='par_1_8' title="bbox 416 812 2011 884">
     <span class='ocr_line' id='line_1_8' title="bbox 416 812 2011 884; baseline 0.002 -18"><span class='ocrx_word' id='word_1_37' title='bbox 416 812 807 880; x_wconf 77' lang='lat' dir='ltr'><strong>permanserit,</strong></span> <span class='ocrx_word' id='word_1_38' title='bbox 833 819 889 866; x_wconf 92' lang='lat' dir='ltr'><strong>at</strong></span> <span class='ocrx_word' id='word_1_39' title='bbox 910 827 1022 866; x_wconf 63' lang='lat' dir='ltr'><strong>suae</strong></span> <span class='ocrx_word' id='word_1_40' title='bbox 1056 821 1236 868; x_wconf 91' lang='lat' dir='ltr'><strong>tamen</strong></span> <span class='ocrx_word' id='word_1_41' title='bbox 1264 814 1469 879; x_wconf 90' lang='lat' dir='ltr'><strong>carnis,</strong></span> <span class='ocrx_word' id='word_1_42' title='bbox 1497 821 1557 868; x_wconf 93' lang='lat' dir='ltr'><strong>ut</strong></span> <span class='ocrx_word' id='word_1_43' title='bbox 1585 815 1698 884; x_wconf 88' lang='lat' dir='ltr'><strong>jam</strong></span> <span class='ocrx_word' id='word_1_44' title='bbox 1725 813 1858 878; x_wconf 81' lang='lat' dir='ltr'><strong>dixi,</strong></span> <span class='ocrx_word' id='word_1_45' title='bbox 1886 830 2011 884; x_wconf 88' lang='lat' dir='ltr'><strong>pas-</strong></span> 
     </span>
    </p>
   </div>
   <div class='ocr_carea' id='block_1_9' title="bbox 417 903 2009 976">
    <p class='ocr_par' dir='ltr' id='par_1_9' title="bbox 417 903 2009 976">
     <span class='ocr_line' id='line_1_9' title="bbox 417 903 2009 976; baseline 0.001 -18"><span class='ocrx_word' id='word_1_46' title='bbox 417 905 604 959; x_wconf 87' lang='lat' dir='ltr'><strong>siones</strong></span> <span class='ocrx_word' id='word_1_47' title='bbox 636 903 803 958; x_wconf 81' lang='lat' dir='ltr'><strong>veluti</strong></span> <span class='ocrx_word' id='word_1_48' title='bbox 833 904 1082 974; x_wconf 87' lang='lat' dir='ltr'><strong>proprias</strong></span> <span class='ocrx_word' id='word_1_49' title='bbox 1111 905 1167 960; x_wconf 90' lang='lat' dir='ltr'><strong>in</strong></span> <span class='ocrx_word' id='word_1_50' title='bbox 1215 921 1272 960; x_wconf 89' lang='lat' dir='ltr'><strong>se</strong></span> <span class='ocrx_word' id='word_1_51' title='bbox 1329 907 1629 962; x_wconf 79' lang='lat' dir='ltr'><strong>transtulit.</strong></span> <span class='ocrx_word' id='word_1_52' title='bbox 1670 906 2009 976; x_wconf 88' lang='lat' dir='ltr'><strong>Tingebatur</strong></span> 
     </span>
    </p>
   </div>
   <div class='ocr_carea' id='block_1_10' title="bbox 417 994 2008 1068">
    <p class='ocr_par' dir='ltr' id='par_1_10' title="bbox 417 994 2008 1068">
     <span class='ocr_line' id='line_1_10' title="bbox 417 994 2008 1068; baseline 0.003 -20"><span class='ocrx_word' id='word_1_53' title='bbox 417 995 567 1051; x_wconf 87' lang='lat' dir='ltr'><strong>enim</strong></span> <span class='ocrx_word' id='word_1_54' title='bbox 603 1010 794 1064; x_wconf 90' lang='lat' dir='ltr'><strong>passer</strong></span> <span class='ocrx_word' id='word_1_55' title='bbox 821 994 979 1050; x_wconf 88' lang='lat' dir='ltr'><strong>vivus</strong></span> <span class='ocrx_word' id='word_1_56' title='bbox 1012 995 1070 1050; x_wconf 91' lang='lat' dir='ltr'><strong>in</strong></span> <span class='ocrx_word' id='word_1_57' title='bbox 1117 997 1383 1067; x_wconf 84' lang='lat' dir='ltr'><strong>sanguine</strong></span> <span class='ocrx_word' id='word_1_58' title='bbox 1410 997 1610 1053; x_wconf 89' lang='lat' dir='ltr'><strong>occisi:</strong></span> <span class='ocrx_word' id='word_1_59' title='bbox 1643 1007 1699 1052; x_wconf 91' lang='lat' dir='ltr'><strong>et</strong></span> <span class='ocrx_word' id='word_1_60' title='bbox 1743 997 2008 1068; x_wconf 88' lang='lat' dir='ltr'><strong>sanguine</strong></span> 
     </span>
    </p>
   </div>
   <div class='ocr_carea' id='block_1_11' title="bbox 419 1087 2006 1159">
    <p class='ocr_par' dir='ltr' id='par_1_11' title="bbox 419 1087 2006 1159">
     <span class='ocr_line' id='line_1_11' title="bbox 419 1087 2006 1159; baseline 0 -17"><span class='ocrx_word' id='word_1_61' title='bbox 419 1087 646 1157; x_wconf 87' lang='lat' dir='ltr'><strong>quidem</strong></span> <span class='ocrx_word' id='word_1_62' title='bbox 681 1088 834 1143; x_wconf 90' lang='lat' dir='ltr'><strong>illius</strong></span> <span class='ocrx_word' id='word_1_63' title='bbox 884 1096 1226 1153; x_wconf 90' lang='lat' dir='ltr'><strong>cruentatus,</strong></span> <span class='ocrx_word' id='word_1_64' title='bbox 1281 1089 1664 1159; x_wconf 89' lang='lat' dir='ltr'><strong>passionisque</strong></span> <span class='ocrx_word' id='word_1_65' title='bbox 1711 1104 2006 1158; x_wconf 90' lang='lat' dir='ltr'><strong>propemo-</strong></span> 
     </span>
    </p>
   </div>
   <div class='ocr_carea' id='block_1_12' title="bbox 368 1181 2010 1251">
    <p class='ocr_par' dir='ltr' id='par_1_12' title="bbox 368 1181 2010 1251">
     <span class='ocr_line' id='line_1_12' title="bbox 368 1181 2010 1251; baseline 0.001 -16"><span class='ocrx_word' id='word_1_66' title='bbox 368 1189 376 1198; x_wconf 82' lang='lat'>&#39;</span> <span class='ocrx_word' id='word_1_67' title='bbox 419 1181 551 1235; x_wconf 87' lang='lat' dir='ltr'><strong>dum</strong></span> <span class='ocrx_word' id='word_1_68' title='bbox 573 1181 870 1251; x_wconf 86' lang='lat' dir='ltr'><strong>particeps,</strong></span> <span class='ocrx_word' id='word_1_69' title='bbox 900 1181 956 1235; x_wconf 89' lang='lat' dir='ltr'><strong>in</strong></span> <span class='ocrx_word' id='word_1_70' title='bbox 979 1181 1334 1236; x_wconf 87' lang='lat' dir='ltr'><strong>solitudinem</strong></span> <span class='ocrx_word' id='word_1_71' title='bbox 1359 1181 1763 1236; x_wconf 89' lang='lat' dir='ltr'><strong>dimittebatur.</strong></span> <span class='ocrx_word' id='word_1_72' title='bbox 1785 1181 1869 1235; x_wconf 85' lang='lat' dir='ltr'><strong>Ad</strong></span> <span class='ocrx_word' id='word_1_73' title='bbox 1899 1196 2010 1236; x_wconf 68' lang='lat' dir='ltr'><strong>ca:-</strong></span> 
     </span>
    </p>
   </div>
   <div class='ocr_carea' id='block_1_13' title="bbox 419 1271 2008 1342">
    <p class='ocr_par' dir='ltr' id='par_1_13' title="bbox 419 1271 2008 1342">
     <span class='ocr_line' id='line_1_13' title="bbox 419 1271 2008 1342; baseline -0.001 -16"><span class='ocrx_word' id='word_1_74' title='bbox 419 1272 534 1326; x_wconf 90' lang='lat' dir='ltr'><strong>lum</strong></span> <span class='ocrx_word' id='word_1_75' title='bbox 556 1273 705 1326; x_wconf 89' lang='lat' dir='ltr'><strong>enim</strong></span> <span class='ocrx_word' id='word_1_76' title='bbox 735 1271 1083 1342; x_wconf 81' lang='lat' dir='ltr'><strong>unigenitum</strong></span> <span class='ocrx_word' id='word_1_77' title='bbox 1110 1271 1207 1326; x_wconf 92' lang='lat' dir='ltr'><strong>Dci</strong></span> <span class='ocrx_word' id='word_1_78' title='bbox 1240 1271 1483 1327; x_wconf 82' lang='lat' dir='ltr'><strong>Verbum</strong></span> <span class='ocrx_word' id='word_1_79' title='bbox 1514 1289 1623 1326; x_wconf 92' lang='lat' dir='ltr'><strong>una</strong></span> <span class='ocrx_word' id='word_1_80' title='bbox 1669 1287 1797 1326; x_wconf 89' lang='lat' dir='ltr'><strong>cum</strong></span> <span class='ocrx_word' id='word_1_81' title='bbox 1841 1285 2008 1326; x_wconf 89' lang='lat' dir='ltr'><strong>carne</strong></span> 
     </span>
    </p>
   </div>
   <div class='ocr_carea' id='block_1_14' title="bbox 420 1365 2007 1436">
    <p class='ocr_par' dir='ltr' id='par_1_14' title="bbox 420 1365 2007 1436">
     <span class='ocr_line' id='line_1_14' title="bbox 420 1365 2007 1436; baseline 0.001 -17"><span class='ocrx_word' id='word_1_82' title='bbox 420 1365 527 1420; x_wconf 92' lang='lat' dir='ltr'><strong>sibi</strong></span> <span class='ocrx_word' id='word_1_83' title='bbox 560 1366 714 1421; x_wconf 87' lang='lat' dir='ltr'><strong>unita</strong></span> <span class='ocrx_word' id='word_1_84' title='bbox 745 1365 913 1432; x_wconf 90' lang='lat' dir='ltr'><strong>abiit;</strong></span> <span class='ocrx_word' id='word_1_85' title='bbox 940 1375 1169 1435; x_wconf 88' lang='lat' dir='ltr'><strong>eratque</strong></span> <span class='ocrx_word' id='word_1_86' title='bbox 1212 1382 1418 1421; x_wconf 91' lang='lat' dir='ltr'><strong>novum</strong></span> <span class='ocrx_word' id='word_1_87' title='bbox 1453 1366 1640 1421; x_wconf 90' lang='lat' dir='ltr'><strong>hocin</strong></span> <span class='ocrx_word' id='word_1_88' title='bbox 1689 1366 1844 1421; x_wconf 76' lang='lat' dir='ltr'><strong>crelis</strong></span> <span class='ocrx_word' id='word_1_89' title='bbox 1879 1381 2007 1436; x_wconf 86' lang='lat' dir='ltr'><strong>spe-</strong></span> 
     </span>
    </p>
   </div>
   <div class='ocr_carea' id='block_1_15' title="bbox 419 1457 2006 1530">
    <p class='ocr_par' dir='ltr' id='par_1_15' title="bbox 419 1457 2006 1530">
     <span class='ocr_line' id='line_1_15' title="bbox 419 1457 2006 1530; baseline 0.001 -19"><span class='ocrx_word' id='word_1_90' title='bbox 419 1457 718 1512; x_wconf 85' lang='lat' dir='ltr'><strong>ctaculum.</strong></span> <span class='ocrx_word' id='word_1_91' title='bbox 769 1457 1070 1528; x_wconf 88' lang='lat' dir='ltr'><strong>Obstupuit</strong></span> <span class='ocrx_word' id='word_1_92' title='bbox 1112 1459 1261 1514; x_wconf 89' lang='lat' dir='ltr'><strong>enim</strong></span> <span class='ocrx_word' id='word_1_93' title='bbox 1313 1467 1629 1514; x_wconf 88' lang='lat' dir='ltr'><strong>sanctorum</strong></span> <span class='ocrx_word' id='word_1_94' title='bbox 1685 1459 2006 1530; x_wconf 81' lang='lat' dir='ltr'><strong>angelorum</strong></span> 
     </span>
    </p>
   </div>
   <div class='ocr_carea' id='block_1_16' title="bbox 421 1550 2006 1632">
    <p class='ocr_par' dir='ltr' id='par_1_16' title="bbox 421 1550 2006 1632">
     <span class='ocr_line' id='line_1_16' title="bbox 421 1550 2006 1632; baseline 0.001 -29"><span class='ocrx_word' id='word_1_95' title='bbox 421 1550 741 1632; x_wconf 81' lang='lat' dir='ltr'><strong>multitudo,</strong></span> <span class='ocrx_word' id='word_1_96' title='bbox 769 1565 893 1605; x_wconf 91' lang='lat' dir='ltr'><strong>cum</strong></span> <span class='ocrx_word' id='word_1_97' title='bbox 930 1552 1134 1622; x_wconf 81' lang='lat' dir='ltr'><strong>Regem</strong></span> <span class='ocrx_word' id='word_1_98' title='bbox 1161 1551 1347 1622; x_wconf 72' lang='lat' dir='ltr'><strong>gloria:</strong></span> <span class='ocrx_word' id='word_1_99' title='bbox 1408 1552 1864 1622; x_wconf 82' lang='lat' dir='ltr'><strong>exercituumque</strong></span> <span class='ocrx_word' id='word_1_100' title='bbox 1896 1553 2006 1605; x_wconf 90' lang='lat' dir='ltr'><strong>Do-</strong></span> 
     </span>
    </p>
   </div>
   <div class='ocr_carea' id='block_1_17' title="bbox 421 1641 2002 1699">
    <p class='ocr_par' dir='ltr' id='par_1_17' title="bbox 421 1641 2002 1699">
     <span class='ocr_line' id='line_1_17' title="bbox 421 1641 2002 1699; baseline 0 -3"><span class='ocrx_word' id='word_1_101' title='bbox 421 1643 633 1697; x_wconf 86' lang='lat' dir='ltr'><strong>minum</strong></span> <span class='ocrx_word' id='word_1_102' title='bbox 667 1643 724 1697; x_wconf 87' lang='lat' dir='ltr'><strong>in</strong></span> <span class='ocrx_word' id='word_1_103' title='bbox 746 1643 927 1697; x_wconf 81' lang='lat' dir='ltr'><strong>forma</strong></span> <span class='ocrx_word' id='word_1_104' title='bbox 957 1643 1200 1698; x_wconf 88' lang='lat' dir='ltr'><strong>humana</strong></span> <span class='ocrx_word' id='word_1_105' title='bbox 1231 1652 1546 1699; x_wconf 87' lang='lat' dir='ltr'><strong>cernerent.</strong></span> <span class='ocrx_word' id='word_1_106' title='bbox 1579 1641 2002 1698; x_wconf 88' lang='lat' dir='ltr'><strong>Aiebantenim:</strong></span> 
     </span>
    </p>
   </div>
   <div class='ocr_carea' id='block_1_18' title="bbox 429 1734 2008 1808">
    <p class='ocr_par' dir='ltr' id='par_1_18' title="bbox 429 1734 2008 1808">
     <span class='ocr_line' id='line_1_18' title="bbox 429 1734 2008 1808; baseline -0.003 -16"><span class='ocrx_word' id='word_1_107' title='bbox 429 1755 446 1786; x_wconf 82' lang='grc'><strong>‹</strong></span> <span class='ocrx_word' id='word_1_108' title='bbox 470 1734 610 1806; x_wconf 82' lang='lat' dir='ltr'><strong>Quis</strong></span> <span class='ocrx_word' id='word_1_109' title='bbox 627 1735 735 1792; x_wconf 90' lang='lat' dir='ltr'><strong>iste</strong></span> <span class='ocrx_word' id='word_1_110' title='bbox 774 1744 859 1792; x_wconf 91' lang='lat' dir='ltr'><strong>est</strong></span> <span class='ocrx_word' id='word_1_111' title='bbox 882 1736 977 1806; x_wconf 90' lang='lat' dir='ltr'><strong>qui</strong></span> <span class='ocrx_word' id='word_1_112' title='bbox 1004 1736 1159 1790; x_wconf 86' lang='lat' dir='ltr'><strong>venit</strong></span> <span class='ocrx_word' id='word_1_113' title='bbox 1191 1751 1259 1791; x_wconf 78' lang='lat' dir='ltr'><strong>ex</strong></span> <span class='ocrx_word' id='word_1_114' title='bbox 1303 1736 1477 1791; x_wconf 86' lang='lat' dir='ltr'><strong>Edom</strong></span> <span class='ocrx_word' id='word_1_115' title='bbox 1509 1736 1636 1808; x_wconf 89' lang='lat' dir='ltr'><strong>(hoc</strong></span> <span class='ocrx_word' id='word_1_116' title='bbox 1659 1744 1745 1791; x_wconf 90' lang='lat' dir='ltr'><strong>est</strong></span> <span class='ocrx_word' id='word_1_117' title='bbox 1795 1750 1863 1790; x_wconf 80' lang='lat' dir='ltr'><strong>ex</strong></span> <span class='ocrx_word' id='word_1_118' title='bbox 1893 1743 2008 1789; x_wconf 88' lang='lat' dir='ltr'><strong>ter-</strong></span> 
     </span>
    </p>
   </div>
   <div class='ocr_carea' id='block_1_19' title="bbox 415 1829 2010 1901">
    <p class='ocr_par' dir='ltr' id='par_1_19' title="bbox 415 1829 2010 1901">
     <span class='ocr_line' id='line_1_19' title="bbox 415 1829 2010 1901; baseline -0.001 -17"><span class='ocrx_word' id='word_1_119' title='bbox 415 1830 526 1901; x_wconf 89' lang='lat' dir='ltr'><strong>ra),</strong></span> <span class='ocrx_word' id='word_1_120' title='bbox 561 1837 618 1886; x_wconf 87' lang='lat' dir='ltr'><strong>et</strong></span> <span class='ocrx_word' id='word_1_121' title='bbox 642 1830 814 1885; x_wconf 89' lang='lat' dir='ltr'><strong>rubor</strong></span> <span class='ocrx_word' id='word_1_122' title='bbox 835 1830 1297 1885; x_wconf 83' lang='lat' dir='ltr'><strong>vestimentorum</strong></span> <span class='ocrx_word' id='word_1_123' title='bbox 1317 1830 1439 1901; x_wconf 86' lang='lat' dir='ltr'><strong>ejus</strong></span> <span class='ocrx_word' id='word_1_124' title='bbox 1461 1845 1528 1884; x_wconf 82' lang='lat' dir='ltr'><strong>ex</strong></span> <span class='ocrx_word' id='word_1_125' title='bbox 1548 1829 1721 1884; x_wconf 92' lang='lat' dir='ltr'><strong>Bosor</strong></span> <span class='ocrx_word' id='word_1_126' title='bbox 1764 1830 1804 1860; x_wconf 84' lang='grc'><strong>¹⁶</strong></span> <span class='ocrx_word' id='word_1_127' title='bbox 1821 1830 1844 1883; x_wconf 88' lang='lat'><strong>?</strong></span> <span class='ocrx_word' id='word_1_128' title='bbox 1864 1849 1880 1880; x_wconf 79' lang='grc' dir='ltr'><strong>ι</strong></span> <span class='ocrx_word' id='word_1_129' title='bbox 1907 1829 2010 1882; x_wconf 84' lang='grc' dir='ltr'><strong>Βο-</strong></span> 
     </span>
    </p>
   </div>
   <div class='ocr_carea' id='block_1_20' title="bbox 419 1922 2007 1994">
    <p class='ocr_par' dir='ltr' id='par_1_20' title="bbox 419 1922 2007 1994">
     <span class='ocr_line' id='line_1_20' title="bbox 419 1922 2007 1994; baseline -0.001 -16"><span class='ocrx_word' id='word_1_130' title='bbox 419 1940 513 1978; x_wconf 89' lang='lat' dir='ltr'><strong>sor</strong></span> <span class='ocrx_word' id='word_1_131' title='bbox 539 1933 722 1979; x_wconf 90' lang='lat' dir='ltr'><strong>autem</strong></span> <span class='ocrx_word' id='word_1_132' title='bbox 740 1923 1166 1994; x_wconf 81' lang='lat' dir='ltr'><strong>interpretatum</strong></span> <span class='ocrx_word' id='word_1_133' title='bbox 1189 1922 1464 1994; x_wconf 84' lang='lat' dir='ltr'><strong>signiﬁcat</strong></span> <span class='ocrx_word' id='word_1_134' title='bbox 1497 1939 1745 1987; x_wconf 90' lang='lat' dir='ltr'><strong>carnem,</strong></span> <span class='ocrx_word' id='word_1_135' title='bbox 1793 1922 1879 1978; x_wconf 84' lang='lat' dir='ltr'><strong>vel</strong></span> <span class='ocrx_word' id='word_1_136' title='bbox 1905 1939 2007 1977; x_wconf 90' lang='lat' dir='ltr'><strong>an-</strong></span> 
     </span>
    </p>
   </div>
   <div class='ocr_carea' id='block_1_21' title="bbox 418 2015 2007 2086">
    <p class='ocr_par' dir='ltr' id='par_1_21' title="bbox 418 2015 2007 2086">
     <span class='ocr_line' id='line_1_21' title="bbox 418 2015 2007 2086; baseline 0.001 -17"><span class='ocrx_word' id='word_1_137' title='bbox 418 2016 654 2086; x_wconf 87' lang='lat' dir='ltr'><strong>gustiam</strong></span> <span class='ocrx_word' id='word_1_138' title='bbox 677 2024 734 2071; x_wconf 90' lang='lat' dir='ltr'><strong>et</strong></span> <span class='ocrx_word' id='word_1_139' title='bbox 766 2017 1204 2072; x_wconf 87' lang='lat' dir='ltr'><strong>tribulationem.</strong></span> <span class='ocrx_word' id='word_1_140' title='bbox 1233 2016 1444 2071; x_wconf 89' lang='lat' dir='ltr'><strong>Deinde</strong></span> <span class='ocrx_word' id='word_1_141' title='bbox 1499 2015 1638 2072; x_wconf 90' lang='lat' dir='ltr'><strong>illud</strong></span> <span class='ocrx_word' id='word_1_142' title='bbox 1674 2016 1844 2071; x_wconf 64' lang='lat' dir='ltr'><strong>Etiam</strong></span> <span class='ocrx_word' id='word_1_143' title='bbox 1877 2031 2007 2086; x_wconf 89' lang='lat' dir='ltr'><strong>pcr-</strong></span> 
     </span>
    </p>
   </div>
   <div class='ocr_carea' id='block_1_22' title="bbox 419 2108 2006 2180">
    <p class='ocr_par' dir='ltr' id='par_1_22' title="bbox 419 2108 2006 2180">
     <span class='ocr_line' id='line_1_22' title="bbox 419 2108 2006 2180; baseline -0.001 -17"><span class='ocrx_word' id='word_1_144' title='bbox 419 2108 825 2164; x_wconf 89' lang='lat' dir='ltr'><strong>contabantur:</strong></span> <span class='ocrx_word' id='word_1_145' title='bbox 867 2109 1035 2176; x_wconf 74' lang='lat' dir='ltr'><strong>«Qua:</strong></span> <span class='ocrx_word' id='word_1_146' title='bbox 1060 2118 1190 2165; x_wconf 91' lang='lat' dir='ltr'><strong>sunt</strong></span> <span class='ocrx_word' id='word_1_147' title='bbox 1217 2110 1389 2180; x_wconf 66' lang='lat' dir='ltr'><strong>plagae</strong></span> <span class='ocrx_word' id='word_1_148' title='bbox 1424 2109 1541 2164; x_wconf 55' lang='lat' dir='ltr'><strong>ista)</strong></span> <span class='ocrx_word' id='word_1_149' title='bbox 1568 2108 1622 2163; x_wconf 87' lang='lat' dir='ltr'><strong>in</strong></span> <span class='ocrx_word' id='word_1_150' title='bbox 1664 2108 1849 2163; x_wconf 90' lang='lat' dir='ltr'><strong>medio</strong></span> <span class='ocrx_word' id='word_1_151' title='bbox 1884 2122 2006 2162; x_wconf 87' lang='lat' dir='ltr'><strong>ma-</strong></span> 
     </span>
    </p>
   </div>
   <div class='ocr_carea' id='block_1_23' title="bbox 419 2198 2008 2258">
    <p class='ocr_par' dir='ltr' id='par_1_23' title="bbox 419 2198 2008 2258">
     <span class='ocr_line' id='line_1_23' title="bbox 419 2198 2008 2258; baseline -0.002 -1"><span class='ocrx_word' id='word_1_152' title='bbox 419 2218 593 2258; x_wconf 89' lang='lat' dir='ltr'><strong>nuum</strong></span> <span class='ocrx_word' id='word_1_153' title='bbox 622 2211 841 2258; x_wconf 90' lang='lat' dir='ltr'><strong>tuarum</strong></span> <span class='ocrx_word' id='word_1_154' title='bbox 866 2203 986 2258; x_wconf 62' lang='grc' dir='ltr'><strong>πί»</strong></span> <span class='ocrx_word' id='word_1_155' title='bbox 1023 2203 1119 2258; x_wconf 87' lang='lat' dir='ltr'><strong>Ille</strong></span> <span class='ocrx_word' id='word_1_156' title='bbox 1153 2218 1286 2258; x_wconf 82' lang='lat' dir='ltr'><strong>vero</strong></span> <span class='ocrx_word' id='word_1_157' title='bbox 1313 2201 1559 2257; x_wconf 80' lang='lat' dir='ltr'><strong>vicissim</strong></span> <span class='ocrx_word' id='word_1_158' title='bbox 1590 2201 1658 2256; x_wconf 86' lang='lat' dir='ltr'><strong>ad</strong></span> <span class='ocrx_word' id='word_1_159' title='bbox 1692 2201 1845 2255; x_wconf 90' lang='lat' dir='ltr'><strong>illos:</strong></span> <span class='ocrx_word' id='word_1_160' title='bbox 1881 2198 2008 2254; x_wconf 67' lang='lat' dir='ltr'><strong>«His</strong></span> 
     </span>
    </p>
   </div>
   <div class='ocr_carea' id='block_1_24' title="bbox 419 2290 2001 2364">
    <p class='ocr_par' dir='ltr' id='par_1_24' title="bbox 419 2290 2001 2364">
     <span class='ocr_line' id='line_1_24' title="bbox 419 2290 2001 2364; baseline -0.002 -16"><span class='ocrx_word' id='word_1_161' title='bbox 419 2308 714 2363; x_wconf 87' lang='lat' dir='ltr'><strong>percussus</strong></span> <span class='ocrx_word' id='word_1_162' title='bbox 763 2310 907 2360; x_wconf 90' lang='lat' dir='ltr'><strong>sum,</strong></span> <span class='ocrx_word' id='word_1_163' title='bbox 966 2294 1167 2364; x_wconf 91' lang='lat' dir='ltr'><strong>inquit,</strong></span> <span class='ocrx_word' id='word_1_164' title='bbox 1209 2293 1265 2348; x_wconf 90' lang='lat' dir='ltr'><strong>in</strong></span> <span class='ocrx_word' id='word_1_165' title='bbox 1295 2293 1460 2349; x_wconf 89' lang='lat' dir='ltr'><strong>domo</strong></span> <span class='ocrx_word' id='word_1_166' title='bbox 1503 2293 1691 2347; x_wconf 90' lang='lat' dir='ltr'><strong>dilecti</strong></span> <span class='ocrx_word' id='word_1_167' title='bbox 1723 2291 1831 2347; x_wconf 88' lang='lat' dir='ltr'><strong>mei</strong></span> <span class='ocrx_word' id='word_1_168' title='bbox 1883 2290 1947 2346; x_wconf 67' lang='grc' dir='ltr'><strong>ιθ,</strong></span> <span class='ocrx_word' id='word_1_169' title='bbox 1981 2311 2001 2344; x_wconf 73' lang='grc' dir='ltr'><strong>ι</strong></span> 
     </span>
    </p>
   </div>
   <div class='ocr_carea' id='block_1_25' title="bbox 416 2385 2008 2460">
    <p class='ocr_par' dir='ltr' id='par_1_25' title="bbox 416 2385 2008 2460">
     <span class='ocr_line' id='line_1_25' title="bbox 416 2385 2008 2460; baseline -0.002 -19"><span class='ocrx_word' id='word_1_170' title='bbox 416 2386 890 2452; x_wconf 85' lang='lat' dir='ltr'><strong>Quemadmodum</strong></span> <span class='ocrx_word' id='word_1_171' title='bbox 913 2387 1062 2443; x_wconf 91' lang='lat' dir='ltr'><strong>enim</strong></span> <span class='ocrx_word' id='word_1_172' title='bbox 1095 2387 1320 2442; x_wconf 72' lang='lat' dir='ltr'><strong>Thomm</strong></span> <span class='ocrx_word' id='word_1_173' title='bbox 1349 2403 1460 2442; x_wconf 87' lang='lat' dir='ltr'><strong>non</strong></span> <span class='ocrx_word' id='word_1_174' title='bbox 1489 2386 1698 2456; x_wconf 86' lang='lat' dir='ltr'><strong>absque</strong></span> <span class='ocrx_word' id='word_1_175' title='bbox 1739 2385 2008 2460; x_wconf 85' lang='lat' dir='ltr'><strong>singulari</strong></span> 
     </span>
    </p>
   </div>
   <div class='ocr_carea' id='block_1_26' title="bbox 418 2475 2010 2549">
    <p class='ocr_par' dir='ltr' id='par_1_26' title="bbox 418 2475 2010 2549">
     <span class='ocr_line' id='line_1_26' title="bbox 418 2475 2010 2549; baseline -0.001 -17"><span class='ocrx_word' id='word_1_176' title='bbox 418 2475 515 2532; x_wconf 88' lang='lat' dir='ltr'><strong>Dei</strong></span> <span class='ocrx_word' id='word_1_177' title='bbox 537 2477 951 2549; x_wconf 88' lang='lat' dir='ltr'><strong>dispensatione</strong></span> <span class='ocrx_word' id='word_1_178' title='bbox 979 2479 1276 2544; x_wconf 85' lang='lat' dir='ltr'><strong>haesitanti,</strong></span> <span class='ocrx_word' id='word_1_179' title='bbox 1305 2485 1431 2548; x_wconf 88' lang='lat' dir='ltr'><strong>post</strong></span> <span class='ocrx_word' id='word_1_180' title='bbox 1472 2494 1629 2532; x_wconf 89' lang='lat' dir='ltr'><strong>suam</strong></span> <span class='ocrx_word' id='word_1_181' title='bbox 1649 2492 1719 2532; x_wconf 79' lang='lat' dir='ltr'><strong>ex</strong></span> <span class='ocrx_word' id='word_1_182' title='bbox 1773 2475 2010 2531; x_wconf 88' lang='lat' dir='ltr'><strong>mortuis</strong></span> 
     </span>
    </p>
   </div>
   <div class='ocr_carea' id='block_1_27' title="bbox 420 2565 2006 2636">
    <p class='ocr_par' dir='ltr' id='par_1_27' title="bbox 420 2565 2006 2636">
     <span class='ocr_line' id='line_1_27' title="bbox 420 2565 2006 2636; baseline -0.001 -13"><span class='ocrx_word' id='word_1_183' title='bbox 420 2570 909 2636; x_wconf 88' lang='lat' dir='ltr'><strong>resurrectionem,</strong></span> <span class='ocrx_word' id='word_1_184' title='bbox 945 2586 1145 2625; x_wconf 87' lang='lat' dir='ltr'><strong>manus</strong></span> <span class='ocrx_word' id='word_1_185' title='bbox 1165 2578 1222 2626; x_wconf 89' lang='lat' dir='ltr'><strong>et</strong></span> <span class='ocrx_word' id='word_1_186' title='bbox 1255 2571 1310 2626; x_wconf 92' lang='lat' dir='ltr'><strong>in</strong></span> <span class='ocrx_word' id='word_1_187' title='bbox 1335 2569 1592 2625; x_wconf 85' lang='lat' dir='ltr'><strong>manibus</strong></span> <span class='ocrx_word' id='word_1_188' title='bbox 1635 2568 1919 2623; x_wconf 86' lang='lat' dir='ltr'><strong>clavorum</strong></span> <span class='ocrx_word' id='word_1_189' title='bbox 1939 2565 2006 2621; x_wconf 81' lang='grc' dir='ltr'>ιι-</span> 
     </span>
    </p>
   </div>
   <div class='ocr_carea' id='block_1_28' title="bbox 417 2659 2007 2734">
    <p class='ocr_par' dir='ltr' id='par_1_28' title="bbox 417 2659 2007 2734">
     <span class='ocr_line' id='line_1_28' title="bbox 417 2659 2007 2734; baseline -0.004 -15"><span class='ocrx_word' id='word_1_190' title='bbox 417 2679 584 2734; x_wconf 79' lang='lat' dir='ltr'><strong>guras</strong></span> <span class='ocrx_word' id='word_1_191' title='bbox 601 2663 864 2728; x_wconf 88' lang='lat' dir='ltr'><strong>ostendit,</strong></span> <span class='ocrx_word' id='word_1_192' title='bbox 888 2665 1164 2734; x_wconf 77' lang='lat' dir='ltr'><strong>iussitque</strong></span> <span class='ocrx_word' id='word_1_193' title='bbox 1210 2663 1380 2720; x_wconf 88' lang='lat' dir='ltr'><strong>etiam</strong></span> <span class='ocrx_word' id='word_1_194' title='bbox 1410 2662 1600 2717; x_wconf 87' lang='lat' dir='ltr'><strong>lateris</strong></span> <span class='ocrx_word' id='word_1_195' title='bbox 1646 2661 1849 2717; x_wconf 81' lang='lat' dir='ltr'><strong>vulnus</strong></span> <span class='ocrx_word' id='word_1_196' title='bbox 1887 2659 2007 2730; x_wconf 90' lang='lat' dir='ltr'><strong>pal—</strong></span> 
     </span>
    </p>
   </div>
   <div class='ocr_carea' id='block_1_29' title="bbox 417 2753 2008 2828">
    <p class='ocr_par' dir='ltr' id='par_1_29' title="bbox 417 2753 2008 2828">
     <span class='ocr_line' id='line_1_29' title="bbox 417 2753 2008 2828; baseline -0.003 -14"><span class='ocrx_word' id='word_1_197' title='bbox 417 2774 551 2828; x_wconf 89' lang='lat' dir='ltr'><strong>pare</strong></span> <span class='ocrx_word' id='word_1_198' title='bbox 579 2758 658 2825; x_wconf 81' lang='grc'><strong>¹⁹;</strong></span> <span class='ocrx_word' id='word_1_199' title='bbox 694 2757 769 2814; x_wconf 86' lang='lat' dir='ltr'><strong>ita</strong></span> <span class='ocrx_word' id='word_1_200' title='bbox 799 2758 931 2814; x_wconf 92' lang='lat' dir='ltr'><strong>etin</strong></span> <span class='ocrx_word' id='word_1_201' title='bbox 973 2759 1128 2814; x_wconf 66' lang='lat' dir='ltr'><strong>caelis</strong></span> <span class='ocrx_word' id='word_1_202' title='bbox 1154 2759 1513 2821; x_wconf 88' lang='lat' dir='ltr'><strong>constitutus,</strong></span> <span class='ocrx_word' id='word_1_203' title='bbox 1557 2756 1762 2811; x_wconf 87' lang='lat' dir='ltr'><strong>sanctis</strong></span> <span class='ocrx_word' id='word_1_204' title='bbox 1799 2753 2008 2825; x_wconf 80' lang='lat' dir='ltr'><strong>angelis</strong></span> 
     </span>
    </p>
   </div>
   <div class='ocr_carea' id='block_1_30' title="bbox 418 2846 2008 2922">
    <p class='ocr_par' dir='ltr' id='par_1_30' title="bbox 418 2846 2008 2922">
     <span class='ocr_line' id='line_1_30' title="bbox 418 2846 2008 2922; baseline -0.003 -18"><span class='ocrx_word' id='word_1_205' title='bbox 418 2851 644 2920; x_wconf 83' lang='lat' dir='ltr'><strong>planum</strong></span> <span class='ocrx_word' id='word_1_206' title='bbox 665 2849 816 2915; x_wconf 82' lang='lat' dir='ltr'><strong>fecit,</strong></span> <span class='ocrx_word' id='word_1_207' title='bbox 839 2851 966 2922; x_wconf 89' lang='lat' dir='ltr'><strong>jure</strong></span> <span class='ocrx_word' id='word_1_208' title='bbox 991 2850 1196 2906; x_wconf 88' lang='lat' dir='ltr'><strong>merito</strong></span> <span class='ocrx_word' id='word_1_209' title='bbox 1219 2866 1288 2905; x_wconf 76' lang='lat' dir='ltr'><strong>ex</strong></span> <span class='ocrx_word' id='word_1_210' title='bbox 1323 2850 1570 2918; x_wconf 88' lang='lat' dir='ltr'><strong>ipsorum</strong></span> <span class='ocrx_word' id='word_1_211' title='bbox 1605 2846 1849 2901; x_wconf 89' lang='lat' dir='ltr'><strong>amicitia</strong></span> <span class='ocrx_word' id='word_1_212' title='bbox 1876 2861 2008 2915; x_wconf 88' lang='lat' dir='ltr'><strong>pro-</strong></span> 
     </span>
    </p>
   </div>
   <div class='ocr_carea' id='block_1_31' title="bbox 418 2939 2008 3016">
    <p class='ocr_par' dir='ltr' id='par_1_31' title="bbox 418 2939 2008 3016">
     <span class='ocr_line' id='line_1_31' title="bbox 418 2939 2008 3016; baseline -0.003 -18"><span class='ocrx_word' id='word_1_213' title='bbox 418 2944 632 3014; x_wconf 78' lang='lat' dir='ltr'><strong>lapsum</strong></span> <span class='ocrx_word' id='word_1_214' title='bbox 660 2945 1010 3016; x_wconf 84' lang='lat' dir='ltr'><strong>ejectumquc</strong></span> <span class='ocrx_word' id='word_1_215' title='bbox 1065 2959 1187 3000; x_wconf 89' lang='lat' dir='ltr'><strong>esse</strong></span> <span class='ocrx_word' id='word_1_216' title='bbox 1232 2943 1494 2998; x_wconf 89' lang='lat' dir='ltr'><strong>dilectum</strong></span> <span class='ocrx_word' id='word_1_217' title='bbox 1538 2941 1816 2996; x_wconf 91' lang='lat' dir='ltr'><strong>lsraelem.</strong></span> <span class='ocrx_word' id='word_1_218' title='bbox 1848 2939 2008 2996; x_wconf 86' lang='lat' dir='ltr'><strong>Unde</strong></span> 
     </span>
    </p>
   </div>
   <div class='ocr_carea' id='block_1_32' title="bbox 419 3031 2009 3108">
    <p class='ocr_par' dir='ltr' id='par_1_32' title="bbox 419 3031 2009 3108">
     <span class='ocr_line' id='line_1_32' title="bbox 419 3031 2009 3108; baseline -0.002 -19"><span class='ocrx_word' id='word_1_219' title='bbox 419 3045 477 3090; x_wconf 93' lang='lat' dir='ltr'><strong>et</strong></span> <span class='ocrx_word' id='word_1_220' title='bbox 497 3031 882 3092; x_wconf 80' lang='lat' dir='ltr'><strong>vestimentum</strong></span> <span class='ocrx_word' id='word_1_221' title='bbox 905 3037 1172 3108; x_wconf 84' lang='lat' dir='ltr'><strong>sanguine</strong></span> <span class='ocrx_word' id='word_1_222' title='bbox 1226 3035 1590 3098; x_wconf 90' lang='lat' dir='ltr'><strong>rubricatnm,</strong></span> <span class='ocrx_word' id='word_1_223' title='bbox 1619 3041 1675 3087; x_wconf 91' lang='lat' dir='ltr'><strong>et</strong></span> <span class='ocrx_word' id='word_1_224' title='bbox 1711 3033 1897 3103; x_wconf 86' lang='lat' dir='ltr'><strong>plagas</strong></span> <span class='ocrx_word' id='word_1_225' title='bbox 1950 3031 2009 3086; x_wconf 93' lang='lat' dir='ltr'><strong>in</strong></span> 
     </span>
    </p>
   </div>
   <div class='ocr_carea' id='block_1_33' title="bbox 421 3127 2011 3200">
    <p class='ocr_par' dir='ltr' id='par_1_33' title="bbox 421 3127 2011 3200">
     <span class='ocr_line' id='line_1_33' title="bbox 421 3127 2011 3200; baseline -0.003 -16"><span class='ocrx_word' id='word_1_226' title='bbox 421 3129 677 3184; x_wconf 89' lang='lat' dir='ltr'><strong>manibus</strong></span> <span class='ocrx_word' id='word_1_227' title='bbox 697 3130 970 3186; x_wconf 87' lang='lat' dir='ltr'><strong>ostendit:</strong></span> <span class='ocrx_word' id='word_1_228' title='bbox 994 3147 1104 3185; x_wconf 91' lang='lat' dir='ltr'><strong>non</strong></span> <span class='ocrx_word' id='word_1_229' title='bbox 1121 3129 1268 3200; x_wconf 92' lang='lat' dir='ltr'><strong>quod</strong></span> <span class='ocrx_word' id='word_1_230' title='bbox 1297 3129 1415 3182; x_wconf 88' lang='lat' dir='ltr'><strong>illas</strong></span> <span class='ocrx_word' id='word_1_231' title='bbox 1439 3127 1680 3197; x_wconf 83' lang='lat' dir='ltr'><strong>abjicere</strong></span> <span class='ocrx_word' id='word_1_232' title='bbox 1699 3141 1809 3182; x_wconf 86' lang='lat' dir='ltr'><strong>non</strong></span> <span class='ocrx_word' id='word_1_233' title='bbox 1843 3133 2011 3196; x_wconf 87' lang='lat' dir='ltr'><strong>queat</strong></span> 
     </span>
    </p>
   </div>
   <div class='ocr_carea' id='block_1_34' title="bbox 2113 629 3705 703">
    <p class='ocr_par' dir='ltr' id='par_1_34' title="bbox 2113 629 3705 703">
     <span class='ocr_line' id='line_1_34' title="bbox 2113 629 3705 703; baseline 0.003 -20"><span class='ocrx_word' id='word_1_234' title='bbox 2113 631 2222 684; x_wconf 77' lang='grc' dir='ltr'><strong>Καὶ</strong></span> <span class='ocrx_word' id='word_1_235' title='bbox 2260 630 2392 699; x_wconf 88' lang='grc' dir='ltr'>γοῦν</span> <span class='ocrx_word' id='word_1_236' title='bbox 2449 630 2477 680; x_wconf 94' lang='lat'><strong>6</strong></span> <span class='ocrx_word' id='word_1_237' title='bbox 2529 629 2806 698; x_wconf 84' lang='grc' dir='ltr'>πάνσοφος</span> <span class='ocrx_word' id='word_1_238' title='bbox 2863 629 3114 700; x_wconf 71' lang='grc' dir='ltr'>μαθητὴς</span> <span class='ocrx_word' id='word_1_239' title='bbox 3171 629 3548 701; x_wconf 83' lang='grc' dir='ltr'>θανατωθῆναι</span> <span class='ocrx_word' id='word_1_240' title='bbox 3604 635 3705 703; x_wconf 84' lang='grc' dir='ltr'>μὲν</span> 
     </span>
    </p>
   </div>
   <div class='ocr_carea' id='block_1_35' title="bbox 2112 718 3700 793">
    <p class='ocr_par' dir='ltr' id='par_1_35' title="bbox 2112 718 3700 793">
     <span class='ocr_line' id='line_1_35' title="bbox 2112 718 3700 793; baseline 0.001 -19"><span class='ocrx_word' id='word_1_241' title='bbox 2112 720 2275 775; x_wconf 84' lang='grc' dir='ltr'>αὐτὸν</span> <span class='ocrx_word' id='word_1_242' title='bbox 2303 720 2408 790; x_wconf 78' lang='grc' dir='ltr'><strong>ἐφη</strong></span> <span class='ocrx_word' id='word_1_243' title='bbox 2442 721 2626 793; x_wconf 74' lang='grc' dir='ltr'>σαρκὶ,</span> <span class='ocrx_word' id='word_1_244' title='bbox 2669 718 3071 790; x_wconf 79' lang='grc' dir='ltr'>ζωοποιηθῆναι</span> <span class='ocrx_word' id='word_1_245' title='bbox 3120 719 3176 773; x_wconf 87' lang='grc' dir='ltr'>δὲ</span> <span class='ocrx_word' id='word_1_246' title='bbox 3209 719 3504 790; x_wconf 90' lang='grc' dir='ltr'>πνεύματι.</span> <span class='ocrx_word' id='word_1_247' title='bbox 3551 721 3700 793; x_wconf 84' lang='grc' dir='ltr'>Πλὴν</span> 
     </span>
    </p>
   </div>
   <div class='ocr_carea' id='block_1_36' title="bbox 2111 810 3694 881">
    <p class='ocr_par' dir='ltr' id='par_1_36' title="bbox 2111 810 3694 881">
     <span class='ocr_line' id='line_1_36' title="bbox 2111 810 3694 881; baseline 0 -16"><span class='ocrx_word' id='word_1_248' title='bbox 2111 813 2195 865; x_wconf 82' lang='grc' dir='ltr'>ὅτι</span> <span class='ocrx_word' id='word_1_249' title='bbox 2224 811 2328 866; x_wconf 77' lang='grc' dir='ltr'>κᾶν</span> <span class='ocrx_word' id='word_1_250' title='bbox 2362 813 2412 865; x_wconf 90' lang='grc' dir='ltr'>εί</span> <span class='ocrx_word' id='word_1_251' title='bbox 2440 810 2533 864; x_wconf 91' lang='grc' dir='ltr'><strong>τοῦ</strong></span> <span class='ocrx_word' id='word_1_252' title='bbox 2573 811 2767 865; x_wconf 83' lang='grc' dir='ltr'>παθεῖν</span> <span class='ocrx_word' id='word_1_253' title='bbox 2799 811 2893 864; x_wconf 81' lang='grc' dir='ltr'>τὸν</span> <span class='ocrx_word' id='word_1_254' title='bbox 2942 812 3170 866; x_wconf 88' lang='grc' dir='ltr'>θάνατον</span> <span class='ocrx_word' id='word_1_255' title='bbox 3200 815 3282 876; x_wconf 90' lang='grc' dir='ltr'><strong>είς</strong></span> <span class='ocrx_word' id='word_1_256' title='bbox 3336 813 3474 867; x_wconf 87' lang='grc' dir='ltr'>ίδίαν</span> <span class='ocrx_word' id='word_1_257' title='bbox 3530 814 3694 881; x_wconf 84' lang='grc' dir='ltr'>φύσιν</span> 
     </span>
    </p>
   </div>
   <div class='ocr_carea' id='block_1_37' title="bbox 2111 899 3697 976">
    <p class='ocr_par' dir='ltr' id='par_1_37' title="bbox 2111 899 3697 976">
     <span class='ocr_line' id='line_1_37' title="bbox 2111 899 3697 976; baseline 0 -16"><span class='ocrx_word' id='word_1_258' title='bbox 2111 905 2340 975; x_wconf 80' lang='grc' dir='ltr'>ἄμοιρος</span> <span class='ocrx_word' id='word_1_259' title='bbox 2370 900 2438 976; x_wconf 75' lang='grc' dir='ltr'>ἣν</span> <span class='ocrx_word' id='word_1_260' title='bbox 2472 905 2500 957; x_wconf 92' lang='lat'><strong>6</strong></span> <span class='ocrx_word' id='word_1_261' title='bbox 2548 904 2744 972; x_wconf 87' lang='grc' dir='ltr'>Λόγος,</span> <span class='ocrx_word' id='word_1_262' title='bbox 2778 903 2892 957; x_wconf 83' lang='grc' dir='ltr'>ἀλλ’</span> <span class='ocrx_word' id='word_1_263' title='bbox 2927 899 3019 957; x_wconf 83' lang='grc' dir='ltr'><strong>οῦν</strong></span> <span class='ocrx_word' id='word_1_264' title='bbox 3067 903 3366 958; x_wconf 77' lang='grc' dir='ltr'><strong>οἰκειοῦται</strong></span> <span class='ocrx_word' id='word_1_265' title='bbox 3417 905 3478 958; x_wconf 84' lang='grc' dir='ltr'>τὸ</span> <span class='ocrx_word' id='word_1_266' title='bbox 3523 906 3697 972; x_wconf 80' lang='grc' dir='ltr'><strong>πάθος</strong></span> 
     </span>
    </p>
   </div>
   <div class='ocr_carea' id='block_1_38' title="bbox 2111 993 3703 1067">
    <p class='ocr_par' dir='ltr' id='par_1_38' title="bbox 2111 993 3703 1067">
     <span class='ocr_line' id='line_1_38' title="bbox 2111 993 3703 1067; baseline 0.002 -17"><span class='ocrx_word' id='word_1_267' title='bbox 2111 997 2211 1066; x_wconf 88' lang='grc' dir='ltr'>τῆς</span> <span class='ocrx_word' id='word_1_268' title='bbox 2240 993 2435 1049; x_wconf 84' lang='grc' dir='ltr'>ἐαυτοῦ</span> <span class='ocrx_word' id='word_1_269' title='bbox 2483 995 2708 1066; x_wconf 84' lang='grc' dir='ltr'>σαρκὸς,</span> <span class='ocrx_word' id='word_1_270' title='bbox 2744 995 2820 1059; x_wconf 86' lang='grc' dir='ltr'>ὼς</span> <span class='ocrx_word' id='word_1_271' title='bbox 2865 995 2963 1066; x_wconf 74' lang='grc' dir='ltr'>ήδη</span> <span class='ocrx_word' id='word_1_272' title='bbox 3001 998 3291 1067; x_wconf 88' lang='grc' dir='ltr'>προεῖπον.</span> <span class='ocrx_word' id='word_1_273' title='bbox 3340 997 3703 1062; x_wconf 74' lang='grc' dir='ltr'>Ἐὅαπτίζετο</span> 
     </span>
    </p>
   </div>
   <div class='ocr_carea' id='block_1_39' title="bbox 2111 1085 3704 1161">
    <p class='ocr_par' dir='ltr' id='par_1_39' title="bbox 2111 1085 3704 1161">
     <span class='ocr_line' id='line_1_39' title="bbox 2111 1085 3704 1161; baseline 0.003 -22"><span class='ocrx_word' id='word_1_274' title='bbox 2111 1086 2221 1158; x_wconf 88' lang='grc' dir='ltr'><strong>γὰρ</strong></span> <span class='ocrx_word' id='word_1_275' title='bbox 2252 1087 2314 1140; x_wconf 78' lang='grc' dir='ltr'>τὸ</span> <span class='ocrx_word' id='word_1_276' title='bbox 2344 1086 2581 1159; x_wconf 82' lang='grc' dir='ltr'><strong>ὀρνίθιον</strong></span> <span class='ocrx_word' id='word_1_277' title='bbox 2613 1087 2674 1140; x_wconf 85' lang='grc' dir='ltr'><strong>τὺ</strong></span> <span class='ocrx_word' id='word_1_278' title='bbox 2701 1086 2810 1152; x_wconf 78' lang='grc' dir='ltr'>ζῶν</span> <span class='ocrx_word' id='word_1_279' title='bbox 2839 1087 2898 1139; x_wconf 87' lang='grc' dir='ltr'><strong>ἐν</strong></span> <span class='ocrx_word' id='word_1_280' title='bbox 2919 1085 2997 1157; x_wconf 84' lang='grc' dir='ltr'><strong>τῷ</strong></span> <span class='ocrx_word' id='word_1_281' title='bbox 3034 1088 3228 1158; x_wconf 82' lang='grc' dir='ltr'>αἵματι</span> <span class='ocrx_word' id='word_1_282' title='bbox 3258 1087 3352 1142; x_wconf 90' lang='grc' dir='ltr'><strong>τοῦ</strong></span> <span class='ocrx_word' id='word_1_283' title='bbox 3382 1090 3704 1161; x_wconf 85' lang='grc' dir='ltr'>τετελευτη-</span> 
     </span>
    </p>
   </div>
   <div class='ocr_carea' id='block_1_40' title="bbox 2112 1179 3702 1252">
    <p class='ocr_par' dir='ltr' id='par_1_40' title="bbox 2112 1179 3702 1252">
     <span class='ocr_line' id='line_1_40' title="bbox 2112 1179 3702 1252; baseline 0.002 -18"><span class='ocrx_word' id='word_1_284' title='bbox 2112 1180 2294 1246; x_wconf 80' lang='grc' dir='ltr'>κότος,</span> <span class='ocrx_word' id='word_1_285' title='bbox 2327 1180 2715 1252; x_wconf 80' lang='grc' dir='ltr'>πεφυραμένον</span> <span class='ocrx_word' id='word_1_286' title='bbox 2741 1179 2799 1232; x_wconf 81' lang='grc' dir='ltr'>δὲ</span> <span class='ocrx_word' id='word_1_287' title='bbox 2834 1179 2914 1250; x_wconf 84' lang='grc' dir='ltr'><strong>τῷ</strong></span> <span class='ocrx_word' id='word_1_288' title='bbox 2945 1179 3162 1250; x_wconf 82' lang='grc' dir='ltr'>αἵματι,</span> <span class='ocrx_word' id='word_1_289' title='bbox 3196 1182 3482 1252; x_wconf 76' lang='grc' dir='ltr'>μονονουχὶ</span> <span class='ocrx_word' id='word_1_290' title='bbox 3518 1182 3574 1235; x_wconf 85' lang='grc' dir='ltr'>δὲ</span> <span class='ocrx_word' id='word_1_291' title='bbox 3605 1184 3702 1237; x_wconf 78' lang='grc' dir='ltr'>καὶ</span> 
     </span>
    </p>
   </div>
   <div class='ocr_carea' id='block_1_41' title="bbox 2111 1274 3698 1348">
    <p class='ocr_par' dir='ltr' id='par_1_41' title="bbox 2111 1274 3698 1348">
     <span class='ocr_line' id='line_1_41' title="bbox 2111 1274 3698 1348; baseline 0.001 -18"><span class='ocrx_word' id='word_1_292' title='bbox 2111 1276 2451 1347; x_wconf 81' lang='grc' dir='ltr'>κοινωνῆσαν</span> <span class='ocrx_word' id='word_1_293' title='bbox 2479 1274 2576 1329; x_wconf 90' lang='grc' dir='ltr'><strong>τοῦ</strong></span> <span class='ocrx_word' id='word_1_294' title='bbox 2605 1275 2832 1338; x_wconf 84' lang='grc' dir='ltr'>πάθους,</span> <span class='ocrx_word' id='word_1_295' title='bbox 2857 1275 2937 1339; x_wconf 80' lang='grc' dir='ltr'><strong>είς</strong></span> <span class='ocrx_word' id='word_1_296' title='bbox 2960 1276 3061 1347; x_wconf 85' lang='grc' dir='ltr'><strong>τὴν</strong></span> <span class='ocrx_word' id='word_1_297' title='bbox 3093 1274 3298 1346; x_wconf 76' lang='grc' dir='ltr'>ἔρημον</span> <span class='ocrx_word' id='word_1_298' title='bbox 3321 1275 3666 1348; x_wconf 77' lang='grc' dir='ltr'><strong>ἐξεπέμπετο</strong></span> <span class='ocrx_word' id='word_1_299' title='bbox 3683 1294 3698 1308; x_wconf 79' lang='grc'><strong><em>⁸</em></strong></span> 
     </span>
    </p>
   </div>
   <div class='ocr_carea' id='block_1_42' title="bbox 2113 1366 3702 1440">
    <p class='ocr_par' dir='ltr' id='par_1_42' title="bbox 2113 1366 3702 1440">
     <span class='ocr_line' id='line_1_42' title="bbox 2113 1366 3702 1440; baseline 0.002 -19"><span class='ocrx_word' id='word_1_300' title='bbox 2113 1367 2523 1438; x_wconf 81' lang='grc' dir='ltr'>ἀναπεφοίτηκε</span> <span class='ocrx_word' id='word_1_301' title='bbox 2551 1366 2660 1438; x_wconf 83' lang='grc' dir='ltr'><strong>γὰρ</strong></span> <span class='ocrx_word' id='word_1_302' title='bbox 2691 1369 2749 1420; x_wconf 84' lang='grc' dir='ltr'><strong>ἐν</strong></span> <span class='ocrx_word' id='word_1_303' title='bbox 2783 1369 2898 1431; x_wconf 87' lang='grc' dir='ltr'>τοῖς</span> <span class='ocrx_word' id='word_1_304' title='bbox 2927 1368 3179 1439; x_wconf 82' lang='grc' dir='ltr'>οὐρανοῖς</span> <span class='ocrx_word' id='word_1_305' title='bbox 3209 1369 3239 1420; x_wconf 87' lang='lat'><strong>6</strong></span> <span class='ocrx_word' id='word_1_306' title='bbox 3267 1369 3566 1440; x_wconf 79' lang='grc' dir='ltr'>μονογενὴς</span> <span class='ocrx_word' id='word_1_307' title='bbox 3604 1370 3702 1424; x_wconf 87' lang='grc' dir='ltr'><strong>τοῦ</strong></span> 
     </span>
    </p>
   </div>
   <div class='ocr_carea' id='block_1_43' title="bbox 2112 1460 3704 1533">
    <p class='ocr_par' dir='ltr' id='par_1_43' title="bbox 2112 1460 3704 1533">
     <span class='ocr_line' id='line_1_43' title="bbox 2112 1460 3704 1533; baseline 0.002 -19"><span class='ocrx_word' id='word_1_308' title='bbox 2112 1460 2252 1514; x_wconf 83' lang='grc' dir='ltr'>Θεοῦ</span> <span class='ocrx_word' id='word_1_309' title='bbox 2276 1461 2448 1530; x_wconf 82' lang='grc' dir='ltr'>Λόγος</span> <span class='ocrx_word' id='word_1_310' title='bbox 2481 1471 2508 1500; x_wconf 74' lang='grc' dir='ltr'><strong>ν</strong></span> <span class='ocrx_word' id='word_1_311' title='bbox 2551 1461 2690 1533; x_wconf 87' lang='grc' dir='ltr'><strong>μετά</strong></span> <span class='ocrx_word' id='word_1_312' title='bbox 2724 1461 2823 1532; x_wconf 82' lang='grc' dir='ltr'>τῆς</span> <span class='ocrx_word' id='word_1_313' title='bbox 2853 1461 3150 1532; x_wconf 86' lang='grc' dir='ltr'>ένωθείσης</span> <span class='ocrx_word' id='word_1_314' title='bbox 3167 1461 3317 1532; x_wconf 84' lang='grc' dir='ltr'>αὑτῷ</span> <span class='ocrx_word' id='word_1_315' title='bbox 3350 1462 3580 1532; x_wconf 85' lang='grc' dir='ltr'>σαρκός·</span> <span class='ocrx_word' id='word_1_316' title='bbox 3607 1465 3704 1517; x_wconf 72' lang='grc' dir='ltr'>καὶ</span> 
     </span>
    </p>
   </div>
   <div class='ocr_carea' id='block_1_44' title="bbox 2115 1548 3704 1627">
    <p class='ocr_par' dir='ltr' id='par_1_44' title="bbox 2115 1548 3704 1627">
     <span class='ocr_line' id='line_1_44' title="bbox 2115 1548 3704 1627; baseline 0.001 -20"><span class='ocrx_word' id='word_1_317' title='bbox 2115 1553 2264 1619; x_wconf 80' lang='grc' dir='ltr'>ξένον</span> <span class='ocrx_word' id='word_1_318' title='bbox 2295 1548 2364 1625; x_wconf 79' lang='grc' dir='ltr'>ἦν</span> <span class='ocrx_word' id='word_1_319' title='bbox 2397 1556 2454 1607; x_wconf 90' lang='grc' dir='ltr'><strong>ἐν</strong></span> <span class='ocrx_word' id='word_1_320' title='bbox 2492 1554 2743 1626; x_wconf 83' lang='grc' dir='ltr'>οὐρανοῖς</span> <span class='ocrx_word' id='word_1_321' title='bbox 2782 1553 2844 1607; x_wconf 84' lang='grc' dir='ltr'>τὸ</span> <span class='ocrx_word' id='word_1_322' title='bbox 2878 1553 3080 1625; x_wconf 88' lang='grc' dir='ltr'>θέαμα.</span> <span class='ocrx_word' id='word_1_323' title='bbox 3137 1553 3562 1624; x_wconf 85' lang='grc' dir='ltr'>Κατεπλήττετο</span> <span class='ocrx_word' id='word_1_324' title='bbox 3591 1557 3704 1627; x_wconf 78' lang='grc' dir='ltr'><strong>γάρ</strong></span> 
     </span>
    </p>
   </div>
   <div class='ocr_carea' id='block_1_45' title="bbox 2113 1648 3706 1721">
    <p class='ocr_par' dir='ltr' id='par_1_45' title="bbox 2113 1648 3706 1721">
     <span class='ocr_line' id='line_1_45' title="bbox 2113 1648 3706 1721; baseline 0.002 -20"><span class='ocrx_word' id='word_1_325' title='bbox 2113 1652 2147 1720; x_wconf 78' lang='grc' dir='ltr'>ὴ</span> <span class='ocrx_word' id='word_1_326' title='bbox 2170 1648 2281 1704; x_wconf 90' lang='grc' dir='ltr'><strong>τῶν</strong></span> <span class='ocrx_word' id='word_1_327' title='bbox 2317 1649 2488 1717; x_wconf 88' lang='grc' dir='ltr'>ἁγίων</span> <span class='ocrx_word' id='word_1_328' title='bbox 2517 1648 2768 1718; x_wconf 87' lang='grc' dir='ltr'>ἀγγέλων</span> <span class='ocrx_word' id='word_1_329' title='bbox 2809 1648 3041 1720; x_wconf 76' lang='grc' dir='ltr'>πληθὺς,</span> <span class='ocrx_word' id='word_1_330' title='bbox 3072 1650 3129 1702; x_wconf 86' lang='grc' dir='ltr'><strong>ἐν</strong></span> <span class='ocrx_word' id='word_1_331' title='bbox 3157 1648 3287 1702; x_wconf 79' lang='grc' dir='ltr'>εἴδει</span> <span class='ocrx_word' id='word_1_332' title='bbox 3321 1649 3596 1720; x_wconf 80' lang='grc' dir='ltr'>βλέπουσα</span> <span class='ocrx_word' id='word_1_333' title='bbox 3624 1650 3706 1721; x_wconf 85' lang='grc' dir='ltr'><strong>τῷ</strong></span> 
     </span>
    </p>
   </div>
   <div class='ocr_carea' id='block_1_46' title="bbox 2114 1740 3706 1813">
    <p class='ocr_par' dir='ltr' id='par_1_46' title="bbox 2114 1740 3706 1813">
     <span class='ocr_line' id='line_1_46' title="bbox 2114 1740 3706 1813; baseline 0.002 -19"><span class='ocrx_word' id='word_1_334' title='bbox 2114 1740 2238 1795; x_wconf 87' lang='grc' dir='ltr'>καθ’</span> <span class='ocrx_word' id='word_1_335' title='bbox 2261 1741 2410 1812; x_wconf 77' lang='grc' dir='ltr'>ἡμᾶς</span> <span class='ocrx_word' id='word_1_336' title='bbox 2445 1741 2536 1795; x_wconf 77' lang='grc' dir='ltr'>τὸν</span> <span class='ocrx_word' id='word_1_337' title='bbox 2566 1740 2791 1811; x_wconf 86' lang='grc' dir='ltr'>βασιλέα</span> <span class='ocrx_word' id='word_1_338' title='bbox 2817 1740 2916 1808; x_wconf 83' lang='grc' dir='ltr'>τῆς</span> <span class='ocrx_word' id='word_1_339' title='bbox 2951 1741 3130 1813; x_wconf 80' lang='grc' dir='ltr'>δόξης,</span> <span class='ocrx_word' id='word_1_340' title='bbox 3161 1742 3256 1795; x_wconf 71' lang='grc' dir='ltr'>καὶ</span> <span class='ocrx_word' id='word_1_341' title='bbox 3293 1743 3385 1794; x_wconf 88' lang='grc' dir='ltr'>τὸν</span> <span class='ocrx_word' id='word_1_342' title='bbox 3411 1741 3518 1796; x_wconf 90' lang='grc' dir='ltr'><strong>τῶν</strong></span> <span class='ocrx_word' id='word_1_343' title='bbox 3544 1742 3706 1797; x_wconf 88' lang='grc' dir='ltr'>δυνά-</span> 
     </span>
    </p>
   </div>
   <div class='ocr_carea' id='block_1_47' title="bbox 2117 1827 3706 1906">
    <p class='ocr_par' dir='ltr' id='par_1_47' title="bbox 2117 1827 3706 1906">
     <span class='ocr_line' id='line_1_47' title="bbox 2117 1827 3706 1906; baseline 0.001 -20"><span class='ocrx_word' id='word_1_344' title='bbox 2117 1850 2261 1904; x_wconf 89' lang='grc' dir='ltr'>μεων</span> <span class='ocrx_word' id='word_1_345' title='bbox 2291 1832 2517 1904; x_wconf 83' lang='grc' dir='ltr'>Κύριον.</span> <span class='ocrx_word' id='word_1_346' title='bbox 2546 1834 2652 1886; x_wconf 78' lang='grc' dir='ltr'><strong>Καὶ</strong></span> <span class='ocrx_word' id='word_1_347' title='bbox 2678 1833 2741 1904; x_wconf 84' lang='grc' dir='ltr'>δὴ</span> <span class='ocrx_word' id='word_1_348' title='bbox 2781 1831 3049 1902; x_wconf 79' lang='grc' dir='ltr'>ἐφασκον’</span> <span class='ocrx_word' id='word_1_349' title='bbox 3090 1853 3110 1886; x_wconf 75' lang='grc' dir='ltr'><strong>ι</strong></span> <span class='ocrx_word' id='word_1_350' title='bbox 3147 1833 3243 1896; x_wconf 86' lang='grc' dir='ltr'>Τίς</span> <span class='ocrx_word' id='word_1_351' title='bbox 3273 1827 3426 1896; x_wconf 75' lang='grc' dir='ltr'>οὗτος</span> <span class='ocrx_word' id='word_1_352' title='bbox 3457 1834 3486 1886; x_wconf 99' lang='lat'><strong>6</strong></span> <span class='ocrx_word' id='word_1_353' title='bbox 3520 1851 3706 1906; x_wconf 88' lang='grc' dir='ltr'>παρα-</span> 
     </span>
    </p>
   </div>
   <div class='ocr_carea' id='block_1_48' title="bbox 2112 1924 3707 1999">
    <p class='ocr_par' dir='ltr' id='par_1_48' title="bbox 2112 1924 3707 1999">
     <span class='ocr_line' id='line_1_48' title="bbox 2112 1924 3707 1999; baseline 0 -18"><span class='ocrx_word' id='word_1_354' title='bbox 2112 1927 2408 1999; x_wconf 86' lang='grc' dir='ltr'>γενόμενος</span> <span class='ocrx_word' id='word_1_355' title='bbox 2437 1924 2497 1992; x_wconf 80' lang='grc' dir='ltr'>ἐξ</span> <span class='ocrx_word' id='word_1_356' title='bbox 2526 1925 2705 1999; x_wconf 88' lang='grc' dir='ltr'>Ἐδὼμ</span> <span class='ocrx_word' id='word_1_357' title='bbox 2732 1926 3035 1995; x_wconf 80' lang='grc' dir='ltr'>(τουτέστιν</span> <span class='ocrx_word' id='word_1_358' title='bbox 3059 1927 3125 1981; x_wconf 86' lang='grc' dir='ltr'><strong>ἐκ</strong></span> <span class='ocrx_word' id='word_1_359' title='bbox 3143 1927 3246 1996; x_wconf 78' lang='grc' dir='ltr'>τῆς</span> <span class='ocrx_word' id='word_1_360' title='bbox 3269 1927 3420 1997; x_wconf 81' lang='grc' dir='ltr'>γῆς),</span> <span class='ocrx_word' id='word_1_361' title='bbox 3450 1926 3707 1999; x_wconf 82' lang='grc' dir='ltr'>ἐρύθημα</span> 
     </span>
    </p>
   </div>
   <div class='ocr_carea' id='block_1_49' title="bbox 2114 2018 3704 2092">
    <p class='ocr_par' dir='ltr' id='par_1_49' title="bbox 2114 2018 3704 2092">
     <span class='ocr_line' id='line_1_49' title="bbox 2114 2018 3704 2092; baseline 0 -18"><span class='ocrx_word' id='word_1_362' title='bbox 2114 2021 2347 2092; x_wconf 75' lang='grc' dir='ltr'>ἱματίων</span> <span class='ocrx_word' id='word_1_363' title='bbox 2378 2021 2442 2073; x_wconf 88' lang='grc' dir='ltr'><strong>ἐκ</strong></span> <span class='ocrx_word' id='word_1_364' title='bbox 2471 2019 2674 2090; x_wconf 87' lang='grc' dir='ltr'>Βοσόρ;</span> <span class='ocrx_word' id='word_1_365' title='bbox 2697 2037 2716 2072; x_wconf 86' lang='grc'><strong>›</strong></span> <span class='ocrx_word' id='word_1_366' title='bbox 2757 2018 3157 2091; x_wconf 76' lang='grc' dir='ltr'>Ἐρμηνεύεται</span> <span class='ocrx_word' id='word_1_367' title='bbox 3182 2019 3237 2072; x_wconf 83' lang='grc' dir='ltr'>δὲ</span> <span class='ocrx_word' id='word_1_368' title='bbox 3259 2019 3321 2073; x_wconf 86' lang='grc' dir='ltr'>τὸ</span> <span class='ocrx_word' id='word_1_369' title='bbox 3346 2019 3516 2090; x_wconf 83' lang='grc' dir='ltr'>Βοσὸρ</span> <span class='ocrx_word' id='word_1_370' title='bbox 3543 2019 3704 2091; x_wconf 78' lang='grc' dir='ltr'>σὰρξ,</span> 
     </span>
    </p>
   </div>
   <div class='ocr_carea' id='block_1_50' title="bbox 2111 2107 3705 2185">
    <p class='ocr_par' dir='ltr' id='par_1_50' title="bbox 2111 2107 3705 2185">
     <span class='ocr_line' id='line_1_50' title="bbox 2111 2107 3705 2185; baseline -0.001 -19"><span class='ocrx_word' id='word_1_371' title='bbox 2111 2115 2232 2185; x_wconf 71' lang='grc' dir='ltr'>ἢτοι</span> <span class='ocrx_word' id='word_1_372' title='bbox 2257 2112 2458 2184; x_wconf 79' lang='grc' dir='ltr'>συνοχὴ</span> <span class='ocrx_word' id='word_1_373' title='bbox 2489 2113 2585 2165; x_wconf 71' lang='grc' dir='ltr'>καὶ</span> <span class='ocrx_word' id='word_1_374' title='bbox 2602 2111 2804 2181; x_wconf 80' lang='grc' dir='ltr'>θλίψις.</span> <span class='ocrx_word' id='word_1_375' title='bbox 2826 2107 2964 2163; x_wconf 81' lang='grc' dir='ltr'>Εἶτα</span> <span class='ocrx_word' id='word_1_376' title='bbox 2988 2109 3148 2164; x_wconf 89' lang='grc' dir='ltr'>τοῦτο</span> <span class='ocrx_word' id='word_1_377' title='bbox 3169 2109 3705 2183; x_wconf 81' lang='grc' dir='ltr'>προσεπυνθάνοντο’</span> 
     </span>
    </p>
   </div>
   <div class='ocr_carea' id='block_1_51' title="bbox 2118 2198 3700 2276">
    <p class='ocr_par' dir='ltr' id='par_1_51' title="bbox 2118 2198 3700 2276">
     <span class='ocr_line' id='line_1_51' title="bbox 2118 2198 3700 2276; baseline -0.002 -19"><span class='ocrx_word' id='word_1_378' title='bbox 2118 2223 2138 2257; x_wconf 75' lang='grc' dir='ltr'><strong>ι</strong></span> <span class='ocrx_word' id='word_1_379' title='bbox 2179 2206 2245 2258; x_wconf 70' lang='lat' dir='ltr'><strong>Tt</strong></span> <span class='ocrx_word' id='word_1_380' title='bbox 2277 2198 2438 2260; x_wconf 75' lang='grc' dir='ltr'>αὗται</span> <span class='ocrx_word' id='word_1_381' title='bbox 2464 2205 2522 2257; x_wconf 69' lang='lat' dir='ltr'><strong>at</strong></span> <span class='ocrx_word' id='word_1_382' title='bbox 2558 2203 2765 2276; x_wconf 78' lang='grc' dir='ltr'>πληγαὶ</span> <span class='ocrx_word' id='word_1_383' title='bbox 2799 2201 2903 2256; x_wconf 89' lang='grc' dir='ltr'><strong>ἀνά</strong></span> <span class='ocrx_word' id='word_1_384' title='bbox 2945 2201 3110 2273; x_wconf 84' lang='grc' dir='ltr'>μέσον</span> <span class='ocrx_word' id='word_1_385' title='bbox 3131 2202 3240 2256; x_wconf 91' lang='grc' dir='ltr'><strong>τῶν</strong></span> <span class='ocrx_word' id='word_1_386' title='bbox 3265 2203 3467 2273; x_wconf 88' lang='grc' dir='ltr'>χειρῶν</span> <span class='ocrx_word' id='word_1_387' title='bbox 3498 2219 3633 2270; x_wconf 75' lang='grc' dir='ltr'>σούς</span> <span class='ocrx_word' id='word_1_388' title='bbox 3681 2222 3700 2254; x_wconf 74' lang='grc' dir='ltr'><strong>ι</strong></span> 
     </span>
    </p>
   </div>
   <div class='ocr_carea' id='block_1_52' title="bbox 2121 2290 3706 2366">
    <p class='ocr_par' dir='ltr' id='par_1_52' title="bbox 2121 2290 3706 2366">
     <span class='ocr_line' id='line_1_52' title="bbox 2121 2290 3706 2366; baseline -0.001 -18"><span class='ocrx_word' id='word_1_389' title='bbox 2121 2295 2182 2348; x_wconf 85' lang='grc'><strong>’0</strong></span> <span class='ocrx_word' id='word_1_390' title='bbox 2212 2294 2270 2348; x_wconf 79' lang='grc' dir='ltr'>δὲ</span> <span class='ocrx_word' id='word_1_391' title='bbox 2298 2295 2436 2366; x_wconf 82' lang='grc' dir='ltr'>πρὸς</span> <span class='ocrx_word' id='word_1_392' title='bbox 2486 2293 2686 2357; x_wconf 85' lang='grc' dir='ltr'>αὐτούς</span> <span class='ocrx_word' id='word_1_393' title='bbox 2705 2309 2717 2322; x_wconf 93' lang='grc'><strong>·</strong></span> <span class='ocrx_word' id='word_1_394' title='bbox 2758 2311 2776 2344; x_wconf 81' lang='grc' dir='ltr'><strong>ι</strong></span> <span class='ocrx_word' id='word_1_395' title='bbox 2821 2293 2920 2356; x_wconf 61' lang='lat' dir='ltr'><strong>“At;</strong></span> <span class='ocrx_word' id='word_1_396' title='bbox 2948 2290 3196 2362; x_wconf 76' lang='grc' dir='ltr'>ἐπλήγην</span> <span class='ocrx_word' id='word_1_397' title='bbox 3225 2293 3282 2346; x_wconf 82' lang='grc' dir='ltr'><strong>ἐν</strong></span> <span class='ocrx_word' id='word_1_398' title='bbox 3311 2291 3390 2362; x_wconf 84' lang='grc' dir='ltr'><strong>τῷ</strong></span> <span class='ocrx_word' id='word_1_399' title='bbox 3430 2293 3565 2362; x_wconf 76' lang='grc' dir='ltr'>οἴκῳ</span> <span class='ocrx_word' id='word_1_400' title='bbox 3608 2291 3706 2346; x_wconf 84' lang='grc' dir='ltr'><strong>τοῦ</strong></span> 
     </span>
    </p>
   </div>
   <div class='ocr_carea' id='block_1_53' title="bbox 2111 2383 3706 2460">
    <p class='ocr_par' dir='ltr' id='par_1_53' title="bbox 2111 2383 3706 2460">
     <span class='ocr_line' id='line_1_53' title="bbox 2111 2383 3706 2460; baseline -0.004 -17"><span class='ocrx_word' id='word_1_401' title='bbox 2111 2387 2398 2460; x_wconf 78' lang='grc' dir='ltr'>ἀγαπητοῦ</span> <span class='ocrx_word' id='word_1_402' title='bbox 2433 2405 2558 2458; x_wconf 87' lang='grc' dir='ltr'>μου.</span> <span class='ocrx_word' id='word_1_403' title='bbox 2598 2405 2618 2438; x_wconf 71' lang='grc' dir='ltr'><strong>ι</strong></span> <span class='ocrx_word' id='word_1_404' title='bbox 2651 2386 2864 2455; x_wconf 72' lang='grc' dir='ltr'>Ὥσπερ</span> <span class='ocrx_word' id='word_1_405' title='bbox 2896 2383 3007 2455; x_wconf 77' lang='grc' dir='ltr'><strong>γὰρ</strong></span> <span class='ocrx_word' id='word_1_406' title='bbox 3038 2385 3402 2454; x_wconf 86' lang='grc' dir='ltr'>ἀπιστήσαντι</span> <span class='ocrx_word' id='word_1_407' title='bbox 3433 2383 3508 2454; x_wconf 84' lang='grc' dir='ltr'><strong>τῷ</strong></span> <span class='ocrx_word' id='word_1_408' title='bbox 3531 2384 3706 2456; x_wconf 80' lang='grc' dir='ltr'>Θωμᾷ</span> 
     </span>
    </p>
   </div>
   <div class='ocr_carea' id='block_1_54' title="bbox 2110 2474 3810 2550">
    <p class='ocr_par' dir='ltr' id='par_1_54' title="bbox 2110 2474 3810 2550">
     <span class='ocr_line' id='line_1_54' title="bbox 2110 2474 3810 2550; baseline -0.004 -15"><span class='ocrx_word' id='word_1_409' title='bbox 2110 2479 2576 2550; x_wconf 85' lang='grc' dir='ltr'>οίκονομικώτατα</span> <span class='ocrx_word' id='word_1_410' title='bbox 2601 2478 2722 2532; x_wconf 87' lang='grc' dir='ltr'>λίαν</span> <span class='ocrx_word' id='word_1_411' title='bbox 2751 2478 2846 2531; x_wconf 70' lang='grc' dir='ltr'>καὶ</span> <span class='ocrx_word' id='word_1_412' title='bbox 2877 2475 3019 2547; x_wconf 86' lang='grc' dir='ltr'><strong>μετά</strong></span> <span class='ocrx_word' id='word_1_413' title='bbox 3042 2477 3140 2546; x_wconf 83' lang='grc' dir='ltr'>τὴν</span> <span class='ocrx_word' id='word_1_414' title='bbox 3163 2477 3227 2529; x_wconf 87' lang='grc' dir='ltr'><strong>ἐκ</strong></span> <span class='ocrx_word' id='word_1_415' title='bbox 3243 2474 3454 2546; x_wconf 85' lang='grc' dir='ltr'>νεκρῶν</span> <span class='ocrx_word' id='word_1_416' title='bbox 3472 2476 3708 2530; x_wconf 86' lang='grc' dir='ltr'>ἀνάστα·</span> <span class='ocrx_word' id='word_1_417' title='bbox 3793 2505 3810 2516; x_wconf 71' lang='grc' dir='ltr'><strong>ι</strong></span> 
     </span>
    </p>
   </div>
   <div class='ocr_carea' id='block_1_55' title="bbox 2114 2567 3708 2642">
    <p class='ocr_par' dir='ltr' id='par_1_55' title="bbox 2114 2567 3708 2642">
     <span class='ocr_line' id='line_1_55' title="bbox 2114 2567 3708 2642; baseline -0.003 -15"><span class='ocrx_word' id='word_1_418' title='bbox 2114 2591 2198 2627; x_wconf 86' lang='grc' dir='ltr'><strong>σιν</strong></span> <span class='ocrx_word' id='word_1_419' title='bbox 2232 2572 2444 2626; x_wconf 79' lang='grc' dir='ltr'>ἐδείκνυ</span> <span class='ocrx_word' id='word_1_420' title='bbox 2468 2571 2570 2634; x_wconf 84' lang='grc' dir='ltr'>τὰς</span> <span class='ocrx_word' id='word_1_421' title='bbox 2594 2573 2806 2642; x_wconf 88' lang='grc' dir='ltr'>χεῖρας,</span> <span class='ocrx_word' id='word_1_422' title='bbox 2838 2569 2932 2622; x_wconf 72' lang='grc' dir='ltr'>καὶ</span> <span class='ocrx_word' id='word_1_423' title='bbox 2958 2570 3086 2632; x_wconf 80' lang='grc' dir='ltr'>τοὺς</span> <span class='ocrx_word' id='word_1_424' title='bbox 3114 2569 3172 2620; x_wconf 92' lang='grc' dir='ltr'><strong>ἐν</strong></span> <span class='ocrx_word' id='word_1_425' title='bbox 3202 2570 3393 2632; x_wconf 83' lang='grc' dir='ltr'>αὐταῖς</span> <span class='ocrx_word' id='word_1_426' title='bbox 3423 2567 3532 2621; x_wconf 90' lang='grc' dir='ltr'><strong>τῶν</strong></span> <span class='ocrx_word' id='word_1_427' title='bbox 3556 2568 3708 2639; x_wconf 77' lang='grc' dir='ltr'>ἥλων</span> 
     </span>
    </p>
   </div>
   <div class='ocr_carea' id='block_1_56' title="bbox 2110 2661 3706 2734">
    <p class='ocr_par' dir='ltr' id='par_1_56' title="bbox 2110 2661 3706 2734">
     <span class='ocr_line' id='line_1_56' title="bbox 2110 2661 3706 2734; baseline -0.004 -16"><span class='ocrx_word' id='word_1_428' title='bbox 2110 2665 2340 2728; x_wconf 79' lang='grc' dir='ltr'>τύπους,</span> <span class='ocrx_word' id='word_1_429' title='bbox 2373 2664 2633 2718; x_wconf 87' lang='grc' dir='ltr'>ἐκέλευσε</span> <span class='ocrx_word' id='word_1_430' title='bbox 2664 2663 2722 2716; x_wconf 86' lang='grc' dir='ltr'>δὲ</span> <span class='ocrx_word' id='word_1_431' title='bbox 2746 2662 3006 2734; x_wconf 80' lang='grc' dir='ltr'>ψηλαφᾷν</span> <span class='ocrx_word' id='word_1_432' title='bbox 3037 2661 3132 2715; x_wconf 74' lang='grc' dir='ltr'>καὶ</span> <span class='ocrx_word' id='word_1_433' title='bbox 3169 2661 3270 2725; x_wconf 87' lang='grc' dir='ltr'>τὰς</span> <span class='ocrx_word' id='word_1_434' title='bbox 3299 2663 3356 2714; x_wconf 86' lang='grc' dir='ltr'><strong>ἐν</strong></span> <span class='ocrx_word' id='word_1_435' title='bbox 3393 2663 3460 2732; x_wconf 83' lang='grc' dir='ltr'>τῇ</span> <span class='ocrx_word' id='word_1_436' title='bbox 3492 2661 3706 2732; x_wconf 75' lang='grc' dir='ltr'>πλευρᾷ</span> 
     </span>
    </p>
   </div>
   <div class='ocr_carea' id='block_1_57' title="bbox 2110 2751 3708 2828">
    <p class='ocr_par' dir='ltr' id='par_1_57' title="bbox 2110 2751 3708 2828">
     <span class='ocr_line' id='line_1_57' title="bbox 2110 2751 3708 2828; baseline -0.004 -17"><span class='ocrx_word' id='word_1_437' title='bbox 2110 2757 2444 2828; x_wconf 88' lang='grc' dir='ltr'>διατρήσεις,</span> <span class='ocrx_word' id='word_1_438' title='bbox 2479 2754 2624 2809; x_wconf 82' lang='grc' dir='ltr'>οῦτω</span> <span class='ocrx_word' id='word_1_439' title='bbox 2665 2755 2758 2809; x_wconf 74' lang='grc' dir='ltr'>καὶ</span> <span class='ocrx_word' id='word_1_440' title='bbox 2791 2757 2848 2808; x_wconf 85' lang='grc' dir='ltr'><strong>ἐν</strong></span> <span class='ocrx_word' id='word_1_441' title='bbox 2892 2753 3108 2824; x_wconf 76' lang='grc' dir='ltr'>οὐρανῷ</span> <span class='ocrx_word' id='word_1_442' title='bbox 3146 2751 3385 2822; x_wconf 88' lang='grc' dir='ltr'>γεγονὼς</span> <span class='ocrx_word' id='word_1_443' title='bbox 3423 2753 3708 2823; x_wconf 85' lang='grc' dir='ltr'>πεπληρο-</span> 
     </span>
    </p>
   </div>
   <div class='ocr_carea' id='block_1_58' title="bbox 2113 2841 3709 2920">
    <p class='ocr_par' dir='ltr' id='par_1_58' title="bbox 2113 2841 3709 2920">
     <span class='ocr_line' id='line_1_58' title="bbox 2113 2841 3709 2920; baseline -0.006 -18"><span class='ocrx_word' id='word_1_444' title='bbox 2113 2849 2325 2920; x_wconf 85' lang='grc' dir='ltr'>φόρηκε</span> <span class='ocrx_word' id='word_1_445' title='bbox 2363 2848 2491 2911; x_wconf 84' lang='grc' dir='ltr'>τοὺς</span> <span class='ocrx_word' id='word_1_446' title='bbox 2523 2846 2714 2916; x_wconf 82' lang='grc' dir='ltr'>ἁγίους</span> <span class='ocrx_word' id='word_1_447' title='bbox 2744 2843 3034 2913; x_wconf 81' lang='grc' dir='ltr'>ἀγγέλους,</span> <span class='ocrx_word' id='word_1_448' title='bbox 3072 2844 3156 2897; x_wconf 82' lang='grc' dir='ltr'>ὅτι</span> <span class='ocrx_word' id='word_1_449' title='bbox 3183 2843 3411 2906; x_wconf 88' lang='grc' dir='ltr'>δικαίως</span> <span class='ocrx_word' id='word_1_450' title='bbox 3436 2843 3536 2913; x_wconf 81' lang='grc' dir='ltr'>τῆς</span> <span class='ocrx_word' id='word_1_451' title='bbox 3563 2841 3709 2914; x_wconf 70' lang='grc' dir='ltr'>πρὸς</span> 
     </span>
    </p>
   </div>
   <div class='ocr_carea' id='block_1_59' title="bbox 2112 2931 3712 3007">
    <p class='ocr_par' dir='ltr' id='par_1_59' title="bbox 2112 2931 3712 3007">
     <span class='ocr_line' id='line_1_59' title="bbox 2112 2931 3712 3007; baseline -0.005 -15"><span class='ocrx_word' id='word_1_452' title='bbox 2112 2940 2311 3001; x_wconf 80' lang='grc' dir='ltr'>αὐτοὺς</span> <span class='ocrx_word' id='word_1_453' title='bbox 2333 2936 2668 3007; x_wconf 79' lang='grc' dir='ltr'>οἰκειότητος</span> <span class='ocrx_word' id='word_1_454' title='bbox 2703 2933 3028 3005; x_wconf 68' lang='grc' dir='ltr'>ἐπιϐέϐληται</span> <span class='ocrx_word' id='word_1_455' title='bbox 3059 2933 3154 2987; x_wconf 73' lang='grc' dir='ltr'>καὶ</span> <span class='ocrx_word' id='word_1_456' title='bbox 3183 2931 3492 2987; x_wconf 86' lang='grc' dir='ltr'>ἁπώλισθεν</span> <span class='ocrx_word' id='word_1_457' title='bbox 3515 2933 3542 2984; x_wconf 88' lang='lat'><strong>6</strong></span> <span class='ocrx_word' id='word_1_458' title='bbox 3565 2932 3712 3001; x_wconf 70' lang='grc' dir='ltr'>ἠγα-</span> 
     </span>
    </p>
   </div>
   <div class='ocr_carea' id='block_1_60' title="bbox 2113 3021 3710 3101">
    <p class='ocr_par' dir='ltr' id='par_1_60' title="bbox 2113 3021 3710 3101">
     <span class='ocr_line' id='line_1_60' title="bbox 2113 3021 3710 3101; baseline -0.006 -17"><span class='ocrx_word' id='word_1_459' title='bbox 2113 3029 2360 3101; x_wconf 88' lang='grc' dir='ltr'>πημένος</span> <span class='ocrx_word' id='word_1_460' title='bbox 2403 3027 2638 3100; x_wconf 79' lang='grc' dir='ltr'>Ἰσραήλ.</span> <span class='ocrx_word' id='word_1_461' title='bbox 2675 3025 2776 3080; x_wconf 87' lang='grc' dir='ltr'>Διά</span> <span class='ocrx_word' id='word_1_462' title='bbox 2821 3025 2982 3080; x_wconf 86' lang='grc' dir='ltr'>τοῦτο</span> <span class='ocrx_word' id='word_1_463' title='bbox 3034 3023 3385 3096; x_wconf 75' lang='grc' dir='ltr'>πεφυρμένον</span> <span class='ocrx_word' id='word_1_464' title='bbox 3418 3022 3611 3094; x_wconf 79' lang='grc' dir='ltr'>αἵματι</span> <span class='ocrx_word' id='word_1_465' title='bbox 3642 3021 3710 3076; x_wconf 82' lang='grc' dir='ltr'><strong>τὺ</strong></span> 
     </span>
    </p>
   </div>
   <div class='ocr_carea' id='block_1_61' title="bbox 2114 3113 3710 3194">
    <p class='ocr_par' dir='ltr' id='par_1_61' title="bbox 2114 3113 3710 3194">
     <span class='ocr_line' id='line_1_61' title="bbox 2114 3113 3710 3194; baseline -0.009 -13"><span class='ocrx_word' id='word_1_466' title='bbox 2114 3127 2341 3194; x_wconf 81' lang='grc' dir='ltr'>ᾶμφιον,</span> <span class='ocrx_word' id='word_1_467' title='bbox 2371 3121 2466 3176; x_wconf 68' lang='grc' dir='ltr'>καὶ</span> <span class='ocrx_word' id='word_1_468' title='bbox 2504 3119 2606 3183; x_wconf 77' lang='grc' dir='ltr'><strong>τὰς</strong></span> <span class='ocrx_word' id='word_1_469' title='bbox 2649 3120 2707 3172; x_wconf 89' lang='grc' dir='ltr'><strong>ἐν</strong></span> <span class='ocrx_word' id='word_1_470' title='bbox 2745 3118 2934 3190; x_wconf 65' lang='grc' dir='ltr'>χερσὶν</span> <span class='ocrx_word' id='word_1_471' title='bbox 2980 3117 3264 3171; x_wconf 78' lang='grc' dir='ltr'>ἐπεδείκνυ</span> <span class='ocrx_word' id='word_1_472' title='bbox 3317 3113 3554 3182; x_wconf 84' lang='grc' dir='ltr'>πληγὰς,</span> <span class='ocrx_word' id='word_1_473' title='bbox 3601 3113 3710 3166; x_wconf 77' lang='grc' dir='ltr'>οὐκ</span> 
     </span>
    </p>
   </div>
   <div class='ocr_carea' id='block_1_62' title="bbox 423 3207 2009 3293">
    <p class='ocr_par' dir='ltr' id='par_1_62' title="bbox 423 3219 2009 3293">
     <span class='ocr_line' id='line_1_62' title="bbox 423 3219 2009 3293; baseline -0.002 -16"><span class='ocrx_word' id='word_1_474' title='bbox 423 3223 512 3293; x_wconf 79' lang='lat' dir='ltr'><strong>(ex</strong></span> <span class='ocrx_word' id='word_1_475' title='bbox 542 3223 776 3280; x_wconf 85' lang='lat' dir='ltr'><strong>mortuis</strong></span> <span class='ocrx_word' id='word_1_476' title='bbox 810 3223 958 3278; x_wconf 90' lang='lat' dir='ltr'><strong>enim</strong></span> <span class='ocrx_word' id='word_1_477' title='bbox 984 3222 1277 3286; x_wconf 79' lang='lat' dir='ltr'><strong>excitatus,</strong></span> <span class='ocrx_word' id='word_1_478' title='bbox 1302 3219 1712 3291; x_wconf 84' lang='lat' dir='ltr'><strong>corruptionem</strong></span> <span class='ocrx_word' id='word_1_479' title='bbox 1733 3226 1791 3275; x_wconf 91' lang='lat' dir='ltr'><strong>et</strong></span> <span class='ocrx_word' id='word_1_480' title='bbox 1808 3228 2009 3274; x_wconf 78' lang='lat' dir='ltr'><strong>caetera</strong></span> 
     </span>
    </p>
   </div>
   <div class='ocr_carea' id='block_1_63' title="bbox 2114 3207 3711 3293">
    <p class='ocr_par' dir='ltr' id='par_1_63' title="bbox 2114 3207 3711 3284">
     <span class='ocr_line' id='line_1_63' title="bbox 2114 3207 3711 3284; baseline -0.007 -15"><span class='ocrx_word' id='word_1_481' title='bbox 2114 3215 2527 3284; x_wconf 79' lang='grc' dir='ltr'>άναποδλήτους</span> <span class='ocrx_word' id='word_1_482' title='bbox 2555 3211 2696 3282; x_wconf 76' lang='grc' dir='ltr'>ἔχων</span> <span class='ocrx_word' id='word_1_483' title='bbox 2723 3210 2895 3272; x_wconf 79' lang='grc' dir='ltr'>αὑτὰς</span> <span class='ocrx_word' id='word_1_484' title='bbox 2921 3207 3332 3280; x_wconf 86' lang='grc' dir='ltr'>(ἐγηγερμένος</span> <span class='ocrx_word' id='word_1_485' title='bbox 3369 3207 3477 3278; x_wconf 79' lang='grc' dir='ltr'>γὰρ</span> <span class='ocrx_word' id='word_1_486' title='bbox 3524 3207 3588 3259; x_wconf 88' lang='grc' dir='ltr'><strong>ἐκ</strong></span> <span class='ocrx_word' id='word_1_487' title='bbox 3624 3222 3711 3259; x_wconf 84' lang='grc' dir='ltr'><strong>νε-</strong></span> 
     </span>
    </p>
   </div>
   <div class='ocr_carea' id='block_1_64' title="bbox 421 3308 2005 3384">
    <p class='ocr_par' dir='ltr' id='par_1_64' title="bbox 421 3308 2005 3384">
     <span class='ocr_line' id='line_1_64' title="bbox 421 3308 2005 3384; baseline -0.003 -17"><span class='ocrx_word' id='word_1_488' title='bbox 421 3313 606 3369; x_wconf 89' lang='lat' dir='ltr'><strong>omnia</strong></span> <span class='ocrx_word' id='word_1_489' title='bbox 639 3329 761 3384; x_wconf 68' lang='lat' dir='ltr'><strong>qua:</strong></span> <span class='ocrx_word' id='word_1_490' title='bbox 786 3329 854 3370; x_wconf 80' lang='lat' dir='ltr'><strong>ex</strong></span> <span class='ocrx_word' id='word_1_491' title='bbox 888 3314 979 3367; x_wconf 92' lang='lat' dir='ltr'><strong>illa</strong></span> <span class='ocrx_word' id='word_1_492' title='bbox 1025 3322 1206 3378; x_wconf 89' lang='lat' dir='ltr'><strong>erant,</strong></span> <span class='ocrx_word' id='word_1_493' title='bbox 1255 3311 1479 3382; x_wconf 89' lang='lat' dir='ltr'><strong>penitus</strong></span> <span class='ocrx_word' id='word_1_494' title='bbox 1534 3308 1749 3377; x_wconf 76' lang='lat' dir='ltr'><strong>exuit),</strong></span> <span class='ocrx_word' id='word_1_495' title='bbox 1795 3308 1894 3365; x_wconf 88' lang='lat' dir='ltr'><strong>sed</strong></span> <span class='ocrx_word' id='word_1_496' title='bbox 1925 3317 2005 3374; x_wconf 89' lang='lat' dir='ltr'><strong>ut,</strong></span> 
     </span>
    </p>
   </div>
   <div class='ocr_carea' id='block_1_65' title="bbox 421 3401 2009 3475">
    <p class='ocr_par' dir='ltr' id='par_1_65' title="bbox 421 3401 2009 3475">
     <span class='ocr_line' id='line_1_65' title="bbox 421 3401 2009 3475; baseline -0.005 -14"><span class='ocrx_word' id='word_1_497' title='bbox 421 3405 885 3475; x_wconf 86' lang='lat' dir='ltr'><strong>quemadmodum</strong></span> <span class='ocrx_word' id='word_1_498' title='bbox 903 3401 1399 3469; x_wconf 79' lang='lat' dir='ltr'><strong>dixi,multil‘ormis</strong></span> <span class='ocrx_word' id='word_1_499' title='bbox 1418 3401 1689 3472; x_wconf 88' lang='lat' dir='ltr'><strong>sapientia</strong></span> <span class='ocrx_word' id='word_1_500' title='bbox 1707 3401 1827 3467; x_wconf 90' lang='lat' dir='ltr'><strong>Dei,</strong></span> <span class='ocrx_word' id='word_1_501' title='bbox 1843 3414 2009 3470; x_wconf 89' lang='lat' dir='ltr'><strong>quam</strong></span> 
     </span>
    </p>
   </div>
   <div class='ocr_carea' id='block_1_66' title="bbox 423 3490 2012 3564">
    <p class='ocr_par' dir='ltr' id='par_1_66' title="bbox 423 3490 2012 3564">
     <span class='ocr_line' id='line_1_66' title="bbox 423 3490 2012 3564; baseline -0.004 -14"><span class='ocrx_word' id='word_1_502' title='bbox 423 3498 480 3552; x_wconf 88' lang='lat' dir='ltr'><strong>in</strong></span> <span class='ocrx_word' id='word_1_503' title='bbox 512 3497 736 3554; x_wconf 89' lang='lat' dir='ltr'><strong>Christo</strong></span> <span class='ocrx_word' id='word_1_504' title='bbox 771 3496 1080 3553; x_wconf 89' lang='lat' dir='ltr'><strong>secundum</strong></span> <span class='ocrx_word' id='word_1_505' title='bbox 1135 3505 1406 3551; x_wconf 67' lang='lat' dir='ltr'><strong>aeternum</strong></span> <span class='ocrx_word' id='word_1_506' title='bbox 1471 3494 1813 3564; x_wconf 87' lang='lat' dir='ltr'><strong>propositum</strong></span> <span class='ocrx_word' id='word_1_507' title='bbox 1855 3490 2012 3546; x_wconf 79' lang='lat' dir='ltr'><strong>exhi-</strong></span> 
     </span>
    </p>
   </div>
   <div class='ocr_carea' id='block_1_67' title="bbox 423 3583 2010 3662">
    <p class='ocr_par' dir='ltr' id='par_1_67' title="bbox 423 3583 2010 3662">
     <span class='ocr_line' id='line_1_67' title="bbox 423 3583 2010 3662; baseline -0.005 -18"><span class='ocrx_word' id='word_1_508' title='bbox 423 3590 563 3655; x_wconf 88' lang='lat' dir='ltr'><strong>buit,</strong></span> <span class='ocrx_word' id='word_1_509' title='bbox 590 3607 691 3662; x_wconf 91' lang='lat' dir='ltr'><strong>per</strong></span> <span class='ocrx_word' id='word_1_510' title='bbox 722 3589 1024 3646; x_wconf 86' lang='lat' dir='ltr'><strong>Ecclesiam</strong></span> <span class='ocrx_word' id='word_1_511' title='bbox 1095 3588 1502 3659; x_wconf 84' lang='lat' dir='ltr'><strong>principatibus</strong></span> <span class='ocrx_word' id='word_1_512' title='bbox 1566 3583 2010 3654; x_wconf 75' lang='lat' dir='ltr'><strong>etpotcstatibns</strong></span> 
     </span>
    </p>
   </div>
   <div class='ocr_carea' id='block_1_68' title="bbox 423 3677 2004 3753">
    <p class='ocr_par' dir='ltr' id='par_1_68' title="bbox 423 3677 2004 3753">
     <span class='ocr_line' id='line_1_68' title="bbox 423 3677 2004 3753; baseline -0.005 -17"><span class='ocrx_word' id='word_1_513' title='bbox 423 3683 480 3738; x_wconf 91' lang='lat' dir='ltr'><strong>in</strong></span> <span class='ocrx_word' id='word_1_514' title='bbox 524 3682 1014 3753; x_wconf 72' lang='lat' dir='ltr'><strong>supercrelestibus</strong></span> <span class='ocrx_word' id='word_1_515' title='bbox 1068 3680 1469 3751; x_wconf 83' lang='lat' dir='ltr'><strong>dispensatorie</strong></span> <span class='ocrx_word' id='word_1_516' title='bbox 1510 3695 1657 3733; x_wconf 89' lang='lat' dir='ltr'><strong>nunc</strong></span> <span class='ocrx_word' id='word_1_517' title='bbox 1693 3677 2004 3748; x_wconf 75' lang='lat' dir='ltr'><strong>patefieret.</strong></span> 
     </span>
    </p>
   </div>
   <div class='ocr_carea' id='block_1_69' title="bbox 422 3767 2006 3841">
    <p class='ocr_par' dir='ltr' id='par_1_69' title="bbox 422 3767 2006 3841">
     <span class='ocr_line' id='line_1_69' title="bbox 422 3767 2006 3841; baseline -0.008 -10"><span class='ocrx_word' id='word_1_518' title='bbox 422 3777 502 3832; x_wconf 83' lang='lat' dir='ltr'><strong>lla</strong></span> <span class='ocrx_word' id='word_1_519' title='bbox 527 3776 676 3831; x_wconf 90' lang='lat' dir='ltr'><strong>enim</strong></span> <span class='ocrx_word' id='word_1_520' title='bbox 705 3773 1115 3830; x_wconf 88' lang='lat' dir='ltr'><strong>sacratissimus</strong></span> <span class='ocrx_word' id='word_1_521' title='bbox 1131 3773 1336 3828; x_wconf 86' lang='lat' dir='ltr'><strong>Paulus</strong></span> <span class='ocrx_word' id='word_1_522' title='bbox 1352 3771 1684 3841; x_wconf 86' lang='lat' dir='ltr'><strong>quihusdam</strong></span> <span class='ocrx_word' id='word_1_523' title='bbox 1712 3767 1906 3824; x_wconf 91' lang='lat' dir='ltr'><strong>scribit</strong></span> <span class='ocrx_word' id='word_1_524' title='bbox 1939 3767 2006 3820; x_wconf 78' lang='grc' dir='ltr'><strong>ὀ.</strong></span> 
     </span>
    </p>
   </div>
   <div class='ocr_carea' id='block_1_70' title="bbox 425 3863 2009 3939">
    <p class='ocr_par' dir='ltr' id='par_1_70' title="bbox 425 3863 2009 3939">
     <span class='ocr_line' id='line_1_70' title="bbox 425 3863 2009 3939; baseline -0.007 -15"><span class='ocrx_word' id='word_1_525' title='bbox 425 3870 580 3924; x_wconf 90' lang='lat' dir='ltr'><strong>Sicut</strong></span> <span class='ocrx_word' id='word_1_526' title='bbox 607 3883 738 3939; x_wconf 87' lang='lat' dir='ltr'><strong>ergo</strong></span> <span class='ocrx_word' id='word_1_527' title='bbox 766 3867 823 3921; x_wconf 90' lang='lat' dir='ltr'><strong>in</strong></span> <span class='ocrx_word' id='word_1_528' title='bbox 867 3865 1086 3921; x_wconf 86' lang='lat' dir='ltr'><strong>duobus</strong></span> <span class='ocrx_word' id='word_1_529' title='bbox 1120 3865 1294 3920; x_wconf 87' lang='lat' dir='ltr'><strong>hircis</strong></span> <span class='ocrx_word' id='word_1_530' title='bbox 1332 3864 1622 3919; x_wconf 81' lang='lat' dir='ltr'><strong>manifeste</strong></span> <span class='ocrx_word' id='word_1_531' title='bbox 1671 3863 2009 3918; x_wconf 85' lang='lat' dir='ltr'><strong>delineatum</strong></span> 
     </span>
    </p>
   </div>
   <div class='ocr_carea' id='block_1_71' title="bbox 422 3958 2010 4030">
    <p class='ocr_par' dir='ltr' id='par_1_71' title="bbox 422 3958 2010 4030">
     <span class='ocr_line' id='line_1_71' title="bbox 422 3958 2010 4030; baseline -0.007 -12"><span class='ocrx_word' id='word_1_532' title='bbox 422 3971 509 4018; x_wconf 79' lang='lat' dir='ltr'><strong>est</strong></span> <span class='ocrx_word' id='word_1_533' title='bbox 543 3960 749 4017; x_wconf 88' lang='lat' dir='ltr'><strong>Christi</strong></span> <span class='ocrx_word' id='word_1_534' title='bbox 786 3959 1132 4030; x_wconf 85' lang='lat' dir='ltr'><strong>mysterium,</strong></span> <span class='ocrx_word' id='word_1_535' title='bbox 1159 3959 1235 4014; x_wconf 90' lang='lat' dir='ltr'><strong>ita</strong></span> <span class='ocrx_word' id='word_1_536' title='bbox 1262 3960 1317 4014; x_wconf 89' lang='lat' dir='ltr'><strong>in</strong></span> <span class='ocrx_word' id='word_1_537' title='bbox 1355 3958 1576 4013; x_wconf 91' lang='lat' dir='ltr'><strong>duobus</strong></span> <span class='ocrx_word' id='word_1_538' title='bbox 1615 3971 1834 4027; x_wconf 89' lang='lat' dir='ltr'><strong>quoque</strong></span> <span class='ocrx_word' id='word_1_539' title='bbox 1878 3970 2010 4025; x_wconf 85' lang='lat' dir='ltr'><strong>pas-</strong></span> 
     </span>
    </p>
   </div>
   <div class='ocr_carea' id='block_1_72' title="bbox 423 4049 2011 4124">
    <p class='ocr_par' dir='ltr' id='par_1_72' title="bbox 423 4049 2011 4124">
     <span class='ocr_line' id='line_1_72' title="bbox 423 4049 2011 4124; baseline -0.004 -13"><span class='ocrx_word' id='word_1_540' title='bbox 423 4055 660 4111; x_wconf 84' lang='lat' dir='ltr'><strong>scribus.</strong></span> <span class='ocrx_word' id='word_1_541' title='bbox 707 4053 851 4108; x_wconf 89' lang='lat' dir='ltr'><strong>Dicit</strong></span> <span class='ocrx_word' id='word_1_542' title='bbox 883 4062 1068 4109; x_wconf 87' lang='lat' dir='ltr'><strong>autem</strong></span> <span class='ocrx_word' id='word_1_543' title='bbox 1092 4054 1324 4110; x_wconf 82' lang='lat' dir='ltr'><strong>fortasse</strong></span> <span class='ocrx_word' id='word_1_544' title='bbox 1363 4053 1637 4124; x_wconf 86' lang='lat' dir='ltr'><strong>quispiam</strong></span> <span class='ocrx_word' id='word_1_545' title='bbox 1669 4070 1679 4104; x_wconf 93' lang='lat'><strong>:</strong></span> <span class='ocrx_word' id='word_1_546' title='bbox 1723 4049 2011 4118; x_wconf 87' lang='lat' dir='ltr'><strong>Quomodo</strong></span> 
     </span>
    </p>
   </div>
   <div class='ocr_carea' id='block_1_73' title="bbox 426 4145 2010 4204">
    <p class='ocr_par' dir='ltr' id='par_1_73' title="bbox 426 4145 2010 4204">
     <span class='ocr_line' id='line_1_73' title="bbox 426 4145 2010 4204; baseline -0.004 -2"><span class='ocrx_word' id='word_1_547' title='bbox 426 4163 597 4202; x_wconf 87' lang='lat' dir='ltr'><strong>unum</strong></span> <span class='ocrx_word' id='word_1_548' title='bbox 625 4147 961 4204; x_wconf 90' lang='lat' dir='ltr'><strong>eteumdem</strong></span> <span class='ocrx_word' id='word_1_549' title='bbox 1004 4147 1145 4203; x_wconf 92' lang='lat' dir='ltr'><strong>dicis</strong></span> <span class='ocrx_word' id='word_1_550' title='bbox 1205 4163 1328 4203; x_wconf 87' lang='lat' dir='ltr'><strong>esse</strong></span> <span class='ocrx_word' id='word_1_551' title='bbox 1385 4146 1583 4201; x_wconf 88' lang='lat' dir='ltr'><strong>Filium</strong></span> <span class='ocrx_word' id='word_1_552' title='bbox 1629 4154 1686 4201; x_wconf 90' lang='lat' dir='ltr'><strong>et</strong></span> <span class='ocrx_word' id='word_1_553' title='bbox 1715 4145 2010 4201; x_wconf 89' lang='lat' dir='ltr'><strong>Dominum</strong></span> 
     </span>
    </p>
   </div>
   <div class='ocr_carea' id='block_1_74' title="bbox 423 4234 2012 4308">
    <p class='ocr_par' dir='ltr' id='par_1_74' title="bbox 423 4234 2012 4308">
     <span class='ocr_line' id='line_1_74' title="bbox 423 4234 2012 4308; baseline -0.006 -12"><span class='ocrx_word' id='word_1_554' title='bbox 423 4240 611 4296; x_wconf 83' lang='lat' dir='ltr'><strong>Jesum</strong></span> <span class='ocrx_word' id='word_1_555' title='bbox 647 4238 953 4303; x_wconf 87' lang='lat' dir='ltr'><strong>Christum,</strong></span> <span class='ocrx_word' id='word_1_556' title='bbox 976 4254 1102 4294; x_wconf 89' lang='lat' dir='ltr'><strong>cum</strong></span> <span class='ocrx_word' id='word_1_557' title='bbox 1141 4238 1252 4294; x_wconf 92' lang='lat' dir='ltr'><strong>duo</strong></span> <span class='ocrx_word' id='word_1_558' title='bbox 1290 4239 1428 4293; x_wconf 88' lang='lat' dir='ltr'><strong>hirci</strong></span> <span class='ocrx_word' id='word_1_559' title='bbox 1457 4247 1514 4293; x_wconf 89' lang='lat' dir='ltr'><strong>et</strong></span> <span class='ocrx_word' id='word_1_560' title='bbox 1535 4237 1644 4293; x_wconf 89' lang='lat' dir='ltr'><strong>duo</strong></span> <span class='ocrx_word' id='word_1_561' title='bbox 1669 4251 1921 4308; x_wconf 86' lang='lat' dir='ltr'><strong>passeres</strong></span> <span class='ocrx_word' id='word_1_562' title='bbox 1955 4234 2012 4288; x_wconf 91' lang='lat' dir='ltr'><strong>in</strong></span> 
     </span>
    </p>
   </div>
   <div class='ocr_carea' id='block_1_75' title="bbox 425 4333 2012 4404">
    <p class='ocr_par' dir='ltr' id='par_1_75' title="bbox 425 4333 2012 4404">
     <span class='ocr_line' id='line_1_75' title="bbox 425 4333 2012 4404; baseline -0.003 -14"><span class='ocrx_word' id='word_1_563' title='bbox 425 4334 668 4391; x_wconf 86' lang='lat' dir='ltr'><strong>medium</strong></span> <span class='ocrx_word' id='word_1_564' title='bbox 693 4333 917 4390; x_wconf 87' lang='lat' dir='ltr'><strong>adducti</strong></span> <span class='ocrx_word' id='word_1_565' title='bbox 954 4334 1099 4390; x_wconf 87' lang='lat' dir='ltr'><strong>sint?</strong></span> <span class='ocrx_word' id='word_1_566' title='bbox 1123 4333 1385 4404; x_wconf 86' lang='lat' dir='ltr'><strong>Nunquid</strong></span> <span class='ocrx_word' id='word_1_567' title='bbox 1445 4335 1530 4388; x_wconf 81' lang='lat' dir='ltr'><strong>lex</strong></span> <span class='ocrx_word' id='word_1_568' title='bbox 1583 4350 1677 4404; x_wconf 88' lang='lat' dir='ltr'><strong>per</strong></span> <span class='ocrx_word' id='word_1_569' title='bbox 1728 4334 1835 4388; x_wconf 92' lang='lat' dir='ltr'><strong>hoc</strong></span> <span class='ocrx_word' id='word_1_570' title='bbox 1865 4333 2012 4387; x_wconf 86' lang='lat' dir='ltr'><strong>clare</strong></span> 
     </span>
    </p>
   </div>
   <div class='ocr_carea' id='block_1_76' title="bbox 425 4425 2012 4484">
    <p class='ocr_par' dir='ltr' id='par_1_76' title="bbox 425 4425 2012 4484">
     <span class='ocr_line' id='line_1_76' title="bbox 425 4425 2012 4484; baseline -0.004 0"><span class='ocrx_word' id='word_1_571' title='bbox 425 4429 670 4484; x_wconf 87' lang='lat' dir='ltr'><strong>ostendit</strong></span> <span class='ocrx_word' id='word_1_572' title='bbox 701 4428 843 4484; x_wconf 87' lang='lat' dir='ltr'><strong>duos</strong></span> <span class='ocrx_word' id='word_1_573' title='bbox 865 4429 1093 4483; x_wconf 88' lang='lat' dir='ltr'><strong>omnino</strong></span> <span class='ocrx_word' id='word_1_574' title='bbox 1113 4429 1281 4483; x_wconf 85' lang='lat' dir='ltr'><strong>Filios</strong></span> <span class='ocrx_word' id='word_1_575' title='bbox 1304 4436 1360 4483; x_wconf 90' lang='lat' dir='ltr'><strong>et</strong></span> <span class='ocrx_word' id='word_1_576' title='bbox 1395 4427 1646 4484; x_wconf 89' lang='lat' dir='ltr'><strong>Christos</strong></span> <span class='ocrx_word' id='word_1_577' title='bbox 1669 4427 1830 4482; x_wconf 86' lang='lat' dir='ltr'><strong>esse?</strong></span> <span class='ocrx_word' id='word_1_578' title='bbox 1861 4425 1930 4479; x_wconf 84' lang='lat' dir='ltr'><strong>Et</strong></span> <span class='ocrx_word' id='word_1_579' title='bbox 1955 4426 2012 4478; x_wconf 85' lang='lat' dir='ltr'><strong>in</strong></span> 
     </span>
    </p>
   </div>
   <div class='ocr_carea' id='block_1_77' title="bbox 425 4519 2006 4592">
    <p class='ocr_par' dir='ltr' id='par_1_77' title="bbox 425 4519 2006 4592">
     <span class='ocr_line' id='line_1_77' title="bbox 425 4519 2006 4592; baseline -0.001 -17"><span class='ocrx_word' id='word_1_580' title='bbox 425 4521 570 4577; x_wconf 82' lang='lat' dir='ltr'><strong>hanc</strong></span> <span class='ocrx_word' id='word_1_581' title='bbox 589 4537 810 4592; x_wconf 87' lang='lat' dir='ltr'><strong>quoque</strong></span> <span class='ocrx_word' id='word_1_582' title='bbox 835 4521 1176 4591; x_wconf 88' lang='lat' dir='ltr'><strong>impietatem</strong></span> <span class='ocrx_word' id='word_1_583' title='bbox 1218 4521 1386 4591; x_wconf 86' lang='lat' dir='ltr'><strong>aliqui</strong></span> <span class='ocrx_word' id='word_1_584' title='bbox 1422 4523 1532 4592; x_wconf 88' lang='lat' dir='ltr'><strong>jam</strong></span> <span class='ocrx_word' id='word_1_585' title='bbox 1559 4519 1802 4592; x_wconf 90' lang='lat' dir='ltr'><strong>prolapsi</strong></span> <span class='ocrx_word' id='word_1_586' title='bbox 1857 4527 2006 4582; x_wconf 88' lang='lat' dir='ltr'><strong>sunt,</strong></span> 
     </span>
    </p>
   </div>
   <div class='ocr_carea' id='block_1_78' title="bbox 2114 3293 3708 3381">
    <p class='ocr_par' dir='ltr' id='par_1_78' title="bbox 2114 3293 3708 3381">
     <span class='ocr_line' id='line_1_78' title="bbox 2114 3293 3708 3381; baseline -0.009 -18"><span class='ocrx_word' id='word_1_587' title='bbox 2114 3309 2264 3381; x_wconf 88' lang='grc' dir='ltr'>κρῶν</span> <span class='ocrx_word' id='word_1_588' title='bbox 2314 3305 2627 3362; x_wconf 78' lang='grc' dir='ltr'>ἀπεδύσατο</span> <span class='ocrx_word' id='word_1_589' title='bbox 2667 3303 2767 3376; x_wconf 80' lang='grc' dir='ltr'>τὴν</span> <span class='ocrx_word' id='word_1_590' title='bbox 2793 3293 3025 3374; x_wconf 71' lang='grc' dir='ltr'>φθορὰν,</span> <span class='ocrx_word' id='word_1_591' title='bbox 3057 3301 3151 3352; x_wconf 67' lang='grc' dir='ltr'>καὶ</span> <span class='ocrx_word' id='word_1_592' title='bbox 3191 3300 3288 3353; x_wconf 80' lang='grc' dir='ltr'><strong>σὺν</strong></span> <span class='ocrx_word' id='word_1_593' title='bbox 3333 3298 3472 3368; x_wconf 84' lang='grc' dir='ltr'><strong>αύτῇ</strong></span> <span class='ocrx_word' id='word_1_594' title='bbox 3525 3295 3708 3352; x_wconf 88' lang='grc' dir='ltr'>πάντα</span> 
     </span>
    </p>
   </div>
   <div class='ocr_carea' id='block_1_79' title="bbox 2111 3390 3710 3469">
    <p class='ocr_par' dir='ltr' id='par_1_79' title="bbox 2111 3390 3710 3469">
     <span class='ocr_line' id='line_1_79' title="bbox 2111 3390 3710 3469; baseline -0.009 -12"><span class='ocrx_word' id='word_1_595' title='bbox 2111 3403 2182 3456; x_wconf 77' lang='grc' dir='ltr'>τὰ</span> <span class='ocrx_word' id='word_1_596' title='bbox 2205 3401 2262 3468; x_wconf 77' lang='grc' dir='ltr'>ἐξ</span> <span class='ocrx_word' id='word_1_597' title='bbox 2290 3399 2509 3469; x_wconf 77' lang='grc' dir='ltr'>αὐτῆς),</span> <span class='ocrx_word' id='word_1_598' title='bbox 2537 3397 2654 3452; x_wconf 81' lang='grc' dir='ltr'>ἀλλ’</span> <span class='ocrx_word' id='word_1_599' title='bbox 2685 3397 2797 3462; x_wconf 87' lang='grc' dir='ltr'>ἴνα,</span> <span class='ocrx_word' id='word_1_600' title='bbox 2828 3395 2904 3458; x_wconf 87' lang='grc' dir='ltr'>ὡς</span> <span class='ocrx_word' id='word_1_601' title='bbox 2930 3394 3089 3462; x_wconf 78' lang='grc' dir='ltr'>ἔφην,</span> <span class='ocrx_word' id='word_1_602' title='bbox 3123 3390 3487 3462; x_wconf 72' lang='grc' dir='ltr'>οἰκονομικῶς</span> <span class='ocrx_word' id='word_1_603' title='bbox 3506 3407 3710 3462; x_wconf 84' lang='grc' dir='ltr'>γνωρι-</span> 
     </span>
    </p>
   </div>
   <div class='ocr_carea' id='block_1_80' title="bbox 2115 3483 3709 3566">
    <p class='ocr_par' dir='ltr' id='par_1_80' title="bbox 2115 3483 3709 3566">
     <span class='ocr_line' id='line_1_80' title="bbox 2115 3483 3709 3566; baseline -0.009 -18"><span class='ocrx_word' id='word_1_604' title='bbox 2115 3494 2216 3566; x_wconf 80' lang='grc' dir='ltr'><strong>σθῇ</strong></span> <span class='ocrx_word' id='word_1_605' title='bbox 2263 3494 2358 3547; x_wconf 87' lang='grc' dir='ltr'><strong>νῦν</strong></span> <span class='ocrx_word' id='word_1_606' title='bbox 2410 3495 2531 3555; x_wconf 84' lang='grc' dir='ltr'>ταῖς</span> <span class='ocrx_word' id='word_1_607' title='bbox 2581 3491 2776 3561; x_wconf 84' lang='grc' dir='ltr'>ἀρχαῖς</span> <span class='ocrx_word' id='word_1_608' title='bbox 2841 3487 2935 3541; x_wconf 70' lang='grc' dir='ltr'><strong>καὶ</strong></span> <span class='ocrx_word' id='word_1_609' title='bbox 2981 3489 3102 3549; x_wconf 89' lang='grc' dir='ltr'>ταῖς</span> <span class='ocrx_word' id='word_1_610' title='bbox 3153 3483 3424 3550; x_wconf 76' lang='grc' dir='ltr'>ἐξουσίαις</span> <span class='ocrx_word' id='word_1_611' title='bbox 3480 3483 3538 3536; x_wconf 87' lang='grc' dir='ltr'><strong>ἐν</strong></span> <span class='ocrx_word' id='word_1_612' title='bbox 3591 3483 3709 3546; x_wconf 87' lang='grc' dir='ltr'>τοῖς</span> 
     </span>
    </p>
   </div>
   <div class='ocr_carea' id='block_1_81' title="bbox 2113 3573 3706 3658">
    <p class='ocr_par' dir='ltr' id='par_1_81' title="bbox 2113 3573 3706 3658">
     <span class='ocr_line' id='line_1_81' title="bbox 2113 3573 3706 3658; baseline -0.009 -17"><span class='ocrx_word' id='word_1_613' title='bbox 2113 3585 2463 3658; x_wconf 79' lang='grc' dir='ltr'>ἐπουρανίοις</span> <span class='ocrx_word' id='word_1_614' title='bbox 2487 3583 2578 3636; x_wconf 79' lang='grc' dir='ltr'>διὰ</span> <span class='ocrx_word' id='word_1_615' title='bbox 2607 3582 2708 3650; x_wconf 85' lang='grc' dir='ltr'>τῆς</span> <span class='ocrx_word' id='word_1_616' title='bbox 2748 3577 3096 3648; x_wconf 85' lang='grc' dir='ltr'>Ἐκκλησίας,</span> <span class='ocrx_word' id='word_1_617' title='bbox 3132 3579 3165 3648; x_wconf 83' lang='grc' dir='ltr'><strong>ἡ</strong></span> <span class='ocrx_word' id='word_1_618' title='bbox 3201 3573 3580 3637; x_wconf 86' lang='grc' dir='ltr'>πολυποίκιλος</span> <span class='ocrx_word' id='word_1_619' title='bbox 3608 3589 3706 3628; x_wconf 83' lang='grc' dir='ltr'>σο-</span> 
     </span>
    </p>
   </div>
   <div class='ocr_carea' id='block_1_82' title="bbox 2115 3665 3706 3751">
    <p class='ocr_par' dir='ltr' id='par_1_82' title="bbox 2115 3665 3706 3751">
     <span class='ocr_line' id='line_1_82' title="bbox 2115 3665 3706 3751; baseline -0.009 -19"><span class='ocrx_word' id='word_1_620' title='bbox 2115 3680 2213 3751; x_wconf 86' lang='grc' dir='ltr'><strong>φία</strong></span> <span class='ocrx_word' id='word_1_621' title='bbox 2246 3679 2340 3734; x_wconf 88' lang='grc' dir='ltr'><strong>τοῦ</strong></span> <span class='ocrx_word' id='word_1_622' title='bbox 2365 3675 2523 3741; x_wconf 85' lang='grc' dir='ltr'>Θεοῦ,</span> <span class='ocrx_word' id='word_1_623' title='bbox 2559 3677 2624 3747; x_wconf 75' lang='grc' dir='ltr'>ἦν</span> <span class='ocrx_word' id='word_1_624' title='bbox 2663 3672 2919 3743; x_wconf 80' lang='grc' dir='ltr'>ἐποίησεν</span> <span class='ocrx_word' id='word_1_625' title='bbox 2949 3672 3008 3724; x_wconf 85' lang='grc' dir='ltr'><strong>ἐν</strong></span> <span class='ocrx_word' id='word_1_626' title='bbox 3037 3668 3116 3741; x_wconf 82' lang='grc' dir='ltr'>τῷ</span> <span class='ocrx_word' id='word_1_627' title='bbox 3147 3667 3369 3740; x_wconf 82' lang='grc' dir='ltr'>Χριστῷ</span> <span class='ocrx_word' id='word_1_628' title='bbox 3401 3666 3545 3720; x_wconf 83' lang='grc' dir='ltr'><strong>κατά</strong></span> <span class='ocrx_word' id='word_1_629' title='bbox 3569 3665 3706 3736; x_wconf 83' lang='grc' dir='ltr'>πρό-</span> 
     </span>
    </p>
   </div>
   <div class='ocr_carea' id='block_1_83' title="bbox 2115 3759 3705 3836">
    <p class='ocr_par' dir='ltr' id='par_1_83' title="bbox 2115 3759 3705 3836">
     <span class='ocr_line' id='line_1_83' title="bbox 2115 3759 3705 3836; baseline -0.01 -9"><span class='ocrx_word' id='word_1_630' title='bbox 2115 3773 2263 3827; x_wconf 80' lang='grc' dir='ltr'>Θεσιν</span> <span class='ocrx_word' id='word_1_631' title='bbox 2294 3772 2404 3824; x_wconf 92' lang='grc' dir='ltr'><strong>τῶν</strong></span> <span class='ocrx_word' id='word_1_632' title='bbox 2439 3769 2672 3822; x_wconf 80' lang='grc' dir='ltr'>αἰώνων.</span> <span class='ocrx_word' id='word_1_633' title='bbox 2714 3767 2920 3836; x_wconf 79' lang='grc' dir='ltr'>Γράφει</span> <span class='ocrx_word' id='word_1_634' title='bbox 2949 3765 3055 3836; x_wconf 73' lang='grc' dir='ltr'>γὰρ</span> <span class='ocrx_word' id='word_1_635' title='bbox 3084 3761 3230 3816; x_wconf 70' lang='grc' dir='ltr'>οὕτω</span> <span class='ocrx_word' id='word_1_636' title='bbox 3250 3762 3393 3816; x_wconf 73' lang='grc' dir='ltr'>τισὶν</span> <span class='ocrx_word' id='word_1_637' title='bbox 3415 3762 3443 3814; x_wconf 89' lang='lat'><strong>6</strong></span> <span class='ocrx_word' id='word_1_638' title='bbox 3476 3759 3705 3830; x_wconf 83' lang='grc' dir='ltr'>ίερώτα-</span> 
     </span>
    </p>
   </div>
   <div class='ocr_carea' id='block_1_84' title="bbox 2111 3854 3706 3931">
    <p class='ocr_par' dir='ltr' id='par_1_84' title="bbox 2111 3854 3706 3931">
     <span class='ocr_line' id='line_1_84' title="bbox 2111 3854 3706 3931; baseline -0.009 -11"><span class='ocrx_word' id='word_1_639' title='bbox 2111 3885 2205 3930; x_wconf 84' lang='grc' dir='ltr'><strong>τος</strong></span> <span class='ocrx_word' id='word_1_640' title='bbox 2234 3864 2467 3927; x_wconf 85' lang='grc' dir='ltr'>Παῦλος.</span> <span class='ocrx_word' id='word_1_641' title='bbox 2503 3862 2718 3931; x_wconf 81' lang='grc' dir='ltr'>Ὠσπερ</span> <span class='ocrx_word' id='word_1_642' title='bbox 2756 3855 2850 3913; x_wconf 84' lang='grc' dir='ltr'><strong>οῦν</strong></span> <span class='ocrx_word' id='word_1_643' title='bbox 2894 3859 2952 3912; x_wconf 85' lang='grc' dir='ltr'><strong>ἐν</strong></span> <span class='ocrx_word' id='word_1_644' title='bbox 2981 3859 3094 3921; x_wconf 86' lang='grc' dir='ltr'>τοῖς</span> <span class='ocrx_word' id='word_1_645' title='bbox 3139 3855 3400 3927; x_wconf 88' lang='grc' dir='ltr'>χιμάροις</span> <span class='ocrx_word' id='word_1_646' title='bbox 3430 3854 3706 3925; x_wconf 76' lang='grc' dir='ltr'>ἐγράφετο</span> 
     </span>
    </p>
   </div>
   <div class='ocr_carea' id='block_1_85' title="bbox 2116 3947 3710 4028">
    <p class='ocr_par' dir='ltr' id='par_1_85' title="bbox 2116 3947 3710 4028">
     <span class='ocr_line' id='line_1_85' title="bbox 2116 3947 3710 4028; baseline -0.009 -15"><span class='ocrx_word' id='word_1_647' title='bbox 2116 3958 2304 4028; x_wconf 83' lang='grc' dir='ltr'>σαφῶς</span> <span class='ocrx_word' id='word_1_648' title='bbox 2339 3956 2400 4009; x_wconf 81' lang='grc' dir='ltr'><strong>τδ</strong></span> <span class='ocrx_word' id='word_1_649' title='bbox 2430 3952 2525 4008; x_wconf 90' lang='grc' dir='ltr'><strong>τοῦ</strong></span> <span class='ocrx_word' id='word_1_650' title='bbox 2569 3951 2809 4023; x_wconf 81' lang='grc' dir='ltr'>Χριστοῦ</span> <span class='ocrx_word' id='word_1_651' title='bbox 2846 3951 3169 4021; x_wconf 74' lang='grc' dir='ltr'>μυστήριον,</span> <span class='ocrx_word' id='word_1_652' title='bbox 3199 3947 3343 4001; x_wconf 74' lang='grc' dir='ltr'>οὕτω</span> <span class='ocrx_word' id='word_1_653' title='bbox 3376 3948 3470 4002; x_wconf 73' lang='grc' dir='ltr'>καὶ</span> <span class='ocrx_word' id='word_1_654' title='bbox 3499 3949 3557 4000; x_wconf 86' lang='grc' dir='ltr'><strong>ἐν</strong></span> <span class='ocrx_word' id='word_1_655' title='bbox 3592 3949 3710 4011; x_wconf 85' lang='grc' dir='ltr'>τοῖς</span> 
     </span>
    </p>
   </div>
   <div class='ocr_carea' id='block_1_86' title="bbox 2113 4034 3704 4119">
    <p class='ocr_par' dir='ltr' id='par_1_86' title="bbox 2113 4034 3704 4119">
     <span class='ocr_line' id='line_1_86' title="bbox 2113 4034 3704 4119; baseline -0.009 -14"><span class='ocrx_word' id='word_1_656' title='bbox 2113 4051 2267 4105; x_wconf 73' lang='grc' dir='ltr'>δυσὶν</span> <span class='ocrx_word' id='word_1_657' title='bbox 2294 4045 2572 4119; x_wconf 78' lang='grc' dir='ltr'>ὀρνιθίοις.</span> <span class='ocrx_word' id='word_1_658' title='bbox 2616 4042 2755 4096; x_wconf 85' lang='grc' dir='ltr'>Ἀλλ’</span> <span class='ocrx_word' id='word_1_659' title='bbox 2792 4043 2924 4106; x_wconf 74' lang='grc' dir='ltr'>ἴσως</span> <span class='ocrx_word' id='word_1_660' title='bbox 2967 4059 3054 4105; x_wconf 85' lang='grc' dir='ltr'><strong>τις</strong></span> <span class='ocrx_word' id='word_1_661' title='bbox 3099 4042 3246 4113; x_wconf 67' lang='grc' dir='ltr'>ἐρεῖ*</span> <span class='ocrx_word' id='word_1_662' title='bbox 3299 4039 3425 4103; x_wconf 85' lang='grc' dir='ltr'>Πῶς</span> <span class='ocrx_word' id='word_1_663' title='bbox 3461 4034 3554 4092; x_wconf 77' lang='grc' dir='ltr'>οὖν</span> <span class='ocrx_word' id='word_1_664' title='bbox 3583 4038 3704 4103; x_wconf 77' lang='grc' dir='ltr'>ἕνα,</span> 
     </span>
    </p>
   </div>
   <div class='ocr_carea' id='block_1_87' title="bbox 2115 4131 3708 4207">
    <p class='ocr_par' dir='ltr' id='par_1_87' title="bbox 2115 4131 3708 4207">
     <span class='ocr_line' id='line_1_87' title="bbox 2115 4131 3708 4207; baseline -0.008 -10"><span class='ocrx_word' id='word_1_665' title='bbox 2115 4143 2209 4198; x_wconf 68' lang='grc' dir='ltr'><strong>καὶ</strong></span> <span class='ocrx_word' id='word_1_666' title='bbox 2239 4141 2330 4194; x_wconf 68' lang='grc' dir='ltr'><strong>τὸν</strong></span> <span class='ocrx_word' id='word_1_667' title='bbox 2374 4137 2538 4194; x_wconf 78' lang='grc' dir='ltr'>αὐτὸν</span> <span class='ocrx_word' id='word_1_668' title='bbox 2579 4137 2685 4207; x_wconf 77' lang='grc' dir='ltr'>φὴς</span> <span class='ocrx_word' id='word_1_669' title='bbox 2734 4131 2874 4189; x_wconf 80' lang='grc' dir='ltr'>εἶναι</span> <span class='ocrx_word' id='word_1_670' title='bbox 2917 4135 3047 4188; x_wconf 75' lang='grc' dir='ltr'>Υἱὸν</span> <span class='ocrx_word' id='word_1_671' title='bbox 3097 4133 3191 4186; x_wconf 75' lang='grc' dir='ltr'><strong>καὶ</strong></span> <span class='ocrx_word' id='word_1_672' title='bbox 3234 4131 3439 4203; x_wconf 79' lang='grc' dir='ltr'>Κύριον</span> <span class='ocrx_word' id='word_1_673' title='bbox 3495 4131 3708 4201; x_wconf 82' lang='grc' dir='ltr'>Ἰησοῦν</span> 
     </span>
    </p>
   </div>
   <div class='ocr_carea' id='block_1_88' title="bbox 2115 4225 3708 4308">
    <p class='ocr_par' dir='ltr' id='par_1_88' title="bbox 2115 4225 3708 4308">
     <span class='ocr_line' id='line_1_88' title="bbox 2115 4225 3708 4308; baseline -0.008 -18"><span class='ocrx_word' id='word_1_674' title='bbox 2115 4234 2374 4308; x_wconf 72' lang='grc' dir='ltr'>Χριστὸν,</span> <span class='ocrx_word' id='word_1_675' title='bbox 2399 4231 2577 4286; x_wconf 84' lang='grc' dir='ltr'>καίτοι</span> <span class='ocrx_word' id='word_1_676' title='bbox 2608 4228 2700 4282; x_wconf 87' lang='grc' dir='ltr'><strong>δύο</strong></span> <span class='ocrx_word' id='word_1_677' title='bbox 2733 4228 2988 4300; x_wconf 82' lang='grc' dir='ltr'>χιμάρων</span> <span class='ocrx_word' id='word_1_678' title='bbox 3017 4225 3532 4300; x_wconf 82' lang='grc' dir='ltr'>παρενηνεγμένων,</span> <span class='ocrx_word' id='word_1_679' title='bbox 3557 4227 3708 4298; x_wconf 82' lang='grc' dir='ltr'>ὀρνι-</span> 
     </span>
    </p>
   </div>
   <div class='ocr_carea' id='block_1_89' title="bbox 2116 4316 3708 4392">
    <p class='ocr_par' dir='ltr' id='par_1_89' title="bbox 2116 4316 3708 4392">
     <span class='ocr_line' id='line_1_89' title="bbox 2116 4316 3708 4392; baseline -0.009 -8"><span class='ocrx_word' id='word_1_680' title='bbox 2116 4330 2246 4384; x_wconf 85' lang='grc' dir='ltr'>θίων</span> <span class='ocrx_word' id='word_1_681' title='bbox 2295 4344 2357 4380; x_wconf 85' lang='grc' dir='ltr'>τε</span> <span class='ocrx_word' id='word_1_682' title='bbox 2405 4323 2530 4390; x_wconf 86' lang='grc' dir='ltr'>δύο;</span> <span class='ocrx_word' id='word_1_683' title='bbox 2575 4319 2655 4376; x_wconf 81' lang='grc' dir='ltr'><strong>ἾΙ</strong></span> <span class='ocrx_word' id='word_1_684' title='bbox 2703 4321 2846 4392; x_wconf 86' lang='grc' dir='ltr'>τάχα</span> <span class='ocrx_word' id='word_1_685' title='bbox 2905 4338 3008 4375; x_wconf 91' lang='grc' dir='ltr'><strong>που</strong></span> <span class='ocrx_word' id='word_1_686' title='bbox 3061 4319 3426 4384; x_wconf 81' lang='grc' dir='ltr'>καταδείξειεν</span> <span class='ocrx_word' id='word_1_687' title='bbox 3483 4316 3547 4371; x_wconf 80' lang='grc' dir='ltr'>ἂν</span> <span class='ocrx_word' id='word_1_688' title='bbox 3602 4317 3708 4370; x_wconf 79' lang='grc' dir='ltr'>οὐκ</span> 
     </span>
    </p>
   </div>
   <div class='ocr_carea' id='block_1_90' title="bbox 2116 4409 3707 4494">
    <p class='ocr_par' dir='ltr' id='par_1_90' title="bbox 2116 4409 3707 4494">
     <span class='ocr_line' id='line_1_90' title="bbox 2116 4409 3707 4494; baseline -0.009 -18"><span class='ocrx_word' id='word_1_689' title='bbox 2116 4419 2451 4494; x_wconf 84' lang='grc' dir='ltr'>ἀσυμφανῶς</span> <span class='ocrx_word' id='word_1_690' title='bbox 2488 4418 2517 4470; x_wconf 92' lang='lat'><strong>6</strong></span> <span class='ocrx_word' id='word_1_691' title='bbox 2538 4416 2723 4486; x_wconf 88' lang='grc' dir='ltr'>νόμος,</span> <span class='ocrx_word' id='word_1_692' title='bbox 2765 4413 2842 4478; x_wconf 83' lang='grc' dir='ltr'><strong>ὡς</strong></span> <span class='ocrx_word' id='word_1_693' title='bbox 2865 4414 2960 4468; x_wconf 82' lang='grc' dir='ltr'><strong>δύο</strong></span> <span class='ocrx_word' id='word_1_694' title='bbox 3004 4431 3106 4466; x_wconf 86' lang='grc' dir='ltr'><strong>που</strong></span> <span class='ocrx_word' id='word_1_695' title='bbox 3139 4412 3358 4476; x_wconf 86' lang='grc' dir='ltr'>πάντως</span> <span class='ocrx_word' id='word_1_696' title='bbox 3393 4411 3533 4464; x_wconf 73' lang='grc' dir='ltr'>εἰσὶν</span> <span class='ocrx_word' id='word_1_697' title='bbox 3579 4409 3707 4462; x_wconf 77' lang='grc' dir='ltr'>Υἱοὶ</span> 
     </span>
    </p>
   </div>
   <div class='ocr_carea' id='block_1_91' title="bbox 2116 4501 3706 4586">
    <p class='ocr_par' dir='ltr' id='par_1_91' title="bbox 2116 4501 3706 4586">
     <span class='ocr_line' id='line_1_91' title="bbox 2116 4501 3706 4586; baseline -0.011 -16"><span class='ocrx_word' id='word_1_698' title='bbox 2116 4517 2209 4571; x_wconf 72' lang='grc' dir='ltr'>καὶ</span> <span class='ocrx_word' id='word_1_699' title='bbox 2242 4511 2510 4586; x_wconf 85' lang='grc' dir='ltr'>Χριστοί;</span> <span class='ocrx_word' id='word_1_700' title='bbox 2548 4511 2660 4565; x_wconf 76' lang='grc' dir='ltr'><strong>Καὶ</strong></span> <span class='ocrx_word' id='word_1_701' title='bbox 2688 4509 3012 4570; x_wconf 80' lang='grc' dir='ltr'>δυσσεόείας</span> <span class='ocrx_word' id='word_1_702' title='bbox 3049 4505 3147 4577; x_wconf 82' lang='grc' dir='ltr'>μὲν</span> <span class='ocrx_word' id='word_1_703' title='bbox 3183 4505 3262 4568; x_wconf 82' lang='grc' dir='ltr'><strong>είς</strong></span> <span class='ocrx_word' id='word_1_704' title='bbox 3289 4503 3448 4557; x_wconf 86' lang='grc' dir='ltr'>τοῦτο</span> <span class='ocrx_word' id='word_1_705' title='bbox 3481 4501 3706 4557; x_wconf 72' lang='grc' dir='ltr'>κατεϐι-</span> 
     </span>
    </p>
   </div>
   <div class='ocr_carea' id='block_1_92' title="bbox 426 4577 2009 4684">
    <p class='ocr_par' dir='ltr' id='par_1_92' title="bbox 426 4577 2009 4684">
     <span class='ocr_line' id='line_1_92' title="bbox 426 4577 2009 4684; baseline -0.004 -14"><span class='ocrx_word' id='word_1_706' title='bbox 426 4623 492 4670; x_wconf 83' lang='lat' dir='ltr'><strong>ut</strong></span> <span class='ocrx_word' id='word_1_707' title='bbox 525 4614 693 4670; x_wconf 89' lang='lat' dir='ltr'><strong>alium</strong></span> <span class='ocrx_word' id='word_1_708' title='bbox 717 4612 950 4669; x_wconf 88' lang='lat' dir='ltr'><strong>seorsim</strong></span> <span class='ocrx_word' id='word_1_709' title='bbox 981 4621 1038 4668; x_wconf 90' lang='lat' dir='ltr'><strong>et</strong></span> <span class='ocrx_word' id='word_1_710' title='bbox 1068 4629 1168 4684; x_wconf 88' lang='lat' dir='ltr'><strong>per</strong></span> <span class='ocrx_word' id='word_1_711' title='bbox 1199 4629 1256 4669; x_wconf 90' lang='lat' dir='ltr'><strong>se</strong></span> <span class='ocrx_word' id='word_1_712' title='bbox 1284 4577 1577 4672; x_wconf 47' lang='lat' dir='ltr'><strong>Christum.</strong></span> <span class='ocrx_word' id='word_1_713' title='bbox 1597 4630 1719 4670; x_wconf 85' lang='lat' dir='ltr'><strong>esse</strong></span> <span class='ocrx_word' id='word_1_714' title='bbox 1742 4611 1930 4666; x_wconf 80' lang='lat' dir='ltr'><strong>dicant</strong></span> <span class='ocrx_word' id='word_1_715' title='bbox 1956 4619 2009 4664; x_wconf 90' lang='lat' dir='ltr'><strong>et</strong></span> 
     </span>
    </p>
   </div>
   <div class='ocr_carea' id='block_1_93' title="bbox 2114 4577 3707 4684">
    <p class='ocr_par' dir='ltr' id='par_1_93' title="bbox 2119 4577 3707 4676">
     <span class='ocr_line' id='line_1_93' title="bbox 2119 4577 3707 4676; baseline -0.009 -14"><span class='ocrx_word' id='word_1_716' title='bbox 2119 4577 2402 4676; x_wconf 69' lang='grc' dir='ltr'>σάσθησαν</span> <span class='ocrx_word' id='word_1_717' title='bbox 2432 4577 2536 4674; x_wconf 76' lang='grc' dir='ltr'>ἤδη</span> <span class='ocrx_word' id='word_1_718' title='bbox 2574 4605 2737 4666; x_wconf 84' lang='grc' dir='ltr'>τινὲς,</span> <span class='ocrx_word' id='word_1_719' title='bbox 2772 4601 2849 4666; x_wconf 84' lang='grc' dir='ltr'>ὡς</span> <span class='ocrx_word' id='word_1_720' title='bbox 2886 4599 3096 4655; x_wconf 75' lang='grc' dir='ltr'>οἴεσθαι</span> <span class='ocrx_word' id='word_1_721' title='bbox 3145 4599 3241 4652; x_wconf 61' lang='grc' dir='ltr'><strong>κα)¹</strong></span> <span class='ocrx_word' id='word_1_722' title='bbox 3277 4597 3480 4665; x_wconf 87' lang='grc' dir='ltr'>λέγειν,</span> <span class='ocrx_word' id='word_1_723' title='bbox 3516 4594 3707 4664; x_wconf 75' lang='grc' dir='ltr'>ἕτερον</span> 
     </span>
    </p>
   </div>
   <div class='ocr_carea' id='block_1_94' title="bbox 429 4703 2015 4776">
    <p class='ocr_par' dir='ltr' id='par_1_94' title="bbox 429 4703 2015 4776">
     <span class='ocr_line' id='line_1_94' title="bbox 429 4703 2015 4776; baseline -0.003 -16"><span class='ocrx_word' id='word_1_724' title='bbox 429 4705 674 4762; x_wconf 88' lang='lat' dir='ltr'><strong>sentiant</strong></span> <span class='ocrx_word' id='word_1_725' title='bbox 699 4703 966 4770; x_wconf 80' lang='lat' dir='ltr'><strong>Verbum,</strong></span> <span class='ocrx_word' id='word_1_726' title='bbox 999 4705 1147 4776; x_wconf 91' lang='lat' dir='ltr'><strong>quod</strong></span> <span class='ocrx_word' id='word_1_727' title='bbox 1168 4721 1238 4761; x_wconf 85' lang='lat' dir='ltr'><strong>ex</strong></span> <span class='ocrx_word' id='word_1_728' title='bbox 1264 4707 1425 4762; x_wconf 85' lang='lat' dir='ltr'><strong>Patre</strong></span> <span class='ocrx_word' id='word_1_729' title='bbox 1451 4714 1566 4773; x_wconf 88' lang='lat' dir='ltr'><strong>est;</strong></span> <span class='ocrx_word' id='word_1_730' title='bbox 1595 4713 1649 4760; x_wconf 85' lang='lat' dir='ltr'><strong>et</strong></span> <span class='ocrx_word' id='word_1_731' title='bbox 1680 4705 1851 4758; x_wconf 90' lang='lat' dir='ltr'><strong>alium</strong></span> <span class='ocrx_word' id='word_1_732' title='bbox 1886 4717 2015 4756; x_wconf 79' lang='lat' dir='ltr'><strong>rur-</strong></span> 
     </span>
    </p>
   </div>
   <div class='ocr_carea' id='block_1_95' title="bbox 429 4794 2016 4865">
    <p class='ocr_par' dir='ltr' id='par_1_95' title="bbox 429 4794 2016 4865">
     <span class='ocr_line' id='line_1_95' title="bbox 429 4794 2016 4865; baseline -0.002 -15"><span class='ocrx_word' id='word_1_733' title='bbox 429 4809 525 4851; x_wconf 77' lang='lat' dir='ltr'><strong>sus</strong></span> <span class='ocrx_word' id='word_1_734' title='bbox 555 4810 705 4860; x_wconf 91' lang='lat' dir='ltr'><strong>eum,</strong></span> <span class='ocrx_word' id='word_1_735' title='bbox 737 4795 832 4865; x_wconf 90' lang='lat' dir='ltr'><strong>qui</strong></span> <span class='ocrx_word' id='word_1_736' title='bbox 859 4811 925 4850; x_wconf 81' lang='lat' dir='ltr'><strong>ex</strong></span> <span class='ocrx_word' id='word_1_737' title='bbox 948 4796 1160 4852; x_wconf 88' lang='lat' dir='ltr'><strong>semine</strong></span> <span class='ocrx_word' id='word_1_738' title='bbox 1195 4797 1367 4854; x_wconf 88' lang='lat' dir='ltr'><strong>David</strong></span> <span class='ocrx_word' id='word_1_739' title='bbox 1410 4807 1566 4853; x_wconf 89' lang='lat' dir='ltr'><strong>ortus</strong></span> <span class='ocrx_word' id='word_1_740' title='bbox 1591 4803 1694 4851; x_wconf 88' lang='lat' dir='ltr'><strong>est.</strong></span> <span class='ocrx_word' id='word_1_741' title='bbox 1723 4794 1836 4850; x_wconf 78' lang='lat' dir='ltr'><strong>Nos</strong></span> <span class='ocrx_word' id='word_1_742' title='bbox 1881 4808 2016 4848; x_wconf 79' lang='lat' dir='ltr'><strong>vero</strong></span> 
     </span>
    </p>
   </div>
   <div class='ocr_carea' id='block_1_96' title="bbox 429 4885 2013 4960">
    <p class='ocr_par' dir='ltr' id='par_1_96' title="bbox 429 4885 2013 4960">
     <span class='ocr_line' id='line_1_96' title="bbox 429 4885 2013 4960; baseline -0.001 -20"><span class='ocrx_word' id='word_1_743' title='bbox 429 4886 518 4942; x_wconf 89' lang='lat' dir='ltr'><strong>his</strong></span> <span class='ocrx_word' id='word_1_744' title='bbox 543 4886 638 4957; x_wconf 90' lang='lat' dir='ltr'><strong>qui</strong></span> <span class='ocrx_word' id='word_1_745' title='bbox 662 4902 730 4942; x_wconf 80' lang='lat' dir='ltr'><strong>ex</strong></span> <span class='ocrx_word' id='word_1_746' title='bbox 747 4886 961 4943; x_wconf 84' lang='lat' dir='ltr'><strong>inscitia</strong></span> <span class='ocrx_word' id='word_1_747' title='bbox 985 4887 1041 4943; x_wconf 91' lang='lat' dir='ltr'><strong>id</strong></span> <span class='ocrx_word' id='word_1_748' title='bbox 1056 4888 1130 4944; x_wconf 89' lang='lat' dir='ltr'><strong>ita</strong></span> <span class='ocrx_word' id='word_1_749' title='bbox 1141 4891 1346 4946; x_wconf 89' lang='lat' dir='ltr'><strong>habere</strong></span> <span class='ocrx_word' id='word_1_750' title='bbox 1363 4889 1736 4960; x_wconf 89' lang='lat' dir='ltr'><strong>suspicantur,</strong></span> <span class='ocrx_word' id='word_1_751' title='bbox 1757 4885 2013 4949; x_wconf 89' lang='lat' dir='ltr'><strong>dicimus,</strong></span> 
     </span>
    </p>
   </div>
   <div class='ocr_carea' id='block_1_97' title="bbox 429 4978 2016 5053">
    <p class='ocr_par' dir='ltr' id='par_1_97' title="bbox 429 4978 2016 5053">
     <span class='ocr_line' id='line_1_97' title="bbox 429 4978 2016 5053; baseline -0.002 -20"><span class='ocrx_word' id='word_1_752' title='bbox 429 4978 576 5050; x_wconf 87' lang='lat' dir='ltr'><strong>apud</strong></span> <span class='ocrx_word' id='word_1_753' title='bbox 606 4978 856 5035; x_wconf 89' lang='lat' dir='ltr'><strong>divinum</strong></span> <span class='ocrx_word' id='word_1_754' title='bbox 876 4981 1110 5036; x_wconf 89' lang='lat' dir='ltr'><strong>Paulum</strong></span> <span class='ocrx_word' id='word_1_755' title='bbox 1141 4983 1410 5053; x_wconf 86' lang='lat' dir='ltr'><strong>scriptum</strong></span> <span class='ocrx_word' id='word_1_756' title='bbox 1437 4987 1678 5044; x_wconf 76' lang='lat' dir='ltr'><strong>exstare,</strong></span> <span class='ocrx_word' id='word_1_757' title='bbox 1698 4993 1869 5033; x_wconf 91' lang='lat' dir='ltr'><strong>unum</strong></span> <span class='ocrx_word' id='word_1_758' title='bbox 1895 4991 2016 5032; x_wconf 90' lang='lat' dir='ltr'><strong>esse</strong></span> 
     </span>
    </p>
   </div>
   <div class='ocr_carea' id='block_1_98' title="bbox 428 5069 2016 5142">
    <p class='ocr_par' dir='ltr' id='par_1_98' title="bbox 428 5069 2016 5142">
     <span class='ocr_line' id='line_1_98' title="bbox 428 5069 2016 5142; baseline -0.001 -18"><span class='ocrx_word' id='word_1_759' title='bbox 428 5069 914 5137; x_wconf 89' lang='lat' dir='ltr'><strong>Dominum,unam</strong></span> <span class='ocrx_word' id='word_1_760' title='bbox 933 5071 1294 5140; x_wconf 83' lang='lat' dir='ltr'><strong>ﬁdem,unum</strong></span> <span class='ocrx_word' id='word_1_761' title='bbox 1307 5071 1620 5142; x_wconf 77' lang='lat' dir='ltr'><strong>baptisma’I</strong></span> <span class='ocrx_word' id='word_1_762' title='bbox 1633 5070 2016 5140; x_wconf 88' lang='lat' dir='ltr'><strong>.Quapropter,</strong></span> 
     </span>
    </p>
   </div>
   <div class='ocr_carea' id='block_1_99' title="bbox 431 5159 2021 5230">
    <p class='ocr_par' dir='ltr' id='par_1_99' title="bbox 431 5159 2021 5230">
     <span class='ocr_line' id='line_1_99' title="bbox 431 5159 2021 5230; baseline 0 -15"><span class='ocrx_word' id='word_1_763' title='bbox 431 5159 630 5230; x_wconf 50' lang='lat' dir='ltr'><strong>sizduos</strong></span> <span class='ocrx_word' id='word_1_764' title='bbox 651 5160 818 5217; x_wconf 84' lang='lat' dir='ltr'><strong>Filios</strong></span> <span class='ocrx_word' id='word_1_765' title='bbox 841 5177 963 5217; x_wconf 85' lang='lat' dir='ltr'><strong>esse</strong></span> <span class='ocrx_word' id='word_1_766' title='bbox 987 5163 1250 5228; x_wconf 80' lang='lat' dir='ltr'><strong>dixerint,</strong></span> <span class='ocrx_word' id='word_1_767' title='bbox 1273 5162 1384 5217; x_wconf 89' lang='lat' dir='ltr'><strong>duo</strong></span> <span class='ocrx_word' id='word_1_768' title='bbox 1411 5161 1577 5216; x_wconf 89' lang='lat' dir='ltr'><strong>etiam</strong></span> <span class='ocrx_word' id='word_1_769' title='bbox 1610 5176 1840 5230; x_wconf 83' lang='lat' dir='ltr'><strong>prorsus</strong></span> <span class='ocrx_word' id='word_1_770' title='bbox 1855 5167 2021 5215; x_wconf 84' lang='lat' dir='ltr'><strong>erunt</strong></span> 
     </span>
    </p>
   </div>
   <div class='ocr_carea' id='block_1_100' title="bbox 429 5249 2021 5322">
    <p class='ocr_par' dir='ltr' id='par_1_100' title="bbox 429 5249 2021 5322">
     <span class='ocr_line' id='line_1_100' title="bbox 429 5249 2021 5322; baseline 0.002 -18"><span class='ocrx_word' id='word_1_771' title='bbox 429 5249 661 5317; x_wconf 89' lang='lat' dir='ltr'><strong>domini,</strong></span> <span class='ocrx_word' id='word_1_772' title='bbox 682 5259 740 5307; x_wconf 89' lang='lat' dir='ltr'><strong>et</strong></span> <span class='ocrx_word' id='word_1_773' title='bbox 769 5252 892 5308; x_wconf 67' lang='lat' dir='ltr'><strong>dum</strong></span> <span class='ocrx_word' id='word_1_774' title='bbox 922 5252 1079 5318; x_wconf 79' lang='lat' dir='ltr'><strong>ﬁdes,</strong></span> <span class='ocrx_word' id='word_1_775' title='bbox 1114 5260 1171 5309; x_wconf 86' lang='lat' dir='ltr'><strong>et</strong></span> <span class='ocrx_word' id='word_1_776' title='bbox 1218 5252 1447 5308; x_wconf 89' lang='lat' dir='ltr'><strong>totidem</strong></span> <span class='ocrx_word' id='word_1_777' title='bbox 1483 5253 1830 5322; x_wconf 87' lang='lat' dir='ltr'><strong>baptismata.</strong></span> <span class='ocrx_word' id='word_1_778' title='bbox 1861 5251 2021 5322; x_wconf 82' lang='lat' dir='ltr'><strong>13o</strong></span> 
     </span>
    </p>
   </div>
   <div class='ocr_carea' id='block_1_101' title="bbox 433 5339 2016 5416">
    <p class='ocr_par' dir='ltr' id='par_1_101' title="bbox 433 5339 2016 5416">
     <span class='ocr_line' id='line_1_101' title="bbox 433 5339 2016 5416; baseline 0.003 -20"><span class='ocrx_word' id='word_1_779' title='bbox 433 5339 730 5399; x_wconf 77' lang='lat' dir='ltr'><strong>Mentietur</strong></span> <span class='ocrx_word' id='word_1_780' title='bbox 763 5344 810 5400; x_wconf 84' lang='lat' dir='ltr'><strong>is</strong></span> <span class='ocrx_word' id='word_1_781' title='bbox 836 5345 1006 5416; x_wconf 86' lang='lat' dir='ltr'><strong>igitur</strong></span> <span class='ocrx_word' id='word_1_782' title='bbox 1047 5346 1164 5416; x_wconf 90' lang='lat' dir='ltr'><strong>qui,</strong></span> <span class='ocrx_word' id='word_1_783' title='bbox 1195 5353 1252 5400; x_wconf 83' lang='lat' dir='ltr'><strong>ut</strong></span> <span class='ocrx_word' id='word_1_784' title='bbox 1281 5345 1514 5414; x_wconf 88' lang='lat' dir='ltr'><strong>ipsemet</strong></span> <span class='ocrx_word' id='word_1_785' title='bbox 1538 5346 1634 5411; x_wconf 88' lang='lat' dir='ltr'><strong>ait,</strong></span> <span class='ocrx_word' id='word_1_786' title='bbox 1657 5345 1941 5402; x_wconf 87' lang='lat' dir='ltr'><strong>Christum</strong></span> <span class='ocrx_word' id='word_1_787' title='bbox 1961 5346 2016 5401; x_wconf 91' lang='lat' dir='ltr'><strong>in</strong></span> 
     </span>
    </p>
   </div>
   <div class='ocr_carea' id='block_1_102' title="bbox 437 5431 2017 5504">
    <p class='ocr_par' dir='ltr' id='par_1_102' title="bbox 437 5431 2017 5504">
     <span class='ocr_line' id='line_1_102' title="bbox 437 5431 2017 5504; baseline 0.004 -20"><span class='ocrx_word' id='word_1_788' title='bbox 437 5445 494 5486; x_wconf 78' lang='lat' dir='ltr'><strong>se</strong></span> <span class='ocrx_word' id='word_1_789' title='bbox 523 5431 841 5504; x_wconf 76' lang='lat' dir='ltr'><strong>loquentem</strong></span> <span class='ocrx_word' id='word_1_790' title='bbox 868 5436 1108 5491; x_wconf 84' lang='lat' dir='ltr'><strong>habebat</strong></span> <span class='ocrx_word' id='word_1_791' title='bbox 1139 5437 1205 5488; x_wconf 64' lang='grc' dir='ltr'><strong>θ’.</strong></span> <span class='ocrx_word' id='word_1_792' title='bbox 1241 5435 1349 5492; x_wconf 87' lang='lat' dir='ltr'><strong>Sed</strong></span> <span class='ocrx_word' id='word_1_793' title='bbox 1375 5435 1518 5492; x_wconf 84' lang='lat' dir='ltr'><strong>absit</strong></span> <span class='ocrx_word' id='word_1_794' title='bbox 1559 5446 1619 5492; x_wconf 90' lang='lat' dir='ltr'><strong>ut</strong></span> <span class='ocrx_word' id='word_1_795' title='bbox 1671 5438 1869 5493; x_wconf 89' lang='lat' dir='ltr'><strong>horum</strong></span> <span class='ocrx_word' id='word_1_796' title='bbox 1915 5437 2017 5493; x_wconf 90' lang='lat' dir='ltr'><strong>ali-</strong></span> 
     </span>
    </p>
   </div>
   <div class='ocr_carea' id='block_1_103' title="bbox 2119 4686 3704 4771">
    <p class='ocr_par' dir='ltr' id='par_1_103' title="bbox 2119 4686 3704 4771">
     <span class='ocr_line' id='line_1_103' title="bbox 2119 4686 3704 4771; baseline -0.009 -19"><span class='ocrx_word' id='word_1_797' title='bbox 2119 4701 2216 4771; x_wconf 82' lang='grc' dir='ltr'>μὲν</span> <span class='ocrx_word' id='word_1_798' title='bbox 2244 4692 2385 4751; x_wconf 76' lang='grc' dir='ltr'>εἶναι</span> <span class='ocrx_word' id='word_1_799' title='bbox 2410 4693 2648 4767; x_wconf 82' lang='grc' dir='ltr'>Χριστὸν</span> <span class='ocrx_word' id='word_1_800' title='bbox 2678 4691 2860 4755; x_wconf 85' lang='grc' dir='ltr'>ἰδικῶς</span> <span class='ocrx_word' id='word_1_801' title='bbox 2883 4691 2976 4744; x_wconf 76' lang='grc' dir='ltr'>τὸν</span> <span class='ocrx_word' id='word_1_802' title='bbox 3004 4693 3065 4746; x_wconf 85' lang='grc' dir='ltr'><strong>ἐκ</strong></span> <span class='ocrx_word' id='word_1_803' title='bbox 3087 4690 3224 4743; x_wconf 87' lang='grc' dir='ltr'>Θεοῦ</span> <span class='ocrx_word' id='word_1_804' title='bbox 3257 4687 3473 4758; x_wconf 73' lang='grc' dir='ltr'>Πατρός</span> <span class='ocrx_word' id='word_1_805' title='bbox 3505 4686 3704 4753; x_wconf 88' lang='grc' dir='ltr'>Λόγον,</span> 
     </span>
    </p>
   </div>
   <div class='ocr_carea' id='block_1_104' title="bbox 2113 4775 3708 4863">
    <p class='ocr_par' dir='ltr' id='par_1_104' title="bbox 2113 4775 3708 4863">
     <span class='ocr_line' id='line_1_104' title="bbox 2113 4775 3708 4863; baseline -0.01 -18"><span class='ocrx_word' id='word_1_806' title='bbox 2113 4792 2304 4863; x_wconf 78' lang='grc' dir='ltr'>ἕτερον</span> <span class='ocrx_word' id='word_1_807' title='bbox 2336 4789 2380 4843; x_wconf 85' lang='grc' dir='ltr'>δ’</span> <span class='ocrx_word' id='word_1_808' title='bbox 2433 4782 2500 4842; x_wconf 80' lang='grc' dir='ltr'><strong>αὗ</strong></span> <span class='ocrx_word' id='word_1_809' title='bbox 2553 4785 2648 4839; x_wconf 84' lang='grc' dir='ltr'>τὸν</span> <span class='ocrx_word' id='word_1_810' title='bbox 2696 4787 2760 4838; x_wconf 87' lang='grc' dir='ltr'><strong>ἐκ</strong></span> <span class='ocrx_word' id='word_1_811' title='bbox 2808 4785 3125 4855; x_wconf 87' lang='grc' dir='ltr'>σπέρματος</span> <span class='ocrx_word' id='word_1_812' title='bbox 3177 4781 3360 4838; x_wconf 79' lang='grc' dir='ltr'>Δαυῖδ.</span> <span class='ocrx_word' id='word_1_813' title='bbox 3406 4779 3603 4850; x_wconf 82' lang='grc' dir='ltr'>Ἡμεῖς</span> <span class='ocrx_word' id='word_1_814' title='bbox 3644 4775 3708 4830; x_wconf 78' lang='grc' dir='ltr'><strong>δέ</strong></span> 
     </span>
    </p>
   </div>
   <div class='ocr_carea' id='block_1_105' title="bbox 2121 4869 3705 4954">
    <p class='ocr_par' dir='ltr' id='par_1_105' title="bbox 2121 4869 3705 4954">
     <span class='ocr_line' id='line_1_105' title="bbox 2121 4869 3705 4954; baseline -0.009 -16"><span class='ocrx_word' id='word_1_815' title='bbox 2121 4900 2304 4954; x_wconf 85' lang='grc' dir='ltr'>φαμεν</span> <span class='ocrx_word' id='word_1_816' title='bbox 2333 4883 2448 4944; x_wconf 85' lang='grc' dir='ltr'>τοῖς</span> <span class='ocrx_word' id='word_1_817' title='bbox 2475 4873 2580 4935; x_wconf 77' lang='grc' dir='ltr'><strong>ὦδε</strong></span> <span class='ocrx_word' id='word_1_818' title='bbox 2608 4876 2762 4932; x_wconf 83' lang='grc' dir='ltr'>ταῦτ’</span> <span class='ocrx_word' id='word_1_819' title='bbox 2792 4877 2936 4948; x_wconf 79' lang='grc' dir='ltr'>ἔχειν</span> <span class='ocrx_word' id='word_1_820' title='bbox 2963 4877 3020 4943; x_wconf 78' lang='grc' dir='ltr'>ἐξ</span> <span class='ocrx_word' id='word_1_821' title='bbox 3051 4874 3294 4948; x_wconf 87' lang='grc' dir='ltr'>ἀμαθίας</span> <span class='ocrx_word' id='word_1_822' title='bbox 3323 4869 3705 4941; x_wconf 74' lang='grc' dir='ltr'>ὑπειληφόσιν,</span> 
     </span>
    </p>
   </div>
   <div class='ocr_carea' id='block_1_106' title="bbox 2116 4956 3709 5040">
    <p class='ocr_par' dir='ltr' id='par_1_106' title="bbox 2116 4956 3709 5040">
     <span class='ocr_line' id='line_1_106' title="bbox 2116 4956 3709 5040; baseline -0.012 -13"><span class='ocrx_word' id='word_1_823' title='bbox 2116 4975 2192 5038; x_wconf 88' lang='grc' dir='ltr'>ὼς</span> <span class='ocrx_word' id='word_1_824' title='bbox 2224 4975 2251 5026; x_wconf 91' lang='lat'><strong>6</strong></span> <span class='ocrx_word' id='word_1_825' title='bbox 2283 4971 2574 5034; x_wconf 89' lang='grc' dir='ltr'>θεσπέσιος</span> <span class='ocrx_word' id='word_1_826' title='bbox 2602 4967 2805 5040; x_wconf 88' lang='grc' dir='ltr'>γράφει</span> <span class='ocrx_word' id='word_1_827' title='bbox 2838 4965 3070 5029; x_wconf 86' lang='grc' dir='ltr'>Παῦλος,</span> <span class='ocrx_word' id='word_1_828' title='bbox 3110 4967 3193 5018; x_wconf 83' lang='grc' dir='ltr'>ὅτι</span> <span class='ocrx_word' id='word_1_829' title='bbox 3224 4959 3323 5026; x_wconf 76' lang='grc' dir='ltr'>Εἷς</span> <span class='ocrx_word' id='word_1_830' title='bbox 3351 4960 3577 5032; x_wconf 85' lang='grc' dir='ltr'>Κύριος,</span> <span class='ocrx_word' id='word_1_831' title='bbox 3607 4956 3709 5027; x_wconf 87' lang='grc' dir='ltr'><strong>μία</strong></span> 
     </span>
    </p>
   </div>
   <div class='ocr_carea' id='block_1_107' title="bbox 2120 5051 3709 5138">
    <p class='ocr_par' dir='ltr' id='par_1_107' title="bbox 2120 5051 3709 5138">
     <span class='ocr_line' id='line_1_107' title="bbox 2120 5051 3709 5138; baseline -0.011 -16"><span class='ocrx_word' id='word_1_832' title='bbox 2120 5068 2327 5132; x_wconf 82' lang='grc' dir='ltr'>πίστις,</span> <span class='ocrx_word' id='word_1_833' title='bbox 2355 5067 2414 5120; x_wconf 80' lang='grc' dir='ltr'><strong>ἐν</strong></span> <span class='ocrx_word' id='word_1_834' title='bbox 2438 5065 2743 5138; x_wconf 83' lang='grc' dir='ltr'>βάπτισμα.</span> <span class='ocrx_word' id='word_1_835' title='bbox 2778 5062 2988 5116; x_wconf 70' lang='grc' dir='ltr'>Οὐκοῦν</span> <span class='ocrx_word' id='word_1_836' title='bbox 3012 5063 3058 5114; x_wconf 84' lang='grc' dir='ltr'>εί</span> <span class='ocrx_word' id='word_1_837' title='bbox 3080 5059 3174 5114; x_wconf 89' lang='grc' dir='ltr'><strong>δύο</strong></span> <span class='ocrx_word' id='word_1_838' title='bbox 3203 5059 3367 5130; x_wconf 69' lang='grc' dir='ltr'>φασὶν</span> <span class='ocrx_word' id='word_1_839' title='bbox 3397 5053 3584 5117; x_wconf 75' lang='grc' dir='ltr'>Υἱοῦς,</span> <span class='ocrx_word' id='word_1_840' title='bbox 3611 5051 3709 5106; x_wconf 89' lang='grc' dir='ltr'><strong>δύο</strong></span> 
     </span>
    </p>
   </div>
   <div class='ocr_carea' id='block_1_108' title="bbox 2121 5145 3704 5225">
    <p class='ocr_par' dir='ltr' id='par_1_108' title="bbox 2121 5145 3704 5225">
     <span class='ocr_line' id='line_1_108' title="bbox 2121 5145 3704 5225; baseline -0.014 -10"><span class='ocrx_word' id='word_1_841' title='bbox 2121 5177 2224 5214; x_wconf 90' lang='grc' dir='ltr'><strong>που</strong></span> <span class='ocrx_word' id='word_1_842' title='bbox 2263 5160 2482 5221; x_wconf 87' lang='grc' dir='ltr'>πάντως</span> <span class='ocrx_word' id='word_1_843' title='bbox 2531 5150 2642 5208; x_wconf 74' lang='grc' dir='ltr'>εἶεν</span> <span class='ocrx_word' id='word_1_844' title='bbox 2668 5153 2735 5208; x_wconf 83' lang='grc' dir='ltr'>ἂν</span> <span class='ocrx_word' id='word_1_845' title='bbox 2777 5154 2826 5206; x_wconf 86' lang='grc' dir='ltr'><strong>οί</strong></span> <span class='ocrx_word' id='word_1_846' title='bbox 2871 5152 3089 5225; x_wconf 82' lang='grc' dir='ltr'>Κύριοι,</span> <span class='ocrx_word' id='word_1_847' title='bbox 3113 5151 3206 5204; x_wconf 86' lang='grc' dir='ltr'><strong>δύο</strong></span> <span class='ocrx_word' id='word_1_848' title='bbox 3247 5149 3302 5202; x_wconf 84' lang='grc' dir='ltr'>δὲ</span> <span class='ocrx_word' id='word_1_849' title='bbox 3337 5146 3434 5201; x_wconf 69' lang='grc' dir='ltr'>καὶ</span> <span class='ocrx_word' id='word_1_850' title='bbox 3467 5145 3704 5206; x_wconf 86' lang='grc' dir='ltr'>πίστεις,</span> 
     </span>
    </p>
   </div>
   <div class='ocr_carea' id='block_1_109' title="bbox 2117 5231 3708 5322">
    <p class='ocr_par' dir='ltr' id='par_1_109' title="bbox 2117 5231 3708 5322">
     <span class='ocr_line' id='line_1_109' title="bbox 2117 5231 3708 5322; baseline -0.013 -13"><span class='ocrx_word' id='word_1_851' title='bbox 2117 5254 2353 5309; x_wconf 88' lang='grc' dir='ltr'>τοσαῦτα</span> <span class='ocrx_word' id='word_1_852' title='bbox 2381 5253 2437 5306; x_wconf 88' lang='grc' dir='ltr'><strong>δέ</strong></span> <span class='ocrx_word' id='word_1_853' title='bbox 2477 5255 2570 5307; x_wconf 78' lang='grc' dir='ltr'>καὶ</span> <span class='ocrx_word' id='word_1_854' title='bbox 2613 5248 2988 5322; x_wconf 81' lang='grc' dir='ltr'>βαπτίσματα.</span> <span class='ocrx_word' id='word_1_855' title='bbox 3036 5242 3457 5314; x_wconf 79' lang='grc' dir='ltr'>Ψευδομυθήσει</span> <span class='ocrx_word' id='word_1_856' title='bbox 3494 5237 3561 5308; x_wconf 85' lang='grc' dir='ltr'>δὴ</span> <span class='ocrx_word' id='word_1_857' title='bbox 3613 5231 3708 5290; x_wconf 76' lang='grc' dir='ltr'><strong>οῦν</strong></span> 
     </span>
    </p>
   </div>
   <div class='ocr_carea' id='block_1_110' title="bbox 2119 5328 3708 5415">
    <p class='ocr_par' dir='ltr' id='par_1_110' title="bbox 2119 5328 3708 5415">
     <span class='ocr_line' id='line_1_110' title="bbox 2119 5328 3708 5415; baseline -0.012 -17"><span class='ocrx_word' id='word_1_858' title='bbox 2119 5347 2148 5399; x_wconf 89' lang='lat'><strong>6</strong></span> <span class='ocrx_word' id='word_1_859' title='bbox 2181 5345 2415 5415; x_wconf 79' lang='grc' dir='ltr'>Χριστὸν</span> <span class='ocrx_word' id='word_1_860' title='bbox 2457 5342 2596 5414; x_wconf 69' lang='grc' dir='ltr'>ἔχων</span> <span class='ocrx_word' id='word_1_861' title='bbox 2648 5343 2705 5394; x_wconf 86' lang='grc' dir='ltr'><strong>ἐν</strong></span> <span class='ocrx_word' id='word_1_862' title='bbox 2760 5335 2940 5407; x_wconf 83' lang='grc' dir='ltr'>ἐαυτῷ</span> <span class='ocrx_word' id='word_1_863' title='bbox 2989 5335 3286 5397; x_wconf 88' lang='grc' dir='ltr'>λαλοῦντα,</span> <span class='ocrx_word' id='word_1_864' title='bbox 3343 5328 3491 5384; x_wconf 77' lang='grc' dir='ltr'>καθά</span> <span class='ocrx_word' id='word_1_865' title='bbox 3541 5343 3708 5415; x_wconf 64' lang='grc' dir='ltr'>φησιν</span> 
     </span>
    </p>
   </div>
   <div class='ocr_carea' id='block_1_111' title="bbox 2120 5411 3708 5502">
    <p class='ocr_par' dir='ltr' id='par_1_111' title="bbox 2120 5411 3708 5502">
     <span class='ocr_line' id='line_1_111' title="bbox 2120 5411 3708 5502; baseline -0.013 -11"><span class='ocrx_word' id='word_1_866' title='bbox 2120 5437 2303 5501; x_wconf 70' lang='grc' dir='ltr'>αὐτός.</span> <span class='ocrx_word' id='word_1_867' title='bbox 2352 5435 2492 5489; x_wconf 78' lang='grc' dir='ltr'>Ἀλλ’</span> <span class='ocrx_word' id='word_1_868' title='bbox 2523 5435 2625 5488; x_wconf 78' lang='grc' dir='ltr'>οὐκ</span> <span class='ocrx_word' id='word_1_869' title='bbox 2651 5432 2766 5486; x_wconf 76' lang='grc' dir='ltr'>ἔστι</span> <span class='ocrx_word' id='word_1_870' title='bbox 2789 5428 2993 5484; x_wconf 74' lang='grc' dir='ltr'><strong>ταῦτα⁹</strong></span> <span class='ocrx_word' id='word_1_871' title='bbox 3024 5427 3097 5502; x_wconf 82' lang='grc' dir='ltr'>μὴ</span> <span class='ocrx_word' id='word_1_872' title='bbox 3121 5428 3352 5497; x_wconf 90' lang='grc' dir='ltr'>γένοιτο.</span> <span class='ocrx_word' id='word_1_873' title='bbox 3384 5418 3598 5475; x_wconf 75' lang='grc' dir='ltr'>Οὐκοῦν</span> <span class='ocrx_word' id='word_1_874' title='bbox 3625 5411 3708 5481; x_wconf 76' lang='grc' dir='ltr'>εἷς</span> 
     </span>
    </p>
   </div>
   <div class='ocr_carea' id='block_1_112' title="bbox 510 5574 2009 5660">
    <p class='ocr_par' dir='ltr' id='par_1_112' title="bbox 510 5590 2009 5660">
     <span class='ocr_line' id='line_1_112' title="bbox 510 5590 2009 5660; baseline -0.001 -10"><span class='ocrx_word' id='word_1_875' title='bbox 510 5590 548 5660; x_wconf 67' lang='grc' dir='ltr'>Ῐδ</span> <span class='ocrx_word' id='word_1_876' title='bbox 587 5591 782 5650; x_wconf 81' lang='lat' dir='ltr'><strong>lPetr.</strong></span> <span class='ocrx_word' id='word_1_877' title='bbox 817 5609 894 5655; x_wconf 84' lang='grc' dir='ltr'>ιιι,</span> <span class='ocrx_word' id='word_1_878' title='bbox 924 5592 1008 5645; x_wconf 81' lang='grc'><strong>18.</strong></span> <span class='ocrx_word' id='word_1_879' title='bbox 1092 5593 1134 5624; x_wconf 79' lang='grc'>¹⁶</span> <span class='ocrx_word' id='word_1_880' title='bbox 1162 5593 1263 5648; x_wconf 87' lang='lat' dir='ltr'><strong>lsa.</strong></span> <span class='ocrx_word' id='word_1_881' title='bbox 1309 5609 1456 5658; x_wconf 75' lang='grc' dir='ltr'>ιιιιιι,</span> <span class='ocrx_word' id='word_1_882' title='bbox 1484 5595 1533 5650; x_wconf 75' lang='grc' dir='ltr'><strong>Ι.</strong></span> <span class='ocrx_word' id='word_1_883' title='bbox 1619 5596 1658 5626; x_wconf 73' lang='grc'><strong>³⁷</strong></span> <span class='ocrx_word' id='word_1_884' title='bbox 1700 5595 1928 5651; x_wconf 88' lang='lat' dir='ltr'><strong>Zachar.</strong></span> <span class='ocrx_word' id='word_1_885' title='bbox 1965 5612 2009 5650; x_wconf 73' lang='lat' dir='ltr'><strong>xl</strong></span> 
     </span>
    </p>
   </div>
   <div class='ocr_carea' id='block_1_113' title="bbox 2114 5574 3703 5660">
    <p class='ocr_par' dir='ltr' id='par_1_113' title="bbox 2114 5574 3703 5654">
     <span class='ocr_line' id='line_1_113' title="bbox 2114 5574 3703 5654; baseline -0.012 -5"><span class='ocrx_word' id='word_1_886' title='bbox 2114 5594 2164 5649; x_wconf 85' lang='lat'><em>6.</em></span> <span class='ocrx_word' id='word_1_887' title='bbox 2249 5593 2291 5624; x_wconf 77' lang='lat'><strong>“‘</strong></span> <span class='ocrx_word' id='word_1_888' title='bbox 2329 5592 2462 5646; x_wconf 84' lang='lat' dir='ltr'><strong>ibid.</strong></span> <span class='ocrx_word' id='word_1_889' title='bbox 2545 5590 2586 5620; x_wconf 78' lang='lat'>&quot;</span> <span class='ocrx_word' id='word_1_890' title='bbox 2619 5589 2774 5646; x_wconf 85' lang='lat' dir='ltr'><strong>Joan.</strong></span> <span class='ocrx_word' id='word_1_891' title='bbox 2825 5604 2910 5654; x_wconf 77' lang='lat' dir='ltr'><strong>xx,</strong></span> <span class='ocrx_word' id='word_1_892' title='bbox 2938 5583 3121 5640; x_wconf 71' lang='lat'>27-29.</span> <span class='ocrx_word' id='word_1_893' title='bbox 3201 5583 3245 5616; x_wconf 76' lang='grc' dir='ltr'><strong>ὀ</strong></span> <span class='ocrx_word' id='word_1_894' title='bbox 3277 5579 3481 5652; x_wconf 86' lang='lat' dir='ltr'><strong>Ephcs.</strong></span> <span class='ocrx_word' id='word_1_895' title='bbox 3507 5593 3586 5644; x_wconf 90' lang='grc' dir='ltr'>ιιι,</span> <span class='ocrx_word' id='word_1_896' title='bbox 3615 5574 3703 5632; x_wconf 74' lang='grc'><strong>10.</strong></span> 
     </span>
    </p>
   </div>
   <div class='ocr_carea' id='block_1_114' title="bbox 434 5653 1456 5732">
    <p class='ocr_par' dir='ltr' id='par_1_114' title="bbox 434 5653 1456 5732">
     <span class='ocr_line' id='line_1_114' title="bbox 434 5653 1456 5732; baseline 0.005 -19"><span class='ocrx_word' id='word_1_897' title='bbox 434 5653 480 5688; x_wconf 82' lang='grc'><strong>¹¹</strong></span> <span class='ocrx_word' id='word_1_898' title='bbox 507 5658 711 5731; x_wconf 82' lang='lat' dir='ltr'><strong>Ephes.</strong></span> <span class='ocrx_word' id='word_1_899' title='bbox 739 5680 812 5726; x_wconf 81' lang='lat' dir='ltr'><strong>iv,</strong></span> <span class='ocrx_word' id='word_1_900' title='bbox 839 5653 890 5714; x_wconf 60' lang='lat'><strong>5.</strong></span> <span class='ocrx_word' id='word_1_901' title='bbox 969 5664 1011 5694; x_wconf 85' lang='grc'><strong>²²</strong></span> <span class='ocrx_word' id='word_1_902' title='bbox 1036 5664 1080 5718; x_wconf 89' lang='lat' dir='ltr'><strong>ll</strong></span> <span class='ocrx_word' id='word_1_903' title='bbox 1104 5664 1228 5719; x_wconf 78' lang='lat' dir='ltr'><strong>Cor.</strong></span> <span class='ocrx_word' id='word_1_904' title='bbox 1259 5681 1372 5732; x_wconf 78' lang='grc' dir='ltr'>ιιιιι,</span> <span class='ocrx_word' id='word_1_905' title='bbox 1402 5653 1456 5719; x_wconf 66' lang='lat'><strong>5.</strong></span> 
     </span>
    </p>
   </div>
   <div class='ocr_carea' id='block_1_115' title="bbox 1511 5787 2612 5861">
    <p class='ocr_par' dir='ltr' id='par_1_115' title="bbox 1511 5787 2612 5861">
     <span class='ocr_line' id='line_1_115' title="bbox 1511 5787 2612 5861; baseline -0.013 -7"><span class='ocrx_word' id='word_1_906' title='bbox 1511 5798 1686 5855; x_wconf 73' lang='lat' dir='ltr'><strong>Varia:</strong></span> <span class='ocrx_word' id='word_1_907' title='bbox 1716 5794 1984 5852; x_wconf 84' lang='lat' dir='ltr'><strong>lectiones</strong></span> <span class='ocrx_word' id='word_1_908' title='bbox 2019 5790 2224 5849; x_wconf 77' lang='lat' dir='ltr'><strong>codicis</strong></span> <span class='ocrx_word' id='word_1_909' title='bbox 2251 5787 2612 5861; x_wconf 84' lang='lat' dir='ltr'><strong>Seguicriani.</strong></span> 
     </span>
    </p>
   </div>
   <div class='ocr_carea' id='block_1_116' title="bbox 509 5906 712 5970">
    <p class='ocr_par' dir='ltr' id='par_1_116' title="bbox 509 5906 712 5970">
     <span class='ocr_line' id='line_1_116' title="bbox 509 5906 712 5970; baseline 0.025 -12"><span class='ocrx_word' id='word_1_910' title='bbox 509 5912 530 5945; x_wconf 79' lang='grc' dir='ltr'>ν</span> <span class='ocrx_word' id='word_1_911' title='bbox 556 5906 712 5970; x_wconf 84' lang='grc' dir='ltr'>παῖς.</span> 
     </span>
    </p>
   </div>
  </div>
