4048 6450
280 459 395 515 217

284 575 533 646 Κύριος,
579 573 683 629 καὶ
729 572 827 646 μία
860 575 1071 640 πίστις,
1107 575 1167 630 ἓν
1205 576 1509 649 βάπτισμα.
1555 579 1896 649 Πιστεύομεν
1928 583 1970 637 Α

289 668 399 738 γὰρ
433 668 528 731 εἰς
576 666 679 720 ενα
722 664 931 737 Κύριον
970 666 1181 733 Ἰησοῦν
1208 668 1465 739 Χριστὸν,
1506 662 1755 723 τουτέστι
1806 667 1901 720 τὸν

293 759 576 831 μονογενῆ
603 756 704 812 τοῦ
734 756 872 811 Θεοῦ
902 757 1079 826 Λόγον
1120 758 1640 831 ὲνανθρωπήσαντα,
1675 758 1771 813 καὶ
1807 774 1900 810 σε-

290 848 693 920 σαργωμένον.
739 846 843 900 Διά
868 846 1032 901 τοῦτο
1078 848 1173 901 καὶ
1206 850 1287 910 εἰς
1328 849 1422 903 τὸν
1465 848 1694 904 θάνατον
1733 846 1900 901 αὐτοῦ

294 939 724 1012 βαπτιζόμεθα,
776 940 873 993 καὶ
929 940 1092 1010 μόνον
1145 941 1303 1012 ῐσμεν
1355 941 1521 997 αὑτὸν
1573 940 1779 1012 Κύριον
1825 939 1902 1003 ὡς

292 1032 455 1097 Θεὸν,
490 1032 599 1085 οὐκ
625 1031 735 1085 ἀνά
766 1030 934 1102 μέρος
979 1030 1224 1095 τιθέντες
1265 1031 1582 1104 ἄνθρωπον,
1614 1033 1709 1087 καὶ
1742 1031 1898 1099 Θεὸν,

290 1124 413 1179 ἀλλ’
461 1124 662 1186 αὐτὸν,
712 1123 790 1187 ὡς
823 1122 985 1193 ἔφην,
1039 1122 1130 1176 τὸν
1181 1124 1253 1176 ὲκ·
1288 1123 1427 1178 Θεοῦ
1475 1124 1691 1196 Πατρὸς
1727 1124 1900 1192 Λόγον

291 1218 598 1288 ἄνθρωπον
632 1215 894 1285 γενέσθαι
927 1214 1401 1285 διαϐεϐαιούμενοι
1423 1217 1560 1287 μετά
1585 1217 1681 1270 τοῦ
1720 1218 1901 1282 μεῖναι

294 1313 466 1368 Θεόνο
502 1312 789 1382 ἄτρεπτος
834 1309 966 1381 γὰρ,
1018 1310 1116 1364 καὶ
1145 1309 1508 1374 ἀναλλοίωτος
1553 1309 1699 1364 κατὰ
1739 1308 1901 1377 φύσιν

297 1402 468 1457 ἰστίν.
514 1401 681 1454 Ἐπεὶ
711 1400 1080 1470 φραζέτωσαν
1108 1403 1158 1454 οἱ
1184 1401 1251 1454 δι’
1285 1400 1554 1467 ἐναντίας,
1593 1400 1642 1453 εἰ
1680 1399 1775 1454 δύο
1800 1417 1904 1468 φα-

302 1498 380 1550 σὶν
428 1495 628 1559 Υἱοὺς,
675 1493 777 1546 ἕνα
826 1492 926 1563 μὲν
962 1492 1148 1556 ἰδικῶς
1194 1492 1286 1545 τὸν
1318 1494 1385 1545 ὲκ
1439 1493 1754 1563 σπέρματος
1804 1492 1900 1545 τοῦ

300 1586 484 1650 Δαυῖδ,
523 1586 727 1655 ἕτερον
759 1585 805 1638 δ’
840 1580 932 1649 αὖ,
965 1585 1063 1639 καὶ
1089 1586 1192 1639 ἀνὰ
1223 1578 1509 1657 μέρος’τὸν
1538 1587 1602 1639 ἐκ
1633 1585 1770 1639 Θεοῦ
1789 1586 1903 1638 Πα-

300 1680 425 1749 τρὺς
457 1680 669 1748 Λόγον.
686 1673 818 1749 'Ap’
847 1678 949 1731 οὐκ
982 1678 1223 1747 ἀμείνων
1255 1678 1397 1733 κατά
1423 1679 1586 1748 φύσιν
1618 1680 1645 1732 ὁ
1670 1679 1735 1732 ὲκ
1763 1677 1899 1732 Θεοῦ

294 1770 517 1842 Harpe:
557 1770 762 1839 Λόγος,
800 1768 894 1822 τοῦ
940 1771 1006 1823 ἐκ
1050 1769 1369 1840 σπέρματος
1419 1768 1514 1823 τοῦ
1558 1769 1759 1833 Δανῖδ,
1805 1770 1901 1823 καὶ

291 1863 666 1934 ἀσυγκρίτοις
702 1862 1029 1932 διαφοραϊςς
1068 1861 1133 1916 Τί
1161 1862 1269 1933 γὰρ
1293 1862 1583 1934 ἀνθρώπου
1616 1862 1794 1933 φύσις,
1824 1862 1900 1925 ὡς

293 1956 441 2027 πρός
468 1973 539 2024 γε
565 1953 671 2027 τὴν
697 1953 855 2007 θείαν
888 1954 984 2006 καὶ
1032 1952 1347 2025 ὑπερτάτην
1371 1971 1386 2021 ;
1431 1954 1572 2007 Ἀλλ’
1606 1951 1779 2026 οἶμαι,
1809 1954 1906 2008 καὶ
1936 1938 1979 1996 Β

298 2044 409 2115 οὐχ
435 2044 660 2106 ἑκόντες
694 2041 941 2113 ἐροῦσιν,
973 2042 1050 2105 ὡς
1080 2043 1321 2113 ἀμείνων
1352 2044 1471 2097 ἐστὶ
1506 2045 1650 2099 κατά
1690 2044 1850 2115 φύσιν
1875 2045 1904 2098 ὀ

313 2133 387 2187 lx
404 2133 765 2205 Θεοῦῐιατρδς
799 2133 1001 2207 Λόγᾳτ.
1028 2128 1162 2186 Εἶτα
1190 2131 1243 2186 τί
1269 2132 1563 2204 δράσομεν,
1589 2135 1717 2199 τοὺς
1740 2134 1907 2207 χιμά-

330 2232 463 2293 ρους
487 2222 710 2293 δρῶντες
737 2221 832 2293 οὐχ
870 2223 1187 2292 ἑτεροιρυεῖς
1220 2223 1380 2287 ὄντας
1413 2223 1686 2295 ἀλλήλοις,
1722 2226 1908 2296 ὁμοει-

322 2314 442 2378 δεῖς
462 2313 524 2367 δὲ
552 2314 762 2384 μᾶλλον,
787 2314 887 2369 καὶ
914 2316 1037 2369 κατ’
1061 2314 1214 2368 οὐδὲν
1248 2314 1498 2386 ἀλλήλων
1527 2316 1903 2387 διαφέροντας,

316 2406 461 2461 κατά
491 2423 556 2475 γε
585 2406 645 2459 τὸ
664 2401 804 2460 εῖναι
832 2405 986 2461 τοῦθ’
1002 2406 1141 2478 ὅπερ
1161 2406 1298 2461 είσίν
1322 2423 1339 2474 ;
1383 2407 1442 2460 Ὀ
1468 2407 1629 2471 αὐτὸς
1655 2407 1699 2460 δ’
1731 2407 1797 2462 ἂν
1819 2407 1908 2477 γέ-

310 2514 454 2552 νοιτο
500 2497 679 2565 λόγος,
716 2497 816 2552 καὶ
873 2496 970 2550 ἐπὶ
1015 2499 1130 2562 τοῖς
1161 2497 1312 2551 δυσὶν
1362 2497 1641 2568 ὀρνιθίοις.
1697 2499 1907 2553 Οὐκοῦν

311 2590 771 2661 συγχωρείτωσαν
791 2587 882 2642 διὰ
903 2588 965 2642 τὸ
986 2587 1096 2642 τῶν
1123 2590 1394 2660 χιμάρων,
1429 2588 1462 2658 ἦ
1498 2588 1629 2657 γοῦν
1652 2588 1906 2659 ὀρνιθίων

300 2681 570 2753 ὁμοειδὲς,
604 2680 783 2751 μηδὲν
825 2679 1118 2752 ἀνθρώπου
1167 2679 1447 2750 διαφέρειν
1494 2680 1588 2733 τὸν
1617 2679 1712 2734 τοῦ
1767 2678 1903 2733 Θεοῦ

299 2774 494 2843 Λόγον.
542 2772 687 2826 Ἀλλ’
727 2770 832 2825 ούκ
864 2759 1201 2835 ἀνέξονται,
1227 2769 1483 2842 καθάπερ
1525 2764 1776 2841 ἐγῷμαι,
1810 2769 1905 2824 τοῦ

296 2865 513 2920 τοιοῦδε
536 2866 739 2935 λόγου·
769 2866 1027 2918 πλεῖστον
1050 2862 1161 2934 γὰρ
1182 2863 1307 2917 ὅσον
1337 2862 1397 2916 τὸ
1422 2865 1625 2932 μεταξὺ
1654 2862 1908 2934 θεότητός

296 2975 357 3012 τε
397 2957 498 3011 καὶ
547 2956 1000 3030 ἀώρωπότητος.
1050 2953 1303 3026 Ἐφῶμεν
1337 2955 1402 3025 δὴ
1447 2950 1540 3009 οὖν
1572 2958 1686 3019 τοῖς
1729 2972 1910 3025 παρα-

296 3050 567 3122 δείγμασι
595 3050 746 3105 κατά
792 3049 887 3104 τὸν
923 3051 1112 3112 αὐτοῖς
1145 3049 1430 3123 πρέποντα
1454 3049 1696 3103 νοεῖσθαι
1726 3047 1905 3116 λόγον.

309 3142 580 3197 Ἠττᾶται
610 3142 726 3213 γὰρ
745 3142 868 3196 λίαν
887 3142 1000 3194 τῶν
1030 3140 1272 3212 ἀληθῶν,
1304 3141 1400 3195 καὶ
1420 3138 1653 3211 μερικὴν
1680 3138 1792 3194 ἔσθ’
1821 3139 1908 3192 ὅτε

302 3236 549 3287 ποιεῖται
583 3232 699 3286 τῶν
744 3232 1171 3303 σημαινομένων
1206 3232 1310 3332 τὴν
1345 3230 1591 3332 ἔνδειξιν.
1633 3231 1819 3301 Φαμὲν
1852 3229 1910 3284 δὲ
1941 3272 1985 3332 C

300 3326 383 3378 ὅτι
432 3323 573 3378 σκιὰ
610 3323 711 3377 καὶ
738 3324 912 3385 τύπος
941 3323 971 3375 ὁ
1002 3320 1168 3392 νόμος
1205 3317 1294 3394 ἦν,
1331 3322 1429 3376 καὶ
1459 3317 1571 3375 οἷόν
1611 3339 1697 3385 τις
1726 3320 1913 3393 γραφὴ

304 3414 691 3488 παρατεθεῖσα
723 3413 862 3484 πρὸς
896 3412 1029 3467 θέαν
1059 3415 1174 3477 τοῖς
1202 3413 1372 3484 ὁρῶσι
1396 3412 1465 3467 τὰ
1488 3412 1815 3484 πράγματα.
1845 3414 1913 3465 Αἱ

302 3509 361 3563 δὲ
411 3509 573 3563 σκιαὶ
614 3504 860 3577 τῆγτῶν
897 3505 1221 3581 γραφόντων
1273 3506 1331 3557 ὲν
1372 3503 1561 3568 πίναξι
1604 3504 1798 3576 τέχνης
1846 3504 1916 3558 τὰ

307 3602 509 3674 πρῶτα
533 3598 648 3653 τῶν
670 3597 1053 3669 χαραγμὰτων
1080 3596 1220 3650 εἰσίν
1239 3612 1252 3626 ⁸
1279 3591 1368 3661 αἷς
1392 3596 1551 3667 εἴπερ
1572 3597 1914 3667 ὲπενεχθεῖεν

305 3696 417 3748 τῶν
453 3690 771 3764 χρωμάτων
805 3690 876 3743 τὰ
903 3689 1068 3759 ἄνθη,
1110 3688 1234 3741 τότε
1266 3688 1355 3760 δὴ,
1395 3688 1518 3741 τότε
1546 3688 1661 3759 ,τῆς
1696 3688 1915 3758 γραφῆς

307 3783 706 3855 ἀπαστράπτει
753 3780 817 3835 τὸ
866 3781 1085 3844 κάλλος.
1117 3780 1268 3835 Ἔδει
1297 3780 1361 3852 δὴ
1391 3776 1507 3845 οὖν,
1544 3780 1635 3835 τὸν
1663 3781 1753 3835 διὰ
1788 3782 1917 3835 Μω-

310 3878 455 3941 σέως
479 3876 650 3947 νόμον
679 3873 1039 3944 καταγράψαι
1064 3873 1248 3943 σαφῶς
1278 3874 1532 3928 ἐθέλοντα
1560 3874 1622 3928 τὺ
1650 3874 1743 3928 τοῦ
1774 3876 1914 3946 Χριο

312 3968 445 4023 στοῦ
495 3967 826 4039 μυστήριον,
868 3966 968 4037 οὐχ
1010 3966 1091 4019 ἑνὶ
1120 3966 1229 4020 τῶν
1262 3966 1539 4037 χιμάρων,
1581 3966 1699 4037 ἦτοι
1743 3966 1856 4018 τῶν
1889 3974 1914 4003 κ

310 4062 595 4135 ὀρνιθιων,
621 4059 1049 4130 ἀποθνήσκοντα
1079 4076 1139 4111 τε
1172 4058 1308 4131 ὁμοῦ
1332 4059 1427 4113 καὶ
1457 4057 1638 4124 ζῶντα
1661 4058 1916 4112 καταδει-

309 4153 512 4208 κνύειν
538 4152 733 4219 αὐτὸν,
778 4151 866 4205 ἵνα
900 4150 976 4222 μὴ
1003 4151 1358 4222 τερατοποιΐα
1380 4150 1615 4221 σκηνικὴ
1643 4149 1770 4222 δόξῃ
1794 4167 1914 4213 πως

306 4243 458 4300 εἶναι
490 4246 559 4299 τὸ
595 4243 908 4316 δρώμενονο
946 4241 1065 4297 ἀλλ’
1111 4241 1330 4313 ἐδέχετο
1374 4242 1472 4313 μὲν
1504 4241 1581 4306 ὡς
1610 4242 1669 4295 ὲν
1696 4243 1778 4295 ἐνὶ
1808 4258 1917 4296 πα-

306 4339 478 4393 θόντα
505 4338 613 4409 τὴν
647 4336 890 4408 σφαγὴν,
917 4334 1239 4390 κατεδείκνυ
1262 4334 1321 4388 δὲ
1346 4333 1439 4388 τὸν
1462 4335 1626 4388 αὐτὸν
1649 4336 1707 4387 ὲν
1737 4332 1916 4405 ἑτέρῳ

307 4430 500 4496 ζῶντά
523 4447 591 4483 τε
615 4429 715 4483 καὶ
747 4429 1065 4498 ἀφιέμενον.
1107 4427 1415 4497 Ἀποφῆναι
1446 4426 1505 4480 δὲ
1533 4425 1626 4479 τὸν
1655 4426 1750 4480 ἐπὶ
1776 4425 1915 4495 τῷδε

309 4526 477 4593 λόγον
515 4522 625 4577 οὐκ
674 4520 781 4588 ἔξω
820 4520 1077 4592 βαίνοντα
1109 4518 1204 4573 τοῦ
1233 4519 1446 4583 εἰκότος
1472 4519 1733 4590 οἰήσομαι
1781 4516 1913 4582 δεῖν,

1690 464 1841 523 EPIS
1850 463 2033 520 TOLA
2070 466 2205 522 XLI.

3477 482 3584 538 218

2000 580 2134 647 quid
2157 580 2256 637 sitl
2279 582 2432 639 Unus
2461 584 2647 654 itaque
2676 596 2761 641 est
2789 587 3072 654 Donnnus,
3093 604 3200 644 una
3216 588 3371 656 ﬁdes,
3389 607 3589 649 unum-

2010 688 2117 742 que
2148 673 2438 744 baptisma.
2480 674 2772 732 Credimus
2814 678 2962 732 enim
2997 678 3054 732 in
3077 695 3245 733 unum
3293 681 3587 737 Dominum

2008 763 2196 819 Iesum
2224 765 2528 833 Christum,
2549 767 2656 823 hoc
2687 775 2790 833 est,
2826 769 3171 840 unigenitum
3200 770 3297 826 Dei
3318 772 3584 838 Verbum,

2008 854 2290 912 hominem
2311 857 2519 914 factum
2544 868 2600 916 et
2642 860 3010 915 incarnatum.
3075 862 3232 918 Unde
3271 873 3327 919 et
3360 863 3416 918 in
3465 867 3586 935 ejus

2009 964 2228 1019 quoque
2253 961 2487 1007 mortem
2510 952 2856 1022 baptizamur
2883 954 2949 1017 ",
2977 962 3035 1008 et
3072 954 3252 1023 ipsum
3276 956 3455 1008 solum
3485 957 3589 1010 Do-

2008 1041 2447 1112 minum,utpote
2477 1044 2671 1108 Deum,
2694 1044 3045 1113 agnoscimus
3085 1060 3233 1098 :non
3275 1055 3589 1114 separantes

2009 1147 2040 1186 a
2060 1148 2118 1187 se
2131 1124 2368 1189 invicem
2396 1135 2679 1189 hominem
2718 1144 2775 1190 et
2797 1136 3001 1203 Deum;
3024 1135 3119 1190 sed
3146 1135 3347 1206 ipsum,
3365 1145 3424 1190 ut
3451 1135 3587 1201 dixi,

2008 1225 2106 1281 Dei
2144 1226 2323 1281 Patris
2349 1225 2613 1293 Verbum,
2642 1227 2789 1282 salva
2824 1227 3031 1283 deitate
3064 1227 3169 1299 (est
3191 1227 3341 1281 enim
3386 1240 3586 1281 secun-

2008 1316 2140 1371 dum
2193 1325 2451 1372 naturam
2508 1334 2663 1373 suam
2734 1316 3110 1390 immutabile)
3175 1318 3456 1372 hominem
3503 1317 3587 1372 fa-

2009 1415 2159 1462 ctum
2184 1409 2529 1464 conﬁtentes.
2562 1409 2783 1464 Etenim
2839 1410 3028 1465 dicant
3075 1409 3239 1464 nobis
3261 1408 3588 1472 adversarii,

2008 1497 2054 1551 si
2084 1497 2222 1553 duos
2259 1499 2429 1554 Filios
2450 1509 2724 1565 asserunt,
2756 1516 2927 1555 unum
2947 1500 3171 1570 quidem
3195 1514 3465 1563 seorsum,
3492 1500 3618 1570 qui

2008 1583 2080 1638 sit
2111 1600 2178 1638 ex
2202 1588 2412 1642 semine
2434 1588 2603 1642 David
2650 1598 2807 1643 ortus
2825 1631 2839 1653 ,
2889 1591 3124 1644 alterum
3148 1604 3374 1643 rursum
3423 1598 3479 1644 et
3501 1604 3589 1643 se-

2008 1677 2245 1746 paratim
2279 1678 2457 1747 ipsum
2484 1680 2728 1735 Verbum
2760 1696 2828 1735 ex
2861 1681 2973 1735 Deo
3004 1681 3168 1735 Patre
3196 1681 3478 1751 genitum;
3518 1696 3590 1734 an

2009 1784 2117 1821 non
2143 1769 2239 1823 Dei
2265 1769 2441 1824 Patris
2459 1770 2703 1825 Verbum
2727 1779 2919 1841 suapte
2956 1779 3155 1826 natura
3184 1770 3591 1841 incomparabi—

2009 1858 2156 1913 libus
2176 1860 2521 1915 excellentiis
2565 1860 2640 1932 (1)
2666 1861 3021 1930 praestantius
3043 1861 3114 1917 sit
3135 1861 3230 1916 illo
3268 1861 3362 1931 qui
3392 1876 3460 1915 ex
3505 1874 3594 1917 se-

2009 1950 2157 2005 mine
2199 1952 2371 2007 David
2402 1962 2569 2007 natus
2605 1954 2726 2008 est?
2749 1953 2893 2020 Quid
2917 1955 3065 2008 enim
3099 1962 3184 2008 est
3208 1953 3452 2009 hominis
3489 1970 3591 2009 na-

2008 2048 2149 2105 tura,
2188 2042 2234 2096 si
2257 2057 2383 2096 cum
2405 2042 2592 2096 divina
2620 2050 2677 2096 et
2701 2058 2958 2113 suprema
2980 2044 3072 2097 illa
3116 2051 3313 2097 natura
3366 2058 3590 2113 compa-

2006 2133 2200 2186 ratur?
2234 2132 2492 2188 Arbitror
2535 2142 2719 2189 autem
2759 2135 2906 2204 quod
2956 2134 3117 2189 inviti
3169 2135 3338 2190 etiam
3387 2134 3592 2189 dicturi

2006 2221 2136 2287 sint,
2159 2222 2401 2278 Verbum
2423 2225 2569 2293 quod
2591 2239 2659 2279 ex
2681 2225 2795 2280 Deo
2818 2226 2982 2280 Patre
3022 2234 3109 2280 est
3160 2226 3468 2281 secundum
3496 2241 3595 2280 na-

2007 2320 2188 2368 turam
2225 2316 2579 2383 praestantius
2620 2330 2764 2370 esse.
2817 2315 2933 2371 Hoc
2982 2324 3168 2370 autem
3211 2317 3417 2386 posito,
3459 2318 3593 2387 quid

2008 2404 2272 2461 faciemus
2297 2405 2445 2476 quod
2468 2406 2653 2462 hircos
2673 2407 2926 2462 videmus
2947 2423 3060 2462 non
3093 2408 3326 2464 diversa
3356 2410 3501 2463 inter
3532 2424 3594 2464 se

2005 2508 2218 2553 naturae
2238 2513 2380 2564 esse,
2408 2499 2504 2564 sed
2537 2500 2703 2554 unius
2723 2498 3087 2570 ejusdemque
3134 2499 3339 2569 speciei
3384 2499 3590 2569 potius,

2006 2605 2109 2645 nec
2130 2590 2239 2644 ulla
2272 2605 2331 2645 re
2363 2590 2510 2646 inter
2529 2606 2588 2646 se
2613 2591 2862 2657 diﬂ'errc,
2894 2593 2951 2646 in
2978 2608 3046 2647 eo
3085 2591 3231 2661 quod
3262 2592 3399 2645 hirci
3428 2592 3598 2646 sunt?

2007 2680 2212 2736 Eadem
2237 2681 2431 2751 utique
2478 2681 2620 2736 ratio
2644 2689 2731 2736 est
2775 2682 3013 2737 duorum
3041 2699 3348 2753 passerum.
3381 2683 3594 2739 Conce-

2009 2771 2142 2827 dant
2162 2787 2295 2843 ergo
2316 2782 2548 2843 propter
2571 2774 2822 2828 eamdem
2850 2774 3155 2829 hircorum.
3192 2775 3279 2829 vel
3308 2790 3595 2845 passerum

2011 2864 2273 2932 speciem,
2299 2865 2470 2918 Deum
2524 2864 2770 2919 Verbum
2794 2865 2935 2919 nihil
2974 2865 3211 2921 diﬂ'erre'
3255 2866 3323 2921 ab
3351 2866 3594 2921 homine.

2012 2954 2119 3010 Sed
2146 2972 2257 3009 non
2283 2955 2610 3020 concedent,
2649 2963 2710 3009 ut
2732 2972 2834 3026 ego
2868 2965 3024 3026 puto,
3059 2957 3204 3011 banc
3252 2957 3595 3011 doctrinam:

2010 3055 2096 3101 est
2130 3047 2280 3101 enim
2316 3047 2616 3118 plurimum
2645 3048 2872 3102 omnino
2910 3048 3251 3103 discriminis
3281 3048 3426 3103 inter
3456 3048 3599 3103 divi-

2011 3139 2241 3193 nitatem
2269 3148 2326 3193 et
2360 3139 2785 3194 humanitatem.
2816 3140 2957 3195 Sunt
3014 3141 3184 3212 igitur
3218 3142 3473 3211 exempla
3508 3155 3600 3197 se-

2015 3230 2259 3284 cundum
2282 3231 2551 3285 rationem
2583 3248 2705 3301 quae
2734 3232 2871 3301 ipsis
2897 3233 3215 3297 conveniat,
3249 3233 3597 3302 accipienda.

2016 3323 2249 3376 Multum
2276 3323 2425 3377 enim
2476 3325 2623 3378 veris
2662 3326 2831 3380 rebus
2888 3324 3154 3379 inferiora
3205 3334 3355 3389 sunt,
3391 3334 3447 3379 et
3501 3324 3603 3379 ali-

2015 3429 2181 3483 quam
2201 3421 2415 3469 tantum
2447 3422 2659 3485 partem
2690 3430 2883 3470 eorum
2913 3415 3227 3486 designant,
3250 3431 3488 3484 quorum
3522 3424 3606 3487 ty-

2015 3506 2071 3577 pi
2098 3514 2245 3562 sunt.
2266 3506 2467 3578 Legem
2498 3516 2684 3562 autem
2719 3509 2970 3563 umbram
2998 3523 3063 3563 ac
3091 3517 3281 3581 typum
3321 3508 3603 3563 exstitisse

2016 3598 2316 3653 asscrimus
2343 3601 2408 3665 “,
2439 3606 2496 3653 et
2521 3600 2690 3654 veluti
2733 3601 3028 3670 quamdam
3058 3600 3335 3669 picturam
3379 3600 3447 3654 ad
3474 3615 3603 3671 spe-

2016 3690 2277 3746 ctandum
2293 3693 2636 3762 propositam
2655 3693 3056 3763 aspicientibus
3076 3708 3166 3748 res
3192 3694 3359 3763 ipsas.
3385 3692 3606 3748 Umbrae

2015 3794 2201 3838 autem
2231 3792 2362 3838 sunt
2390 3783 2570 3853 prima
2594 3783 2650 3837 in
2674 3783 2952 3854 pictorum
2982 3782 3185 3837 tabulis
3219 3781 3604 3837 delineamen-

2019 3882 2071 3930 ta
2100 3892 2113 3927 :
2142 3874 2346 3944 quibus
2365 3874 2412 3928 si
2438 3876 2687 3929 colorum
2716 3875 2930 3930 ﬂosculi
2976 3875 3334 3938 accesserint,
3374 3871 3607 3927 illustris

2019 3968 2257 4040 picturae
2282 3976 2550 4024 venustas
2591 3983 2720 4023 mox
2742 3968 3015 4022 exoritur.
3070 3965 3380 4036 Oportelrat
3421 3966 3609 4032 itaque

2017 4066 2079 4114 ut
2111 4059 2198 4113 lex
2250 4075 2349 4129 per
2401 4059 2626 4130 Moysen
2667 4059 2795 4113 data
2843 4072 2970 4112 cum
3010 4056 3220 4121 Christi
3282 4054 3608 4126 mysterium

2017 4150 2281 4222 perpicue
2329 4150 2610 4205 delineare
2628 4150 2818 4213 vellet,
2844 4163 2958 4202 non
2997 4146 3055 4201 in
3090 4162 3203 4201 uno
3243 4146 3398 4215 131
3450 4143 3609 4197 hirco

2018 4242 2104 4297 vel
2130 4256 2351 4311 passere
2373 4241 2535 4295 simul
2563 4240 2718 4294 illum
2750 4238 2938 4292 vivum
2964 4246 3019 4292 et
3037 4244 3322 4290 mortuum
3355 4242 3611 4303 spectan-

2019 4336 2151 4391 dum
2175 4341 2534 4406 proponeret,
2559 4347 2630 4388 ne
2656 4332 2876 4386 scenica
2898 4328 3150 4399 quaedam
3189 4335 3445 4397 portenta
3474 4340 3607 4394 pro-

2019 4428 2151 4499 poni
2193 4426 2555 4482 viderentur:
2600 4422 2880 4478 sedilium
2926 4419 3134 4475 caedem
3182 4432 3507 4489 perpessum
3550 4416 3611 4471 in

2021 4535 2133 4574 uno
2161 4516 2405 4580 admisit,
2423 4514 2792 4583 eumdemque
2809 4513 3087 4568 viventem
3109 4526 3175 4566 ac
3198 4509 3500 4566 demissum
3518 4524 3613 4565 os-

310 4613 407 4666 καὶ
438 4609 651 4679 ἑτέραν
675 4601 760 4672 οἷς
809 4606 955 4678 ἔφην
994 4608 1379 4679 ὲπεισφρήσας
1399 4615 1420 4657 J
1470 4607 1675 4661 εἰκόνα.
1707 4606 1910 4675 Γέγρα-

2029 4608 2206 4666 tendit
2242 4609 2297 4663 in
2327 4608 2522 4663 altero.
2544 4605 2618 4662 Ut
2658 4621 2792 4661 vero
2836 4605 3003 4677 hujus
3051 4603 3133 4659 rei
3182 4602 3615 4658 declarationem

311 4719 451 4756 πται
505 4698 699 4755 τοίνυν
740 4701 802 4752 ἐν
842 4697 920 4769 τῷ
953 4699 1053 4769 τῆς
1086 4701 1449 4770 κοσμοποιΐας
1480 4698 1704 4771 βιϐλίῳ·
1752 4717 1770 4750 ι
1813 4698 1926 4753 Καὶ

316 4796 542 4864 ἐγένετο
588 4791 734 4863 μετά
765 4790 838 4846 τὰ
900 4793 1125 4862 ῥήματα
1169 4790 1369 4857 ταῦτα,
1403 4793 1434 4845 ό
1481 4791 1616 4856 Θεὸς
1657 4788 1924 4863 ὲπείραζε

316 4889 408 4943 τὸν
446 4883 735 4959 ’Δϐραὰμ,
775 4884 873 4938 καὶ
899 4880 1056 4938 εἶπεν
1095 4882 1278 4954 αὐτῷ’
1325 4884 1599 4955 Ἁϐραάμ,
1647 4883 1921 4955 Ἀϐραάμ.

328 4979 389 5035 '0
418 4980 485 5033 δὲ
530 4974 731 5032 εἶπενο
784 4976 919 5031 Ἰδοὺ
961 4975 1095 5045 ἐγώ.
1140 4975 1251 5030 Καὶ
1280 4972 1436 5029 εἷπε·
1480 4977 1629 5030 Λαϐὲ
1673 4977 1765 5030 τὸν
1808 4977 1925 5030 υἱόν

318 5090 417 5128 σου
476 5071 575 5125 τὸν
622 5069 933 5141 ἀγαπητὸν,
966 5068 1027 5122 ὃν
1055 5068 1374 5139 ἠγάπησας,
1425 5068 1516 5122 τὸν
1568 5068 1792 5123 Ἰσαάκ’
1829 5066 1925 5122 καὶ

316 5163 636 5235 πορεύθητι
666 5162 750 5227 εις
783 5161 884 5233 τὴν
928 5160 1037 5231 γῆν
1084 5160 1186 5232 τὴν
1232 5158 1464 5230 ὑψηλὴν,
1516 5159 1613 5214 καὶ
1659 5160 1924 5229 ἀνένεγκε

312 5258 491 5313 αὐτὸν
518 5258 649 5311 ἐκεῖ
672 5255 756 5320 εις
777 5253 1186 5324 ὁλοκάρπωσιν,
1213 5254 1298 5321 ἐφ’
1327 5250 1386 5305 ἓν
1411 5251 1521 5306 τῶν
1543 5251 1737 5322 ὀρέων,
1766 5244 1842 5305 ὧν
1858 5251 1925 5306 ἄν

317 5367 406 5405 σοι
437 5349 635 5418 δείξω.
681 5346 949 5410 ’Δναστὰς
988 5345 1047 5399 δὲ
1070 5343 1237 5417 πρωῒ,
1272 5344 1509 5410 ἐπέσαξε
1541 5344 1644 5417 τὴν
1677 5342 1798 5398 ὄνον
1823 5344 1924 5397 αύ-

380 5504 431 5538 ¹³
461 5502 632 5558 Rom.
669 5516 745 5567 vt,
774 5500 828 5556 3.
907 5499 952 5532 "
986 5497 1155 5554 llcbr.
1185 5516 1242 5566 x,
1272 5499 1322 5553 1.

2024 4717 2136 4757 non
2157 4699 2426 4755 excedere
2455 4704 2886 4753 consentaneam
2908 4695 3184 4751 rationem
3209 4693 3614 4757 demonstrem,

2023 4795 2268 4851 arbitror
2285 4793 2446 4848 aliam
2459 4805 2681 4862 quoque
2696 4789 2993 4861 imaginem
3012 4787 3080 4843 iis
3096 4787 3165 4842 de
3182 4784 3619 4857 quibuslocutus

2026 4901 2149 4943 sum
2165 4885 2453 4947 hactenus,
2483 4881 2547 4936 ad
2550 4878 2850 4952 jiciendam
2867 4893 3013 4933 esse.
3039 4875 3318 4946 Scriptum
3332 4880 3417 4928 est
3450 4871 3620 4942 igitur

2026 4978 2084 5033 in
2110 4976 2255 5031 libro
2276 4974 2345 5030 de
2369 4973 2582 5045 origine
2604 4971 2798 5027 mundi
2822 4989 2835 5024 :
2868 4989 2887 5022 ι
2911 4969 2982 5025 Ει
3009 4969 3218 5025 factum
3244 4974 3330 5021 est
3358 4963 3620 5033 posthaec

2029 5069 2221 5133 verba,
2248 5052 2482 5122 tentavit
2509 5066 2659 5121 Deus
2681 5064 2982 5124 Abraham,
3046 5069 3104 5116 et
3146 5058 3286 5114 dixit
3342 5053 3411 5108 ad
3452 5066 3616 5106 eum:

2031 5159 2333 5223 Abraham,
2364 5157 2666 5213 Abraham.
2702 5155 2774 5211 At
2817 5155 2908 5209 ille
2960 5146 3276 5219 respondit:
3308 5144 3450 5197 Ecce
3491 5153 3596 5209 ego

2030 5252 2098 5307 Et
2125 5250 2301 5307 dixit:
2331 5250 2487 5305 Tolle
2528 5248 2704 5302 [ilium
2747 5255 2903 5300 tuum
2939 5241 3207 5297 dilectum
3258 5247 3422 5305 quem
3475 5230 3619 5284 dile-

2031 5345 2157 5398 εἰειί
2181 5344 2350 5409 Isaac,
2374 5350 2434 5397 et
2469 5341 2607 5397 vade
2632 5340 2690 5395 in
2735 5347 2941 5393 terram
2988 5329 3303 5395 sublimem,
3331 5335 3500 5396 atque
3541 5318 3620 5377 ibi

1441 5616 1615 5673 Varia:
1644 5616 1914 5672 lectiones
1940 5614 2148 5671 codicis
2172 5610 2537 5685 Seguieriani.

396 5748 428 5780 ι
472 5734 510 5806 ἦ
543 5730 677 5786 τῶν.
753 5739 781 5780 3'
810 5730 1240 5802 ὲπεισφορήσας.

1913 5816 2141 5873 ΝΟΤίΕ.

404 5918 490 5991 (I)
528 5915 888 5974 Diﬂcrcntiis.
