4048 6440
449 531 553 589 εις)

1448 535 1505 592 S.
1544 536 1819 594 CYRILLI
1855 529 2327 592 ALEXANDRJNI
2363 530 2682 590 ARCHIEP.

3607 520 3717 577 220

445 645 646 701 uﬁ'eres
671 661 800 701 eum
824 646 882 701 in
906 645 1295 703 holocaustum
1325 663 1493 718 super
1546 665 1719 705 unum
1762 648 2023 704 montium

2137 643 2232 696 τοῦ
2248 660 2262 673 ·
2299 641 2578 715 παρέλαϐε
2597 641 2652 694 δέ
2679 639 2802 710 μεθ’
2822 636 3017 691 ἐαυτοῦ
3044 636 3139 690 δύο
3159 635 3377 701 παῖδας,
3399 634 3495 689 καὶ
3527 635 3718 692 Ἰσαὰκ

443 751 608 811 quem
641 746 1026 792 monstravere
1046 737 1166 791 tibi.
1198 737 1441 810 Surgens
1469 738 1657 810 itaque
1674 756 1858 805 mane,
1882 749 2029 794 stra-

442 829 523 882 \it
552 828 761 884 asinam
785 845 976 895 suam;
1001 831 1347 900 sumpsitque
1376 847 1564 886 secum
1588 832 1729 887 duos
1769 832 2042 896 famulos,.

441 918 674 973 etlsaac
707 918 883 974 ﬁlium
905 919 1356 990 suum.Cumque
1397 923 1734 978 concidisset
1779 923 1928 994 ligna
1970 922 2028 976 in

440 1008 847 1077 holocaustum,
891 1027 1123 1082 surgens
1147 1012 1283 1066 abiit
1322 1013 1390 1067 ad
1442 1014 1626 1069 locum
1660 1030 1826 1085 quem
1870 1015 2028 1069 dixe-

440 1108 526 1153 rat
549 1100 600 1154 ei
627 1101 792 1164 Deus,
826 1101 914 1156 die
939 1103 1120 1157 tertia.
1147 1105 1215 1158 Et
1237 1104 1536 1174 respiciens
1552 1104 1831 1159 Abraham
1854 1105 2029 1160 oculis

439 1188 576 1251 suis,
633 1187 775 1242 vidit
818 1189 1002 1244 locum
1046 1207 1078 1245 a
1124 1192 1597 1263 longezdixilque‘
1637 1193 1912 1249 Abraham
1958 1193 2025 1248 ad

440 1292 645 1346 pueros
671 1292 830 1333 suos:
866 1277 1067 1334 Sedete
1097 1280 1191 1334 hic
1237 1296 1363 1335 cum
1394 1281 1549 1335 asina
1574 1296 1717 1351 :ego
1752 1291 1938 1335 autem
1971 1289 2029 1337 et

441 1383 579 1434 puer
604 1369 965 1426 transibimus
989 1386 1163 1441 usque
1179 1372 1330 1437 illuc,
1359 1383 1561 1427 etcum
1589 1372 2023 1439 adoraverimus,

442 1468 787 1515 revertemur
817 1462 886 1516 ad
917 1478 1037 1517 vos.
1072 1463 1221 1517 Tulit
1265 1472 1451 1518 autem
1502 1465 1650 1535 ligna
1695 1464 2023 1530 holocausti,

437 1560 495 1605 et
520 1550 786 1621 imposuit
807 1567 975 1623 super
994 1553 1147 1609 Isaac
1172 1554 1347 1609 ﬁlium
1397 1571 1578 1610 suum.
1612 1555 1858 1626 Sumpsit
1895 1571 2026 1611 vero

438 1643 496 1697 in
522 1643 781 1698 manibus
803 1651 860 1698 et
882 1644 1065 1715 ignem
1115 1653 1173 1699 et
1226 1646 1504 1716 gladium;
1559 1655 1617 1701 et
1660 1656 2028 1717 perrexerunt

435 1735 601 1790 ambo
634 1736 799 1790 simul
824 1737 888 1789 ’⁵.
916 1756 935 1788 ι
971 1737 1042 1792 Et
1069 1748 1194 1807 post
1213 1738 1348 1792 alia:
1399 1758 1416 1790 ‹
1441 1740 1510 1793 Ει
1531 1739 1824 1795 aediﬁcavit
1849 1740 2025 1794 Abra-

436 1826 564 1881 ham
586 1828 642 1881 in
671 1843 739 1882 eo
769 1828 893 1883 loco
938 1829 1131 1893 altare,
1165 1837 1222 1883 et
1267 1830 1531 1900 imposuit
1576 1833 1742 1903 ligna.
1770 1833 2023 1905 Cumque

434 1922 713 1993 alligasset
745 1922 898 1978 Isaac
925 1922 1095 1979 ﬁlium
1140 1939 1322 1989 suum,
1366 1927 1554 1995 posuit
1592 1941 1720 1982 eum
1769 1928 1825 1982 in
1861 1929 2021 1984 altari

2133 736 2225 788 τὸν
2260 736 2376 789 υἱὸν
2414 734 2603 788 αὑτοῦ.
2638 733 2750 787 Καὶ
2787 731 2980 801 σχίσας
3010 728 3143 794 ξύλα
3187 729 3270 792 είς
3311 727 3715 798 ὁλοκάρπωσιν,

2134 826 2373 890 ἀναστὰς
2401 823 2675 896 ἐπορεύθη
2698 841 2712 856 ·
2733 823 2831 876 καὶ
2856 818 3020 893 ἦλθεν
3045 822 3137 874 ἐπὶ
3156 820 3245 874 τὸν
3260 819 3445 886 τόπον,
3472 819 3532 872 ὃν
3559 814 3718 872 εἴπεν

2132 917 2282 986 αὐτῷ
2319 919 2347 970 6
2384 916 2538 981 Θεὸς,
2583 918 2651 986 τῇ
2692 914 2877 986 ἡμέρα
2918 916 2983 984 τῇ
3033 912 3213 985 τρίτῃ.
3262 911 3375 967 Καὶ
3406 910 3718 980 ἀναϐλέψας

2144 1007 2397 1081 Ἀϐραὰμ
2440 1012 2555 1071 τοῖς
2581 1008 2910 1078 ὀφθαλμοῖς,
2945 1001 3056 1058 εῐδε
3093 1005 3185 1058 τὸν
3217 1004 3383 1057 τόπον
3415 1003 3715 1074 μακρόθεν,

2131 1100 2225 1152 καὶ
2274 1095 2429 1153 εἶπεν
2491 1099 2740 1171 Ἀϐραὰμ
2790 1101 2904 1161 τοῖς
2956 1097 3149 1151 παισὶν
3192 1095 3393 1149 αὐτοῦ·
3435 1094 3716 1148 Καθίσατε

2129 1188 2296 1241 αὐτοῦ
2327 1187 2465 1258 μετά
2497 1188 2597 1258 τῆς
2624 1186 2772 1250 ὄνου,
2804 1184 2917 1254 ἐγὼ
2949 1185 3006 1237 δέ
3055 1184 3150 1238 καὶ
3182 1182 3245 1236 τὸ
3300 1180 3588 1250 παιδάριον
3635 1178 3716 1231 δι-

2128 1279 2460 1351 ελευσόμεθα
2480 1279 2588 1343 ἕως
2604 1274 2729 1345 ὧδε,
2754 1277 2848 1331 καὶ
2872 1276 3350 1345 προσκυνήσαντες
3379 1271 3716 1342 ἀναστρέψο-

2132 1390 2234 1443 μεν
2264 1372 2400 1444 πρὸς
2429 1372 2595 1442 ὑμᾶς.
2633 1369 2838 1423 Ἔλαϐε
2864 1369 2924 1421 δὲ
2966 1368 3036 1421 τὰ
3079 1366 3213 1432 ξύλα
3258 1364 3360 1435 τῆς
3403 1360 3718 1433 όλοκαρπώ-

2130 1483 2288 1530 σεως,
2323 1464 2418 1518 καὶ
2453 1462 2724 1534 ἐπέθηκεν
2765 1460 2951 1515 Ἰσαὰκ
2972 1459 3052 1531 τῷ
3081 1458 3186 1529 υἱῷ
3208 1455 3395 1511 αὑτοῦ.
3430 1454 3631 1509 Ἔλαϐε
3651 1452 3714 1507 δὲ

2132 1557 2271 1626 μετά
2298 1558 2489 1627 χεῖρας
2513 1554 2575 1607 τὸ
2604 1553 2737 1623 πῦρ,
2768 1554 2865 1606 καὶ
2897 1552 2996 1622 τὴν
3023 1551 3301 1621 μάχαιραν
3318 1566 3331 1580 ·
3366 1549 3462 1602 καὶ
3480 1546 3714 1617 ἐπορεύ-

2130 1649 2304 1720 θησαν
2339 1652 2388 1702 οἱ
2418 1648 2512 1703 δύο
2545 1647 2684 1717 ἃμα.
2719 1665 2738 1698 ι
2786 1646 2898 1700 Ka‘t
2934 1644 3053 1715 μεθ’
3079 1643 3279 1715 ἐτερα·
3319 1661 3338 1694 ι
3378 1641 3490 1694 Καὶ
3511 1639 3715 1710 ᾠκοδό-

2131 1758 2305 1812 μησεν
2342 1739 2596 1813 Ἀϐραάμ
2618 1740 2798 1793 ἐκεῖσε
2829 1737 3235 1806 θυσιαστήριον,
3257 1734 3351 1788 καὶ
3374 1732 3612 1802 ἐπέθηκε
3639 1730 3714 1783 τὰ

2130 1835 2280 1900 ξύλα.
2315 1835 2424 1887 Kal.
2469 1832 2808 1902 συμποδίσας
2845 1827 3034 1883 Ἰσαὰκ
3070 1827 3162 1881 τὸν
3211 1826 3326 1878 υἱδν
3373 1823 3563 1888 αὑτοῦ,
3609 1825 3714 1876 ἐπ-

2129 1927 2325 1998 έθηκεν
2354 1925 2515 1979 αὐτὸν
2540 1925 2636 1977 ἐπὶ
2663 1923 2724 1976 τὸ
2754 1921 3140 1991 θυσιαστήριον
3165 1917 3349 1971 ἐπάνω
3377 1915 3485 1970 τῶν
3511 1914 3709 1981 ξύλων.

432 1989 603 2084 super
628 2023 836 2070 struem
860 2015 1154 2086 lignorum.
1192 2017 1261 2070 Et
1291 1989 1541 2075 extendit
1579 2017 1855 2073 Abraham
1901 2036 2021 2075 ma-

2129 1989 2240 2075 Καλ
2264 2018 2531 2083 ἐξέτεινεν
2574 2013 2834 2086 Ἀϐραὰμ
2869 2013 2969 2082 τὴν
3007 1989 3165 2081 χεῖρα
3191 2007 3359 2061 αὑτοῦ
3397 2006 3578 2060 λαϐεῖν
3608 2003 3713 2075 τὴν

432 2122 566 2162 num
595 2122 751 2162 suam
782 2117 843 2162 ut
866 2108 1141 2177 arriperet
1185 2108 1449 2180 gladium.
1496 2120 1561 2164 ut
1611 2110 1921 2168 immolaret
1956 2112 2022 2167 ﬁ-

431 2197 570 2253 lium
636 2215 797 2255 suum
823 2199 890 2253 ²⁶.
917 2220 935 2250 ι
994 2200 1113 2256 Jam
1148 2201 1194 2255 si
1247 2201 1523 2271 quispiam
1560 2217 1629 2256 ex
1665 2202 1827 2257 nobis
1879 2203 2024 2260 hanc

430 2292 669 2347 Abrahae
719 2291 1011 2346 historiam
1060 2291 1119 2345 in
1185 2291 1387 2347 tabella
1436 2292 1676 2362 quadam
1743 2292 2020 2363 depictam

430 2396 662 2436 cernere
690 2381 846 2445 velit,
880 2397 1014 2451 quo,
1045 2398 1254 2453 quasso,
1299 2382 1466 2438 modo
1488 2383 1667 2453 pictor
1700 2383 2025 2455 depingeret

430 2472 621 2526 illum?
645 2471 909 2542 Nunquid
937 2473 1105 2528 simul
1135 2472 1447 2529 delineabit
1490 2473 1788 2529 facientem
1816 2491 1882 2531 ea
1897 2491 2020 2530 om-

430 2562 523 2618 nia
563 2578 684 2632 quse
700 2563 813 2633 jam
835 2562 982 2618 dicta
1007 2570 1166 2629 sunt;
1218 2579 1290 2617 an
1336 2578 1468 2618 vero
1515 2579 1615 2633 per
1644 2572 1832 2633 partes
1858 2566 2024 2620 aliter

429 2659 488 2707 et
512 2653 693 2717 aliter,
727 2653 834 2707 hoc
864 2661 972 2717 est,
1019 2652 1127 2707 alia
1150 2660 1208 2707 et
1238 2653 1345 2707 alia
1366 2652 1545 2708 forma
1567 2654 1826 2709 eumdem
1848 2671 2022 2725 saepe-

429 2758 667 2798 numero
721 2743 1020 2814 depinget?
1059 2743 1311 2814 Exempli
1358 2760 1550 2800 causa:
1600 2746 1764 2801 modo
1796 2747 2021 2818 quidem

428 2830 618 2895 asinae,
667 2847 842 2900 puero
891 2839 1196 2902 assumpto,
1246 2833 1578 2905 famulisque
1622 2838 2016 2906 sequentibus,

428 2920 765 2978 insidentem
790 2940 804 2990 ;
836 2924 1000 2980 modo
1029 2940 1272 2992 rursum,
1293 2927 1450 2982 asina
1482 2943 1610 2983 cum
1631 2928 1853 2986 famulis
1879 2931 2021 2988 infra

428 3017 485 3071 in
511 3017 913 3085 campestribus
945 3018 1176 3083 relictis,
1223 3019 1371 3090 ligna
1421 3020 1573 3076 Isaac
1622 3022 2017 3093 imponentem,

428 3106 795 3177 manibusque
830 3108 1072 3178 gladium
1119 3117 1175 3164 et
1228 3110 1411 3181 ignem
1462 3120 1803 3182 gestantem:
1855 3117 2019 3172 modo

431 3197 653 3253 tandem
679 3200 937 3255 eumdem
961 3203 1119 3256 illum
1142 3202 1422 3257 Abraham
1447 3204 1556 3259 alia
1586 3222 1809 3261 rursum
1841 3208 2017 3278 ﬁgura

427 3291 905 3349 adolescentulum
938 3309 1106 3365 supra
1147 3295 1424 3366 lignorum
1467 3305 1678 3353 struem
1730 3299 2013 3371 ligantem,
2047 3327 2093 3390 ρ

427 3384 717 3456 gladioque
728 3386 1011 3442 dexteram
1031 3386 1102 3442 ad
1120 3388 1469 3443 mactandum
1488 3398 1793 3447 armantem
1813 3394 1836 3445 ἶ)
1857 3394 2015 3463 132

424 3477 593 3547 Atqui
616 3492 727 3532 non
749 3487 868 3533 erat
883 3480 1026 3534 alius
1045 3488 1215 3550 atque
1240 3480 1381 3536 alius
1416 3481 1715 3547 Abraham,
1740 3483 1871 3539 licet
1909 3485 2013 3539 alia

425 3579 483 3624 et
510 3569 615 3624 alia
653 3567 829 3640 efﬁgie
854 3579 911 3625 et
933 3571 1216 3627 schemate
1263 3573 1501 3629 subinde
1548 3585 1863 3644 spectetur;
1917 3575 2015 3631 sed

426 3660 632 3731 ubique
670 3661 840 3727 idem,
861 3662 1093 3731 pictoris
1120 3671 1238 3718 arte
1267 3680 1450 3719 rerum
1481 3667 1674 3722 usibus
1700 3668 1905 3739 ubique
1955 3684 2015 3724 se

425 3751 899 3808 accommodante.
922 3753 1112 3823 Neque
1143 3756 1293 3811 enim
1318 3772 1419 3826 par
1451 3766 1590 3824 erat,
1616 3769 1713 3816 aut
1764 3760 1884 3816 ﬁeri
1909 3776 2013 3832 po-

427 3850 591 3909 terat,
614 3852 675 3898 ut
712 3846 898 3901 omnia
937 3846 1052 3901 haec
1084 3864 1207 3918 qua:
1247 3848 1394 3905 dicta
1450 3859 1598 3917 sunt,
1634 3853 1800 3908 simul
1854 3854 2013 3910 obire

427 3935 832 3992 ostenderetur.
860 3938 991 3992 Erat
1024 3940 1208 4009 itaque
1253 3940 1340 3996 lex
1380 3943 1597 4013 pictura
1622 3944 1895 4014 qumdam,
1950 3961 2015 4001 ac

428 4040 615 4080 rerum
644 4027 786 4098 typis
817 4028 1106 4085 veritatem
1132 4038 1291 4086 utero
1319 4043 1559 4104 gestans.
1598 4033 1861 4099 Quamvis
1879 4049 2012 4105 ergo

428 4131 566 4172 usus
584 4118 904 4187 postulabat
928 4126 989 4174 ut
1030 4120 1141 4175 duo
1181 4121 1318 4177 hirci
1347 4138 1412 4178 ac
1431 4124 1543 4178 duo
1594 4122 1787 4178 itidem
1823 4139 2012 4193 passe-
2056 4158 2061 4191 -,

426 4222 520 4261 res
541 4207 610 4261 ad
632 4209 1055 4279 exprimendum
1078 4212 1285 4274 Christi
1310 4214 1636 4285 mysterium
1666 4215 2010 4270 induceren-

427 4308 540 4364 tur,
562 4316 706 4355 unus
739 4308 918 4358 tamen
944 4303 1001 4366 in
1028 4305 1278 4376 utrisque
1309 4304 1568 4361 Christus
1593 4307 2007 4374 continebatur,

427 4391 560 4447 hinc
580 4394 805 4463 quidem
853 4404 915 4451 ut
952 4397 1196 4467 passioni
1244 4397 1569 4463 obstrictus,
1626 4398 1757 4455 inde
1793 4416 1924 4456 vero
1949 4409 2013 4456 ut

426 4492 582 4539 extra
616 4488 929 4555 passionem
976 4491 1340 4547 constitutus:
1398 4489 1530 4546 hinc
1576 4508 1798 4548 rursum
1845 4491 2014 4549 morti

428 4576 732 4647 subjectus,
759 4580 890 4637 inde
916 4597 1050 4638 vero
1082 4590 1261 4637 morte
1290 4582 1546 4652 superior
1573 4583 1853 4653 coelosque
1873 4597 2011 4638 con-

425 4667 718 4735 scendens,
749 4671 923 4727 veluti
951 4671 1207 4728 secundae
1239 4671 1490 4742 quaedam
1512 4672 1877 4726 humanitatis
1896 4670 2010 4741 pri-

424 4757 599 4814 mitiae
634 4759 704 4814 ad
760 4759 1239 4832 incorruptionem
1283 4762 1624 4817 instauratae.
1685 4762 1821 4816 Nam
1894 4761 2016 4831 ipse

298 4834 315 4849 ί
427 4846 591 4901 nobis
609 4848 757 4903 viam
800 4849 870 4903 ad
892 4851 1140 4907 cmlestia
1193 4850 1500 4917 innovavit,
1545 4858 1758 4906 etcum
1798 4860 2018 4919 tempus

426 4937 556 5002 erit,
582 4938 737 4994 illum
766 4957 1095 5012 sequemur:
1134 4960 1153 4994 ι
1174 4943 1348 5010 Vado,
1384 4943 1589 5013 inquit,
1612 4956 1814 5013 parare
1856 4941 2017 4996 vobis

426 5026 641 5084 locum:
667 5040 726 5087 et
757 5031 959 5087 iterum
985 5032 1223 5099 veniam,
1248 5040 1305 5089 et
1328 5035 1595 5105 accipiam
1638 5047 1739 5087 vos
1781 5032 1851 5087 ad
1894 5047 2015 5085 me-

429 5119 638 5188 ipsum;
662 5129 724 5176 ut
753 5121 847 5177 ubi
874 5136 998 5176 sum
1023 5138 1146 5193 ego,
1178 5133 1236 5178 et
1267 5139 1367 5178 vos
1392 5138 1613 5178 mecum
1647 5121 1769 5177 sitis
1794 5122 1841 5153 "’
1888 5140 1907 5173 ι
1946 5120 2017 5175 Ει

430 5211 574 5267 hanc
597 5229 787 5268 veram
811 5229 965 5284 spem
996 5214 1285 5271 habemus.
1312 5215 1589 5270 Hactenus
1614 5213 1856 5284 lquidem
1888 5228 2013 5283 qua:

430 5301 672 5358 sciebam
695 5304 928 5373 scripsi:
955 5303 1179 5374 pietatis
1208 5319 1343 5360 vero
1402 5312 1512 5360 tum
1564 5304 1735 5360 fuerit
1762 5305 2015 5360 exactius

431 5393 631 5464 scripta
657 5394 763 5449 ista
799 5394 1139 5460 examinare,
1176 5403 1237 5451 ut
1260 5395 1305 5450 si
1337 5395 1472 5465 quid
1515 5396 1717 5451 melius
1761 5395 2015 5452 invenire

432 5485 746 5558 contigerit,
776 5484 833 5539 id
856 5492 913 5539 et
939 5484 1122 5553 nobis,
1152 5495 1209 5542 et
1231 5487 1448 5543 ceteris
1488 5504 1708 5559 quoque
1751 5487 1847 5560 qui
1886 5489 2014 5546 istic

2132 2111 2406 2181 μάχαιραν
2437 2106 2533 2160 τοῦ
2574 2106 2777 2176 σφάξαι
2815 2104 2908 2157 τὸν
2947 2101 3062 2154 υἱὸν
3106 2097 3294 2153 αὑτοῦ.
3358 2115 3376 2148 ι
3417 2092 3544 2167 ’Ἆρ’
3590 2090 3713 2157 οὖν,

2126 2203 2287 2273 εἴπερ
2323 2219 2408 2266 τις
2433 2199 2544 2253 τῶν
2578 2198 2701 2252 καθ’
2730 2198 2878 2268 ἡμᾶς
2924 2192 3276 2261 ἐπεθύμησεν
3307 2188 3434 2241 ἰδεῖν
3469 2201 3714 2253 καταγε-

2126 2292 2455 2365 γραμμένην
2482 2292 2541 2344 ἐν
2571 2290 2763 2343 πίνακι
2787 2287 2886 2357 τὴν
2913 2286 3008 2338 ἐπὶ
3032 2284 3110 2354 τῷ
3152 2280 3404 2353 Ἀϐραὰμ
3444 2278 3710 2349 ἱστορίαν,

2125 2385 2244 2447 πῶς
2278 2384 2344 2438 ἂν
2392 2382 2556 2436 αὐτὸν
2603 2379 2874 2451 ἐχάραξεν
2922 2379 2951 2431 6
2979 2374 3305 2443 ζωγράφοςς
3338 2367 3488 2442 *Αρα
3531 2371 3588 2423 ἐν
3629 2367 3716 2422 ἐνὶ

2126 2478 2304 2532 πάντα
2336 2475 2551 2547 δρῶντα
2582 2474 2650 2527 τὰ
2692 2470 2985 2543 εἰρημένα,
3029 2468 3063 2538 ἢ
3093 2465 3196 2521 ἀνά
3239 2466 3427 2536 μέρος,
3463 2461 3557 2519 καὶ
3588 2461 3713 2513 ἐτε-

2126 2568 2310 2641 ροίως,
2366 2568 2535 2637 ἤγουν
2587 2561 2924 2635 ἐτεροειδῶς,
2978 2554 3307 2625 πλεισταχοῦ
3358 2555 3450 2607 τὸν
3500 2551 3712 2618 αὐτόν;

2125 2653 2250 2712 Οἶόν
2275 2657 2329 2711 τί
2358 2674 2523 2728 φημι,
2554 2655 2685 2708 ποτέ
2719 2654 2817 2723 μὲν
2846 2651 3185 2722 ἐφιζήσαντα
3220 2650 3286 2719 τῇ
3320 2648 3448 2718 ὄνῳ,
3490 2660 3716 2715 συμπα-

2127 2750 2498 2822 ραληφθέντος
2518 2747 2612 2802 τοῦ
2638 2730 2956 2818 παιδαρίου,
2983 2742 3079 2798 καὶ
3112 2741 3395 2811 ἑπομένων
3423 2738 3531 2792 τῶν
3559 2738 3714 2790 οἰκε-

2121 2842 2265 2897 τῶν⁹
2299 2842 2428 2895 ποτὲ
2458 2841 2503 2894 δ’
2534 2836 2600 2895 αὖ
2633 2839 2797 2893 πάλιν
2850 2835 3225 2907 ἀπομεινάσης
3269 2831 3370 2901 τῆς
3402 2831 3526 2884 ὄνου
3557 2830 3714 2883 κάτω

2121 2938 2235 2998 τοῖς
2269 2934 2510 2998 οἰκέταις
2538 2932 2698 3004 ὁμοῦ,
2733 2928 3216 2999 καταφορτίσαντα
3263 2925 3362 2996 μὲν
3390 2926 3505 2986 τοῖς
3531 2921 3711 2987 ξύλοις,

2122 3026 2214 3082 τὸν
2262 3026 2472 3091 Ἰσαὰκ,
2496 3026 2689 3095 έχοντα
2715 3024 2774 3076 δὲ
2808 3021 2946 3093 μετά
2969 3021 3162 3092 χεῖρας
3184 3015 3284 3088 τὴν
3312 3017 3589 3087 μάχαιραν
3612 3016 3714 3069 καὶ

2122 3118 2182 3169 τὸ
2203 3116 2313 3189 πῦρ
2334 3133 2345 3145 ·
2374 3116 2590 3185 καὶμὴν
2613 3112 2712 3167 xa‘t
2739 3111 2968 3181 ἑτέρωθι
2997 3110 3089 3162 τὸν
3122 3109 3284 3162 αὑτὸν
3308 3110 3365 3160 ἐν
3392 3106 3520 3159 εἴδει
3546 3106 3712 3161 πάλιν

2123 3211 2298 3281 ἑτέρῳ
2341 3206 2753 3276 συμποδίσαντα
2786 3203 2883 3273 μὲν
2916 3200 2979 3255 τὸ
3012 3199 3300 3271 μειράκιον
3327 3198 3423 3252 ἐπὶ
3448 3197 3519 3253 τὰ
3552 3197 3710 3263 ξύλα,

2121 3302 2423 3356 ὁπλίσαντα
2471 3299 2528 3354 δὲ
2572 3301 2638 3370 τῇ
2678 3296 2923 3368 μαχαίρᾳ
2955 3300 3053 3365 τὴν
3085 3294 3286 3360 δεξιὰν,
3323 3294 3413 3347 ἵνα
3453 3291 3710 3363 ἐπαγάγῃ

2121 3396 2222 3466 τὴν
2237 3395 2456 3466 σφαγήν
2473 3410 2486 3459 ;
2520 3391 2660 3446 Ἀλλ’
2676 3388 2745 3463 ἦν
2761 3391 2859 3461 οὐχ
2884 3390 3092 3460 ἕτερος,
3108 3388 3204 3440 καὶ
3218 3387 3304 3439 Et:
3315 3404 3407 3457 ρος
3434 3384 3710 3457 Ἀϐραὰμ,

2123 3484 2449 3557 πλεισταχοῦ
2487 3485 2587 3554 τῆς
2633 3483 2857 3555 γραφῆς
2889 3479 3168 3551 ὁρώμενος
3218 3477 3474 3549 ἐτεροίως
3494 3495 3508 3508 ·
3540 3477 3655 3530 ἀλλ’
3681 3479 3712 3530 6

2123 3578 2285 3641 αὐτὸς
2305 3573 2601 3645 πανταχοῦ,
2615 3576 2737 3637 ταῖς
2752 3571 2860 3626 τῶν
2879 3570 3221 3641 πραγμάτων
3235 3567 3446 3638 χρείαις
3468 3565 3716 3634 συγκαθ-

2126 3669 2422 3740 ισταμένης
2467 3666 2555 3720 ἀεὶ
2585 3667 2683 3737 τῆς
2731 3662 2826 3716 τοῦ
2869 3661 3179 3732 γράφοντος
3216 3659 3441 3729 τέχνης.
3493 3658 3569 3712 Οὐ
3597 3657 3712 3728 γὰρ

2119 3760 2188 3834 ἦν
2217 3761 2384 3825 εἰκὸς,
2426 3761 2597 3831 ἦγουν
2632 3767 2655 3795 ι
2687 3755 2798 3809 τῶν
2842 3752 3229 3825 ἐνδεχομένων,
3262 3753 3319 3806 ἐν
3358 3752 3442 3805 ἐνὶ
3469 3752 3714 3804 κατιδεῖν

2122 3852 2283 3908 αὑτὸν
2309 3852 2489 3906 πάντα
2511 3848 2726 3921 δρῶντα
2752 3847 2821 3901 τὰ
2852 3845 3141 3916 εἰρημένα.
3190 3841 3382 3913 Γραφὴ
3417 3839 3713 3911 τοιγαροῦν

2121 3947 2150 3998 6
2194 3945 2359 4014 νόμος
2387 3938 2476 4012 ἦν,
2509 3943 2606 3995 καὶ
2638 3939 2798 3992 τύποι
2839 3936 3186 4008 πραγμάτων
3215 3947 3264 4000 ι,
3298 3933 3584 3996 ὼδίνοντες
3606 3931 3713 4004 τὴν

2122 4038 2400 4109 ἀλήθειαν.
2433 4035 2600 4087 ’Ὥστε
2634 4032 2739 4087 κᾶν
2766 4033 2818 4084 εἰ
2843 4030 2938 4084 δύο
2962 4030 2992 4071 ιι
3033 4030 3309 4101 χιμάρους
3334 4026 3714 4096 παρεκόμισεν

2122 4131 2157 4199 ἢ
2187 4126 2345 4198 χρεία
2372 4123 2511 4196 πρὸς
2552 4120 2872 4194 παράδειξιν
2905 4118 3002 4172 τοῦ
3039 4118 3179 4172 κατὰ
3227 4116 3460 4186 Χριστὸν
3498 4131 3710 4185 μυστη-

2065 4203 2070 4220 ²
2125 4218 2259 4289 ρίου,
2290 4216 2391 4271 κᾶν
2409 4218 2458 4269 εἰ
2474 4212 2869 4285 δυάςὸρνιθίων
2889 4206 2979 4282 ἦν,
3000 4209 3118 4263 ἀλλ’
3144 4203 3227 4273 εἷς
3249 4204 3317 4279 ἧν
3344 4209 3374 4260 6
3395 4208 3453 4259 ἐν
3480 4206 3707 4276 ἀμφοῖν,

2121 4312 2215 4365 καὶ
2243 4310 2320 4373 ὡς
2358 4311 2417 4363 ἐν
2447 4306 2634 4371 πάθει,
2680 4305 2777 4359 καὶ
2819 4303 2925 4368 ἔξω
2956 4302 3185 4365 πάθους,
3230 4301 3325 4355 καὶ
3364 4301 3421 4352 ἐν
3465 4297 3705 4368 θανάτῳ,

2120 4401 2214 4457 καὶ
2263 4400 2406 4472 ὑπὲρ
2456 4398 2725 4461 θάνατον,
2770 4397 2865 4450 καὶ
2908 4394 3220 4449 ἀναϐαίνων
3288 4393 3370 4454 εἰς
3419 4389 3704 4460 οὐρανοὺς,

2120 4494 2341 4565 ἀπαρχὴ
2370 4509 2455 4556 τις
2493 4490 2683 4561 ὥσπερ
2712 4488 2940 4560 δευτέρα
2985 4487 3088 4557 τῆς
3118 4484 3538 4557 ἁνθρωπότητος
3575 4482 3709 4535 ἀνα-

2119 4586 2419 4656 νεωθείσης
2441 4585 2521 4646 είς
2543 4581 2875 4653 ἀφθαρσίαν.
2900 4579 3073 4642 Αὐτὸς
3095 4577 3205 4648 γὰρ
3233 4578 3364 4647 ἡμῖν
3394 4573 3707 4629 ἀνεκαίνισε

2052 4688 2096 4742 ι)
2123 4674 2222 4743 τὴν
2266 4674 2345 4735 εἰς
2386 4670 2457 4723 τά
2495 4671 2608 4725 ἀνω
2650 4669 2860 4740 τρίϐον,
2897 4670 2993 4722 καὶ¹
3026 4666 3270 4739 ἑψόμεθα
3309 4665 3453 4719 κατὰ
3483 4665 3709 4735 καιροὺς

2115 4762 2298 4833 αὐτῷ·
2333 4781 2353 4815 ι
2395 4760 2746 4832 Πορεύσομαι
2769 4771 2792 4801 ο
2829 4760 2957 4832 γὰρ,
3000 4761 3186 4832 φησιν,
3215 4759 3507 4829 ἑτοιμάσαι
3540 4757 3710 4810 τόπον

2116 4854 2270 4924 ὑμῖν,
2309 4851 2407 4906 καὶ
2458 4851 2622 4907 πάλιν
2670 4851 2926 4923 ἔρχομαι,
2978 4852 3075 4905 καὶ
3113 4850 3514 4922 παραλήψομαι
3560 4848 3708 4917 ὑμᾶς

2119 4942 2236 5013 μετ’
2279 4940 2555 5012 ἐμαυτοῦ,
2604 4942 2690 4994 ἵνα
2725 4942 2862 4995 ὅπου
2892 4943 3010 5012 εἰμὶ
3062 4940 3196 5010 ἐγὼ,
3233 4941 3329 4995 καὶ
3376 4941 3535 5010 ὑμεῖς
3583 4937 3703 5007 μετ’

2117 5031 2252 5103 ἐμοῦ
2281 5028 2404 5104 ἦτε.
2447 5050 2466 5082 ι
2527 5030 2747 5096 Ταύτας
2795 5031 2994 5103 ἔχομεν
3036 5030 3134 5095 τὰς
3181 5031 3402 5101 ἀληθεῖς
3457 5028 3705 5091 ἐλπίδας.

2128 5124 2269 5193 Ἐγὼ
2301 5124 2399 5195 μὲν
2433 5118 2527 5178 οὖν
2555 5124 2698 5194 άπερ
2728 5123 2876 5195 ᾔδειν
2904 5114 3180 5194 γέγραφα,
3214 5123 3316 5192 τῆς
3360 5121 3416 5175 δέ
3447 5120 3548 5190 σῆς
3584 5119 3709 5173 θεοσ-

2119 5216 2336 5279 σεϐείας
2388 5216 2537 5270 ἐστὶν
2571 5214 2974 5287 ἀκριϐεστέραν
3011 5215 3124 5278 τοῖς
3160 5213 3570 5285 γεγραμμένοις
3609 5211 3682 5263 ἐπ

2115 5310 2361 5376 ἐνεγκεῖν
2382 5307 2481 5378 τὴν
2501 5304 2752 5377 βάσανον,
2768 5306 2855 5360 ἵνα
2880 5306 3039 5377 εἴπερ
3068 5322 3121 5358 τι
3143 5305 3253 5359 τῶν
3277 5305 3579 5376 ἀμεινόνων
3615 5304 3710 5355 εὑ-

2121 5400 2344 5470 ρεθῆναι
2364 5416 2426 5451 συ
2436 5399 2567 5470 μϐῇ,
2588 5400 2736 5469 ἡμᾶς
2760 5415 2819 5451 τε
2847 5397 2937 5450 καὶ
2959 5398 3086 5461 τοὺς
3109 5397 3297 5452 αὐτόθι
3313 5398 3476 5460 λαοὺς
3494 5395 3702 5465 ὠφελῇ.

2116 5491 2351 5563 Χριστὸς
2378 5490 2487 5560 γάρ
2524 5492 2674 5543 ἐστιν
2707 5491 2735 5543 6
2763 5488 3166 5544 ἀποκαλύπτων
3212 5487 3382 5560 βαθέα
3437 5487 3535 5542 καὶ
3570 5485 3707 5540 ἀπό-

504 5641 549 5672 ιι
580 5639 717 5696 Gen.
753 5655 883 5708 xm,
913 5640 1023 5697 ι-ο.
1102 5643 1148 5676 ιε
1177 5644 1311 5700 ibid.
1339 5646 1394 5710 9,
1426 5646 1509 5701 ιο.
1587 5613 2116 5715 "Joan.mv,2,5.

1532 5800 1705 5856 Varia:
1728 5801 1995 5857 lectiones
2017 5801 2226 5857 codicis
2258 5800 2622 5872 Seguicriaui.

516 5948 600 6021 κῆ
641 5952 792 6023 γοῦνο
885 5956 1301 6030 ιγραμμάτωνο
1396 5955 1559 6012 “'50-

1677 5966 1699 5995 ο
1742 5955 2066 6026 πορεύομαι.
