4048 6456
282 485 364 541 Sil
1645 484 1984 542 EPISTOLA
2020 484 2204 540 XLIII.
3031 497 3036 501 ‘
3455 488 3562 544 229.

291 618 479 672 κρυφα,
513 600 620 653 καὶ
648 598 867 652 σύνεσιν
891 599 1153 670 καρδίαις
1177 600 1205 641 (ι
1235 601 1416 665 ἐνιείς.
1457 603 1544 656 Ἐν
1577 603 1725 675 αὑτῷ
1742 605 1874 675 γὰρ,

1982 611 2130 668 sunt,
2163 602 2354 673 prosit.
2405 603 2658 659 Christus
2684 603 2831 660 enim
2867 613 2952 660 est
2983 605 3076 676 qui
3115 613 3171 662 et
3197 606 3470 676 promnda
3500 617 3560 665 et

291 695 362 748 καὶ
385 691 523 761 παρ’
554 689 732 744 αὑτοῦ
763 689 974 752 πάντες
1005 692 1147 745 εἰσὶν
1177 691 1226 744 οἱ
1256 691 1521 764 θησαυροὶ
1553 695 1654 764 τῆς
1681 696 1877 764 σοφίας

1989 695 2306 750 abscondita
2334 697 2560 762 revelat,
2583 697 3067 768 etintelligcntiam
3099 699 3250 753 cordi
3275 700 3468 754 inserit
3489 698 3557 756 ’⁸.

282 785 360 836 καὶ
387 780 660 846 γνώσεως
690 780 1032 849 ἀπόκρυφοι.
1067 782 1148 833 Δι’
1188 780 1350 833 αὑτοῦ
1394 799 1455 834 τε
1483 784 1575 836 καὶ
1602 785 1698 838 σὺν
1731 785 1878 856 αὐτῷ

1987 787 2046 841 In
2070 787 2187 856 ipso
2211 804 2446 858 namque
2466 789 2612 844 etab
2648 790 2765 859 ipso
2787 805 2977 846 omnes
3017 798 3143 847 sunt
3193 791 3433 846 thesauri
3468 806 3557 845 sa-

274 872 341 941 τῷ
366 871 492 940 Θεῷ
517 871 619 923 καὶ
653 871 774 922 Πατ
787 871 840 940 ρὶ
875 871 1028 936 δόξα,
1064 871 1160 924 καὶ
1184 872 1384 943 κράτος
1411 874 1506 926 σὺν
1542 874 1679 946 ἁγίῳ
1702 875 1877 928 Πνεύ-

1982 877 2208 946 pientiae
2239 887 2294 933 et
2315 879 2558 934 scientia:
2583 880 2890 935 absconditi
2912 883 2978 934 ’⁸.
3004 882 3110 936 Per
3133 881 3313 950 ipsum
3336 889 3393 934 et
3417 896 3545 935 cum

273 980 399 1033 ματι
421 964 506 1027 εἰς
523 964 660 1025 τοὺς
684 963 897 1026 αίῶνας
920 962 1032 1016 τῶν
1058 963 1294 1020 αίὼνων.
1333 967 1529 1036 Ἀμήν.

1983 967 2105 1038 ipso
2128 969 2201 1024 sit
2226 972 2338 1026 Deo
2356 987 2420 1026 ac
2443 971 2590 1026 Patri
2616 979 2671 1025 et
2695 981 2883 1031 saneto
2914 971 3146 1040 Spiritui
3173 970 3346 1042 gloria
3367 978 3424 1026 et
3448 971 3556 1026 im-

1982 1061 2203 1128 perium
2230 1062 2287 1116 in
2311 1063 2509 1118 saecula
2547 1063 2894 1118 saeculorum.
2935 1065 3128 1118 Amen.

1598 1331 1674 1402 (ι)
1707 1333 2046 1389 EPISTOLA
2085 1333 2244 1390 XLII.

1303 1458 1368 1496 λι)
1393 1458 1569 1497 nurum
1600 1444 1674 1515 (2)
1706 1459 2229 1498 TIIESSALONICENSEM
2259 1459 2567 1500 EPISCOPUM.

1097 1557 1263 1612 Illum
1295 1558 1358 1611 de
1393 1576 1522 1629 pace
1559 1576 1675 1613 cum
1709 1559 2068 1615 Orientalibus
2106 1563 2241 1614 inita
2279 1563 2551 1615 certiorem
2603 1561 2748 1631 facit.

345 1699 672 1754 Ἀκόλουθον
701 1697 930 1752 ἅπαντα
958 1696 1027 1750 τὰ
1051 1699 1174 1761 ταῖς
1208 1698 1560 1769 Ἐκκλησίαις
1587 1704 1748 1775 χρήσι
1757 1722 1851 1775 μα,
1885 1702 1892 1760 1

2030 1699 2482 1756 Consentaneum
2513 1709 2598 1756 est
2623 1710 2706 1765 ut,
2747 1700 3017 1772 quidquid
3055 1702 3422 1759 Eeclesmrum
3467 1704 3560 1760 in-

266 1795 356 1845 καὶ
404 1792 475 1845 τὰ
528 1787 932 1844 ἀνακύπτοντα
963 1789 1089 1841 καθ’
1124 1790 1364 1860 ἡμέραν,
1399 1791 1474 1856 ὡς
1508 1793 1639 1858 ἔπος
1666 1797 1864 1864 είπεῖν,

262 1881 691 1938 ἀνακοινοῦσθαι
725 1884 793 1951 τῇ
826 1882 893 1950 σῇ
924 1879 1188 1948 ὁσιότητι,
1226 1881 1312 1934 ἵνα
1345 1882 1420 1953 μὴ
1447 1882 1634 1954 θρῦλοί
1666 1897 1688 1925 θ
1720 1904 1869 1950 τινες

262 1976 433 2044 ἐτερα
461 1975 582 2027 ἀνθ’
633 1973 844 2043 ἐτέρων
887 1971 1142 2038 λέγοντες
1177 1972 1576 2042 ἐκταράσσουσι
1606 1977 1734 2041 τοὺς
1765 1979 1866 2032 αὐο

277 2068 398 2120 τόθι
433 2065 890 2127 θεοσεόεστὰτους
940 2063 1297 2129 ἐπισκόπους.
1341 2067 1658 2137 Γεγράφασι
1689 2072 1867 2126 τοίνυν

290 2160 341 2212 οἱ
366 2163 434 2212 ἐκ
456 2160 559 2228 τῆς
599 2157 877 2228 ’Δνατολῆς
913 2157 1012 2229 τὴν
1046 2159 1331 2212 κοινωνίαν
1364 2159 1722 2226 ἀπαιτοῦντες
1750 2162 1866 2235 [καὶ

292 2249 480 2302 πίστιν
512 2249 716 2302 ἑαυτῶν
737 2249 940 2320 ἐναργῆ
973 2249 1339 2314 καθιστῶντες
1384 2248 1453 2322 ίῙ,
1484 2251 1579 2306 καὶ
1617 2252 1867 2322 λέγοντες

284 2340 537 2411 ἐναργῶς
575 2342 662 2393 καί
701 2340 964 2395 Θεοτόκον
987 2343 1087 2411 τὴν
1127 2341 1290 2410 ἁγίαν
1321 2343 1620 2414 Παρθένον,
1650 2347 1743 2400 καὶ
1785 2349 1866 2400 ὅτι

279 2428 359 2495 εἷς
385 2434 536 2483 ἐστιν
560 2433 588 2484 ὁ
619 2431 742 2494 Υἱὸς
773 2432 871 2485 τοῦ
921 2432 1056 2485 Θεοῦ
1096 2435 1124 2486 ὁ
1158 2431 1362 2504 Κύριος
1406 2435 1562 2504 ἡμῶν
1602 2437 1804 2506 Ἰησοῦς
1837 2441 1866 2492 ὁ

277 2520 524 2592 Χριστὸς,
557 2521 649 2573 καὶ
684 2521 792 2590 πρὸ
821 2521 1026 2584 παντὸς
1056 2522 1250 2586 αἰῶνος
1279 2525 1346 2577 ἐκ
1376 2525 1590 2596 Πατρὸς
1617 2528 1864 2598 ἀπορῤήο

271 2629 373 2673 τως
406 2611 842 2682 γεγεννημένος,
890 2613 987 2666 καὶ
1035 2614 1093 2664 ἐν
1125 2613 1454 2678 τελευταίοις
1491 2618 1520 2670 ὁ
1561 2616 1721 2680 αὐτὸς
1767 2618 1866 2671 ἄν·

265 2702 482 2771 θρωπος
530 2702 600 2752 ἐκ
651 2700 958 2767 γυναικός·
1001 2703 1098 2754 καί¹
1136 2703 1219 2755 ὅτι
1263 2703 1321 2756 ἒν
1351 2704 1515 2757 αὐτοῦ
1548 2705 1862 2776 πρόσωπον,

262 2795 355 2846 καὶ
378 2793 442 2845 οὐ
475 2791 598 2846 δύο.
645 2787 786 2845 Εἶτα
813 2793 1224 2858 ὑποκατιόντες,
1249 2793 1434 2866 ἕτερον
1473 2796 1864 2866 προστιθέασιν

258 2883 286 2935 δ
312 2900 467 2946 τινας
500 2882 750 2952 ἐτάραξε
786 2881 896 2935 τῶν
927 2883 988 2934 οὑ
1020 2883 1224 2952 σφόδρα
1252 2884 1492 2937 συνιέναι
1519 2885 1860 2956 δυναμένων,

260 2976 352 3030 καὶ
397 2974 787 3044 ἐνομίσθησαν
815 2975 877 3027 οὐ
920 2975 1097 3044 πάντη
1130 2976 1156 3016 κ
1183 2975 1292 3028 τῶν
1337 2977 1636 3048 Νεστορίου
1687 2979 1858 3032 καθα-

263 3066 443 3138 ρεύειν
478 3063 793 3136 φλυαριῶν.
825 3062 1014 3119 Ταῦτά
1047 3081 1136 3135 μοι
1162 3065 1439 3137 γέγραφεν
1465 3070 1492 3121 ὁ
1519 3044 1711 3140 κύριός
1755 3089 1856 3142 μου
1885 3044 1926 3100 C

260 3163 288 3212 ὁ
311 3158 752 3220 θεοσεϐέστατος
782 3157 1085 3221 ἐπίσκοπος
1113 3159 1366 3223 ’Λκάκιος
1395 3159 1498 3230 τῆς
1527 3161 1858 3236 Μελιτηνῆς.

262 3250 371 3302 Καὶ
401 3243 473 3317 ἦν
492 3249 807 3316 ἀναγκαῖον
832 3249 1119 3318 ἐπιστολὴν
1144 3251 1397 3322 σωθῆναι
1427 3253 1456 3293 h
1495 3255 1860 3327 μακροτέραν,

262 3339 356 3391 καὶ
379 3337 786 3409 δωρμηνεῦσαι
811 3338 912 3403 τὰς
953 3340 1136 3408 φωνὰς
1165 3341 1271 3395 τῶν
1308 3345 1372 3396 ἐκ
1407 3346 1507 3414 τῆς
1548 3345 1860 3418 Ἀνατολῆς,

261 3430 346 3497 ἐφ’
387 3425 480 3492 αἷς
519 3428 1029 3500 ἐσκανδαλίσθησαν
1072 3449 1234 3497 τινες.
1290 3433 1565 3504 Πέπομιρα
1590 3437 1770 3492 τοίνυν
1801 3438 1864 3491 τὸ

263 3521 508 3591 [σοντῆς
542 3520 856 3591 ἐπιστολῆς,
908 3522 996 3574 ἵνα
1037 3521 1139 3576 κᾶν
1172 3524 1226 3576 εί
1253 3541 1395 3588 τινες
1439 3525 1548 3580 τῶν
1577 3528 1764 3581 αὐτόθι
1793 3528 1860 3582 τὰ

262 3611 357 3664 tua.
388 3609 663 3674 παθόντες
703 3609 1002 3685 εὑρεθεῖεν,
1047 3609 1221 3680 ἔχοιεν
1270 3612 1635 3680 ἐγκύπτοντες
1662 3615 1860 3668 εἰδέναι

257 3705 324 3758 τὸ
345 3703 575 3775 ἀληθές.
608 3699 744 3756 Οἶδα
769 3703 826 3756 δέ
859 3703 956 3757 καὶ
981 3702 1140 3756 τοῦτο
1168 3705 1398 3776 ποιήσας
1433 3705 1726 3776 περιττῶς,
1756 3707 1858 3773 ἀρ-

260 3792 472 3864 κούσης
504 3791 660 3857 ἅπαξ
684 3795 785 3864 τῆς
809 3792 910 3862 σῆς
941 3791 1279 3864 τελειότητος
1317 3795 1453 3866 πρὸς
1483 3795 1543 3848 τὸ
1573 3796 1750 3850 πάντα
1770 3795 1861 3849 δύ-

255 3886 461 3938 νασθαι
489 3883 844 3954 διατρανοῦν,
885 3883 983 3936 καὶ
1005 3885 1118 3947 τοῖς
1159 3884 1401 3956 ἀμαθείᾳ
1427 3887 1864 3957 κεκρατημένοις

255 3977 320 4028 τὸ
361 3975 468 4045 τῆς
516 3974 751 4045 ἐνούσης
787 3975 926 4046 αὐτῇ
982 3976 998 4015 i
1042 3975 1311 4042 συνέσεως
1340 3975 1533 4046 ὄφελος
1559 3976 1862 4047 ἐνεργάσα-

256 4067 409 4122 σθαι.

1974 1798 2166 1855 tcrest,
2203 1800 2258 1846 et
2291 1793 2347 1846 in
2373 1791 2519 1845 diem
2549 1792 2799 1862 emergit,
2834 1800 2894 1846 ut
2923 1792 3033 1846 dici
3057 1793 3218 1857 solet,
3242 1802 3434 1849 notum
3462 1799 3557 1851 ﬂat

1969 1884 2248 1938 sanctitati
2278 1892 2404 1947 tute,
2427 1901 2496 1938 ne
2522 1900 2853 1940 susurrones
2879 1885 3104 1955 quidam
3131 1885 3279 1940 aliud
3308 1902 3409 1956 pro
3447 1887 3556 1941 alio

1967 1973 2288 2044 loquentes,
2337 1975 2781 2046 religiosissimos
2826 1976 2951 2032 istic
3001 1977 3292 2046 episcopos
3323 1988 3552 2033 contur-

1968 2066 2123 2120 bent.
2164 2066 2516 2136 Scripserunt
2555 2067 2740 2136 itaque
2774 2067 3084 2123 Orientales
3109 2069 3553 2124 communionem

1966 2163 2244 2223 petentes,
2279 2162 2336 2208 et
2383 2156 2542 2209 tidem
2595 2171 2752 2210 suam
2803 2157 3153 2226 perspicuam
3183 2166 3551 2227 exponentes,

1966 2243 2324 2314 dicentcsque
2347 2253 2534 2314 aperte
2559 2254 2616 2300 et
2649 2246 2932 2316 deiparam
2957 2263 3080 2303 esse
3103 2255 3347 2303 sanctam
3372 2249 3552 2319 Virgi-

1965 2352 2113 2400 nem,
2143 2345 2198 2391 et
2224 2353 2390 2391 unum
2418 2338 2616 2391 Filium
2645 2339 2741 2392 Dei
2770 2339 3062 2393 Dominum
3093 2347 3342 2393 nostrum
3363 2339 3552 2394 Iesum

1964 2426 2269 2492 Christum,
2301 2429 2396 2497 qui
2421 2435 2477 2482 et
2504 2438 2631 2484 ante
2657 2437 2819 2484 omne
2855 2444 3032 2483 aevum
3069 2430 3138 2484 de
3169 2431 3328 2485 Patre
3354 2430 3552 2488 ineﬂ‘a-

1965 2516 2152 2572 biliter
2178 2517 2345 2573 fuerit
2370 2519 2608 2589 genitus,
2636 2529 2693 2574 et
2721 2521 3016 2590 postremis
3037 2521 3379 2591 temporibus
3405 2522 3548 2576 idem

1965 2608 2132 2662 homo
2161 2625 2228 2663 ex
2271 2610 2504 2664 muliere
2534 2611 2842 2676 exstiterit;
2887 2627 3164 2679 unamque
3202 2627 3322 2666 esse
3355 2627 3552 2680 perso-

1965 2716 2088 2754 nam
2120 2701 2262 2770 ejus,
2286 2716 2395 2754 non
2417 2701 2575 2755 duas.
2607 2701 2815 2756 Deinde
2840 2711 3076 2772 pergunt
3108 2703 3316 2772 aliquid
3343 2702 3551 2768 dicere,

1964 2793 2110 2863 quod
2141 2793 2436 2848 nonnullos
2470 2793 2712 2848 turbavit
2743 2809 2940 2848 eorum
2981 2793 3074 2864 qui
3103 2795 3320 2848 acutius
3343 2795 3552 2849 intelli-

1963 2899 2093 2952 gere
2143 2893 2447 2953 nequeunt,
2496 2884 2572 2938 ita
2614 2892 2676 2938 ut
2718 2884 3159 2940 existimaverint
3201 2884 3348 2938 haud
3389 2885 3550 2954 plane

1964 2974 2089 3029 illos
2118 2975 2358 3029 Nestorii
2389 2976 2549 3046 nugis
2572 2990 2692 3030 esse
2731 2976 3023 3030 immunes.
3050 2975 3174 3030 Haec
3205 2974 3273 3028 ad
3299 2990 3384 3029 me
3412 2975 3548 3030 scri-

1963 3065 2072 3134 psit
2124 3064 2576 3136 religiosissimus
2617 3066 2915 3136 episcOpus
2962 3065 3246 3121 Melitenes
3295 3066 3549 3120 Aeacius.

1961 3155 2214 3214 Profecto
2239 3173 2383 3229 opus
2405 3157 2604 3214 fuisset
2633 3157 2920 3228 epistolam
2961 3175 2991 3212 a
3026 3174 3114 3212 me
3145 3156 3398 3227 componi
3425 3156 3549 3212 lou-

1961 3251 2192 3320 giorem,
2221 3258 2278 3305 et
2317 3250 2684 3305 Orientalium
2720 3249 2986 3304 vocabula
3008 3248 3309 3312 enucleari,
3335 3263 3402 3302 cx
3424 3248 3549 3318 qui-

1963 3338 2068 3392 bus
2096 3339 2349 3392 nonnulli
2377 3339 2694 3394 scandalum
2740 3338 2881 3408 passi
2913 3345 3061 3391 sunt.
3091 3337 3212 3391 Misi
3254 3336 3424 3406 igitur
3463 3337 3550 3406 ip~

1963 3430 2079 3484 sius
2121 3431 2369 3499 cpistola:
2405 3430 2703 3499 exemplar,
2740 3437 2801 3483 ut
2840 3429 2885 3483 si
2925 3429 3019 3498 qui
3062 3428 3201 3482 forte
3243 3428 3367 3482 istic
3409 3427 3551 3482 hanc

1965 3520 2282 3589 opinionem
2306 3521 2669 3590 susceperint,
2694 3536 2758 3574 ea
2783 3519 3048 3588 inspecta,
3069 3517 3360 3572 veritatem
3384 3532 3551 3586 agno-

1965 3619 2136 3667 scant.
2162 3612 2482 3682 Quanquam
2516 3611 2570 3665 id
2608 3625 2826 3680 quoque
2870 3624 2956 3663 me
2997 3622 3338 3678 supervacue
3365 3607 3548 3663 facere

1965 3701 2173 3765 sentio,
2240 3718 2364 3756 cum
2415 3710 2508 3756 tua
2569 3701 2831 3756 sanctitas
2877 3699 2946 3754 ad
2991 3699 3174 3753 omnia
3219 3697 3545 3753 declaranda

1967 3809 2192 3863 prorsus
2236 3792 2493 3857 sutliciat,
2539 3801 2595 3847 et
2641 3791 2709 3846 ad
2757 3791 3040 3861 sapientia:
3087 3804 3200 3844 sua:
3253 3787 3548 3843 utilitatem

1967 3884 2354 3955 ignorantibus
2385 3883 2826 3954 impertiendam.

1644 4312 1980 4370 EPISTOLA
2017 4314 2204 4368 XLIII.

1691 4471 1753 4508 AD
1785 4468 1999 4508 suubau
2030 4451 2130 4526 (5).

253 4592 388 4648 Cum
438 4589 708 4644 Iucrcticis
756 4589 1118 4658 paenitentibus
1159 4588 1334 4643 mitius
1371 4584 1652 4656 agendum.
1688 4584 1866 4638 Libros
1900 4600 2031 4665 snas.
2072 4582 2146 4634 De
2191 4581 2556 4634 incarnatione
2598 4587 2646 4632 et
2693 4587 2876 4632 contra
2916 4574 3148 4632 Nestorii
3194 4572 3546 4647 blasphemia:

1741 4663 2072 4708 transmittit.

325 4802 432 4855 Διὰ
463 4801 570 4869 τὴν
594 4797 706 4850 τῶν
740 4797 1078 4869 Ἐκκλησιῶν
1105 4799 1349 4869 εἰρήνην,
1377 4797 1471 4850 καὶ
1501 4797 1562 4848 τὸ
1594 4796 1670 4867 μὴ
1701 4795 1864 4866 ἀλλή-

2041 4793 2274 4861 Propter
2301 4790 2670 4846 Ecclesiarum
2695 4803 2905 4858 pacem,
2933 4795 2990 4842 et
3013 4802 3082 4843 ne
3109 4787 3192 4842 hae
3219 4786 3450 4840 invicem
3477 4783 3548 4838 ob
3621 4867 3624 4870 ἢ

257 4891 361 4944 λων
391 4889 579 4952 αὑτὰς
611 4886 1074 4954 ἁπονοσφίζεσθαι
1109 4888 1244 4958 πρὸς
1268 4887 1555 4956 διχονοίας,
1587 4887 1643 4939 αἱ
1677 4896 1690 4934 ι
1729 4901 1862 4954 συγ-

327 5031 377 5065 ”
402 5029 613 5086 Matth.
643 5044 718 5095 χι,
756 5027 940 5082 25-27.
1020 5029 1064 5060 ³³
1089 5027 1300 5084 Coloss.
1326 5045 1386 5093 ll,
1426 5028 1479 5081 5.

1968 4886 2293 4956 opinionum
2321 4885 2630 4940 dissensum
2661 4892 3009 4954 separentur,
3035 4899 3148 4939 non
3173 4890 3303 4939 sunt
3327 4881 3550 4937 inutiles

1689 5161 1862 5217 Variae
1891 5161 2178 5218 lectiones.

327 5282 356 5322 εἰ
390 5280 651 5352 καρδίας.
708 5290 730 5317 ο
754 5275 938 5333 Ottob.
967 5277 1205 5350 θρύλλοι.
1255 5277 1618 5334 ίιιεεοιίοευηι
1647 5277 1700 5330 in
1719 5274 1782 5332 Ο.
1826 5279 1851 5318 ε
1869 5279 1892 5332 (

1965 5277 2146 5332 τάντα.
2188 5275 2214 5313 h
2243 5278 2304 5331 0.
2336 5275 2624 5330 συνθεῖναι.
2681 5276 2694 5314 ί
2722 5275 2844 5329 Vat.
2874 5269 3060 5337 αὐτῆς.
3112 5267 3212 5319 10.
3244 5264 3332 5316 καὶ
3351 5277 3448 5332 pro
3465 5261 3542 5314 αι.

1812 5408 2041 5464 NOTAE.

332 5526 416 5597 (l)
450 5525 612 5580 Ilanc
627 5521 917 5590 epistolam
938 5537 1062 5576 cum
1086 5521 1335 5591 sequenti
1359 5521 1532 5576 edidit
1553 5519 1702 5575 card.
1723 5519 1862 5643 Aug.

332 5600 368 5643 ιὶ
403 5597 460 5643 in
515 5591 839 5643 Bibliotheca
872 5608 1007 5643 nova
1047 5591 1290 5643 Patrum.
1327 5601 1364 5643 t.
1401 5591 1467 5643 Il.
1498 5607 1550 5643 n.
1583 5590 1704 5643 I05.
1740 5589 1803 5640 10
1847 5629 1860 5643 .

261 5589 368 5654 Μέί
399 5589 461 5649 In
514 5589 839 5648 Bibliotheca
872 5608 1007 5645 nova
1047 5589 1290 5655 Patrum,
1327 5601 1364 5646 t.
1401 5591 1467 5653 Il,
1498 5607 1550 5660 p.
1583 5590 1718 5660 I03,
1740 5589 1860 5660 106,

261 5684 330 5720 ex
360 5664 535 5720 codd.
568 5664 688 5716 Vat.
715 5659 848 5715 1451
883 5670 939 5715 et
969 5661 1152 5716 Ottob.
1187 5663 1305 5716 Vat.
1341 5661 1464 5716 269.
1490 5658 1675 5714 Roma:
1703 5658 1860 5722 18H,

265 5736 417 5872 "liii
647 5799 1172 5865 Thessalonicensis,
1228 5809 1289 5872 et
1332 5800 1398 5854 ad
1437 5814 1562 5872 eum
1599 5797 1861 5872 Romana:

266 5867 538 5931 Ecclesia!
551 5871 863 5927 litterarum
881 5871 1243 5942 quarumdam
1261 5870 1328 5927 de
1339 5886 1501 5926 causa
1514 5867 1855 5933 Nestoriana,

1975 5521 2226 5576 meminit
2254 5520 2490 5587 Cyrillus
2526 5523 2583 5573 in
2609 5517 2837 5587 epistola
2872 5515 2938 5570 ad
2959 5515 3222 5569 Joannem
3247 5507 3543 5565 Antioche-

1972 5608 2103 5663 num
2133 5591 2241 5663 (ep.
2270 5580 2380 5663 ΓΟ·
2410 5589 2544 5663 MA"-
2641 5580 2682 5663 -.
2706 5655 2739 5663 ..
2959 5653 2968 5663 ι

2041 5661 2120 5741 (ὅ)
2142 5653 2212 5715 In
2248 5653 2583 5741 COtI."QlLOIl.
2617 5655 2837 5741 additur
2879 5653 3126 5741 epistolae
3150 5720 3160 5734 ‘
3187 5664 3345 5741 quasi
3388 5663 3540 5741 sum:

1969 5716 2204 5783 marium
2230 5729 2308 5783 sic
2332 5746 2345 5780 :
2372 5728 2491 5779 ’Ότι
2513 5728 2591 5788 εἰς
2613 5726 2673 5778 τὺ
2705 5724 2779 5794 μὴ
2805 5716 3080 5794 σχίζεσθαι
3105 5716 3540 5794 τᾲςέκκὶησίας,

1966 5800 2262 5870 ἀναγκαῖόν
2292 5816 2345 5852 τι
2374 5797 2603 5867 πρᾶγμα
2633 5796 2668 5866 ἡ
2699 5789 3121 5863 συγκατᾶὂασις.
3154 5789 3228 5842 In.
