  <div class='ocr_page' id='page_1' title='image "/cluster/home/n/w/nwhite01/storage/ocr_20150623/77:no.10/coo.31924054869783/119.png"; bbox 0 0 4048 6474; ppageno 0'>
   <div class='ocr_carea' id='block_1_1' title="bbox 472 483 583 544">
    <p class='ocr_par' dir='ltr' id='par_1_1' title="bbox 472 483 583 544">
     <span class='ocr_line' id='line_1_1' title="bbox 472 483 583 544; baseline 0 -2"><span class='ocrx_word' id='word_1_1' title='bbox 472 483 583 544; x_wconf 68' lang='lat'><strong>223</strong></span> 
     </span>
    </p>
   </div>
   <div class='ocr_carea' id='block_1_2' title="bbox 1497 481 2733 541">
    <p class='ocr_par' dir='ltr' id='par_1_2' title="bbox 1497 481 2733 541">
     <span class='ocr_line' id='line_1_2' title="bbox 1497 481 2733 541; baseline 0 -1"><span class='ocrx_word' id='word_1_2' title='bbox 1497 484 1553 540; x_wconf 90' lang='lat' dir='ltr'><strong>S.</strong></span> <span class='ocrx_word' id='word_1_3' title='bbox 1594 482 1873 539; x_wconf 82' lang='lat' dir='ltr'><strong>CYRILLI</strong></span> <span class='ocrx_word' id='word_1_4' title='bbox 1903 481 2378 541; x_wconf 77' lang='lat' dir='ltr'><strong>ALEXANDRINI</strong></span> <span class='ocrx_word' id='word_1_5' title='bbox 2414 485 2733 541; x_wconf 78' lang='lat' dir='ltr'><strong>ARCHIEP.</strong></span> 
     </span>
    </p>
   </div>
   <div class='ocr_carea' id='block_1_3' title="bbox 3646 476 3823 540">
    <p class='ocr_par' dir='ltr' id='par_1_3' title="bbox 3646 476 3823 540">
     <span class='ocr_line' id='line_1_3' title="bbox 3646 476 3823 540; baseline 0 0"><span class='ocrx_word' id='word_1_6' title='bbox 3646 484 3763 540; x_wconf 66' lang='grc'><strong>224</strong></span> <span class='ocrx_word' id='word_1_7' title='bbox 3812 476 3823 491; x_wconf 68' lang='grc'><strong>“</strong></span> 
     </span>
    </p>
   </div>
   <div class='ocr_carea' id='block_1_4' title="bbox 476 570 2069 674">
    <p class='ocr_par' dir='ltr' id='par_1_4' title="bbox 476 594 2062 669">
     <span class='ocr_line' id='line_1_4' title="bbox 476 594 2062 669; baseline -0.002 -14"><span class='ocrx_word' id='word_1_8' title='bbox 476 597 975 655; x_wconf 86' lang='lat' dir='ltr'><strong>condescensiones</strong></span> <span class='ocrx_word' id='word_1_9' title='bbox 1003 594 1101 669; x_wconf 85' lang='lat' dir='ltr'><strong>(l).</strong></span> <span class='ocrx_word' id='word_1_10' title='bbox 1127 597 1440 654; x_wconf 83' lang='lat' dir='ltr'><strong>Verisimile</strong></span> <span class='ocrx_word' id='word_1_11' title='bbox 1465 601 1671 669; x_wconf 94' lang='lat' dir='ltr'><strong>quippe</strong></span> <span class='ocrx_word' id='word_1_12' title='bbox 1694 604 1778 654; x_wconf 90' lang='lat' dir='ltr'><strong>est</strong></span> <span class='ocrx_word' id='word_1_13' title='bbox 1797 598 2062 669; x_wconf 85' lang='lat' dir='ltr'><strong>quosdam</strong></span> 
     </span>
    </p>
   </div>
   <div class='ocr_carea' id='block_1_5' title="bbox 2177 570 3764 674">
    <p class='ocr_par' dir='ltr' id='par_1_5' title="bbox 2177 570 3764 674">
     <span class='ocr_line' id='line_1_5' title="bbox 2177 570 3764 674; baseline 0.003 -21"><span class='ocrx_word' id='word_1_14' title='bbox 2177 570 2502 666; x_wconf 64' lang='grc' dir='ltr'><strong>καταϐάσεις</strong></span> <span class='ocrx_word' id='word_1_15' title='bbox 2531 601 2634 654; x_wconf 78' lang='grc' dir='ltr'><strong>οὐκ</strong></span> <span class='ocrx_word' id='word_1_16' title='bbox 2677 599 2948 672; x_wconf 77' lang='grc' dir='ltr'><strong>ἀκερδεῖς.</strong></span> <span class='ocrx_word' id='word_1_17' title='bbox 2987 600 3148 665; x_wconf 78' lang='grc' dir='ltr'><strong>Εἰκὸς</strong></span> <span class='ocrx_word' id='word_1_18' title='bbox 3195 600 3307 674; x_wconf 86' lang='grc' dir='ltr'><strong>γάρ</strong></span> <span class='ocrx_word' id='word_1_19' title='bbox 3355 619 3504 666; x_wconf 91' lang='grc' dir='ltr'><strong>τινας</strong></span> <span class='ocrx_word' id='word_1_20' title='bbox 3553 603 3616 657; x_wconf 86' lang='grc' dir='ltr'><strong>οὐ</strong></span> <span class='ocrx_word' id='word_1_21' title='bbox 3667 604 3764 658; x_wconf 70' lang='grc' dir='ltr'><strong>διι-</strong></span> 
     </span>
    </p>
   </div>
   <div class='ocr_carea' id='block_1_6' title="bbox 475 689 2064 763">
    <p class='ocr_par' dir='ltr' id='par_1_6' title="bbox 475 689 2064 763">
     <span class='ocr_line' id='line_1_6' title="bbox 475 689 2064 763; baseline 0.001 -17"><span class='ocrx_word' id='word_1_22' title='bbox 475 692 543 746; x_wconf 82' lang='lat' dir='ltr'><strong>ad</strong></span> <span class='ocrx_word' id='word_1_23' title='bbox 575 689 1022 747; x_wconf 83' lang='lat' dir='ltr'><strong>communionem</strong></span> <span class='ocrx_word' id='word_1_24' title='bbox 1061 705 1173 746; x_wconf 90' lang='lat' dir='ltr'><strong>non</strong></span> <span class='ocrx_word' id='word_1_25' title='bbox 1199 701 1471 763; x_wconf 84' lang='lat' dir='ltr'><strong>receptos.</strong></span> <span class='ocrx_word' id='word_1_26' title='bbox 1496 706 1625 747; x_wconf 91' lang='lat' dir='ltr'><strong>cum</strong></span> <span class='ocrx_word' id='word_1_27' title='bbox 1658 707 1717 748; x_wconf 87' lang='lat' dir='ltr'><strong>se</strong></span> <span class='ocrx_word' id='word_1_28' title='bbox 1746 692 1945 763; x_wconf 81' lang='lat' dir='ltr'><strong>negligi</strong></span> <span class='ocrx_word' id='word_1_29' title='bbox 1976 693 2064 747; x_wconf 79' lang='lat' dir='ltr'><strong>vi-</strong></span> 
     </span>
    </p>
   </div>
   <div class='ocr_carea' id='block_1_7' title="bbox 474 782 2065 854">
    <p class='ocr_par' dir='ltr' id='par_1_7' title="bbox 474 782 2065 854">
     <span class='ocr_line' id='line_1_7' title="bbox 474 782 2065 854; baseline 0.001 -16"><span class='ocrx_word' id='word_1_30' title='bbox 474 784 662 850; x_wconf 88' lang='lat' dir='ltr'><strong>deant,</strong></span> <span class='ocrx_word' id='word_1_31' title='bbox 701 784 1008 839; x_wconf 89' lang='lat' dir='ltr'><strong>inconsulte</strong></span> <span class='ocrx_word' id='word_1_32' title='bbox 1033 782 1100 838; x_wconf 88' lang='lat' dir='ltr'><strong>ad</strong></span> <span class='ocrx_word' id='word_1_33' title='bbox 1129 783 1279 838; x_wconf 87' lang='lat' dir='ltr'><strong>aliud</strong></span> <span class='ocrx_word' id='word_1_34' title='bbox 1310 784 1444 854; x_wconf 92' lang='lat' dir='ltr'><strong>quid</strong></span> <span class='ocrx_word' id='word_1_35' title='bbox 1469 800 1528 839; x_wconf 90' lang='lat' dir='ltr'><strong>se</strong></span> <span class='ocrx_word' id='word_1_36' title='bbox 1551 793 1894 842; x_wconf 79' lang='lat' dir='ltr'><strong>convertere.</strong></span> <span class='ocrx_word' id='word_1_37' title='bbox 1928 786 2065 842; x_wconf 88' lang='lat' dir='ltr'><strong>Nam</strong></span> 
     </span>
    </p>
   </div>
   <div class='ocr_carea' id='block_1_8' title="bbox 474 873 2065 943">
    <p class='ocr_par' dir='ltr' id='par_1_8' title="bbox 474 873 2065 943">
     <span class='ocr_line' id='line_1_8' title="bbox 474 873 2065 943; baseline 0.002 -16"><span class='ocrx_word' id='word_1_38' title='bbox 474 875 561 928; x_wconf 74' lang='lat' dir='ltr'><strong>vel</strong></span> <span class='ocrx_word' id='word_1_39' title='bbox 594 874 832 928; x_wconf 66' lang='lat' dir='ltr'><strong>haereses</strong></span> <span class='ocrx_word' id='word_1_40' title='bbox 874 874 1184 943; x_wconf 88' lang='lat' dir='ltr'><strong>pariuntur,</strong></span> <span class='ocrx_word' id='word_1_41' title='bbox 1222 881 1388 943; x_wconf 89' lang='lat' dir='ltr'><strong>atque</strong></span> <span class='ocrx_word' id='word_1_42' title='bbox 1436 873 1568 929; x_wconf 90' lang='lat' dir='ltr'><strong>hinc</strong></span> <span class='ocrx_word' id='word_1_43' title='bbox 1613 873 1931 939; x_wconf 78' lang='lat' dir='ltr'><strong>schismata,</strong></span> <span class='ocrx_word' id='word_1_44' title='bbox 1976 876 2065 930; x_wconf 87' lang='lat' dir='ltr'><strong>vel</strong></span> 
     </span>
    </p>
   </div>
   <div class='ocr_carea' id='block_1_9' title="bbox 476 964 2065 1036">
    <p class='ocr_par' dir='ltr' id='par_1_9' title="bbox 476 964 2065 1036">
     <span class='ocr_line' id='line_1_9' title="bbox 476 964 2065 1036; baseline 0 -16"><span class='ocrx_word' id='word_1_45' title='bbox 476 965 732 1035; x_wconf 84' lang='lat' dir='ltr'><strong>perpetui</strong></span> <span class='ocrx_word' id='word_1_46' title='bbox 773 965 1066 1029; x_wconf 88' lang='lat' dir='ltr'><strong>tumultus,</strong></span> <span class='ocrx_word' id='word_1_47' title='bbox 1096 980 1223 1020; x_wconf 90' lang='lat' dir='ltr'><strong>cum</strong></span> <span class='ocrx_word' id='word_1_48' title='bbox 1260 980 1321 1020; x_wconf 93' lang='lat' dir='ltr'><strong>se</strong></span> <span class='ocrx_word' id='word_1_49' title='bbox 1360 964 1571 1021; x_wconf 80' lang='lat' dir='ltr'><strong>diutius</strong></span> <span class='ocrx_word' id='word_1_50' title='bbox 1613 965 1889 1036; x_wconf 82' lang='lat' dir='ltr'><strong>increpari</strong></span> <span class='ocrx_word' id='word_1_51' title='bbox 1935 981 2065 1036; x_wconf 87' lang='lat' dir='ltr'><strong>per-</strong></span> 
     </span>
    </p>
   </div>
   <div class='ocr_carea' id='block_1_10' title="bbox 475 1057 2066 1129">
    <p class='ocr_par' dir='ltr' id='par_1_10' title="bbox 475 1057 2066 1129">
     <span class='ocr_line' id='line_1_10' title="bbox 475 1057 2066 1129; baseline 0.003 -19"><span class='ocrx_word' id='word_1_52' title='bbox 475 1057 624 1112; x_wconf 82' lang='lat' dir='ltr'><strong>ferre</strong></span> <span class='ocrx_word' id='word_1_53' title='bbox 649 1072 760 1111; x_wconf 90' lang='lat' dir='ltr'><strong>non</strong></span> <span class='ocrx_word' id='word_1_54' title='bbox 785 1057 1020 1111; x_wconf 85' lang='lat' dir='ltr'><strong>soleant.</strong></span> <span class='ocrx_word' id='word_1_55' title='bbox 1057 1057 1172 1112; x_wconf 79' lang='lat' dir='ltr'><strong>[loc</strong></span> <span class='ocrx_word' id='word_1_56' title='bbox 1195 1072 1296 1129; x_wconf 90' lang='lat' dir='ltr'><strong>ego</strong></span> <span class='ocrx_word' id='word_1_57' title='bbox 1322 1058 1703 1123; x_wconf 83' lang='lat' dir='ltr'><strong>considerans,</strong></span> <span class='ocrx_word' id='word_1_58' title='bbox 1734 1073 2066 1129; x_wconf 80' lang='lat' dir='ltr'><strong>magnopere</strong></span> 
     </span>
    </p>
   </div>
   <div class='ocr_carea' id='block_1_11' title="bbox 475 1148 2065 1215">
    <p class='ocr_par' dir='ltr' id='par_1_11' title="bbox 475 1148 2065 1215">
     <span class='ocr_line' id='line_1_11' title="bbox 475 1148 2065 1215; baseline 0.001 -13"><span class='ocrx_word' id='word_1_59' title='bbox 475 1148 694 1203; x_wconf 59' lang='lat' dir='ltr'><strong>laetatus</strong></span> <span class='ocrx_word' id='word_1_60' title='bbox 726 1163 847 1203; x_wconf 91' lang='lat' dir='ltr'><strong>sum</strong></span> <span class='ocrx_word' id='word_1_61' title='bbox 872 1149 1291 1204; x_wconf 89' lang='lat' dir='ltr'><strong>accurrentibus</strong></span> <span class='ocrx_word' id='word_1_62' title='bbox 1312 1148 1707 1215; x_wconf 86' lang='lat' dir='ltr'><strong>Orientalibus,</strong></span> <span class='ocrx_word' id='word_1_63' title='bbox 1733 1157 1790 1204; x_wconf 90' lang='lat' dir='ltr'><strong>et</strong></span> <span class='ocrx_word' id='word_1_64' title='bbox 1817 1164 2065 1204; x_wconf 85' lang='lat' dir='ltr'><strong>commu-</strong></span> 
     </span>
    </p>
   </div>
   <div class='ocr_carea' id='block_1_12' title="bbox 476 1237 2065 1312">
    <p class='ocr_par' dir='ltr' id='par_1_12' title="bbox 476 1237 2065 1312">
     <span class='ocr_line' id='line_1_12' title="bbox 476 1237 2065 1312; baseline 0.003 -21"><span class='ocrx_word' id='word_1_65' title='bbox 476 1237 703 1294; x_wconf 87' lang='lat' dir='ltr'><strong>nionem</strong></span> <span class='ocrx_word' id='word_1_66' title='bbox 738 1239 1192 1309; x_wconf 84' lang='lat' dir='ltr'><strong>exquirentibus;</strong></span> <span class='ocrx_word' id='word_1_67' title='bbox 1218 1241 1523 1310; x_wconf 68' lang='lat' dir='ltr'><strong>praesertim</strong></span> <span class='ocrx_word' id='word_1_68' title='bbox 1555 1240 1685 1311; x_wconf 85' lang='lat' dir='ltr'><strong>quia</strong></span> <span class='ocrx_word' id='word_1_69' title='bbox 1711 1242 1766 1296; x_wconf 90' lang='lat' dir='ltr'><strong>id</strong></span> <span class='ocrx_word' id='word_1_70' title='bbox 1797 1250 2065 1312; x_wconf 87' lang='lat' dir='ltr'><strong>opportu-</strong></span> 
     </span>
    </p>
   </div>
   <div class='ocr_carea' id='block_1_13' title="bbox 477 1331 2067 1402">
    <p class='ocr_par' dir='ltr' id='par_1_13' title="bbox 477 1331 2067 1402">
     <span class='ocr_line' id='line_1_13' title="bbox 477 1331 2067 1402; baseline 0.003 -18"><span class='ocrx_word' id='word_1_71' title='bbox 477 1331 705 1385; x_wconf 88' lang='lat' dir='ltr'><strong>nissime</strong></span> <span class='ocrx_word' id='word_1_72' title='bbox 737 1331 958 1396; x_wconf 89' lang='lat' dir='ltr'><strong>aceidit,</strong></span> <span class='ocrx_word' id='word_1_73' title='bbox 989 1332 1250 1401; x_wconf 89' lang='lat' dir='ltr'><strong>quoniam</strong></span> <span class='ocrx_word' id='word_1_74' title='bbox 1292 1332 1672 1402; x_wconf 88' lang='lat' dir='ltr'><strong>pientissimus</strong></span> <span class='ocrx_word' id='word_1_75' title='bbox 1697 1339 1755 1387; x_wconf 91' lang='lat' dir='ltr'><strong>et</strong></span> <span class='ocrx_word' id='word_1_76' title='bbox 1792 1334 1904 1388; x_wconf 89' lang='lat' dir='ltr'><strong>Deo</strong></span> <span class='ocrx_word' id='word_1_77' title='bbox 1933 1332 2067 1389; x_wconf 90' lang='lat' dir='ltr'><strong>cha-</strong></span> 
     </span>
    </p>
   </div>
   <div class='ocr_carea' id='block_1_14' title="bbox 478 1420 2070 1493">
    <p class='ocr_par' dir='ltr' id='par_1_14' title="bbox 478 1420 2070 1493">
     <span class='ocr_line' id='line_1_14' title="bbox 478 1420 2070 1493; baseline 0.005 -20"><span class='ocrx_word' id='word_1_78' title='bbox 478 1420 732 1476; x_wconf 87' lang='lat' dir='ltr'><strong>rissimus</strong></span> <span class='ocrx_word' id='word_1_79' title='bbox 760 1421 1063 1492; x_wconf 89' lang='lat' dir='ltr'><strong>imperator</strong></span> <span class='ocrx_word' id='word_1_80' title='bbox 1087 1422 1192 1477; x_wconf 90' lang='lat' dir='ltr'><strong>hac</strong></span> <span class='ocrx_word' id='word_1_81' title='bbox 1229 1437 1397 1493; x_wconf 90' lang='lat' dir='ltr'><strong>super</strong></span> <span class='ocrx_word' id='word_1_82' title='bbox 1429 1438 1489 1478; x_wconf 91' lang='lat' dir='ltr'><strong>re</strong></span> <span class='ocrx_word' id='word_1_83' title='bbox 1526 1422 1741 1478; x_wconf 87' lang='lat' dir='ltr'><strong>litteras</strong></span> <span class='ocrx_word' id='word_1_84' title='bbox 1776 1424 1944 1479; x_wconf 91' lang='lat' dir='ltr'><strong>misit.</strong></span> <span class='ocrx_word' id='word_1_85' title='bbox 1970 1426 2070 1481; x_wconf 85' lang='lat' dir='ltr'><strong>Est</strong></span> 
     </span>
    </p>
   </div>
   <div class='ocr_carea' id='block_1_15' title="bbox 477 1511 2069 1585">
    <p class='ocr_par' dir='ltr' id='par_1_15' title="bbox 477 1511 2069 1585">
     <span class='ocr_line' id='line_1_15' title="bbox 477 1511 2069 1585; baseline 0.003 -18"><span class='ocrx_word' id='word_1_86' title='bbox 477 1511 627 1567; x_wconf 88' lang='lat' dir='ltr'><strong>enim</strong></span> <span class='ocrx_word' id='word_1_87' title='bbox 668 1514 955 1569; x_wconf 87' lang='lat' dir='ltr'><strong>serenitati</strong></span> <span class='ocrx_word' id='word_1_88' title='bbox 996 1515 1119 1585; x_wconf 85' lang='lat' dir='ltr'><strong>ejus</strong></span> <span class='ocrx_word' id='word_1_89' title='bbox 1152 1515 1465 1570; x_wconf 89' lang='lat' dir='ltr'><strong>necessaria</strong></span> <span class='ocrx_word' id='word_1_90' title='bbox 1505 1530 1660 1581; x_wconf 87' lang='lat' dir='ltr'><strong>cura,</strong></span> <span class='ocrx_word' id='word_1_91' title='bbox 1706 1517 2069 1572; x_wconf 89' lang='lat' dir='ltr'><strong>ecclesiarum</strong></span> 
     </span>
    </p>
   </div>
   <div class='ocr_carea' id='block_1_16' title="bbox 477 1605 2068 1681">
    <p class='ocr_par' dir='ltr' id='par_1_16' title="bbox 477 1605 2068 1681">
     <span class='ocr_line' id='line_1_16' title="bbox 477 1605 2068 1681; baseline 0.006 -23"><span class='ocrx_word' id='word_1_92' title='bbox 477 1605 793 1659; x_wconf 87' lang='lat' dir='ltr'><strong>concordia.</strong></span> <span class='ocrx_word' id='word_1_93' title='bbox 829 1605 888 1661; x_wconf 90' lang='lat' dir='ltr'><strong>ld</strong></span> <span class='ocrx_word' id='word_1_94' title='bbox 932 1614 1186 1676; x_wconf 90' lang='lat' dir='ltr'><strong>spectans</strong></span> <span class='ocrx_word' id='word_1_95' title='bbox 1213 1616 1305 1662; x_wconf 90' lang='lat' dir='ltr'><strong>tua</strong></span> <span class='ocrx_word' id='word_1_96' title='bbox 1338 1623 1559 1679; x_wconf 91' lang='lat' dir='ltr'><strong>quoque</strong></span> <span class='ocrx_word' id='word_1_97' title='bbox 1594 1610 1877 1677; x_wconf 86' lang='lat' dir='ltr'><strong>sanctitas,</strong></span> <span class='ocrx_word' id='word_1_98' title='bbox 1920 1612 2068 1681; x_wconf 89' lang='lat' dir='ltr'><strong>quod</strong></span> 
     </span>
    </p>
   </div>
   <div class='ocr_carea' id='block_1_17' title="bbox 478 1696 2068 1772">
    <p class='ocr_par' dir='ltr' id='par_1_17' title="bbox 478 1696 2068 1772">
     <span class='ocr_line' id='line_1_17' title="bbox 478 1696 2068 1772; baseline 0.006 -23"><span class='ocrx_word' id='word_1_99' title='bbox 478 1696 655 1767; x_wconf 81' lang='lat' dir='ltr'><strong>ipsam</strong></span> <span class='ocrx_word' id='word_1_100' title='bbox 677 1696 927 1753; x_wconf 88' lang='lat' dir='ltr'><strong>decuerit</strong></span> <span class='ocrx_word' id='word_1_101' title='bbox 950 1698 1262 1753; x_wconf 84' lang='lat' dir='ltr'><strong>faciendum</strong></span> <span class='ocrx_word' id='word_1_102' title='bbox 1285 1702 1521 1767; x_wconf 84' lang='lat' dir='ltr'><strong>curabit,</strong></span> <span class='ocrx_word' id='word_1_103' title='bbox 1561 1701 1833 1772; x_wconf 79' lang='lat' dir='ltr'><strong>quidquid</strong></span> <span class='ocrx_word' id='word_1_104' title='bbox 1869 1704 2068 1759; x_wconf 83' lang='lat' dir='ltr'><strong>videli-</strong></span> 
     </span>
    </p>
   </div>
   <div class='ocr_carea' id='block_1_18' title="bbox 479 1790 2066 1852">
    <p class='ocr_par' dir='ltr' id='par_1_18' title="bbox 479 1790 2066 1852">
     <span class='ocr_line' id='line_1_18' title="bbox 479 1790 2066 1852; baseline 0.004 -7"><span class='ocrx_word' id='word_1_105' title='bbox 479 1799 568 1845; x_wconf 88' lang='lat' dir='ltr'><strong>cet</strong></span> <span class='ocrx_word' id='word_1_106' title='bbox 589 1790 658 1845; x_wconf 90' lang='lat' dir='ltr'><strong>ad</strong></span> <span class='ocrx_word' id='word_1_107' title='bbox 690 1791 917 1847; x_wconf 85' lang='lat' dir='ltr'><strong>istarum</strong></span> <span class='ocrx_word' id='word_1_108' title='bbox 942 1793 1040 1849; x_wconf 87' lang='lat' dir='ltr'><strong>Dei</strong></span> <span class='ocrx_word' id='word_1_109' title='bbox 1071 1794 1442 1850; x_wconf 88' lang='lat' dir='ltr'><strong>Ecclesiarum</strong></span> <span class='ocrx_word' id='word_1_110' title='bbox 1475 1796 1769 1851; x_wconf 88' lang='lat' dir='ltr'><strong>utilitatem</strong></span> <span class='ocrx_word' id='word_1_111' title='bbox 1799 1795 2066 1852; x_wconf 80' lang='lat' dir='ltr'><strong>conferet.</strong></span> 
     </span>
    </p>
   </div>
   <div class='ocr_carea' id='block_1_19' title="bbox 479 1881 2070 1959">
    <p class='ocr_par' dir='ltr' id='par_1_19' title="bbox 479 1881 2070 1959">
     <span class='ocr_line' id='line_1_19' title="bbox 479 1881 2070 1959; baseline 0.003 -22"><span class='ocrx_word' id='word_1_112' title='bbox 479 1881 557 1937; x_wconf 86' lang='lat' dir='ltr'><strong>De</strong></span> <span class='ocrx_word' id='word_1_113' title='bbox 582 1882 689 1938; x_wconf 90' lang='lat' dir='ltr'><strong>hoc</strong></span> <span class='ocrx_word' id='word_1_114' title='bbox 710 1883 878 1955; x_wconf 92' lang='lat' dir='ltr'><strong>igitur</strong></span> <span class='ocrx_word' id='word_1_115' title='bbox 914 1884 1137 1957; x_wconf 87' lang='lat' dir='ltr'><strong>negotio</strong></span> <span class='ocrx_word' id='word_1_116' title='bbox 1161 1886 1375 1942; x_wconf 85' lang='lat' dir='ltr'><strong>litteras</strong></span> <span class='ocrx_word' id='word_1_117' title='bbox 1411 1886 1561 1952; x_wconf 90' lang='lat' dir='ltr'><strong>dedi,</strong></span> <span class='ocrx_word' id='word_1_118' title='bbox 1589 1888 1882 1943; x_wconf 88' lang='lat' dir='ltr'><strong>utilitatem</strong></span> <span class='ocrx_word' id='word_1_119' title='bbox 1918 1887 2070 1959; x_wconf 87' lang='lat' dir='ltr'><strong>cogi-</strong></span> 
     </span>
    </p>
   </div>
   <div class='ocr_carea' id='block_1_20' title="bbox 480 1975 2070 2033">
    <p class='ocr_par' dir='ltr' id='par_1_20' title="bbox 480 1975 2070 2033">
     <span class='ocr_line' id='line_1_20' title="bbox 480 1975 2070 2033; baseline 0.004 -8"><span class='ocrx_word' id='word_1_120' title='bbox 480 1981 606 2028; x_wconf 84' lang='lat' dir='ltr'><strong>tans</strong></span> <span class='ocrx_word' id='word_1_121' title='bbox 648 1981 1071 2031; x_wconf 87' lang='lat' dir='ltr'><strong>consecuturam</strong></span> <span class='ocrx_word' id='word_1_122' title='bbox 1113 1993 1126 2030; x_wconf 91' lang='lat'>:</span> <span class='ocrx_word' id='word_1_123' title='bbox 1158 1983 1266 2032; x_wconf 76' lang='lat' dir='ltr'><strong>tua:</strong></span> <span class='ocrx_word' id='word_1_124' title='bbox 1307 1991 1440 2032; x_wconf 84' lang='lat' dir='ltr'><strong>vero</strong></span> <span class='ocrx_word' id='word_1_125' title='bbox 1480 1976 1789 2033; x_wconf 88' lang='lat' dir='ltr'><strong>sanctitatis</strong></span> <span class='ocrx_word' id='word_1_126' title='bbox 1829 1975 2070 2032; x_wconf 81' lang='lat' dir='ltr'><strong>cilicium</strong></span> 
     </span>
    </p>
   </div>
   <div class='ocr_carea' id='block_1_21' title="bbox 478 2064 2071 2140">
    <p class='ocr_par' dir='ltr' id='par_1_21' title="bbox 478 2064 2071 2140">
     <span class='ocr_line' id='line_1_21' title="bbox 478 2064 2071 2140; baseline 0.003 -21"><span class='ocrx_word' id='word_1_127' title='bbox 478 2064 607 2131; x_wconf 88' lang='lat' dir='ltr'><strong>erit,</strong></span> <span class='ocrx_word' id='word_1_128' title='bbox 633 2079 750 2121; x_wconf 90' lang='lat' dir='ltr'><strong>rem</strong></span> <span class='ocrx_word' id='word_1_129' title='bbox 777 2067 1070 2123; x_wconf 83' lang='lat' dir='ltr'><strong>coniicere.</strong></span> <span class='ocrx_word' id='word_1_130' title='bbox 1101 2068 1330 2123; x_wconf 75' lang='lat' dir='ltr'><strong>Praestat</strong></span> <span class='ocrx_word' id='word_1_131' title='bbox 1365 2069 1515 2125; x_wconf 90' lang='lat' dir='ltr'><strong>enim</strong></span> <span class='ocrx_word' id='word_1_132' title='bbox 1554 2070 1890 2140; x_wconf 72' lang='lat' dir='ltr'><strong>pcenitentes</strong></span> <span class='ocrx_word' id='word_1_133' title='bbox 1926 2069 2071 2124; x_wconf 88' lang='lat' dir='ltr'><strong>reci-</strong></span> 
     </span>
    </p>
   </div>
   <div class='ocr_carea' id='block_1_22' title="bbox 479 2161 2071 2231">
    <p class='ocr_par' dir='ltr' id='par_1_22' title="bbox 479 2161 2071 2231">
     <span class='ocr_line' id='line_1_22' title="bbox 479 2161 2071 2231; baseline 0.003 -18"><span class='ocrx_word' id='word_1_134' title='bbox 479 2172 634 2228; x_wconf 87' lang='lat' dir='ltr'><strong>pere,</strong></span> <span class='ocrx_word' id='word_1_135' title='bbox 678 2175 843 2230; x_wconf 90' lang='lat' dir='ltr'><strong>quam</strong></span> <span class='ocrx_word' id='word_1_136' title='bbox 888 2168 950 2215; x_wconf 89' lang='lat' dir='ltr'><strong>ut</strong></span> <span class='ocrx_word' id='word_1_137' title='bbox 992 2161 1333 2231; x_wconf 90' lang='lat' dir='ltr'><strong>impudentia</strong></span> <span class='ocrx_word' id='word_1_138' title='bbox 1381 2162 1673 2218; x_wconf 78' lang='lat' dir='ltr'><strong>obﬁrmata</strong></span> <span class='ocrx_word' id='word_1_139' title='bbox 1720 2163 1789 2218; x_wconf 89' lang='lat' dir='ltr'><strong>ad</strong></span> <span class='ocrx_word' id='word_1_140' title='bbox 1829 2163 2071 2218; x_wconf 86' lang='lat' dir='ltr'><strong>Nestorii</strong></span> 
     </span>
    </p>
   </div>
   <div class='ocr_carea' id='block_1_23' title="bbox 479 2251 2073 2325">
    <p class='ocr_par' dir='ltr' id='par_1_23' title="bbox 479 2251 2073 2325">
     <span class='ocr_line' id='line_1_23' title="bbox 479 2251 2073 2325; baseline 0.002 -19"><span class='ocrx_word' id='word_1_141' title='bbox 479 2256 664 2319; x_wconf 86' lang='lat' dir='ltr'><strong>partes</strong></span> <span class='ocrx_word' id='word_1_142' title='bbox 685 2251 967 2308; x_wconf 85' lang='lat' dir='ltr'><strong>accedant.</strong></span> <span class='ocrx_word' id='word_1_143' title='bbox 995 2254 1065 2309; x_wconf 91' lang='lat' dir='ltr'><strong>Et</strong></span> <span class='ocrx_word' id='word_1_144' title='bbox 1093 2254 1222 2324; x_wconf 90' lang='lat' dir='ltr'><strong>quia</strong></span> <span class='ocrx_word' id='word_1_145' title='bbox 1245 2254 1601 2324; x_wconf 83' lang='lat' dir='ltr'><strong>quantumvis</strong></span> <span class='ocrx_word' id='word_1_146' title='bbox 1631 2254 2073 2325; x_wconf 89' lang='lat' dir='ltr'><strong>sapientissimus</strong></span> 
     </span>
    </p>
   </div>
   <div class='ocr_carea' id='block_1_24' title="bbox 478 2343 2072 2418">
    <p class='ocr_par' dir='ltr' id='par_1_24' title="bbox 478 2343 2072 2418">
     <span class='ocr_line' id='line_1_24' title="bbox 478 2343 2072 2418; baseline 0.003 -22"><span class='ocrx_word' id='word_1_147' title='bbox 478 2356 545 2397; x_wconf 90' lang='lat' dir='ltr'><strong>ac</strong></span> <span class='ocrx_word' id='word_1_148' title='bbox 584 2343 1042 2413; x_wconf 84' lang='lat' dir='ltr'><strong>perfectissimus,</strong></span> <span class='ocrx_word' id='word_1_149' title='bbox 1088 2346 1300 2417; x_wconf 77' lang='lat' dir='ltr'><strong>iussisti</strong></span> <span class='ocrx_word' id='word_1_150' title='bbox 1335 2361 1365 2401; x_wconf 92' lang='lat' dir='ltr'><strong>a</strong></span> <span class='ocrx_word' id='word_1_151' title='bbox 1401 2362 1489 2402; x_wconf 90' lang='lat' dir='ltr'><strong>me</strong></span> <span class='ocrx_word' id='word_1_152' title='bbox 1534 2347 1635 2402; x_wconf 87' lang='lat' dir='ltr'><strong>tibi</strong></span> <span class='ocrx_word' id='word_1_153' title='bbox 1670 2347 1817 2402; x_wconf 89' lang='lat' dir='ltr'><strong>mitti</strong></span> <span class='ocrx_word' id='word_1_154' title='bbox 1860 2346 2072 2418; x_wconf 86' lang='lat' dir='ltr'><strong>aliquid</strong></span> 
     </span>
    </p>
   </div>
   <div class='ocr_carea' id='block_1_25' title="bbox 479 2435 2075 2510">
    <p class='ocr_par' dir='ltr' id='par_1_25' title="bbox 479 2435 2075 2510">
     <span class='ocr_line' id='line_1_25' title="bbox 479 2435 2075 2510; baseline 0.004 -22"><span class='ocrx_word' id='word_1_155' title='bbox 479 2435 1088 2493; x_wconf 88' lang='lat' dir='ltr'><strong>lucubratiuncularum</strong></span> <span class='ocrx_word' id='word_1_156' title='bbox 1114 2453 1383 2506; x_wconf 90' lang='lat' dir='ltr'><strong>mearum,</strong></span> <span class='ocrx_word' id='word_1_157' title='bbox 1407 2446 1463 2494; x_wconf 91' lang='lat' dir='ltr'><strong>et</strong></span> <span class='ocrx_word' id='word_1_158' title='bbox 1485 2439 1730 2510; x_wconf 79' lang='lat' dir='ltr'><strong>linguam</strong></span> <span class='ocrx_word' id='word_1_159' title='bbox 1751 2455 1933 2495; x_wconf 88' lang='lat' dir='ltr'><strong>meam</strong></span> <span class='ocrx_word' id='word_1_160' title='bbox 1958 2439 2075 2495; x_wconf 89' lang='lat' dir='ltr'><strong>bal-</strong></span> 
     </span>
    </p>
   </div>
   <div class='ocr_carea' id='block_1_26' title="bbox 479 2528 2071 2603">
    <p class='ocr_par' dir='ltr' id='par_1_26' title="bbox 479 2528 2071 2603">
     <span class='ocr_line' id='line_1_26' title="bbox 479 2528 2071 2603; baseline 0.003 -21"><span class='ocrx_word' id='word_1_161' title='bbox 479 2528 786 2584; x_wconf 86' lang='lat' dir='ltr'><strong>butientem</strong></span> <span class='ocrx_word' id='word_1_162' title='bbox 814 2530 1042 2600; x_wconf 90' lang='lat' dir='ltr'><strong>pateris,</strong></span> <span class='ocrx_word' id='word_1_163' title='bbox 1082 2546 1251 2587; x_wconf 90' lang='lat' dir='ltr'><strong>ausus</strong></span> <span class='ocrx_word' id='word_1_164' title='bbox 1288 2547 1410 2587; x_wconf 91' lang='lat' dir='ltr'><strong>sum</strong></span> <span class='ocrx_word' id='word_1_165' title='bbox 1454 2532 1674 2587; x_wconf 89' lang='lat' dir='ltr'><strong>mittere</strong></span> <span class='ocrx_word' id='word_1_166' title='bbox 1717 2532 1890 2587; x_wconf 91' lang='lat' dir='ltr'><strong>libros</strong></span> <span class='ocrx_word' id='word_1_167' title='bbox 1932 2548 2071 2603; x_wconf 90' lang='lat' dir='ltr'><strong>qua-</strong></span> 
     </span>
    </p>
   </div>
   <div class='ocr_carea' id='block_1_27' title="bbox 477 2620 2072 2693">
    <p class='ocr_par' dir='ltr' id='par_1_27' title="bbox 477 2620 2072 2693">
     <span class='ocr_line' id='line_1_27' title="bbox 477 2620 2072 2693; baseline 0.004 -20"><span class='ocrx_word' id='word_1_168' title='bbox 477 2626 623 2685; x_wconf 85' lang='lat' dir='ltr'><strong>tuor,</strong></span> <span class='ocrx_word' id='word_1_169' title='bbox 668 2620 874 2690; x_wconf 89' lang='lat' dir='ltr'><strong>quibus</strong></span> <span class='ocrx_word' id='word_1_170' title='bbox 913 2622 1089 2676; x_wconf 87' lang='lat' dir='ltr'><strong>multa</strong></span> <span class='ocrx_word' id='word_1_171' title='bbox 1129 2622 1392 2677; x_wconf 88' lang='lat' dir='ltr'><strong>dicuntur</strong></span> <span class='ocrx_word' id='word_1_172' title='bbox 1427 2622 1495 2677; x_wconf 93' lang='lat' dir='ltr'><strong>de</strong></span> <span class='ocrx_word' id='word_1_173' title='bbox 1540 2624 1853 2693; x_wconf 86' lang='lat' dir='ltr'><strong>Servatoris</strong></span> <span class='ocrx_word' id='word_1_174' title='bbox 1895 2626 2072 2680; x_wconf 86' lang='lat' dir='ltr'><strong>nostri</strong></span> 
     </span>
    </p>
   </div>
   <div class='ocr_carea' id='block_1_28' title="bbox 478 2710 2073 2789">
    <p class='ocr_par' dir='ltr' id='par_1_28' title="bbox 478 2710 2073 2789">
     <span class='ocr_line' id='line_1_28' title="bbox 478 2710 2073 2789; baseline 0.006 -24"><span class='ocrx_word' id='word_1_175' title='bbox 478 2710 862 2768; x_wconf 86' lang='lat' dir='ltr'><strong>incarnatione</strong></span> <span class='ocrx_word' id='word_1_176' title='bbox 888 2728 957 2768; x_wconf 80' lang='lat' dir='ltr'><strong>ex</strong></span> <span class='ocrx_word' id='word_1_177' title='bbox 995 2714 1195 2770; x_wconf 83' lang='lat' dir='ltr'><strong>Vetere</strong></span> <span class='ocrx_word' id='word_1_178' title='bbox 1228 2715 1582 2771; x_wconf 88' lang='lat' dir='ltr'><strong>Testamento</strong></span> <span class='ocrx_word' id='word_1_179' title='bbox 1623 2716 1931 2789; x_wconf 88' lang='lat' dir='ltr'><strong>desumpta.</strong></span> <span class='ocrx_word' id='word_1_180' title='bbox 1959 2716 2073 2773; x_wconf 85' lang='lat' dir='ltr'><strong>Ad-</strong></span> 
     </span>
    </p>
   </div>
   <div class='ocr_carea' id='block_1_29' title="bbox 473 2796 2073 2877">
    <p class='ocr_par' dir='ltr' id='par_1_29' title="bbox 473 2796 2073 2877">
     <span class='ocr_line' id='line_1_29' title="bbox 473 2796 2073 2877; baseline 0.006 -23"><span class='ocrx_word' id='word_1_181' title='bbox 473 2800 632 2870; x_wconf 74' lang='lat' dir='ltr'><strong>iunxi</strong></span> <span class='ocrx_word' id='word_1_182' title='bbox 660 2796 826 2855; x_wconf 84' lang='lat' dir='ltr'><strong>etiam</strong></span> <span class='ocrx_word' id='word_1_183' title='bbox 853 2801 1003 2873; x_wconf 91' lang='lat' dir='ltr'><strong>quod</strong></span> <span class='ocrx_word' id='word_1_184' title='bbox 1039 2813 1229 2859; x_wconf 88' lang='lat' dir='ltr'><strong>contra</strong></span> <span class='ocrx_word' id='word_1_185' title='bbox 1255 2803 1495 2861; x_wconf 86' lang='lat' dir='ltr'><strong>Nestorii</strong></span> <span class='ocrx_word' id='word_1_186' title='bbox 1538 2807 1909 2877; x_wconf 87' lang='lat' dir='ltr'><strong>blasphemias</strong></span> <span class='ocrx_word' id='word_1_187' title='bbox 1933 2810 2073 2864; x_wconf 87' lang='lat' dir='ltr'><strong>scri-</strong></span> 
     </span>
    </p>
   </div>
   <div class='ocr_carea' id='block_1_30' title="bbox 478 2889 2072 2963">
    <p class='ocr_par' dir='ltr' id='par_1_30' title="bbox 478 2889 2072 2963">
     <span class='ocr_line' id='line_1_30' title="bbox 478 2889 2072 2963; baseline 0.008 -21"><span class='ocrx_word' id='word_1_188' title='bbox 478 2889 598 2958; x_wconf 86' lang='lat' dir='ltr'><strong>psi;</strong></span> <span class='ocrx_word' id='word_1_189' title='bbox 622 2890 842 2962; x_wconf 88' lang='lat' dir='ltr'><strong>egregie</strong></span> <span class='ocrx_word' id='word_1_190' title='bbox 871 2907 1007 2947; x_wconf 79' lang='lat' dir='ltr'><strong>vero</strong></span> <span class='ocrx_word' id='word_1_191' title='bbox 1030 2901 1214 2963; x_wconf 88' lang='lat' dir='ltr'><strong>potest</strong></span> <span class='ocrx_word' id='word_1_192' title='bbox 1257 2903 1351 2951; x_wconf 89' lang='lat' dir='ltr'><strong>tua</strong></span> <span class='ocrx_word' id='word_1_193' title='bbox 1377 2898 1639 2954; x_wconf 86' lang='lat' dir='ltr'><strong>sanctitas</strong></span> <span class='ocrx_word' id='word_1_194' title='bbox 1670 2908 1789 2954; x_wconf 88' lang='lat' dir='ltr'><strong>tum</strong></span> <span class='ocrx_word' id='word_1_195' title='bbox 1828 2916 1929 2955; x_wconf 91' lang='lat' dir='ltr'><strong>nos</strong></span> <span class='ocrx_word' id='word_1_196' title='bbox 1955 2910 2072 2956; x_wconf 87' lang='lat' dir='ltr'><strong>tum</strong></span> 
     </span>
    </p>
   </div>
   <div class='ocr_carea' id='block_1_31' title="bbox 474 2980 2074 3062">
    <p class='ocr_par' dir='ltr' id='par_1_31' title="bbox 474 2980 2074 3062">
     <span class='ocr_line' id='line_1_31' title="bbox 474 2980 2074 3062; baseline 0.01 -29"><span class='ocrx_word' id='word_1_197' title='bbox 474 2980 618 3036; x_wconf 86' lang='lat' dir='ltr'><strong>alios</strong></span> <span class='ocrx_word' id='word_1_198' title='bbox 640 2981 766 3038; x_wconf 90' lang='lat' dir='ltr'><strong>istic</strong></span> <span class='ocrx_word' id='word_1_199' title='bbox 793 2983 1057 3056; x_wconf 88' lang='lat' dir='ltr'><strong>degentes</strong></span> <span class='ocrx_word' id='word_1_200' title='bbox 1084 2987 1296 3058; x_wconf 76' lang='lat' dir='ltr'><strong>iuvare,</strong></span> <span class='ocrx_word' id='word_1_201' title='bbox 1329 2992 1775 3062; x_wconf 89' lang='lat' dir='ltr'><strong>quandoquidem</strong></span> <span class='ocrx_word' id='word_1_202' title='bbox 1805 2993 2074 3050; x_wconf 88' lang='lat' dir='ltr'><strong>charitate</strong></span> 
     </span>
    </p>
   </div>
   <div class='ocr_carea' id='block_1_32' title="bbox 480 3074 2075 3155">
    <p class='ocr_par' dir='ltr' id='par_1_32' title="bbox 480 3074 2075 3155">
     <span class='ocr_line' id='line_1_32' title="bbox 480 3074 2075 3155; baseline 0.009 -29"><span class='ocrx_word' id='word_1_203' title='bbox 480 3074 862 3130; x_wconf 90' lang='lat' dir='ltr'><strong>tantummodo</strong></span> <span class='ocrx_word' id='word_1_204' title='bbox 905 3076 1177 3151; x_wconf 88' lang='lat' dir='ltr'><strong>impulsus</strong></span> <span class='ocrx_word' id='word_1_205' title='bbox 1222 3080 1297 3136; x_wconf 89' lang='lat' dir='ltr'><strong>ita</strong></span> <span class='ocrx_word' id='word_1_206' title='bbox 1338 3097 1426 3137; x_wconf 91' lang='lat' dir='ltr'><strong>me</strong></span> <span class='ocrx_word' id='word_1_207' title='bbox 1468 3084 1630 3153; x_wconf 86' lang='lat' dir='ltr'><strong>gessi.</strong></span> <span class='ocrx_word' id='word_1_208' title='bbox 1662 3084 1788 3141; x_wconf 75' lang='lat' dir='ltr'><strong>Haec</strong></span> <span class='ocrx_word' id='word_1_209' title='bbox 1825 3087 1988 3155; x_wconf 89' lang='lat' dir='ltr'><strong>lecta,</strong></span> <span class='ocrx_word' id='word_1_210' title='bbox 2017 3094 2075 3143; x_wconf 91' lang='lat' dir='ltr'><strong>et</strong></span> 
     </span>
    </p>
   </div>
   <div class='ocr_carea' id='block_1_33' title="bbox 480 3165 2074 3246">
    <p class='ocr_par' dir='ltr' id='par_1_33' title="bbox 480 3165 2074 3246">
     <span class='ocr_line' id='line_1_33' title="bbox 480 3165 2074 3246; baseline 0.01 -28"><span class='ocrx_word' id='word_1_211' title='bbox 480 3165 656 3220; x_wconf 88' lang='lat' dir='ltr'><strong>sicubi</strong></span> <span class='ocrx_word' id='word_1_212' title='bbox 688 3180 828 3237; x_wconf 90' lang='lat' dir='ltr'><strong>opus</strong></span> <span class='ocrx_word' id='word_1_213' title='bbox 867 3167 1033 3225; x_wconf 81' lang='lat' dir='ltr'><strong>fuerit</strong></span> <span class='ocrx_word' id='word_1_214' title='bbox 1064 3173 1376 3240; x_wconf 89' lang='lat' dir='ltr'><strong>emendata,</strong></span> <span class='ocrx_word' id='word_1_215' title='bbox 1406 3174 1528 3230; x_wconf 87' lang='lat' dir='ltr'><strong>aliis</strong></span> <span class='ocrx_word' id='word_1_216' title='bbox 1558 3192 1778 3246; x_wconf 87' lang='lat' dir='ltr'><strong>quoque</strong></span> <span class='ocrx_word' id='word_1_217' title='bbox 1806 3177 2074 3236; x_wconf 81' lang='lat' dir='ltr'><strong>fratribus</strong></span> 
     </span>
    </p>
   </div>
   <div class='ocr_carea' id='block_1_34' title="bbox 2167 685 3768 763">
    <p class='ocr_par' dir='ltr' id='par_1_34' title="bbox 2167 685 3768 763">
     <span class='ocr_line' id='line_1_34' title="bbox 2167 685 3768 763; baseline 0.005 -23"><span class='ocrx_word' id='word_1_218' title='bbox 2167 685 2397 757; x_wconf 88' lang='grc' dir='ltr'><strong>χθέντας</strong></span> <span class='ocrx_word' id='word_1_219' title='bbox 2423 688 2505 752; x_wconf 89' lang='grc' dir='ltr'><strong>είς</strong></span> <span class='ocrx_word' id='word_1_220' title='bbox 2536 690 2844 755; x_wconf 81' lang='grc' dir='ltr'><strong>κοινωνίαν,</strong></span> <span class='ocrx_word' id='word_1_221' title='bbox 2880 688 2939 756; x_wconf 80' lang='grc' dir='ltr'><strong>ἐξ</strong></span> <span class='ocrx_word' id='word_1_222' title='bbox 2972 690 3230 761; x_wconf 82' lang='grc' dir='ltr'><strong>ἀκηδείας</strong></span> <span class='ocrx_word' id='word_1_223' title='bbox 3266 690 3353 761; x_wconf 75' lang='grc' dir='ltr'><strong>ἐφ’</strong></span> <span class='ocrx_word' id='word_1_224' title='bbox 3384 692 3572 763; x_wconf 68' lang='grc' dir='ltr'><strong>ἕτερόν</strong></span> <span class='ocrx_word' id='word_1_225' title='bbox 3586 710 3639 748; x_wconf 90' lang='grc' dir='ltr'><strong>τι</strong></span> <span class='ocrx_word' id='word_1_226' title='bbox 3659 693 3768 748; x_wconf 76' lang='grc' dir='ltr'><strong>καὶ</strong></span> 
     </span>
    </p>
   </div>
   <div class='ocr_carea' id='block_1_35' title="bbox 2167 777 3767 853">
    <p class='ocr_par' dir='ltr' id='par_1_35' title="bbox 2167 777 3767 853">
     <span class='ocr_line' id='line_1_35' title="bbox 2167 777 3767 853; baseline 0.006 -23"><span class='ocrx_word' id='word_1_227' title='bbox 2167 777 2486 850; x_wconf 85' lang='grc' dir='ltr'><strong>ἀϐουλήτως</strong></span> <span class='ocrx_word' id='word_1_228' title='bbox 2537 779 2734 836; x_wconf 75' lang='grc' dir='ltr'><strong>ἐλθεῖν.</strong></span> <span class='ocrx_word' id='word_1_229' title='bbox 2787 783 2855 835; x_wconf 88' lang='grc' dir='ltr'><strong>Ἦ</strong></span> <span class='ocrx_word' id='word_1_230' title='bbox 2894 781 3004 853; x_wconf 81' lang='grc' dir='ltr'><strong>γὰρ</strong></span> <span class='ocrx_word' id='word_1_231' title='bbox 3055 783 3294 853; x_wconf 79' lang='grc' dir='ltr'><strong>αἱρέσεις</strong></span> <span class='ocrx_word' id='word_1_232' title='bbox 3339 782 3616 839; x_wconf 87' lang='grc' dir='ltr'><strong>τίκτονται</strong></span> <span class='ocrx_word' id='word_1_233' title='bbox 3660 787 3767 840; x_wconf 78' lang='grc' dir='ltr'><strong>καὶ</strong></span> 
     </span>
    </p>
   </div>
   <div class='ocr_carea' id='block_1_36' title="bbox 2167 868 3767 947">
    <p class='ocr_par' dir='ltr' id='par_1_36' title="bbox 2167 868 3767 947">
     <span class='ocr_line' id='line_1_36' title="bbox 2167 868 3767 947; baseline 0.006 -25"><span class='ocrx_word' id='word_1_234' title='bbox 2167 868 2521 925; x_wconf 79' lang='grc' dir='ltr'><strong>ἀκολουθοῦσι</strong></span> <span class='ocrx_word' id='word_1_235' title='bbox 2546 872 2841 944; x_wconf 79' lang='grc' dir='ltr'><strong>σχίσματα,</strong></span> <span class='ocrx_word' id='word_1_236' title='bbox 2863 873 2895 945; x_wconf 79' lang='grc' dir='ltr'>ἢ</span> <span class='ocrx_word' id='word_1_237' title='bbox 2924 875 3018 929; x_wconf 79' lang='grc' dir='ltr'><strong>καὶ</strong></span> <span class='ocrx_word' id='word_1_238' title='bbox 3038 875 3064 914; x_wconf 76' lang='grc' dir='ltr'><strong>¹ε</strong></span> <span class='ocrx_word' id='word_1_239' title='bbox 3085 873 3308 947; x_wconf 84' lang='grc' dir='ltr'><strong>θόρυϐοι</strong></span> <span class='ocrx_word' id='word_1_240' title='bbox 3335 875 3626 946; x_wconf 79' lang='grc' dir='ltr'><strong>διηνεκεῖς,</strong></span> <span class='ocrx_word' id='word_1_241' title='bbox 3651 877 3767 932; x_wconf 75' lang='grc' dir='ltr'><strong>οὐκ</strong></span> 
     </span>
    </p>
   </div>
   <div class='ocr_carea' id='block_1_37' title="bbox 2167 961 3761 1039">
    <p class='ocr_par' dir='ltr' id='par_1_37' title="bbox 2167 961 3761 1039">
     <span class='ocr_line' id='line_1_37' title="bbox 2167 961 3761 1039; baseline 0.006 -25"><span class='ocrx_word' id='word_1_242' title='bbox 2167 961 2507 1033; x_wconf 83' lang='grc' dir='ltr'><strong>ἀνεχομένων</strong></span> <span class='ocrx_word' id='word_1_243' title='bbox 2541 964 2633 1018; x_wconf 84' lang='grc' dir='ltr'><strong>τοῦ</strong></span> <span class='ocrx_word' id='word_1_244' title='bbox 2662 966 3020 1037; x_wconf 79' lang='grc' dir='ltr'><strong>ἐπιτιμᾶσθαι</strong></span> <span class='ocrx_word' id='word_1_245' title='bbox 3053 966 3245 1039; x_wconf 89' lang='grc' dir='ltr'><strong>μακρά</strong></span> <span class='ocrx_word' id='word_1_246' title='bbox 3275 964 3294 1006; x_wconf 80' lang='grc' dir='ltr'><strong><em>ι</em></strong></span> <span class='ocrx_word' id='word_1_247' title='bbox 3326 967 3436 1021; x_wconf 86' lang='grc' dir='ltr'><strong>τῶν</strong></span> <span class='ocrx_word' id='word_1_248' title='bbox 3457 967 3761 1023; x_wconf 75' lang='grc' dir='ltr'><strong>εἰωθότων.</strong></span> 
     </span>
    </p>
   </div>
   <div class='ocr_carea' id='block_1_38' title="bbox 2168 1051 3766 1128">
    <p class='ocr_par' dir='ltr' id='par_1_38' title="bbox 2168 1051 3766 1128">
     <span class='ocr_line' id='line_1_38' title="bbox 2168 1051 3766 1128; baseline 0.005 -25"><span class='ocrx_word' id='word_1_249' title='bbox 2168 1051 2339 1106; x_wconf 85' lang='grc' dir='ltr'><strong>Τοῦτο</strong></span> <span class='ocrx_word' id='word_1_250' title='bbox 2373 1055 2737 1126; x_wconf 84' lang='grc' dir='ltr'><strong>συνεωρακὼς</strong></span> <span class='ocrx_word' id='word_1_251' title='bbox 2779 1056 3050 1127; x_wconf 75' lang='grc' dir='ltr'><strong>ἡσμένισα</strong></span> <span class='ocrx_word' id='word_1_252' title='bbox 3095 1056 3299 1127; x_wconf 86' lang='grc' dir='ltr'><strong>σφόδρα</strong></span> <span class='ocrx_word' id='word_1_253' title='bbox 3343 1057 3766 1128; x_wconf 74' lang='grc' dir='ltr'><strong>ἐπιδραμόντων</strong></span> 
     </span>
    </p>
   </div>
   <div class='ocr_carea' id='block_1_39' title="bbox 2166 1143 3761 1221">
    <p class='ocr_par' dir='ltr' id='par_1_39' title="bbox 2166 1143 3761 1221">
     <span class='ocr_line' id='line_1_39' title="bbox 2166 1143 3761 1221; baseline 0.006 -25"><span class='ocrx_word' id='word_1_254' title='bbox 2166 1143 2276 1198; x_wconf 85' lang='grc' dir='ltr'><strong>τῶν</strong></span> <span class='ocrx_word' id='word_1_255' title='bbox 2298 1145 2361 1198; x_wconf 83' lang='grc' dir='ltr'><strong>ὲκ</strong></span> <span class='ocrx_word' id='word_1_256' title='bbox 2380 1146 2480 1215; x_wconf 81' lang='grc' dir='ltr'><strong>τῆς</strong></span> <span class='ocrx_word' id='word_1_257' title='bbox 2508 1147 2820 1217; x_wconf 80' lang='grc' dir='ltr'><strong>Ἀνατολῆς,</strong></span> <span class='ocrx_word' id='word_1_258' title='bbox 2847 1149 2941 1201; x_wconf 71' lang='grc' dir='ltr'><strong>καὶ</strong></span> <span class='ocrx_word' id='word_1_259' title='bbox 2958 1148 3094 1220; x_wconf 79' lang='grc' dir='ltr'><strong>ζητη</strong></span> <span class='ocrx_word' id='word_1_260' title='bbox 3103 1148 3311 1202; x_wconf 86' lang='grc' dir='ltr'><strong>σάντων</strong></span> <span class='ocrx_word' id='word_1_261' title='bbox 3327 1148 3427 1221; x_wconf 87' lang='grc' dir='ltr'><strong>τὴν</strong></span> <span class='ocrx_word' id='word_1_262' title='bbox 3444 1150 3761 1216; x_wconf 82' lang='grc' dir='ltr'><strong>κοινωνίαν⁹</strong></span> 
     </span>
    </p>
   </div>
   <div class='ocr_carea' id='block_1_40' title="bbox 2168 1236 3764 1311">
    <p class='ocr_par' dir='ltr' id='par_1_40' title="bbox 2168 1236 3764 1311">
     <span class='ocr_line' id='line_1_40' title="bbox 2168 1236 3764 1311; baseline 0.004 -22"><span class='ocrx_word' id='word_1_263' title='bbox 2168 1236 2263 1289; x_wconf 76' lang='grc' dir='ltr'><strong>καὶ</strong></span> <span class='ocrx_word' id='word_1_264' title='bbox 2295 1236 2534 1306; x_wconf 85' lang='grc' dir='ltr'><strong>μάλιστα</strong></span> <span class='ocrx_word' id='word_1_265' title='bbox 2578 1239 2659 1292; x_wconf 84' lang='grc' dir='ltr'><strong>ὅτι</strong></span> <span class='ocrx_word' id='word_1_266' title='bbox 2693 1241 2788 1293; x_wconf 74' lang='grc' dir='ltr'><strong>καὶ</strong></span> <span class='ocrx_word' id='word_1_267' title='bbox 2817 1239 3042 1309; x_wconf 85' lang='grc' dir='ltr'><strong>γέγονεν</strong></span> <span class='ocrx_word' id='word_1_268' title='bbox 3072 1240 3425 1311; x_wconf 86' lang='grc' dir='ltr'><strong>εὐαφόρμως,</strong></span> <span class='ocrx_word' id='word_1_269' title='bbox 3458 1240 3554 1294; x_wconf 79' lang='grc' dir='ltr'><strong>τοῦ</strong></span> <span class='ocrx_word' id='word_1_270' title='bbox 3600 1242 3764 1295; x_wconf 86' lang='grc' dir='ltr'><strong>εὐσε-</strong></span> 
     </span>
    </p>
   </div>
   <div class='ocr_carea' id='block_1_41' title="bbox 2168 1326 3763 1401">
    <p class='ocr_par' dir='ltr' id='par_1_41' title="bbox 2168 1326 3763 1401">
     <span class='ocr_line' id='line_1_41' title="bbox 2168 1326 3763 1401; baseline 0.003 -22"><span class='ocrx_word' id='word_1_271' title='bbox 2168 1326 2433 1381; x_wconf 85' lang='grc' dir='ltr'><strong>ϐεστάτου</strong></span> <span class='ocrx_word' id='word_1_272' title='bbox 2487 1329 2581 1382; x_wconf 79' lang='grc' dir='ltr'><strong>καὶ</strong></span> <span class='ocrx_word' id='word_1_273' title='bbox 2627 1329 3045 1398; x_wconf 78' lang='grc' dir='ltr'><strong>θεοφιλεστάτου</strong></span> <span class='ocrx_word' id='word_1_274' title='bbox 3121 1330 3391 1401; x_wconf 84' lang='grc' dir='ltr'><strong>βασιλέως</strong></span> <span class='ocrx_word' id='word_1_275' title='bbox 3442 1330 3763 1401; x_wconf 74' lang='grc' dir='ltr'><strong>γράψαντος</strong></span> 
     </span>
    </p>
   </div>
   <div class='ocr_carea' id='block_1_42' title="bbox 2170 1416 3762 1492">
    <p class='ocr_par' dir='ltr' id='par_1_42' title="bbox 2170 1416 3762 1492">
     <span class='ocr_line' id='line_1_42' title="bbox 2170 1416 3762 1492; baseline 0.001 -21"><span class='ocrx_word' id='word_1_276' title='bbox 2170 1418 2299 1489; x_wconf 84' lang='grc' dir='ltr'><strong>περὶ</strong></span> <span class='ocrx_word' id='word_1_277' title='bbox 2327 1416 2521 1472; x_wconf 83' lang='grc' dir='ltr'><strong>τούτου</strong></span> <span class='ocrx_word' id='word_1_278' title='bbox 2582 1418 2681 1489; x_wconf 75' lang='grc'><strong>(2).</strong></span> <span class='ocrx_word' id='word_1_279' title='bbox 2733 1420 2929 1489; x_wconf 84' lang='grc' dir='ltr'><strong>Γέγονε</strong></span> <span class='ocrx_word' id='word_1_280' title='bbox 2975 1419 3083 1491; x_wconf 86' lang='grc' dir='ltr'><strong>γὰρ</strong></span> <span class='ocrx_word' id='word_1_281' title='bbox 3136 1421 3412 1489; x_wconf 79' lang='grc' dir='ltr'><strong>ἀναγκαία</strong></span> <span class='ocrx_word' id='word_1_282' title='bbox 3442 1421 3660 1492; x_wconf 74' lang='grc' dir='ltr'><strong>φροντὶς</strong></span> <span class='ocrx_word' id='word_1_283' title='bbox 3688 1424 3762 1491; x_wconf 77' lang='grc' dir='ltr'><strong>τῇ</strong></span> 
     </span>
    </p>
   </div>
   <div class='ocr_carea' id='block_1_43' title="bbox 2170 1508 3766 1583">
    <p class='ocr_par' dir='ltr' id='par_1_43' title="bbox 2170 1508 3766 1583">
     <span class='ocr_line' id='line_1_43' title="bbox 2170 1508 3766 1583; baseline 0.003 -22"><span class='ocrx_word' id='word_1_284' title='bbox 2170 1508 2496 1581; x_wconf 83' lang='grc' dir='ltr'><strong>γαληνότητι</strong></span> <span class='ocrx_word' id='word_1_285' title='bbox 2516 1510 2688 1565; x_wconf 82' lang='grc' dir='ltr'><strong>αὑτοῦ</strong></span> <span class='ocrx_word' id='word_1_286' title='bbox 2711 1510 2819 1564; x_wconf 85' lang='grc' dir='ltr'><strong>τῶν</strong></span> <span class='ocrx_word' id='word_1_287' title='bbox 2855 1511 3197 1582; x_wconf 84' lang='grc' dir='ltr'><strong>Ἐκκλησιῶν</strong></span> <span class='ocrx_word' id='word_1_288' title='bbox 3217 1513 3250 1582; x_wconf 79' lang='grc' dir='ltr'>ἡ</span> <span class='ocrx_word' id='word_1_289' title='bbox 3273 1512 3566 1583; x_wconf 63' lang='grc' dir='ltr'><strong>ὁμαψυχίσ.</strong></span> <span class='ocrx_word' id='word_1_290' title='bbox 3583 1511 3766 1565; x_wconf 80' lang='grc' dir='ltr'><strong>Τοῦτο</strong></span> 
     </span>
    </p>
   </div>
   <div class='ocr_carea' id='block_1_44' title="bbox 2174 1602 3765 1675">
    <p class='ocr_par' dir='ltr' id='par_1_44' title="bbox 2174 1602 3765 1675">
     <span class='ocr_line' id='line_1_44' title="bbox 2174 1602 3765 1675; baseline 0.001 -22"><span class='ocrx_word' id='word_1_291' title='bbox 2174 1602 2497 1673; x_wconf 82' lang='grc' dir='ltr'><strong>σκοπήσασα</strong></span> <span class='ocrx_word' id='word_1_292' title='bbox 2528 1603 2624 1656; x_wconf 82' lang='grc' dir='ltr'><strong>καὶ</strong></span> <span class='ocrx_word' id='word_1_293' title='bbox 2675 1604 2708 1672; x_wconf 83' lang='grc' dir='ltr'>ἠ</span> <span class='ocrx_word' id='word_1_294' title='bbox 2761 1602 2828 1674; x_wconf 79' lang='grc' dir='ltr'><strong>σὴ</strong></span> <span class='ocrx_word' id='word_1_295' title='bbox 2869 1602 3168 1674; x_wconf 84' lang='grc' dir='ltr'><strong>τελειότης,</strong></span> <span class='ocrx_word' id='word_1_296' title='bbox 3215 1602 3287 1656; x_wconf 86' lang='grc' dir='ltr'><strong>τὰ</strong></span> <span class='ocrx_word' id='word_1_297' title='bbox 3335 1604 3503 1674; x_wconf 80' lang='grc' dir='ltr'><strong>ἑαυτῇ</strong></span> <span class='ocrx_word' id='word_1_298' title='bbox 3548 1602 3765 1675; x_wconf 66' lang='grc' dir='ltr'><strong>πράξαν.</strong></span> 
     </span>
    </p>
   </div>
   <div class='ocr_carea' id='block_1_45' title="bbox 2172 1692 3769 1768">
    <p class='ocr_par' dir='ltr' id='par_1_45' title="bbox 2172 1692 3769 1768">
     <span class='ocr_line' id='line_1_45' title="bbox 2172 1692 3769 1768; baseline 0.003 -24"><span class='ocrx_word' id='word_1_299' title='bbox 2172 1692 2454 1763; x_wconf 80' lang='grc' dir='ltr'><strong>πρέποντα</strong></span> <span class='ocrx_word' id='word_1_300' title='bbox 2489 1692 2805 1765; x_wconf 81' lang='grc' dir='ltr'><strong>βουλήθητι.</strong></span> <span class='ocrx_word' id='word_1_301' title='bbox 2831 1694 2929 1748; x_wconf 74' lang='grc' dir='ltr'><strong>καὶ</strong></span> <span class='ocrx_word' id='word_1_302' title='bbox 2972 1694 3074 1747; x_wconf 84' lang='grc' dir='ltr'><strong>ὅσα</strong></span> <span class='ocrx_word' id='word_1_303' title='bbox 3114 1693 3251 1765; x_wconf 74' lang='grc' dir='ltr'><strong>πρὸς</strong></span> <span class='ocrx_word' id='word_1_304' title='bbox 3292 1694 3629 1749; x_wconf 81' lang='grc' dir='ltr'><strong>λυσιτέλειαν</strong></span> <span class='ocrx_word' id='word_1_305' title='bbox 3655 1697 3769 1768; x_wconf 77' lang='grc' dir='ltr'><strong>ὁρᾷ</strong></span> 
     </span>
    </p>
   </div>
   <div class='ocr_carea' id='block_1_46' title="bbox 2170 1781 3769 1857">
    <p class='ocr_par' dir='ltr' id='par_1_46' title="bbox 2170 1781 3769 1857">
     <span class='ocr_line' id='line_1_46' title="bbox 2170 1781 3769 1857; baseline 0.003 -21"><span class='ocrx_word' id='word_1_306' title='bbox 2170 1781 2279 1837; x_wconf 84' lang='grc' dir='ltr'><strong>τῶν</strong></span> <span class='ocrx_word' id='word_1_307' title='bbox 2321 1783 2508 1837; x_wconf 81' lang='grc' dir='ltr'><strong>αὐτόθι</strong></span> <span class='ocrx_word' id='word_1_308' title='bbox 2549 1783 2646 1836; x_wconf 81' lang='grc' dir='ltr'><strong>τοῦ</strong></span> <span class='ocrx_word' id='word_1_309' title='bbox 2692 1783 2827 1837; x_wconf 87' lang='grc' dir='ltr'><strong>Θεοῦ</strong></span> <span class='ocrx_word' id='word_1_310' title='bbox 2856 1784 3214 1855; x_wconf 86' lang='grc' dir='ltr'><strong>Ἐκκλησιῶν.</strong></span> <span class='ocrx_word' id='word_1_311' title='bbox 3270 1784 3528 1857; x_wconf 79' lang='grc' dir='ltr'><strong>Γέγραφα</strong></span> <span class='ocrx_word' id='word_1_312' title='bbox 3579 1785 3769 1840; x_wconf 77' lang='grc' dir='ltr'><strong>τοίνυν</strong></span> 
     </span>
    </p>
   </div>
   <div class='ocr_carea' id='block_1_47' title="bbox 2173 1874 3772 1950">
    <p class='ocr_par' dir='ltr' id='par_1_47' title="bbox 2173 1874 3772 1950">
     <span class='ocr_line' id='line_1_47' title="bbox 2173 1874 3772 1950; baseline 0.003 -22"><span class='ocrx_word' id='word_1_313' title='bbox 2173 1874 2302 1946; x_wconf 76' lang='grc' dir='ltr'><strong>περὶ</strong></span> <span class='ocrx_word' id='word_1_314' title='bbox 2349 1874 2445 1929; x_wconf 83' lang='grc' dir='ltr'><strong>τοῦ</strong></span> <span class='ocrx_word' id='word_1_315' title='bbox 2495 1875 2843 1949; x_wconf 82' lang='grc' dir='ltr'><strong>πράγματος,</strong></span> <span class='ocrx_word' id='word_1_316' title='bbox 2891 1876 3153 1949; x_wconf 80' lang='grc' dir='ltr'><strong>ἐννοήσας</strong></span> <span class='ocrx_word' id='word_1_317' title='bbox 3197 1876 3259 1932; x_wconf 84' lang='grc' dir='ltr'><strong>τὸ</strong></span> <span class='ocrx_word' id='word_1_318' title='bbox 3307 1879 3624 1950; x_wconf 59' lang='grc' dir='ltr'><strong>συμφέρον</strong></span> <span class='ocrx_word' id='word_1_319' title='bbox 3664 1878 3772 1932; x_wconf 68' lang='grc' dir='ltr'><strong>καὶ</strong></span> 
     </span>
    </p>
   </div>
   <div class='ocr_carea' id='block_1_48' title="bbox 2171 1966 3773 2046">
    <p class='ocr_par' dir='ltr' id='par_1_48' title="bbox 2171 1966 3773 2046">
     <span class='ocr_line' id='line_1_48' title="bbox 2171 1966 3773 2046; baseline 0.001 -26"><span class='ocrx_word' id='word_1_320' title='bbox 2171 1966 2272 2038; x_wconf 81' lang='grc' dir='ltr'><strong>τῆς</strong></span> <span class='ocrx_word' id='word_1_321' title='bbox 2312 1967 2413 2046; x_wconf 75' lang='grc' dir='ltr'><strong>σῆς</strong></span> <span class='ocrx_word' id='word_1_322' title='bbox 2439 1969 2555 2023; x_wconf 76' lang='grc' dir='ltr'><strong>ἐστι</strong></span> <span class='ocrx_word' id='word_1_323' title='bbox 2590 1968 2930 2041; x_wconf 78' lang='grc' dir='ltr'><strong>τελειότητος</strong></span> <span class='ocrx_word' id='word_1_324' title='bbox 2959 1969 3019 2023; x_wconf 84' lang='grc' dir='ltr'><strong>τὸ</strong></span> <span class='ocrx_word' id='word_1_325' title='bbox 3048 1969 3316 2023; x_wconf 79' lang='grc' dir='ltr'><strong>ἐπιθεῖναι</strong></span> <span class='ocrx_word' id='word_1_326' title='bbox 3344 1969 3537 2041; x_wconf 82' lang='grc' dir='ltr'><strong>πέρας.</strong></span> <span class='ocrx_word' id='word_1_327' title='bbox 3568 1970 3773 2039; x_wconf 83' lang='grc' dir='ltr'><strong>Ἀμει-</strong></span> 
     </span>
    </p>
   </div>
   <div class='ocr_carea' id='block_1_49' title="bbox 2173 2055 3779 2129">
    <p class='ocr_par' dir='ltr' id='par_1_49' title="bbox 2173 2055 3779 2129">
     <span class='ocr_line' id='line_1_49' title="bbox 2173 2055 3779 2129; baseline -0.001 -18"><span class='ocrx_word' id='word_1_328' title='bbox 2173 2074 2261 2111; x_wconf 90' lang='grc' dir='ltr'><strong>νον</strong></span> <span class='ocrx_word' id='word_1_329' title='bbox 2284 2057 2395 2129; x_wconf 81' lang='grc' dir='ltr'><strong>γὰρ</strong></span> <span class='ocrx_word' id='word_1_330' title='bbox 2424 2057 2823 2128; x_wconf 81' lang='grc' dir='ltr'><strong>μετανοοῦντας</strong></span> <span class='ocrx_word' id='word_1_331' title='bbox 2852 2057 3124 2129; x_wconf 83' lang='grc' dir='ltr'><strong>δέχεσθαι.</strong></span> <span class='ocrx_word' id='word_1_332' title='bbox 3160 2057 3194 2128; x_wconf 80' lang='grc' dir='ltr'>ἢ</span> <span class='ocrx_word' id='word_1_333' title='bbox 3226 2055 3357 2126; x_wconf 82' lang='grc' dir='ltr'><strong>γοῦν</strong></span> <span class='ocrx_word' id='word_1_334' title='bbox 3382 2057 3779 2127; x_wconf 82' lang='grc' dir='ltr'><strong>ἀπαναισχυν-</strong></span> 
     </span>
    </p>
   </div>
   <div class='ocr_carea' id='block_1_50' title="bbox 2171 2148 3776 2223">
    <p class='ocr_par' dir='ltr' id='par_1_50' title="bbox 2171 2148 3776 2223">
     <span class='ocr_line' id='line_1_50' title="bbox 2171 2148 3776 2223; baseline -0.001 -21"><span class='ocrx_word' id='word_1_335' title='bbox 2171 2151 2445 2223; x_wconf 83' lang='grc' dir='ltr'><strong>τήσαντας</strong></span> <span class='ocrx_word' id='word_1_336' title='bbox 2469 2150 2837 2222; x_wconf 86' lang='grc' dir='ltr'><strong>προστεθῆναι</strong></span> <span class='ocrx_word' id='word_1_337' title='bbox 2865 2160 2904 2188; x_wconf 76' lang='grc' dir='ltr'><strong>ιη</strong></span> <span class='ocrx_word' id='word_1_338' title='bbox 2936 2149 3016 2221; x_wconf 79' lang='grc' dir='ltr'><strong>τῷ</strong></span> <span class='ocrx_word' id='word_1_339' title='bbox 3048 2150 3206 2222; x_wconf 88' lang='grc' dir='ltr'><strong>μέρει</strong></span> <span class='ocrx_word' id='word_1_340' title='bbox 3228 2148 3338 2204; x_wconf 85' lang='grc' dir='ltr'><strong>τῶν</strong></span> <span class='ocrx_word' id='word_1_341' title='bbox 3365 2148 3776 2219; x_wconf 77' lang='grc' dir='ltr'><strong>τὰ,Νεστορίου</strong></span> 
     </span>
    </p>
   </div>
   <div class='ocr_carea' id='block_1_51' title="bbox 2174 2241 3777 2315">
    <p class='ocr_par' dir='ltr' id='par_1_51' title="bbox 2174 2241 3777 2315">
     <span class='ocr_line' id='line_1_51' title="bbox 2174 2241 3777 2315; baseline 0.001 -20"><span class='ocrx_word' id='word_1_342' title='bbox 2174 2245 2391 2313; x_wconf 86' lang='grc' dir='ltr'><strong>φρονεῖν</strong></span> <span class='ocrx_word' id='word_1_343' title='bbox 2416 2241 2710 2313; x_wconf 76' lang='grc' dir='ltr'><strong>ἑλομένων.</strong></span> <span class='ocrx_word' id='word_1_344' title='bbox 2739 2242 2959 2315; x_wconf 75' lang='grc' dir='ltr'><strong>Ἐπειδὴ</strong></span> <span class='ocrx_word' id='word_1_345' title='bbox 2988 2242 3046 2297; x_wconf 80' lang='grc' dir='ltr'><strong>δὲ</strong></span> <span class='ocrx_word' id='word_1_346' title='bbox 3079 2242 3358 2313; x_wconf 85' lang='grc' dir='ltr'><strong>πάνσοφός</strong></span> <span class='ocrx_word' id='word_1_347' title='bbox 3402 2260 3462 2298; x_wconf 80' lang='grc' dir='ltr'><strong>τε</strong></span> <span class='ocrx_word' id='word_1_348' title='bbox 3493 2243 3589 2298; x_wconf 79' lang='grc' dir='ltr'><strong>καὶ</strong></span> <span class='ocrx_word' id='word_1_349' title='bbox 3622 2260 3777 2298; x_wconf 82' lang='grc' dir='ltr'><strong>παν-</strong></span> 
     </span>
    </p>
   </div>
   <div class='ocr_carea' id='block_1_52' title="bbox 2172 2335 3776 2407">
    <p class='ocr_par' dir='ltr' id='par_1_52' title="bbox 2172 2335 3776 2407">
     <span class='ocr_line' id='line_1_52' title="bbox 2172 2335 3776 2407; baseline 0.001 -20"><span class='ocrx_word' id='word_1_350' title='bbox 2172 2335 2378 2399; x_wconf 87' lang='grc' dir='ltr'><strong>τέλειος</strong></span> <span class='ocrx_word' id='word_1_351' title='bbox 2428 2335 2526 2399; x_wconf 84' lang='grc' dir='ltr'><strong>ὣν,</strong></span> <span class='ocrx_word' id='word_1_352' title='bbox 2563 2335 2859 2399; x_wconf 77' lang='grc' dir='ltr'><strong>ἐκέλευσας</strong></span> <span class='ocrx_word' id='word_1_353' title='bbox 2916 2336 3239 2407; x_wconf 79' lang='grc' dir='ltr'><strong>πεμφθῆναί</strong></span> <span class='ocrx_word' id='word_1_354' title='bbox 3287 2353 3409 2389; x_wconf 87' lang='grc' dir='ltr'><strong>τινα</strong></span> <span class='ocrx_word' id='word_1_355' title='bbox 3451 2335 3561 2389; x_wconf 83' lang='grc' dir='ltr'><strong>τῶν</strong></span> <span class='ocrx_word' id='word_1_356' title='bbox 3608 2335 3776 2406; x_wconf 81' lang='grc' dir='ltr'><strong>ἐμῶν</strong></span> 
     </span>
    </p>
   </div>
   <div class='ocr_carea' id='block_1_53' title="bbox 2174 2427 3774 2503">
    <p class='ocr_par' dir='ltr' id='par_1_53' title="bbox 2174 2427 3774 2503">
     <span class='ocr_line' id='line_1_53' title="bbox 2174 2427 3774 2503; baseline 0.004 -25"><span class='ocrx_word' id='word_1_357' title='bbox 2174 2427 2526 2497; x_wconf 84' lang='grc' dir='ltr'><strong>πονηματίων</strong></span> <span class='ocrx_word' id='word_1_358' title='bbox 2572 2436 2623 2494; x_wconf 72' lang='grc' dir='ltr'><strong>η,</strong></span> <span class='ocrx_word' id='word_1_359' title='bbox 2688 2427 2785 2481; x_wconf 67' lang='grc' dir='ltr'><strong>καὶ</strong></span> <span class='ocrx_word' id='word_1_360' title='bbox 2849 2427 3210 2499; x_wconf 78' lang='grc' dir='ltr'><strong>ψελλιζούσης</strong></span> <span class='ocrx_word' id='word_1_361' title='bbox 3271 2429 3443 2503; x_wconf 81' lang='grc' dir='ltr'><strong>ἀνέχῃ</strong></span> <span class='ocrx_word' id='word_1_362' title='bbox 3490 2429 3774 2499; x_wconf 72' lang='grc' dir='ltr'><strong>γλώττης,</strong></span> 
     </span>
    </p>
   </div>
   <div class='ocr_carea' id='block_1_54' title="bbox 2174 2515 3776 2592">
    <p class='ocr_par' dir='ltr' id='par_1_54' title="bbox 2174 2515 3776 2592">
     <span class='ocr_line' id='line_1_54' title="bbox 2174 2515 3776 2592; baseline 0.001 -22"><span class='ocrx_word' id='word_1_363' title='bbox 2174 2515 2456 2588; x_wconf 82' lang='grc' dir='ltr'><strong>ὲθάρσησα</strong></span> <span class='ocrx_word' id='word_1_364' title='bbox 2477 2518 2692 2589; x_wconf 77' lang='grc' dir='ltr'><strong>πέμψαι</strong></span> <span class='ocrx_word' id='word_1_365' title='bbox 2714 2520 2855 2583; x_wconf 79' lang='grc' dir='ltr'><strong>τέως</strong></span> <span class='ocrx_word' id='word_1_366' title='bbox 2883 2518 3063 2590; x_wconf 87' lang='grc' dir='ltr'><strong>βιϐλία</strong></span> <span class='ocrx_word' id='word_1_367' title='bbox 3084 2520 3349 2592; x_wconf 88' lang='grc' dir='ltr'><strong>τέσσαρα,</strong></span> <span class='ocrx_word' id='word_1_368' title='bbox 3379 2520 3547 2575; x_wconf 83' lang='grc' dir='ltr'><strong>πολὺν</strong></span> <span class='ocrx_word' id='word_1_369' title='bbox 3568 2519 3776 2591; x_wconf 81' lang='grc' dir='ltr'><strong>ἔχοντα</strong></span> 
     </span>
    </p>
   </div>
   <div class='ocr_carea' id='block_1_55' title="bbox 2172 2606 3776 2681">
    <p class='ocr_par' dir='ltr' id='par_1_55' title="bbox 2172 2606 3776 2681">
     <span class='ocr_line' id='line_1_55' title="bbox 2172 2606 3776 2681; baseline 0.003 -22"><span class='ocrx_word' id='word_1_370' title='bbox 2172 2606 2331 2675; x_wconf 87' lang='grc' dir='ltr'><strong>λόγον</strong></span> <span class='ocrx_word' id='word_1_371' title='bbox 2364 2607 2495 2679; x_wconf 77' lang='grc' dir='ltr'><strong>περὶ</strong></span> <span class='ocrx_word' id='word_1_372' title='bbox 2540 2608 2641 2680; x_wconf 87' lang='grc' dir='ltr'><strong>τῆς</strong></span> <span class='ocrx_word' id='word_1_373' title='bbox 2686 2607 2782 2662; x_wconf 76' lang='grc' dir='ltr'><strong>τοῦ</strong></span> <span class='ocrx_word' id='word_1_374' title='bbox 2839 2608 3092 2679; x_wconf 82' lang='grc' dir='ltr'><strong>Σωτῆρος</strong></span> <span class='ocrx_word' id='word_1_375' title='bbox 3142 2610 3299 2681; x_wconf 83' lang='grc' dir='ltr'><strong>ἡμῶν</strong></span> <span class='ocrx_word' id='word_1_376' title='bbox 3337 2609 3652 2680; x_wconf 79' lang='grc' dir='ltr'><strong>οἰκονομίας</strong></span> <span class='ocrx_word' id='word_1_377' title='bbox 3697 2611 3776 2664; x_wconf 81' lang='grc' dir='ltr'><strong>ὲκ</strong></span> 
     </span>
    </p>
   </div>
   <div class='ocr_carea' id='block_1_56' title="bbox 2172 2698 3779 2773">
    <p class='ocr_par' dir='ltr' id='par_1_56' title="bbox 2172 2698 3779 2773">
     <span class='ocr_line' id='line_1_56' title="bbox 2172 2698 3779 2773; baseline 0.001 -21"><span class='ocrx_word' id='word_1_378' title='bbox 2172 2698 2280 2753; x_wconf 84' lang='grc' dir='ltr'><strong>τῶν</strong></span> <span class='ocrx_word' id='word_1_379' title='bbox 2314 2698 2570 2752; x_wconf 85' lang='grc' dir='ltr'><strong>Παλαιῶν</strong></span> <span class='ocrx_word' id='word_1_380' title='bbox 2616 2700 2989 2772; x_wconf 85' lang='grc' dir='ltr'><strong>Γραμμάτων.</strong></span> <span class='ocrx_word' id='word_1_381' title='bbox 3038 2700 3399 2773; x_wconf 84' lang='grc' dir='ltr'><strong>Προστέθηκα</strong></span> <span class='ocrx_word' id='word_1_382' title='bbox 3443 2708 3467 2736; x_wconf 85' lang='grc' dir='ltr'>ο</span> <span class='ocrx_word' id='word_1_383' title='bbox 3518 2700 3576 2754; x_wconf 80' lang='grc' dir='ltr'><strong>δὲ</strong></span> <span class='ocrx_word' id='word_1_384' title='bbox 3609 2700 3707 2754; x_wconf 71' lang='grc' dir='ltr'><strong>καὶ</strong></span> <span class='ocrx_word' id='word_1_385' title='bbox 3742 2700 3779 2753; x_wconf 75' lang='grc' dir='ltr'><strong>ὃ</strong></span> 
     </span>
    </p>
   </div>
   <div class='ocr_carea' id='block_1_57' title="bbox 2173 2791 3777 2866">
    <p class='ocr_par' dir='ltr' id='par_1_57' title="bbox 2173 2791 3777 2866">
     <span class='ocr_line' id='line_1_57' title="bbox 2173 2791 3777 2866; baseline -0.001 -19"><span class='ocrx_word' id='word_1_386' title='bbox 2173 2795 2427 2864; x_wconf 81' lang='grc' dir='ltr'><strong>γέγραφα</strong></span> <span class='ocrx_word' id='word_1_387' title='bbox 2456 2792 2600 2847; x_wconf 84' lang='grc' dir='ltr'><strong>κατὰ</strong></span> <span class='ocrx_word' id='word_1_388' title='bbox 2626 2792 2737 2847; x_wconf 86' lang='grc' dir='ltr'><strong>τῶν</strong></span> <span class='ocrx_word' id='word_1_389' title='bbox 2765 2794 3064 2865; x_wconf 88' lang='grc' dir='ltr'><strong>Νεστορίου</strong></span> <span class='ocrx_word' id='word_1_390' title='bbox 3094 2793 3442 2866; x_wconf 78' lang='grc' dir='ltr'><strong>δυσφημιῶν·</strong></span> <span class='ocrx_word' id='word_1_391' title='bbox 3474 2791 3777 2864; x_wconf 77' lang='grc' dir='ltr'><strong>ἀποχρών-</strong></span> 
     </span>
    </p>
   </div>
   <div class='ocr_carea' id='block_1_58' title="bbox 2172 2884 3776 2957">
    <p class='ocr_par' dir='ltr' id='par_1_58' title="bbox 2172 2884 3776 2957">
     <span class='ocr_line' id='line_1_58' title="bbox 2172 2884 3776 2957; baseline 0 -20"><span class='ocrx_word' id='word_1_392' title='bbox 2172 2901 2280 2948; x_wconf 67' lang='grc' dir='ltr'><strong>τως</strong></span> <span class='ocrx_word' id='word_1_393' title='bbox 2331 2885 2389 2938; x_wconf 87' lang='grc' dir='ltr'><strong>δὲ</strong></span> <span class='ocrx_word' id='word_1_394' title='bbox 2434 2885 2536 2955; x_wconf 84' lang='grc' dir='ltr'><strong>τῆς</strong></span> <span class='ocrx_word' id='word_1_395' title='bbox 2570 2885 2670 2957; x_wconf 81' lang='grc' dir='ltr'><strong>σῆς</strong></span> <span class='ocrx_word' id='word_1_396' title='bbox 2717 2885 3059 2957; x_wconf 77' lang='grc' dir='ltr'><strong>τελειότητος</strong></span> <span class='ocrx_word' id='word_1_397' title='bbox 3107 2886 3337 2956; x_wconf 79' lang='grc' dir='ltr'><strong>ἐχούσης</strong></span> <span class='ocrx_word' id='word_1_398' title='bbox 3389 2885 3528 2957; x_wconf 83' lang='grc' dir='ltr'><strong>πρὸς</strong></span> <span class='ocrx_word' id='word_1_399' title='bbox 3575 2884 3638 2937; x_wconf 85' lang='grc' dir='ltr'><strong>τὸ</strong></span> <span class='ocrx_word' id='word_1_400' title='bbox 3671 2884 3776 2937; x_wconf 75' lang='grc' dir='ltr'><strong>καὶ</strong></span> 
     </span>
    </p>
   </div>
   <div class='ocr_carea' id='block_1_59' title="bbox 2174 2974 3770 3050">
    <p class='ocr_par' dir='ltr' id='par_1_59' title="bbox 2174 2974 3770 3050">
     <span class='ocr_line' id='line_1_59' title="bbox 2174 2974 3770 3050; baseline -0.003 -18"><span class='ocrx_word' id='word_1_401' title='bbox 2174 2980 2322 3050; x_wconf 80' lang='grc' dir='ltr'><strong>ἡμᾶς</strong></span> <span class='ocrx_word' id='word_1_402' title='bbox 2356 2977 2640 3043; x_wconf 84' lang='grc' dir='ltr'><strong>δύνασθαι,</strong></span> <span class='ocrx_word' id='word_1_403' title='bbox 2691 2979 2785 3033; x_wconf 79' lang='grc' dir='ltr'><strong>καὶ</strong></span> <span class='ocrx_word' id='word_1_404' title='bbox 2829 2979 2955 3042; x_wconf 75' lang='grc' dir='ltr'><strong>τοὺς</strong></span> <span class='ocrx_word' id='word_1_405' title='bbox 3002 2978 3191 3032; x_wconf 74' lang='grc' dir='ltr'><strong>αὐτόθι</strong></span> <span class='ocrx_word' id='word_1_406' title='bbox 3231 2976 3479 3040; x_wconf 74' lang='grc' dir='ltr'><strong>ἅπαντας</strong></span> <span class='ocrx_word' id='word_1_407' title='bbox 3507 2974 3770 3045; x_wconf 83' lang='grc' dir='ltr'><strong>ὠφελεῖν,</strong></span> 
     </span>
    </p>
   </div>
   <div class='ocr_carea' id='block_1_60' title="bbox 2174 3067 3774 3143">
    <p class='ocr_par' dir='ltr' id='par_1_60' title="bbox 2174 3067 3774 3143">
     <span class='ocr_line' id='line_1_60' title="bbox 2174 3067 3774 3143; baseline -0.003 -18"><span class='ocrx_word' id='word_1_408' title='bbox 2174 3073 2251 3136; x_wconf 88' lang='grc' dir='ltr'><strong>ὼς</strong></span> <span class='ocrx_word' id='word_1_409' title='bbox 2285 3070 2344 3139; x_wconf 80' lang='grc' dir='ltr'>ἐξ</span> <span class='ocrx_word' id='word_1_410' title='bbox 2375 3072 2597 3143; x_wconf 83' lang='grc' dir='ltr'><strong>ἀγάπης</strong></span> <span class='ocrx_word' id='word_1_411' title='bbox 2625 3072 2705 3136; x_wconf 88' lang='grc' dir='ltr'><strong>εἰς</strong></span> <span class='ocrx_word' id='word_1_412' title='bbox 2735 3070 2894 3126; x_wconf 80' lang='grc' dir='ltr'><strong>τοῦτο</strong></span> <span class='ocrx_word' id='word_1_413' title='bbox 2936 3069 3227 3143; x_wconf 83' lang='grc' dir='ltr'><strong>παρήχθην</strong></span> <span class='ocrx_word' id='word_1_414' title='bbox 3273 3081 3321 3124; x_wconf 82' lang='lat' dir='ltr'><strong>P.</strong></span> <span class='ocrx_word' id='word_1_415' title='bbox 3373 3068 3671 3138; x_wconf 80' lang='grc' dir='ltr'><strong>’Δναγνοὺς</strong></span> <span class='ocrx_word' id='word_1_416' title='bbox 3708 3067 3774 3121; x_wconf 78' lang='grc' dir='ltr'><strong>δὲ</strong></span> 
     </span>
    </p>
   </div>
   <div class='ocr_carea' id='block_1_61' title="bbox 2176 3161 3775 3234">
    <p class='ocr_par' dir='ltr' id='par_1_61' title="bbox 2176 3161 3775 3234">
     <span class='ocr_line' id='line_1_61' title="bbox 2176 3161 3775 3234; baseline -0.001 -18"><span class='ocrx_word' id='word_1_417' title='bbox 2176 3164 2271 3218; x_wconf 80' lang='grc' dir='ltr'><strong>καὶ</strong></span> <span class='ocrx_word' id='word_1_418' title='bbox 2308 3164 2699 3234; x_wconf 78' lang='grc' dir='ltr'><strong>ἐπανορθώσας</strong></span> <span class='ocrx_word' id='word_1_419' title='bbox 2729 3164 2784 3217; x_wconf 82' lang='grc' dir='ltr'><strong>εί</strong></span> <span class='ocrx_word' id='word_1_420' title='bbox 2822 3181 2876 3217; x_wconf 86' lang='grc' dir='ltr'><strong>τι</strong></span> <span class='ocrx_word' id='word_1_421' title='bbox 2928 3164 3245 3234; x_wconf 86' lang='grc' dir='ltr'><strong>παρῶπται,</strong></span> <span class='ocrx_word' id='word_1_422' title='bbox 3295 3163 3392 3218; x_wconf 80' lang='grc' dir='ltr'><strong>καὶ</strong></span> <span class='ocrx_word' id='word_1_423' title='bbox 3436 3164 3547 3227; x_wconf 80' lang='grc' dir='ltr'><strong>τοῖς</strong></span> <span class='ocrx_word' id='word_1_424' title='bbox 3581 3161 3775 3225; x_wconf 75' lang='grc' dir='ltr'><strong>ἄλλοις</strong></span> 
     </span>
    </p>
   </div>
   <div class='ocr_carea' id='block_1_62' title="bbox 477 3253 2069 3355">
    <p class='ocr_par' dir='ltr' id='par_1_62' title="bbox 477 3258 2069 3332">
     <span class='ocr_line' id='line_1_62' title="bbox 477 3258 2069 3332; baseline 0.01 -24"><span class='ocrx_word' id='word_1_425' title='bbox 477 3258 890 3314; x_wconf 83' lang='lat' dir='ltr'><strong>communicare</strong></span> <span class='ocrx_word' id='word_1_426' title='bbox 923 3259 1260 3332; x_wconf 88' lang='lat' dir='ltr'><strong>dignaberis.</strong></span> <span class='ocrx_word' id='word_1_427' title='bbox 1306 3263 1447 3319; x_wconf 89' lang='lat' dir='ltr'><strong>Sunt</strong></span> <span class='ocrx_word' id='word_1_428' title='bbox 1490 3274 1674 3321; x_wconf 89' lang='lat' dir='ltr'><strong>autem</strong></span> <span class='ocrx_word' id='word_1_429' title='bbox 1715 3267 1842 3322; x_wconf 91' lang='lat' dir='ltr'><strong>libri</strong></span> <span class='ocrx_word' id='word_1_430' title='bbox 1885 3268 1943 3323; x_wconf 92' lang='lat' dir='ltr'><strong>hi</strong></span> <span class='ocrx_word' id='word_1_431' title='bbox 1972 3287 1983 3323; x_wconf 92' lang='lat'>:</span> <span class='ocrx_word' id='word_1_432' title='bbox 2011 3269 2069 3325; x_wconf 92' lang='lat' dir='ltr'><strong>In</strong></span> 
     </span>
    </p>
   </div>
   <div class='ocr_carea' id='block_1_63' title="bbox 2177 3253 3773 3355">
    <p class='ocr_par' dir='ltr' id='par_1_63' title="bbox 2177 3253 3773 3328">
     <span class='ocr_line' id='line_1_63' title="bbox 2177 3253 3773 3328; baseline 0.001 -20"><span class='ocrx_word' id='word_1_433' title='bbox 2177 3256 2286 3309; x_wconf 87' lang='grc' dir='ltr'><strong>τῶν</strong></span> <span class='ocrx_word' id='word_1_434' title='bbox 2320 3256 2569 3327; x_wconf 84' lang='grc' dir='ltr'><strong>ἀδελφῶν</strong></span> <span class='ocrx_word' id='word_1_435' title='bbox 2620 3257 2923 3328; x_wconf 77' lang='grc' dir='ltr'><strong>ἐμφανίσαι</strong></span> <span class='ocrx_word' id='word_1_436' title='bbox 2952 3268 2981 3308; x_wconf 79' lang='grc' dir='ltr'><strong>(ι</strong></span> <span class='ocrx_word' id='word_1_437' title='bbox 3011 3256 3366 3324; x_wconf 82' lang='grc' dir='ltr'><strong>καταξίωσον.</strong></span> <span class='ocrx_word' id='word_1_438' title='bbox 3397 3256 3550 3327; x_wconf 89' lang='grc' dir='ltr'><strong>Ἔχει</strong></span> <span class='ocrx_word' id='word_1_439' title='bbox 3601 3253 3660 3308; x_wconf 77' lang='grc' dir='ltr'><strong>δὲ.</strong></span> <span class='ocrx_word' id='word_1_440' title='bbox 3695 3254 3773 3309; x_wconf 72' lang='grc' dir='ltr'><strong>τὰ</strong></span> 
     </span>
    </p>
   </div>
   <div class='ocr_carea' id='block_1_64' title="bbox 476 3344 2073 3428">
    <p class='ocr_par' dir='ltr' id='par_1_64' title="bbox 476 3344 2073 3428">
     <span class='ocr_line' id='line_1_64' title="bbox 476 3344 2073 3428; baseline 0.011 -29"><span class='ocrx_word' id='word_1_441' title='bbox 476 3344 719 3402; x_wconf 82' lang='lat' dir='ltr'><strong>Genesin</strong></span> <span class='ocrx_word' id='word_1_442' title='bbox 747 3348 888 3404; x_wconf 89' lang='lat' dir='ltr'><strong>liber</strong></span> <span class='ocrx_word' id='word_1_443' title='bbox 915 3367 1078 3417; x_wconf 89' lang='lat' dir='ltr'><strong>unus,</strong></span> <span class='ocrx_word' id='word_1_444' title='bbox 1110 3353 1185 3408; x_wconf 91' lang='lat' dir='ltr'><strong>De</strong></span> <span class='ocrx_word' id='word_1_445' title='bbox 1223 3354 1545 3411; x_wconf 86' lang='lat' dir='ltr'><strong>adoratione</strong></span> <span class='ocrx_word' id='word_1_446' title='bbox 1574 3355 1629 3411; x_wconf 90' lang='lat' dir='ltr'><strong>in</strong></span> <span class='ocrx_word' id='word_1_447' title='bbox 1655 3357 1855 3428; x_wconf 87' lang='lat' dir='ltr'><strong>spiritu</strong></span> <span class='ocrx_word' id='word_1_448' title='bbox 1892 3367 1947 3415; x_wconf 90' lang='lat' dir='ltr'><strong>et</strong></span> <span class='ocrx_word' id='word_1_449' title='bbox 1976 3375 2073 3415; x_wconf 78' lang='lat' dir='ltr'><strong>ve-</strong></span> 
     </span>
    </p>
   </div>
   <div class='ocr_carea' id='block_1_65' title="bbox 480 3437 2073 3507">
    <p class='ocr_par' dir='ltr' id='par_1_65' title="bbox 480 3437 2073 3507">
     <span class='ocr_line' id='line_1_65' title="bbox 480 3437 2073 3507; baseline 0.01 -16"><span class='ocrx_word' id='word_1_450' title='bbox 480 3437 663 3506; x_wconf 86' lang='lat' dir='ltr'><strong>ritate,</strong></span> <span class='ocrx_word' id='word_1_451' title='bbox 693 3439 821 3496; x_wconf 89' lang='lat' dir='ltr'><strong>libri</strong></span> <span class='ocrx_word' id='word_1_452' title='bbox 853 3442 964 3498; x_wconf 91' lang='lat' dir='ltr'><strong>duo</strong></span> <span class='ocrx_word' id='word_1_453' title='bbox 979 3443 1183 3501; x_wconf 88' lang='lat' dir='ltr'><strong>Contra</strong></span> <span class='ocrx_word' id='word_1_454' title='bbox 1213 3446 1569 3503; x_wconf 88' lang='lat' dir='ltr'><strong>Theodorum</strong></span> <span class='ocrx_word' id='word_1_455' title='bbox 1592 3458 1649 3504; x_wconf 91' lang='lat' dir='ltr'><strong>et</strong></span> <span class='ocrx_word' id='word_1_456' title='bbox 1669 3449 1947 3505; x_wconf 87' lang='lat' dir='ltr'><strong>Andream</strong></span> <span class='ocrx_word' id='word_1_457' title='bbox 1980 3467 2073 3507; x_wconf 86' lang='lat' dir='ltr'><strong>ca-</strong></span> 
     </span>
    </p>
   </div>
   <div class='ocr_carea' id='block_1_66' title="bbox 478 3529 2072 3599">
    <p class='ocr_par' dir='ltr' id='par_1_66' title="bbox 478 3529 2072 3599">
     <span class='ocr_line' id='line_1_66' title="bbox 478 3529 2072 3599; baseline 0.009 -16"><span class='ocrx_word' id='word_1_458' title='bbox 478 3529 675 3599; x_wconf 91' lang='lat' dir='ltr'><strong>pitula,</strong></span> <span class='ocrx_word' id='word_1_459' title='bbox 709 3534 786 3589; x_wconf 90' lang='lat' dir='ltr'><strong>De</strong></span> <span class='ocrx_word' id='word_1_460' title='bbox 823 3535 1205 3593; x_wconf 87' lang='lat' dir='ltr'><strong>lncarnatione</strong></span> <span class='ocrx_word' id='word_1_461' title='bbox 1241 3539 1385 3595; x_wconf 88' lang='lat' dir='ltr'><strong>liber</strong></span> <span class='ocrx_word' id='word_1_462' title='bbox 1417 3555 1562 3598; x_wconf 87' lang='lat' dir='ltr'><strong>unus</strong></span> <span class='ocrx_word' id='word_1_463' title='bbox 1594 3549 1789 3597; x_wconf 88' lang='lat' dir='ltr'><strong>contra</strong></span> <span class='ocrx_word' id='word_1_464' title='bbox 1827 3541 2072 3598; x_wconf 86' lang='lat' dir='ltr'><strong>Nestorii</strong></span> 
     </span>
    </p>
   </div>
   <div class='ocr_carea' id='block_1_67' title="bbox 479 3618 867 3693">
    <p class='ocr_par' dir='ltr' id='par_1_67' title="bbox 479 3618 867 3693">
     <span class='ocr_line' id='line_1_67' title="bbox 479 3618 867 3693; baseline 0.003 -17"><span class='ocrx_word' id='word_1_465' title='bbox 479 3618 867 3693; x_wconf 83' lang='lat' dir='ltr'><strong>blasphemias.</strong></span> 
     </span>
    </p>
   </div>
   <div class='ocr_carea' id='block_1_68' title="bbox 2178 3345 3771 3429">
    <p class='ocr_par' dir='ltr' id='par_1_68' title="bbox 2178 3345 3771 3429">
     <span class='ocr_line' id='line_1_68' title="bbox 2178 3345 3771 3429; baseline -0.002 -28"><span class='ocrx_word' id='word_1_466' title='bbox 2178 3347 2359 3418; x_wconf 87' lang='grc' dir='ltr'><strong>βιϐλία</strong></span> <span class='ocrx_word' id='word_1_467' title='bbox 2386 3347 2577 3412; x_wconf 72' lang='grc' dir='ltr'><strong>οὕτως.</strong></span> <span class='ocrx_word' id='word_1_468' title='bbox 2606 3349 2743 3420; x_wconf 81' lang='grc' dir='ltr'><strong>Περί</strong></span> <span class='ocrx_word' id='word_1_469' title='bbox 2771 3348 2881 3403; x_wconf 83' lang='grc' dir='ltr'><strong>τῶν</strong></span> <span class='ocrx_word' id='word_1_470' title='bbox 2922 3350 3001 3429; x_wconf 78' lang='grc' dir='ltr'><strong>εἰς</strong></span> <span class='ocrx_word' id='word_1_471' title='bbox 3044 3348 3143 3419; x_wconf 83' lang='grc' dir='ltr'><strong>τὴν</strong></span> <span class='ocrx_word' id='word_1_472' title='bbox 3183 3348 3404 3401; x_wconf 87' lang='grc' dir='ltr'><strong>Γένεσιν</strong></span> <span class='ocrx_word' id='word_1_473' title='bbox 3450 3345 3654 3416; x_wconf 84' lang='grc' dir='ltr'><strong>βιϐλίον</strong></span> <span class='ocrx_word' id='word_1_474' title='bbox 3683 3345 3771 3413; x_wconf 76' lang='grc' dir='ltr'><strong>ἓν,</strong></span> 
     </span>
    </p>
   </div>
   <div class='ocr_carea' id='block_1_69' title="bbox 2176 3441 3775 3513">
    <p class='ocr_par' dir='ltr' id='par_1_69' title="bbox 2176 3441 3775 3513">
     <span class='ocr_line' id='line_1_69' title="bbox 2176 3441 3775 3513; baseline -0.001 -20"><span class='ocrx_word' id='word_1_475' title='bbox 2176 3442 2307 3511; x_wconf 85' lang='grc' dir='ltr'><strong>περί</strong></span> <span class='ocrx_word' id='word_1_476' title='bbox 2350 3442 2452 3513; x_wconf 79' lang='grc' dir='ltr'><strong>τῆς</strong></span> <span class='ocrx_word' id='word_1_477' title='bbox 2491 3445 2550 3497; x_wconf 77' lang='grc' dir='ltr'><strong>ὲν</strong></span> <span class='ocrx_word' id='word_1_478' title='bbox 2601 3441 2873 3513; x_wconf 80' lang='grc' dir='ltr'><strong>πνεύματι</strong></span> <span class='ocrx_word' id='word_1_479' title='bbox 2936 3443 3030 3496; x_wconf 67' lang='grc' dir='ltr'><strong>καὶ</strong></span> <span class='ocrx_word' id='word_1_480' title='bbox 3072 3441 3301 3513; x_wconf 75' lang='grc' dir='ltr'><strong>ἀληθείᾳ</strong></span> <span class='ocrx_word' id='word_1_481' title='bbox 3341 3441 3775 3511; x_wconf 82' lang='grc' dir='ltr'><strong>προσκυνήσεως</strong></span> 
     </span>
    </p>
   </div>
   <div class='ocr_carea' id='block_1_70' title="bbox 2176 3532 3774 3607">
    <p class='ocr_par' dir='ltr' id='par_1_70' title="bbox 2176 3532 3774 3607">
     <span class='ocr_line' id='line_1_70' title="bbox 2176 3532 3774 3607; baseline 0.002 -21"><span class='ocrx_word' id='word_1_482' title='bbox 2176 3534 2357 3604; x_wconf 83' lang='grc' dir='ltr'><strong>βιϐλία</strong></span> <span class='ocrx_word' id='word_1_483' title='bbox 2390 3534 2506 3604; x_wconf 79' lang='grc' dir='ltr'><strong>δύο,</strong></span> <span class='ocrx_word' id='word_1_484' title='bbox 2560 3535 2697 3607; x_wconf 82' lang='grc' dir='ltr'><strong>πρὸς</strong></span> <span class='ocrx_word' id='word_1_485' title='bbox 2731 3535 3200 3606; x_wconf 78' lang='grc' dir='ltr'><strong>τὰ,Θεοδωρήτου</strong></span> <span class='ocrx_word' id='word_1_486' title='bbox 3254 3534 3348 3587; x_wconf 80' lang='grc' dir='ltr'><strong>καὶ</strong></span> <span class='ocrx_word' id='word_1_487' title='bbox 3409 3533 3659 3605; x_wconf 83' lang='grc' dir='ltr'><strong>Ἀνδρέου</strong></span> <span class='ocrx_word' id='word_1_488' title='bbox 3688 3532 3774 3604; x_wconf 80' lang='lat'><strong>(3)</strong></span> 
     </span>
    </p>
   </div>
   <div class='ocr_carea' id='block_1_71' title="bbox 2174 3623 3776 3699">
    <p class='ocr_par' dir='ltr' id='par_1_71' title="bbox 2174 3623 3776 3699">
     <span class='ocr_line' id='line_1_71' title="bbox 2174 3623 3776 3699; baseline 0.001 -21"><span class='ocrx_word' id='word_1_489' title='bbox 2174 3627 2255 3689; x_wconf 87' lang='grc' dir='ltr'><strong>είς</strong></span> <span class='ocrx_word' id='word_1_490' title='bbox 2300 3626 2370 3680; x_wconf 83' lang='grc' dir='ltr'><strong>τά</strong></span> <span class='ocrx_word' id='word_1_491' title='bbox 2417 3627 2711 3695; x_wconf 87' lang='grc' dir='ltr'><strong>κεφάλαια,</strong></span> <span class='ocrx_word' id='word_1_492' title='bbox 2768 3626 2897 3699; x_wconf 80' lang='grc' dir='ltr'><strong>περὶ</strong></span> <span class='ocrx_word' id='word_1_493' title='bbox 2946 3629 3046 3699; x_wconf 81' lang='grc' dir='ltr'><strong>τῆς</strong></span> <span class='ocrx_word' id='word_1_494' title='bbox 3097 3626 3438 3699; x_wconf 85' lang='grc' dir='ltr'><strong>Σαρκώσεως</strong></span> <span class='ocrx_word' id='word_1_495' title='bbox 3472 3624 3680 3697; x_wconf 81' lang='grc' dir='ltr'><strong>βιϐλίον</strong></span> <span class='ocrx_word' id='word_1_496' title='bbox 3712 3623 3776 3680; x_wconf 67' lang='grc' dir='ltr'><strong>ἓν</strong></span> 
     </span>
    </p>
   </div>
   <div class='ocr_carea' id='block_1_72' title="bbox 2171 3717 3147 3793">
    <p class='ocr_par' dir='ltr' id='par_1_72' title="bbox 2171 3717 3147 3793">
     <span class='ocr_line' id='line_1_72' title="bbox 2171 3717 3147 3793; baseline -0.001 -19"><span class='ocrx_word' id='word_1_497' title='bbox 2171 3717 2317 3774; x_wconf 83' lang='grc' dir='ltr'><strong>κατὰ</strong></span> <span class='ocrx_word' id='word_1_498' title='bbox 2344 3719 2454 3773; x_wconf 85' lang='grc' dir='ltr'><strong>τῶν</strong></span> <span class='ocrx_word' id='word_1_499' title='bbox 2474 3719 2776 3793; x_wconf 80' lang='grc' dir='ltr'><strong>Νεστορίου</strong></span> <span class='ocrx_word' id='word_1_500' title='bbox 2803 3719 3147 3792; x_wconf 84' lang='grc' dir='ltr'><strong>δυσφημιῶν.</strong></span> 
     </span>
    </p>
   </div>
   <div class='ocr_carea' id='block_1_73' title="bbox 1614 4024 2620 4097">
    <p class='ocr_par' dir='ltr' id='par_1_73' title="bbox 1614 4024 2620 4097">
     <span class='ocr_line' id='line_1_73' title="bbox 1614 4024 2620 4097; baseline 0 -18"><span class='ocrx_word' id='word_1_501' title='bbox 1614 4024 1953 4081; x_wconf 81' lang='lat' dir='ltr'><strong>EPISTOLA</strong></span> <span class='ocrx_word' id='word_1_502' title='bbox 1991 4025 2159 4082; x_wconf 85' lang='lat' dir='ltr'><strong>XLIV</strong></span> <span class='ocrx_word' id='word_1_503' title='bbox 2200 4026 2292 4096; x_wconf 81' lang='grc' dir='ltr'><strong>(οι.</strong></span> <span class='ocrx_word' id='word_1_504' title='bbox 2328 4024 2620 4097; x_wconf 81' lang='lat' dir='ltr'><strong>XXXVII.)</strong></span> 
     </span>
    </p>
   </div>
   <div class='ocr_carea' id='block_1_74' title="bbox 1388 4178 2857 4222">
    <p class='ocr_par' dir='ltr' id='par_1_74' title="bbox 1388 4178 2857 4222">
     <span class='ocr_line' id='line_1_74' title="bbox 1388 4178 2857 4222; baseline 0.003 -5"><span class='ocrx_word' id='word_1_505' title='bbox 1388 4178 1457 4217; x_wconf 73' lang='lat' dir='ltr'><strong>AD</strong></span> <span class='ocrx_word' id='word_1_506' title='bbox 1482 4178 1746 4218; x_wconf 67' lang='lat' dir='ltr'><strong>EULOGIUM</strong></span> <span class='ocrx_word' id='word_1_507' title='bbox 1770 4179 2145 4219; x_wconf 67' lang='lat' dir='ltr'><strong>PRESBYTEBU!</strong></span> <span class='ocrx_word' id='word_1_508' title='bbox 2174 4179 2857 4222; x_wconf 71' lang='lat' dir='ltr'><strong>CONSTANTINOPOLITANUM.</strong></span> 
     </span>
    </p>
   </div>
   <div class='ocr_carea' id='block_1_75' title="bbox 582 4289 3653 4380">
    <p class='ocr_par' dir='ltr' id='par_1_75' title="bbox 582 4289 3653 4380">
     <span class='ocr_line' id='line_1_75' title="bbox 582 4289 3653 4380; baseline 0.005 -33"><span class='ocrx_word' id='word_1_509' title='bbox 582 4289 969 4362; x_wconf 75' lang='lat' dir='ltr'><strong>Coufessionem</strong></span> <span class='ocrx_word' id='word_1_510' title='bbox 992 4296 1118 4366; x_wconf 78' lang='lat' dir='ltr'><strong>ﬁdei</strong></span> <span class='ocrx_word' id='word_1_511' title='bbox 1145 4303 1356 4372; x_wconf 72' lang='lat' dir='ltr'><strong>exponit</strong></span> <span class='ocrx_word' id='word_1_512' title='bbox 1379 4318 1600 4374; x_wconf 85' lang='lat' dir='ltr'><strong>eamque</strong></span> <span class='ocrx_word' id='word_1_513' title='bbox 1627 4300 1919 4374; x_wconf 82' lang='lat' dir='ltr'><strong>plurimum</strong></span> <span class='ocrx_word' id='word_1_514' title='bbox 1942 4306 2007 4361; x_wconf 86' lang='lat' dir='ltr'><strong>ab</strong></span> <span class='ocrx_word' id='word_1_515' title='bbox 2030 4305 2356 4378; x_wconf 79' lang='lat' dir='ltr'><strong>Apolh&#39;narii</strong></span> <span class='ocrx_word' id='word_1_516' title='bbox 2373 4316 2423 4362; x_wconf 83' lang='lat' dir='ltr'><strong>et</strong></span> <span class='ocrx_word' id='word_1_517' title='bbox 2442 4306 2675 4363; x_wconf 71' lang='lat' dir='ltr'><strong>Nestorii</strong></span> <span class='ocrx_word' id='word_1_518' title='bbox 2702 4309 2973 4380; x_wconf 80' lang='lat' dir='ltr'><strong>impietate</strong></span> <span class='ocrx_word' id='word_1_519' title='bbox 3002 4307 3287 4363; x_wconf 81' lang='lat' dir='ltr'><strong>abhorrere</strong></span> <span class='ocrx_word' id='word_1_520' title='bbox 3306 4307 3653 4364; x_wconf 76' lang='lat' dir='ltr'><strong>demonstrat.</strong></span> 
     </span>
    </p>
   </div>
   <div class='ocr_carea' id='block_1_76' title="bbox 475 4451 2069 4550">
    <p class='ocr_par' dir='ltr' id='par_1_76' title="bbox 475 4451 2067 4550">
     <span class='ocr_line' id='line_1_76' title="bbox 475 4451 2067 4550; baseline -0.001 -1"><span class='ocrx_word' id='word_1_521' title='bbox 475 4451 1486 4550; x_wconf 57' lang='lat' dir='ltr'><strong>“mnifeﬁtft:La&#39;ztffeitfs’ro</strong></span> <span class='ocrx_word' id='word_1_522' title='bbox 1532 4458 1736 4550; x_wconf 63' lang='grc' dir='ltr'><strong>σκνίιιο</strong></span> <span class='ocrx_word' id='word_1_523' title='bbox 1777 4463 1849 4550; x_wconf 60' lang='lat' dir='ltr'><strong>sd</strong></span> <span class='ocrx_word' id='word_1_524' title='bbox 1896 4463 2067 4547; x_wconf 55' lang='lat' dir='ltr'><strong>Eulo-</strong></span> 
     </span>
    </p>
   </div>
   <div class='ocr_carea' id='block_1_77' title="bbox 2177 4451 3780 4550">
    <p class='ocr_par' dir='ltr' id='par_1_77' title="bbox 2185 4465 3780 4550">
     <span class='ocr_line' id='line_1_77' title="bbox 2185 4465 3780 4550; baseline -0.001 -29"><span class='ocrx_word' id='word_1_525' title='bbox 2185 4465 2660 4550; x_wconf 64' lang='grc' dir='ltr'><strong>Ὑπομνησςτικργ</strong></span> <span class='ocrx_word' id='word_1_526' title='bbox 2718 4467 2992 4538; x_wconf 67' lang='grc' dir='ltr'><strong>Εὐλογίῳ</strong></span> <span class='ocrx_word' id='word_1_527' title='bbox 3056 4469 3439 4550; x_wconf 63' lang='grc' dir='ltr'><strong>πρεσϐυτέμρ</strong></span> <span class='ocrx_word' id='word_1_528' title='bbox 3505 4467 3780 4550; x_wconf 60' lang='grc' dir='ltr'><strong>παραμέ-</strong></span> 
     </span>
    </p>
   </div>
   <div class='ocr_carea' id='block_1_78' title="bbox 548 4523 2067 4605">
    <p class='ocr_par' dir='ltr' id='par_1_78' title="bbox 548 4523 2067 4605">
     <span class='ocr_line' id='line_1_78' title="bbox 548 4523 2067 4605; baseline 0.01 -30"><span class='ocrx_word' id='word_1_529' title='bbox 548 4523 695 4593; x_wconf 80' lang='lat' dir='ltr'><strong>gium</strong></span> <span class='ocrx_word' id='word_1_530' title='bbox 741 4526 1102 4596; x_wconf 75' lang='lat' dir='ltr'><strong>presbyterum</strong></span> <span class='ocrx_word' id='word_1_531' title='bbox 1147 4523 1607 4604; x_wconf 62' lang='lat' dir='ltr'><strong>Constantinopoli</strong></span> <span class='ocrx_word' id='word_1_532' title='bbox 1653 4542 1898 4605; x_wconf 86' lang='lat' dir='ltr'><strong>agentem</strong></span> <span class='ocrx_word' id='word_1_533' title='bbox 1937 4537 2067 4589; x_wconf 77' lang='lat' dir='ltr'><strong>mis—</strong></span> 
     </span>
    </p>
   </div>
   <div class='ocr_carea' id='block_1_79' title="bbox 552 4609 693 4647">
    <p class='ocr_par' dir='ltr' id='par_1_79' title="bbox 552 4609 693 4647">
     <span class='ocr_line' id='line_1_79' title="bbox 552 4609 693 4647; baseline 0 0"><span class='ocrx_word' id='word_1_534' title='bbox 552 4609 693 4647; x_wconf 80' lang='lat' dir='ltr'><strong>sum.</strong></span> 
     </span>
    </p>
   </div>
   <div class='ocr_carea' id='block_1_80' title="bbox 550 4701 2068 4784">
    <p class='ocr_par' dir='ltr' id='par_1_80' title="bbox 550 4701 2068 4784">
     <span class='ocr_line' id='line_1_80' title="bbox 550 4701 2068 4784; baseline 0.008 -27"><span class='ocrx_word' id='word_1_535' title='bbox 550 4701 786 4774; x_wconf 89' lang='lat' dir='ltr'><strong>Cyrillus</strong></span> <span class='ocrx_word' id='word_1_536' title='bbox 810 4705 1105 4778; x_wconf 86' lang='lat' dir='ltr'><strong>episcopus</strong></span> <span class='ocrx_word' id='word_1_537' title='bbox 1163 4706 1569 4767; x_wconf 81' lang='lat' dir='ltr'><strong>Alexandrinus</strong></span> <span class='ocrx_word' id='word_1_538' title='bbox 1627 4711 1858 4784; x_wconf 86' lang='lat' dir='ltr'><strong>Eulogio</strong></span> <span class='ocrx_word' id='word_1_539' title='bbox 1916 4714 2068 4769; x_wconf 80' lang='lat' dir='ltr'><strong>salu-</strong></span> 
     </span>
    </p>
   </div>
   <div class='ocr_carea' id='block_1_81' title="bbox 481 4803 615 4851">
    <p class='ocr_par' dir='ltr' id='par_1_81' title="bbox 481 4803 615 4851">
     <span class='ocr_line' id='line_1_81' title="bbox 481 4803 615 4851; baseline -0.007 0"><span class='ocrx_word' id='word_1_540' title='bbox 481 4803 615 4851; x_wconf 90' lang='lat' dir='ltr'><strong>tem.</strong></span> 
     </span>
    </p>
   </div>
   <div class='ocr_carea' id='block_1_82' title="bbox 548 4888 2069 4969">
    <p class='ocr_par' dir='ltr' id='par_1_82' title="bbox 548 4888 2069 4969">
     <span class='ocr_line' id='line_1_82' title="bbox 548 4888 2069 4969; baseline 0.007 -26"><span class='ocrx_word' id='word_1_541' title='bbox 548 4888 982 4961; x_wconf 79' lang='lat' dir='ltr'><strong>Expositionem,</strong></span> <span class='ocrx_word' id='word_1_542' title='bbox 1009 4906 1178 4964; x_wconf 82' lang='lat' dir='ltr'><strong>quam</strong></span> <span class='ocrx_word' id='word_1_543' title='bbox 1214 4890 1526 4950; x_wconf 88' lang='lat' dir='ltr'><strong>Orientales</strong></span> <span class='ocrx_word' id='word_1_544' title='bbox 1567 4894 1841 4963; x_wconf 79' lang='lat' dir='ltr'><strong>fecerunt,</strong></span> <span class='ocrx_word' id='word_1_545' title='bbox 1875 4913 2069 4969; x_wconf 84' lang='lat' dir='ltr'><strong>repro—</strong></span> 
     </span>
    </p>
   </div>
   <div class='ocr_carea' id='block_1_83' title="bbox 2245 4537 3779 4610">
    <p class='ocr_par' dir='ltr' id='par_1_83' title="bbox 2245 4537 3779 4610">
     <span class='ocr_line' id='line_1_83' title="bbox 2245 4537 3779 4610; baseline 0.001 -18"><span class='ocrx_word' id='word_1_546' title='bbox 2245 4537 2415 4592; x_wconf 58' lang='grc' dir='ltr'><strong>νοόιτι</strong></span> <span class='ocrx_word' id='word_1_547' title='bbox 2463 4540 2534 4592; x_wconf 76' lang='grc' dir='ltr'><strong>ἐν</strong></span> <span class='ocrx_word' id='word_1_548' title='bbox 2580 4537 3243 4603; x_wconf 73' lang='grc' dir='ltr'><strong>Κωνσταντινουπόλει,</strong></span> <span class='ocrx_word' id='word_1_549' title='bbox 3291 4538 3452 4610; x_wconf 83' lang='grc' dir='ltr'><strong>παρὰ</strong></span> <span class='ocrx_word' id='word_1_550' title='bbox 3502 4537 3608 4593; x_wconf 85' lang='grc' dir='ltr'><strong>τοῦ</strong></span> <span class='ocrx_word' id='word_1_551' title='bbox 3657 4537 3779 4610; x_wconf 77' lang='grc' dir='ltr'><strong>ἆρ-</strong></span> 
     </span>
    </p>
   </div>
   <div class='ocr_carea' id='block_1_84' title="bbox 2243 4610 3009 4679">
    <p class='ocr_par' dir='ltr' id='par_1_84' title="bbox 2243 4610 3009 4679">
     <span class='ocr_line' id='line_1_84' title="bbox 2243 4610 3009 4679; baseline -0.003 -16"><span class='ocrx_word' id='word_1_552' title='bbox 2243 4611 2647 4676; x_wconf 78' lang='grc' dir='ltr'><strong>χιεπισκόπου</strong></span> <span class='ocrx_word' id='word_1_553' title='bbox 2677 4610 3009 4679; x_wconf 74' lang='grc' dir='ltr'><strong>Κυρίλλου.</strong></span> 
     </span>
    </p>
   </div>
   <div class='ocr_carea' id='block_1_85' title="bbox 2244 4717 3778 4792">
    <p class='ocr_par' dir='ltr' id='par_1_85' title="bbox 2244 4717 3778 4792">
     <span class='ocr_line' id='line_1_85' title="bbox 2244 4717 3778 4792; baseline -0.001 -20"><span class='ocrx_word' id='word_1_554' title='bbox 2244 4717 2515 4791; x_wconf 85' lang='grc' dir='ltr'><strong>Κύριλλος</strong></span> <span class='ocrx_word' id='word_1_555' title='bbox 2559 4719 2861 4783; x_wconf 73' lang='grc' dir='ltr'><strong>ἐπίσκοπος</strong></span> <span class='ocrx_word' id='word_1_556' title='bbox 2894 4717 3306 4792; x_wconf 80' lang='grc' dir='ltr'><strong>Ἀλεξανδρείας</strong></span> <span class='ocrx_word' id='word_1_557' title='bbox 3353 4717 3595 4789; x_wconf 81' lang='grc' dir='ltr'><strong>Εὑλογίῳ</strong></span> <span class='ocrx_word' id='word_1_558' title='bbox 3645 4718 3778 4789; x_wconf 79' lang='grc' dir='ltr'><strong>χαί-</strong></span> 
     </span>
    </p>
   </div>
   <div class='ocr_carea' id='block_1_86' title="bbox 2208 4825 2308 4862">
    <p class='ocr_par' dir='ltr' id='par_1_86' title="bbox 2208 4825 2308 4862">
     <span class='ocr_line' id='line_1_86' title="bbox 2208 4825 2308 4862; baseline -0.03 0"><span class='ocrx_word' id='word_1_559' title='bbox 2208 4825 2308 4862; x_wconf 85' lang='grc' dir='ltr'><strong>ειν.</strong></span> 
     </span>
    </p>
   </div>
   <div class='ocr_carea' id='block_1_87' title="bbox 2172 4824 3779 4975">
    <p class='ocr_par' dir='ltr' id='par_1_87' title="bbox 2172 4824 3779 4975">
     <span class='ocr_line' id='line_1_87' title="bbox 2172 4824 3779 4975; baseline -0.001 -20"><span class='ocrx_word' id='word_1_560' title='bbox 2172 4824 2744 4975; x_wconf 49' lang='grc' dir='ltr'><strong>μεὶςἐπιλαμϐάνονται</strong></span> <span class='ocrx_word' id='word_1_561' title='bbox 2769 4917 2915 4965; x_wconf 89' lang='grc' dir='ltr'><strong>τινες</strong></span> <span class='ocrx_word' id='word_1_562' title='bbox 2963 4902 3063 4973; x_wconf 74' lang='grc' dir='ltr'><strong>τῆς</strong></span> <span class='ocrx_word' id='word_1_563' title='bbox 3081 4899 3373 4969; x_wconf 72' lang='grc' dir='ltr'><strong>ἐκθέσεως,</strong></span> <span class='ocrx_word' id='word_1_564' title='bbox 3405 4896 3475 4975; x_wconf 82' lang='grc' dir='ltr'><strong>ἦς</strong></span> <span class='ocrx_word' id='word_1_565' title='bbox 3502 4901 3779 4973; x_wconf 79' lang='grc' dir='ltr'><strong>πεποίην-</strong></span> 
     </span>
    </p>
   </div>
   <div class='ocr_carea' id='block_1_88' title="bbox 1883 5056 2375 5115">
    <p class='ocr_par' dir='ltr' id='par_1_88' title="bbox 1883 5056 2375 5115">
     <span class='ocr_line' id='line_1_88' title="bbox 1883 5056 2375 5115; baseline 0.004 -2"><span class='ocrx_word' id='word_1_566' title='bbox 1883 5056 2059 5113; x_wconf 65' lang='lat' dir='ltr'><strong>Variae</strong></span> <span class='ocrx_word' id='word_1_567' title='bbox 2088 5058 2375 5115; x_wconf 90' lang='lat' dir='ltr'><strong>lectiones.</strong></span> 
     </span>
    </p>
   </div>
   <div class='ocr_carea' id='block_1_89' title="bbox 549 5185 1646 5263">
    <p class='ocr_par' dir='ltr' id='par_1_89' title="bbox 549 5185 1646 5263">
     <span class='ocr_line' id='line_1_89' title="bbox 549 5185 1646 5263; baseline 0.005 -23"><span class='ocrx_word' id='word_1_568' title='bbox 549 5185 579 5263; x_wconf 62' lang='grc' dir='ltr'><strong>ξ</strong></span> <span class='ocrx_word' id='word_1_569' title='bbox 609 5186 823 5263; x_wconf 40' lang='lat' dir='ltr'><strong>Ottob;</strong></span> <span class='ocrx_word' id='word_1_570' title='bbox 848 5186 1008 5263; x_wconf 76' lang='lat' dir='ltr'><strong>addit</strong></span> <span class='ocrx_word' id='word_1_571' title='bbox 1061 5187 1213 5263; x_wconf 62' lang='grc' dir='ltr'><strong>ἴσωςτ</strong></span> <span class='ocrx_word' id='word_1_572' title='bbox 1321 5189 1339 5229; x_wconf 77' lang='grc' dir='ltr'><strong>ι</strong></span> <span class='ocrx_word' id='word_1_573' title='bbox 1373 5192 1436 5263; x_wconf 83' lang='grc' dir='ltr'><strong>ο.</strong></span> <span class='ocrx_word' id='word_1_574' title='bbox 1478 5191 1646 5263; x_wconf 86' lang='grc' dir='ltr'><strong>παρά.</strong></span> 
     </span>
    </p>
   </div>
   <div class='ocr_carea' id='block_1_90' title="bbox 477 5257 1504 5330">
    <p class='ocr_par' dir='ltr' id='par_1_90' title="bbox 477 5257 1504 5330">
     <span class='ocr_line' id='line_1_90' title="bbox 477 5257 1504 5330; baseline 0.01 -23"><span class='ocrx_word' id='word_1_575' title='bbox 477 5266 505 5307; x_wconf 72' lang='grc' dir='ltr'><strong>ιι</strong></span> <span class='ocrx_word' id='word_1_576' title='bbox 535 5257 956 5330; x_wconf 59' lang='grc' dir='ltr'><strong>νοιπαρῆλθον.</strong></span> <span class='ocrx_word' id='word_1_577' title='bbox 1048 5268 1077 5309; x_wconf 75' lang='grc' dir='ltr'><strong>ιι</strong></span> <span class='ocrx_word' id='word_1_578' title='bbox 1105 5261 1170 5314; x_wconf 86' lang='grc'><strong>0.</strong></span> <span class='ocrx_word' id='word_1_579' title='bbox 1199 5260 1504 5330; x_wconf 72' lang='grc' dir='ltr'><strong>ὲνφανίσαι.</strong></span> 
     </span>
    </p>
   </div>
   <div class='ocr_carea' id='block_1_91' title="bbox 1752 5196 2699 5268">
    <p class='ocr_par' dir='ltr' id='par_1_91' title="bbox 1752 5196 2699 5268">
     <span class='ocr_line' id='line_1_91' title="bbox 1752 5196 2699 5268; baseline 0.001 -17"><span class='ocrx_word' id='word_1_580' title='bbox 1752 5205 1792 5233; x_wconf 75' lang='grc'><strong>⁸³</strong></span> <span class='ocrx_word' id='word_1_581' title='bbox 1828 5196 1893 5251; x_wconf 90' lang='grc'><strong>0.</strong></span> <span class='ocrx_word' id='word_1_582' title='bbox 1928 5196 2325 5268; x_wconf 83' lang='grc' dir='ltr'><strong>προστεθείναι.</strong></span> <span class='ocrx_word' id='word_1_583' title='bbox 2363 5206 2390 5234; x_wconf 77' lang='grc'><strong><em>³³</em></strong></span> <span class='ocrx_word' id='word_1_584' title='bbox 2419 5196 2482 5251; x_wconf 95' lang='grc' dir='ltr'><strong>Ο.</strong></span> <span class='ocrx_word' id='word_1_585' title='bbox 2517 5196 2699 5267; x_wconf 87' lang='lat' dir='ltr'><strong>potius</strong></span> 
     </span>
    </p>
   </div>
   <div class='ocr_carea' id='block_1_92' title="bbox 2779 5194 3775 5270">
    <p class='ocr_par' dir='ltr' id='par_1_92' title="bbox 2779 5194 3775 5270">
     <span class='ocr_line' id='line_1_92' title="bbox 2779 5194 3775 5270; baseline 0.006 -21"><span class='ocrx_word' id='word_1_586' title='bbox 2779 5196 3134 5268; x_wconf 84' lang='grc' dir='ltr'><strong>πονημάτων.</strong></span> <span class='ocrx_word' id='word_1_587' title='bbox 3213 5205 3240 5234; x_wconf 83' lang='grc' dir='ltr'><strong><em>ο</em></strong></span> <span class='ocrx_word' id='word_1_588' title='bbox 3272 5200 3333 5252; x_wconf 90' lang='grc' dir='ltr'><strong>Ο.</strong></span> <span class='ocrx_word' id='word_1_589' title='bbox 3372 5194 3775 5270; x_wconf 81' lang='grc' dir='ltr'><strong>προστέθεικοι.</strong></span> 
     </span>
    </p>
   </div>
   <div class='ocr_carea' id='block_1_93' title="bbox 2035 5420 2262 5479">
    <p class='ocr_par' dir='ltr' id='par_1_93' title="bbox 2035 5420 2262 5479">
     <span class='ocr_line' id='line_1_93' title="bbox 2035 5420 2262 5479; baseline -0.004 -1"><span class='ocrx_word' id='word_1_590' title='bbox 2035 5420 2262 5479; x_wconf 57' lang='grc' dir='ltr'><strong>ΝΟΤθΕ.</strong></span> 
     </span>
    </p>
   </div>
   <div class='ocr_carea' id='block_1_94' title="bbox 549 5527 2062 5605">
    <p class='ocr_par' dir='ltr' id='par_1_94' title="bbox 549 5527 2062 5605">
     <span class='ocr_line' id='line_1_94' title="bbox 549 5527 2062 5605; baseline 0.006 -23"><span class='ocrx_word' id='word_1_591' title='bbox 549 5528 627 5600; x_wconf 84' lang='lat' dir='ltr'><strong>(l)</strong></span> <span class='ocrx_word' id='word_1_592' title='bbox 669 5527 785 5584; x_wconf 85' lang='lat' dir='ltr'><strong>Hoc</strong></span> <span class='ocrx_word' id='word_1_593' title='bbox 812 5529 1140 5605; x_wconf 77' lang='lat' dir='ltr'><strong>vocabulum</strong></span> <span class='ocrx_word' id='word_1_594' title='bbox 1179 5530 1248 5586; x_wconf 90' lang='lat' dir='ltr'><strong>de</strong></span> <span class='ocrx_word' id='word_1_595' title='bbox 1281 5530 1472 5605; x_wconf 65' lang='lat' dir='ltr'><strong>Graeco</strong></span> <span class='ocrx_word' id='word_1_596' title='bbox 1512 5534 1915 5605; x_wconf 64' lang='grc' dir='ltr'><strong>έτυμολογικῶς</strong></span> <span class='ocrx_word' id='word_1_597' title='bbox 1940 5553 2062 5591; x_wconf 66' lang='grc' dir='ltr'><strong>πιθα</strong></span> 
     </span>
    </p>
   </div>
   <div class='ocr_carea' id='block_1_95' title="bbox 480 5599 2065 5675">
    <p class='ocr_par' dir='ltr' id='par_1_95' title="bbox 480 5599 2065 5675">
     <span class='ocr_line' id='line_1_95' title="bbox 480 5599 2065 5675; baseline 0.006 -23"><span class='ocrx_word' id='word_1_598' title='bbox 480 5599 639 5675; x_wconf 69' lang='lat' dir='ltr'><strong>uans,</strong></span> <span class='ocrx_word' id='word_1_599' title='bbox 667 5607 724 5655; x_wconf 92' lang='lat' dir='ltr'><strong>et</strong></span> <span class='ocrx_word' id='word_1_600' title='bbox 747 5599 1483 5675; x_wconf 78' lang='lat' dir='ltr'><strong>ecclesiasticisauctoribus</strong></span> <span class='ocrx_word' id='word_1_601' title='bbox 1505 5599 1932 5675; x_wconf 75' lang='lat' dir='ltr'><strong>frequentatum,</strong></span> <span class='ocrx_word' id='word_1_602' title='bbox 1955 5608 2065 5662; x_wconf 86' lang='lat' dir='ltr'><strong>hoc</strong></span> 
     </span>
    </p>
   </div>
   <div class='ocr_carea' id='block_1_96' title="bbox 483 5667 2066 5732">
    <p class='ocr_par' dir='ltr' id='par_1_96' title="bbox 483 5667 2066 5732">
     <span class='ocr_line' id='line_1_96' title="bbox 483 5667 2066 5732; baseline 0.008 -12"><span class='ocrx_word' id='word_1_603' title='bbox 483 5667 605 5723; x_wconf 80' lang='lat' dir='ltr'><strong>loco</strong></span> <span class='ocrx_word' id='word_1_604' title='bbox 633 5686 743 5726; x_wconf 88' lang='lat' dir='ltr'><strong>non</strong></span> <span class='ocrx_word' id='word_1_605' title='bbox 778 5668 985 5723; x_wconf 82' lang='lat' dir='ltr'><strong>invitus</strong></span> <span class='ocrx_word' id='word_1_606' title='bbox 1013 5671 1266 5727; x_wconf 84' lang='lat' dir='ltr'><strong>adhibeo.</strong></span> <span class='ocrx_word' id='word_1_607' title='bbox 1303 5673 1516 5730; x_wconf 87' lang='lat' dir='ltr'><strong>Videsis</strong></span> <span class='ocrx_word' id='word_1_608' title='bbox 1547 5667 1728 5731; x_wconf 77' lang='lat' dir='ltr'><strong>meum</strong></span> <span class='ocrx_word' id='word_1_609' title='bbox 1753 5667 2066 5732; x_wconf 86' lang='lat' dir='ltr'><strong>Latinitatis</strong></span> 
     </span>
    </p>
   </div>
   <div class='ocr_carea' id='block_1_97' title="bbox 484 5739 1802 5815">
    <p class='ocr_par' dir='ltr' id='par_1_97' title="bbox 484 5739 1802 5815">
     <span class='ocr_line' id='line_1_97' title="bbox 484 5739 1802 5815; baseline 0.008 -24"><span class='ocrx_word' id='word_1_610' title='bbox 484 5739 1053 5815; x_wconf 56' lang='lat' dir='ltr'><strong>iioylrmﬁlossarium</strong></span> <span class='ocrx_word' id='word_1_611' title='bbox 1084 5742 1265 5815; x_wconf 79' lang='lat' dir='ltr'><strong>Spicil.</strong></span> <span class='ocrx_word' id='word_1_612' title='bbox 1296 5743 1447 5815; x_wconf 82' lang='lat' dir='ltr'><strong>Rom.</strong></span> <span class='ocrx_word' id='word_1_613' title='bbox 1486 5754 1525 5798; x_wconf 90' lang='lat' dir='ltr'><strong>t.</strong></span> <span class='ocrx_word' id='word_1_614' title='bbox 1551 5745 1639 5800; x_wconf 81' lang='lat' dir='ltr'><strong>IX.</strong></span> <span class='ocrx_word' id='word_1_615' title='bbox 1679 5746 1802 5801; x_wconf 78' lang='lat' dir='ltr'><strong>MM.</strong></span> 
     </span>
    </p>
   </div>
   <div class='ocr_carea' id='block_1_98' title="bbox 563 5809 2067 5888">
    <p class='ocr_par' dir='ltr' id='par_1_98' title="bbox 563 5809 2067 5888">
     <span class='ocr_line' id='line_1_98' title="bbox 563 5809 2067 5888; baseline 0.005 -24"><span class='ocrx_word' id='word_1_616' title='bbox 563 5809 843 5888; x_wconf 65' lang='lat' dir='ltr'><strong>(2)_Nota‘.</strong></span> <span class='ocrx_word' id='word_1_617' title='bbox 885 5822 1015 5888; x_wconf 75' lang='lat' dir='ltr'><strong>sunt</strong></span> <span class='ocrx_word' id='word_1_618' title='bbox 1046 5809 1191 5870; x_wconf 78' lang='lat' dir='ltr'><strong>cura:</strong></span> <span class='ocrx_word' id='word_1_619' title='bbox 1216 5814 1511 5888; x_wconf 78' lang='lat' dir='ltr'><strong>Theodosii</strong></span> <span class='ocrx_word' id='word_1_620' title='bbox 1553 5816 1801 5888; x_wconf 74' lang='lat' dir='ltr'><strong>.lunioris</strong></span> <span class='ocrx_word' id='word_1_621' title='bbox 1826 5817 1958 5888; x_wconf 87' lang='lat' dir='ltr'><strong>imp.</strong></span> <span class='ocrx_word' id='word_1_622' title='bbox 1999 5818 2067 5872; x_wconf 92' lang='lat' dir='ltr'><strong>de</strong></span> 
     </span>
    </p>
   </div>
   <div class='ocr_carea' id='block_1_99' title="bbox 486 5880 2067 5958">
    <p class='ocr_par' dir='ltr' id='par_1_99' title="bbox 486 5880 2067 5958">
     <span class='ocr_line' id='line_1_99' title="bbox 486 5880 2067 5958; baseline 0.004 -22"><span class='ocrx_word' id='word_1_623' title='bbox 486 5880 625 5958; x_wconf 73' lang='lat' dir='ltr'><strong>pace</strong></span> <span class='ocrx_word' id='word_1_624' title='bbox 656 5880 801 5937; x_wconf 88' lang='lat' dir='ltr'><strong>inter</strong></span> <span class='ocrx_word' id='word_1_625' title='bbox 831 5882 1120 5958; x_wconf 77' lang='lat' dir='ltr'><strong>episcopos</strong></span> <span class='ocrx_word' id='word_1_626' title='bbox 1162 5886 1526 5958; x_wconf 78' lang='lat' dir='ltr'><strong>concilianda.</strong></span> <span class='ocrx_word' id='word_1_627' title='bbox 1572 5886 1640 5939; x_wconf 79' lang='lat' dir='ltr'><strong>Et</strong></span> <span class='ocrx_word' id='word_1_628' title='bbox 1679 5880 1921 5956; x_wconf 64' lang='lat' dir='ltr'><strong>quidem&#39;</strong></span> <span class='ocrx_word' id='word_1_629' title='bbox 1950 5889 2067 5958; x_wconf 81' lang='lat' dir='ltr'><strong>ipsc</strong></span> 
     </span>
    </p>
   </div>
   <div class='ocr_carea' id='block_1_100' title="bbox 488 5953 2069 6031">
    <p class='ocr_par' dir='ltr' id='par_1_100' title="bbox 488 5953 2069 6031">
     <span class='ocr_line' id='line_1_100' title="bbox 488 5953 2069 6031; baseline 0.003 -22"><span class='ocrx_word' id='word_1_630' title='bbox 488 5953 767 6026; x_wconf 73' lang='lat' dir='ltr'><strong>Augustus</strong></span> <span class='ocrx_word' id='word_1_631' title='bbox 813 5953 978 6023; x_wconf 86' lang='lat' dir='ltr'><strong>paulo</strong></span> <span class='ocrx_word' id='word_1_632' title='bbox 1008 5956 1424 6013; x_wconf 77' lang='lat' dir='ltr'><strong>commotiorcin</strong></span> <span class='ocrx_word' id='word_1_633' title='bbox 1448 5956 1550 6012; x_wconf 89' lang='lat' dir='ltr'><strong>hac</strong></span> <span class='ocrx_word' id='word_1_634' title='bbox 1582 5953 1747 6028; x_wconf 79' lang='lat' dir='ltr'><strong>super</strong></span> <span class='ocrx_word' id='word_1_635' title='bbox 1769 5974 1826 6013; x_wconf 87' lang='lat' dir='ltr'><strong>re</strong></span> <span class='ocrx_word' id='word_1_636' title='bbox 1848 5953 2069 6031; x_wconf 79' lang='lat' dir='ltr'><strong>scripsit</strong></span> 
     </span>
    </p>
   </div>
   <div class='ocr_carea' id='block_1_101' title="bbox 2168 5536 3767 5610">
    <p class='ocr_par' dir='ltr' id='par_1_101' title="bbox 2168 5536 3767 5610">
     <span class='ocr_line' id='line_1_101' title="bbox 2168 5536 3767 5610; baseline -0.002 -17"><span class='ocrx_word' id='word_1_637' title='bbox 2168 5538 2457 5609; x_wconf 88' lang='lat' dir='ltr'><strong>epistolam</strong></span> <span class='ocrx_word' id='word_1_638' title='bbox 2501 5538 2866 5610; x_wconf 85' lang='lat' dir='ltr'><strong>adnostrum</strong></span> <span class='ocrx_word' id='word_1_639' title='bbox 2911 5539 3200 5610; x_wconf 80' lang='lat' dir='ltr'><strong>Cyrillum,</strong></span> <span class='ocrx_word' id='word_1_640' title='bbox 3243 5553 3366 5608; x_wconf 69' lang='lat' dir='ltr'><strong>quae</strong></span> <span class='ocrx_word' id='word_1_641' title='bbox 3399 5544 3578 5610; x_wconf 75' lang='lat' dir='ltr'><strong>exstat</strong></span> <span class='ocrx_word' id='word_1_642' title='bbox 3615 5536 3767 5610; x_wconf 70' lang='lat' dir='ltr'><strong>inter</strong></span> 
     </span>
    </p>
   </div>
   <div class='ocr_carea' id='block_1_102' title="bbox 2169 5607 3762 5680">
    <p class='ocr_par' dir='ltr' id='par_1_102' title="bbox 2169 5607 3762 5680">
     <span class='ocr_line' id='line_1_102' title="bbox 2169 5607 3762 5680; baseline -0.003 -15"><span class='ocrx_word' id='word_1_643' title='bbox 2169 5607 2290 5665; x_wconf 76' lang='lat' dir='ltr'><strong>acta</strong></span> <span class='ocrx_word' id='word_1_644' title='bbox 2313 5609 2535 5665; x_wconf 90' lang='lat' dir='ltr'><strong>concilii</strong></span> <span class='ocrx_word' id='word_1_645' title='bbox 2564 5609 2827 5680; x_wconf 87' lang='lat' dir='ltr'><strong>Ephesini</strong></span> <span class='ocrx_word' id='word_1_646' title='bbox 2855 5609 2943 5665; x_wconf 90' lang='lat' dir='ltr'><strong>ed.</strong></span> <span class='ocrx_word' id='word_1_647' title='bbox 2961 5607 3181 5666; x_wconf 40' lang='lat' dir='ltr'><strong>’Labbei</strong></span> <span class='ocrx_word' id='word_1_648' title='bbox 3210 5607 3270 5664; x_wconf 85' lang='lat' dir='ltr'><strong>et</strong></span> <span class='ocrx_word' id='word_1_649' title='bbox 3286 5607 3571 5673; x_wconf 80' lang='lat' dir='ltr'><strong>Cossartii,</strong></span> <span class='ocrx_word' id='word_1_650' title='bbox 3597 5614 3636 5660; x_wconf 93' lang='lat' dir='ltr'><strong>t.</strong></span> <span class='ocrx_word' id='word_1_651' title='bbox 3668 5607 3762 5674; x_wconf 76' lang='grc' dir='ltr'><strong>ιιι,</strong></span> 
     </span>
    </p>
   </div>
   <div class='ocr_carea' id='block_1_103' title="bbox 2174 5680 2494 5751">
    <p class='ocr_par' dir='ltr' id='par_1_103' title="bbox 2174 5680 2494 5751">
     <span class='ocr_line' id='line_1_103' title="bbox 2174 5680 2494 5751; baseline 0.003 -17"><span class='ocrx_word' id='word_1_652' title='bbox 2174 5697 2231 5751; x_wconf 93' lang='lat' dir='ltr'><strong>p.</strong></span> <span class='ocrx_word' id='word_1_653' title='bbox 2260 5680 2385 5751; x_wconf 79' lang='lat'><strong>979.</strong></span> <span class='ocrx_word' id='word_1_654' title='bbox 2421 5681 2494 5751; x_wconf 75' lang='lat' dir='ltr'><strong>lu.</strong></span> 
     </span>
    </p>
   </div>
   <div class='ocr_carea' id='block_1_104' title="bbox 2244 5747 3764 5822">
    <p class='ocr_par' dir='ltr' id='par_1_104' title="bbox 2244 5747 3764 5822">
     <span class='ocr_line' id='line_1_104' title="bbox 2244 5747 3764 5822; baseline 0 -19"><span class='ocrx_word' id='word_1_655' title='bbox 2244 5750 2321 5822; x_wconf 74' lang='grc'><strong>(5)</strong></span> <span class='ocrx_word' id='word_1_656' title='bbox 2354 5750 2556 5807; x_wconf 85' lang='lat' dir='ltr'><strong>Confer</strong></span> <span class='ocrx_word' id='word_1_657' title='bbox 2584 5749 2855 5822; x_wconf 76' lang='lat' dir='ltr'><strong>Anastasii</strong></span> <span class='ocrx_word' id='word_1_658' title='bbox 2889 5749 3191 5822; x_wconf 77' lang='lat' dir='ltr'><strong>presbyteri</strong></span> <span class='ocrx_word' id='word_1_659' title='bbox 3226 5749 3502 5822; x_wconf 80' lang='lat' dir='ltr'><strong>Eclogasa</strong></span> <span class='ocrx_word' id='word_1_660' title='bbox 3534 5747 3764 5822; x_wconf 75' lang='lat' dir='ltr'><strong>meedi-</strong></span> 
     </span>
    </p>
   </div>
   <div class='ocr_carea' id='block_1_105' title="bbox 2176 5818 3762 5946">
    <p class='ocr_par' dir='ltr' id='par_1_105' title="bbox 2176 5818 3762 5946">
     <span class='ocr_line' id='line_1_105' title="bbox 2176 5818 3762 5946; baseline -0.001 -69"><span class='ocrx_word' id='word_1_661' title='bbox 2176 5818 2260 5877; x_wconf 84' lang='lat' dir='ltr'><strong>tas</strong></span> <span class='ocrx_word' id='word_1_662' title='bbox 2283 5818 2475 5893; x_wconf 84' lang='lat' dir='ltr'><strong>Script.</strong></span> <span class='ocrx_word' id='word_1_663' title='bbox 2504 5829 2627 5902; x_wconf 59' lang='lat' dir='ltr'><strong>vet,</strong></span> <span class='ocrx_word' id='word_1_664' title='bbox 2667 5828 2704 5875; x_wconf 89' lang='lat' dir='ltr'><strong>t.</strong></span> <span class='ocrx_word' id='word_1_665' title='bbox 2741 5818 2971 5946; x_wconf 45' lang='lat' dir='ltr'><strong>_Vll,‘§.</strong></span> <span class='ocrx_word' id='word_1_666' title='bbox 3005 5818 3071 5884; x_wconf 73' lang='grc' dir='ltr'><strong>εξ</strong></span> <span class='ocrx_word' id='word_1_667' title='bbox 3120 5818 3762 5891; x_wconf 72' lang='grc' dir='ltr'><strong>ιιιιιιιιιιιοὉτίεηιιιίὶιιιη</strong></span> 
     </span>
     <span class='ocr_line' id='line_1_106' title="bbox 2176 5889 3183 5946; baseline -0.001 0"><span class='ocrx_word' id='word_1_668' title='bbox 2176 5892 2413 5946; x_wconf 76' lang='lat' dir='ltr'><strong>capitula</strong></span> <span class='ocrx_word' id='word_1_669' title='bbox 2446 5892 2668 5946; x_wconf 79' lang='lat' dir='ltr'><strong>scripsit</strong></span> <span class='ocrx_word' id='word_1_670' title='bbox 2700 5892 2789 5946; x_wconf 77' lang='lat' dir='ltr'><strong>hic</strong></span> <span class='ocrx_word' id='word_1_671' title='bbox 2821 5892 2903 5946; x_wconf 81' lang='lat' dir='ltr'><strong>An</strong></span> <span class='ocrx_word' id='word_1_672' title='bbox 2949 5906 3084 5946; x_wconf 80' lang='lat' dir='ltr'><strong>reas.</strong></span> <span class='ocrx_word' id='word_1_673' title='bbox 3110 5889 3183 5946; x_wconf 80' lang='lat' dir='ltr'><strong>lu.</strong></span> 
     </span>
    </p>
   </div>
   <div class='ocr_carea' id='block_1_106' title="bbox 2174 5889 3183 5965">
    <p class='ocr_par' dir='ltr' id='par_1_106' title="bbox 2174 5889 3183 5965">
     <span class='ocr_line' id='line_1_107' title="bbox 2174 5889 3183 5965; baseline -0.004 -16"><span class='ocrx_word' id='word_1_674' title='bbox 2174 5889 2413 5965; x_wconf 78' lang='lat' dir='ltr'><strong>capitula</strong></span> <span class='ocrx_word' id='word_1_675' title='bbox 2446 5892 2668 5963; x_wconf 87' lang='lat' dir='ltr'><strong>scripsit</strong></span> <span class='ocrx_word' id='word_1_676' title='bbox 2700 5892 2789 5949; x_wconf 92' lang='lat' dir='ltr'><strong>hic</strong></span> <span class='ocrx_word' id='word_1_677' title='bbox 2821 5889 3084 5947; x_wconf 80' lang='lat' dir='ltr'><strong>Andreas.</strong></span> <span class='ocrx_word' id='word_1_678' title='bbox 3110 5889 3183 5946; x_wconf 80' lang='lat' dir='ltr'><strong>lu.</strong></span> 
     </span>
    </p>
   </div>
  </div>
