4048 6464
537 276 646 334 227

1547 268 1604 324 S.
1645 267 1921 324 CYRILLI
1958 267 2433 324 ALEXANDRINI
2470 271 2789 328 ARCHIEP.

3699 265 3810 322 2‘28

542 408 688 448 unus
709 393 821 462 jam
853 388 1069 445 exsistit
1086 386 1361 451 Christus,
1386 401 1606 455 unaque
1631 386 1805 456 ipsius
1829 394 2045 449 natura,
2064 394 2126 439 ut

2232 390 2528 460 μονογενὴς
2556 390 2748 459 Λόγος,
2776 389 3042 462 ἐγεννήθη
3069 390 3098 443 ό
3126 386 3288 453 αὐτὸς
3320 386 3416 443 καὶ
3454 387 3597 443 κατὰ
3625 388 3812 458 σάρκα

540 483 710 540 Verbi
737 480 1000 535 nimirum
1027 478 1316 534 incamati.
1346 478 1473 533 llmc
1503 478 1739 533 confessi
1776 485 1906 533 sunt
1927 477 2122 533 Orien-

455 563 465 595 "
540 574 699 638 tales,
739 572 991 643 quamvis
1017 570 1205 626 verbis
1236 571 1518 640 aliquanto
1558 569 1974 625 obscurioribus
2012 571 2119 625 usi.

539 665 643 732 Qui
665 666 815 720 enim
838 662 1193 728 conﬁtentur,
1219 663 1355 718 illud
1377 678 1448 718 ex
1469 663 1582 717 Deo
1607 663 1768 718 Patre
1788 669 1978 717 natum
2003 661 2127 717 uni-

537 758 787 829 genitum
809 756 1073 822 Verbum,
1104 756 1248 811 idem
1278 756 1447 811 etiam
1476 755 1780 811 secundum
1806 772 2030 812 carnem
2057 772 2126 813 ex

537 850 771 905 muliere
796 856 989 904 natum
1009 864 1165 915 esse;
1200 857 1255 903 et
1284 857 1528 917 sanctam
1551 848 1831 920 Virginem
1854 849 1952 904 Dei
1973 849 2126 919 geni-

536 942 758 1008 tricem,
779 949 837 997 et
859 957 1025 997 unam
1047 956 1169 996 esse
1196 940 1402 998 Christi
1425 956 1739 1011 personam,
1767 949 1823 995 et
1842 956 1955 995 non
1986 941 2127 997 duos

538 1032 727 1098 Filios,
752 1049 858 1089 nec
895 1034 1038 1088 duos
1057 1032 1326 1097 Christos,
1352 1032 1449 1087 sed
1491 1046 1668 1086 unum
1706 1039 1916 1087 tantum
1943 1048 1956 1084 :
1981 1046 2125 1101 quo-

538 1125 705 1179 modo
732 1124 972 1180 Nestorii
1015 1123 1371 1193 opinionibus
1409 1123 1796 1177 consentiunt?
1836 1122 2126 1178 Nestorius

537 1215 687 1269 enim
724 1214 779 1267 in
806 1215 923 1267 suis
943 1211 1380 1283 expositionibus
1403 1212 1627 1267 simulat
1650 1227 1710 1267 se
1741 1211 1931 1267 dicere
1952 1227 2125 1267 unum

539 1311 756 1361 tantum
797 1304 1029 1369 Filium,
1072 1312 1130 1359 et
1168 1319 1340 1358 unum
1381 1304 1562 1359 solum
1603 1304 1897 1360 Dominum
1942 1319 2064 1359 esse
2108 1322 2122 1358 :

536 1398 637 1453 sed
683 1396 1006 1452 ﬁliationem
1031 1412 1096 1451 ac
1118 1396 1549 1452 dominationem
1572 1395 1641 1450 ad
1669 1396 1848 1451 solum
1872 1397 1970 1451 Dei
1995 1397 2129 1453 Ver-

534 1486 671 1542 bum
693 1486 880 1542 refert.
904 1487 975 1541 At
996 1486 1092 1541 ubi
1115 1485 1182 1541 ad
1206 1486 1633 1557 dispensationis
1651 1488 1973 1559 mysterium
1996 1503 2128 1542 ven-

539 1586 656 1659 tum
686 1590 791 1646 est,
819 1594 1014 1634 rursus
1037 1585 1099 1632 ut
1128 1578 1299 1632 alium
1337 1578 1629 1633 Dominum
1674 1579 1905 1634 seorsim
1944 1578 2125 1634 homi-

538 1686 666 1727 nem
700 1672 834 1727 dicit
854 1687 924 1727 ex
946 1670 1177 1725 muliere
1205 1677 1417 1735 natum,
1445 1669 1540 1739 qui
1562 1671 1676 1724 sola
1698 1671 1925 1740 aequalis
1946 1671 2125 1726 hono-

539 1764 620 1819 ris
656 1764 923 1836 dignitate
965 1763 1293 1833 conjunctus
1326 1764 1398 1818 sit
1434 1757 1633 1819 Verbo.
1669 1762 2124 1833 Quandoquidem

540 1854 726 1910 dicere
768 1854 865 1908 Dei
889 1853 1132 1910 Verbum
1170 1853 1243 1909 ob
1274 1854 1330 1908 id
1358 1853 1639 1909 Christum
1668 1854 1942 1909 nominari
1979 1853 2129 1925 quod

538 1963 666 2003 cum
691 1948 913 2003 Christo
947 1946 1394 2018 eonjunctionem
1426 1947 1649 2012 habeat,
1681 1947 1814 2017 quid
1856 1947 2007 2001 aliud
2047 1955 2131 2002 est

537 2053 703 2108 quam
730 2038 878 2093 clare
901 2052 1151 2092 asserere
1175 2036 1316 2092 duos
1346 2052 1471 2092 esse
1508 2036 1782 2103 Christos,
1807 2037 1852 2093 si
1876 2037 2130 2093 Christus

537 2146 667 2187 cum
687 2130 908 2187 Christo
931 2129 1378 2202 conjunctionem
1399 2130 1589 2195 habet,
1611 2137 1675 2185 ut
1696 2131 1837 2188 alius
1862 2130 2129 2187 nimirum

538 2239 665 2279 cum
691 2224 836 2278 alio?
860 2222 933 2278 At
955 2237 1088 2277 vero
1119 2220 1428 2277 Orientales
1451 2222 1588 2276 nihil
1617 2223 1888 2294 ejusmodi
1915 2222 2129 2295 dicunt,

537 2316 716 2371 solum
742 2322 926 2370 autem
948 2329 1115 2369 voces
1137 2314 1481 2370 discernunt.
1502 2314 1837 2370 Discernunt
1859 2325 2042 2371 autem
2060 2314 2129 2369 ad

537 2422 668 2462 eum
701 2407 925 2467 modum
947 2446 961 2471 ,
994 2414 1057 2461 ut
1090 2405 1225 2461 alias
1261 2406 1487 2476 quidem
1513 2406 1812 2472 divinitati,
1836 2407 1972 2461 alias
1998 2421 2129 2461 vero

538 2498 893 2565 humanitati,
910 2498 1048 2554 alias
1071 2506 1254 2553 autem
1273 2498 1499 2568 utrique
1527 2498 1899 2553 communiter
1923 2513 2128 2552 conve-

536 2593 662 2647 nire
677 2593 884 2658 dicant,
914 2593 1061 2662 quod
1077 2593 1244 2648 simul
1268 2592 1510 2647 habeant
1533 2590 1683 2661 quod
1704 2591 1819 2645 Deo
1839 2597 1896 2644 et
1916 2590 2129 2645 homini

537 2685 849 2751 conveniat,
865 2685 940 2739 ita
965 2691 1169 2750 tamen,
1190 2691 1253 2739 ut
1266 2697 1460 2739 omnes
1476 2681 1545 2736 de
1562 2697 1671 2736 una
1685 2681 1989 2750 eademque
2006 2696 2132 2751 per-

539 2789 675 2830 sona
697 2775 970 2831 dicantur.
992 2774 1062 2831 At
1090 2791 1201 2830 non
1227 2774 1303 2828 ita
1325 2772 1640 2838 Nestorius,
1668 2772 1762 2841 qui
1795 2771 1932 2826 alias
1945 2772 2129 2827 Verbo

540 2866 639 2922 Dei
663 2867 917 2932 seorsim,
932 2867 1069 2923 alias
1090 2881 1223 2922 vero
1241 2865 1319 2920 illi
1351 2864 1582 2920 ascribit
1605 2880 1674 2919 ex
1706 2863 1947 2920 muliere
1971 2872 2125 2930 nato,

542 2966 802 3028 tanquam
815 2958 975 3015 alteri
986 2957 1311 3013 Filio.Aliud
1326 2966 1512 3012 autem
1525 2965 1610 3011 est
1623 2971 1820 3012 vocum
1833 2972 2128 3028 agnoscere

541 3048 952 3116 diﬂ‘erentiam;
988 3048 1140 3104 aliud
1174 3064 1396 3103 rursum
1431 3048 1648 3104 duabus
1687 3047 1962 3119 personis,
2007 3056 2128 3102 tan-
2156 3077 2201 3136 ρ

542 3155 706 3210 quam
726 3141 884 3196 alteri
898 3148 955 3195 et
974 3141 1158 3204 alteri,
1174 3138 1498 3195 differentes
1513 3139 1927 3195 accommodare
1941 3154 2127 3195 voces.

543 3233 791 3303 Epistola
835 3247 970 3288 vero
1010 3233 1080 3288 ad
1103 3232 1362 3287 Acacium
1398 3233 1695 3302 praecipue,
1726 3233 1883 3303 cujus
1910 3232 2129 3287 initium

541 3330 629 3379 est
653 3341 666 3377 :
699 3343 719 3375 ι
737 3324 849 3379 Res
868 3338 1001 3379 sane
1020 3322 1199 3379 dulcis
1214 3330 1272 3379 et
1292 3323 1747 3379 commendabilis
1761 3331 1847 3378 est
1866 3323 2131 3380 fratribus

542 3417 721 3470 amica
752 3414 1032 3480 salutatio,
1075 3432 1094 3465 ι
1127 3415 1290 3485 plene
1322 3415 1392 3470 de
1429 3414 1514 3469 his
1543 3415 1802 3471 omnibus
1842 3415 2127 3471 satisfacit.

543 3506 728 3562 Habes
743 3514 801 3561 et
828 3505 1097 3576 plurimas
1118 3522 1338 3577 quoque
1359 3506 1622 3576 epistolas
1644 3507 1700 3561 in
1723 3508 1969 3578 capsula,
1994 3522 2132 3577 quas

543 3596 793 3654 studiose
835 3597 1054 3652 tradere
1098 3598 1304 3653 debes:
1329 3598 1469 3653 oﬂ‘er
1502 3600 1670 3655 etiam
1702 3600 2131 3671 magniﬁcentis-

543 3688 686 3744 simo
724 3689 1019 3758 praeposito
1057 3688 1197 3744 duos
1224 3689 1441 3745 libellos
1471 3706 1612 3760 quos
1638 3692 1706 3746 ad
1750 3692 1905 3747 illum
1949 3693 2075 3748 misi
2115 3711 2129 3747 :

545 3781 782 3836 alterum
811 3788 1003 3836 contra
1024 3780 1263 3837 Nestorii
1288 3782 1659 3853 blasphemias
1682 3784 1972 3855 scriptum,
2000 3786 2135 3841 alte-

544 3887 671 3926 rum
707 3879 827 3926 acta
866 3873 1057 3945 synodi
1086 3881 1278 3928 contra
1301 3873 1635 3940 Nestorium,
1663 3874 2020 3945 ejusdemque
2043 3891 2131 3931 as-

545 3963 742 4027 seclas,
774 3965 1250 4034 complectentem,
1275 3973 1332 4021 et
1365 3966 1746 4033 refutationes,
1772 3983 1909 4037 quas
1942 3974 2133 4024 contra

545 4056 823 4112 Andream
860 4064 919 4112 et
956 4058 1363 4114 Theodoretum
1396 4060 1705 4131 episcopos,
1737 4060 1833 4130 qui
1869 4059 2134 4116 adversus

545 4149 726 4219 capita
748 4150 1109 4220 scripserunt,
1147 4151 1317 4206 edidi.
1354 4150 1750 4222 Complectitur
1772 4160 1954 4206 autem
1986 4152 2132 4206 idem

543 4239 766 4295 libellus
804 4240 908 4295 sub
948 4239 1113 4295 ﬁnem
1154 4240 1355 4296 breves
1387 4240 1653 4311 quasdam
1686 4240 1843 4312 135
1870 4241 1937 4296 de
1970 4240 2136 4297 Chri-

542 4331 613 4387 sti
661 4331 1073 4403 dispensatione
1126 4332 1541 4402 expositiones,
1583 4348 1787 4404 easque
1829 4334 2005 4389 bonas
2037 4333 2135 4390 ad-

2226 482 2290 534 ὲκ
2316 482 2598 550 γυναικὸς,
2622 482 2718 536 καὶ
2737 484 2818 537 ὅτι
2841 483 3103 547 Θεοτόκος
3124 483 3273 537 ἐστὶν
3294 484 3328 553 ἡ
3356 481 3488 550 ἁγία
3507 480 3814 552 Παρθένος,

2226 573 2321 626 καὶ
2342 573 2426 628 ὅτι
2448 574 2506 627 ἓν
2528 575 2694 628 αὐτοῦ
2725 575 2787 628 τὸ
2818 577 3131 645 πρόσωπον,
3151 574 3247 629 καὶ
3263 575 3344 628 ὅτι
3367 573 3429 627 οὐ
3466 572 3561 627 δύο
3583 572 3728 636 Υἱοὶ,
3750 572 3817 624 οὐ

2225 664 2319 718 δύο
2333 666 2581 737 Χριστοὶ,
2599 667 2714 721 ἀλλ’
2738 661 2964 731 εἶς,πῶς
2978 670 3098 730 ταῖς
3113 665 3410 738 Νεστορίου
3438 665 3819 737 συμφέρονται

2225 757 2440 825 δόξαιςς
2484 758 2780 830 Νεπόριος
2811 760 2910 832 μὲν
2933 759 3040 831 γὰρ
3062 761 3120 812 ὲν
3148 761 3269 822 ταῖς
3291 756 3486 812 ἑαυτοῦ
3517 756 3822 827 ὲξηγήσεσι

2202 852 2609 927 ’προσποιεῖται
2661 851 2841 920 λέγειν
2877 852 2960 906 ὅτι
3010 851 3138 915 Υίδς
3181 846 3284 915 εἷς,
3319 848 3411 904 καὶ
3460 844 3541 914 εἷς
3574 847 3818 920 Κύριος⁶

2226 940 2365 994 ἀλλά
2395 941 2657 1012 ἀναφέρει
2699 942 2799 1011 τὴν
2833 943 3059 1015 υίότητα
3111 943 3205 996 καὶ
3243 940 3341 1013 τὴν
3380 940 3678 1012 κυριότητα
3721 938 3821 992 ἐπὶ

2231 1032 2392 1103 μόνον
2443 1033 2536 1087 τὸν
2588 1036 2683 1087 τοῦ
2733 1033 2868 1088 Θεοῦ
2918 1034 3115 1104 Λόγον.
3139 1033 3308 1088 Ὅταν
3340 1032 3397 1086 δὲ
3426 1031 3557 1105 ἔλθῃ
3602 1033 3682 1096 είς
3714 1031 3824 1102 τὴν

2226 1121 2563 1194 οἰκονομίαν,
2592 1123 2776 1186 πάλιν,
2821 1123 2897 1188 (in;
2929 1123 3025 1204 Ere.
3028 1141 3118 1195 ρον
3150 1122 3377 1193 Κύριον,
3406 1121 3497 1176 τὸν
3525 1123 3589 1175 ὲκ
3618 1138 3786 1191 γυναι
3805 1151 3824 1161 ο

2228 1213 2325 1277 κὸς
2376 1214 2481 1285 ἰδίᾳ
2532 1214 2822 1287 ἄνθρωπόν
2855 1230 3011 1286 φησι,
3047 1214 3390 1285 συναφθέντα
3433 1216 3499 1285 τῇ
3547 1212 3673 1285 ἀξίᾳ
3711 1213 3823 1283 τῆς

2231 1305 2525 1375 ἰσοτιμίας.
2568 1307 2642 1360 Τὸ
2664 1307 2773 1376 γὰρ
2808 1306 2989 1376 λέγειν
3037 1308 3118 1361 ὅτι
3157 1307 3247 1361 διά
3277 1303 3436 1359 τοῦτο
3473 1306 3503 1359 ό
3549 1304 3679 1369 Θεὸς
3706 1304 3823 1358 Λό-

2228 1413 2325 1466 γος
2355 1396 2592 1469 Χριστὸς
2619 1396 2967 1469 ὀνομάζεται,
2998 1397 3079 1451 ὅτι
3121 1396 3235 1468 ἔχει
3263 1397 3364 1467 τὴν
3391 1395 3683 1464 συνάφειαν
3710 1394 3820 1467 τὴν

2230 1488 2367 1560 πρὸς
2396 1489 2489 1544 τὸν
2516 1490 2776 1563 Χριστὸν,
2809 1488 2929 1553 πῶς
2969 1490 3070 1543 οὐκ
3112 1491 3342 1560 ἐναργές
3368 1492 3484 1543 ἐστι
3511 1487 3604 1542 δύο
3631 1488 3821 1557 λέγειν

2228 1579 2520 1649 Χριστοὺς,
2550 1581 2600 1633 εί
2648 1580 2883 1652 Χριστὸς
2916 1581 3055 1651 πρὸς
3092 1580 3328 1652 Χριστὸν
3350 1580 3460 1651 ἔχει
3492 1581 3817 1651 συνάφειαν,

2227 1671 2305 1734 ὡς
2336 1670 2496 1735 ἀλλος
2522 1671 2660 1743 πρὸς
2693 1671 2888 1740 ἀλλον;
2924 1674 2988 1726 Oi
3022 1672 3079 1725 δὲ
3116 1673 3181 1726 ὲκ
3213 1672 3315 1742 τῆς
3344 1670 3632 1743 Ἀνατολῆς
3658 1672 3820 1728 οὐδὲν

2229 1762 2487 1834 εἰρήκασι
2519 1762 2782 1829 τοιοῦτον,
2812 1762 2913 1827 τὰς
2942 1763 2999 1817 δὲ
3031 1761 3216 1833 φωνὰς
3247 1763 3517 1835 διαιροῦσι
3553 1764 3722 1835 μόνας
3760 1772 3814 1818 Υ.

2230 1851 2510 1926 Διαιροῦσι
2554 1854 2612 1910 δὲ
2658 1855 2801 1909 κατά
2842 1854 3031 1909 τοῦτον
3062 1855 3153 1909 τδν
3190 1855 3414 1927 τρόπον,
3459 1855 3537 1918 ὡς
3578 1855 3679 1919 τὰς
3712 1855 3819 1926 μὲν

2228 1945 2557 2018 θεοπρεπεῖς
2594 1942 2736 2001 εῖναι
2768 1947 2968 2015 λέγειν,
2998 1946 3098 2009 τάς
3144 1946 3202 2000 δὲ
3230 1946 3597 2018 ἀνθρωπίνας,
3628 1947 3730 2010 τὰς
3760 1946 3821 2000 δὲ

2230 2037 2727 2109 κοινοποιηθείσας,
2754 2039 2831 2103 ὡς
2856 2037 3091 2110 ἐχούσας
3118 2038 3255 2110 ὁμοῦ
3284 2039 3379 2092 καὶ
3402 2038 3463 2092 τὸ
3489 2038 3820 2110 θεοπρεπὲς,

2231 2130 2413 2184 καὶτὸ
2438 2129 2802 2202 ἀνθρώπινον,
2848 2131 2989 2202 πλὴν
3033 2131 3333 2203 εἰρημένας
3363 2130 3495 2204 περὶ
3539 2130 3675 2195 ὲνδς,
3720 2129 3826 2184 καὶ

2230 2219 2324 2275 τοῦ
2354 2221 2542 2286 αὐτοῦ.
2568 2222 2666 2276 καὶ
2715 2222 2815 2294 οὐχ
2859 2222 2935 2287 ὡς
2979 2221 3275 2293 Νεστόριος
3303 2221 3402 2285 τὰς
3438 2220 3538 2291 μὲν
3571 2219 3649 2291 τῷ
3692 2217 3826 2290 Θεῷ

2230 2313 2390 2385 Λόγῳ
2427 2313 2610 2379 ίδικῶς
2650 2315 2936 2385 ἀπονέμει,
2975 2314 3075 2378 τὰς
3119 2313 3176 2367 δὲ
3209 2312 3286 2384 τῷ
3328 2315 3392 2367 ἐκ
3421 2311 3696 2381 γυναικὸς,
3738 2310 3827 2375 ὡς

2231 2404 2403 2476 ἑτέρῳ
2432 2404 2568 2478 Υἱῷ.
2599 2405 2825 2478 Ἕτερον
2865 2405 2924 2459 δέ
2972 2407 3090 2458 ἐστι
3123 2404 3184 2458 τὸ
3223 2404 3419 2475 φωνῶν
3448 2404 3649 2459 εἰδέναι
3695 2403 3826 2458 δια-

2230 2496 2427 2567 φορὰν,
2468 2497 2563 2550 καὶ
2597 2496 2785 2566 ἕτερον
2825 2496 2888 2549 τὸ
2936 2494 3183 2567 μερίζειν
3235 2495 3328 2549 δύο
3374 2495 3710 2568 προσώποις,
3738 2494 3826 2559 ὡς

2231 2588 2422 2661 ἑτέρῳ,
2469 2590 2564 2643 καὶ
2607 2590 2800 2661 ἑτέρῳ.
2833 2591 2896 2641 Ἦ
2936 2588 2993 2642 δὲ
3034 2587 3293 2659 ἐπιστολὴ
3320 2590 3354 2659 ἡ
3394 2587 3529 2658 πρὸς
3562 2586 3827 2640 Ἀκᾶκιον

2234 2680 2492 2750 μάλιστα,
2519 2677 2587 2754 ἧς
2621 2683 2654 2753 ἡ
2688 2683 2856 2753 ἀρχήν
2900 2699 2919 2732 ι
2953 2680 3163 2751 Χρῆμα
3195 2680 3295 2752 μὲν
3323 2679 3578 2749 ἀδελφοῖς
3600 2679 3633 2749 ἡ
3655 2677 3831 2749 πρόσ-

2233 2788 2391 2841 ρησις
2419 2771 2592 2840 γλυκύ
2638 2788 2698 2825 τε
2737 2773 2832 2825 καὶ
2861 2771 3214 2839 ἀξιάγαστον,
3253 2788 3271 2823 ι
3311 2771 3485 2840 καλὴν
3520 2769 3828 2839 ἀπολογίαν

2231 2863 2346 2934 ἔχει
2383 2865 2515 2936 περὶ
2559 2865 2798 2919 πάντων.
2824 2863 3013 2934 Ἔχεις
3040 2863 3097 2916 δὲ
3130 2862 3391 2926 πλείστας
3436 2861 3725 2925 ἐπιστολὰς
3761 2861 3828 2916 ἐν

2230 2955 2308 3028 τῷ
2363 2956 2736 3027 γλωσσοκόμῳ
2773 2966 2818 2994 ι·
2865 2955 2932 3018 ἃς
2962 2954 3199 3023 ὀφείλεις
3247 2952 3548 3017 σπουδαίως
3604 2951 3832 3006 ἐπιδοῦ-

2232 3068 2321 3103 ναι
2345 3066 2360 3080 ’
2409 3049 2729 3121 προσάγαγε
2762 3048 2819 3103 δὲ
2852 3049 2930 3120 τῷ
2967 3047 3474 3121 μεγαπρεπεστάτῳ
3506 3059 3533 3087 α
3579 3061 3830 3116 πραιπο-

2235 3141 2389 3212 σίτῳ,
2415 3141 2509 3195 καὶ
2547 3141 2614 3195 τὰ
2656 3140 3032 3195 ἀποσταλέντα
3070 3142 3201 3212 παρ’
3233 3138 3368 3210 ἐμοῦ
3399 3137 3495 3191 δύο
3528 3135 3735 3208 βιϐλία,
3763 3136 3833 3190 ἓν

2236 3233 2356 3304 μὲν,
2418 3233 2561 3286 κατὰ
2609 3232 2719 3286 τῶν
2763 3231 3061 3303 Νεστορίου
3116 3230 3462 3301 δυσφημιῶν,
3514 3228 3702 3299 ἕτερον
3762 3227 3830 3281 δὲ

2234 3324 2359 3398 ἔχον
2392 3326 2460 3380 τὰ
2487 3326 2548 3379 ὲν
2576 3328 2642 3397 τῇ
2675 3325 2878 3396 συνόδῳ
2906 3323 3275 3396 πεπραγμένα
3320 3322 3463 3376 κατὰ
3515 3320 3830 3391 Νεπορίου

2234 3419 2454 3475 καὶτῶν
2482 3419 2550 3474 τά
2576 3419 2743 3472 αὑτοῦ
2784 3416 3146 3491 φρονούντων,
3178 3416 3270 3472 καὶ
3304 3416 3655 3487 ἀντιρρήσεις
3685 3414 3829 3484 παρ’

2234 3512 2371 3584 ἐμοῦ
2405 3511 2796 3584 γεγραμμένας
2823 3512 2852 3551 b
2889 3510 3024 3581 πρὸς
3047 3511 3174 3574 τοὺς
3199 3508 3517 3581 γράψαντας
3544 3506 3688 3560 κατά
3711 3505 3830 3559 τῶν

2234 3604 2570 3674 κεφαλαίωνο
2617 3603 2711 3657 δύο
2761 3603 2819 3656 δέ
2875 3605 3013 3657 εἰσιν
3064 3602 3383 3663 ἐπίσκοποι,
3422 3597 3683 3670 ’Δνδρέας
3730 3598 3829 3651 καὶ

2233 3697 2596 3769 Θεοδώρητος.
2648 3698 2804 3767 Ἔχει
2838 3696 2895 3749 δὲ
2929 3697 3022 3749 ἐπὶ
3054 3696 3197 3750 τέλει
3234 3694 3297 3748 τὸ
3330 3692 3464 3747 αὐτὸ
3494 3692 3700 3763 βιϐλίον
3728 3691 3830 3745 καὶ

2235 3789 2535 3860 συντόμους
2566 3787 2815 3852 ἐκθέσεις
2847 3788 2975 3857 περὶ
3024 3788 3124 3858 τῆς
3163 3787 3306 3841 κατά
3342 3785 3579 3858 Χριστὸν
3610 3786 3830 3837 οἰκονο-

2238 3882 2387 3952 μίας,
2422 3879 2625 3949 σφόδρα
2650 3879 2842 3943 καλὰς,
2868 3879 2962 3931 καὶ
2989 3877 3271 3949 ὠφελῆσαι
3300 3874 3623 3947 δυναμένας.
3646 3875 3826 3944 Προσ-

2235 3970 2411 4039 ἀγαγε
2438 3970 2495 4022 δὲ
2522 3968 2724 4039 ὁμοίως
2751 3967 2898 4039 αύτῷ
2943 3969 3006 4021 ὲκ
3055 3967 3162 4020 τῶν
3206 3964 3446 4036 ἐχουσῶν
3474 3964 3650 4035 δέρμα
3696 3964 3823 4015 ἑπι-

2237 4061 2428 4124 στολάς
2453 4060 2636 4124 πέντε,
2670 4059 2798 4130 μίαν
2829 4059 2928 4131 μὲν
2959 4058 3053 4112 τοῦ
3088 4058 3357 4130 μακαρίου
3402 4058 3561 4110 πάπα
3590 4055 3833 4108 Ἀθανα-

2237 4154 2353 4206 σίου
2412 4152 2548 4222 πρὸς
2594 4151 2939 4222 Ἐπίκτητον,
3007 4151 3103 4205 καὶ
3166 4149 3334 4220 ἀλλην
3385 4149 3523 4221 πρὸς
3558 4146 3824 4219 Ἰωάννην

2236 4245 2368 4314 παρ’
2395 4241 2573 4314 ήμῶν,
2608 4242 2703 4295 καὶ
2738 4242 2875 4313 πρὸς
2915 4242 3211 4313 Νεστόριον
3243 4242 3357 4305 δύο,
3401 4240 3530 4311 μίαν
3574 4238 3672 4309 τὴν
3723 4254 3823 4307 μι-

2234 4335 2398 4404 κράν,
2448 4334 2542 4388 καὶ
2583 4332 2713 4403 μίαν
2750 4332 2848 4404 τὴν
2899 4334 3167 4404 μεγάλην,
3208 4332 3302 4386 καὶ
3332 4330 3433 4403 τὴν
3479 4328 3617 4402 πρὸς
3649 4328 3823 4381 Ἀκά-

542 4423 770 4478 modum
825 4433 884 4479 et
934 4424 1119 4479 utiles.
1166 4424 1317 4479 Olfer
1359 4425 1410 4479 ei
1460 4425 1712 4481 similiter
1747 4442 1816 4481 ex
1859 4426 1969 4481 illis
2009 4443 2129 4497 quae

2236 4445 2373 4483 κιον.
2400 4424 2637 4491 Αύτάς“ο
2670 4426 2777 4497 γὰρ
2799 4425 3031 4497 ἐζήτησε
3059 4426 3187 4497 παρ’
3212 4424 3389 4495 ἡμῶν.

542 4515 715 4583 corio}
737 4516 989 4571 obductae
1017 4525 1167 4582 sunt,
1198 4518 1443 4589 quinque
1476 4519 1774 4589 epistolas:
1800 4535 1964 4575 unam
1999 4521 2147 4577 beati
2184 4537 2337 4593 papa:
2362 4520 2648 4577 Athanasii
2688 4519 2757 4575 ad
2783 4519 3124 4589 Epictetum;
3171 4518 3401 4572 alteram
3442 4527 3639 4577 meam,
3666 4509 3827 4564 illam

541 4608 804 4666 videlicet
835 4627 999 4681 quam
1023 4612 1093 4667 ad
1124 4612 1389 4669 Joannem
1414 4615 1742 4685 perscripsi;
1767 4631 1991 4670 rursum
2030 4615 2168 4670 duas
2198 4631 2369 4681 meas,
2398 4631 2535 4686 quas
2570 4614 2639 4668 ad
2660 4613 2974 4668 Nestorium
3000 4612 3151 4677 misi;
3178 4613 3430 4684 exiguam
3455 4622 3640 4675 unam,
3681 4620 3831 4676 pro-

541 4700 709 4757 lixam
745 4703 1006 4772 alteram;
1066 4704 1307 4776 denique
1334 4704 1484 4761 illam
1506 4722 1629 4777 qua:
1682 4716 1768 4764 est
1804 4709 1872 4764 ad
1935 4708 2219 4763 Acacium.
2251 4709 2389 4764 Nam
2420 4708 2554 4764 istas
2579 4722 2773 4763 omnes
2801 4721 2832 4761 a
2855 4705 3015 4761 nobis
3036 4705 3216 4777 petiit.

1670 4925 2009 4983 EPISTOLA
2046 4929 2187 4988 XLV
2232 4928 2328 5003 (οί.
2367 4925 2681 4997 XXXVIII).

1839 5057 1905 5095 AD
1930 5056 2231 5101 SUCCENSUI
2256 5058 2563 5101 lPlSCOPUI.

541 5147 797 5220 Ejusdem
816 5147 1005 5220 Cyriui
1020 5148 1091 5203 ad
1116 5146 1433 5220 Successum
1449 5147 1748 5220 episcopum
1768 5150 2118 5212 Diocaasarea

722 5216 1039 5275 haurientia
1062 5218 1343 5290 provincia:
1372 5216 1595 5289 epistola
1612 5216 1669 5273 1·
1697 5220 1775 5275 De
1793 5221 1918 5291 ﬁde.

614 5448 830 5519 Perlegi
879 5445 1366 5502 commonitorium
1417 5447 1564 5518 quod
1607 5465 1638 5505 a
1678 5457 1772 5507 tua
1830 5451 2120 5508 sanctitate

2234 5181 2348 5239 Τοῦ
2392 5179 2580 5236 αὑτοῦ
2624 5179 2775 5249 πρὸς
2822 5195 2928 5233 τον·
2967 5180 3418 5249 μακαριώτατον
3466 5179 3829 5237 Zodiaco-«or

2299 5252 2645 5321 dulescan
2668 5248 2801 5317 τῆς
2853 5251 3293 5321 Διοκαισαρέων
3339 5248 3453 5319 τῆς
3492 5250 3643 5304 κατὰ
3694 5251 3827 5321 τὴν

2314 5322 2594 5390 Ἰσαύρων
2621 5320 2937 5389 ἐπαρχίαν,
2961 5319 3102 5389 Περὶ
3131 5321 3389 5386 πίστεως
3418 5327 3491 5374 α’.

2313 5449 2598 5524 Ἐνέτυχον
2633 5452 2733 5524 μὲν
2755 5450 2839 5523 τῷ
2865 5451 3261 5524 ύπομνηστικῷ
3286 5452 3364 5524 τῷ
3396 5454 3550 5525 παρὰ
3574 5451 3676 5522 τῆς
3706 5451 3820 5522 σῆς

537 5536 813 5593 directum
840 5544 944 5602 est,
966 5543 1024 5591 et
1058 5534 1218 5591 valde
1246 5537 1466 5608 gavisus
1489 5555 1611 5595 sum
1648 5540 1820 5611 quod,
1854 5556 1978 5596 cum
2004 5541 2123 5612 ipse

2232 5542 2506 5614 ὁσιότητος
2547 5543 2943 5610 ἀποσταλέντι,
2992 5544 3169 5617 ¹ἥσθην
3216 5546 3272 5599 δὲ
3318 5547 3459 5617 ἄγαν
3499 5548 3581 5603 ὅτι
3628 5546 3817 5604 καίτοι

1637 5699 1810 5756 Variae
1833 5698 2101 5756 lectiones
2126 5696 2342 5755 codicis
2376 5697 2739 5771 Seguieriani.

609 5815 639 5859 7
665 5807 843 5883 μόνον.
900 5819 945 5887 ,ι
971 5810 1223 5879 τοιαύτας
1254 5814 1313 5871 ὲν
1350 5816 1793 5888 γλωσσοκομείῳ.
1866 5828 1895 5859 ι
1920 5813 1999 5886 τῷ
2029 5813 2617 5887 μεγαλοπρεπεστάτῳ.
2692 5816 2721 5857 ι)
2751 5816 3064 5887 γενομένας.
3148 5826 3172 5857 ο
3199 5815 3395 5871 ταῦτα.
