4048 6446
323 266 437 322 2Ξ9

1698 265 2035 323 EPISTOLA
2072 268 2234 325 XLV.

3490 275 3615 332 .230

314 384 639 457 δυνάμενος
668 384 818 455 ἡμᾶς
863 400 926 436 τε
961 383 1057 438 καὶ
1091 382 1312 454 ἑτέρους
1355 382 1586 452 ὠφελεῖν
1620 384 1685 438 ὲκ
1718 383 1919 454 πολλῆς

2025 393 2116 440 tua
2142 386 2344 459 insigni
2372 388 2621 445 doctrina
2654 389 2832 459 possis
2848 399 2905 446 et
2941 390 3105 446 nobis
3150 400 3207 447 et
3245 393 3460 449 caeteris
3484 409 3614 466 pro-

315 482 461 546 ὶγαν
497 476 863 548 φιλομαθίας,
894 476 1231 547 προτρέπειν
1260 474 1428 540 ἀξιοῖς
1455 475 1493 530 ὃ.
1530 477 1613 539 είς
1643 475 1767 531 νοῦν
1803 475 1924 547 ἕχο-

317 588 441 641 μεν,
476 569 580 623 καί
606 587 669 622 σε
699 570 918 639 φρονεῖν
939 569 1345 639 ὑπειλήφαμεν,
1370 566 1547 622 ταῦτα
1570 568 1664 622 καὶ
1691 566 1921 636 γράψαι.

316 657 643 729 Φρονοῦμεν
666 656 848 709 τοίνυν
889 656 1022 727 περὶ⁴
1050 654 1155 724 τῆς
1188 653 1283 707 τοῦ
1309 653 1565 723 Σωτῆρος
1598 653 1756 724 ἡμῶν
1783 651 1923 704 οἰκο-

318 751 544 821 νομίας,
581 748 619 802 ἃ.
644 750 745 803 καὶ
771 749 823 800 οἱ
855 747 963 817 πρὸ
992 746 1151 818 ἡμῶν
1180 746 1323 814 ἆγιοι
1345 746 1604 817 Πατέρες.
1645 743 1922 812 ’Δναγνόν-

319 860 411 905 τες
452 842 575 914 γὰρ
614 842 749 905 τοὺς
790 839 1017 893 ἐκείνων
1055 837 1252 901 πόνους
1273 878 1287 902 ,
1321 838 1414 892 τὸν
1440 836 1650 890 ἑαυτῶν
1674 835 1800 889 νοῦν
1826 853 1925 889 κα-

312 932 772 1006 ταρυθμίξομεν,
802 931 945 985 ὥστε
974 929 1208 983 κατόπιν
1236 927 1418 983 αὐτῶν
1448 928 1605 994 ίέναι,
1634 927 1730 980 καί⁸
1759 926 1925 997 μηδὲν

310 1031 380 1098 τῇ
437 1024 554 1079 τῶν
610 1023 908 1095 δογμάτων
969 1020 1224 1093 ὀρθότητι
1276 1020 1464 1073 καινὸν
1534 1019 1923 1089 ὲπεισφρῆσαι.

324 1116 556 1186 Ἐπειδὴ
596 1114 657 1167 δὲ
694 1115 729 1185 ἡ
781 1113 851 1183 σὴ
898 1111 1177 1181 τελειότης
1218 1109 1642 1165 διαπυνθάνεται
1694 1108 1924 1178 πότερον

310 1210 417 1279 χρὴ
439 1206 630 1273 λέγειν
659 1204 755 1257 ἐπὶ
785 1202 1022 1273 Χριστοῦ
1051 1201 1143 1255 δύο
1163 1200 1376 1271 φύσεις,
1412 1200 1444 1272 ἢ
1478 1200 1574 1271 μὴ,
1604 1200 1713 1254 δεῖν
1737 1198 1923 1271 ᾠήθη-

318 1314 417 1367 μεν
454 1294 603 1365 πρὸς
631 1291 802 1347 τοῦτο
835 1293 1034 1345 εἰπεῖν,
1066 1291 1328 1362 Διόδωρός
1354 1309 1436 1354 τις
1466 1291 1924 1361 πνευματομάχος

315 1388 385 1441 ὧν
414 1387 569 1441 κατὰ
604 1385 863 1455 καιροὺς,
895 1382 972 1447 ὥς
1006 1400 1162 1452 φασι,
1195 1378 1567 1453 κεκοινώνηκε
1596 1384 1662 1453 τῇ
1694 1380 1803 1435 τῶν
1835 1382 1926 1451 6p-

319 1479 553 1546 θοδόξων
613 1476 946 1547 Ἐκκλησίᾳ.
983 1466 1152 1539 Οὗτος
1198 1472 1536 1542 ἀποθέμενος
1560 1514 1575 1537 ,
1613 1475 1802 1545 ὥσπερ
1835 1470 1926 1527 οὖν

318 1572 566 1639 ἐνόμισε,
604 1567 704 1621 τὸν
740 1567 848 1637 τῆς
885 1566 1269 1636 Μακεδονικῆς
1306 1565 1574 1630 αἱρέσεως
1604 1564 1813 1629 σπῖλον,
1847 1566 1926 1626 είς

317 1664 511 1734 ἑτέραν
554 1660 931 1714 ἐκπέπτωκεν
963 1657 1294 1728 ἀρρωστίαν.
1333 1656 1653 1727 Πεφρόνηκε
1686 1656 1794 1727 γὰρ
1831 1654 1924 1709 καὶ

310 1727 625 1825 γέγραφεν,
655 1753 743 1804 ὅτι
770 1749 960 1821 ἕτερος
1127 1746 1254 1810 Υἱὸς
1290 1746 1411 1800 κατ’
1446 1747 1583 1801 ἰδίαν
1616 1748 1765 1800 ἐστὶν
1795 1748 1822 1799 6
1858 1746 1923 1798 ὲκ
1958 1727 1998 1781 Β

1989 1906 1993 1910 ,
2026 1852 2233 1922 Deique
2258 1859 2431 1906 matre
2467 1862 2632 1908 natus
2672 1859 2779 1917 est,
2832 1853 3068 1909 alterum
3117 1868 3312 1908 rursus
3353 1852 3615 1924 privatim

313 1845 647 1916 σπέρματος
677 1840 848 1895 Δαὸὶδ
880 1840 1165 1910 γεννηθεὶς
1209 1841 1274 1893 ὲκ
1315 1839 1414 1909 τῆς
1453 1838 1614 1906 ἁγίας
1648 1836 1923 1910 παρθένου

314 1939 413 1990 καὶ
445 1937 812 2008 θεομήτορος’
853 1932 1041 2002 ἕτερος
1089 1931 1145 1984 δὲ
1179 1930 1340 1985 πάλιν
1391 1930 1571 1993 ίδικῶς
1616 1930 1745 1993 Υἱὸς
1788 1931 1817 1982 6
1861 1931 1925 1982 ὲκ

319 2024 461 2079 Θεοῦ
494 2024 720 2097 Πατρδς
755 2023 952 2091 Λόγος.
988 2021 1182 2093 Κωδίῳ
1226 2021 1415 2091 ὥσπερ
1446 2021 1720 2092 προϐάτου
1750 2038 1922 2074 κατα-

339 2117 695 2181 σκιὰζωντδν
733 2114 922 2180 λύκον,
976 2116 1361 2185 προσποιεῖται
1416 2113 1516 2182 μὲν
1546 2112 1643 2167 ἕνα
1688 2111 1923 2183 Χριστὸν

343 2206 555 2277 λέγειν’
604 2207 876 2281 ἀναφέρων
930 2206 1029 2275 μὲν
1073 2204 1135 2257 τὸ
1168 2204 1336 2275 ὄνομα
1375 2204 1465 2257 ἐπὶ
1516 2203 1677 2274 μόνον
1720 2201 1811 2255 τὸν
1859 2203 1925 2255 ὲκ

353 2296 493 2350 Θεοῦ
529 2296 735 2368 Πατρὸς
767 2297 945 2363 Λόγον
975 2292 1303 2364 γεννηθέντα
1349 2293 1476 2346 Υίὺν
1514 2292 1806 2364 μονογενῆο
1848 2291 1922 2357 ὡς

338 2389 400 2440 ἐν
443 2387 667 2458 χάριτος
696 2386 751 2439 δὲ
796 2385 956 2450 τάξει
1002 2383 1328 2456 προσνέμων
1372 2383 1545 2454 αὐτῷ,
1582 2381 1728 2437 καθά
1759 2390 1922 2453 φησιν

334 2476 517 2540 αὐτός’
557 2476 769 2530 καὶτὸν
803 2477 870 2528 ὲκ
918 2471 1235 2545 σπέρματος
1274 2470 1439 2524 Δαὸὶδ
1472 2470 1587 2523 υἱὸν
1631 2469 1919 2535 ἀποκαλεῖ,

328 2568 399 2632 ὡς
431 2565 731 2631 ἑνωθέντα,
757 2565 922 2637 φησι,
950 2565 1030 2635 τῷ
1054 2562 1197 2618 κατὰ
1221 2561 1477 2633 ἀλήθειαν
1497 2560 1630 2632 Υίῷ·
1656 2561 1921 2615 ὲνωθέντα

323 2661 400 2725 δὲ,
438 2661 541 2729 οὑχ
574 2657 773 2729 ὥσπερ
814 2657 978 2727 ἡμεῖς
1022 2654 1341 2724 δοξάζομεν,
1383 2651 1518 2706 ἀλλὰ
1564 2652 1706 2706 κατὰ
1753 2653 1921 2722 μόνην

321 2751 420 2822 τὴν
456 2750 643 2818 ἀξίαν,
674 2748 942 2804 καὶκατὰ
972 2745 1284 2809 αὑθεντίαν,
1325 2746 1419 2799 καὶ
1447 2744 1590 2798 κατὰ
1623 2743 1918 2815 ἰσοτιμίαν.

320 2840 527 2895 Τούτου
560 2840 762 2910 γέγονε
795 2838 1046 2910 μαθητὴς
1074 2835 1391 2908 Νεστόριος·
1429 2836 1525 2890 καὶ
1555 2837 1620 2889 ὲκ
1643 2835 1751 2889 τῶν
1775 2835 1920 2888 ὲκεί-

322 2949 413 2985 νου
439 2930 668 3002 βιϐλίων
699 2928 1109 3000 ὲσκοτισμένος,
1138 2930 1516 3001 προσποιεῖται
1553 2927 1652 2998 μὲν
1687 2926 1920 2997 Χριστὸν

2036 479 2221 544 desse,
2250 481 2671 557 tamenhortari
2697 483 2941 553 digneris
2959 492 3019 537 ut
3050 498 3171 553 quae
3192 492 3377 538 mente
3408 487 3615 542 retine-

2024 585 2149 626 mus
2173 578 2336 641 teque
2365 574 2988 640 sentireexistimamus,
3014 574 3205 629 eadem
3232 589 3452 645 quoque
3475 578 3616 632 scri-

2026 659 2240 714 bamus.
2276 660 2448 731 lgitur
2502 662 2573 716 de
2622 662 2925 719 Salvatoris
2973 664 3151 718 nostri
3202 665 3616 734 dispensatione

2025 751 2219 806 eadem
2261 738 2533 808 sentimus
2566 769 2688 823 quae
2734 763 2861 809 ante
2888 769 2992 810 nos
3032 754 3181 810 beati
3222 756 3413 811 Patres
3435 756 3616 811 nostri

2026 854 2336 921 senserunt.
2378 846 2518 900 Dum
2571 846 2718 900 enim
2754 846 2974 905 illorum
3026 862 3194 916 opera
3233 848 3497 918 legimus,
3538 849 3616 904 ita

2025 935 2380 991 moderamur
2401 937 2645 992 animum
2669 948 2730 993 ut
2749 938 2872 992 illos
2896 938 3066 993 duces
3091 954 3123 993 a
3152 947 3307 1009 tergo
3327 948 3612 1009 sequatur,

2025 1034 2083 1081 et
2104 1026 2241 1080 nihil
2259 1042 2463 1081 novum
2501 1027 2667 1082 rectis
2698 1027 3048 1097 dogmatibus
3070 1028 3319 1083 invehat.
3344 1028 3453 1084 Sed
3482 1031 3611 1100 quia

2025 1116 2341 1172 sciscitatur
2374 1125 2467 1172 tua
2499 1118 2764 1173 sanctitas
2788 1125 2977 1173 utrum
3001 1119 3057 1173 in
3084 1117 3308 1175 Christo
3340 1119 3480 1175 duas
3509 1137 3614 1176 na-

2028 1217 2182 1265 turas
2203 1209 2390 1265 dicere
2425 1217 2699 1279 oporteat,
2731 1225 2801 1264 an
2825 1225 3015 1275 secus,
3042 1210 3110 1266 ad
3137 1211 3246 1266 hoc
3268 1212 3614 1281 responden-

2025 1299 2157 1354 dum
2179 1301 2515 1371 putavimus.
2558 1301 2835 1357 Diodorus
2858 1301 3085 1371 quidam
3107 1342 3122 1367 ,
3168 1302 3349 1357 sancti
3375 1302 3618 1373 Spiritus

2025 1392 2155 1446 olim
2180 1393 2563 1464 impugnator,
2596 1401 2659 1448 ut
2688 1395 2865 1459 aiunt,
2893 1410 3020 1449 cum
3046 1395 3483 1450 orthodoxorum
3511 1396 3616 1451 Εοσ-

2025 1485 2190 1540 clesia
2218 1486 2679 1540 communicavit.
2705 1486 2807 1541 Hic
2830 1485 3102 1556 deposita,
3135 1494 3198 1541 ut
3229 1487 3469 1556 putavit,
3497 1486 3615 1541 Ma-

2025 1575 2344 1630 cedonianm
2380 1575 2608 1630 haeresis
2629 1574 2777 1641 labe,
2809 1575 2865 1629 in
2894 1576 3126 1631 alterius
3160 1576 3343 1632 morbi
3374 1576 3483 1630 vim
3514 1576 3614 1632 de-

2026 1665 2185 1721 cidit.
2223 1666 2408 1721 Sensit
2442 1666 2590 1722 enim
2626 1682 2691 1722 ac
2718 1666 2940 1737 scripsit
2966 1668 3200 1724 alterum
3237 1668 3469 1724 seorsim
3495 1684 3617 1724 esse

2027 1756 2201 1811 tilium
2224 1772 2352 1812 eum
2383 1757 2479 1828 qui
2508 1773 2577 1812 ex
2601 1759 2813 1813 semine
2851 1758 3025 1813 David
3066 1774 3134 1813 ex
3169 1768 3362 1815 sancta
3391 1760 3616 1831 Virgine

2027 1942 2200 1997 tilium
2242 1943 2381 1998 illud
2423 1959 2489 1998 ex
2518 1944 2630 1999 Deo
2676 1944 2840 1999 Patre
2878 1944 3141 2000 Verbum.
3168 1943 3273 2010 Qui
3317 1945 3422 2000 sub
3450 1944 3615 1999 ovina

2025 2032 2170 2101 pelle
2215 2033 2628 2102 quodammodo
2675 2035 2865 2105 lupum
2903 2044 3201 2107 contegens
3223 2037 3291 2100 ³¹,
3336 2052 3507 2092 unum
3553 2051 3615 2092 se

2027 2123 2314 2179 Christum
2338 2126 2524 2181 dicere
2573 2126 2817 2192 simulat,
2855 2128 2953 2183 sed
2991 2143 3120 2183 cum
3155 2128 3360 2184 referat
3386 2128 3615 2199 quidem

2025 2213 2132 2269 hoc
2170 2230 2374 2271 nomen
2407 2216 2476 2271 ad
2518 2218 2695 2273 solum
2741 2219 2881 2273 illud
2925 2234 2994 2274 ex
3018 2220 3133 2275 Deo
3158 2221 3322 2275 Patre
3364 2220 3616 2291 genitum

2025 2304 2267 2361 Verbum
2313 2305 2515 2361 Filium
2560 2308 2931 2377 unigenitum,
2975 2308 3155 2378 ipsum
3184 2325 3408 2380 quoque
3430 2325 3494 2380 ex
3522 2324 3614 2364 se-

2025 2397 2173 2452 mine
2185 2397 2357 2452 David
2385 2396 2560 2452 ﬁlium
2591 2399 2857 2469 appellat;
2883 2400 2978 2455 sed
3004 2378 3259 2470 tanquam
3282 2378 3474 2470 gratiae
3492 2401 3615 2457 loco

2022 2503 2225 2544 nomen
2251 2489 2358 2544 hoc
2391 2489 2444 2544 ei
2488 2490 2705 2555 tribuit,
2737 2498 2927 2561 utpote
2951 2491 3047 2561 qui
3072 2492 3149 2546 illi
3180 2491 3484 2547 secundum
3514 2507 3615 2547 ve-o

2024 2578 2246 2634 ritatem
2282 2578 2420 2633 Filio
2454 2578 2529 2634 sit
2565 2579 2774 2635 unitus.
2812 2580 3013 2635 Unitus
3045 2589 3227 2635 autem
3266 2595 3379 2635 non
3426 2583 3485 2633 ul
3508 2592 3616 2635 no.3

2025 2671 2347 2736 asserimus,
2377 2671 2473 2728 sed
2513 2671 2817 2728 secundum
2848 2672 3020 2727 solam
3062 2671 3409 2743 dignitatem,
3434 2680 3492 2728 et
3514 2687 3609 2728 se-

2023 2762 2266 2817 cundum
2290 2762 2698 2828 auctoritatem,
2725 2770 2781 2818 et
2803 2761 3107 2817 secundum
3130 2762 3360 2817 honoris
3385 2762 3614 2831 aequali-

2023 2860 2210 2909 tatem.
2235 2853 2409 2924 Hujus
2434 2853 2738 2923 discipulus
2760 2853 3268 2909 exstititNestorius
3291 2871 3306 2907 :
3333 2853 3519 2924 itaque
3544 2868 3615 2909 ex

2022 2943 2170 2998 iﬂius
2197 2943 2355 2999 libris
2388 2945 2805 3011 obtenebratus,
2838 2945 3062 3000 simulat
3092 2945 3315 3015 quidem
3360 2960 3417 3001 se
3444 2944 3613 3000 Chri-

319 3022 435 3086 ἒνα,
473 3024 575 3076 καὶ
608 3022 763 3085 Υίὸν,
796 3020 891 3074 καὶ
924 3019 1128 3091 Κύριον
1157 3018 1460 3090 ὁμολογεῖν,
1497 3017 1709 3088 μερίζει
1742 3016 1798 3069 δὲ
1826 3015 1920 3070 καὶ

2024 3044 2164 3089 stum
2192 3050 2386 3118 unum,
2420 3042 2476 3089 et
2499 3034 2720 3100 Filium,
2744 3045 2800 3091 et
2825 3035 3117 3090 Dominum
3152 3034 3311 3105 136
3330 3033 3608 3100 conﬁteri,

320 3117 483 3178 αὐτὸς
510 3115 599 3176 είς
621 3112 721 3166 δύο
743 3113 838 3165 τὸν
867 3111 986 3175 ἕνα,
1011 3109 1106 3164 καὶ
1136 3110 1242 3165 ἁνὰ
1267 3110 1453 3181 μέροςο
1480 3107 1765 3180 ἄνθρωπον
1797 3124 1921 3161 συν-

319 3206 500 3280 ῆφθαι
550 3205 736 3273 λέγων
783 3204 862 3273 τῷ
891 3201 1011 3273 Θεῷ
1038 3203 1229 3273 Λόγῳ,
1269 3204 1336 3272 τῇ
1371 3200 1685 3271 ὁμωνυμίᾳ,
1711 3201 1776 3270 τῇ
1809 3200 1920 3251 ίσο-

323 3299 482 3369 τιμία
516 3296 611 3371 [τῇ
649 3294 855 3366 erigat],
886 3298 953 3367 τῇ
993 3295 1140 3366 ἀξίᾳ.
1178 3294 1289 3347 Καὶ
1317 3295 1447 3363 γοῦν
1476 3292 1576 3356 τὰς
1603 3292 1787 3362 φωνὰς
1822 3290 1922 3354 τὰς

326 3397 385 3446 ἐν
432 3395 547 3457 τοῖς
598 3392 984 3460 εὐαγγελικοῖς
1028 3391 1126 3444 καὶ
1181 3389 1561 3451 ἀποστολικοῖς
1602 3387 1922 3458 κηρύγμασι

326 3486 456 3556 περὶ
483 3482 731 3555 Χριστοῦ
764 3481 1026 3552 κειμένας
1062 3479 1291 3550 διορίζει
1317 3521 1332 3547 ,
1368 3478 1463 3532 καί
1503 3495 1637 3549 φησι
1681 3478 1780 3541 τὰς
1824 3477 1924 3548 μὲν

326 3572 749 3647 ὲφαρμόζεσθαι
771 3572 883 3625 δεῖν
904 3569 985 3642 τῷ
1013 3569 1307 3643 ἀνθρώπῳ,
1337 3570 1575 3640 δηλονότι
1595 3569 1691 3632 τὰς
1712 3568 1924 3638 ἀνθρω-

329 3668 515 3729 πίνας*
550 3665 653 3728 τὰς
689 3664 749 3718 δὲ
790 3664 1025 3735 πρέπειν
1073 3662 1217 3717 κατὰ
1261 3663 1431 3735 μόνας
1454 3661 1532 3733 τῷ
1576 3661 1697 3733 Θεῷ
1729 3661 1921 3731 Λόγῳ,

325 3757 574 3828 δηλονότι
606 3755 709 3820 τὰς
747 3755 1094 3826 θεοπρεπεῖς.
1131 3753 1245 3808 Καὶ
1293 3752 1481 3824 ἐπειδὴ
1530 3753 1764 3821 διῖστησι
1794 3751 1924 3805 πολ-

323 3847 513 3918 λαχῶς
534 3889 550 3912 ,
586 3847 685 3899 καὶ
721 3845 828 3900 ἁνὰ
860 3845 1027 3917 μέρος
1070 3845 1284 3915 τίθησιν
1312 3843 1389 3907 ὡς
1417 3842 1705 3914 ἄνθρωπον
1740 3841 1923 3906 ίδικῶς

324 3935 419 3989 τὸν
440 3938 509 3990 ἐκ
537 3936 640 4007 τῆς
666 3936 829 4003 ἁγίας
859 3933 1135 4006 Παρθένου
1163 3933 1578 4004 γεγεννημένον,
1609 3934 1702 3986 καὶ
1724 3933 1924 4003 ὁμοίως

329 4028 540 4092 ίδικῶς,
575 4028 675 4082 καὶ
705 4027 809 4082 ἁνὰ
839 4026 1033 4098 μέρος,
1065 4026 1193 4080 Υίὸν
1221 4026 1313 4079 τὸν
1345 4028 1409 4079 ἐκ
1437 4025 1571 4079 Θεοῦ
1599 4025 1811 4097 Πατρὸς
1829 4026 1926 4079 Λό-

322 4134 446 4188 γον,
480 4117 572 4171 διὰ
590 4117 754 4170 τοῦτο
782 4115 881 4188 τὴν
911 4115 1073 4185 ἁγίαν
1102 4114 1381 4186 Παρθένον
1413 4115 1473 4168 οὐ
1505 4114 1768 4168 Θεοτόκον
1783 4111 1924 4168 εἷναί

323 4227 521 4281 φησιν,
554 4208 978 4280 ἁνθρωποτὸκον
1014 4207 1073 4261 δὲ
1106 4207 1327 4279 μᾶλλον.
1362 4206 1551 4276 Ἡμεῖς
1574 4206 1631 4259 δὲ
1658 4207 1755 4277 οὐχ
1781 4206 1923 4261 οὕτω

320 4304 506 4357 ταῦτα
541 4302 692 4371 ἔχειν
725 4299 1073 4370 διακείμεθα,
1106 4300 1223 4354 ἀλλ’
1256 4297 1615 4369 ἐδιδάχθημεν
1651 4298 1801 4370 παρὰ
1823 4299 1923 4368 τῆς

2022 3127 2118 3183 sed
2148 3108 2347 3182 dividit
2387 3128 2555 3183 etiam
2601 3128 2720 3198 ipse
2763 3144 2935 3183 unum
2980 3128 3039 3183 in
3073 3128 3237 3193 duos,
3281 3142 3347 3182 ac
3379 3126 3616 3183 seorsim

2023 3218 2221 3289 ponit,
2269 3233 2397 3273 cum
2427 3218 2708 3273 hominem
2746 3219 3102 3291 conjunctum
3133 3234 3253 3274 esse
3282 3218 3397 3274 Deo
3431 3218 3619 3274 Verbo

2024 3310 2170 3364 dicat
2192 3309 2581 3365 communione
2620 3310 2881 3379 nominis,
2910 3311 3137 3365 honoris
3159 3310 3493 3381 aequalitate,
3523 3309 3615 3365 di-

2024 3402 2252 3472 gnitate.
2300 3401 2490 3471 Itaque
2531 3416 2697 3457 voces
2743 3401 2801 3455 in
2824 3401 3156 3471 evangelicis
3188 3399 3615 3470 apostolicisque

2022 3494 2310 3564 praeconiis
2333 3494 2400 3549 de
2424 3492 2646 3548 Christo
2675 3493 2883 3563 positas
2914 3493 3221 3564 distinguit,
3248 3500 3306 3548 et
3328 3492 3464 3546 alias
3485 3491 3613 3561 qui-

2024 3585 2148 3641 dem
2173 3585 2384 3641 homini
2409 3583 2730 3641 tribuendas
2755 3600 2878 3640 esse
2900 3584 3114 3650 asserit,
3136 3584 3400 3638 nimirum
3420 3584 3616 3636 huma-

2023 3690 2144 3739 nas,
2170 3674 2306 3728 alias
2338 3689 2472 3728 vero
2517 3673 2873 3745 singulariter
2911 3673 3024 3728 Deo
3060 3672 3243 3728 Verbo
3289 3670 3610 3734 convenire,

2025 3762 2238 3819 scilicet
2289 3763 2525 3818 divinas.
2576 3763 2647 3818 Et
2682 3763 2811 3832 quia
2854 3761 3237 3833 multipliciter
3284 3759 3503 3823 dividit,
3548 3774 3616 3814 ac

2025 3856 2255 3910 seorsim
2306 3856 2463 3925 ponit
2509 3864 2770 3925 tanquam
2809 3854 3090 3910 hominem
3145 3854 3423 3924 proprie,_
3456 3852 3612 3906 illum

2024 3967 2091 4007 ex
2131 3958 2318 4006 sancta
2362 3951 2586 4021 Virgine
2637 3960 2849 4017 natum,
2901 3958 2957 4005 et
2986 3949 3244 4004 similiter
3284 3946 3509 4018 pr0prie
3548 3961 3615 4002 ac

2025 4042 2257 4098 seorsim
2282 4040 2479 4097 Filium
2500 4042 2637 4097 illud
2663 4059 2730 4098 ex
2752 4043 2864 4097 Deo
2891 4042 3052 4098 Patre
3074 4041 3339 4104 Verbum,
3357 4046 3612 4110 propter-

2024 4147 2090 4187 ea
2114 4139 2359 4188 sanctam
2383 4132 2531 4186 illam
2558 4133 2837 4204 Virginem
2860 4147 2973 4186 non
2999 4130 3095 4185 Dei
3127 4130 3474 4201 genitricem,
3514 4127 3613 4184 sed

2024 4222 2209 4290 potius
2234 4222 2476 4276 hominis
2521 4230 2753 4276 matrem
2798 4237 2919 4277 esse
2942 4221 3160 4277 asserit.
3198 4219 3311 4275 Nos
3336 4234 3469 4273 vero
3498 4234 3611 4273 non

2028 4316 2102 4370 ita
2123 4330 2181 4369 se
2203 4315 2322 4369 haec
2347 4314 2550 4368 habere
2583 4312 2873 4375 sentimus,
2902 4312 2998 4366 sed
3023 4326 3054 4365 a
3076 4309 3278 4364 divinis
3299 4307 3529 4363 Litteris
3552 4316 3613 4363 et

322 4393 482 4457 θείας
526 4392 756 4463 Γραφῆς
788 4390 885 4445 καὶ
913 4391 1021 4446 τῶν
1056 4389 1225 4460 ἁγίων
1248 4388 1509 4460 Πατέρων
1539 4389 1636 4442 ἐνα
1665 4389 1792 4444 Υίὸν
1826 4391 1920 4443 καὶ

2024 4418 2055 4457 a
2076 4401 2281 4457 sanctis
2306 4401 2565 4456 Patribus
2596 4399 2779 4454 edocti
2813 4398 3108 4452 didicimus
3130 4411 3301 4450 unum
3333 4394 3534 4449 Filium
3553 4403 3611 4451 et

320 4484 574 4557 Χριστὸν
605 4483 704 4536 καὶ
746 4481 954 4553 Κύριον
998 4481 1304 4553 ὁμολογεῖν,
1334 4481 1479 4534 τοῦτ’
1525 4481 1674 4547 ἐστι,
1726 4482 1818 4534 τὸν
1859 4483 1923 4534 ὲκ

319 4576 463 4630 Θεοῦ
504 4573 729 4645 Πατρὺς
769 4573 965 4642 Λόγον,
1013 4572 1344 4643 γεννηθέντα
1377 4572 1475 4643 μὲν
1523 4569 1583 4636 ἐξ
1617 4571 1783 4625 αὐτοῦ
1819 4571 1926 4643 πρὸ

316 4667 567 4732 αίώνων,
603 4664 932 4736 θεοπρεπῶς
957 4664 1055 4718 καὶ
1079 4665 1357 4735 ἀρρήτωςο
1389 4663 1448 4716 ὲν
1468 4663 1718 4733 ἐσχάτοις
1744 4662 1801 4715 δὲ
1829 4661 1932 4716 τοῦ

318 4760 527 4822 αἰῶνος
555 4758 778 4829 καιροῖς
812 4758 905 4811 τὸν
935 4756 1101 4811 αὐτὸν
1134 4756 1202 4808 δι’
1244 4758 1394 4826 ἡμᾶς
1422 4754 1751 4826 γεννηθέντα
1783 4754 1925 4809 κατὰ

319 4851 509 4922 σάρκα
540 4850 612 4903 ὲκ
639 4849 743 4919 τῆς
765 4848 928 4917 ἁγίας
950 4847 1240 4919 Παρθένου
1280 4849 1375 4902 καὶ
1396 4847 1582 4918 ἐπειδὴ
1610 4846 1755 4901 Θεὸν
1772 4849 1925 4901 ἐνανι-

321 4943 714 5014 θρωπήσαντα
754 4941 850 4994 καὶ
883 4939 1239 5011 σαρκωθέντα
1273 4940 1571 5011 γεγέννηκε
1595 4980 1610 5005 ,
1645 4938 1732 4993 διὰ
1766 4940 1926 4993 τοῦτο

322 5036 417 5087 καὶ
449 5030 811 5102 ὀνομάζομεν
839 5031 1100 5083 Θεοτόκον
1130 5030 1323 5100 αὐτήν.
1355 5025 1453 5092 Είς
1480 5024 1574 5082 οὗν
1594 5030 1740 5084 ἐστιν
1773 5028 1920 5094 Υἱὸς,

320 5122 405 5190 εἷς
431 5125 652 5197 Κύριος
684 5122 893 5193 Ἰησοῦς
914 5120 1167 5190 Χριστὸς,
1192 5121 1286 5173 καὶ
1314 5120 1419 5193 πρὸ
1443 5122 1543 5191 τῆς
1569 5119 1919 5192 σαρκώσεως,

320 5219 416 5274 at
456 5214 605 5286 μετὰ
623 5213 726 5283 τὴν
757 5211 1056 5283 σὰρκωσιν.
1093 5212 1169 5265 Οὐ
1203 5210 1312 5281 γὰρ
1344 5210 1531 5281 ἕτερος
1557 5206 1626 5281 ἦν
1652 5210 1785 5276 Υίὸς
1807 5212 1837 5264 6
1858 5213 1919 5266 ὲκ

319 5310 464 5365 Θεοῦ
500 5305 724 5378 Ιῐατρδς
748 5306 922 5373 Λόγος
940 5345 955 5370 ,
981 5305 1169 5377 ἕτερος
1189 5304 1246 5358 δὲ
1278 5305 1442 5359 πάλιν
1480 5307 1508 5358 6
1535 5307 1598 5358 ὲκ
1622 5307 1721 5375 τῆς
1758 5304 1922 5377 ἁγίας

325 5400 640 5471 Παρθένουο
677 5396 796 5452 ἁλλ’
828 5395 993 5459 αὐτὸς
1024 5395 1232 5459 ἐκεῖνος
1253 5398 1282 5450 6
1310 5395 1637 5468 προαιὼνιος
1666 5397 1761 5451 καὶ
1780 5398 1925 5453 κατὰ

324 5494 512 5566 σάρκα
548 5494 616 5544 ἐκ
656 5487 917 5559 γυναικὸς
951 5486 1313 5558 γεγεννῆσθαι
1342 5486 1684 5544 πιστεύεταιο
1714 5488 1810 5560 οὐχ
1845 5488 1922 5555 ὡς

296 5622 307 5639 1
376 5670 443 5701 ’³³
474 5666 674 5724 Matth.
707 5681 804 5733 vn,
833 5664 922 5721 15.
1001 5662 1046 5696 ⁸³
1074 5661 1095 5718 l
1120 5660 1249 5721 Cor.
1285 5679 1402 5731 vm,
1432 5663 1489 5722 6.

2021 4489 2304 4546 Christum
2341 4496 2398 4543 et
2435 4489 2731 4543 Dominum
2776 4471 3061 4553 confiteri,
3081 4487 3189 4541 hoc
3232 4493 3337 4553 est,
3368 4486 3504 4541 illud
3543 4502 3614 4541 ex

2021 4582 2134 4635 Deo
2157 4581 2319 4635 Patre
2348 4580 2614 4645 Verbum,
2644 4595 2711 4635 ex
2736 4579 2856 4649 ipso
2880 4577 3100 4649 quidem
3136 4585 3264 4633 ante
3293 4577 3490 4633 saecula
3523 4577 3611 4631 di-

2021 4669 2152 4724 vino
2179 4678 2237 4724 et
2269 4668 2534 4725 ineffabili
2562 4669 2727 4723 modo
2755 4668 3024 4740 genitum,
3051 4668 3313 4738 idemque
3335 4667 3392 4721 in
3425 4675 3612 4723 extre-

2022 4763 2127 4817 mis
2172 4763 2358 4818 saeculi
2397 4750 2737 4833 temporibus
2762 4769 2988 4832 propter
3019 4776 3121 4816 nos
3153 4759 3459 4816 secundum
3486 4775 3609 4815 car-

2029 4868 2157 4908 nem
2204 4868 2274 4907 ex
2314 4861 2504 4909 sancta
2531 4852 2757 4924 Virgine
2789 4862 2977 4908 natum
3009 4869 3022 4905 :
3048 4868 3236 4923 quam,
3275 4850 3407 4923 quia
3435 4852 3610 4907 Deum

2030 4942 2309 4999 hominem
2341 4944 2546 5000 factum
2579 4951 2636 5001 et
2657 4945 3003 5000 incarnatum
3027 4944 3236 5015 genuit,
3262 4958 3327 4997 ea
3355 4943 3422 4998 de
3445 4956 3613 4997 causa

2027 5038 2194 5092 etiam
2216 5037 2315 5092 Dei
2339 5046 2571 5093 matrem
2600 5037 2959 5107 appellamus.
2981 5035 3135 5091 Unus
3157 5048 3289 5105 ergo
3314 5040 3398 5087 est
3413 5031 3608 5096 Filius,

2030 5143 2174 5185 unus
2203 5128 2469 5184 Dominus
2493 5128 2652 5184 Iesus
2672 5126 2925 5184 Christus
2946 5126 3013 5190 3',
3037 5132 3094 5179 et
3122 5130 3249 5178 ante
3270 5121 3608 5176 incarnatio-

2027 5236 2177 5286 nem,
2206 5227 2401 5290 etpost
2443 5218 2899 5275 incarnationem.
2939 5214 3060 5269 Non
3082 5213 3229 5268 enim
3254 5212 3394 5267 alter
3436 5208 3609 5265 Filius

2027 5319 2148 5367 erat
2169 5310 2303 5366 illud
2343 5326 2411 5367 ex
2441 5312 2553 5367 Deo
2582 5311 2745 5367 Patre
2771 5307 3034 5370 Verbum,
3063 5305 3202 5359 alter
3226 5311 3491 5375 praeterea
3512 5302 3606 5359 ille

2027 5418 2097 5458 ex
2118 5410 2306 5458 sancta
2328 5402 2550 5474 Virgine
2576 5409 2738 5456 natus
2770 5416 2785 5453 :
2811 5397 2909 5453 sed
2942 5396 3032 5452 ille
3051 5395 3196 5451 idem
3221 5395 3318 5467 qui
3341 5402 3460 5451 erat
3479 5404 3607 5450 ante

2029 5492 2246 5561 saecula,
2277 5493 2445 5550 etiam
2472 5490 2775 5550 secundum
2811 5502 3032 5547 carnem
3062 5502 3132 5545 ex
3162 5488 3400 5548 muliere
3441 5492 3607 5542 natus
