4048 6472
468 287 571 346 131

1502 282 1559 338 S.
1599 279 1876 338 CYRILLI
1913 277 2391 335 ALEXANDRINI
2430 275 2750 333 AllClllEP.

3640 277 3753 334 232

470 404 749 471 creditur;
789 420 899 460 non
924 402 1072 474 quod
1094 402 1214 474 ejus
1245 400 1509 456 divinitas
1538 399 1757 455 initium
1779 396 2055 469 acceperit

2160 393 2262 465 τῆς
2295 394 2550 465 θεότητος
2596 391 2765 447 αὐτοῦ
2805 389 2981 463 ἀρχὴν
3025 389 3299 462 λαϐούσης
3340 390 3422 457 εἰς
3464 391 3529 447 τὸ
3577 390 3755 457 εἶναι,

470 502 532 549 ιιι
564 492 655 558 sit,
681 501 776 547 aut
797 493 866 547 ad
895 493 1113 546 initium
1136 492 1470 547 exsistentia:
1492 506 1592 561 per
1605 500 1859 557 sanctam
1880 489 2061 560 Virgi-

466 599 594 638 nem
622 591 811 638 vocata
836 585 909 639 sit
941 602 954 638 :
981 583 1079 639 sed
1107 583 1279 653 quod,
1316 590 1379 637 ut
1401 582 1537 648 dixi,
1563 597 1689 636 cum
1714 590 1841 637 ante
1864 580 2062 635 saecula

465 675 706 730 Verbum
729 685 897 743 esset,
927 692 997 731 ex
1028 678 1120 732 illa
1150 677 1455 734 secundum
1479 689 1700 730 carnem
1731 681 1920 729 natum
1940 687 2062 728 esse

466 764 690 821 dicitur.
718 767 858 822 Nam
878 769 1103 839 propria
1131 769 1308 839 ipsius
1332 776 1453 824 erat
1476 768 1569 822 illa
1595 782 1748 833 caro,
1776 774 1838 821 ut
1872 766 2060 836 cujus-

464 872 573 927 que
614 866 869 913 nostrum
918 859 1209 930 proprium
1262 859 1606 931 singulorum
1653 873 1873 928 corpus.
1921 856 2061 923 Quia

463 963 601 1004 vero
620 950 879 1005 nonnulli
926 950 1090 1006 nobis
1145 950 1477 1021 Apollinarii
1519 965 1739 1005 errores
1763 948 2056 1020 objiciunt,

463 1056 530 1096 ac
563 1040 759 1096 dicunt
783 1060 797 1096 :
827 1042 887 1097 Si
908 1058 1081 1098 unum
1105 1041 1290 1098 dicitis
1316 1043 1523 1107 Filium
1550 1042 1853 1097 secundum
1878 1040 2061 1111 perfe-

452 1141 609 1186 ctam
632 1143 801 1203 atque
820 1135 1168 1190 commistam
1194 1136 1494 1201 unitatem',
1521 1134 1657 1190 illud
1678 1150 1747 1189 ex
1762 1134 1875 1189 Deo
1893 1134 2059 1189 Patre

464 1224 708 1280 Verbum
756 1227 1040 1283 hominem
1089 1231 1296 1285 factum
1344 1237 1401 1283 et
1443 1228 1810 1294 incamatum,
1866 1228 2058 1298 utique

462 1313 602 1369 illud
641 1317 811 1372 etiam
849 1319 1065 1389 opinari
1108 1330 1166 1374 et
1209 1319 1415 1374 sentire
1454 1317 1798 1384 decrevistis,
1824 1318 2054 1373 commi-

462 1409 730 1476 stionem,
765 1411 852 1467 vel
897 1411 1309 1478 confusionem,
1360 1419 1458 1466 aut
1492 1411 1930 1482 compactionem
1972 1410 2057 1465 fa-

460 1505 608 1553 ctam
634 1514 757 1555 esse
772 1500 940 1556 Verbi
966 1517 1090 1556 eum
1112 1516 1367 1572 corpore,
1387 1509 1484 1556 aut
1499 1508 1652 1557 certe
1675 1501 1927 1572 corporis
1949 1501 2057 1555 im-

462 1588 826 1644 mutationem
850 1591 904 1652 in
928 1590 1233 1646 divinitatis
1257 1599 1535 1646 naturam.
1560 1590 1638 1645 Ea
1664 1590 1732 1645 de
1761 1605 1927 1645 causa
1954 1605 2057 1644 nos

460 1680 759 1735 admodum
803 1682 1101 1752 sapienter,
1132 1690 1196 1736 ut
1225 1682 1557 1737 calumniam
1592 1682 1945 1753 repellamus,
1975 1682 2058 1736 di-

459 1768 640 1826 cimus
663 1772 797 1827 illud
826 1774 923 1829 Dei
952 1775 1133 1830 Patris
1156 1776 1424 1840 Verbum,
1448 1776 1615 1831 modo
1634 1776 1731 1845 qui
1763 1790 1944 1845 neque
1968 1774 2054 1829 in-
2087 1754 2129 1810 Β

461 1861 633 1933 telligi
678 1878 859 1933 neque
914 1864 1149 1935 exprimi
1206 1865 1393 1921 verbis
1436 1864 1643 1936 possit,
1706 1864 1896 1919 unisse
1947 1862 2055 1918 sibi

458 1966 662 2024 corpus
688 1954 994 2010 animatum
1038 1956 1223 2011 anima
1263 1956 1656 2021 intellectuali,
1696 1965 1754 2012 et
1782 1955 2054 2027 prodiisse

459 2042 740 2100 hominem
770 2061 840 2102 ex
869 2047 1125 2113 muliere,
1160 2048 1318 2119 137
1345 2065 1457 2103 non
1481 2047 1866 2103 immutatione
1887 2054 2053 2102 natu-

459 2149 554 2199 rae,
586 2136 683 2191 sed
715 2138 900 2206 potius
938 2138 1345 2209 dispensatoria
1374 2140 1659 2195 voluntate
1691 2139 1869 2195 nostri
1901 2139 2055 2194 simi-

456 2226 566 2281 lem
590 2227 818 2285 factum.
860 2231 1047 2285 Voluit
1073 2232 1223 2287 enim
1262 2233 1430 2287 homo
1456 2231 1594 2298 ﬁeri,
1626 2247 1738 2287 non
1764 2248 1832 2287 eo
1850 2232 2053 2286 amisso

432 2322 606 2390 .quod
625 2324 931 2379 secundum
955 2333 1209 2380 naturam
1237 2325 1386 2380 Deus
1416 2331 1557 2380 erat.
1582 2324 1691 2380 Sed
1720 2324 1973 2396 quamvis
1996 2325 2052 2379 in

456 2421 679 2470 nostras
704 2430 995 2471 mensuras
1021 2417 1399 2484 descenderit,
1435 2425 1493 2473 et
1512 2419 1658 2475 servi
1689 2419 1927 2483 formam
1963 2419 2051 2472 in-

454 2504 640 2560 duerit
654 2506 720 2573 ³³,
749 2515 934 2563 tamen
958 2508 1040 2563 sic
1059 2524 1282 2580 quoque
1306 2511 1363 2565 in
1391 2526 1505 2566 suae
1542 2510 1850 2566 divinitatis
1865 2512 2050 2566 excel-

456 2596 644 2662 lentia,
685 2606 742 2653 et
765 2599 823 2654 in
852 2615 955 2654 suo
987 2602 1231 2655 naturali
1267 2602 1553 2657 dominatu
1584 2603 1909 2673 permansit.
1942 2602 2052 2657 Nos

454 2687 623 2757 igitur
657 2689 788 2745 dum
813 2691 895 2747 illi
936 2700 1139 2747 sanctae
1174 2694 1330 2747 carni
1375 2694 1617 2748 animam
1654 2694 2051 2766 intelligentem

458 2780 706 2847 habenti,
733 2782 1089 2840 ineﬂ‘abiliter
1111 2796 1169 2840 et
1195 2801 1364 2857 supra
1385 2802 1550 2857 quam
1585 2787 1815 2858 intelligi
1853 2788 2047 2858 possit,

456 2871 594 2925 illud
627 2888 692 2927 ex
721 2874 834 2928 Deo
859 2875 1023 2930 Patre
1058 2877 1300 2932 Verbum
1325 2878 1567 2944 unimus,
1598 2879 1737 2933 citra
1767 2878 2049 2933 confusio-

456 2979 585 3020 nem
626 2966 817 3033 ullam,
847 2968 987 3023 citra
1037 2970 1460 3025 conversionem
1504 2980 1671 3042 atque
1712 2971 2050 3026 immutatio-

2165 486 2338 557 ἤγουν
2360 488 2442 550 εἰς
2469 485 2647 558 ἀρχὴν
2668 483 2960 556 ὑπάρξεως
2979 483 3148 555 κεκλη
3158 483 3326 557 μένης
3348 483 3437 539 διὰ
3463 483 3562 555 τῆς
3591 483 3760 555 ἁγίας

2165 577 2471 649 Παρθένουο
2508 578 2626 631 ἀλλ’
2652 577 2735 631 ὅτι
2760 575 2983 646 μᾶλλον,
3017 576 3094 640 ὡς
3120 575 3278 647 ἔφην,
3320 573 3650 647 προαιώνιος
3678 573 3761 629 ὢν

2163 668 2338 734 Λόγος
2358 707 2373 733 ,
2407 668 2466 736 ἐξ
2509 668 2683 739 αὐτῆς
2711 666 3074 738 γεγεννῆσθαι
3118 667 3337 737 λέγεται
3370 668 3512 721 κατὰ
3553 668 3758 738 σάρκα.

2175 759 2305 812 Ἰδία
2328 758 2438 830 γὰρ
2463 755 2532 831 ἦν
2552 758 2719 814 αὐτοῦ
2743 760 2776 831 ή
2802 757 2961 842 σὰρξ,
2989 756 3454 830 καθάπεράμέλει
3478 757 3575 812 καὶ
3595 756 3763 830 ἡμῶν

2161 848 2423 914 ἑκάστου,
2451 848 2512 902 τὸ
2537 847 2668 903 ῑδιον
2696 847 2865 904 αὑτοῦ
2893 847 3075 919 σῶμα.
3122 848 3341 919 Ἐπειδὴ
3369 847 3426 901 δέ
3457 864 3606 913 τινες
3627 849 3761 902 ἐπι·

2162 942 2458 997 πλέκουσιν
2503 945 2638 1014 ἡμῖν
2678 943 2779 1007 τὰς
2832 941 3212 1014 Ἀπολιναρίου
3245 938 3425 1008 δόξας,
3464 940 3559 996 καί
3588 958 3764 1011 φασιν

2161 1035 2264 1100 ὅτι,
2287 1038 2353 1090 Εἰ
2373 1035 2471 1090 ἕνα
2489 1036 2682 1106 λέγετε
2713 1035 2839 1091 καθ’
2864 1036 3061 1089 ἕνωσιν
3085 1034 3291 1107 ἀκριδῆ
3321 1037 3416 1089 καὶ
3439 1051 3760 1107 συγκεκρα-

2164 1127 2337 1200 μένην
2370 1127 2520 1193 Υίδν,
2551 1128 2644 1183 τὸν
2684 1129 2749 1182 ὲκ
2777 1126 2916 1182 Θεοῦ
2948 1126 3162 1199 [ἰατρὸς
3194 1127 3368 1197 Λόγον
3393 1128 3763 1201 ὲνανθρωπή-

2162 1237 2334 1275 σαντα
2360 1222 2455 1275 καὶ
2499 1220 2947 1295 σεσαρκωμένον,
2975 1223 3119 1293 τάχα
3159 1238 3261 1274 που
3298 1220 3520 1275 κάκεῖνο
3546 1221 3762 1292 φαντά-

2161 1307 2352 1375 ζεσθαι
2396 1312 2491 1366 καὶ
2517 1314 2737 1385 φρονεῖν
2768 1310 3082 1380 ἐγνώκατε,
3130 1312 3214 1366 ὅτι
3268 1310 3599 1384 σύγκρασις,
3631 1312 3759 1383 ήτοι

2162 1401 2446 1474 σύγχυσις,
2477 1404 2511 1476 ἦ
2535 1403 2754 1475 φυρμὸς
2778 1403 2973 1473 γέγονε
3001 1402 3098 1457 τοῦ
3121 1403 3299 1472 Λόγου
3327 1403 3462 1476 πρὸς
3484 1401 3546 1457 τὺ
3568 1402 3754 1473 σῶμα,

2159 1494 2328 1565 ήγουν
2373 1494 2467 1548 τοῦ
2521 1495 2773 1566 σώματος
2817 1496 2896 1560 εἰς
2941 1494 3105 1565 φύσιν
3151 1494 3406 1567 θεότητος
3452 1493 3755 1566 μεταϐολή.

2158 1587 2348 1659 Ταύτῃ
2369 1605 2473 1656 τοι,
2493 1589 2589 1643 καὶ
2621 1589 2767 1659 μάλα
2798 1588 3089 1660 ἐμφρόνως
3121 1589 3283 1661 ἡμεῖς
3312 1588 3754 1661 ἀποκρουόμενοι

2157 1677 2257 1750 τὴν
2275 1679 2660 1749 συκοφαντίαν,
2681 1679 2884 1750 φαμὲν,
2915 1679 2997 1733 ὅτι
3020 1681 3048 1732 ό
3072 1679 3136 1731 ὲκ
3158 1677 3296 1732 Θεοῦ
3322 1679 3534 1748 Πατρὺς
3549 1679 3751 1748 Λόγος,

2158 1773 2535 1844 ἁπερινοήτως
2583 1789 2645 1826 τε
2692 1773 2788 1825 καὶ
2830 1771 2907 1834 ὡς
2944 1770 3045 1824 οὐκ
3091 1769 3240 1825 ἐστιν
3286 1770 3484 1835 εἰπεῖν,
3539 1770 3757 1843 ἥνωσεν

2157 1865 2336 1936 ἐαυτῷ
2375 1865 2535 1936 σῶμα
2564 1864 2983 1937 ὲμψυχωμένον,
3014 1864 3160 1936 ψυχῇ
3198 1865 3380 1935 νοερᾷ,
3416 1863 3512 1918 καὶ
3540 1864 3756 1936 προῆλ-

2157 1956 2248 2010 θεν
2275 1957 2371 2013 ἄνθ
2382 1975 2565 2029 ρωπος
2584 1959 2649 2013 ὲκ
2669 1958 2953 2027 γυναικὸς,
2981 1956 3042 2009 ού
3075 1954 3346 2028 μεταϐολῇ
3374 1954 3591 2025 φύσεως
3621 1956 3755 2012 καθ’

2155 2053 2305 2121 ἡμᾶς
2358 2049 2637 2123 γεγονὼς,
2690 2049 2808 2104 ἀλλ’
2862 2049 3083 2122 εὐδοκία
3153 2048 3357 2120 μᾶλλον
3403 2050 3753 2122 οἰκονομικῇ.

2168 2144 2429 2215 Ἠθέλησε
2452 2143 2563 2215 γὰρ
2585 2142 2871 2215 ἄνθρωπος
2894 2141 3171 2211 γενέσθαι,
3196 2142 3256 2195 τὸ
3284 2137 3423 2196 εἶναι
3449 2141 3583 2205 Θεὸς
3607 2143 3756 2196 κατὰ

2157 2237 2319 2307 φύσιν
2352 2238 2453 2291 οῦκ
2476 2235 2789 2291 ἀποϐαλών.
2832 2235 2976 2289 Ἀλλ’
3002 2237 3050 2288 εἰ
3079 2234 3176 2288 καὶ
3212 2234 3270 2288 ἐν
3298 2236 3414 2298 τοῖς
3447 2234 3569 2287 καθ’
3599 2234 3757 2304 ἡμᾶς

2156 2329 2412 2384 καθίκετο
2441 2327 2469 2369 d
2524 2328 2776 2400 μέτροις,
2809 2328 2901 2381 καὶ
2945 2326 3231 2397 πεφόρηκε
3267 2325 3366 2397 τὴν
3413 2324 3507 2379 τοῦ
3557 2325 3753 2380 δούλου

2158 2422 2396 2492 μορφὴν,
2429 2419 2524 2473 καὶ
2563 2418 2706 2473 οὕτω
2752 2419 3068 2490 μεμένηκεν
3103 2420 3161 2473 ὲν
3207 2420 3326 2481 ταῖς
3353 2417 3454 2487 τῆς
3493 2416 3757 2489 θεότητος

2155 2514 2486 2586 ὑπεροχαῖς,
2522 2512 2619 2565 καὶ
2670 2513 2730 2565 ὲν
2770 2514 2835 2583 τῇ
2867 2512 3067 2583 φυσικῇ
3109 2510 3413 2585 κυριότητι.
3471 2508 3755 2575 Ἐνοῦντες

2151 2605 2331 2665 τοίνυν
2357 2606 2517 2676 ἡμεῖς
2555 2604 2621 2674 τῇ
2658 2602 2793 2674 ἁγίᾳ
2835 2603 3020 2675 σαρκὶ,
3053 2601 3235 2674 ψυχὴν
3261 2601 3462 2675 ἐχούσῃ
3498 2602 3598 2674 τὴν
3625 2619 3755 2657 νοε-

2154 2696 2277 2769 pinv,
2306 2696 2633 2766 ἀπορῤήτως
2660 2712 2718 2747 τε
2752 2694 2849 2748 καὶ
2878 2694 3020 2767 ὑπὲρ
3053 2692 3200 2761 νοῦν,
3237 2694 3330 2750 τὸν
3362 2695 3427 2748 ἐκ
3461 2694 3597 2748 Θεοῦ
3632 2695 3759 2749 Πα-

2152 2790 2283 2859 τρδς
2322 2788 2497 2856 Λόγον
2519 2826 2535 2850 ,
2581 2786 2903 2858 ἀσυγχύτως
2924 2826 2939 2851 ν
2972 2786 3283 2858 ἀτρέπτως,
3318 2785 3721 2858 ἀμεταϐλήτους
3737 2827 3756 2850 ο

2153 2881 2253 2936 ἕνα
2284 2880 2523 2951 Χριστὸν
2559 2881 2652 2933 καὶ
2688 2880 2837 2946 Υίὸν,
2871 2880 2965 2932 καὶ
2995 2879 3202 2951 Κύριον
3235 2878 3630 2950 ὁμολογοῦμεν,
3658 2878 3760 2932 τὸν

2151 2973 2315 3028 αὐτὸν
2345 2972 2482 3026 Θεὸν
2521 2972 2618 3026 καὶ
2666 2971 2975 3043 ἄνθρωπον,
3022 2972 3121 3043 οὐχ
3164 2971 3351 3044 ἕτερον
3394 2972 3489 3025 καὶ
3539 2971 3756 3044 ἕτερον,

457 3071 607 3123 nem,
640 3074 814 3114 unum
842 3059 1125 3116 Christum
1146 3069 1203 3117 et
1234 3062 1435 3118 Filium
1467 3071 1523 3117 et
1546 3063 1840 3118 Dominum
1871 3061 2046 3117 conﬁ-

2158 3064 2270 3120 ἁλλ⁹
2309 3065 2406 3119 ’ένα
2454 3062 2546 3118 καὶ
2584 3062 2673 3117 τὸν
2717 3063 2902 3130 αὑτὸν,
2936 3062 3098 3116 τοῦτο
3150 3064 3376 3116 κάκεῖνο
3435 3063 3760 3133 ὑπάρχοντα

457 3159 661 3217 temur,
699 3152 873 3207 Deum
910 3156 1169 3210 eumdem
1210 3163 1267 3211 et
1300 3156 1603 3223 hominem,
1649 3172 1767 3211 non
1809 3157 2046 3211 alterum

457 3253 625 3314 atque
665 3246 925 3314 alterum,
956 3248 1052 3303 sed
1098 3249 1218 3320 qui,
1252 3265 1379 3305 cum
1421 3266 1567 3305 unus
1594 3249 1850 3321 idemque
1875 3249 1966 3315 sit,
1995 3255 2052 3304 et

456 3336 566 3392 hoc
599 3345 657 3394 et
677 3339 811 3394 illud
831 3341 1064 3397 exsistat
1093 3350 1149 3396 et
1185 3341 1543 3413 intelligatur.
1572 3342 1761 3412 itaque
1790 3356 2051 3395 nonnun—

455 3445 621 3502 quam
640 3439 702 3488 ut
732 3433 899 3490 homo
931 3435 1148 3490 ratione
1174 3433 1577 3505 dispensatoris
1610 3444 1667 3490 et
1692 3432 2053 3490 humanitatis

454 3524 621 3579 modo
657 3526 927 3597 loquitur,
964 3543 1368 3598 nonnunquam
1417 3542 1552 3582 vero
1596 3534 1857 3598 tanquam
1906 3528 2053 3582 Deus

456 3626 583 3670 cum
621 3623 895 3687 potestate
920 3634 1043 3689 quae
1080 3620 1256 3674 Deum
1291 3618 1506 3683 deceat,
1532 3618 1704 3673 verba
1733 3618 1882 3674 facit.
1911 3618 2052 3675 Illud

456 3707 624 3764 etiam
651 3711 977 3776 asserimus,
1021 3710 1319 3781 diligenter
1341 3711 1696 3780 exquirentes
1733 3708 1882 3766 illius
1924 3727 2052 3767 cum

457 3814 624 3856 carne
648 3800 1076 3872 dispensationis
1100 3801 1363 3869 modum,
1395 3811 1452 3857 et
1486 3803 1764 3858 subtiliter
1810 3803 2052 3859 circum-

458 3891 758 3961 spicientes
800 3892 907 3947 hoc
942 3892 1292 3963 mysterium,
1336 3893 1695 3965 intelligimus
1730 3894 1828 3949 Dei
1872 3896 2054 3952 Patris

456 3983 704 4039 Verbum
729 3984 1014 4040 hominem
1034 3985 1241 4040 factum
1269 3994 1325 4042 et
1358 3987 1701 4043 incarnatum
1724 3988 1913 4054 fuisse,
1940 4004 2053 4043 non

457 4073 608 4143 quod
641 4090 712 4130 ex
734 4082 930 4130 natura
956 4091 1054 4131 sua
1096 4075 1283 4132 divina
1317 4078 1645 4135 formaverit
1664 4095 1883 4135 sacrum
1917 4078 2053 4135 illud

457 4181 694 4236 corpus,
743 4167 840 4223 scd
890 4184 958 4223 ex
991 4169 1208 4241 virgine
1248 4170 1418 4225 Maria
1467 4172 1785 4243 sumpserit.
1829 4170 2052 4241 Alioqui

458 4258 741 4329 quomodo
773 4258 953 4315 factus
996 4268 1081 4315 est
1109 4261 1297 4328 homo,
1344 4263 1388 4318 si
1418 4272 1671 4319 nostrum
1711 4280 1916 4335 corpus
1944 4264 2051 4317 mi-

456 4352 609 4408 nime
651 4353 927 4425 gestavit?
964 4353 1392 4411 Considerantes
1440 4357 1630 4429 igitur,
1664 4364 1727 4410 ut
1749 4357 1883 4424 dixi,
1929 4372 2051 4412 mo—

2152 3158 2248 3213 καὶ
2293 3157 2607 3228 νοούμενον.
2660 3156 2954 3227 Τοιγάρτοι
2992 3155 3125 3209 ποτὲ
3176 3155 3299 3226 μὲν,
3346 3155 3422 3219 ὡς
3462 3154 3759 3226 ἄνθρωπος

2151 3249 2511 3321 οἰκονομικῶς
2559 3249 2652 3302 καὶ
2695 3247 3053 3319 ἀνθρωπίνως
3085 3246 3439 3315 διαλέγεται,
3488 3245 3622 3299 ποτὲ
3660 3246 3756 3309 δὲ,

2152 3342 2229 3407 ὡς
2261 3342 2394 3407 Θεὸς
2431 3342 2546 3413 μετ’
2576 3340 2827 3407 ἐξουσίας
2856 3339 2957 3410 τῆς
2988 3337 3329 3411 θεοπρεποῦς
3357 3339 3593 3392 ποιεῖται
3622 3338 3761 3401 τοὺς

2151 3436 2369 3505 λόγους.
2414 3433 2600 3506 Φαμὲν
2649 3432 2707 3486 δὲ
2756 3432 3014 3499 κάκεῖνο,
3064 3428 3448 3501 βασανίζοντες
3481 3431 3759 3501 εὐτέχνως

2151 3528 2256 3601 τῆς
2292 3527 2430 3600 μετὰ
2462 3524 2664 3599 σαρκὸς
2688 3522 3001 3594 οἰκονομίας
3035 3523 3127 3576 τὸν
3157 3524 3382 3596 τρόπον,
3438 3523 3535 3577 καὶ
3591 3540 3758 3594 περι-

2153 3621 2446 3694 αθροῦντες
2471 3617 2668 3690 ἰσχνῶς
2686 3618 2749 3672 τὸ
2769 3617 3089 3689 μυστήριον,
3118 3615 3335 3688 ὁρῶμεν
3357 3617 3440 3669 ὅτι
3461 3617 3489 3669 ό
3520 3616 3585 3670 ὲκ
3612 3615 3757 3670 Θεοῦ

2154 3710 2371 3785 Πατρὸς
2404 3710 2575 3780 Λόγος
2611 3707 3006 3781 ὲνηνθρώπήσέ
3038 3724 3098 3762 τε
3139 3707 3237 3761 καὶ
3284 3705 3580 3779 ὲσαρκώθη
3604 3745 3621 3771 ,
3657 3708 3760 3760 καὶ⁵

2153 3804 2254 3856 οὐκ
2287 3805 2351 3856 ὲκ
2382 3801 2484 3871 τῆς
2520 3799 2716 3854 ἑαυτοῦ
2752 3799 2902 3863 θείας
2932 3798 3149 3870 φύσεως
3178 3798 3238 3851 τὸ
3269 3799 3412 3871 ἱερὸν
3443 3800 3621 3853 ὲκεῖνο
3650 3815 3758 3852 πε-

2155 3894 2577 3966 πλαστούργηκε
2608 3892 2799 3965 σῶμα,
2828 3891 2944 3945 ἀλλ’
2971 3893 3037 3945 ὲκ
3073 3891 3170 3962 τῆς
3219 3889 3496 3962 Παρθένου
3527 3890 3757 3963 Μαρίας

2159 3988 2360 4060 μᾶλλον
2386 3985 2576 4038 ἔλαϐεν
2608 3983 2762 4038 αὑτό.
2811 3982 2967 4036 Ἐπεὶ
2996 3982 3116 4045 πῶς
3161 3982 3387 4050 γέγονεν
3419 3980 3713 4061 ἄνθρωπος
3735 4020 3757 4047 ,

2154 4083 2204 4135 εἰ
2257 4080 2331 4152 μὴ
2380 4078 2541 4149 σῶμα
2591 4075 2873 4147 πεφόρηκε
2916 4074 2979 4127 τὸ
3034 4074 3343 4147 ήμέτερον;
3410 4072 3757 4139 Ἐννοοῦντες

2154 4171 2356 4237 τοίνυν,
2392 4169 2467 4233 ὡς
2515 4168 2674 4239 ἔφην,
2726 4166 2826 4240 τῆς
2873 4163 3348 4238 ὲνανθρωπήσεως
3386 4164 3478 4219 τὸν
3522 4164 3750 4236 τρόπον,

2154 4262 2373 4335 ὁρῶμεν
2395 4262 2477 4315 ὅτι
2501 4259 2594 4314 δύο
2614 4258 2806 4329 φύσεις
2829 4255 3093 4327 συνῆλθον
3123 4256 3383 4328 ἀλλήλαις
3406 4254 3526 4311 καθ’
3553 4256 3754 4310 ἕνωσιν

2157 4355 2528 4410 ἀδιάσπαστον
2557 4349 2880 4421 ἀσυγχύτως
2924 4348 3020 4402 acati.
3045 4348 3370 4419 ἀτρέπτως·
3395 4348 3429 4419 ἡ
3476 4346 3585 4418 γὰρ
3611 4345 3753 4417 σὰρξ

458 4444 591 4499 dum
614 4445 1049 4512 humanationis,
1081 4447 1441 4519 intelligimus
1468 4449 1607 4504 duas
1631 4449 1775 4503 inter
1803 4465 1860 4504 se
1883 4449 2054 4506 indis-

2161 4449 2301 4521 σάρξ
2328 4449 2467 4514 ἐστι,
2509 4445 2605 4501 καὶ
2636 4445 2696 4499 οὑ
2728 4443 2942 4514 θεότης,
2971 4443 3020 4496 εἰ
3050 4445 3146 4497 καὶ
3178 4440 3371 4512 γέγονε
3406 4440 3544 4496 Θεοῦ
3579 4438 3746 4507 σάρξ·

458 4534 681 4591 solubili
697 4537 902 4591 unione
912 4538 1235 4594 convenisse
1252 4548 1496 4605 naturas,
1516 4543 1654 4595 citra
1671 4539 2050 4597 confusionem

459 4634 628 4698 atque
650 4628 1093 4684 immutationem
1121 4630 1289 4685 ullam
1332 4650 1345 4686 :
1370 4647 1500 4687 caro
1534 4630 1682 4685 enim
1702 4647 1832 4687 caro
1860 4642 1964 4699 est,
1994 4642 2052 4690 et

459 4734 572 4773 non
617 4716 908 4784 divinitas,
953 4719 1169 4775 etiamsi
1208 4721 1306 4777 Dei
1330 4736 1462 4776 caro
1487 4720 1631 4776 facta
1653 4731 1738 4777 est
1767 4741 1778 4776 :
1806 4724 2051 4794 itemque

461 4809 706 4865 Verbum
729 4810 875 4865 Deus
892 4818 997 4877 est,
1031 4821 1086 4867 et
1110 4828 1220 4867 non
1242 4829 1395 4878 caro,
1420 4813 1671 4884 quamvis
1702 4813 2051 4884 dispensato—

463 4902 547 4957 ria
573 4902 787 4958 ratione
810 4905 1091 4975 propriam
1113 4905 1219 4960 sibi
1243 4904 1440 4961 fecerit
1467 4921 1708 4961 carnem.
1736 4906 1909 4979 igitur
1929 4923 2055 4962 cum

464 4996 521 5051 id
545 4996 984 5067 consideramus,
1012 4999 1151 5055 nihil
1179 5000 1333 5055 illum
1358 5000 1415 5054 in
1433 5000 1702 5056 unitatem
1724 5016 2057 5057 concursum

464 5087 756 5154 violemus,
792 5088 923 5145 dum
949 5106 1016 5146 ex
1039 5090 1256 5145 duabus
1293 5091 1508 5146 naturis
1531 5090 1734 5146 factum
1768 5107 1888 5148 esse
1926 5092 2063 5148 dici-

464 5192 628 5232 mus:
670 5178 768 5233 sed
796 5188 923 5250 post
943 5181 1230 5248 unionem,
1251 5188 1480 5237 naturas
1520 5181 1749 5237 alteram
1778 5182 1848 5238 ab
1883 5184 2057 5239 altera

465 5284 577 5323 non
612 5269 945 5339 dividimus,
975 5288 1157 5342 neque
1192 5273 1251 5328 in
1297 5273 1438 5331 duos
1470 5274 1640 5331 Filios
1673 5275 1828 5330 illum
1880 5292 2056 5332 unum

465 5360 971 5434 impartibilemque
998 5378 1270 5435 sccamus,
1319 5366 1415 5425 sed
1439 5385 1609 5424 unum
1634 5369 1935 5425 asserimus
1959 5370 2051 5425 Fi-

537 5518 588 5589 ³³,
614 5520 854 5591 Philipp.
890 5537 951 5587 Il,
984 5519 1038 5573 6.

2158 4542 2361 4614 ὁμοίιος
2390 4539 2447 4593 δὲ
2480 4538 2576 4592 καὶ
2599 4539 2627 4590 ὁ
2656 4537 2828 4605 Λόγος
2857 4534 2990 4597 Θεός
3016 4535 3157 4600 ἐστι,
3182 4534 3279 4588 καὶ
3299 4534 3359 4587 ού
3387 4533 3544 4606 σὰρξ,
3578 4534 3629 4588 εἰ
3655 4534 3752 4588 καὶ

2162 4634 2298 4688 ἰδίαν
2339 4631 2639 4701 ἐποιήσατο
2676 4629 2777 4699 τήν
2812 4627 2993 4698 σάρκα
3024 4626 3404 4699 οἰκονομικῶς.
3447 4627 3618 4681 Ὅταν
3654 4622 3753 4682 οὖν

2161 4724 2436 4795 ἐννοῶμεν
2474 4722 2668 4786 τοῦτο,
2712 4720 2866 4774 οὐδὲν
2913 4720 3209 4791 ἀδικοῦμεν
3250 4721 3350 4791 τὴν
3401 4723 3481 4786 εἰς
3521 4719 3754 4791 ἑνότητα

2161 4817 2493 4890 συνδρομὴν,
2517 4818 2583 4869 ὲκ
2601 4813 2696 4868 δύο
2719 4813 2934 4883 φύσεων
2957 4813 3291 4885 γεγενῆσθαι
3312 4813 3582 4883 λέγοντες
3612 4814 3756 4884 μετὰ

2166 4912 2349 4984 μέντοι
2402 4909 2499 4981 τὴν
2544 4908 2738 4962 ἕνωσιν
2787 4907 2848 4960 ού
2896 4906 3218 4980 διαιροῦμεν
3263 4906 3365 4972 τὰς
3417 4907 3609 4977 φύσεις
3654 4907 3756 4961 ἀπ’

2165 5000 2439 5072 ἀλλήλων,
2473 4999 2595 5053 οὐδὲ
2627 5001 2707 5063 εἰς
2730 4997 2841 5051 ’δύο
2874 4999 3146 5070 τέμνομεν
3186 4998 3353 5062 Υἰοὺς
3392 4999 3484 5053 τὸν
3520 4999 3620 5053 ἕνα
3657 5001 3759 5055 καὶ

2167 5093 2486 5166 ἀμέριστον,
2518 5091 2633 5146 ἀλλ’
2663 5091 2760 5145 ’ἐνα
2804 5092 2986 5163 φαμὲν
3012 5091 3158 5159 Υἱὸν,
3191 5094 3286 5148 καὶ
3315 5093 3391 5158 ὡς
3416 5093 3467 5145 oi
3508 5092 3758 5165 Πατέρες

2163 5189 2441 5259 εἰρήκασι,
2475 5185 2603 5257 μίαν
2635 5186 2796 5256 φύσιν
2820 5185 2916 5239 τοῦ
2941 5181 3077 5239 Θεοῦ
3104 5186 3278 5256 Λόγου
3304 5188 3757 5259 σεσαρκωμένην.

2164 5277 2375 5336 Οὐκοῦν
2404 5277 2528 5331 ὅσον
2564 5276 2662 5349 μὲν
2692 5272 2828 5348 ἦκεν
2866 5278 2946 5341 εἰς
2975 5276 3207 5345 ἔννοιαν,
3248 5277 3343 5333 καὶ
3379 5277 3461 5342 εῐς
3490 5294 3554 5348 γε
3593 5277 3760 5347 μόνον

2159 5370 2222 5425 τὸ
2254 5370 2387 5441 ὁρᾷν
2432 5369 2545 5432 τοῖς
2582 5370 2682 5441 τῆς
2722 5368 2900 5440 ψυχῆς
2927 5367 3171 5439 ὄμμασι,
3206 5368 3329 5425 τίνα
3360 5367 3561 5441 τρόπον
3594 5369 3759 5438 ἔνην-

1583 5634 1754 5691 Variae
1785 5635 2053 5692 lectiones
2077 5635 2286 5696 codicis
2316 5636 2682 5710 Seguieriani.

533 5748 566 5794 ἀ
594 5751 684 5808 la’.
710 5750 987 5810 καθίκετο.
