2024 3235
163 189 222 219 233

864 185 1032 215 EPISTOLA
1051 186 1132 215 XLV.

1750 188 1804 216 254

161 252 318 288 ορώτιησεν
333 252 348 277 ὁ
361 250 534 285 Μονογενὴς,
551 249 598 277 δύο
613 250 661 281 τὰς
679 249 774 284 φύσεις
789 248 858 276 εἷναί
874 258 964 284 φαμεν

1020 250 1096 281 lium,
1113 254 1151 282 et,
1171 254 1201 276 ut
1214 250 1300 277 sancti
1321 250 1416 278 Patres
1427 249 1564 281 dixerunt,
1580 256 1663 276 unam
1679 253 1806 275 naturam

160 297 213 328 τὰς
224 296 388 327 ὲνωοείσας.
405 296 454 322 ἕνα
466 295 496 321 δὲ
512 294 630 331 Χριστὸν
643 295 691 321 καὶ
705 295 769 321 Υἰὸν
784 295 831 322 καὶ
849 295 963 331 Κύριον,

161 342 209 369 τὸν
230 341 284 368 τοῦ
303 341 373 368 Θεοῦ
392 341 500 375 [ἰατρὸς
524 340 622 374 Λόγον,
648 341 899 376 ὲνανθρωπήσαντα
918 341 966 367 καὶ

162 387 392 423 σεσαρκωμένον.
409 386 464 413 Καὶ
475 406 482 417 ,
496 387 521 412 εἰ
533 386 622 418 δοκεῖ,
637 385 779 422 δεξώμεθα
796 386 865 421 πρὸς
877 386 966 421 παρά-

160 434 268 468 δειγμα
280 433 334 467 τὴν
344 432 406 458 καθ’
420 433 494 467 ἡμᾶς
507 433 607 465 αὐτοὺς
618 432 752 464 σύνθεσιν,
764 432 824 458 καθ’
837 433 870 467 ἦν
883 433 966 467 ὲσμεν

161 479 320 514 ἄνθρωποι.
338 478 540 513 Συντεθείμεθα
551 479 605 513 γὰρ
621 479 653 504 ἐκ
665 477 754 513 ψυχῆς
767 478 814 504 καὶ
830 477 966 512 σώματος,

132 513 136 517 ”
161 513 344 558 ηὶγὸρῶμεν
358 522 405 549 δύο
419 522 531 557 φύσεις,
548 523 644 558 ἑτέραν
657 523 717 558 μὲν,
739 523 790 558 τὴν
810 522 856 549 τοῦ
873 522 967 557 σώμαη

161 578 223 600 τος,
243 569 347 603 ἑτέραν
367 569 412 598 δὲ,
430 569 479 603 τὴν
495 568 544 603 τῆς
563 568 669 603 ψυχῆς·
684 568 741 594 ἀλλ’
763 566 802 600 εἷς
820 568 850 600 ἐξ
865 569 968 603 ἀμφοῖν

162 615 226 641 καθ’
244 616 349 640 ἕνωσιν
366 614 522 649 ἄνθρωπος.
539 614 593 640 Καὶ
606 614 655 649 οὐχ
671 615 711 641 ὅτι
724 615 755 640 ἐκ
770 615 816 640 δύο
832 614 968 641 συντέθει-

161 669 206 686 ται
221 661 336 693 φύσεων
349 661 363 685 ὁ
379 660 534 694 ἄνθρωπος,
550 659 597 686 δύο
612 659 773 694 ἀνθρώπους
788 661 833 686 τὸν
859 661 907 686 ἕνα
924 669 967 685 νο-

165 705 291 739 μιστέον,
307 705 366 730 ἀλλ’
384 705 431 731 iv;
448 706 492 730 τὸν
506 705 586 731 αὑτὸν
603 706 674 731 κατὰ
688 705 822 737 σύνθεσιν,
837 706 875 737 ὡς
888 706 966 739 ἔφην,

164 752 208 777 τὸν
225 752 259 777 ὲκ
275 751 369 785 ψυχῆς
392 752 438 776 καὶ
469 751 604 785 σώματος.
627 751 690 777 Ἐὰν
705 752 759 787 γὰρ
774 752 912 787 ἀνέλωμεν
929 752 969 784 τὸ,

165 797 203 822 ὅτι
219 797 252 822 ἐκ
270 797 321 822 δύο
337 797 384 822 καὶ
399 796 536 831 διαίρὸρων
549 797 658 831 φύσεων
673 798 687 823 ό
702 795 742 829 εἷς
756 799 803 824 καὶ
818 798 897 833 μόνος
911 799 969 825 ἐστὶ

164 843 297 877 Χριστὺς,
318 843 506 874 ἀδιάσπαστος
520 842 557 868 ὢν
573 843 619 869 καὶ
636 844 704 878 μετὰ
715 843 764 878 τὴν
774 844 880 877 ἕνωσιν,
893 844 970 879 ἐροῦ-

165 896 206 914 σιν
224 889 248 914 οἱ
270 889 306 922 τῇ
323 888 392 922 ὀρθῇ
412 888 475 922 δόξῃ
489 894 500 907 ε
523 889 682 923 μαχόμενοι·
705 890 736 916 Εἰ
761 889 810 924 μία
836 890 917 924 φύσις
939 890 970 916 τὸ

1016 295 1064 322 Dei
1082 295 1164 322 Verbi
1185 295 1363 322 incarnatam.
1379 294 1474 329 Itaque
1490 297 1621 329 quantum
1634 293 1667 321 ad
1679 293 1806 321 conside-

1017 340 1133 367 randum
1146 340 1254 372 attinet,
1263 344 1345 374 atque
1354 340 1438 366 animi
1449 339 1536 366 oculis
1545 338 1734 366 tantummodo
1743 346 1808 366 con-

1017 385 1205 419 templandum
1216 385 1354 419 quomodo
1367 385 1449 412 homo
1465 384 1554 411 factus
1571 384 1607 411 sit
1621 384 1665 411 ille
1676 383 1808 419 Unigeni-

1019 435 1072 462 tus,
1085 430 1154 457 duas
1168 434 1282 457 naturas
1304 430 1395 457 unitas
1413 437 1474 457 esse
1490 429 1617 461 dicimus,
1641 437 1726 457 unum
1742 437 1808 456 vero

1017 476 1157 504 Christum
1179 480 1207 503 et
1234 477 1332 515 Filium
1347 481 1375 502 et
1400 476 1545 503 Dominum
1569 475 1634 502 illud
1659 475 1706 502 Dei
1722 476 1810 502 Patris

1018 523 1137 549 Verbum
1154 522 1292 549 hominem
1306 522 1408 548 factum
1420 525 1447 548 et
1460 522 1632 548 incarnatum
1651 521 1808 548 asserimus.

1018 567 1062 598 At,
1077 567 1098 593 si
1124 567 1228 601 placet,
1250 567 1320 594 hanc
1337 567 1422 601 ipsam
1445 571 1566 593 nostram
1583 567 1809 601 compositionem

1018 620 1070 646 qua
1082 619 1177 638 sumus
1190 611 1327 643 homines,
1340 612 1367 638 in
1375 611 1529 645 exemplum
1542 611 1622 647 138
1633 612 1810 646 accipiamus.

1020 658 1059 684 Ex
1070 658 1160 684 anima
1167 664 1284 692 namque
1293 663 1320 684 et
1330 665 1445 692 corpore
1455 665 1550 684 sumus
1561 656 1716 692 compositi,
1730 658 1811 685 duas—

1018 711 1072 737 que
1088 707 1202 730 naturas
1225 703 1379 733 intuemur,
1404 703 1518 729 alteram
1536 703 1677 737 corporis,
1696 704 1811 730 alteram

1018 748 1118 775 animae
1137 757 1143 774 :
1158 748 1205 775 sed
1225 756 1297 775 unus
1316 756 1348 775 ex
1361 748 1505 782 utriusque
1518 748 1620 774 unione
1636 753 1744 775 constat
1760 748 1812 775 ho-

1020 801 1074 821 mo.
1086 794 1181 829 Neque
1196 802 1261 821 vero
1275 794 1339 829 quia
1353 802 1386 821 ex
1402 794 1510 821 duabus
1524 793 1631 821 naturis
1642 794 1726 821 homo
1738 802 1813 821 com-

1020 840 1126 874 positus
1137 845 1189 871 est,
1203 840 1273 867 duos
1287 843 1383 874 putare
1392 840 1526 867 debemus
1538 840 1664 867 homines
1679 840 1725 875 qui
1739 847 1813 867 unus

1020 890 1072 918 est,
1087 885 1135 913 sed
1147 893 1232 912 unum
1243 886 1371 913 eumdem
1384 894 1434 920 per
1446 886 1683 920 compositionem,
1700 891 1729 913 ut
1743 886 1811 920 dixi,

164 934 234 964 ὅλον,
255 934 317 964 πῶς
340 934 563 969 ὲνηνθρώπησεν,
587 935 603 969 ἢ
631 935 709 961 ποίαν
730 935 797 962 ἰδίαν
821 935 969 970 ἐποιήσατο

1020 932 1066 966 qui
1084 940 1118 959 ex
1131 933 1222 959 anima
1235 936 1343 959 constat
1359 936 1387 959 et
1403 939 1530 966 corpore.
1546 931 1614 958 Nam
1631 933 1654 959 si
1669 933 1812 968 negaveri—

166 980 277 1013 cipxz;
302 979 415 1013 Ἐπειδὴ
430 979 458 1004 δὲ
475 976 554 1014 εὖρον
571 980 600 1005 ὲν
615 979 655 1014 τῷ
668 980 865 1015 ὑπομνηστικῷ
879 980 969 1015 ἐμφα-

169 1025 211 1050 civ
227 1034 289 1050 τινα
310 1025 392 1057 λόγου
410 1026 552 1060 τοιαύτην,
570 1026 611 1052 ὅτι
628 1026 698 1061 μετὰ
713 1026 761 1061 τὴν
776 1026 925 1053 ἀνάστασιν
940 1027 970 1053 τὸ

175 1070 255 1102 ἆγιον
280 1071 357 1104 σῶμα
381 1070 429 1096 τοῦ
458 1071 568 1097 πάντων
593 1071 672 1106 ἡμῶν
691 1072 816 1107 Σωτῆρος
829 1072 947 1107 Χριστοῦ
961 1092 968 1104 ,

181 1117 222 1147 εἰς
235 1116 363 1150 θεὸτητα,
386 1117 457 1151 φησί
476 1116 499 1149 ῐ,
518 1116 758 1152 μετακεχώρηκεν,
784 1117 823 1149 ὡς
848 1115 916 1144 εἶναι
939 1118 970 1144 τὸ

179 1160 241 1186 ὅλον
260 1160 367 1195 θεότητα
384 1161 481 1196 μόνην,
500 1160 556 1187 δεῖν
578 1161 671 1196 ᾠήθην
688 1161 736 1188 καὶ
751 1161 820 1196 πρός
834 1170 867 1196 γε
888 1162 970 1189 τοῦτο

176 1206 275 1231 εἰπεῖν.
297 1205 399 1236 Παῦλος
415 1207 428 1232 ὁ
453 1205 590 1240 μακάριος
603 1206 704 1241 γράφει
726 1207 776 1241 τῆς
792 1207 968 1243 ὲνανθρωπή-

174 1259 244 1282 σεως
267 1251 314 1277 τοῦ
332 1251 496 1286 μονογενοῦς
512 1250 579 1278 Υίοῦ
596 1251 645 1278 τοῦ
661 1251 730 1278 Θεοῦ
743 1251 794 1285 τὰς
817 1253 907 1285 αἰτίας
924 1253 968 1286 ἐξ-

171 1296 335 1331 ηγούμενος,
355 1297 421 1323 ποτὲ
443 1297 503 1331 μὲν,
518 1297 560 1324 ὅτι
578 1305 588 1322 ι
604 1297 642 1323 Τὸ
653 1297 707 1332 γὰρ
720 1297 849 1324 ἀδύνατον
860 1298 907 1325 τοῦ
924 1299 968 1326 v6-

170 1351 232 1376 μου,
250 1339 311 1375 ἐνῷ
326 1343 438 1376 ἠσθένει
451 1343 495 1369 διὰ
506 1343 556 1378 τῆς
570 1343 683 1378 σαρκὸς,
699 1344 714 1369 ὸ
728 1343 795 1375 Θεὸς
810 1344 856 1371 τὸν
870 1345 968 1372 ἑαυτοῦ

170 1389 234 1415 Υἱὸν
259 1389 377 1424 πέμψας
400 1389 430 1415 ὲν
449 1388 603 1424 ὁμοιώματι
633 1389 733 1424 σαρκὸς
751 1389 904 1425 ἁμαρτίας,
921 1390 970 1417 καὶ

169 1435 234 1468 περὶ
247 1434 393 1468 ἁμαρτίας
413 1434 559 1469 κατέκρινε
570 1433 620 1468 τὴν
633 1433 773 1469 ἁμαρτίαν
785 1435 814 1461 ὲν
827 1435 860 1469 τῇ
875 1435 967 1469 σαρκὶ,

169 1480 213 1506 ἴνα
227 1481 259 1506 τὸ
276 1480 420 1515 δικαίωμα
432 1479 479 1506 τοῦ
495 1480 579 1515 νόμου
592 1479 724 1515 πληρωθῇ
738 1480 767 1506 ὲν
779 1480 846 1515 ἡμῖν
858 1481 916 1512 τοῖς
931 1480 969 1516 μὴ

170 1525 242 1552 κατὰ
270 1526 364 1560 σάρκα
388 1525 599 1560 περιπατοῦσιν,
623 1524 692 1552 ἀλλὰ
712 1525 783 1553 κατὰ
804 1525 925 1562 Πνεῦμα·
955 1535 965 1552 ι

170 1570 237 1596 ποτὲ
251 1570 282 1596 δὲ
299 1570 394 1597 πάλιν·
414 1580 423 1595 ι
449 1569 558 1606 *Επειδὴ
575 1570 630 1606 γὰρ
642 1570 677 1598 τὰ
690 1571 785 1598 παιδία
805 1571 967 1608 κεκοινώνηο

171 1624 218 1642 ιεν
244 1617 364 1650 αἵματος
388 1616 435 1642 καὶ
461 1616 571 1651 σαρκὸς,
596 1616 644 1644 καὶ
665 1616 748 1648 αὐτὸς
769 1617 968 1653 παραπλησίως

175 1661 291 1696 μετέσχε
304 1661 363 1687 τῶν
385 1662 485 1693 αὐτῶν,
504 1661 549 1689 ἵνα
559 1662 605 1689 διὰ
615 1662 663 1689 τοῦ
678 1662 794 1691 θανάτου
807 1664 970 1700 καταργήσῃ

171 1706 218 1733 τὸν
240 1707 273 1734 τὸ
296 1707 400 1743 κράτος
416 1707 513 1743 ἔχοντα
528 1707 576 1735 τοῦ
590 1708 706 1736 θανάτου
717 1728 725 1741 ,
740 1708 813 1736 τοῦτ’
837 1709 911 1743 ἔστι,
924 1710 971 1736 τὸν

172 1752 311 1785 διάϐολον,
327 1753 375 1779 καὶ
387 1752 530 1788 ἀπαλλάξῃ
549 1753 661 1785 τούτους
671 1774 679 1787 ,
692 1753 749 1781 ὅσοι
763 1755 839 1790 φόσῳ
852 1755 969 1783 θανάτου

173 1798 326 1830 διαπαντὸς
334 1799 383 1826 τοῦ
392 1799 442 1835 ζῇν
450 1799 537 1834 ἔνοχοι
544 1797 616 1835 ἦσαν
623 1799 757 1832 δουλείας.
768 1801 804 1827 Od
815 1801 869 1836 γὰρ
879 1802 969 1837 δήπου

174 1844 302 1878 ἀγγέλων
322 1845 541 1879 ὲπιλαμὸάνεται
553 1866 560 1878 ,
576 1845 645 1873 ἀλλὰ
660 1845 817 1881 σπέρματος
845 1847 971 1881 Ἀϐραὰμ

174 1890 397 1925 ἑπιλαμὸάνεται
410 1900 416 1906 ·
432 1890 493 1917 ὅθεν
508 1890 606 1925 ὤφειλε
625 1891 697 1919 κατὰ
713 1891 802 1919 πάντα
818 1893 875 1924 τοῖς
895 1893 970 1919 ἀδελ-

175 1937 235 1970 φοῖς
249 1936 430 1971 ὁμοιωθῆναι.
448 1947 457 1963 ι
473 1937 564 1972 Φαμὲν
575 1935 622 1964 οὖν
633 1938 674 1964 ὅτι
685 1938 717 1964 ὲκ
727 1939 776 1973 τῆς
789 1939 972 1973 παραϐάσεως

173 1982 221 2008 τοῦ
248 1981 337 2016 Ἀδὰμ
358 1981 408 2016 τῆς
426 1982 601 2018 ἀνθρωπίνης
626 1982 733 2017 φύσεως
758 1983 897 2018 παθούσης
921 1985 971 2019 τὴν

174 2026 293 2061 ςθοράν,
310 2026 358 2053 καὶ
374 2027 596 2062 τυραννουμένης
612 2029 662 2063 τῆς
676 2029 705 2055 ὲν
721 2029 787 2064 ἡμῖν
803 2029 922 2061 διανοίας
939 2031 971 2056 ὲκ

172 2071 229 2098 τῶν
252 2074 303 2107 τῆς
320 2072 423 2107 σαρκὸς
440 2073 554 2108 ἡδονῶν,
571 2073 631 2108 ἦτοι
653 2074 811 2109 κινημάτων
829 2074 969 2109 ἐμφύτων,

173 2118 329 2150 ἀναγκαῖον
351 2117 464 2152 γέγονεν
485 2119 550 2153 ἡμῖν
570 2120 610 2150 εἰς
630 2120 767 2154 σωτηρίαν
790 2121 844 2151 τοῖς
861 2121 906 2147 ἐπὶ
922 2121 971 2155 τῆς

172 2163 225 2198 γῆς
243 2162 287 2193 τὸ,
308 2161 520 2197 ὲνανθρωπῆσαι
538 2163 584 2189 τὸν
604 2164 652 2190 τοῦ
669 2164 736 2190 Θεοῦ
749 2165 845 2198 Λόγον.
865 2165 909 2192 ἴνα
922 2165 971 2201 τὴν

174 2207 268 2241 σάρκα
288 2207 339 2241 τὴν
362 2206 535 2243 ἀνθρωπίνην
559 2208 779 2244 ὑπενηνεγμένην
800 2211 833 2244 τῇ
864 2209 970 2245 φθορᾷ,

173 2253 221 2278 καὶ
260 2253 416 2287 νοσήσασαν
449 2253 480 2279 τὸ
519 2253 674 2289 φιλήδονον,

173 2298 221 2324 καὶ
242 2296 398 2332 ἐπειδήπερ
423 2299 481 2324 ἐστὶ
496 2298 552 2334 ζωὴ
572 2299 619 2326 καὶ
639 2299 786 2332 ξωοποιὺς,
810 2301 971 2336 καταργήσῃ

174 2342 226 2377 μὲν
262 2343 314 2378 τὴν
338 2343 367 2369 ὲν
388 2343 456 2378 αὐτῇ
483 2343 597 2379 φθορὰν,
622 2345 774 2380 ἐπιτιμήσῃ
793 2345 821 2372 δὲ
847 2346 892 2372 καὶ
915 2347 971 2377 τοῖς

173 2387 311 2423 ὲμερύτοις
327 2388 470 2422 κινήμασι,
491 2389 547 2420 τοῖς
561 2389 600 2420 εἰς
618 2389 775 2423 φιληδονίαν
792 2389 903 2425 δηλαδή.
918 2388 972 2416 Ἦν

172 2433 228 2468 γὰρ
250 2433 327 2459 οὕτω
350 2432 519 2469 νεκρωθῆναι
539 2434 589 2469 τὴν
612 2434 750 2470 ἁμαρτίαν
766 2435 814 2470 τὴν
832 2436 868 2461 ,ἐν
890 2436 970 2470 αὐτῇ.

173 2478 355 2514 ηεμνήμεθα
366 2478 394 2505 δὲ
405 2479 509 2505 καὶτοῦ
523 2480 658 2514 μακαρίου
670 2481 776 2507 Παύλου
789 2482 869 2516 νόμον
881 2482 972 2516 ἁμαρ-

173 2525 231 2555 τίας
244 2523 417 2555 καλέσαντος
430 2524 461 2550 τὸ
474 2525 502 2550 ἐν
519 2525 584 2559 ἡμῖν
601 2524 722 2560 ἔμφυτον
735 2526 848 2561 κίνημα.
865 2527 971 2553 Οὐκοῦν

173 2569 331 2604 ἐπειδήπερ
340 2569 358 2603 ἡ
369 2566 528 2605 ἀνθρωπίνη
544 2569 613 2605 σὰρξ
625 2571 736 2604 γέγονεν
751 2571 860 2598 ἰδίατοῦ
872 2571 971 2605 Λόγου,

173 2607 318 2640 πέπαυται
333 2614 385 2650 μὲν
401 2614 432 2640 τὸ
447 2615 630 2650 ὑποφέρεσθαι
651 2617 684 2651 τῇ
703 2615 800 2652 φθορᾷ·
818 2617 864 2643 καὶ
877 2617 972 2653 ἐπειδὴ

172 2660 316 2695 ἁμαρτίαν
333 2660 385 2686 οὐκ
401 2659 530 2695 ἐποίησεν
546 2660 583 2691 ὡς
604 2660 680 2693 Θεὸς,
698 2661 909 2697 οἰκειωσάμενος
924 2664 972 2689 αὑ-

1022 985 1083 1004 mus
1093 985 1127 1005 ex
1143 977 1252 1005 duabus
1264 978 1436 1012 diversisque
1458 978 1564 1005 naturis
1579 986 1663 1004 unum
1677 986 1709 1005 ac
1724 978 1812 1005 solum

1020 1029 1080 1049 esse
1091 1022 1231 1050 Christum
1247 1023 1294 1057 qui
1311 1027 1372 1058 post
1390 1024 1521 1051 unionem
1540 1023 1625 1050 dividi
1642 1031 1696 1050 non
1713 1024 1810 1058 possit,

1020 1068 1122 1095 dicturi
1140 1074 1205 1095 sunt
1226 1070 1271 1103 qui
1293 1077 1355 1096 cum
1375 1073 1449 1096 recte
1465 1069 1518 1097 [ide
1532 1069 1634 1097 bellum
1649 1075 1747 1105 gerunt
1761 1079 1766 1097 :
1782 1071 1811 1098 Si

1021 1117 1110 1141 totum
1126 1122 1180 1141 una
1195 1119 1237 1141 est
1257 1119 1353 1142 natura
1364 1134 1371 1147 ,
1396 1115 1536 1149 quomodo
1549 1116 1639 1143 factus
1660 1120 1702 1144 est
1718 1116 1811 1150 homo,

1020 1165 1137 1192 quamve
1153 1165 1264 1186 carnem
1283 1159 1424 1194 propriam
1446 1159 1534 1186 fecit?
1553 1160 1689 1193 Quoniam
1701 1168 1769 1188 vero
1783 1161 1811 1189 in

1020 1203 1080 1237 ipso
1090 1203 1303 1231 commonitorio
1320 1204 1436 1231 formam
1451 1206 1597 1239 quamdam
1614 1207 1750 1234 sermonis
1760 1207 1811 1234 hu-

1017 1248 1172 1284 juscemodi
1195 1249 1296 1283 reperi,
1319 1249 1393 1284 quod
1406 1254 1469 1284 post
1492 1251 1726 1278 resurrectionem
1749 1259 1812 1279 san-

1020 1299 1094 1323 ctum
1107 1295 1174 1322 illud
1190 1303 1292 1330 corpus
1303 1296 1390 1323 nostri
1406 1296 1529 1323 omnium
1542 1297 1691 1325 Salvatoris
1707 1297 1810 1325 Christi

1019 1340 1048 1368 in
1060 1340 1214 1368 divinitatis
1225 1344 1352 1368 naturam
1373 1341 1526 1374 transierit,
1541 1346 1573 1370 ut
1594 1346 1683 1370 totum
1699 1343 1736 1370 sit
1752 1344 1810 1371 sola

1019 1386 1166 1420 divinitas;
1191 1386 1227 1414 ad
1256 1386 1434 1422 hocquoque
1457 1387 1679 1422 respondendum
1701 1389 1810 1417 censui.

1018 1433 1119 1460 Beatus
1140 1432 1253 1466 Paulus,
1267 1440 1365 1461 causas
1385 1433 1584 1461 incarnationis
1597 1435 1732 1471 unigeniti
1748 1435 1810 1464 Fﬂii

1018 1477 1068 1504 Dei
1088 1485 1239 1512 exponens,
1254 1485 1330 1506 nunc
1348 1479 1460 1514 quidem
1475 1479 1592 1507 scribit:
1613 1490 1623 1507 ι
1636 1481 1714 1515 Quod
1735 1481 1810 1510 enim

1019 1522 1190 1558 impossibile
1205 1528 1264 1551 erat
1278 1524 1356 1560 legis,
1368 1524 1396 1551 in
1407 1532 1462 1560 quo
1473 1525 1667 1554 inﬂrmabstur
1679 1535 1730 1563 per
1749 1536 1811 1556 can-

1019 1576 1093 1601 nem,
1109 1568 1183 1597 Deus
1193 1568 1294 1597 Filium
1305 1569 1385 1597 suum
1396 1570 1510 1598 mittens
1520 1570 1548 1597 in
1556 1571 1737 1601 similitudine
1748 1580 1809 1601 car-

1019 1613 1064 1641 nis
1085 1614 1203 1649 peccati,
1225 1619 1254 1641 et
1267 1614 1303 1642 de
1323 1619 1438 1650 peccato
1455 1616 1596 1644 damnavit
1620 1623 1764 1652 peccatum
1780 1620 1810 1648 in

1019 1667 1113 1692 carne,
1128 1665 1159 1687 ut
1174 1660 1336 1695 justiticatio
1350 1661 1419 1697 legis
1437 1662 1599 1697 impleretur
1617 1664 1646 1691 in
1664 1665 1745 1693 nobis
1761 1667 1809 1701 qui

1019 1714 1075 1734 non
1094 1707 1246 1734 secundum
1260 1714 1371 1735 carnem
1388 1708 1574 1741 ambulamus,
1590 1710 1637 1737 sed
1656 1712 1809 1740 secundum

1021 1752 1154 1787 Spiritum
1165 1752 1198 1779 ".
1219 1762 1229 1779 ι
1252 1753 1331 1780 Nunc
1356 1760 1454 1781 rursus
1484 1762 1491 1781 :
1515 1753 1606 1787 «Quia
1636 1763 1702 1791 ergo
1729 1759 1808 1792 pueri

1020 1798 1295 1825 communicaverunt
1315 1798 1392 1826 carni
1413 1804 1442 1826 et
1456 1800 1593 1835 sanguini,
1610 1805 1638 1829 et
1655 1802 1713 1837 ipse
1731 1804 1808 1831 simi-

1020 1844 1085 1871 liter
1103 1844 1401 1879 participaviteisdem,
1412 1849 1443 1872 ut
1459 1851 1640 1880 per‘mortem
1654 1848 1810 1877 destrueret

1020 1889 1143 1923 eumqui
1164 1889 1284 1916 habebat
1303 1890 1401 1918 mortis
1422 1890 1579 1926 imperium,
1599 1892 1626 1920 id
1646 1898 1697 1926 est,
1713 1894 1809 1922 diabo—

1021 1933 1088 1966 lum,
1096 1938 1124 1961 et
1137 1934 1269 1961 liberaret
1280 1942 1328 1962 eos
1340 1935 1386 1969 qui
1397 1935 1497 1963 timore
1510 1938 1608 1965 mortis
1615 1946 1667 1974 per
1678 1942 1761 1966 totam
1772 1941 1810 1968 vi—

1022 1983 1077 2007 tam
1086 1980 1198 2007 obnoxii
1212 1985 1291 2008 erant
1306 1981 1443 2008 servituti.
1461 1982 1602 2017 Nusquam
1613 1984 1686 2011 enim
1700 1987 1812 2021 angelos

1021 2025 1213 2060 apprehendit,
1230 2026 1277 2053 sed
1289 2033 1384 2054 semen
1392 2027 1509 2054 Abrahae
1520 2030 1702 2063 apprehendit
1716 2040 1722 2057 :
1738 2032 1810 2058 unde

1021 2071 1117 2098 debuit
1132 2079 1181 2105 per
1198 2072 1288 2098 omnia
1309 2072 1442 2099 fratribus
1455 2073 1569 2100 similari
1579 2074 1611 2100 ³⁵.
1628 2080 1642 2100 ι·
1656 2075 1811 2103 Asserimus

1022 2119 1105 2154 igitur
1113 2126 1146 2145 ex
1156 2118 1241 2146 Adam
1251 2119 1472 2153 praevaricatione
1484 2120 1630 2147 humanam
1646 2114 1769 2149 naturam
1782 2123 1809 2149 iu

1021 2164 1227 2198 corruptionem
1241 2162 1380 2196 incidisse,
1396 2171 1513 2199 eumque
1530 2165 1638 2192 animus
1653 2172 1746 2193 noster
1760 2175 1809 2194 vo-

1021 2209 1156 2243 luptatum
1177 2209 1277 2241 carnis,
1301 2215 1334 2236 ac
1353 2213 1478 2235 motuum
1503 2209 1647 2236 insitorum
1669 2213 1811 2247 tyranniro

711 2254 779 2281 ἰδίαν
805 2256 952 2290 ποιήσηται
962 2264 968 2270 ”

1022 2255 1163 2282 dominatu
1173 2258 1354 2289 premeretur,
1364 2255 1549 2282 necessarium
1559 2256 1591 2282 ad
1599 2257 1713 2284 salutem
1727 2258 1811 2286 fuisse

1023 2301 1104 2328 nobis
1115 2300 1163 2335 qui
1179 2300 1206 2327 in
1219 2299 1301 2327 terris
1317 2300 1452 2335 degimus,
1464 2300 1512 2327 Dei
1531 2301 1651 2328 Verbum
1671 2303 1809 2331 hominem

1024 2346 1094 2378 fieri,
1109 2351 1140 2373 ut
1160 2346 1307 2373 humanam
1326 2352 1437 2372 carnem
1463 2346 1634 2380 corruptioui
1659 2348 1810 2383 subjectum

1023 2395 1051 2419 et
1061 2391 1230 2426 voluptatum
1240 2390 1391 2425 cupiditate
1405 2390 1573 2417 laborantem
1590 2393 1730 2426 propriam
1742 2393 1811 2421 face—

1024 2440 1081 2468 ret;
1093 2440 1193 2463 etcum
1205 2435 1261 2462 vita
1274 2435 1310 2461 sit
1323 2442 1355 2461 ac
1368 2434 1530 2467 vivificator,
1547 2435 1703 2465 destrueret
1713 2446 1811 2465 eorru-

1024 2481 1146 2515 ptionem
1163 2489 1224 2516 qua:
1243 2481 1317 2507 illam
1343 2481 1490 2513 invaserat,
1504 2485 1532 2509 et
1553 2482 1649 2510 insitos
1670 2489 1760 2511 motus
1777 2484 1811 2510 ad

1023 2527 1272 2561 concupiscentiam
1292 2534 1326 2553 ac
1341 2527 1508 2561 voluptatem
1527 2528 1718 2561 pertrahentcs
1738 2535 1813 2555 com-

1023 2576 1156 2606 pesceret.
1173 2572 1229 2599 liac
1241 2580 1360 2607 namque
1378 2572 1483 2599 ratione
1495 2574 1651 2599 ιιιοι·ιίίίι·ειι·ί
1665 2579 1772 2608 poterat
1784 2575 1811 2601 in

1024 2624 1117 2646 nostra
1136 2626 1218 2646 carne
1234 2624 1388 2653 peccatum.
1407 2619 1579 2646 Meminimus
1599 2621 1680 2647 etiam
1702 2621 1811 2648 beatum

1024 2664 1137 2692 Paulum
1146 2665 1168 2680 ³⁸
1181 2665 1267 2700 legem
1285 2666 1389 2700 peccati
1403 2665 1551 2700 appellasse
1575 2665 1670 2693 insitos
1689 2666 1767 2703 139
1784 2667 1812 2696 in

207 2737 231 2754 “
248 2738 320 2766 Rom
348 2745 407 2768 vnn,
425 2737 451 2769 5,
469 2737 496 2763 4.
535 2736 558 2753 ⁸⁸
574 2734 658 2764 Hebr.
675 2745 704 2770 ιι,
723 2738 813 2765 ιιι-17.
853 2739 876 2755 ⁸⁸
892 2740 971 2767 Rom.
986 2749 1033 2773 vn,
1050 2741 1096 2769 25.

714 2815 801 2845 Varia:
816 2818 947 2846 lectiones
962 2818 1066 2847 codicis
1085 2818 1265 2855 Seguieriaui.

211 2895 281 2922 οισ.
301 2893 451 2930 ὀρθοδοξίᾳ.
495 2894 503 2912 ί
523 2894 567 2922 τσ.
583 2895 708 2929 θεότητος
728 2897 817 2930 φύσιν.

338 2941 466 2973 ΡΑτιιοι
501 2942 559 2972 Gn.
591 2942 734 2975 LXXV“.
