4048 6444
425 332 534 386 253

1453 327 1508 383 S.
1550 325 1628 379 (ll
1645 324 1827 378 RILLI
1866 322 2338 379 ALEXANDRINI
2379 322 2695 378 ARCHIEP.

3599 319 3707 376 236

425 452 589 507 nobis
620 447 1000 520 voluptuarios
1021 459 1222 502 motus.
1251 445 1599 517 Quapropter
1632 449 1762 517 quia
1779 448 2022 503 humana

2123 450 2220 518 τὴν
2247 448 2342 501 καὶ
2371 447 2508 501 ἰδίαν
2549 446 2860 516 ἀποφήνας,
2890 445 2969 509 ὡς
2995 445 3156 517 ἔφην,
3187 451 3459 500 πέπαυται
3493 457 3588 499 και
3609 445 3708 498 τοῦ

350 599 362 611 κ
427 559 558 598 caro
608 542 748 596 facta
781 549 867 595 est
908 540 1072 595 Verbi
1127 541 1389 610 propria,
1433 539 1600 594 desiit
1633 541 1748 612 jam
1816 555 2011 597 corru-

428 633 602 705 ptioni
637 630 1000 688 succumbere
1032 650 1044 685 :
1079 639 1137 686 et
1182 632 1329 702 quia.
1344 641 1601 701 tanquam
1635 633 1782 688 Deus
1820 648 2015 703 pecca-

427 739 541 784 tum
577 743 688 782 non
739 725 931 781 fecit"
959 766 974 791 ,
1011 741 1138 780 cum
1185 740 1308 780 eam
1349 725 1455 780 sibi
1499 725 1734 791 unisset,
1778 734 1841 779 ut
1875 725 2009 792 dixi,

425 819 814 891 propriamque
845 817 1087 881 fecisset,
1118 815 1283 870 desiit
1314 817 1480 870 etiam
1511 815 1604 870 illa
1638 815 2015 885 voluptatibus

425 909 829 981 cupiditatique
866 909 1173 978 subjacere.
1212 907 1402 976 Neque
1426 907 1534 961 hoc
1564 905 1672 961 sibi
1723 906 2016 975 acquisivit

426 997 773 1067 unigenitum
811 996 947 1050 illud
981 995 1076 1049 Dci
1113 995 1354 1048 Verbum
1377 994 1483 1064 (est
1515 995 1662 1050 enim
1689 1009 1910 1064 semper
1933 994 2016 1049 id-

427 1093 607 1161 ipsuin
631 1089 780 1159 quod
804 1087 932 1155 est),
967 1089 1062 1144 sed
1085 1089 1278 1157 procul
1308 1087 1479 1141 dubio
1506 1087 1685 1142 nobis.
1710 1087 1845 1140 Nam
1871 1087 1916 1141 si
1947 1103 2015 1142 ex

427 1183 557 1241 Adae
587 1182 1040 1253 praivaricatione
1066 1180 1194 1235 facti
1220 1195 1412 1236 sumus
1448 1178 1867 1242 malisobnoxii,
1888 1194 2016 1233 eve-

427 1274 789 1344 nieututiquc
818 1273 980 1328 nobis
1007 1273 1170 1326 etiam
1193 1273 1337 1326 bona
1371 1287 1491 1340 quae
1523 1271 1578 1324 in
1613 1269 1834 1326 Christo
1861 1277 2011 1333 sunt,

426 1366 774 1436 iucorruptio
835 1365 1046 1420 scilicet
1099 1373 1569 1434 peccatorumque
1633 1361 2010 1416 mortiﬁcatio.

427 1459 630 1512 Factus
661 1468 747 1512 est
784 1458 950 1527 igitur
983 1458 1170 1520 homo,
1211 1472 1319 1508 non
1353 1454 1635 1508 hominem
1684 1453 2011 1523 assumpsit,

429 1562 488 1604 ut
518 1550 774 1604 Nestorio
816 1550 1014 1618 placet.
1044 1548 1223 1616 Atque
1252 1555 1314 1600 ut
1338 1546 1506 1600 homo
1541 1545 1720 1600 factus
1748 1561 1871 1600 esse
1894 1560 2013 1600 cre-

426 1644 609 1708 datur,
635 1642 765 1696 licet
789 1640 842 1695 id
869 1640 1014 1710 quod
1039 1648 1159 1694 erat.
1181 1637 1568 1708 permanserit,
1593 1637 1855 1692 nimirum
1867 1638 2014 1692 Deus

426 1734 733 1789 secundum
759 1743 1031 1795 naturam,
1061 1732 1264 1786 idcirco
1284 1740 1340 1786 et
1364 1731 1578 1786 esurire
1604 1731 1830 1794 dicitur,
1857 1737 1914 1783 et
1945 1744 2013 1784 ex

2117 539 2292 590 νοσεῖν
2317 537 2376 590 τὸ
2408 535 2712 606 φιλήδονον.
2750 535 2860 589 Καὶ
2894 535 2994 605 οὐχ
3017 535 3201 605 ἑαυτῷ
3224 535 3382 588 τοῦτο
3409 533 3701 605 κατώρθω-

2116 643 2212 679 κεν
2241 626 2270 678 ό
2304 624 2601 696 μονογενὴς
2629 623 2725 677 τοῦ
2765 623 2903 677 Θεοῦ
2933 625 3108 694 Λόγος
3134 626 3153 696 (
3175 625 3292 679 ἐστι
3323 625 3452 696 γὰρ,
3495 626 3523 678 6
3555 627 3708 678 ἐστιν

2115 717 2235 788 ἀεὶ)
2259 758 2274 782 ,
2301 717 2416 771 ἀλλ’
2449 718 2583 787 ἡμῖν
2618 714 2879 769 δολονότι.
2907 716 2972 768 Εἰ
3003 715 3111 788 γὰρ
3143 714 3562 786 ύπενηνέγμεθα
3591 716 3707 777 τοῖς

2115 809 2180 860 ἐκ
2208 807 2574 879 παραϐάσεως
2607 805 2705 877 τῆς
2733 807 2793 859 ὲν
2834 806 3009 876 Ἀδὰμ
3048 809 3235 870 κακοῖς
3257 846 3272 871 ,
3323 805 3444 876 ἥξει
3489 806 3710 868 πάντως

2116 899 2200 969 ἐφ’
2235 899 2380 970 ἡμᾶς
2409 899 2504 951 καὶ
2527 897 2596 950 τὰ
2618 900 2676 950 ὲν
2697 897 2942 969 Χριστῷ,
2971 896 3116 950 τοῦτ’
3153 895 3321 960 ἔστιν,
3345 898 3379 968 ἠ
3400 894 3705 966 άφθαρσία,

2116 991 2210 1043 καὶ
2242 991 2344 1060 τῆς
2380 989 2660 1060 ἁμαρτίας
2700 992 2734 1060 ἡ
2767 991 3056 1060 νέκρωσις.
3105 988 3317 1043 Οὐκοῦν
3353 988 3576 1058 γέγονεν
3613 988 3710 1042 άν-

2115 1083 2354 1154 θρωπος,
2378 1081 2478 1135 οὐκ
2507 1081 2795 1149 ἄνθρωπον
2822 1080 3105 1143 ἀνέλαϐεν,
3130 1081 3206 1143 ὼς
3226 1080 3508 1151 Νεστορίῳ
3535 1080 3712 1143 δοκεῖ,

2115 1175 2225 1228 Καὶ
2256 1175 2343 1228 ἵνα
2369 1173 2632 1244 πιστευθῇ
2657 1172 2941 1242 ἄνθρωπος
2969 1171 3229 1242 γεγονὼς,
3254 1172 3434 1225 καίτοι
3469 1186 3680 1242 μεμενη
3696 1198 3710 1207 -

2117 1264 2228 1328 κὼς
2256 1265 2395 1334 ὅπερ
2423 1260 2513 1334 ἦν,
2544 1264 2702 1333 δῆλον
2726 1264 2783 1318 δὲ
2803 1265 2884 1317 ὅτι
2909 1254 3041 1328 Θεὸς
3067 1264 3210 1318 κατὰ
3231 1262 3414 1332 φύσιν,
3432 1245 3607 1333 ταύτῃ
3623 1278 3711 1314 τοι

2116 1358 2211 1410 καὶ
2260 1359 2517 1428 πεινῆσαι
2565 1357 2818 1424 λέγεται,
2867 1357 2964 1410 καὶ
3008 1359 3208 1424 καμεῖν
3254 1355 3316 1422 ἐξ
3361 1354 3707 1425 ὁδοιπορίας,

2115 1448 2445 1518 ἀνασχέσθαι
2472 1448 2527 1500 δὲ
2558 1450 2651 1501 καὶ
2683 1448 2849 1502 ὕπνου
2874 1450 2967 1501 καὶ
2988 1447 3236 1518 ταραχῆς
3266 1446 3360 1500 καὶ
3386 1445 3585 1516 λύπης,
3611 1445 3709 1499 καὶ

2115 1539 2221 1592 τῶν
2249 1539 2423 1594 ἄλλων
2453 1539 2809 1610 ἀνθρωπίνων
2843 1539 2936 1592 καὶ
2966 1539 3306 1608 ἁδιαὸλήτων
3333 1535 3544 1589 παθῶν.
3589 1537 3708 1588 Ἵνα

2115 1632 2172 1683 δὲ
2200 1631 2362 1685 πάλιν
2401 1631 2796 1701 πληροφορήσῃ
2820 1631 2944 1692 τοὺς
2973 1629 3218 1698 ὁρῶντας
3244 1629 3428 1693 αὑτὸν,
3453 1629 3536 1682 ὅτι
3568 1626 3707 1697 μετὰ

2116 1722 2210 1776 τοῦ
2236 1717 2377 1776 εἶναι
2410 1722 2696 1794 ἄνθρωπος
2717 1763 2730 1786 ,
2765 1721 2860 1775 καὶ
2893 1721 3024 1785 Θεός
3056 1724 3204 1775 ἐστιν
3230 1720 3504 1791 ἀληθινὸς,
3532 1718 3711 1789 ἡργά-

429 1826 628 1882 itinere
651 1827 888 1897 fatigari,
922 1825 1168 1895 perferre
1184 1825 1350 1878 etiam
1383 1840 1637 1878 somnum
1662 1833 1718 1878 et
1741 1824 2014 1879 turbatio—

2122 1815 2239 1878 ζετο
2279 1814 2379 1878 τὰς
2419 1792 2749 1884 θεοσημείας
2775 1857 2787 1874 .
2819 1814 3119 1878 θαλάσσαις
3149 1815 3440 1884 ἐπιτιμῶν,
3478 1815 3711 1886 νεκροὺς

428 1934 554 1975 nem
585 1928 750 1988 atque
797 1916 1099 1980 tristitiam,
1147 1924 1484 1983 caeterasque
1534 1915 1804 1970 humanas
1848 1924 2016 1986 atque

430 2010 945 2082 irreprehensibiles
999 2009 1305 2080 passiones.
1355 2008 1671 2080 Contraque
1721 2019 1784 2065 ut
1833 2019 2018 2066 certos

429 2103 632 2158 faceret
668 2103 918 2158 videntes
962 2116 1042 2166 se,
1084 2116 1211 2156 cum
1258 2101 1338 2158 ait
1387 2101 1574 2166 homo,
1615 2101 1783 2156 etiam
1821 2117 2016 2157 verum

431 2199 604 2252 Deum
636 2211 779 2258 esse,
805 2193 1076 2249 elﬁciebat
1110 2192 1296 2247 divina
1336 2193 1630 2257 miracula,
1665 2209 1792 2248 cum
1838 2194 2019 2249 incre-

431 2298 586 2360 paret
607 2303 780 2352 mare,
814 2294 1062 2340 mortuos
1092 2285 1378 2350 excitaret,
1420 2286 1637 2356 aliaque
1667 2286 2018 2342 admirabilia

425 2383 614 2438 ederet
634 2395 822 2450 opera.
847 2378 1084 2434 Crucem
1111 2393 1332 2448 quoque
1367 2378 1662 2443 sustinuit,
1695 2387 1756 2433 ut
1782 2387 2017 2434 mortem

425 2487 610 2536 carne,
661 2487 773 2526 non
791 2470 1017 2525 deitatis
1039 2478 1260 2535 natura,
1283 2484 1602 2539 perpessus,
1627 2469 1786 2526 ﬁeret
1810 2470 2021 2540 prime-

427 2564 647 2633 genitus
667 2578 737 2618 ex
767 2561 1000 2616 mortuis
1030 2558 1092 2623 ³⁸,
1117 2568 1174 2613 et
1209 2558 1316 2628 ipsi
1359 2559 1616 2614 humana:
1655 2568 1867 2616 naturae
1915 2561 2018 2616 im-

430 2655 782 2711 mortalitatis
807 2653 1021 2708 aditum
1069 2653 1343 2721 aperiret;
1393 2651 1589 2707 inferis
1625 2667 1848 2724 quoque
1888 2669 2018 2725 spo-

429 2747 597 2812 liatis,
609 2746 823 2802 animas
847 2743 1113 2800 liberaret
1135 2759 1258 2813 qua:
1273 2743 1350 2798 ibi
1371 2745 1786 2801 conclusastene
1795 2747 2016 2802 bantur.

430 2839 558 2894 Post
573 2834 1050 2894 resurrectionem
1082 2850 1216 2890 vero
1243 2841 1364 2888 erat
1397 2834 1621 2903 quidem
1662 2836 1798 2890 illud
1836 2837 2018 2906 ipsum

429 2944 631 2998 corpus
662 2925 810 2998 quod
837 2939 1057 2996 passum
1087 2924 1289 2990 fuerat,
1325 2939 1434 2978 non
1459 2933 1640 2979 tamen
1667 2924 1852 2980 adhuc
1877 2925 1933 2979 in
1960 2941 2019 2980 se

433 3020 702 3072 humanas
725 3015 1079 3071 inﬁrmitates
1119 3015 1350 3070 habens.
1375 3014 1676 3070 Nonenim
1705 3017 1851 3070 ultra
1881 3017 2018 3071 illud

431 3126 635 3181 corpus
663 3108 846 3172 famis,
883 3117 980 3161 aut
1007 3106 1364 3176 fatigationis,
1391 3117 1491 3162 aut
1521 3107 1756 3178 alicujus
1789 3109 2022 3165 alterius
2048 3134 2088 3187 α

431 3197 700 3269 ejusmodi
733 3212 854 3252 esse
887 3195 1261 3265 susceptivum
1288 3197 1612 3262 asserimus,
1653 3198 1748 3252 sed
1776 3201 1886 3269 jam
1934 3200 2022 3253 in-

433 3288 792 3360 corruptibile
825 3305 838 3340 :
872 3301 1051 3356 neque
1089 3286 1142 3340 id
1181 3286 1383 3352 solum,
1410 3302 1601 3341 verum
1638 3289 1805 3341 etiam
1841 3289 2023 3344 vivifi-

431 3398 579 3446 cum,
611 3381 737 3434 vita:
761 3393 997 3447 namque
1025 3392 1225 3446 corpus
1247 3386 1351 3440 est,
1377 3376 1432 3430 id
1456 3388 1540 3432 est
1571 3377 1836 3447 unigeniti
1867 3379 2022 3444 Filii;

431 3472 795 3546 gloriiicatum
834 3469 1003 3526 etiam
1030 3469 1281 3524 claritate
1303 3485 1427 3539 quae
1465 3471 1700 3524 maxime
1726 3471 1897 3525 Deum
1923 3471 2024 3530 de,-

432 3573 544 3631 cet,
583 3571 639 3620 et
675 3563 1002 3634 intelligitur
1036 3561 1133 3616 Dei
1172 3576 1394 3630 corpus.
1431 3561 1621 3630 Itaque
1659 3562 1703 3616 si
1729 3563 1853 3632 quis
1887 3565 2021 3619 illud

435 3672 638 3726 corpus
665 3656 831 3711 etiam
853 3654 1102 3710 divinum
1125 3652 1295 3718 dicat,
1325 3660 1386 3706 ut
1407 3653 1672 3708 nimirum
1701 3670 1903 3726 corpus
1925 3656 2026 3713 ho-

437 3746 602 3804 minis
619 3747 944 3812 humanum,
973 3763 1006 3800 a
1029 3745 1246 3800 decenti
1278 3744 1491 3800 ratione
1515 3762 1625 3801 non
1643 3746 1843 3802 deviat.
1869 3749 2023 3806 Unde

440 3841 634 3913 opinor
668 3841 836 3896 etiam
859 3837 1272 3908 sapientissime
1298 3837 1520 3892 beatum
1549 3841 1854 3908 apostolum
1883 3843 2025 3897 Pau-

441 3933 551 3987 lum
575 3931 778 3987 dixisse
817 3946 832 3982 :
875 3948 892 3980 ι
922 3929 990 3983 Et
1019 3927 1064 3982 si
1091 3927 1448 3998 cognovimus
1472 3930 1771 3986 secundum
1800 3949 2022 3989 carnem

438 4023 740 4086 Christum,
779 4018 874 4074 sed
898 4034 1046 4074 nunc
1071 4018 1183 4086 jam
1213 4034 1325 4072 non
1358 4019 1613 4076 novimus
1640 4023 1706 4078 ³⁸.
1747 4043 1764 4076 ›
1793 4024 1931 4080 Cum
1953 4025 2025 4082 sit

438 4115 589 4171 enim
613 4112 900 4183 proprium
919 4111 1015 4166 Dei
1040 4125 1258 4181 corpus,
1281 4113 1464 4167 omnia
1480 4113 1720 4171 humana
1747 4126 2026 4173 transcen-

439 4206 540 4260 dit.
566 4203 996 4261 Conversionem
1020 4219 1188 4273 porro
1221 4204 1276 4258 in
1306 4204 1527 4262 deitatis
1556 4219 1809 4264 naturam
1834 4210 2023 4266 subire

441 4312 551 4350 non
577 4295 849 4366 contingit
871 4309 1122 4364 corpuse
1157 4303 1335 4363 terra;
1369 4296 1425 4352 id
1454 4299 1602 4354 enim
1637 4299 1755 4356 ﬁeri
1781 4316 1890 4354 non
1920 4316 2022 4370 po-

443 4397 547 4444 test
573 4406 587 4443 :
613 4387 818 4458 alioqui
846 4388 1037 4444 deitati
1062 4388 1449 4459 derogabimus
1474 4403 1734 4461 tanquam
1764 4391 1837 4447 sit
1855 4393 2019 4461 facta,

2113 1908 2364 1978 ἐγείρων,
2381 1908 2476 1961 καὶ
2498 1907 2569 1961 τὰ
2587 1909 2752 1978 ἔτερα
2777 1908 3057 1979 παράδοξα
3077 1907 3380 1979 κατορθῶν.
3413 1908 3714 1978 Ὑπέμεινε

2112 2001 2170 2054 δὲ
2204 2000 2296 2054 καὶ
2323 2000 2578 2069 σταυρὸν,
2604 2001 2693 2053 ἵνα
2719 2002 2887 2071 σαρκὶ
2914 1999 3106 2053 παθὼν
3127 2001 3221 2053 τὸν
3251 2000 3481 2054 θάνατον
3517 1999 3614 2053 καὶ
3641 2001 3708 2053 οὐ

2115 2092 2276 2161 φύσει
2299 2091 2576 2162 θεότητος,
2601 2093 2834 2162 γένηται
2861 2093 3206 2164 πρωτότοκος
3237 2094 3306 2146 ὲκ
3333 2092 3443 2146 τῶν
3467 2093 3709 2165 νεκρῶν,

2117 2185 2210 2238 καὶ
2240 2185 2534 2255 όδοποιήσῃ
2563 2187 2626 2255 τῇ
2650 2183 2940 2256 ἀνθρώπου
2976 2185 3136 2254 φύσει
3165 2185 3265 2255 τὴν
3293 2187 3374 2249 εἰς
3397 2185 3712 2255 ἀφθαρσίαν

2114 2275 2253 2329 όδόν⁶
2286 2276 2382 2329 καὶ
2405 2275 2709 2340 σκυλεύσας
2736 2276 2828 2330 τὸν
2862 2276 2998 2348 ᾅδην
3025 2276 3124 2340 τὰς
3152 2276 3344 2331 αὐτόθι
3372 2277 3714 2349 καθειργμέ-

2115 2385 2212 2432 νας
2247 2367 2592 2441 ἐλευθερώσῃ
2630 2369 2829 2440 ψυχάς.
2871 2370 3029 2424 Μετά
3072 2386 3137 2438 γε
3180 2369 3282 2441 τὴν
3312 2371 3611 2425 ἀνάστασιν
3635 2351 3714 2442 ’ἦν

2120 2461 2218 2531 μὲν
2243 2461 2375 2515 αὐτὸ
2408 2463 2468 2514 τὸ
2501 2462 2660 2532 σῶμα
2687 2463 2748 2515 τὸ
2780 2461 3068 2527 πεπονθὸς,
3102 2461 3242 2534 πλὴν
3273 2462 3460 2516 οὐκέτι
3483 2462 3582 2526 τὰς
3614 2463 3716 2517 dv-

2119 2553 2394 2625 θρωπίνας
2423 2555 2708 2617 ἀσθενείας
2747 2553 2871 2624 ἔχον
2901 2554 2957 2607 ὲν
2988 2552 3186 2623 ἑαυτῷ.
3225 2554 3298 2607 Οὐ
3333 2553 3444 2626 γὰρ
3479 2553 3560 2606 ἔτι
3585 2553 3715 2606 πείο

2119 2663 2238 2715 νης,
2271 2645 2305 2715 ἢ
2333 2644 2529 2707 κόπου,
2565 2645 2597 2715 ἢ
2632 2645 2819 2716 ἐτέρου
2847 2645 2957 2698 τῶν
2994 2645 3253 2699 τοιούτων
3284 2645 3430 2707 τινὸς
3463 2645 3718 2699 δεκτικὸν

2115 2733 2256 2790 εἷναί
2285 2753 2465 2806 φαμεν
2498 2737 2662 2800 αὐτὸ,
2707 2737 2842 2790 ἀλλὰ
2871 2736 3058 2790 λοιπδν
3098 2738 3408 2809 ἄφθαρτονο
3457 2738 3554 2793 καὶ
3587 2740 3719 2810 οὐχὶ

2116 2828 2276 2884 τοῦτο
2299 2829 2478 2898 μόνον,
2505 2829 2643 2882 ἀλλὰ
2663 2830 2757 2882 καὶ
2781 2829 3066 2894 ζωοποιόν·
3093 2829 3239 2901 ζωῆς
3258 2831 3366 2898 γάρ
3387 2833 3503 2884 ἐστι
3526 2830 3717 2900 σῶμα,

2118 2919 2262 2972 τοῦτ’
2293 2919 2438 2985 ἔστι,
2481 2919 2578 2972 τοῦ
2608 2919 2971 2987 Μονογενοῦς·
3013 2920 3480 2992 κατελαμπρύνθη
3513 2920 3571 2974 δὲ
3617 2921 3720 2973 καὶ

2119 3010 2246 3085 δόξῃ
2272 3015 2340 3084 τῇ
2370 3012 2840 3084 θεοπρεπεστάτῃ,
2866 3014 2960 3066 καὶ
2991 3017 3190 3067 νοεῖται
3211 3013 3346 3066 Θεοῦ
3375 3014 3556 3084 σῶμα.
3591 3015 3720 3067 Τοι-

2123 3103 2351 3174 γάρτοι,
2387 3102 2491 3158 κᾶν
2528 3104 2580 3157 εἴ
2613 3121 2696 3168 τις
2737 3104 2868 3158 αὐτὸ
2909 3105 3057 3170 λέγοι
3101 3105 3244 3158 θεῖον
3276 3104 3467 3175 ὥσπερ
3517 3105 3718 3176 ἀμέλει

2125 3195 2220 3248 τοῦ
2256 3195 2548 3264 ἀνθρώπου
2591 3196 2652 3250 τὸ
2690 3194 3050 3266 ἀνθρώπινον,
3093 3198 3194 3250 οὐκ
3235 3196 3302 3250 ἂν
3335 3197 3572 3268 ἁμάρτοι
3617 3196 3720 3250 τοῦ

2127 3289 2430 3362 πρέποντος
2455 3289 2739 3361 λογισμοῦ.
2779 3289 2941 3342 Ὅθεν
2967 3286 3120 3361 οἶμαι
3149 3291 3242 3343 καὶ
3271 3291 3362 3344 τὸν
3403 3290 3721 3360 σοφώτατον

2126 3380 2336 3434 Παῦλον
2359 3382 2556 3435 εἰπεῖν·
2599 3397 2619 3430 ι
2651 3381 2713 3433 Et
2739 3380 2836 3434 καὶ
2859 3379 3183 3451 ἐγνώκαμεν
3209 3381 3350 3434 κατὰ
3375 3381 3554 3452 σάρκα
3583 3381 3719 3450 Χρι-

2127 3473 2274 3537 στὸν,
2299 3471 2436 3526 ἀλλὰ
2476 3472 2572 3526 νῦν
2612 3472 2801 3526 οὐκέτι
2826 3472 3192 3544 γινώσκομεν.
3231 3493 3249 3525 ›
3286 3473 3422 3527 Θεοῦ
3450 3474 3592 3544 γὰρ,
3639 3475 3721 3539 ὡς

2125 3563 2282 3635 ἔφην,
2309 3564 2438 3618 ῐδιον
2465 3563 2625 3633 σῶμα
2649 3564 2915 3636 ὑπάρχον,
2941 3565 3185 3635 ὑπερέϐη
3213 3565 3391 3618 πάντα
3417 3566 3483 3618 τὰ
3504 3560 3723 3636 ἀνθρώὲ-

2125 3673 2277 3712 πινα.
2306 3655 2627 3726 Μεταϐολὴν
2657 3655 2712 3711 δὲ
2747 3658 2846 3726 τὴν
2879 3659 2957 3720 εἰς
2986 3657 3086 3727 τὴν
3121 3658 3220 3726 τῆς
3251 3657 3506 3727 θεότητος
3529 3658 3720 3727 φύσιν,

2123 3751 2224 3804 οὐκ
2265 3750 2541 3820 ἐνδέχεται
2576 3749 2767 3803 παθεῖν
2816 3751 2975 3821 σῶμα
3016 3751 3079 3802 τὸ
3120 3751 3230 3803 ἀπὸ
3273 3751 3403 3820 γῆς·
3433 3751 3723 3821 ἀμήχανον

2124 3843 2256 3912 γάρ·
2294 3844 2420 3896 ἐπεὶ
2447 3845 2894 3914 καταγορεύομεν
2921 3847 3020 3914 τῆς
3057 3843 3310 3914 θεότητος
3333 3843 3409 3906 ὡς
3450 3845 3688 3914 γενητῆς
3707 3884 3724 3906 ,

2124 3935 2220 3987 καὶ
2260 3935 2336 3998 ὼς
2376 3934 2791 4004 προσλαϐούσης
2822 3952 2874 3988 τι
2919 3936 2980 3988 ὲν
3005 3937 3208 4006 ἑαυτῇ,
3238 3935 3267 3988 6
3311 3934 3385 4005 μὴ
3414 3937 3531 3988 ἐστὶ
3573 3936 3728 3990 κατὰ

2125 4026 2289 4096 φύσιν
2318 4026 2446 4080 ἴδιον
2470 4027 2660 4096 αὐτῆς.
2694 4029 2836 4081 Ἴσον
2865 4028 2973 4099 γάρ
3000 4029 3149 4082 ἐστιν
3183 4030 3262 4091 είς
3299 4027 3530 4091 ἀτοπίας
3551 4027 3722 4098 λόγον

2122 4121 2185 4176 τὸ
2208 4121 2384 4174 εἰπεῖν
2407 4121 2490 4172 ὅτι
2514 4119 2823 4191 μετεϐλήθη
2854 4120 2914 4173 τὸ
2951 4120 3108 4190 σῶμα
3138 4121 3219 4184 είς
3251 4120 3505 4191 θεότητος
3529 4120 3720 4192 φύσιν⁸

2124 4213 2218 4269 καὶ
2255 4210 2360 4284 μὴν
2392 4213 2634 4277 κάκεῖνο,
2677 4212 2760 4264 ὅτι
2812 4211 3122 4283 μετεϐλήθη
3156 4213 3185 4265 6
3215 4212 3389 4282 Λόγος
3433 4215 3512 4277 είς
3555 4211 3725 4282 φύσιν

2126 4304 2358 4375 σαρκὸς,
2383 4301 2462 4374 τῷ
2487 4302 2670 4372 λέγειν
2694 4305 3215 4376 μετακεχωρηκέναι
3235 4303 3335 4376 τὴν
3361 4304 3592 4375 θεότητα
3640 4307 3726 4368 είς

2125 4395 2290 4466 φύσιν
2330 4395 2552 4467 σαρκός.
2593 4396 2805 4463 Ὠσπερ
2834 4396 2890 4449 δὲ
2915 4395 3074 4450 τοῦτο
3109 4398 3414 4468 ἀμήχανον,
3451 4399 3722 4468 ἄτρεπτος

440 4491 497 4535 ct
525 4491 785 4549 tanquam
809 4480 888 4534 illi
910 4481 1116 4550 aliquid
1150 4483 1464 4547 accesserit,
1499 4483 1659 4555 ιω
1687 4485 1832 4554 quod
1873 4485 2022 4542 illius

2127 4489 2236 4558 γάρ
2265 4488 2358 4542 καὶ
2400 4487 2763 4552 ἀναλλοίωτός
2793 4489 2962 4550 ἐστιν,
3005 4484 3146 4542 οὕτω
3190 4491 3284 4543 καὶ
3309 4490 3368 4543 τὸ
3402 4491 3608 4564 ἕτερον.
3643 4492 3719 4544 Οὐ

442 4579 651 4627 natura:
673 4570 958 4640 proprium
982 4586 1093 4625 non
1115 4571 1204 4653 sit.
1231 4573 1335 4628 Par
1357 4573 1504 4628 enim
1531 4581 1617 4627 est
1644 4574 1712 4628 ad
1766 4573 2023 4631 absurdi-

444 4663 571 4717 tatis
599 4661 869 4716 rationem
900 4661 1084 4718 dicere
1113 4674 1384 4719 mutatum
1413 4679 1535 4719 esse
1573 4679 1774 4735 corpus
1819 4667 1873 4720 in
1904 4668 2024 4722 dei-

447 4752 572 4808 tatis
599 4760 874 4816 naturam,
903 4759 961 4806 et
993 4752 1182 4808 dicere
1204 4753 1550 4808 divinitatem
1663 4757 1845 4811 carnis
1869 4765 2027 4810 natu-

446 4858 560 4899 ram
595 4842 900 4897 transiisse.
942 4842 1097 4899 Sicut
1146 4854 1332 4899 autem
1379 4844 1486 4898 hoc
1529 4842 1615 4900 εει
1663 4847 2024 4916 impossibile,

445 4935 574 5005 quia
605 4935 966 4990 immutabilis
984 4944 1070 4990 est
1089 4944 1146 4990 et
1179 4935 1523 4990 invariabilis
1551 4945 1749 4992 natura
1781 4937 2023 5003 deitatis,

447 5029 520 5082 ita
559 5026 696 5081 illud
737 5043 956 5096 quoque
1001 5027 1241 5081 alterum
1291 5025 1411 5080 fieri
1449 5042 1560 5080 non
1592 5036 1793 5098 potest.
1838 5030 2029 5098 Neque

443 5119 592 5172 enim
623 5119 891 5189 contingit
929 5119 984 5172 in
1031 5117 1254 5172 deitatis
1293 5117 1589 5172 essentiam
1623 5120 1710 5174 vel
1753 5129 2026 5186 naturam,

447 5207 687 5277 aliquam
721 5215 1031 5262 creaturam
1065 5219 1224 5274 posse
1251 5204 1496 5258 converti
1530 5223 1542 5258 :
1583 5207 1730 5261 inter
1749 5217 2030 5264 creaturas

449 5305 635 5351 autem
691 5296 811 5366 ipsa
839 5295 1007 5350 etiam
1058 5309 1189 5347 caro
1237 5303 1583 5350 numeratur.
1634 5297 1777 5368 Ergo
1817 5298 2029 5361 Christi

448 5404 653 5457 corpus
701 5403 823 5444 esse
869 5386 1093 5455 quidem
1144 5385 1391 5439 divinum
1427 5389 1741 5454 asserimus,
1795 5405 1920 5459 cum
1961 5393 2032 5447 sit

451 5479 547 5535 Dei
570 5494 774 5549 corpus
808 5486 864 5532 et
887 5475 1150 5532 ineffabili
1187 5477 1360 5547 gloria
1389 5479 1707 5537 decoratum
1730 5524 1744 5548 ,
1779 5484 2029 5540 incorru-

453 5573 664 5643 ptibile,
697 5579 970 5635 sanctum,
1009 5569 1287 5624 viviiicum
1313 5588 1325 5624 :
1356 5588 1476 5629 esse
1511 5582 1695 5631 autem
1731 5577 1786 5632 in
1811 5577 2032 5635 deitatis

2121 4583 2232 4650 γάρ
2255 4583 2374 4635 ἐστι
2395 4581 2505 4635 τῶν
2527 4581 2767 4650 ἐφικτῶν
2800 4583 2880 4644 εἰς
2897 4583 3151 4652 θεότητος
3177 4583 3369 4637 οὐσίαν
3392 4585 3512 4653 ἦτοι
3535 4583 3719 4654 φύσιν,

2127 4669 2516 4740 μεταχωρῆσαί
2553 4687 2603 4722 τι
2636 4668 2898 4724 δύνασθαι
2931 4671 3040 4722 τῶν
3066 4671 3401 4741 κτισμάτων·
3434 4671 3636 4741 κτίσμα
3663 4671 3725 4723 δὲ

2125 4761 2219 4814 καὶ⁵
2249 4762 2282 4830 ἡ
2324 4761 2483 4831 σάρξ.
2531 4760 2741 4814 Οὐκοῦν
2772 4761 2916 4816 θεῖον
2951 4763 3050 4833 μὲν
3081 4757 3225 4818 εἷναί
3254 4781 3436 4835 φαμεν
3458 4764 3518 4818 τὸ
3559 4763 3723 4834 σῶμα

2124 4851 2218 4905 τοῦ
2249 4851 2509 4922 Χριστοῦ,
2546 4852 2733 4924 ἐπειδὴ
2757 4854 2852 4908 καὶ
2875 4853 3008 4908 Θεοῦ
3035 4855 3194 4926 σῶμά
3214 4859 3351 4922 ἐστι,
3377 4857 3469 4910 καὶ
3493 4857 3721 4928 ἀρρήτῳ

2139 4941 2263 5017 δόξῃ
2301 4943 2794 5014 κατηγλαῖσμένον,
2843 4945 3140 5016 ἄφθαρτον,
3189 4948 3364 5018 ἅγιον,
3418 4947 3719 5012 ζωοποιόν·

2134 5035 2216 5087 ὅτι
2245 5033 2303 5088 δὲ
2335 5036 2414 5098 είς
2456 5033 2710 5106 θεότητος
2751 5037 2912 5107 φύσιν
2946 5039 3250 5111 μετεϐλήθη
3279 5081 3292 5104 ,
3323 5039 3446 5094 οὗτε
3493 5057 3577 5103 τις
3609 5038 3722 5092 τῶν

2135 5127 2306 5196 ἁγίων
2337 5126 2595 5198 Πατέρων
2623 5128 2655 5200 ἢ
2686 5130 3052 5201 πεφρόνηκεν,
3080 5132 3111 5202 ἢ
3143 5133 3384 5202 εἴρηκεν.
3412 5130 3535 5184 ούτε
3557 5133 3722 5202 ἡμεῖς

2137 5217 2279 5271 οὕτω
2301 5219 2641 5289 διακείμεθα.
2669 5219 2761 5292 Μὴ
2790 5221 3051 5289 ἀγνοείτω
3081 5224 3303 5276 κάκεῖνο
3332 5224 3364 5294 ἡ
3391 5223 3456 5293 σὴ
3479 5222 3720 5292 ὁσιότης,
3773 5287 3784 5294 _

2137 5310 2218 5364 ὅτι
2243 5312 2272 5365 ό
2300 5311 2402 5382 τῆς
2431 5312 2706 5383 μακαρίας
2733 5315 2957 5384 μνήμης
2979 5313 3168 5385 Πατὴρ
3193 5315 3349 5386 ἡμῶν
3384 5315 3722 5378 Ἀθανάσιος,

2136 5403 2165 5454 6
2191 5402 2479 5474 γενόμενος
2510 5403 2652 5458 κατὰ
2687 5405 2913 5474 καιροὺς
2937 5405 3038 5474 τῆς
3075 5405 3468 5478 Ἀλεξανδρέων
3497 5399 3726 5459 ἐπίσκᾱ-

2139 5510 2260 5559 πος,
2302 5495 2681 5565 κεκινημένων
2708 5495 2871 5550 τινῶν
2891 5497 3011 5550 κατ’
3038 5499 3215 5551 ἐκεῖνο
3239 5497 3452 5568 καιροῦ,
3479 5495 3726 5568 ἔγραφεν

2139 5582 2430 5654 ἐπιστολὴν
2453 5582 2589 5654 πρὸς
2629 5585 2950 5658 Ἐπίκτητον
2980 5588 3277 5642 ἐπίσκοπον
3301 5587 3398 5658 τῆς
3429 5585 3723 5658 Κορίνθου,

527 5748 568 5784 ³τ
600 5748 620 5803 l
653 5745 801 5799 Petr.
829 5759 886 5813 ιι,
918 5743 1008 5800 τε.
1087 5745 1130 5778 ³³
1163 5744 1370 5802 Coloss.
1409 5763 1448 5813 ι,
1492 5747 1575 5802 18.
1654 5749 1699 5782 ³⁸
1730 5749 1778 5804 ll
1804 5747 1930 5805 Cor.
1960 5766 2013 5818 v,
2048 5750 2135 5806 16.
