4048 6444
244 341 353 400 237
1618 345 1956 404 EPISTOLA
1995 307 2190 405 XLVI.
2315 379 2322 385 -
3433 357 3539 412 ass

246 459 430 529 πάσης
465 457 788 530 ὀρθοδοξίας
823 457 1055 531 μεστήν.
1095 457 1251 516 Ἐπεὶ
1277 460 1338 516 δὲ
1367 461 1633 533 ἠλέγχετο
1664 463 1762 516 καὶ
1794 460 1853 528 ἐξ

1955 469 2212 518 naturam
2239 463 2611 530 immutatum,
2640 479 2820 536 neque
2835 468 3129 540 quisquam
3148 486 3178 526 e
3207 472 3414 529 sanctis
3443 470 3548 528 Pa-

253 551 416 622 αύτῆς
441 551 776 623 Νεστόριος,
807 551 906 605 καὶ
926 554 976 606 οῖ
1004 555 1074 624 τῇ
1096 552 1230 624 ὀρθῇ
1255 553 1435 608 πίστει
1462 555 1853 626 συναγορεύον-

1959 555 2138 610 tribus
2165 562 2261 610 aut
2284 557 2456 612 sensit
2478 565 2573 612 aut
2587 556 2797 623 docuit,
2824 575 3003 630 neque
3026 577 3126 616 nos
3151 562 3224 616 ita
3251 563 3541 619 sentimus.

256 661 356 707 τες,
388 642 619 714 ταύτην
656 642 1166 712 ἀναγινώσκοντες,
1205 644 1583 711 ὲξεδυσὼπουν
1627 647 1754 710 τοὺς
1785 645 1853 699 τὰ

1957 644 2149 714 Neque
2178 661 2311 700 vero
2353 645 2489 701 illud
2519 653 2612 701 tua
2647 647 2912 703 sanctitas
2952 650 3187 720 ignoret,
3220 651 3391 707 beata:
3424 667 3545 706 me-

1958 737 2149 790 moria:
2201 737 2420 792 Patrem
2498 747 2749 792 nostrum
2837 739 3198 796 Athanasium
3267 744 3544 813 quondam

1957 826 2386 882 Alexandrinum
2424 829 2744 898 episcopum
2770 869 2784 894 ,
2839 844 2964 884 cum
3007 847 3104 902 per
3152 833 3296 888 idem
3333 841 3550 905 tempus

1959 917 2292 986 quaestiones
2326 919 2607 973 nonnullae
2642 929 3016 985 moverentur,
3069 921 3356 991 epistolam
3406 925 3543 978 scri~

1961 1010 2134 1079 psisse
2163 1010 2231 1066 ad
2255 1011 2570 1080 Epictetum
2604 1011 3020 1068 Corinthiorum
3050 1014 3394 1085 episcopum,
3427 1031 3548 1070 om-

1961 1098 2018 1152 ni
2068 1105 2350 1154 rectorum
2379 1099 2696 1170 dogmatum
2726 1101 3030 1158 assertione
3059 1103 3297 1173 plenam.
3326 1106 3396 1159 Et
3420 1107 3545 1176 quia

1959 1191 2126 1246 etiam
2159 1206 2228 1247 ex
2252 1207 2317 1247 ea
2347 1192 2633 1248 Nestorius
2657 1193 3010 1264 arguebatur,
3033 1204 3089 1250 et
3116 1204 3279 1250 rectae
3308 1195 3434 1251 ﬁdei
3456 1196 3552 1252 de-

1959 1280 2232 1347 fensores,
2275 1299 2402 1338 cum
2431 1299 2554 1339 eam
2596 1285 2864 1355 legerent,
2896 1285 3299 1341 convincebant
3327 1302 3424 1343 eos
3454 1289 3550 1360 qni

1960 1372 2202 1428 Nestorii
2229 1375 2560 1430 sententiam
2594 1375 3073 1446 amplexabantur,
3111 1377 3190 1432 illi
3217 1378 3551 1434 confutatio-

1960 1462 2128 1518 nibus
2164 1479 2233 1519 ex
2266 1479 2332 1519 ea
2369 1464 2602 1534 prolatis
2629 1465 2798 1530 victi,
2840 1466 3142 1522 machinati
3182 1476 3313 1524 sunt
3340 1468 3553 1525 facinus

1961 1551 2220 1609 haeretica
2244 1554 2527 1625 impietate
2549 1555 2955 1627 dignissimum.
2986 1557 3367 1614 Adulteratam
3393 1576 3551 1616 nam-

255 735 377 790 σῦτὰ
409 735 578 806 αὐτῷ
603 737 826 807 φρονεῖν
855 735 1168 800 ἐθέλοντας,
1187 737 1556 808 ἀπειρηκότες
1577 737 1713 831 πρὸς
1729 739 1856 802 τοὺς

250 827 498 882 ἐντεῦθεν
545 827 838 896 ἐλέγχους,
887 828 1310 899 ὲμηχανήσαντό
1360 847 1414 883 τι
1455 827 1714 902 πονηρόν,
1765 831 1859 884 καὶ

245 918 334 987 τῆς
362 918 671 987 αῖρετικῆς
697 917 1020 980 δυσσεϐείας
1037 916 1207 983 ἀξιον.
1237 920 1718 991 Παραφθείραντες
1747 920 1858 993 γὰρ

243 1009 334 1079 τὴν
378 1007 717 1079 ἐπιστολὴν,
759 1007 956 1062 καὶτὰ
993 1009 1092 1078 μὲν
1136 1009 1446 1077 ὑφελόντες.
1483 1010 1553 1063 τὰ
1589 1010 1647 1063 δὲ
1686 1027 1858 1080 προσο

239 1100 455 1162 θέντες,
522 1097 942 1152 ὲκδεδώκασιν·
983 1099 1064 1162 ὡς
1110 1099 1289 1154 δοκεῖν
1337 1101 1432 1154 καὶ
1479 1101 1572 1154 τὸν
1615 1101 1859 1172 ἀοίδιμον

239 1192 450 1244 ίκεῖνον
480 1189 715 1261 συνῳδὰ
740 1188 822 1260 τῷ
857 1189 1142 1261 Νεστορίῳ
1173 1193 1414 1259 φρονεῖν,
1461 1191 1555 1243 καὶ
1582 1193 1696 1254 τοῖς
1721 1192 1859 1261 ἀμφ’

243 1281 416 1334 αὐτόν.
449 1277 572 1334 Ἦν
600 1277 705 1334 οὗν
734 1281 1041 1349 ἀναγκαῖον
1064 1281 1204 1353 ὑπὲρ
1232 1280 1328 1334 τοῦ
1357 1281 1432 1353 μὴ
1456 1282 1681 1336 κάκεῖσε
1707 1300 1860 1348 τινας

249 1372 731 1444 παρεφθαρμένην
777 1371 955 1440 αὐτὴν
1004 1372 1414 1438 ἐπιδεικνύναι,
1465 1375 1529 1428 ὲκ
1575 1373 1685 1427 τῶν
1731 1375 1860 1447 παρ’

254 1467 370 1535 ἡμῖν
407 1464 793 1534 ἀντιγράφων
835 1463 900 1517 τὸ
931 1462 1048 1518 ἴσον
1083 1463 1384 1528 λαϐόντας,
1427 1465 1748 1520 ἀποστεῖλαι
1791 1469 1857 1537 τῇ

259 1557 317 1626 σῇ
370 1553 698 1624 θεοσεϐείᾳ.
745 1553 861 1606 Καὶ
907 1552 1018 1624 γὰρ
1056 1555 1086 1606 ὁ
1122 1552 1518 1618 εύλαδέστατος
1582 1553 1679 1606 καὶ
1738 1553 1862 1607 θεο-

257 1645 579 1708 «Etuta-co;
650 1645 760 1714 τῆς
857 1642 1180 1714 Ἑμεσηνῶν
1248 1644 1548 1708 ἐπίσκοπος
1613 1645 1853 1710 Παῦλος¹

1961 1662 2069 1718 que
2098 1648 2412 1718 epistolam,
2431 1649 2764 1718 quibusdam
2795 1651 3120 1717 subtractis,
3138 1653 3426 1708 nonnullis
3455 1654 3550 1709 ad-

249 1737 408 1790 ιλθὼν
453 1739 520 1790 ὲν
578 1734 1008 1805 Ἀλεξανδρείᾳ,
1048 1735 1311 1808 κεκίνηκε
1362 1736 1493 1807 περὶ
1533 1735 1726 1790 τούτου
1771 1735 1853 1788 λό‹

1955 1737 2140 1808 jectis,
2173 1738 2506 1807 ediderunt;
2531 1749 2595 1795 ut
2618 1741 2712 1795 ille
2732 1741 2819 1796 vir
2840 1742 3264 1812 probatissimus
3287 1745 3553 1801 consimi—

241 1846 354 1898 τον,
381 1828 480 1883 καὶ
527 1827 745 1899 εὑρέθη
805 1827 906 1896 μὲν
956 1825 1096 1897 ἔχων
1138 1827 1199 1880 τὸ
1241 1827 1356 1882 ἴσον
1391 1828 1492 1897 τῆς
1532 1827 1853 1898 ἐπιστολῆς,

1960 1831 2034 1886 lia
2063 1833 2320 1887 Nestorio
2341 1835 2568 1904 ejusque
2585 1834 2952 1889 sectatoribus
2979 1836 3225 1904 sapuisse
3246 1837 3549 1894 videretur.

239 1918 724 1991 παριφθαρμένον
751 1917 811 1971 δὲ
844 1917 941 1971 καὶ
970 1917 1350 1989 παραποιηθὲν
1387 1917 1542 1990 παρὰ
1570 1918 1679 1972 τῶν
1703 1920 1853 1990 αἱρε-

1960 1923 2131 1994 Igitur
2174 1925 2550 1979 necessarium
2609 1925 2734 1991 fuit,
2774 1941 2845 1981 ne
2890 1926 2986 1997 qui
3033 1927 3156 1982 istic
3183 1943 3404 1998 quoque
3430 1945 3550 1987 eam

238 2010 431 2065 ταῶν·
463 2009 618 2064 ὥστε
637 2008 740 2062 καὶ
772 2007 1012 2078 ἠξίωσεν
1042 2010 1107 2062 ὲκ
1140 2008 1247 2062 τῶν
1275 2009 1408 2080 παρ’
1439 2011 1572 2080 ἡμῖν
1598 2009 1853 2080 ἀντιγράι

1959 2013 2246 2082 epistolam
2267 2021 2581 2084 corruptam
2607 2015 2936 2086 proferrent,
2962 2033 3030 2072 ex
3055 2018 3259 2073 nostris
3273 2021 3553 2090 exempla-

253 2120 376 2172 φῶν
404 2100 608 2156 ﬁlum
633 2103 750 2164 τοῖς
775 2100 926 2154 κατὰ
950 2100 1048 2171 τὴν
1090 2100 1420 2170 Ἀντιόχειαν
1449 2102 1853 2173 ἐκπεμφθῆναι,

1960 2105 2117 2160 ribus
2157 2105 2432 2176 descripta
2487 2113 2592 2162 tuae
2654 2110 2985 2164 reverentiae
3041 2111 3195 2180 paria
3248 2110 3552 2169 destinare.

267 2193 374 2249 καὶ
410 2192 490 2264 ἢ
527 2192 630 2246 καὶ
667 2193 1062 2263 πεπόμφαμεν.
1124 2193 1570 2256 ’Δκολουθοῦντες
1618 2193 1672 2246 δὲ
1722 2209 1853 2246 παν·

1960 2195 2095 2250 Nam
2123 2197 2210 2250 vir
2251 2211 2472 2266 quoque
2521 2197 2970 2268 religiosissimus
3017 2201 3219 2255 Paulus
3261 2201 3554 2259 Emisenos

269 2284 414 2355 ταχῆ
465 2285 594 2349 cui:
637 2283 740 2339 οὖν
775 2284 960 2352 ἁγίων
999 2283 1259 2357 Πατάρων
1292 2284 1657 2355 όρθοδοξίαις,
1717 2282 1853 2338 κατὰ

1961 2302 2084 2340 rum
2123 2287 2420 2356 episcopus
2438 2288 2827 2342 Alexandriam
2848 2290 3079 2346 veniens
3103 2292 3207 2346 hac
3223 2292 3291 2347 de
3313 2308 3371 2347 re
3393 2292 3508 2365 egit
3534 2309 3552 2348 :

266 2376 376 2429 τῶν
413 2375 714 2447 Nam
751 2376 1051 2446 δογμάτων
1104 2375 1569 2446 συγγεγράφαμεν
1614 2375 1818 2446 βιϐλίον
1841 2390 1853 2406 ·

1959 2382 2016 2428 et
2045 2375 2166 2446 ejus
2191 2374 2440 2444 epistolae
2463 2376 2745 2445 exemplar
2774 2377 2921 2446 quod
2952 2377 3212 2444 habebat,
3245 2379 3545 2448 deprehen-

262 2471 352 2522 καὶ
378 2467 576 2538 ἕτερον
601 2467 658 2521 δὲ
682 2507 700 2530 ,
735 2467 1184 2539 ὰαὸεὸληκότων
1215 2468 1378 2521 τινῶν
1410 2467 1520 2520 τῶν
1544 2467 1853 2537 κεφαλαίων

1960 2482 2081 2520 sum
2105 2474 2192 2522 est
2216 2467 2286 2521 ab
2309 2467 2585 2522 haereticis
2625 2467 2794 2522 fuisse
2829 2475 3152 2538 corruptum
3181 2484 3246 2523 ac
3283 2469 3552 2539 deprava-

258 2559 348 2630 τὴν
373 2558 634 2630 δύναμιν
665 2561 766 2614 καὶ
791 2560 972 2615 ταῦτα
1013 2558 1313 2614 ἀπέστειλα
1341 2561 1409 2630 τῇ
1442 2561 1509 2630 σῇ
1546 2557 1853 2631 θεοσεϐείᾳ,

1959 2567 2080 2612 tum
2108 2577 2122 2612 :
2151 2559 2340 2630 itaque
2387 2559 2641 2628 poposcit
2688 2567 2750 2613 ut
2791 2574 2860 2615 ex
2897 2560 3102 2615 nostris
3145 2560 3552 2630 exemplaribus

256 2651 336 2705 iv:
359 2652 416 2704 ετ
432 2668 586 2715 τινες
606 2646 726 2704 εἷεν
749 2651 930 2722 ἕτεροι
961 2650 1074 2703 τῶν
1101 2649 1412 2719 ὁμοπίστων
1436 2665 1494 2702 τε
1525 2649 1618 2702 καὶ
1649 2647 1853 2719 όμοψύ-

1959 2650 2235 2721 descripta
2268 2652 2420 2721 paria
2443 2651 2804 2707 Antiochenis
2832 2651 3207 2718 mitterentur,
3238 2668 3360 2722 quae
3385 2653 3553 2708 etiam

247 2760 352 2811 κων
383 2743 518 2812 ἡμῖν
557 2741 839 2812 ἀδελφῶν,
882 2743 1004 2803 ταῖς
1035 2757 1201 2796 τινων
1244 2739 1538 2809 φλυαρίαις
1580 2755 1853 2810 συνηρπα-

1959 2743 2229 2797 mittenda
2253 2743 2590 2798 curavimus.
2620 2743 2929 2813 Sequentcs
2962 2743 3128 2798 etiam
3165 2744 3373 2815 ubique
3403 2753 3552 2800 recta

245 2835 466 2904 σμένοι,
517 2835 620 2886 καὶ
665 2831 988 2904 νομίζοντες
1027 2833 1111 2885 ὅτι
1157 2832 1512 2902 μετέγνωμεν
1555 2830 1649 2884 ἐπὶ
1693 2833 1805 2895 τοῖς
1834 2832 1853 2871 ε

1959 2843 2274 2889 sanct0rum
2307 2833 2531 2890 Patrum
2572 2834 2794 2903 placita,
2847 2834 3054 2889 librum
3089 2843 3285 2890 contra
3315 2835 3552 2891 Nestorii

240 2927 544 2998 Νεστορίου
577 2926 886 2996 λεχθεῖσιν,
920 2925 1230 2995 ὲλεγχθεῖεν
1259 2926 1324 2978 ὲκ
1347 2924 1450 2994 τῆς
1475 2922 1853 2992 ἀναγνώσεως,

1959 2923 2215 2994 dogmata
2239 2923 2693 2992 conscripsimus,
2727 2939 2946 2980 necnon
2988 2931 3045 2980 et
3076 2924 3313 2980 alterum
3361 2931 3553 2980 contra

244 3018 335 3071 καὶ
365 3016 632 3088 μάθωσιν
661 3018 750 3070 ὅτι
780 3016 966 3080 καλῶς
999 3017 1096 3070 καὶ
1127 3015 1304 3087 ὀρθῶς
1332 3015 1750 3086 ὲπετιμήσαμεν
1783 3015 1853 3079 ὡς

1959 3013 2225 3083 quosdam
2247 3013 2340 3082 qui
2366 3012 2869 3084 vim.capitulorum
2900 3030 3151 3070 meorum
3185 3015 3553 3086 reprehende-

249 3108 664 3180 πεπλανημένῳ
685 3125 700 3139 ο
734 3109 832 3162 καὶ
873 3107 970 3162 νῦν
1005 3107 1157 3161 οὐδὲν
1185 3102 1349 3179 ἦττον
1386 3105 1687 3176 ἐγκείμεθα
1716 3123 1853 3159 παν-

1961 3112 2084 3158 rant
2115 3122 2130 3158 :
2164 3105 2266 3159 hos
2304 3120 2525 3175 quoque
2568 3115 2676 3160 tuae
2715 3107 3044 3161 reverentiae
3081 3107 3244 3173 misi,
3279 3115 3340 3162 ut
3384 3108 3430 3164 si
3458 3109 3552 3178 qui

247 3158 1147 3271 τᾷκρξἐὲῖέδᾷενᾼῖὲαῒξβιέὲε
1171 3158 1561 3268 έὸξξρήμίὲιιξξ
1592 3158 1666 3249 Ἦ
1698 3197 1754 3250 δὲ
1785 3195 1853 3268 σὴ

2217 3158 2224 3159 κ
2313 3158 2338 3175 κ.
2504 3158 2519 3161 ν
2573 3158 2584 3160 -
2655 3158 2668 3160 κ
3081 3158 3244 3173 --αη
3285 3158 3336 3162 -τ
3384 3158 3552 3178 "1—-

1959 3195 2102 3253 forte
2131 3213 2198 3252 ex
2242 3196 2508 3252 fratribus
2533 3197 2726 3252 eadem
2762 3197 2869 3254 ﬁde
2896 3199 3203 3270 eodemque
3228 3199 3414 3255 animo
3449 3216 3553 3256 no-

247 3290 522 3362 τελειότης
547 3331 566 3357 ,
608 3291 684 3344 τὰ
711 3290 796 3344 ἔτι
829 3289 1005 3361 μείζω
1038 3293 1178 3344 νοεῖν
1221 3289 1498 3361 δυναμένη
1520 3329 1536 3355 ,
1578 3287 1672 3342 καὶ
1702 3289 1852 3359 ἡμᾶς

1958 3284 2171 3342 hiscum
2191 3285 2393 3356 juncti,
2420 3285 2817 3342 nonnullorum
2850 3287 3353 3344 obtrectationibus
3393 3289 3549 3345 dece-

253 3380 540 3452 ὼφιλὴσει,
578 3382 678 3435 καὶ
703 3381 996 3452 γράφουσα
1027 3380 1120 3434 καὶ
1147 3379 1586 3450 προσευχομένη.

1955 3377 2033 3448 pti
2050 3385 2247 3448 putant
2263 3393 2364 3433 nos
2389 3377 2444 3432 in
2457 3378 2546 3434 his
2559 3393 2679 3448 quae
2697 3378 2850 3450 14],
2871 3386 3062 3435 contra
3076 3379 3389 3436 Nestorium
3400 3379 3549 3437 dicta

251 3482 393 3537 sunt,
411 3484 667 3532 mutasse
687 3476 1047 3542 sententiam,
1068 3475 1186 3531 haec
1203 3473 1436 3546 legendo
1459 3479 1796 3543 coarguantu
1806 3487 1852 3535 r,
1893 3479 1951 3526 et
1980 3472 2195 3528 discant
2216 3487 2342 3527 eum
2366 3472 2472 3527 rite
2492 3487 2556 3528 ac
2580 3481 2730 3528 recte
2760 3481 3020 3542 tanquam
3045 3481 3319 3528 errantem
3371 3485 3405 3527 a
3448 3483 3552 3528 no-

254 3563 337 3621 bis
361 3565 538 3622 fuisse
588 3568 998 3637 reprehensum
1021 3608 1037 3633 ,
1067 3573 1127 3622 et
1186 3581 1337 3624 nunc
1366 3564 1733 3621 nihilominus
1794 3561 2002 3634 ubique
2070 3563 2139 3619 ad
2184 3563 2305 3634 ejus
2365 3564 2737 3636 blasphemias
2769 3562 3164 3636 oppugnandas
3205 3561 3550 3620 incumbere.

253 3656 367 3715 Tua
387 3674 527 3716 vero
572 3659 850 3716 sanctitas
893 3675 1024 3717 cum
1069 3659 1159 3718 his
1186 3659 1391 3732 majora
1431 3658 1614 3715 valeat
1655 3656 1985 3727 intelligere,
2008 3662 2124 3711 tum
2141 3657 2458 3723 scribendo,
2480 3664 2596 3713 tum
2620 3656 2831 3713 orando
2846 3670 2949 3712 nos
2970 3653 3443 3730 quoquejuvabit.

1438 3963 1778 4021 EPISTOLA
1815 3963 1980 4021 XLVI
2020 3965 2116 4038 (οι.
2141 3962 2409 4035 XXXIX).

1531 4138 1598 4177 AD
1629 4136 1932 4178 SIJCCBNSUII
1958 4135 2208 4176 EPISTOLA
2237 4137 2297 4175 Ii.

253 4278 502 4351 Ἕτερον
569 4276 1078 4360 ὐπομνηστικὸζι,
1112 4275 1479 4360 ἀντίγρᾳφὲγ
1534 4277 1687 4346 πρὸς
1745 4277 1852 4344 τὰς

1960 4273 2203 4330 Alterum
2223 4272 3045 4360 commouitoriumlrescriplumu
3064 4269 3136 4324 ad
3167 4271 3545 4340 interrogatio-

623 4351 879 4418 πεύσεις
909 4351 1081 4419 ἡμῶν
1109 4351 1246 4417 παρ’
1270 4351 1480 4403 αὑτοῦ.

2352 4359 2442 4396 nes
2469 4343 2614 4396 nobis
2638 4343 2702 4394 ab
2734 4356 2794 4393 eo
2813 4341 3130 4410 propositas.

326 4459 588 4532 Ἐμφανῆ
631 4461 738 4532 μὲν
770 4461 1097 4532 καθίστησιν
1141 4460 1344 4532 ἑαυτὴν
1377 4461 1415 4532 ἡ
1459 4459 1688 4532 ἀλήθεια
1733 4461 1848 4524 τοῖς

2027 4455 2394 4530 Spectandam
2419 4469 2477 4510 se
2507 4453 2717 4525 praebet
2744 4454 2951 4508 veritas
2974 4453 3044 4509 iis
3079 4452 3173 4524 qui
3217 4452 3364 4508 illam
3412 4451 3542 4507 dili-

242 4555 538 4624 ἀγαπῶσιν
557 4554 760 4627 αὐτὴν,
792 4554 1099 4627 κρύπτεται
1123 4554 1205 4620 δὲ,
1234 4550 1426 4626 οἶμαι,
1458 4554 1553 4608 καὶ
1586 4557 1847 4627 πειρᾶται

237 4647 530 4701 λανθάνειν
582 4644 690 4708 τὰς
747 4645 859 4700 τῶν
917 4647 1281 4700 πολυπλόκων
1330 4647 1558 4710 ἑννοίας.
1610 4646 1686 4699 Οὐ
1737 4646 1848 4719 γὰρ

233 4739 419 4805 ἀξίους
467 4739 719 4802 ἑαυτοὺς
751 4740 1117 4809 ἀποφαίνουσι
1161 4739 1276 4802 τοῖς
1314 4737 1590 4809 λαμπροῖς
1630 4736 1846 4810 όμμασι

233 4832 480 4885 κατιδεῖν
527 4830 731 4900 αὐτήν.
764 4831 876 4884 Καὶ
907 4831 957 4885 οἱ
995 4830 1094 4900 μὲν
1131 4830 1230 4900 τῆς
1260 4828 1568 4902 ἀμωμήτου
1603 4828 1844 4894 πίστεως

240 4920 496 4991 ἐρασταὶ,
553 4920 777 4974 αἰτοῦσι
818 4920 910 4974 τὸν
957 4918 1163 4992 Κύριον
1202 4921 1260 4972 ὲν
1309 4919 1573 4990 ἁπλότητι
1620 4919 1848 4990 καρδίας

242 5012 418 5077 καθὼς
447 5012 786 5084 γέγραπται
814 5028 828 5042 ο
857 5012 907 5064 οἱ
931 5011 988 5064 δὲ
1021 5009 1319 5082 καμπύλας
1353 5009 1579 5082 τροχιὰς
1612 5009 1849 5082 ἐρχόμε-

241 5122 334 5170 νοι,
367 5107 468 5160 καὶ
499 5104 741 5178 καρδίαν
778 5104 996 5176 ἔχοντες
1036 5104 1316 5174 σκαμϐὴν,
1351 5103 1497 5156 κατὰ
1524 5101 1584 5156 τὸ
1613 5104 1670 5156 ἐν
1693 5102 1849 5155 Ψαλ-

236 5202 359 5268 p02..-
383 5201 717 5273 εἰρημένον,
744 5198 1200 5270 διεστραμμένων
1227 5197 1449 5252 ἐννοιῶν
1476 5195 1852 5258 πολυπλόκους

237 5292 458 5356 ἑαυτοῖς
505 5291 936 5364 συναγείρουσιν
988 5290 1288 5363 ἀφορμὰς,
1345 5290 1434 5346 ἵνα
1482 5288 1850 5362 διαστρέφωσι

239 5383 332 5447 ιάς
365 5384 529 5448 ὀδοὺς
562 5383 776 5453 Κυρίου
810 5382 912 5449 τὰς
945 5383 1162 5449 εὐθείας
1184 5424 1201 5452 ,
1230 5381 1326 5437 καὶ
1369 5381 1468 5446 τὰς
1493 5380 1603 5435 τῶν
1645 5378 1855 5435 ἁπλου-

305 5541 348 5571 ⁶⁰
390 5540 528 5612 Sap.
559 5557 600 5608 ι,
639 5540 691 5596 1.
771 5541 816 5575 δ’
850 5541 998 5598 Psal.
1028 5558 1080 5610 ο,
1116 5542 1174 5601 ό.

1957 4556 2114 4621 gunt,
2132 4546 2442 4604 occultatur
2466 4554 2671 4610 autem,
2689 4552 2752 4599 ut
2768 4543 3028 4609 arbitror,
3047 4551 3102 4598 et
3122 4543 3327 4598 abdere
3348 4557 3407 4597 se
3430 4549 3543 4597 stu—

1955 4644 2050 4700 det
2069 4659 2100 4697 a
2117 4640 2445 4698 callidorum
2470 4638 2757 4694 hominum
2783 4636 3230 4708 cogitationibus.
3256 4636 3375 4692 Non
3393 4635 3542 4690 enim
3579 4683 3590 4700 γ

1955 4751 2013 4792 se
2039 4734 2176 4789 tales
2197 4731 2476 4803 praebent,
2503 4737 2566 4784 ut
2604 4743 2725 4783 eam
2763 4727 2928 4781 claris
2954 4724 3130 4781 oculis
3175 4726 3379 4781 intueri
3428 4739 3544 4779 me-

1954 4835 2204 4883 reantur.
2230 4824 2299 4879 Et
2327 4829 2606 4878 amatores
2627 4818 2852 4890 quidem
2888 4817 3254 4874 immaculata:
3315 4816 3442 4872 ildei
3483 4815 3539 4870 in

1950 4917 2306 4988 simplicitate
2333 4914 2537 4976 cordis,
2561 4922 2625 4967 ut
2649 4911 2915 4981 scriptum
2940 4911 3107 4973 est”,
3138 4909 3432 4964 Dominum
3445 4907 3542 4960 dc-

1945 5015 2268 5083 precantur.
2298 5006 2403 5074 Qui
2429 5020 2563 5060 vero
2589 5019 2690 5074 per
2727 5001 2993 5056 distortos
3017 5001 3184 5055 calles
3225 4995 3534 5083 ambulant,

1947 5080 2003 5158 et
2041 5118 2138 5157 cor
2183 5099 2390 5154 habent
2425 5109 2679 5167 pravum,
2705 5101 2768 5147 ut
2796 5091 3003 5145 dictum
3032 5095 3117 5143 est
3141 5088 3195 5141 in
3222 5082 3452 5139 Psalmis
3469 5080 3534 5143 "',

1949 5203 2340 5264 perversorum
2381 5198 2644 5241 sensuum
2688 5181 2795 5236 sibi
2847 5175 3180 5246 multiplices
3222 5169 3540 5226 occasiones

1951 5281 2324 5345 accumulant,
2368 5285 2429 5333 ut
2472 5279 2797 5349 pervertant
2833 5271 2952 5325 vias
2995 5264 3215 5322 Domini
3251 5271 3456 5327 rectas,
3483 5269 3541 5315 et.

1951 5373 2349 5448 simpliciorum
2385 5371 2600 5427 animas
2627 5364 2916 5430 seducunt,
2938 5367 3000 5416 ut
3031 5373 3097 5416 ea
3127 5355 3372 5414 sentiant
3413 5367 3540 5431 quae

1326 5657 1505 5717 Varia:
1532 5655 1796 5714 lectiones
1817 5651 2033 5710 codicis
2061 5643 2430 5723 Seguieriani.

317 5777 340 5814 ⁸
366 5782 454 5838 τιν’.
485 5780 653 5836 κατά.
