4048 6462
518 346 627 402 259

1515 342 1572 397 S.
1611 342 1886 398 CYRII.”
1928 342 2395 402 ALEXANDRI'NI
2434 344 2751 404 ARCHIEP.

3674 348 3787 407 2‘5

522 460 675 514 nefas
698 466 799 513 est.
826 458 949 511 lber.
984 456 1106 512 ideo
1133 457 1260 512 dico
1293 459 1443 528 quia,
1468 472 1599 513 eum
1645 460 1898 530 legissem
1935 473 1965 512 a
2008 468 2101 511 tua

2207 460 2414 532 στέρων
2432 461 2854 532 παρακομίσωσι
2881 460 3081 532 ψυχὰς,
3108 462 3188 526 εἰς
3211 462 3274 515 τὸ
3288 463 3487 533 χρῆναι
3517 464 3791 533 φρονείνᾶ

520 567 578 605 sa
594 539 812 603 imitate
838 549 1004 602 missa
1023 552 1301 605 communi
1311 552 1471 616 toria,
1491 550 1830 621 deprehendi
1855 549 2103 620 quaulam

523 643 575 697 in
612 642 723 697 illis
745 641 1059 711 periculose
1105 643 1388 713 proposita
1412 644 1480 698 ab
1512 644 1580 698 iis
1603 644 1696 714 qui
1730 645 1918 697 nescio
1964 657 2105 711 quo-

522 731 688 785 modo
728 745 1047 800 perversam
1082 733 1202 788 falsi
1247 734 1486 789 nominis
1529 734 1815 789 scientiam
1846 732 2101 803 diligunt.

524 821 597 876 Ea
623 830 782 877 erant
800 824 1098 894 ejusmodi.

593 1014 633 1067 1.
673 1014 730 1068 Si
772 1030 835 1067 ea:
882 1014 1086 1068 duabus
1125 1016 1356 1079 naturis,
1416 1016 1609 1084 inquit,
1663 1014 1978 1084 compositus
2028 1020 2107 1064 est

524 1106 869 1172 Emmanuel,
898 1125 959 1161 ar
985 1114 1097 1178 post
1125 1112 1369 1162 unionem
1401 1124 1506 1160 una
1541 1107 1859 1176 intelligitur
1906 1111 2104 1157 natura

527 1199 676 1254 Verbi
710 1202 1013 1263 inmrnutu,
1046 1209 1390 1270 consequetur
1410 1202 1622 1253 omnino
1652 1207 1708 1251 ut
1738 1200 1907 1268 ipsum
1934 1198 2105 1250 insita

526 1297 721 1345 natura
749 1309 961 1361 passum
996 1308 1102 1345 esse
1137 1292 1395 1346 dicamus.

598 1382 749 1436 Beati
782 1384 973 1436 Patres
993 1383 1165 1440 nostri
1193 1382 1285 1452 qui
1320 1380 1697 1437 venerandum
1720 1378 1846 1434 ﬁdei
1875 1378 2105 1450 Symbo-

524 1471 638 1527 lum
667 1472 1022 1539 delinierunt,
1046 1475 1225 1544 ipsum
1246 1473 1507 1529 dixerunt
1532 1488 1600 1527 ex
1628 1473 1741 1527 Deo
1773 1472 1932 1529 Patre
1968 1470 2104 1525 Ver-

526 1565 680 1630 bum,
729 1566 905 1636 ipsum
940 1581 1005 1621 ex
1044 1568 1164 1638 ejus
1203 1565 1466 1631 essentia,
1517 1566 1697 1637 ipsum
1734 1563 2102 1635 unigenitum,

527 1658 705 1727 ipsum
729 1674 828 1726 per
850 1662 1013 1727 quem
1060 1658 1265 1722 omnia,
1299 1659 1644 1713 incarnatum
1684 1671 1806 1712 esse
1835 1665 1887 1711 et
1923 1654 2106 1709 homi-

524 1760 649 1800 nem
679 1746 880 1801 factum
921 1765 934 1800 τ
974 1762 1154 1817 neque
1174 1746 1287 1801 ullo
1323 1746 1487 1801 modo
1520 1744 1826 1816 putandum
1853 1752 1939 1799 est
1976 1758 2105 1797 san-

524 1850 643 1894 ctos
665 1839 789 1894 illos
807 1839 952 1893 viros
973 1839 1255 1908 ignorasse
1286 1839 1502 1893 unitum
1528 1838 1660 1893 illud
1688 1836 1873 1893 Verbo
1904 1851 2107 1907 corpus

522 1933 700 1987 anima
731 1933 1070 2001 intelligente
1122 1933 1426 1987 animatum
1471 1932 1659 1986 fuisse.
1706 1930 1969 2000 Quisquis
2002 1930 2107 2001 igi-

524 2032 613 2076 tur
651 2021 892 2077 Verbum
941 2021 1076 2077 dicit
1124 2020 1293 2075 luisse
1338 2022 1719 2084 inearnatum,
1763 2035 1983 2075 carnem
2026 2019 2105 2074 illi

530 2114 737 2168 unitam
772 2130 881 2167 non
912 2114 1026 2168 sine
1060 2113 1243 2167 anima
1280 2113 1620 2185 intelligente
1658 2113 1827 2167 fuisse
1874 2112 2105 2167 conﬁte-

522 2216 630 2260 tur.
682 2205 775 2261 Sic
831 2206 1003 2271 enim,
1059 2216 1119 2259 ut
1160 2213 1313 2274 puto,
1351 2206 1463 2259 imo
1499 2221 1632 2260 vero
1680 2213 1741 2258 ut
1774 2218 1966 2258 revera
1999 2212 2103 2268 est,

521 2296 870 2352 conﬁdenter
900 2295 1131 2361 aﬂirmo,
1157 2296 1324 2350 etiam
1366 2296 1718 2351 beatissimus
1768 2294 2106 2365 evangelista

518 2390 763 2445 Joannes
786 2389 944 2461 142
964 2388 1210 2444 Verbum
1238 2388 1379 2443 dixit
1413 2404 1636 2444 carnem
1658 2387 1863 2443 factum
1892 2387 1956 2451 ⁸³,
1994 2401 2105 2440 non

517 2485 673 2552 quasi
698 2483 1011 2537 inanimatae
1055 2483 1205 2537 carni
1230 2482 1397 2537 fuerit
1424 2483 1663 2545 unitum,
1707 2482 1851 2537 absit
1883 2500 1895 2534 :
1928 2491 2106 2550 neque

518 2590 650 2629 vero
680 2575 836 2644 quasi
867 2574 1229 2628 mutationem
1275 2573 1753 2643 variationemque
1788 2572 2103 2643 pertulerit;

521 2666 725 2721 mansit
766 2681 1005 2735 namque
1042 2665 1186 2735 quod
1228 2677 1367 2730 erat,
1399 2665 1507 2719 hoc
1545 2673 1631 2720 est
1674 2673 1869 2719 natura
1909 2665 2056 2718 Deus
2089 2681 2101 2716 :

521 2757 616 2812 sed
643 2758 733 2810 ubi
759 2755 1058 2826 assumpsit
1085 2759 1251 2811 etiam
1283 2766 1344 2811 ut
1368 2768 1514 2812 esset
1553 2758 1739 2821 homo,
1776 2757 1879 2811 hoc
1908 2766 2013 2820 est,
2045 2763 2106 2809 ut

522 2848 681 2902 ﬁeret
706 2848 851 2902 sicut
871 2863 973 2901 nos
997 2861 1065 2902 ex
1093 2847 1328 2904 muliere
1348 2849 1652 2903 secundum
1695 2863 1936 2911 eamem,
1977 2864 2104 2903 rur-

522 2954 617 2993 sus
635 2954 779 2992 unus
802 2938 1107 3008 permansit
1133 2939 1326 3003 Filius,
1347 2956 1456 2995 non
1488 2949 1672 2995 tamen
1690 2940 1871 2995 carnis
1886 2955 2102 3010 expers,

523 3039 756 3086 utantea
780 3030 981 3095 fuerat,
1010 3031 1115 3087 hoc
1139 3041 1225 3086 est
1265 3042 1556 3101 antequam
1595 3032 1760 3086 homo
1786 3031 1961 3096 ﬂeret,
2007 3030 2104 3086 sed

2213 551 2287 623 μὴ
2318 552 2498 623 θέμις.
2535 554 2643 605 Καὶ
2665 553 2839 607 ταῦτά
2870 571 3033 624 φημι,
3059 557 3174 617 τοῖς
3196 554 3347 624 παρᾶ
3373 554 3475 623 τῆς
3502 554 3603 625 σῆς
3639 555 3793 608 ὁσιό-

2208 662 2367 717 τητος
2410 645 2649 716 ἐντυχὼν
2688 647 3152 717 ὑπομνηστικοίς’
3202 641 3324 701 εἶτά
3355 663 3480 701 τινα
3518 645 3696 718 εὑρὼν
3727 648 3792 700 ἐν

2210 739 2392 800 αὐτοῖς
2419 737 2519 791 οὐκ
2548 739 2809 807 ἀσφαλῶς
2854 740 3253 811 προτεινόμενα
3278 779 3294 804 ,
3345 740 3500 810 παρὰ
3540 740 3654 793 τῶν
3682 740 3792 793 οὐκ

2207 826 2303 883 οἷδ’
2336 832 2484 894 ὅπως
2511 830 2881 900 ὴγαπηκότων
2903 832 3003 902 τῆς
3023 831 3376 902 ψευδωνύμου
3405 831 3660 900 γνώσεως
3684 832 3795 902 τὴν

2207 919 2563 992 διαστροφήν.
2596 916 2779 973 Ἦσαν
2815 921 2872 973 δὲ
2910 922 3104 974 ταῦτα.

2283 1015 2362 1066 A'.
2405 1016 2473 1067 Et
2512 1013 2580 1067 ἐκ
2616 1013 2727 1067 δύο
2778 1015 3027 1083 φύσεων
3072 1012 3424 1081 συνηνέχθη
3448 1053 3464 1078 ,
3508 1012 3723 1081 φησὶν,
3755 1014 3797 1065 ὁ

2221 1107 2622 1176 Ἐμμανουήλ,
2647 1105 2799 1176 μετὰ
2827 1107 2895 1159 δὲ
2915 1105 3029 1174 τὴν
3056 1105 3279 1159 ἕνωσιν
3291 1106 3401 1174 μία
3426 1105 3613 1173 φύσις
3634 1103 3801 1157 ros?-

2209 1216 2298 1252 ται
2326 1200 2436 1253 τοῦ
2480 1201 2674 1270 Λόγου
2704 1199 3138 1267 σεσαρκωμένη
3158 1236 3172 1257 ,
3205 1197 3415 1266 ἕψεται
3455 1197 3693 1261 πάντως
3721 1195 3795 1248 τὸ

2210 1291 2429 1361 χρῆναι
2456 1292 2669 1346 παθεῖν
2698 1293 2886 1346 αὑτὸν
2917 1291 3120 1362 λέγειν
3152 1293 3241 1357 εἰς
3276 1291 3437 1344 ἰδίαν
3465 1290 3674 1358 φύσιν.

2281 1385 2344 1436 Gl
2385 1384 2649 1454 μακάριοι
2685 1384 2957 1455 Πατέρες,
2986 1386 3035 1436 οἰ
3080 1383 3141 1436 τὸ
3170 1383 3368 1436 σεπτὸν
3412 1385 3512 1453 τῆς
3552 1383 3797 1445 πίστεως

2207 1474 2527 1543 ὁρισάμενοι
2575 1472 2884 1543 Σύμϐολον,
2922 1472 3086 1526 αὑτὸν
3123 1472 3371 1540 ἔφασκον
3403 1472 3497 1525 τόν
3543 1473 3610 1525 ἐκ
3650 1472 3797 1525 Θεοῦ

2210 1565 2423 1636 Πατρός
2442 1566 2633 1633 Λόγον,
2659 1565 2750 1617 τὸν
2765 1566 2829 1617 ὲκ
2850 1566 2948 1636 τῆς
2964 1565 3155 1627 οὐσίας
3177 1565 3367 1645 αὐιτοῦ,
3389 1562 3483 1616 τὸν
3500 1563 3797 1633 μονογενῆ.

2208 1659 2300 1711 τὸν
2331 1658 2399 1711 δι’
2428 1652 2489 1712 οὗ
2510 1657 2579 1710 τά
2605 1658 2804 1721 πάντα,
2824 1656 3179 1727 σαρκωθῆναι
3205 1652 3300 1709 καὶ
3331 1654 3750 1727 ενανθριιιπῆσαι
3776 1671 3791 1683 ·

2211 1752 2303 1804 καὶ
2329 1751 2392 1804 ού
2421 1750 2484 1822 δή
2526 1749 2629 1805 πού
2664 1765 2847 1819 φαμεν
2890 1749 3157 1819 ἀγνοῆσαι
3181 1748 3308 1812 τοὺς
3334 1747 3522 1816 ἁγίους
3548 1746 3794 1807 ἐκείνως

2139 1824 2177 1877 Β
2209 1845 2290 1899 ὅτι
2315 1844 2377 1896 τὸ
2406 1841 2606 1896 ὲνωθὲν
2630 1840 2711 1913 τῷ
2748 1842 2908 1912 λόγῳ
2947 1841 3109 1911 σῶμα
3136 1839 3388 1911 ὲψύχωτο
3418 1839 3566 1910 ψυχῇ
3599 1839 3795 1907 νοερᾷ.

2211 1935 2387 1985 Ὥστε
2423 1933 2476 1985 εἰ
2505 1948 2591 1993 τις
2624 1929 2980 2002 σαρκωθῆναι
3015 1929 3161 1999 λέγει
3208 1928 3304 1981 τὸν
3354 1927 3545 1995 Λόγον,
3573 1927 3635 1980 οὐ
3660 1926 3797 1996 δίχα

2208 2026 2383 2097 ψυχῆς
2440 2027 2638 2097 νοερᾶς
2675 2023 2931 2095 ὁμολογεῖ
2972 2023 3074 2094 τὴν
3128 2023 3310 2093 σάρκα
3351 2022 3450 2093 τὴν
3496 2020 3807 2075 ἐπιθεῖσαν

2209 2119 2379 2189 αὐτῷ.
2408 2118 2567 2172 Οὕτω
2593 2117 2722 2188 γὰρ,
2749 2116 2822 2180 ὥς
2853 2133 2917 2185 γε
2940 2110 3114 2186 οἶμαι,
3150 2115 3349 2186 μᾶλλον
3373 2113 3429 2167 δὲ
3450 2115 3526 2177 ὡς
3556 2113 3670 2166 ἔστι
3701 2128 3800 2166 τε-

2209 2212 2569 2284 θαρρηκότως
2603 2211 2810 2275 εἰπεῖν,
2860 2208 2957 2261 καί
2997 2210 3024 2262 ὁ
3074 2209 3351 2276 πάνσοφος
3398 2205 3798 2275 εύαγγελιστὴς
3846 2236 3853 2253 .

2221 2305 2476 2373 Ἰωάννης
2515 2303 2612 2357 τὸν
2658 2302 2829 2371 Λόγον
2867 2301 2972 2371 ἔφη
3018 2300 3273 2371 γενέσθαι
3329 2298 3536 2369 σάρκα,
3566 2298 3664 2367 οὐχ
3715 2298 3797 2359 ὡς

2209 2397 2401 2469 ἀψύχῳ
2440 2394 2602 2468 σαρκὶ
2652 2393 2919 2449 ἐνωθέντα
2945 2434 2958 2457 ,
3017 2393 3090 2464 μὴ
3124 2392 3369 2460 γένοιτο·
3418 2389 3534 2444 ἀλλ’
3575 2390 3684 2443 οὐδ’
3715 2389 3795 2449 ὡς

2208 2489 2419 2559 τροπὴν
2462 2489 2495 2559 ἢ
2544 2486 2832 2541 ἀλλοίωσιν
2890 2485 3303 2555 ὑπομείναντα·
3356 2482 3637 2553 μεμένηκε
3680 2481 3799 2551 γὰρ

2209 2581 2348 2652 ὅπερ
2378 2576 2465 2652 ἦν,
2499 2579 2648 2633 τοῦτ’
2677 2579 2793 2631 ἐστι
2846 2577 3006 2648 φύσει
3045 2576 3212 2640 Θεός·
3252 2573 3578 2648 προσλαϐὼν
3607 2574 3664 2628 δε
3697 2575 3798 2628 καὶ

2207 2673 2269 2727 τὸ
2296 2670 2435 2726 εἶναι.
2464 2670 2771 2742 ἄνθρωπος,
2807 2670 2926 2741 ἦτοι
2952 2668 3210 2738 γενέσθαι
3257 2667 3379 2721 καθ’
3420 2668 3566 2737 ἡμᾶς
3599 2667 3664 2719 ἐκ
3689 2683 3798 2734 γυ-

2209 2764 2395 2828 ναικὸς
2446 2763 2587 2817 κατὰ
2638 2763 2859 2834 σάρκα,
2916 2761 3080 2815 πάλιν
3131 2755 3211 2820 εἷς
3275 2758 3582 2830 μεμένηκεν
3626 2757 3799 2820 Υἰός·

2209 2857 2347 2927 πλὴν
2380 2857 2478 2909 οὐκ
2509 2857 2770 2926 ἄσαρκος,
2803 2853 2944 2908 καθὰ
2985 2854 3081 2907 καὶ
3132 2851 3341 2917 πάλαι,
3370 2850 3492 2921 ἦτοι
3535 2848 3644 2918 πρὸ
3682 2849 3800 2900 τῶν

2207 2950 2305 3019 τῆς
2334 2947 2806 3020 ὲνανθρωπήσεως
2833 2944 3067 3016 καιρῶν,
3086 2941 3503 3013 ἀμφιασάμενος
3530 2938 3585 2992 δὲ
3602 2938 3798 3008 ὥσπερ

2209 3041 2301 3094 καὶ
2326 3038 2424 3111 τὴν
2449 3038 2728 3110 ἡμετέραν
2751 3035 2933 3107 φύσιν.
2974 3034 3111 3089 Ἀλλ’
3136 3036 3185 3087 εἰ
3211 3033 3304 3086 καὶ
3330 3033 3404 3103 μὴ
3433 3030 3580 3084 ἔστιν
3599 3029 3800 3101 ὀμοούι

520 3125 690 3178 etiam
721 3133 925 3179 nostrae
965 3125 1376 3197 quodammodo
1409 3135 1621 3181 natura:
1651 3135 1804 3181 veste
1848 3126 2100 3181 indutus.

2211 3145 2326 3182 σιον
2358 3126 2437 3198 τῷ
2462 3129 2527 3180 ὲκ
2550 3125 2687 3180 Θεοῦ
2719 3124 2931 3195 Πατρός
2955 3125 3118 3192 φύντι
3146 3122 3306 3192 Λόγῳ
3334 3120 3396 3175 τὺ
3414 3119 3614 3174 ὲνωθὲν
3642 3118 3801 3217 αύτῷ

520 3214 782 3281 Quamvis
801 3224 985 3270 autem
1006 3214 1188 3272 Verbo
1207 3232 1275 3271 ex
1300 3217 1413 3272 Deo
1442 3218 1602 3273 Patre
1633 3219 1818 3290 genito
1863 3219 2104 3274 consub-

520 3306 775 3363 stantiale
803 3322 913 3362 non
938 3307 1009 3362 sit
1033 3307 1114 3363 illi
1155 3307 1371 3362 unitum
1405 3323 1627 3380 corpus,
1652 3310 1835 3365 anima
1857 3310 1989 3364 licet
2016 3309 2106 3363 in"-

522 3397 800 3470 telligente
824 3398 1139 3469 praeditum,
1195 3407 1252 3453 at
1286 3406 1437 3456 certe
1464 3399 1745 3454 unitarum
1781 3409 2105 3455 naturarum

519 3489 895 3547 dill‘erentiam
932 3504 1057 3547 cum
1083 3490 1399 3546 intellectus
1420 3502 1610 3547 noster
1641 3492 1890 3563 aSpieiat,
1932 3506 2104 3547 unum

521 3590 705 3639 tamen
732 3581 930 3637 Filium
970 3590 1028 3638 et
1045 3580 1333 3638 Christum
1355 3591 1411 3638 et
1433 3584 1725 3638 Dominum
1752 3583 2102 3649 conﬁtemur,

519 3682 713 3744 utpote
735 3690 860 3730 cum
877 3674 1119 3729 Verbum
1149 3675 1221 3730 sit
1236 3690 1363 3730 caro
1381 3674 1604 3731 factum.
1622 3676 1759 3732 Cum
1784 3693 1936 3743 vero,
1952 3692 2101 3742 caro,

520 3765 779 3832 dicimus,
816 3766 1160 3822 tantumdem
1190 3776 1275 3823 est
1306 3784 1369 3823 ac
1388 3769 1432 3823 si
1455 3770 1739 3825 hominem
1770 3771 2101 3825 diceremus.

520 3857 780 3925 Quaenam
822 3858 991 3930 igitur
1031 3861 1332 3916 necessitas
1366 3861 1512 3933 cogit
1555 3869 1616 3916 ut
1671 3871 1796 3932 post
1841 3862 2102 3916 unionem

521 3949 738 4005 dicatur
785 3966 895 4005 una
937 3959 1135 4006 natura
1173 3951 1295 4006 Filii
1365 3953 1645 4008 incarnata
1689 3955 1870 4023 ipsum
1907 3953 1961 4007 in
2004 3968 2104 4008 sua

520 4049 718 4095 natura
758 4057 979 4113 passum
1004 4057 1126 4097 esse
1162 4045 1573 4115 consequatur?
1612 4044 1748 4098 Nam
1788 4043 1833 4098 si
1872 4044 1927 4097 in
1953 4044 2105 4098 illius

520 4131 949 4202 dispensationis
985 4134 1196 4189 ratione
1234 4135 1373 4191 nihil
1416 4143 1562 4191 esset
1608 4135 1754 4204 quod
1790 4136 2103 4205 passionem

518 4234 709 4296 posset
749 4225 1025 4296 excipere,
1063 4237 1213 4283 recte
1247 4227 1484 4284 forsitan
1527 4227 1596 4281 ab
1631 4227 1741 4283 illis
1777 4229 1987 4283 dictum
2016 4245 2098 4285 es‘

518 4323 603 4371 set
649 4332 661 4368 :
716 4314 961 4384 patiendi
995 4314 1145 4371 enim
1176 4316 1359 4373 ablato
1399 4316 1670 4388 subjecto,
1723 4319 2099 4375 necessarium

518 4406 745 4462 omnino
771 4415 918 4462 esset
962 4407 1017 4462 in
1049 4408 1215 4464 Verbi
1246 4415 1500 4464 naturam
1530 4408 1728 4465 cadere
1763 4411 2097 4481 passionem.

2211 3214 2388 3286 σῶμα,
2426 3214 2522 3267 καὶ
2556 3213 2734 3284 ψυχῆς
2780 3211 3006 3283 ἐνούσης
3050 3209 3202 3281 αὐτῷ
3232 3210 3427 3279 νοερᾶς
3448 3249 3464 3274 ,
3496 3207 3612 3263 ἀλλ’
3647 3203 3746 3262 ὦν
3768 3211 3800 3262 ὁ

2210 3304 2310 3373 μὲν
2345 3302 2472 3367 νοῦς
2502 3303 2834 3373 φαντάζεται
2862 3302 2925 3355 τὸ
2958 3300 3256 3373 ἑτεροφυὲς
3297 3299 3411 3355 τῶν
3434 3299 3759 3355 ἑνωθέντων
3779 3314 3796 3332 ο

2205 3399 2303 3453 ἕνα
2336 3415 2399 3468 γε
2433 3398 2539 3469 μὴν
2576 3393 2950 3467 ὁμολογοῦμεν
2980 3393 3110 3448 Υἰδν
3145 3394 3239 3447 καὶ
3282 3392 3522 3465 Χριστὸν
3550 3391 3647 3447 καὶ
3672 3389 3797 3445 Κύ-

2207 3508 2342 3563 ριον,
2373 3489 2450 3554 ὠς
2481 3489 2769 3559 γεγονότος
2800 3486 3004 3559 σαρκὸς
3027 3485 3123 3541 τοῦ
3162 3485 3362 3555 Λόγου.
3389 3483 3466 3539 Τό
3497 3483 3557 3540 δι
3588 3484 3799 3555 σαρκὸς

2203 3584 2334 3638 ὅταν
2360 3581 2627 3653 εἴπωμεν,
2659 3579 2950 3652 ἀνθρώπου
2984 3577 3188 3650 φαμέν.
3206 3576 3358 3632 ’Ποία
3382 3576 3565 3631 τοίνυν
3594 3575 3798 3629 παθεῖν

2204 3673 2372 3727 αὐτὸν
2404 3671 2618 3742 ἀνάγκη
2646 3672 2727 3735 εἰς
2771 3670 2911 3724 ἰδίαν
2949 3668 3133 3739 φύσιν,
3185 3666 3237 3721 εἰ
3283 3668 3497 3736 λέγοιτο
3527 3667 3795 3738 paravth

2206 3766 2400 3818 ἕνωσιν
2435 3765 2533 3832 μία
2568 3761 2730 3832 φύσις
2778 3762 2907 3815 Υἱοῦ
2940 3760 3381 3833 σεσαρκωμένη;
3431 3760 3496 3813 Εἰ
3544 3759 3643 3830 μὲν
3678 3759 3797 3829 γὰρ

2204 3858 2305 3910 οὐκ
2332 3851 2399 3926 ἦν
2422 3857 2480 3907 ὲν
2505 3857 2619 3918 τοῖς
2641 3853 2818 3922 λόγοις
2844 3853 2944 3922 τῆς
2968 3852 3282 3922 οἰκονομίας
3301 3850 3363 3905 τὸ
3390 3848 3633 3919 πεφυκὸς
3658 3848 3801 3902 ὑπο-

2207 3946 2389 4016 μένειν
2413 3944 2475 3998 τὸ
2502 3943 2700 4007 πάθος,
2727 3943 2905 4016 ὀρθῶς
2931 3943 2997 3997 ἂν
3026 3942 3239 4014 ἔφησαν
3263 3959 3276 3974 ⁸
3305 3942 3388 3996 ὅτι
3414 3940 3489 4013 μὴ
3508 3941 3663 4004 ὄντος
3693 3943 3794 3996 τοῦ

2204 4035 2511 4104 πεφυκότος
2532 4034 2787 4104 πάσχειν,
2819 4033 2972 4087 πᾶσά
3006 4050 3124 4097 πως
3148 4034 3361 4103 ἀνάγκη
3399 4035 3466 4104 τῇ
3494 4031 3587 4085 τοῦ
3611 4032 3796 4101 Λόγου

2205 4127 2366 4196 φύσει
2397 4125 2721 4195 συμϐαίνειν
2746 4124 2807 4179 τὸ
2834 4125 3123 4188 πάθος..Εἰ
3154 4125 3209 4179 δὲ
3237 4125 3297 4179 ὲν
3328 4123 3407 4195 τῷ
3436 4125 3801 4195 σεσαρκωμέ-

2207 4236 2305 4290 νην
2342 4219 2550 4282 εἰπεῖν,
2579 4217 2806 4286 σύμπας
2833 4218 2861 4270 ὁ
2891 4216 3049 4285 λόγος
3078 4216 3180 4286 τῆς
3227 4217 3365 4287 μετὰ
3406 4217 3606 4289 σαρκὸς
3644 4217 3803 4270 οἰκο-

2208 4313 2402 4384 νομίας
2431 4310 2744 4381 εἰσφέρεται
2773 4308 3097 4383 (ὲσαρκώθη
3130 4294 3238 4380 γὰρ
3260 4309 3358 4380 οὐχ
3383 4308 3619 4380 ἑτέρως’,
3650 4307 3801 4363 ἀλλὰ

2209 4405 2524 4478 σπέρματος
2595 4401 2849 4481 Ἀϐραάμ
2903 4401 3332 4471 ἐπιλαϐόμενος,
3384 4401 3477 4456 καὶ
3529 4399 3800 4473 ὡμοιώθη

521 4497 580 4552 Si
631 4508 815 4553 autem
858 4498 1047 4555 addito
1085 4500 1280 4565 verbo,
1326 4499 1686 4567 incarnatam,
1729 4500 1910 4556 omnis
1958 4501 2100 4555 ratio

2207 4499 2347 4553 κατὰ
2369 4497 2548 4551 πάντα
2568 4499 2685 4559 τοῖς
2709 4494 2978 4563 ἀδελφοῖς,
3008 4495 3102 4547 καὶ
3129 4494 3342 4566 μορφὴν
3358 4492 3548 4547 δούλου
3561 4490 3798 4562 λαϐὼν),

520 4585 670 4643 illius
688 4602 812 4641 cum
840 4603 1004 4644 carne
1020 4587 1451 4659 dispensationis
1474 4588 1708 4644 infertur
1733 4601 1934 4661 (neque
1957 4591 2108 4645 enim

521 4678 680 4735 aliter
696 4679 1106 4737 incarnatusest
1120 4680 1225 4735 nisi
1247 4679 1710 4751 apprehendendo
1731 4697 1920 4737 semen
1935 4682 2109 4736 Abra-

522 4769 732 4835 ham",
760 4782 817 4827 et
842 4771 1042 4827 similis
1075 4770 1250 4826 factus
1287 4780 1371 4826 est
1388 4786 1489 4841 per
1505 4772 1689 4826 omnia
1722 4770 1988 4827 fratribus
2011 4772 2104 4839 ”',

520 4861 653 4916 dum
674 4862 905 4919 formam
933 4863 1079 4918 servi
1099 4863 1343 4933 suscepit
1362 4863 1454 4934 “);
1488 4863 1694 4919 frustra
1710 4872 1989 4935 nugantur
2009 4864 2106 4934 qui

520 4952 732 5021 dicunt,
769 4970 1118 5025 consequens
1135 4953 1366 5009 omnino
1387 4969 1511 5009 esse
1539 4963 1600 5009 ut
1630 4954 1746 5025 ipse
1778 4953 1835 5009 in
1876 4969 1975 5009 sua
2012 4971 2109 5008 na-

522 5051 644 5098 tura
666 5044 978 5122 passionem
999 5043 1351 5111 sustinuerit,
1377 5061 1502 5101 cum
1525 5060 1657 5101 caro
1680 5044 1912 5117 subjecti
1930 5045 2107 5100 vicem

521 5145 723 5202 teneat,
774 5137 921 5193 circa
974 5151 1141 5209 quam
1209 5137 1505 5208 contigisse
1542 5137 1856 5208 passionem
1906 5136 2107 5192 merito

2208 4591 2334 4662 εἰκῆ
2365 4588 2507 4663 [καὶ]
2550 4587 3006 4659 πεφλυαρὴκασιν
3029 4589 3078 4640 οἰ
3106 4586 3357 4655 λέγοντες
3380 4585 3695 4661 ἀκολουθεῖν
3729 4587 3803 4641 τὸ

2206 4682 2405 4754 χρῆναι
2431 4683 2652 4743 πάντως
2679 4679 2842 4733 αὐτὸν
2867 4681 2944 4742 εἰς
2974 4679 3107 4733 ἰδίαν
3132 4678 3293 4747 φύσιν
3314 4679 3622 4749 ὑπομεῖναι,
3653 4676 3805 4747 om-

2206 4771 2470 4844 κειμένης
2506 4770 2617 4842 γὰρ
2659 4770 2688 4810 ιι
2720 4769 2818 4840 τῆς
2873 4770 3115 4842 σαρκὸς,
3159 4771 3289 4840 περὶ
3338 4770 3408 4838 ἢν
3446 4768 3674 4830 εἰκότως
3726 4768 3803 4821 ἂν

2208 4882 2272 4916 συ
2283 4863 2481 4935 μϐἦναι
2503 4861 2564 4914 τὸ
2589 4861 2783 4915 παθεῖν
2808 4864 2999 4927 νοοῖτο,
3026 4860 3271 4925 ἀπαθοῦς
3289 4861 3440 4924 δντος
3467 4858 3562 4914 τοῦ
3586 4859 3801 4927 Λόγου.

2220 4954 2363 5008 Ἀλλ’
2380 4953 2481 5007 οὐκ
2503 4952 2608 5020 ἔξω
2633 4938 2720 5007 διᾶ
2742 4953 2900 5008 τοῦτο
2918 4954 3155 5026 λέγομεν
3179 4954 3343 5008 αὐτὸν
3367 4946 3462 5007 τοῦ
3480 4950 3744 5021 λέγεσθαι
3774 4951 3796 4993 ί

2209 5045 2417 5100 παθεῖν.
2470 5046 2681 5116 Ὥσπερ
2732 5045 2838 5117 γὰρ
2874 5046 3006 5100 ἴδιον
3051 5044 3221 5099 αὐτοῦ
3254 5042 3446 5113 γέγονε
3479 5041 3542 5095 τὸ
3590 5038 3759 5109 σῶμα
3784 5080 3802 5103 ,

2205 5137 2350 5192 οὕτω
2380 5139 2475 5195 καὶ
2520 5138 2698 5192 πάντα
2733 5138 2803 5190 τὰ
2833 5137 2929 5191 τοῦ
2962 5136 3214 5208 σώματος
3248 5135 3373 5207 δίχα
3410 5133 3578 5205 μόνης
3608 5132 3805 5202 ἀμαρ-

516 5227 694 5294 possit
740 5228 1003 5299 intelligi,
1042 5226 1221 5282 Verbo
1271 5228 1598 5298 impassibili
1657 5238 1935 5284 manente.
1982 5229 2104 5285 Non

2207 5228 2324 5287 τίας
2351 5226 2553 5295 λέγοιτ’
2580 5226 2649 5281 ἂν
2671 5226 2825 5280 οὐδὲν
2842 5223 3013 5301 ’ἦττον
3040 5226 3229 5289 αὐτοῦ,
3258 5226 3380 5279 κατ’
3413 5220 3689 5277 οἰκείως-ιν
3710 5220 3805 5272 οἰ-

519 5322 699 5372 tamen
724 5327 1019 5391 propterea
1051 5317 1184 5375 illud
1202 5317 1517 5381 eximimus,
1549 5318 1847 5389 quominus
1884 5319 2103 5375 dicatur

2207 5320 2520 5391 κονομικήν.
2564 5316 2706 5372 Ἀλλ’
2735 5317 2953 5390 ἐροῦσιν
2979 5318 3030 5371 οἱ
3056 5314 3125 5371 δι’
3156 5314 3430 5379 ἐναντίως·

517 5424 757 5481 passum.
786 5411 858 5467 Ut
889 5413 1037 5467 enim
1054 5414 1338 5483 proprium
1366 5414 1538 5484 ipsius
1555 5414 1720 5470 Verbi
1767 5412 1970 5471 factum
2005 5424 2091 5471 est
2130 5431 2349 5486 corpus,
2386 5413 2467 5470 sic
2492 5412 2679 5469 omnia
2707 5427 2828 5484 quae
2888 5414 3041 5491 sunt'
3076 5404 3349 5483 corporis;
3380 5416 3611 5479 excepto
3668 5400 3799 5460 ιοιο

590 5569 633 5599 δί
667 5567 823 5622 Joan.
865 5584 901 5631 I,
933 5569 1018 5622 Μ.
1096 5568 1143 5599 ⁸³
1180 5569 1344 5624 Ιπίριπ.
1378 5587 1435 5635 n,
1471 5572 1555 5626 16.
1626 5572 1692 5603 ⁸³·
1732 5571 1868 5627 Ibid.
1896 5573 1961 5626 17
2038 5571 2085 5604 ⁸⁸

2207 5572 2354 5643 ilipp.
2392 5588 2451 5638 ιι,
2485 5574 2535 5626 7.

1579 5707 1756 5770 Varia:
1786 5707 2051 5764 lectiones
2086 5707 2296 5764 codicis
2317 5707 2682 5778 Seguieriani.
2728 5686 2733 5693 ’

590 5810 619 5854 ιι
648 5809 735 5867 τσ.
766 5827 850 5879 γε.
900 5864 905 5869 ι
932 5828 946 5856 ε
985 5813 1202 5887 τίθεμεν
1231 5816 1393 5872 αὐτοῦ
1424 5817 1504 5884 τὸ,
1532 5817 1804 5887 λέγεσθαι.
