4048 6444
285 431 387 486 2“

1668 429 2004 484 EPISTOLA
2046 432 2226 487 XLVI.

3470 433 3584 490 2.4!

288 551 544 615 peccato,
611 539 1017 609 dispensatoris
1093 539 1325 609 quadam
1403 541 1790 610 coiijunetione
1858 540 2029 609 ipsius
2068 542 2175 596 dici
2223 542 2581 597 nihilominus
2637 556 2881 613 possunt.
2956 545 3060 600 Sed
3130 547 3316 602 dicent
3380 550 3579 605 adver-

288 636 416 694 sarii
453 651 468 688 :

355 731 436 782 B'.
475 730 554 783 El
573 727 688 796 μία
725 726 916 792 φύσις
956 723 1058 792 ἦν,
1082 726 1256 793 φησι,
1291 726 1399 778 τοῦ
1433 727 1627 794 Λόγου
1661 739 1886 793 σεσαρ-
1919 725 1965 782 Α

285 823 554 891 νεωμένη,
598 819 772 873 πᾶσά
822 835 950 884 πως
997 819 1230 887 ἀνάγκη
1272 819 1476 887 λέγειν
1521 820 1756 886 φυρμὸν
1798 834 1890 888 γε·

283 915 503 967 νέσθαι
539 910 647 965 καὶ
687 911 1078 978 σύγκρασιν,
1122 909 1492 979 μειουμένης
1535 910 1739 979 ὥσπερ
1790 911 1892 964 καὶ

209 1006 213 1008 Ἴ
285 1003 847 1072 ὑποθρυπτομένης
891 999 1003 1069 τῆς
1031 1002 1139 1056 τοῦ
1189 1001 1508 1070 ἀνθρώπου
1547 1005 1789 1071 φύσεως
1824 1003 1919 1076 ἐν,

281 1112 464 1158 anno.

367 1182 690 1250 ’Πγνόησαν
717 1181 886 1235 πάλιν
929 1183 980 1235 οἱ
1020 1183 1091 1236 τὰ
1136 1183 1276 1254 ὀρθὰ
1311 1185 1765 1255 διαστρέφοντες,
1812 1186 1892 1238 ὃτι

287 1274 427 1326 κατὰ
456 1273 736 1344 ἀλήθειάν
775 1275 893 1326 ἐστι
937 1274 1035 1343 μία
1068 1274 1230 1346 φύσις
1268 1275 1363 1329 τοῦ
1404 1277 1580 1345 Λόγου
1618 1293 1893 1347 σεσαρκω-

289 1366 443 1434 μένῃ,
465 1366 532 1418 Ei
561 1365 680 1435 γὰρ
707 1363 795 1428 εἷς
820 1367 970 1419 ἐστιν
989 1367 1122 1430 Υἱὸς
1149 1369 1178 1420 6
1206 1367 1367 1435 φύσει
1391 1370 1484 1422 καὶ
1513 1369 1732 1441 ἀληθῶς
1766 1371 1794 1424 6
1829 1370 1894 1422 ἐκ

287 1459 414 1511 Θεοῦ
447 1459 684 1528 Πατλρὸς
717 1459 924 1526 Λόγος,
974 1461 1002 1513 6
1037 1461 1368 1532 ἀποῤῥήτως
1411 1462 1729 1532 γεννηθεὶς,
1773 1459 1894 1516 εἶτα

293 1549 421 1602 κατά
437 1550 768 1620 πρόσληψιν
786 1551 1010 1621 σαρκὸς,
1028 1553 1128 1605 οὐκ
1146 1552 1376 1622 ἀψύχου,
1398 1554 1516 1608 ἀλλ’
1534 1556 1717 1626 ὲψυχω
1725 1555 1894 1625 μένης

293 1639 486 1710 νοερῶς
520 1640 814 1710 προῆλθεν
846 1640 1135 1708 ἄνθρωπος
1156 1631 1228 1697 ’ἐκ
1260 1646 1540 1712 γυναικὸς,
1569 1647 1672 1700 οὐκ
1699 1649 1780 1710 εἰς
1800 1646 1894 1699 δύο

291 1730 701 1801 μερισθήσεται
745 1731 839 1784 διὰ.
871 1731 1033 1785 τοῦτο
1071 1734 1345 1803 πρόσωπα
1395 1739 1490 1790 καὶ
1523 1737 1707 1803 υἱοὺς,
1754 1737 1894 1790 ἀλλά

285 1823 605 1893 μεμένηκεν
630 1817 741 1885 εἷς,
771 1822 914 1895 πλὴν
935 1825 1036 1877 οὐκ
1064 1825 1330 1896 ἄσαρκος,
1353 1828 1463 1881 οὐδ’
1485 1828 1591 1892 ἔξω
1615 1829 1891 1900 σώματος.

421 1913 565 1965 ἴδιον
594 1911 742 1983 ἔχων
773 1913 912 1966 αὐτὸ
943 1914 1067 1966 καθ’
1094 1915 1290 1968 ἕνωσιν
1315 1916 1704 1970 ἀδιάσπαστον.
1747 1918 1808 1971 Ὁ
1835 1918 1894 1971 δὲ

284 2003 448 2057 τοῦτο
475 2004 680 2071 λέγων,
709 2004 774 2056 ού
810 2006 1052 2075 φυρμὸν,
1083 2007 1147 2058 οὐ
1172 2007 1456 2076 σύγχυσιν,
1488 2009 1598 2061 οὐδ’
1632 2009 1816 2081 ἕτερόν
1838 2027 1890 2062 τι

296 2095 406 2146 τῶν
427 2097 686 2148 τοιούτων
719 2095 907 2165 πάντη
936 2114 996 2148 τε
1027 2098 1126 2150 καὶ⁸
1153 2099 1372 2162 πάντως
1399 2099 1548 2169 δηλοί
1569 2116 1584 2130 ο
1615 2080 1741 2154 οὔτε
1780 2100 1888 2172 μὴν
1924 2080 1962 2133 Β

306 2186 386 2248 ὡς
419 2187 486 2250 ἒξ
513 2188 796 2253 ἀναγκαίου
823 2188 921 2241 τοῦ
945 2188 1109 2256 λόγου
1135 2189 1292 2243 τοῦτο
1313 2191 1672 2262 ἀκολουθήσει
1700 2192 1884 2247 ποθέν.

315 2278 378 2331 Ei
409 2279 524 2348 γὰρ
559 2280 648 2330 καὶ
672 2275 742 2341 εἷς
770 2279 990 2348 λέγοιτο
1020 2279 1158 2350 πρὸς
1179 2281 1338 2350 ἡμῶν
1374 2282 1402 2332 6
1435 2283 1728 2352 μονογενὴς
1762 2283 1887 2346 Υἱὸς

303 2369 397 2422 τοῦ
436 2369 575 2423 Θεοῦ
612 2369 1034 2441 σεσαρκωμένος
1071 2374 1166 2424 καὶ
1210 2372 1668 2443 ἐνανθρωπήσας,
1701 2375 1761 2427 οὐ
1794 2375 1886 2427 πέ-

295 2478 495 2531 φυρται
518 2461 609 2514 διὰ
633 2461 813 2524 τοῦτο,
848 2461 993 2516 κατὰ
1022 2463 1086 2516 τὸ
1104 2465 1335 2526 ἐκείνοις
1371 2464 1585 2532 δοκοῦν,
1621 2466 1746 2519 οὔτε
1779 2467 1885 2537 μὴν

292 2555 365 2617 εἰς
388 2553 488 2622 τὴν
519 2556 620 2625 τῆς
650 2555 856 2624 σαρκὸς
886 2554 1052 2623 φύσιν
1080 2557 1556 2630 μεταπεφοίτηκεν
1593 2559 1624 2627 ἡ
1663 2557 1757 2611 τοῦ
1783 2559 1886 2612 Λό-

289 2662 381 2710 γου
408 2644 598 2713 φύσις,
621 2645 744 2698 ἀλλ’
757 2646 883 2700 οὐδὲ
901 2648 934 2716 ή
967 2648 1068 2715 τῆς
1098 2649 1305 2718 σαρκὸς
1323 2651 1402 2712 εἰς
1418 2649 1517 2719 τὴν
1539 2649 1704 2704 αὑτοῦ
1727 2668 1739 2679 ·
1767 2650 1882 2704 ἀλλ’

280 2741 340 2790 ἐν
370 2738 604 2809 ἰδιότητι
634 2742 704 2810 τῇ
740 2741 885 2793 κατὰ
910 2740 1075 2809 φύσιν
1115 2742 1379 2812 ἑκατέρου
1417 2743 1671 2812 μένοντος
1702 2761 1761 2797 τε
1789 2747 1884 2798 καὶ

276 2831 607 2901 νοουμένου,
637 2831 787 2886 κατὰ
817 2848 884 2899 γε
917 2833 1009 2886 τὸν
1032 2835 1234 2902 ἀρτίως
1265 2835 1400 2905 ἡμῖν
1431 2835 1766 2890 ἀποδοθέντα
1793 2837 1884 2890 λό-

275 2940 372 2988 γον
395 2963 412 2986 ,
446 2925 722 2994 ὰρῥήτως
774 2925 871 2977 καὶ
917 2925 1214 2994 ἀφράστως
1259 2926 1480 2992 ἐνωθεὶς
1503 2967 1517 2991 ,
1573 2929 1721 2999 μίανι
1751 2931 1884 3000 ἡμῖν

275 3017 482 3081 ἔδειξεν
515 3016 654 3069 Υἱοῦ
687 3016 895 3086 φύσιν;
920 3018 1084 3087 πλὴν,
1126 3017 1204 3082 ὡς
1229 3019 1392 3089 ἔφην,
1429 3021 1878 3093 σεσαρκωμένην.

272 3109 348 3160 ὓὺ
380 3108 496 3179 γὰρ
543 3109 643 3162 ἐπὶ
685 3110 866 3181 μόνων
911 3111 1022 3163 τῶν
1064 3111 1253 3164 ἁπλῶν
1295 3113 1441 3166 κατά
1484 3113 1668 3182 φύσιν,
1716 3114 1780 3168 τὸ
1824 3115 1882 3169 ἓν

279 3200 500 3268 ἀληθῶς
548 3201 799 3269 λέγεται,
849 3203 989 3257 ἀλλὰ
1031 3205 1124 3256 καὶ
1172 3205 1406 3259 ἐπὶτῶν
1451 3207 1589 3260 κατά
1633 3207 1882 3261 σύνθεσιν

287 3292 672 3362 συνηγμένων·
695 3293 881 3347 ὁποῖόν
901 3311 956 3346 τι
976 3294 1172 3365 χρῆμά
1200 3295 1346 3348 ἐστιν
1374 3298 1402 3348 6
1421 3296 1728 3367 ἅνθρωπος,
1767 3299 1796 3350 ὁ
1818 3299 1883 3351 ἐκ

282 3383 460 3452 ψυχῆς
491 3385 593 3436 καὶ
615 3383 894 3452 σώματος.
930 3385 1235 3456 Ἐτεροειδῆ
1269 3388 1366 3456 μὲν
1397 3388 1506 3458 γὰρ
1525 3388 1595 3441 τὰ
1630 3390 1877 3456 τοιαῦτα,

281 3472 376 3525 καὶ
405 3473 672 3544 ἀλλήλοις
703 3475 803 3544 οὐχ
841 3474 1106 3543 ὁμοούσια
1129 3514 1145 3536 ,
1181 3476 1454 3530 ἑνωθέντα
1484 3494 1547 3545 γε
1586 3479 1714 3549 μὴν,
1755 3479 1883 3549 μίαν

275 3561 579 3634 ἀνθρώπου
627 3563 794 3631 φύσιν
837 3565 1212 3618 ἀπετέλεσαν·
1254 3567 1358 3620 κᾶν
1400 3570 1512 3630 τοῖς
1555 3569 1657 3637 τῆς
1697 3569 1884 3622 συνθέ-

280 3670 418 3717 σεως
451 3655 640 3723 λόγοις
679 3655 970 3729 ἐνυπάρχῃ
1012 3657 1075 3708 τὸ
1107 3658 1366 3728 διάφορον
1403 3661 1544 3713 κατά
1586 3661 1684 3731 τὴν
1721 3662 1884 3731 φύσιν

277 3746 388 3796 τῶν
428 3747 514 3808 εἰς
566 3747 801 3814 ἑνότητα
844 3746 1391 3820 συγκεκομισμένων.
1430 3755 1881 3825 Περιττολογοῦσι

277 3839 462 3891 τοίνυν
490 3840 546 3891 οἱ
577 3840 834 3908 λέγοντες
860 3880 876 3905 ,
919 3843 998 3904 ὡς
1028 3844 1187 3914 εἴπερ
1238 3845 1337 3914 μία
1374 3845 1536 3913 φύσις
1580 3848 1676 3900 τοῦ
1704 3849 1880 3916 Λόγου

281 3928 694 3999 σεσαρκωμὲνη
730 3930 818 3999 εἴη
839 3970 856 3994 ,
899 3933 1080 4003 πάντη
1113 3951 1175 3987 τε
1223 3936 1318 3988 καὶ
1345 3936 1564 4002 πάντως
1602 3939 1789 3993 ἕποιτο
1817 3940 1884 3994 ἂν

276 4018 340 4069 τὸ
367 4021 593 4088 φυρμὸν
623 4020 881 4086 γενέσθαι
924 4025 1018 4076 καὶ
1067 4024 1396 4097 σύγκρασιν,
1435 4028 1514 4092 ὡς
1551 4032 1882 4101 μειουμένης

275 4111 371 4162 καὶ
421 4110 921 4182 ὑποκλεπτομένης
968 4115 1070 4184 τῆς
1124 4117 1415 4188 ἀνθρώπου
1465 4122 1700 4189 φύσεως.
1743 4123 1882 4179 Οὔτε

274 4203 384 4271 γὰρ
427 4203 745 4271 μεμείωται
775 4243 788 4266 ,
833 4204 958 4260 οὔτε
1009 4210 1154 4263 καθά
1204 4229 1389 4281 φησιν,
1449 4216 1876 4273 ὑποκλέπτεται·

270 4298 438 4362 ἀρκεῖ
476 4296 594 4364 γὰρ
645 4296 784 4364 πρὸς
827 4297 1062 4370 δήλωσιν
1105 4304 1204 4373 τὴν
1248 4305 1610 4379 τελειωτάτην
1659 4310 1752 4362 τοῦ
1799 4313 1880 4366 ὅτι

272 4386 502 4454 γέγονεν
553 4388 876 4459 ἄνθρωπος,
927 4392 990 4444 τὸ
1026 4393 1228 4462 λέγειν,
1274 4398 1358 4451 ὅτι
1407 4401 1774 4470 σεσάρκωται.
1820 4406 1880 4458 Εἰ

274 4479 372 4545 μὲν
399 4481 521 4550 γὰρ
559 4481 728 4534 τοῦτο
774 4484 1038 4555 σεσίγητο
1068 4488 1198 4559 παρ’
1231 4492 1262 4559 ὴ
1274 4491 1412 4559 μῶν,
1459 4493 1618 4564 ἔσχεν
1663 4497 1728 4549 ἄν
1757 4514 1880 4551 τινα

270 4573 461 4643 χώραν
501 4574 702 4638 αὐτοῖς
732 4578 764 4647 ὴ
820 4580 1174 4646 συκοφαντία..
1217 4582 1436 4656 Ἐπειδὴ
1473 4586 1530 4638 δὲ
1563 4588 1880 4658 ἀναγκαίως

270 4667 797 4736 προσεπενήνεκται
820 4708 833 4731 ,
857 4669 916 4722 τὸ
938 4671 1017 4723 ὅτι
1046 4673 1422 4744 σεσάρκωται,
1451 4677 1554 4730 ποῦ
1583 4682 1682 4750 τῆς
1721 4682 1878 4752 paid)-

268 4773 408 4822 σεως
440 4759 569 4828 ἢτοι
613 4757 827 4828 κλοπῆς
855 4763 884 4813 6
911 4763 1148 4832 τρόπος;

2065 724 2130 777 ll.
2157 723 2214 778 Si
2242 741 2348 778 una
2378 735 2450 778 est
2477 735 2674 780 natura
2698 726 2846 780 Verbi
2885 729 3190 792 incarnata,
3231 735 3444 784 omnino
3491 751 3583 788 ne-

1995 833 2134 870 cesse
2164 826 2237 871 est
2258 817 2429 870 dicere
2463 820 2850 888 permistionem
2884 821 3344 892 confusioncmque
3383 825 3581 893 factam

1997 910 2176 977 fuisse,
2229 911 2511 964 imminuta
2563 912 2952 979 quodammodo
2989 914 3043 966 in
3091 915 3204 983 ipso
3244 924 3402 974 atque
3455 919 3578 970 sub-

1995 1006 2172 1052 tracta
2189 1001 2414 1053 hor-uiuis
2444 1008 2660 1053 natura.

2068 1178 2280 1234 Rursus
2322 1179 2577 1249 ignorant
2616 1182 2709 1250 qui
2755 1189 2904 1236 recta
2941 1191 3268 1252 pervertunt
3319 1184 3382 1247 ",
3414 1202 3576 1239 unam

1997 1287 2191 1325 revera
2237 1288 2360 1327 esse
2413 1283 2665 1328 naturam
2711 1275 2875 1328 Verbi
2917 1276 3279 1330 incarnatam.
3325 1277 3381 1330 Si
3429 1278 3578 1332 enim

1998 1379 2141 1418 unus
2175 1374 2260 1418 est
2317 1365 2504 1420 Filius.
2547 1365 2638 1418 ille
2675 1373 2871 1420 natura
2908 1382 2971 1421 ac
3003 1381 3152 1432 vere,
3192 1368 3329 1422 illud
3377 1386 3444 1424 ex
3468 1370 3582 1424 Deo

1997 1455 2156 1509 Patre
2184 1455 2422 1509 Verbum
2450 1455 2804 1510 inellabiliter
2837 1459 3106 1528 genitura,
3141 1461 3235 1530 qui
3267 1460 3466 1515 deinde
3490 1478 3577 1516 se-

1995 1547 2238 1601 cundum
2260 1549 2692 1616 assumptionem
2726 1551 2908 1604 carnis
2942 1566 3049 1604 non
3095 1552 3428 1615 inanimatae,
3483 1554 3578 1607 sed

1997 1640 2340 1709 intelligente
2383 1641 2565 1696 anima
2626 1643 2870 1712 prmdita:
2903 1643 3108 1712 prodiit
3135 1645 3296 1697 homo
3330 1643 3485 1714 1&3
3514 1660 3579 1698 ex

1997 1732 2249 1796 muliere,
2280 1751 2388 1788 non
2411 1742 2702 1804 propterea
2749 1737 2802 1789 in
2838 1736 2975 1790 duas
3027 1752 3290 1805 personas
3332 1735 3582 1804 duosque

1998 1823 2140 1878 iiIi-os
2171 1824 2473 1890 dividetur,
2507 1841 2632 1880 cum
2659 1827 3026 1895 permanserit
3055 1843 3224 1887 unus.
3262 1842 3369 1880 non
3397 1835 3578 1880 tamen

1996 1914 2116 1968 sine
2139 1930 2302 1968 carne
2345 1923 2439 1968 aut
2472 1924 2624 1969 extra
2659 1932 2881 1986 corpus,
2927 1917 3022 1970 sed
3069 1916 3249 1985 ipsum
3295 1916 3577 1984 proprium

1998 2006 2228 2068 habens,
2269 2020 2370 2074 per
2421 2006 2689 2061 unitatem
2750 2022 2873 2076 quas
2927 2006 3163 2062 distrahi
3213 2007 3366 2060 nullo
3418 2007 3580 2060 modo

1995 2097 2187 2166 possit.
2219 2097 2324 2164 Qui
2347 2108 2530 2152 autem
2563 2099 2669 2154 hoc
2701 2100 2856 2164 dicit,
2898 2100 2942 2153 is
2980 2101 3134 2154 nnllo
3163 2115 3388 2168 prorsus
3417 2099 3581 2153 modo

1997 2187 2434 2254 permistionem,
2461 2197 2555 2241 aut
2583 2188 2986 2251 confusionem;
3013 2196 3108 2242 aut
3129 2187 3401 2257 ejusmodi
3432 2186 3578 2240 aliud

1996 2276 2266 2346 signiﬁcat
2301 2294 2312 2328 :
2343 2293 2522 2346 neque
2549 2279 2604 2332 id
2639 2295 2834 2334 rursus
2856 2288 3116 2348 tanquam
3160 2296 3228 2334 ex
3269 2280 3578 2336 necessaria

1995 2370 2210 2424 ratione
2246 2371 2358 2424 ullo
2387 2372 2553 2425 modo
2581 2381 2975 2440 conscqnewr.
3003 2372 3160 2433 Nam,
3183 2373 3404 2426 etiamsi
3437 2388 3579 2426 unus

1994 2463 2213 2516 dicatur
2244 2478 2272 2516 a
2301 2461 2464 2516 nobis
2488 2461 2807 2532 unigenitus
2838 2462 3012 2516 Filius
3053 2461 3151 2516 Dei
3179 2461 3500 2516 incarnatus
3525 2472 3576 2517 et

1995 2557 2161 2610 homo
2204 2554 2400 2619 factus,
2427 2571 2540 2610 non
2579 2562 2869 2624 pmpterea
2907 2555 3204 2624 permistus
3223 2563 3328 2616 est,
3383 2563 3444 2609 ut
3499 2555 3575 2608 illi

1994 2659 2210 2722 putant,
2270 2665 2450 2718 neque
2501 2649 2555 2702 in
2614 2649 2796 2703 carnis
2837 2660 3086 2701 naturam
3145 2648 3364 2701 transiit
3415 2647 3573 2701 Verbi

1994 2753 2209 2806 natura,
2269 2757 2450 2810 neque
2492 2755 2684 2794 rursus
2727 2748 2926 2793 natura
2971 2740 3157 2794 carnis
3207 2739 3262 2792 in
3289 2739 3453 2793 Verbi
3478 2755 3577 2792 na-

1994 2843 2171 2888 turam
2210 2851 2222 2886 :
2250 2833 2368 2898 sed,
2400 2848 2525 2887 cum
2569 2840 2863 2900 utrumque
2896 2829 2952 2884 in
2983 2847 3078 2883 sua
3111 2829 3446 2900 proprietate
3476 2845 3574 2884 na‘

1994 2926 2157 2982 turali
2190 2932 2511 2995 permaneat
2535 2935 2592 2979 ct
2616 2921 3019 2985 consideretur,
3045 2922 3201 2990 juxta
3237 2921 3504 2974 rationem
3545 2937 3574 2973 a

1992 3019 2154 3074 nobis
2176 3018 2340 3089 paulo
2361 3024 2489 3071 ante
2513 3015 2806 3077 redditam,
2839 3013 3194 3067 ineﬂ'abiliter
3256 3019 3313 3066 et
3341 3009 3573 3080 inexpli-

1991 3112 2246 3166 cabilitcr
2271 3110 2509 3172 unitum,
2562 3123 2725 3162 unam
2757 3106 2919 3161 nobis
2954 3105 3074 3159 Filii
3106 3112 3356 3158 naturam
3386 3113 3574 3157 osten-

1991 3207 2092 3269 dit,
2121 3205 2238 3268 sed,
2267 3213 2329 3259 ut
2353 3203 2614 3264 diximus,
2653 3201 3013 3254 incarnatam.
3042 3199 3158 3253 Non
3187 3198 3336 3253 enim
3369 3198 3570 3267 ipsum,

1993 3296 2266 3361 unum,in
2292 3291 2388 3349 his
2409 3293 2540 3348 solis
2557 3306 2680 3360 qua}
2710 3289 3012 3348 secundum
3051 3299 3302 3342 naturam
3357 3287 3571 3357 simpli—

1991 3391 2076 3444 cia
2100 3393 2248 3449 sunt,
2272 3399 2401 3439 vere
2428 3382 2654 3443 dicitur,
2710 3381 2805 3434 sed
2869 3379 2922 3432 in
2954 3379 3042 3431 his
3097 3378 3262 3432 etiam
3293 3393 3416 3446 qua:
3445 3385 3574 3430 sunt

1991 3499 2087 3552 per
2112 3477 2569 3548 compositionem
2594 3474 2925 3543 conjuncta;
2959 3469 3267 3540 cujusmodi
3301 3477 3385 3522 est
3408 3469 3597 3521 homo

1989 3593 2053 3630 ex
2087 3574 2272 3627 anima
2301 3577 2559 3624 constans
2589 3577 2645 3621 et
2669 3579 2924 3634 corpore.
2989 3564 3122 3617 Nam
3178 3559 3450 3630 ejusmodi
3486 3575 3573 3612 res

1988 3682 2114 3723 cum
2141 3663 2372 3719 alterius
2397 3662 2509 3717 sint
2531 3659 2758 3730 Speciei,
2790 3667 2850 3712 et
2885 3655 3111 3710 minime
3151 3651 3398 3724 ejusdem
3429 3651 3572 3705 inter

1988 3775 2048 3814 se
2077 3758 2352 3820 essentim,
2385 3765 2564 3809 tamen
2597 3767 2722 3807 cum
2749 3750 2917 3805 unita:
2946 3754 3094 3807 sunt,
3132 3759 3294 3798 unam
3331 3741 3572 3801 hominis

1988 3861 2242 3906 naturam
2281 3848 2611 3911 absolvunt;
2657 3843 2908 3915 quamvis
2952 3839 3096 3895 adsit
3125 3837 3178 3891 in
3219 3834 3565 3904 compositie‘

1988 3946 2075 3999 nis
2121 3944 2334 3999 ratione
2388 3940 2728 4004 diﬂerentia,
2769 3935 3074 3992 secundum
3099 3940 3354 3986 naturam
3391 3944 3570 3982 rerum

1985 4036 2056 4090 ad
2121 4035 2392 4089 unitatem
2460 4027 2933 4086 concurrentium.
2995 4023 3347 4092 Supervacue
3406 4018 3570 4086 igitur

1986 4127 2387 4183 ratiocinantur
2407 4124 2502 4193 qui
2530 4128 2808 4183 asserunt,
2851 4119 2895 4172 si
2925 4133 3034 4172 una
3072 4115 3142 4169 sit
3177 4122 3372 4168 natura
3404 4109 3567 4163 Verbi

1987 4220 2292 4280 incarnata,
2331 4229 2560 4285 prorsus
2614 4210 2880 4280 consequi
2938 4205 3352 4278 permistionem
3403 4211 3568 4269 atque

1984 4312 2365 4366 confusionem
2418 4309 2616 4362 factam
2681 4304 2892 4365 fuisse,
2956 4299 3245 4353 imminuta
3305 4294 3565 4347 nimirum

1983 4413 2148 4472 atque
2177 4401 2462 4456 subtracta
2494 4394 2738 4450 hominis
2785 4401 2999 4447 natura.
3035 4389 3225 4457 Neque
3269 4387 3416 4442 enim
3470 4386 3557 4437 im-

1986 4499 2199 4551 minuta
2250 4508 2431 4561 neque
2484 4489 2766 4544 subtracta
2810 4493 2916 4548 est,
2964 4492 3026 4537 ut
3071 4483 3268 4537 aiunt:
3314 4495 3437 4534 nam
3499 4477 3564 4530 ad

1984 4587 2304 4661 plenissime
2326 4582 2719 4639 declarandum
2742 4578 2886 4650 quod
2917 4578 2991 4632 sit
3023 4576 3200 4632 factus
3255 4575 3440 4635 homo,
3479 4590 3564 4625 sa»

1986 4684 2054 4737 tis
2082 4689 2166 4736 est
2189 4678 2349 4733 fateri
2381 4675 2516 4730 illud
2568 4673 2737 4727 fuisse
2791 4673 3159 4725 incarnatnm.
3189 4667 3301 4720 lloc
3321 4665 3469 4720 enim
3523 4664 3566 4717 si

1913 4773 1956 4827 D
1987 4793 2016 4829 a
2049 4773 2208 4828 nobis
2243 4776 2541 4827 taceretur,
2576 4764 2848 4818 haberent
2872 4763 3052 4816 locum
3093 4759 3332 4829 aliquem
3372 4772 3566 4810 eorum

263 4851 594 4906 calumniae.
653 4851 793 4907 Cum
849 4871 984 4910 vero
1014 4861 1326 4915 necessario
1365 4863 1720 4933 subjunctum
1779 4870 1868 4933 sit,
1909 4871 2254 4925 incarnatum
2303 4877 2447 4926 0856,
2499 4857 2729 4913 ubinam
2801 4855 2950 4910 Ullus
3009 4849 3412 4917 imminutionis
3435 4849 3566 4904 Sub-

273 4944 643 5015 traetion‘isve
674 4947 874 5003 modus
898 4950 1126 5008 relictus
1145 4953 1273 5008 est?

321 5039 412 5092 ‘l".
447 5039 522 5091 Εὶ
564 5040 822 5106 τέλειος,
872 5045 1046 5112 φησι,
1087 5047 1232 5113 Θεὸς
1263 5052 1296 5103 ό
1327 5052 1584 5118 Χριστὸς
1607 5093 1619 5114 ,
1653 5057 1748 5108 καὶ
1786 5059 1874 5109 τέ-

261 5131 424 5194 ⁸λειος
445 5131 773 5199 ἄνθρωπος
795 5137 828 5187 ό
850 5135 1036 5201 αὐτὸς
1056 5139 1404 5207 morigerae,
1431 5145 1529 5196 καὶ
1553 5148 1874 5213 ὀμοούσιος

261 5221 377 5284 μὲν
405 5221 498 5286 τῷ
533 5225 725 5290 Πατρι
770 5226 926 5279 κατὰ
981 5227 1098 5293 τὴν
1129 5233 1381 5300 θεότητιι
1403 5275 1415 5297 ,
1459 5238 1611 5290 κατὰ
1651 5238 1720 5290 δὲ
1756 5241 1872 5307 τὴν

261 5309 714 5378 ἀνθρωπότητα
763 5318 1090 5387 όμοούσιος
1137 5323 1302 5391 ἡμῖν,
1345 5326 1465 5380 ποῦ
1512 5329 1578 5381 τό
1617 5328 1870 5396 τέλειον,

261 5405 312 5452 εὶ
337 5404 563 5470 μηκέτι
594 5406 955 5479 ῠφέσκηκεν
979 5413 1017 5481 ἡ
1044 5414 1366 5484 ἀνθρώπου
1393 5419 1581 5487 φύσις
1604 5437 1622 5483 ;
1649 5423 1776 5477 Ποῦ
1807 5423 1876 5477 δὲ

266 5497 364 5551 καὶ
409 5498 480 5551 τὸ
514 5502 850 5567 ὁμοούσιον
899 5507 1065 5573 ἡμῖν,
1097 5511 1151 5562 εὶ
1190 5511 1402 5577 μηκέτι
1445 5497 1794 5584 ὐφέσέηκεν
1831 5517 1870 5585 ή

264 5589 469 5646 gavia.
501 5591 656 5658 ὅπερ
688 5591 863 5649 ἐστὶν
893 5598 932 5665 ή
960 5599 1092 5667 .6150
1095 5619 1149 5667 ις
1180 5603 1348 5672 ἡμῶν
1372 5621 1390 5668 ἶ

351 5684 406 5735 Ἀ
419 5688 546 5753 ριεί
583 5687 678 5738 καὶ
708 5687 919 5754 τούτοις
946 5692 1024 5756 εἰς
1049 5692 1378 5766 διασάφησιν
1401 5699 1433 5767 ἡ
1459 5698 1550 5751 ἐπὶ
1580 5699 1657 5770 τῷ
1681 5717 1875 5783 προτε·

341 5880 387 5912 ⁵⁵
418 5881 590 5938 Mich.
629 5901 708 5945 ιιι.
739 5885 771 5938 9

2057 5053 2145 5107 lii.
2183 5050 2239 5105 Si
2272 5049 2534 5111 Christus,
2573 5046 2766 5116 inquit,
2824 5041 3082 5112 perfectus
3128 5037 3286 5097 Deus,
3329 5037 3566 5106 idemqur

1985 5147 2242 5215 perfectus
2276 5144 2430 5196 homo
2463 5138 2804 5210 intelligitur,
2837 5143 2885 5187 et
2915 5129 3374 5185 consubstantialis
3413 5127 3566 5182 Patri

1981 5238 2267 5292 secundum
2299 5235 2652 5295 divinitatem,
2701 5226 2990 5284 secundum
3018 5221 3406 5276 [summitatem
3443 5235 3563 5272 vero

1981 5327 2451 5386 consubstantialis
2479 5327 2646 5389 nobis,
2683 5323 2904 5376 ubinam
2925 5324 3002 5370 est
3029 5313 3296 5385 perfectio,
3325 5313 3370 5364 si
3394 5314 3550 5365 homi-

1983 5427 2062 5479 nis
2097 5432 2294 5478 naturu
2331 5437 2436 5473 non
2461 5415 2733 5472 substitit?
2765 5411 2858 5467 Ubi
2893 5409 3053 5462 etiam
3091 5405 3274 5460 eadem
3301 5405 3564 5457 uobiscum

1979 5516 2298 5579 substantia,
2334 5515 2379 5565 si
2409 5512 2509 5581 ipsi
2539 5525 2641 5560 non
2653 5508 2774 5576 jam
2796 5502 3026 5560 substitit
3071 5499 3315 5562 essentia,
3362 5499 3454 5551 hoc
3492 5505 3564 5548 est

1983 5616 2163 5663 nostra
2195 5613 2392 5660 natura
2417 5603 2441 5654 .9

2053 5698 2135 5753 Ad
2185 5697 2381 5752 horum
2439 5705 2658 5762 quoque
2700 5685 3134 5742 declarationem
3181 5680 3322 5737 satis
3365 5688 3450 5732 est
3499 5691 3560 5729 ca
