4048 6460
531 419 639 477 24⁸5

1559 414 1618 470 S.
1657 414 1932 471 CYRILLI
1971 414 2445 476 ALEXANDR-INI
2482 419 2802 480 ARCHIEP.

3707 430 3820 488 944

533 549 657 606 qua:
687 533 756 588 ad
810 544 1069 602 superius
1109 537 1274 600 caput
1320 528 1484 585 allata
1517 541 1601 585 est
1638 530 1861 595 solutio,
1905 545 2003 585 seu
2036 545 2125 586 re-

2230 536 2486 607 ταγμὲνῳ
2528 538 2812 610 κεφαλαίῳ
2855 538 3038 605 λύσις,
3071 541 3240 613 ἤγουν
3278 542 3564 613 ἀπολογία.
3616 547 3681 600 Εἰ
3713 549 3819 618 μδν

533 624 776 697 sponsio.
800 624 935 679 Nam
961 622 1006 677 si
1033 621 1282 678 dicentes
1313 636 1478 676 unam
1525 621 1690 676 Verbi
1721 631 1999 687 naturam,
2028 630 2112 676 ta-

531 719 842 772 euissemus
863 730 927 770 ac
953 714 1182 769 minime
1207 713 1670 784 adjnnxissemus,
1719 712 1879 785 144
1928 713 2113 768 incar-

533 820 742 875 natam,
768 810 992 865 excluso
1024 807 1427 878 propemodum
1458 807 1889 877 dispensationis
1915 815 2117 878 myste-

535 903 639 965 rio,
665 911 810 956 esset
835 901 1056 955 illorum
1081 898 1314 953 fortasse
1341 897 1520 952 oratio
1577 912 1688 952 non
1721 897 1928 968 inepta,
1981 898 2116 952 dum

536 994 881 1063 interrogare
907 1007 965 1046 se
989 991 1248 1047 simulant
1276 1007 1288 1042 :
1313 989 1546 1044 Ubinam
1581 998 1667 1046 est
1692 989 1746 1043 in
1771 989 2117 1044 humanitate

534 1084 824 1154 perfectio,
845 1093 936 1138 aut
955 1081 1231 1152 quomodo
1247 1079 1495 1134 substitit
1517 1079 1608 1134 illa
1628 1086 1818 1134 nostra
1841 1077 2119 1134 essentia?

537 1176 646 1231 Sed
676 1178 804 1247 quia
827 1185 882 1231 et
904 1175 994 1229 illa
1026 1175 1084 1230 in
1109 1172 1452 1228 humanitate
1493 1171 1783 1243 perfectio,
1833 1179 1891 1226 et
1924 1186 2119 1226 essen-

538 1266 629 1323 tiae
648 1275 851 1322 nostrae
873 1266 1194 1331 declaratio,
1235 1265 1386 1318 illata
1410 1271 1494 1319 est
1515 1264 1646 1318 dum
1675 1263 1914 1318 dicimus
1934 1262 2120 1317 incar-

534 1368 742 1424 natam,
780 1360 1037 1414 desinant
1071 1357 1270 1413 baculo
1320 1357 1484 1411 inniti
1519 1355 1847 1411 arundinea.
1880 1354 1931 1410 Is
1972 1355 2122 1410 enim

534 1453 965 1521 quiexcluderet
992 1450 1427 1523 dispensationis
1455 1450 1804 1522 mysterium,
1865 1449 2124 1503 incarna-

537 1543 855 1612 tionemque
878 1549 1126 1614 negaret,
1157 1542 1286 1613 jure
1313 1541 1538 1612 coargui
1564 1549 1753 1611 posset
1785 1548 2050 1609 tanquam
2091 1553 2124 1592 a

536 1633 675 1688 Filio
716 1633 1017 1704 perfectam
1067 1633 1468 1688 humanitatem
1513 1632 1778 1688 auferret.
1823 1631 1932 1686 Sed
1959 1629 2026 1695 si,
2064 1638 2126 1684 ut

531 1723 640 1793 jam
671 1724 806 1789 dixi,
830 1724 885 1779 in
912 1740 979 1780 eo
1005 1724 1152 1794 quod
1172 1724 1326 1778 illum
1351 1723 1698 1778 incarnatum
1720 1737 1842 1778 esse
1865 1720 2122 1785 dicimus,

535 1817 823 1887 perspicua
845 1825 902 1873 et
928 1824 1080 1873 certa
1118 1815 1395 1872 confessio
1417 1815 1758 1878 continetur,
1789 1829 1898 1884 qua
1957 1813 2125 1869 etiam

535 1908 815 1964 hominem
841 1924 963 1964 esse
989 1908 1196 1963 factum
1241 1907 1590 1978 profitemur,
1626 1905 1766 1960 nihil
1808 1907 1922 1976 jam
1957 1903 2123 1958 intel-
2155 1888 2196 1943 Β

534 1999 708 2070 ligere
733 1998 1014 2070 prohibet,
1048 1997 1354 2063 Christum,
1382 2011 1507 2051 cum
1551 1997 1624 2052 sit
1673 2011 1818 2050 unus
1857 2009 1922 2050 ac
1973 1995 2125 2050 solus

536 2087 704 2153 ﬁlius,
719 2087 977 2144 eumdem
993 2087 1168 2144 Deum
1192 2102 1314 2144 esse
1329 2096 1387 2143 et
1409 2087 1710 2150 hominem,
1736 2094 1798 2140 ut
1815 2085 1870 2138 in
1895 2085 2120 2150 deitate,

536 2180 612 2235 ita
643 2179 811 2234 etiam
842 2180 900 2237 in
924 2179 1269 2235 humanitate
1299 2179 1627 2250 perfectum.
1661 2177 1988 2232 Rectissime
2022 2192 2124 2232 au-

535 2279 649 2328 tem
681 2288 746 2328 ac
769 2272 1173 2342 sapientissime
1215 2280 1309 2326 tua
1335 2271 1630 2342 prudentia
1656 2271 1927 2324 rationem
1973 2269 2122 2324 salu—

534 2362 712 2418 tiferae
756 2362 1030 2434 passionis
1051 2363 1330 2434 exposuit,
1372 2360 1722 2433 unigenitum
1771 2361 1869 2416 Dei
1921 2361 2123 2417 Filium

533 2468 646 2509 non
676 2470 744 2510 ex
763 2470 830 2510 eo
854 2453 1002 2526 quod
1027 2454 1355 2525 intelligitur
1381 2463 1439 2510 et
1459 2464 1544 2510 est
1563 2454 1730 2518 Deus,
1763 2453 1822 2508 in
1857 2467 1956 2508 sua
2016 2469 2121 2508 na-

535 2555 660 2601 tura
688 2546 1019 2603 sustinuisse
1068 2547 1323 2617 corporis
1355 2547 1644 2616 passiones
1672 2545 1970 2611 afﬁrmans,
2024 2545 2123 2601 sed

534 2655 757 2711 passum
783 2640 966 2711 potius
995 2639 1248 2695 terrestri
1275 2647 1470 2694 natura
1501 2656 1516 2705 ;
1546 2655 1674 2694 nam
1701 2639 1796 2693 uni
1830 2648 1886 2693 et
1919 2653 2121 2694 secun-

536 2731 668 2784 dum
699 2732 990 2787 veritatem
1011 2731 1150 2786 Filio
1185 2740 1485 2802 utrumque
1530 2731 1848 2786 necessario
1890 2745 2121 2786 servan-

537 2823 669 2878 dum
714 2823 840 2887 fuit,
887 2833 952 2879 ut
999 2833 1054 2879 et
1107 2824 1334 2878 minime
1380 2832 1666 2894 pateretur
1713 2823 2018 2890 divinitus,
2067 2831 2124 2878 et

538 2927 734 2982 passus
750 2913 1030 2969 diceretur
1059 2913 1377 2968 humanitus
1406 2931 1418 2967 :
1443 2914 1615 2984 ipsius
1639 2914 1786 2968 enim
1810 2930 1940 2969 caro
1963 2930 2122 2984 passa

538 3013 643 3058 est.
680 3003 786 3058 Sed
832 3003 910 3058 illi
943 3019 1161 3058 rursum
1209 3005 1571 3069 arbitrantur,
1631 3020 1731 3074 per
1769 3004 1931 3061 hoca
1962 3003 2125 3060 nobis

539 3097 689 3151 illam
719 3111 842 3166 quae
864 3097 1008 3166 apud
1025 3112 1122 3152 eos
1149 3097 1511 3167 Theopathia,
1539 3098 1645 3152 hoc
1667 3105 1773 3160 est,
1802 3097 1900 3151 Dei
1923 3099 2120 3168 passio,

2215 624 2325 694 γὰρ
2356 625 2486 696 μίαν
2507 627 2752 692 εἰπόντες
2773 629 2874 700 τὴν
2899 627 3062 698 φύσιν
3080 629 3174 684 τοῦ
3205 631 3379 700 Λόγου
3415 635 3818 706 σεσιγήκαμεν,

2215 716 2317 770 οὑκ
2349 717 2739 785 ἐπενεγκόντες
2782 720 2870 784 τὸ,
2907 722 3376 795 σεσαρκωμένην,
3409 723 3530 778 ἀλλ’
3565 723 3684 780 οἷον
3708 726 3822 792 ἔξω

2217 806 2402 871 θέντες
2433 808 2532 880 τὴν
2569 811 2904 882 οἰκονομίαν,
2945 808 3014 885 ἦν
3055 815 3242 878 αὐτοῖς
3269 815 3411 884 τάχα
3444 833 3550 870 που
3581 817 3678 871 καὶ
3709 819 3822 872 οὑκ

2217 899 2482 964 ἀπίθανος
2507 902 2537 954 ό
2564 903 2743 972 λόγος,
2789 907 3285 976 προσποιουμένοις
3330 909 3575 979 ἐροκᾷνο
3611 909 3722 963 Ποῦ
3755 911 3823 964 τδ

2217 992 2422 1049 τέλειον
2444 996 2502 1048 ἐν
2521 995 2921 1067 ἁνθρωπότητι,
2946 997 2980 1068 ἢ
3007 999 3125 1062 πῶς
3145 999 3453 1071 ὑφέστηκεν
3477 1003 3511 1072 ἡ
3529 1001 3648 1054 καθ’
3665 1005 3825 1072 ἡμᾶς

2218 1083 2409 1152 nimia;
2452 1086 2672 1158 Ἐπειδὴ
2701 1087 2757 1140 δὲ
2787 1088 2883 1141 καὶ
2913 1089 2945 1157 ἡ
2987 1088 3047 1142 ἐν
3093 1089 3474 1161 ἀνθρωπότητι
3502 1093 3823 1162 τελειότηςν

2220 1174 2440 1244 καὶτῆς
2468 1175 2591 1228 καθ’
2621 1177 2770 1246 ἡμᾶς
2797 1177 2984 1240 οὐσίας
3013 1178 3046 1248 ἡ
3084 1177 3339 1248 δήλωσις,
3389 1181 3824 1251 εἰσκεκόμισται

2221 1263 2310 1318 διὰ
2341 1263 2436 1317 τοῦ
2470 1264 2650 1332 λέγειν
2690 1265 3144 1337 σεσαρκωμένην,
3190 1267 3598 1322 παυσάσθωσαν
3636 1269 3825 1327 καλα-

2227 1357 2392 1427 μίνην
2424 1355 2620 1427 ῥάὅδον
2644 1357 2857 1421 ἑαυτοῖς
2886 1359 3318 1429 ὑποστήσαντες.
3348 1359 3457 1414 Τοῦ
3483 1361 3594 1433 γὰρ
3613 1362 3793 1417 ἐκϐἀλ
3821 1397 3826 1401 -

2223 1448 2410 1512 λοντος
2439 1448 2540 1519 τὴν
2576 1449 2914 1518 οἰκονομίαν,
2951 1451 3048 1504 καὶ
3095 1452 3434 1522 ἀρνουμένου
3463 1453 3562 1524 τὴν
3589 1455 3826 1526 σαρκω-

2227 1557 2331 1603 σιν,
2367 1535 2438 1612 ἦν
2479 1540 2543 1594 τὸ
2595 1541 2948 1609 ἐγκαλεῖσθαι
3005 1541 3234 1607 δικαίως
3266 1544 3675 1616 ἀφαιρουμένου
3716 1546 3825 1600 τὸν

2227 1633 2354 1686 Υἰὺν
2385 1634 2484 1704 τῆς
2511 1633 2722 1697 τελείας
2766 1625 3222 1706 ἀνθρωπότητος.
3259 1638 3323 1690 Εἰ
3351 1638 3430 1703 δὲ,
3459 1637 3538 1702 ὡς
3563 1638 3720 1711 ἔφην,
3755 1641 3824 1694 ἐν

2226 1725 2304 1796 τῷ
2338 1725 2723 1796 σεσαρκῶσθαι
2752 1725 2934 1795 λέγειν
2961 1727 3148 1791 αὑτὸν,
3193 1729 3372 1799 σαφής
3410 1745 3472 1782 τε
3513 1729 3609 1782 καὶ
3633 1732 3827 1800 ἀναμ-

2229 1817 2444 1885 φίσολος
2471 1818 2505 1887 ἡ
2535 1817 2802 1888 ὁμολογία
2819 1817 2937 1883 τοῦ,
2964 1818 3047 1871 ὅτι
3078 1819 3302 1889 γέγονεν
3330 1819 3636 1890 ἄνθρωπος,
3660 1821 3826 1876 οὑδὲν

2227 1906 2307 1960 ἔτι
2341 1905 2542 1960 κωλύει
2571 1910 2735 1972 νοεῖν,
2769 1909 2846 1970 ὡς
2885 1904 2968 1971 εἷς
3003 1909 3268 1980 ὑπάρχων
3299 1911 3396 1965 καὶ
3429 1912 3589 1982 μόνος
3627 1911 3764 1978 Υἰδς
3792 1916 3827 1968 ὁ

2225 1999 2483 2070 Χριστὸς,
2524 2000 2685 2064 αὐτὸς
2723 1999 2857 2064 Θεός
2895 2003 3013 2055 ἐστι
3050 2002 3144 2056 καὶ
3173 2003 3495 2073 ἄνθρωπος,
3527 2003 3716 2076 ὥσπερ
3761 2007 3826 2059 ἐν

2225 2085 2440 2157 θεότητι
2477 2087 2720 2152 τέλειος,
2758 2089 2904 2144 οὕτω
2937 2090 3034 2144 καὶ
3071 2093 3132 2144 ἐν
3175 2091 3579 2164 ἀνθρωπότητι.
3624 2094 3828 2167 Ὀρθό-

2224 2197 2361 2233 τατα
2393 2180 2452 2232 δὲ
2497 2182 2592 2234 καὶ
2637 2181 2781 2235 πάνυ
2826 2181 3067 2246 συνετῶς
3095 2185 3128 2254 ἡ
3158 2182 3225 2255 σὴ
3260 2184 3537 2257 τελειότης
3561 2186 3656 2242 τὸν
3685 2189 3828 2258 περὶ

2223 2271 2320 2325 τοῦ
2353 2272 2623 2344 σωτηρίου
2670 2273 2878 2338 πάθους
2915 2273 3220 2329 ἐκτέθειται
3255 2275 3416 2344 λόγον
3437 2292 3450 2304 ·
3512 2278 3615 2331 οὐκ
3649 2279 3828 2333 αὑτὸν

2225 2364 2317 2418 τὸν
2361 2364 2626 2434 μονογενῆ
2652 2363 2747 2418 τοῦ
2792 2364 2930 2419 Θεοῦ
2968 2366 3099 2419 Υἰὸν
3137 2366 3274 2421 καθὸ
3317 2370 3524 2422 νοεῖται
3565 2369 3662 2424 καὶ
3693 2369 3828 2424 ἐστι

2224 2459 2380 2522 Θεὸς,
2401 2459 2595 2513 παθεῖν
2610 2461 2690 2522 είς
2713 2459 2849 2513 ἰδίαν
2871 2459 3032 2529 φύσιν
3048 2459 3116 2514 τὰ
3133 2458 3384 2532 σώματος
3403 2462 3825 2534 ἰσχυριζομένη,

2225 2550 2421 2604 παθεῖν
2465 2550 2522 2604 δὲ
2571 2550 2774 2620 μᾶλλον
2817 2554 2882 2622 τῇ
2913 2555 3072 2623 χοῖκῇ
3108 2551 3310 2621 φύσει·
3341 2552 3457 2607 -ἐδει
3486 2553 3596 2624 γὰρ
3639 2555 3827 2623 ἀναγ-

2225 2643 2397 2706 καίως
2420 2643 2708 2716 ἀμφότερα
2741 2642 3009 2707 σώζεσθαι
3040 2644 3118 2715 τῷ
3149 2645 3230 2696 ἐνὶ
3257 2645 3351 2698 καὶ
3390 2647 3532 2700 κατὰ
3553 2645 3828 2716 ἀλήθειαν

2225 2735 2362 2806 Υίῷ,
2397 2735 2491 2791 καὶ
2509 2735 2571 2789 τὸ
2601 2735 2676 2808 μὴ
2711 2736 2942 2805 πάσχειν
2968 2735 3188 2801 θεῖκῶς,
3218 2736 3394 2790 καὶτὸ
3425 2736 3683 2804 λέγεσθαι
3709 2755 3830 2791 πα-

2227 2827 2344 2881 θεῖν
2371 2825 2733 2899 ἀνθρωπίνως
2753 2842 2765 2856 ’
2793 2828 2827 2897 ἠ
2854 2825 3018 2880 αὐτοῦ
3047 2825 3158 2897 γὰρ
3181 2825 3418 2880 πέπονθε
3458 2827 3616 2898 σάρξ.
3670 2819 3831 2882 Ἀλλ’

2223 2920 2428 2973 οἴονται
2462 2917 2626 2972 πάλιν
2674 2919 2872 2970 ἐκεῖνοι
2918 2917 3019 2988 τὴν
3058 2917 3404 2986 καλουμένην
3453 2919 3587 2988 παρ’
3628 2917 3829 2982 αὐτοῖς

2225 3010 2597 3076 Θεοπόιθειαν,
2631 3010 2780 3080 ἡμᾶς
2837 3009 3124 3079 εἰσφέρειν
3162 3007 3252 3074 διὰ
3291 3007 3485 3062 τούτου
3511 3024 3526 3039 ·
3573 3009 3672 3061 καὶ
3718 3009 3831 3062 οὐκ

2226 3104 2470 3156 ἐννοοῦσι
2502 3101 2600 3174 τὴν
2624 3099 2960 3171 οἰκονομίαν,
2985 3099 3402 3171 κακουργότατα
3433 3099 3489 3152 δὲ
3513 3100 3830 3170 πειρῶνται

540 3189 766 3255 dicitur,
800 3190 986 3245 induci
1028 3207 1040 3243 :
1070 3206 1250 3261 neque
1290 3191 1602 3262 intelligunt
1636 3191 1956 3262 mysterium
2008 3189 2122 3246 dis-

2238 3195 2498 3267 μεθιστᾷν
2528 3197 2607 3259 εἰς
2645 3193 2932 3263 ἄνθρωπον
2967 3192 3150 3257 ἰδικῶς
3195 3194 3258 3246 τὸ
3288 3191 3461 3256 πάθος
3487 3208 3501 3222 ·
3530 3192 3831 3247 εὐσέϐειαν

540 3281 899 3351 pensationis,
974 3282 1070 3337 sed
1133 3282 1406 3338 malitiose
1450 3281 1749 3338 admodum
1809 3281 2136 3337 adnituntur

539 3377 598 3430 in
622 3376 906 3432 hominem
934 3375 1159 3447 proprie
1193 3377 1494 3433 transferre
1523 3379 1861 3448 passionem,
1902 3377 2135 3433 damno-

539 3485 654 3524 sam
666 3471 925 3540 pietatem
943 3471 1324 3540 imprudenter
1350 3471 1698 3535 affectantes,
1735 3480 1796 3526 ut
1815 3487 1926 3525 non
1954 3471 2133 3541 ipsum

539 3561 638 3616 Dei
665 3561 907 3616 Verbum
936 3560 1298 3616 confltcamur
1331 3561 1692 3628 Salvatorem,
1747 3570 1938 3634 utpote
1985 3561 2132 3632 quod

540 3649 821 3718 pmnobis
843 3649 1126 3720 proprium
1157 3651 1482 3723 sanguinem
1532 3651 1768 3718 dederit,
1817 3652 1916 3710 sed
1967 3653 2133 3709 homo

542 3740 639 3810 qui
671 3742 894 3811 proprie
921 3757 984 3798 ac
1011 3744 1237 3798 seorsim
1258 3745 1641 3800 consideretur
1670 3745 1863 3811 Filius,
1910 3746 1968 3802 id
2002 3761 2131 3816 per-

542 3832 743 3889 fecisse
771 3833 1006 3890 dicatur.
1058 3836 1262 3892 Verum
1311 3837 1406 3907 qui
1454 3837 1529 3892 ita
1585 3839 1852 3904 sentiunt,
1912 3853 2133 3893 omnem

550 3925 702 3980 illius
724 3943 850 3982 cum
871 3943 1036 3983 carne
1059 3928 1490 3999 dispensationis
1502 3928 1770 3984 rationem
1786 3928 2132 3996 concutiunt,

544 4027 911 4090 nostrumque
962 4021 1283 4092 mysterium
1306 4021 1559 4076 divinum
1605 4019 1674 4075 ad
1709 4019 1953 4076 hominis
1993 4020 2132 4076 ado-

547 4111 704 4165 randi
758 4112 969 4167 cultum
1025 4113 1174 4168 haud
1228 4114 1465 4169 obscure
1521 4113 1905 4168 transferunt:
1956 4128 2138 4182 neque

546 4203 683 4259 illud
711 4206 1065 4262 considerant
1100 4207 1247 4278 quod
1273 4208 1456 4278 ipsum
1484 4222 1552 4262 ex
1588 4206 1797 4262 Iudaeis
1834 4207 2137 4262 secundum

547 4312 791 4361 carnem,
823 4299 878 4353 id
908 4309 1014 4365 est,
1039 4299 1220 4370 ipsum
1243 4315 1309 4354 ex
1333 4300 1611 4354 Abraham
1631 4309 1688 4355 et
1706 4299 1860 4356 Iesse
1883 4309 1940 4355 et
1967 4299 2140 4356 David
2170 4355 2180 4370 ί

548 4390 760 4447 semine
779 4391 1085 4458 Christum,
1110 4401 1167 4448 et
1211 4392 1508 4448 Dominum
1553 4392 1742 4463 gloriae
1768 4393 1834 4457 “,
1861 4401 1920 4449 et
1967 4393 2140 4448 Deum

548 4483 900 4540 benedictum
926 4486 982 4541 in
1007 4488 1227 4552 saecula,
1258 4495 1314 4544 et
1338 4503 1505 4558 super
1527 4487 1737 4553 omnia,
1773 4487 1970 4543 beatus
1994 4488 2140 4542 Pau—

2233 3288 2522 3360 ἐπιζήμιον
2571 3286 2848 3349 ἀσυνέτως
2891 3285 3336 3356 ἐπιτηδεύοντες,
3377 3285 3464 3337 ῑνα
3523 3283 3599 3355 μὴ
3652 3285 3684 3337 ό
3721 3284 3829 3338 τοῦ

2231 3380 2370 3435 Θεοῦ
2396 3381 2567 3449 Λόγος
2591 3379 2918 3449 ὁμολογῆται
2938 3377 3149 3448 Σωτὴρ,
3170 3377 3245 3439 ὡς
3260 3375 3325 3456 εδ
3342 3376 3474 3430 ἴδιον
3494 3377 3637 3446 ὑπὲρ
3655 3375 3830 3448 ἡμῶν

2232 3467 2372 3542 αἷμα
2400 3471 2523 3534 δούς
2543 3487 2557 3501 ο
2595 3470 2710 3524 ἀλλ’
2756 3469 2845 3522 ἵνα
2884 3468 3085 3539 μᾶλλον
3130 3467 3420 3538 ἄνθρωπος
3465 3466 3652 3530 ίδικῶς
3677 3507 3694 3530 ,
3727 3467 3831 3522 καὶ

2231 3562 2354 3617 καθ’
2384 3561 2573 3615 ἑαυτὸν
2600 3561 2888 3632 νοούμενος
2922 3560 3074 3624 Υἱὸς,
3099 3559 3259 3614 τοῦτο
3288 3559 3515 3628 λέγηται
3539 3557 3831 3629 κατορθῶο

2232 3673 2344 3708 σαι.
2378 3653 2675 3708 Κατασείει
2703 3654 2760 3707 δὲ
2797 3653 2858 3706 τὸ
2885 3651 3030 3706 οὕτω
3055 3653 3274 3723 φρονεῖν
3306 3651 3526 3705 ἅπαντα
3555 3650 3656 3720 τῆς
3683 3649 3828 3720 μετὰ

2235 3746 2438 3820 σαρκὸς
2459 3745 2776 3817 οἰκονομίας
2805 3743 2899 3800 τὸν
2923 3743 3106 3813 λόγον,
3141 3742 3238 3796 καὶ
3272 3740 3333 3795 τὸ
3355 3741 3498 3795 θεῖον
3522 3740 3684 3811 ἡμῶν
3718 3757 3830 3810 μυ-

2234 3841 2457 3911 στήριον
2479 3840 2560 3902 είς
2589 3838 2820 3908 δύναμιν
2851 3835 3338 3908 ἀνθρωπολατρίας
3373 3836 3829 3905 παραστήσουσιν

2233 3929 2336 3982 οὑκ
2358 3929 2724 3998 ἁσυμφανῶς’
2757 3926 2852 3979 καὶ
2871 3927 2971 3979 οὐκ
3003 3924 3278 3978 ἐννοοῦσιν
3317 3925 3422 3990 ὅτι,
3453 3925 3545 3979 τὸν
3575 3924 3634 3991 ἐξ
3681 3926 3814 3978 ἰου-

2235 4021 2398 4074 δαίων
2442 4020 2585 4074 κατὰ
2629 4020 2830 4090 σάρκα,
2874 4018 3023 4072 τοῦτ’
3064 4017 3206 4084 ἔστι,
3243 4018 3336 4071 τὸν
3391 4018 3457 4071 ἐκ
3500 4016 3824 4087 σπέρματος

2251 4113 2505 4185 Ἀϐραὰμ
2533 4113 2626 4167 καὶ
2669 4112 2870 4165 Ἰεσσαὶ
2898 4112 2995 4166 καὶ
3019 4110 3185 4164 Δαϐὶδ
3204 4109 3458 4182 Χριστὸν,
3492 4108 3589 4163 καὶ
3615 4109 3831 4180 Κύριον

2235 4207 2336 4276 τῆς
2367 4205 2546 4275 δόξης,
2588 4204 2684 4258 καὶ
2707 4204 2842 4258 Θεὸν
2881 4203 3176 4274 εὐλογητδν
3202 4202 3282 4265 εἰς
3305 4201 3435 4264 τοὺς
3461 4199 3686 4262 αἰῶνας,
3727 4201 3836 4254 καὶ

2237 4302 2331 4355 ἐπὶ
2355 4303 2556 4362 πάντα,
2600 4302 2630 4353 ὁ
2661 4301 2932 4372 μακάριος
2964 4298 3070 4368 ἔφη
3101 4297 3336 4362 Παῦλος,
3375 4296 3507 4351 ἴδιον
3532 4295 3836 4364 ἀποφήνας

2237 4397 2331 4452 τοῦ
2379 4397 2555 4465 Λόγου
2592 4397 2654 4450 τὸ
2690 4397 2871 4467 σῶμα,
2902 4396 2964 4448 τὸ
2984 4391 3062 4464 τῷ
3110 4392 3252 4462 ξύλῳ
3308 4385 3685 4462 προσηλωθέν,
3725 4386 3839 4441 καὶ

2238 4488 2389 4559 αὑτῷ
2421 4490 2511 4544 τὸν
2555 4489 2786 4557 σταυρὸν
2808 4487 2896 4542 διὰ
2916 4485 3077 4540 τοῦτο
3111 4482 3454 4555 προσνέμων.

547 4576 637 4631 lus
661 4577 896 4634 asseruit
924 4578 993 4643 ι’,
1049 4579 1334 4649 proprium
1382 4595 1504 4635 esse
1573 4578 1939 4649 pronuntians
1966 4579 2129 4634 Verbi
2169 4595 2371 4652 corpus
2407 4581 2556 4653 ligno
2577 4580 2870 4647 suffixum,
2914 4593 2979 4634 ac
3015 4592 3115 4648 per
3163 4576 3270 4631 hoc
3331 4573 3436 4644 ipsi
3468 4572 3651 4629 Verbo
3697 4586 3838 4626 cru-

549 4685 668 4726 cem
703 4673 1032 4726 attribuens.

613 4763 702 4819 ιν.
749 4762 996 4835 Comperi
1026 4764 1190 4818 etiam
1236 4763 1387 4816 aliud
1411 4762 1666 4833 quiddam
1717 4779 1825 4818 esse
1876 4775 2130 4835 prasterea

2313 4764 2386 4816 A'.
2438 4757 2737 4815 Μανθάνω
2765 4755 2866 4821 δὲ,
2913 4755 3002 4809 ὅτι
3041 4753 3139 4808 καὶ
3172 4753 3380 4822 ἔτερόν
3413 4769 3470 4807 τι
3502 4749 3654 4820 πρὸς
3685 4750 3843 4804 τού-

549 4854 686 4923 quod
732 4864 1028 4924 quwratur.
1065 4853 1207 4908 Nam
1251 4855 1340 4924 qui
1386 4853 1509 4907 dicit
1560 4853 1845 4908 Dominum
1895 4865 2137 4911 nostrum

550 4945 695 4999 nuda
727 4945 947 5016 solaque
968 4961 1128 4998 carne
1152 4961 1386 5015 passum,
1447 4945 1870 5001 irrationabilem
1894 4958 1982 5026 ,ει
2031 4966 2137 5002 non

549 5049 898 5108 spontaneum
910 5038 1026 5108 ejus
1046 5039 1232 5092 asserit
1249 5039 1564 5108 passionem.
1577 5040 1733 5110 145
1754 5040 1810 5095 Si
1824 5043 1937 5113 quis
1957 5051 2138 5096 autem

550 5130 765 5197 dixerit,
785 5147 903 5184 eum
928 5146 1049 5183 cum
1071 5131 1254 5183 anima
1270 5129 1597 5201 intelligente
1618 5148 1856 5202 passum,
1887 5139 1944 5183 ul
1963 5130 2140 5200 passio

550 5224 620 5277 sit
653 5231 971 5291 spontanee,
999 5221 1330 5277 tantumdem
1373 5231 1446 5276 est
1484 5239 1546 5275 ac
1575 5223 1622 5275 si
1665 5222 1807 5275 dicat
1838 5223 1895 5275 iu
1942 5229 2142 5274 natura

553 5313 904 5370 humanitatis
939 5313 1098 5382 fuisse
1120 5329 1354 5384 passum.
1389 5311 1540 5378 Quod
1571 5313 1615 5367 si
1637 5328 1821 5367 verum
1867 5321 1962 5377 est,
2006 5328 2140 5382 quo-

555 5406 710 5459 modo
737 5404 920 5473 negari
943 5412 1109 5475 potest
1139 5404 1272 5458 duas
1307 5415 1531 5458 naturas
1559 5411 1673 5472 post
1702 5402 1953 5456 unionem
1998 5403 2137 5457 indi-

554 5498 663 5551 vise
688 5494 1014 5549 subsistere?
1052 5495 1239 5567 Itaque
1265 5498 1311 5550 si
1366 5497 1482 5566 quis
1517 5495 1664 5556 dicit,
1725 5491 1932 5548 Christo
1981 5494 2144 5565 igitur

559 5603 716 5657 passo
743 5586 798 5639 in
823 5603 982 5641 carne
1012 5589 1078 5654 ⁸⁸,
1112 5588 1246 5643 nihil
1269 5587 1419 5641 aliud
1442 5587 1568 5640 dicit
1609 5585 1733 5651 nisi,
1775 5583 1984 5640 Christo
2039 5587 2140 5658 igi-

561 5685 648 5731 tur
671 5694 826 5750 passo
851 5695 945 5750 pro
967 5680 1112 5734 nobis
1136 5681 1192 5733 in
1219 5684 1404 5732 nostra
1434 5683 1652 5730 natura.

638 5856 682 5890 ⁸⁸
711 5857 880 5914 lCor.
914 5872 970 5919 η.
1013 5856 1062 5912 8.
1126 5857 1169 5887 ⁸⁷
1202 5857 1354 5911 Rom.
1399 5872 1470 5920 xx,
1509 5857 1558 5911 5.
1641 5853 1682 5888 ⁵⁸
1718 5855 1740 5912 ῐ
1775 5855 1919 5912 Pclr.
1961 5872 2032 5924 ιγ,
2082 5856 2128 5910 ἰ.

2240 4871 2364 4918 τοις
2397 4849 2530 4904 ἐστί
2555 4848 2622 4902 τὸ
2656 4847 3040 4916 ζητούμενον.
3084 4845 3150 4899 '0
3177 4844 3293 4914 γάρ
3317 4861 3407 4898 τοι
3431 4843 3628 4914 λέγων
3643 4843 3844 4912 σαρκέ

2243 4943 2458 4998 παθεῖν
2483 4939 2681 5013 γυμνῇ
2717 4940 2827 4994 τὸν
2875 4940 3116 5007 Κύριον,
3148 4937 3378 5006 ἄλογον
3406 4935 3504 4990 καί
3531 4935 3852 4990 ἀκούσιον

2243 5034 2495 5110 ποιεῖται
2521 5034 2586 5087 τὸ
2622 5032 2831 5098 πάθος.
2875 5031 3017 5085 Ἐὰν
3047 5030 3116 5084 δέ
3142 5043 3233 5096 τις
3260 5030 3402 5097 εἴπῃ
3435 5029 3589 5099 μετὰ
3615 5024 3852 5095 ψυχῆς

2250 5126 2464 5195 νοερᾶς
2494 5125 2706 5181 παθεῖν
2747 5123 2955 5188 αὐτὸν,
2990 5124 3091 5177 ἵνα
3117 5119 3159 5194 ᾖ
3194 5124 3261 5177 τό
3291 5120 3483 5187 πάθος
3517 5119 3850 5182 ἑκούσιον,

2247 5219 2430 5272 οὐδὲν
2451 5217 2668 5271 κωλύει
2698 5215 2901 5285 λέγειν
2925 5211 3001 5282 τῇ
3031 5214 3213 5283 φύσει
3233 5212 3344 5280 τῆς
3372 5209 3846 5278 ἀνθρωπότητος

2247 5313 2437 5365 αὑτὸν
2483 5310 2716 5365 παθεῖν.
2761 5310 2830 5364 Εἰ
2860 5305 2930 5360 δὲ
2957 5307 3057 5361 καὶ
3091 5306 3270 5360 τοῦτο
3313 5301 3560 5370 ἀληθὲς,
3601 5297 3730 5364 πῶς
3760 5300 3858 5353 οὐ
3938 5311 3948 5318 ·

2246 5402 2354 5469 τὰς
2403 5401 2511 5456 δύο
2561 5402 2780 5470 φύσεις
2822 5397 3148 5468 ὐφιστάναι
3203 5395 3479 5464 δώσομεν
3516 5389 3668 5463 μετὰ
3717 5386 3860 5456 τὴν

2247 5495 2469 5550 ἕνωσιν
2495 5493 2872 5561 ἀδιαιρέτως;
2913 5492 3119 5557 Ὥστε,
3151 5489 3209 5543 εἴ
3233 5505 3324 5554 τις
3354 5487 3540 5555 λέγει,
3574 5479 3860 5551 Χριστοῦ

2252 5583 2369 5642 οὗν
2397 5588 2696 5652 παθόντος
2732 5585 2886 5653 ὑπὲρ
2935 5582 3106 5652 ἡμῶν
3145 5578 3360 5650 σαρκί,
3390 5576 3586 5632 ὀὐδὲν
3627 5573 3859 5641 ἕτερον

2248 5678 2411 5750 ,λέγει
2434 5675 2622 5746 πλὴν,
2645 5675 2736 5730 ὅτι
2753 5673 3009 5743 Χριστοῦ
3031 5669 3144 5729 οὖν
3169 5671 3468 5735 παθόντος
3487 5662 3638 5734 ὑπὲρ
3663 5661 3850 5733 τυιῶν

2251 5769 2327 5840 τῇ
2354 5767 2607 5841 τῃιετέρᾳ
2638 5769 2836 5840 φύσει.
