4048 6434
437 404 543 463 9-H

1469 401 1525 457 S.
1576 402 1853 458 CYRILLI
1894 402 2363 460 ALEXANDRINI
2395 404 2711 463 ARCHIEP.

3602 384 3710 444 248

1532 556 1957 611 EPISTULA
2012 556 2244 611 XLVI!
2286 558 2377 630 (al.
2417 558 2595 630 XLI).

1500 712 1685 752 OANNlS
1720 712 1951 750 EPISCOPI
1980 708 2280 749 ΔΝΤΙΟΕΙΙΙΕ
2312 713 2377 750 ΑΒ
2408 712 2687 757 ενοιιιιιιι.

442 829 744 888 Paucorum
774 833 827 885 in
856 831 1087 901 formula
1119 837 1262 903 pacis
1302 834 1364 886 ab
1398 833 1598 918 ευτξμο
1633 836 1789 918 mis'sa
1817 838 2145 918 arietatorum
2173 833 2378 918 venia'm
2418 840 2564 918 petit.
2602 836 2710 894 Sibi
2765 843 2828 894 de
2852 860 2978 913 pace
3033 844 3169 896 inter
3203 860 3337 912 ipsos
3372 843 3708 897 reconciliata

1351 903 1678 973 gratulatur.
1712 903 1848 955 Petit
1878 908 1933 951 ut
1961 903 2142 952 missos
2164 918 2284 955 suos
2311 903 2531 977 benigne
2555 912 2824 982 suscipiat.

516 1042 752 1099 Domino
782 1058 906 1098 meo
933 1043 1178 1112 piissimo
1203 1051 1259 1099 et
1284 1044 1628 1099 sanctissimo
1652 1040 2030 1095 comministro
2063 1039 2104 1093 Α

444 1131 672 1205 Cyrillo,
695 1132 934 1188 Joannes
966 1132 1015 1185 in
1046 1129 1273 1187 Domino
1305 1132 1559 1186 salutem.

519 1224 671 1281 Alter
711 1221 867 1277 alteri
918 1220 1118 1276 redditi
1167 1236 1378 1285 sumus,
1412 1221 1652 1285 domine,
1678 1220 1777 1275 Dei
1807 1219 2029 1290 quidem

446 1320 610 1376 nutu,
655 1311 769 1366 sive
809 1310 1016 1365 domini
1068 1311 1221 1367 Pauli
1265 1311 1507 1382 episcopi
1544 1326 1643 1382 per
1672 1310 1855 1365 omnia
1902 1311 2031 1364 reli-

450 1402 745 1473 giosissimi
780 1405 1112 1467 interventu,
1146 1403 1235 1458 cui
1271 1403 1406 1457 nihil
1442 1403 1598 1473 prius
1629 1408 1724 1457 aut
1753 1401 2034 1471 antiquius

449 1495 557 1547 fuit
585 1510 747 1563 quam
783 1503 842 1548 ut
882 1493 936 1548 in
975 1493 1238 1549 Ecclesiis
1267 1493 1363 1548 Dei
1396 1494 1570 1548 turba:
1594 1493 1940 1561 sedarentur,
1978 1501 2035 1548 et

451 1585 564 1639 Deo
600 1593 751 1655 grata
784 1584 1077 1639 concordia
1112 1584 1337 1641 rediret.
1379 1584 1513 1643 Cum
1554 1599 1687 1654 pace
1730 1584 1913 1653 itaque
1945 1600 2032 1636 re-

448 1677 705 1741 vertitur,
743 1687 798 1732 et
832 1679 1041 1746 privata
1074 1676 1329 1733 amicitia:
1360 1679 1489 1749 jura
1524 1676 1681 1733 nobis
1714 1691 1844 1747 erga
1887 1683 2032 1730 tuam

450 1769 710 1839 pietatem
747 1778 960 1825 servata
990 1778 1117 1824 sunt
1141 1770 1345 1830 omnia,
1371 1770 1561 1840 paucis
1585 1778 1783 1839 prazter
1812 1786 1879 1824 ea
1914 1786 2035 1839 qua:

450 1876 478 1915 ο
511 1871 601 1916 tua
636 1863 926 1917 sanctitate
958 1861 1159 1917 dictata
1190 1872 1318 1917 sunt
1352 1862 1585 1917 invicem
1615 1861 1891 1931 repositis,
1914 1878 2036 1933 quae

449 1953 502 2006 vi
538 1962 593 2007 et
631 1970 796 2011 sensu
841 1970 951 2008 non
986 1953 1322 2023 discrepant,
1360 1954 1455 2008 sed
1495 1954 1574 2008 rei
1605 1953 2033 2009 moderationem

451 2044 756 2100 continent.
796 2046 1026 2102 Maxime
1060 2048 1208 2102 enim
1252 2048 1376 2100 volo
1424 2054 1473 2101 et
1524 2056 1674 2116 opto,
1706 2061 1816 2099 non
1858 2046 2034 2100 solum

455 2136 807 2210 157-155
829 2138 1120 2208 meipsum,
1157 2140 1253 2195 sed
1298 2154 1489 2194 omnes
1527 2153 1747 2209 quoque
1786 2136 2037 2191 dominos

451 2229 896 2299 religiosissimos
907 2228 1147 2286 Orientis
1164 2231 1451 2300 episcopos
1466 2228 1636 2284 chara
1651 2237 1708 2283 et
1723 2227 2039 2282 venerando

450 2317 619 2391 capiti
672 2327 780 2375 tua:
829 2319 1166 2376 sinceritatis
1214 2321 1573 2390 conjungere,
1625 2334 1789 2389 quam
1841 2333 2038 2389 magno

451 2410 574 2467 loco
605 2425 824 2482 semper
856 2411 1046 2467 habui.
1080 2410 1187 2469 Sed
1220 2412 1389 2471 breve,
1428 2421 1644 2482 tempus
1667 2426 1769 2466 nos
1792 2409 2034 2472 diremit,

452 2506 568 2555 tum
595 2515 788 2557 rursus
820 2500 896 2557 ita
928 2501 1041 2556 Deo
1067 2503 1287 2557 volente
1324 2502 1381 2557 in
1418 2502 1716 2557 amicitiam
1752 2500 2036 2565 rediimus,

449 2592 669 2649 cunctis
694 2592 1073 2648 simultatibus
1094 2592 1403 2661 exstinctis,
1436 2593 1696 2663 nullaque
1719 2592 1881 2662 plane
1909 2607 2041 2648 con-

451 2683 718 2745 teptioais
752 2691 849 2739 aut
885 2684 1177 2740 discordiae
1214 2685 1445 2740 materia
1489 2684 1636 2757 apud
1680 2700 1783 2741 nos
1827 2684 2037 2740 relicta.

450 2771 612 2840 Quod
644 2790 755 2832 non
785 2774 907 2831 sine
932 2774 1160 2831 numine
1189 2772 1394 2830 factum
1422 2783 1528 2839 est.
1552 2777 1647 2831 sed
1675 2775 1787 2832 Deo
1812 2786 2041 2833 auctore

451 2873 513 2927 σε
556 2864 932 2937 plissimorum
977 2867 1372 2938 imperatorum
1419 2875 1712 2944 potestate.
1767 2866 2044 2940 Suscipiat

452 2967 701 3031 motus
726 2959 904 3031 pietas
939 2958 1386 3031 religiosissima
1422 2958 1673 3017 Cassium
1716 2970 1775 3018 et
1815 2960 2041 3021 Amno-

446 3049 634 3116 nitun,
653 3051 749 3122 qui
776 3051 940 3109 nobis
972 3051 1225 3110 obsecuti
1257 3061 1408 3121 sunt,
1437 3068 1552 3117 non
1572 3062 1639 3115 ut
1672 3053 1771 3110 tibi
1799 3053 2042 3128 τοὺ-δεο-

457 3148 672 3206 rentur,
710 3140 807 3197 sed
845 3150 906 3198 ut
928 3158 1052 3213 quae
1081 3143 1181 3200 abs
1213 3151 1267 3200 te
1299 3152 1428 3201 sunt
1453 3144 1721 3203 aediﬁcata
1760 3145 1831 3203 ad
1867 3145 2042 3204 ﬁrmi-

458 3239 627 3288 tatem
667 3242 726 3289 et
762 3232 1033 3304 optimum
1076 3235 1285 3291 exitum
1323 3233 1781 3306 perducerentur.
1828 3236 2045 3296 Gratias

456 3331 640 3377 autem
664 3337 729 3378 ea
757 3321 825 3379 de
860 3339 918 3379 re
945 3326 1163 3396 agimus
1196 3327 1361 3382 etiam
1395 3326 1621 3383 domino
1656 3343 1781 3384 meo
1811 3345 2043 3387 venera-

456 3412 728 3469 bilissimo
776 3423 833 3470 et
874 3415 1074 3481 illustri
1122 3416 1397 3476 Aristolao
1436 3418 1661 3477 tribuno
1704 3430 1763 3477 et
1805 3423 2042 3489 notario,

456 3504 552 3575 qui
585 3520 651 3559 ex
684 3520 872 3561 rerum
903 3516 1220 3564 nostrarum
1252 3518 1404 3565 motu
1432 3511 1643 3580 didicit,
1673 3514 1911 3587 demptis
1932 3519 2048 3574 exi-

456 3595 582 3667 guis
608 3597 850 3669 syllabis,
879 3599 1053 3657 satius
1086 3616 1209 3657 esse
1246 3619 1349 3659 nos
1388 3604 1621 3663 ﬁrmiter
1649 3618 1706 3665 et
1730 3619 2048 3669 constanter

2206 1039 2279 1110 (l)
2302 1044 2391 1114 Τῷ
2415 1046 2646 1121 δεσπότῃ
2668 1067 2768 1119 μου
2786 1049 2863 1122 τῷ
2880 1050 3275 1123 θεοφιλεστάτῳ
3299 1051 3393 1104 καὶ
3422 1050 3714 1123 ἁγιωτάτῳ

2138 1136 2538 1210 συλλειτουργῷ
2566 1141 2840 1213 Κυρίλλῳ,
2883 1142 3136 1211 Ἰωάννης
3164 1145 3222 1196 ἐν
3254 1143 3444 1215 Κυρίῳ
3474 1142 3710 1214 χαίρειν.

2217 1228 2623 1300 Ἀπειλήφαμεν
2670 1232 2967 1305 ἀλλήλους,
3021 1234 3291 1296 δέσποτα,
3344 1233 3562 1305 εύδοκίᾳ
3611 1234 3717 1305 μὲν

2133 1317 2304 1382 Θεοῦ,
2366 1319 2466 1372 εἴτ’
2510 1315 2603 1373 οὖν
2658 1322 2909 1394 μεσιτείᾳ
2955 1322 3048 1376 τοῦ
3108 1322 3177 1375 τά
3233 1321 3409 1375 πάντα
3466 1318 3717 1374 θεοσεϐε-

2137 1411 2331 1463 στάτου
2369 1411 2698 1482 ἀμφοτέροις
2732 1415 2882 1484 ἡμῖν,
2925 1413 3016 1467 τοῦ
3070 1413 3277 1485 Κυρίου
3337 1411 3551 1467 Παύλου
3615 1409 3715 1465 τοῦ

2138 1504 2461 1568 ἐπισκόπου,
2493 1504 2685 1574 ἀνδρὸς
2717 1505 2935 1561 πάντων
2967 1505 3077 1558 τῶν
3116 1505 3238 1558 καθ’
3272 1504 3462 1558 ἐαυτὸν
3510 1505 3718 1574 ἀμελή-

2139 1614 2350 1660 σαντος,
2401 1598 2549 1661 ὅπως
2585 1600 2706 1662 ταῖς
2751 1597 3098 1668 Ἐκκλησίαις
3132 1596 3223 1650 τοῦ
3275 1596 3411 1650 Θεοῦ
3448 1613 3719 1649 κατευνα-

2140 1687 2289 1754 σθείη
2340 1686 2406 1740 τά
2456 1685 2568 1740 τῶν
2619 1687 2896 1759 ταραχῶν,
2926 1687 3021 1740 καὶ
3054 1688 3087 1757 ἡ
3116 1684 3236 1756 Θεῷ
3267 1682 3475 1754 ἀρεστὴ
3505 1682 3721 1752 γένοιτο

2140 1779 2425 1848 συνάφεια.
2471 1780 2768 1850 Ἐπανήκει
2790 1774 2883 1832 οὖν
2917 1776 3053 1848 μετὰ
3076 1776 3323 1847 εἰρήνης,
3354 1773 3451 1828 καὶ
3480 1773 3547 1826 τά
3579 1773 3720 1828 ἰδιά-

2139 1870 2299 1933 ζοντα
2321 1871 2419 1940 τῆς
2453 1869 2635 1940 φιλίας
2663 1869 2848 1923 δίκαια
2884 1867 3177 1938 γεγένηται
3214 1865 3345 1937 παρ’
3375 1863 3533 1933 ἡμῶν
3575 1863 3722 1916 ἀπα-

2141 1962 2447 2035 ραλείπτως
2489 1963 2706 2016 ἅπαντα
2749 1960 2886 2031 πρὸς
2915 1959 3013 2030 τὴν
3054 1958 3153 2028 σὴν
3186 1953 3518 2016 θεοσέϐειαν,
3547 1951 3725 2024 μικρὰ

2139 2056 2197 2107 ἐν
2224 2054 2475 2125 ἀλλήλοις
2497 2053 2860 2125 χρησαμένων
2891 2051 3049 2121 ἡμῶν
3077 2041 3230 2121 παρὰ
3249 2046 3318 2100 τὰ
3346 2046 3451 2100 ὑπὸ
3484 2048 3583 2117 τῆς
3618 2044 3725 2116 σῆς

2139 2148 2416 2215 ὁσιότητος
2447 2143 2925 2216 ὑπαγορευόμενα,
2956 2142 3015 2195 οὐ
3043 2138 3307 2213 διαφορὰν
3332 2137 3529 2208 ἔχοντα
3562 2135 3727 2190 δυνά-

2144 2256 2311 2311 μεως,
2342 2237 2459 2291 ἀλλ’
2495 2236 2810 2306 οἰκονομίας
2865 2232 3263 2306 μεταχείρισιν.
3295 2228 3566 2298 Βούλομαι
3610 2226 3727 2299 γὰρ

2072 2373 2112 2427 Β
2146 2332 2345 2405 μᾶλλον
2385 2329 2482 2384 καὶ
2525 2327 2775 2399 εὖχομαι,
2811 2326 2874 2380 οὐ
2932 2325 3105 2427 μόνον.
3137 2322 3395 2427 epotam,
3426 2319 3563 2427 άλλά
3625 2323 3728 2427 καὶ

2142 2420 2352 2483 πάντας
2382 2419 2509 2482 τοὺς
2541 2416 2763 2487 κυρίους
2793 2412 3241 2486 θεοφιλεστάτους
3267 2408 3601 2473 ἐπισκόπους
3622 2410 3727 2480 τῆς

2154 2504 2445 2577 Ἀνατολῆς
2478 2504 2714 2574 συνάψαι
2741 2506 2808 2575 τῇ
2839 2503 2966 2576 φίλῃ
2997 2501 3120 2573 ἐμοὶ
3175 2499 3269 2555 καὶ
3321 2498 3481 2572 τιμία
3514 2499 3726 2572 κεφαλῇ

2142 2598 2241 2670 τῆς
2289 2596 2388 2669 σῆς
2433 2614 2577 2667 φημι
2630 2594 3009 2667 γνησιότητος,
3042 2594 3111 2666 ην
3141 2591 3271 2665 περὶ
3331 2592 3585 2645 πλείστου
3622 2590 3727 2663 μὲν

2141 2687 2461 2759 ἐποιούμην.
2504 2686 2731 2757 Διέκοψε
2760 2687 2818 2741 δέ
2838 2703 2922 2750 τις
2950 2683 3156 2757 βραχὺς
3184 2684 3375 2756 χρόνος
3393 2699 3408 2714 ο
3449 2677 3547 2737 εἶτ’
3570 2677 3732 2749 αὖθις

2142 2780 2307 2836 πάλιν
2338 2779 2477 2834 Θεοῦ
2502 2776 2858 2850 βουληθέντος
2888 2776 3025 2849 πρὸς
3060 2777 3289 2843 ἑαυτοὺς
3322 2776 3731 2850 ἐπανήλθομεν,

2143 2874 2361 2928 ἅπαντα
2389 2871 2682 2935 σείσαντες
2710 2868 2782 2926 τά
2812 2868 3055 2941 λυπηρὰ,
3091 2868 3188 2923 καὶ
3218 2868 3390 2941 μηδὲν
3412 2869 3475 2923 τὸ
3505 2867 3734 2928 σύνολον

2142 2963 2538 3027 καταλιπόντες
2602 2963 2737 3035 παρ’
2786 2963 3001 3025 ἑαυτοῖς
3065 2958 3243 3030 ἔριδος
3314 2957 3735 3033 ἢφιλονεικιας

2144 3055 2314 3122 ἄξιον.
2346 3055 2463 3111 Οὐκ
2515 3053 2669 3108 ἀθεεὶ
2721 3052 2780 3107 δὲ
2830 3051 2989 3108 τοῦτο
3043 3050 3360 3122 γεγένηται,
3396 3049 3536 3106 ἀλλὰ
3586 3047 3734 3105 Θεοῦ

2146 3143 2641 3214 πρυτανεύσαντος,
2675 3141 2770 3197 καὶ
2797 3140 2908 3195 τῶν
2939 3139 3303 3211 φιλοχρίστων
3335 3141 3429 3194 καὶ
3472 3137 3735 3194 θεοσεϐε-

2147 3237 2360 3292 στὰτων
2398 3234 2664 3306 βασιλέων
2702 3235 2771 3306 τῇ
2808 3232 2994 3296 αὐτοῖς
3028 3229 3319 3305 πρεπούσῃ
3340 3229 3731 3304 χρησαμένων.

2159 3325 2534 3395 ἰὶποδεξάσθω
2556 3321 2650 3381 οῦν
2678 3327 2712 3397 ἠ
2735 3325 2803 3398 σὴ
2833 3323 3115 3379 θεοσέϐεια
3142 3323 3269 3388 τοὺς
3295 3322 3737 3387 estcomm»;

2146 3423 2390 3478 Κάσσιον
2438 3420 2534 3476 καὶ
2583 3419 2850 3491 Ἀμὼνιον
2896 3416 3147 3482 εἴξαντας
3183 3417 3339 3487 ἡμῖν,
3370 3415 3471 3487 οὐχ
3504 3414 3593 3469 ἵνα
3645 3431 3736 3469 σοι

2147 3514 2541 3586 ἀπειθήσωσιν,
2594 3510 2710 3567 ἀλλ’
2748 3510 2895 3573 ὅπως
2934 3508 3003 3562 τά
3038 3525 3119 3562 σοι
3180 3506 3602 3578 οἰκοδομηθέντα
3649 3507 3737 3570 εἰς

2150 3605 2443 3679 βεϐαίωσιν
2503 3603 2598 3657 καὶ
2655 3601 2827 3673 πέρας
2879 3599 3167 3655 κάλλιστον
3220 3595 3434 3669 ἀχθείη.
3468 3597 3645 3667 Χάριν
3673 3593 3739 3650 Gl

460 3685 695 3744 invicem
721 3690 998 3761 conjungi.
1022 3692 1218 3750 Nostra
1242 3695 1428 3767 igitur,
1457 3715 1663 3770 quaeso,
1681 3700 1851 3759 etiam
1874 3706 2045 3760 susci-

2153 3701 2312 3769 ἴσμεν
2362 3698 2455 3751 ἐπὶ
2487 3694 2685 3766 τούτῳ,
2717 3693 2812 3749 καὶ
2835 3691 2914 3763 τῷ
2945 3689 3137 3760 Κυρίῳ
3166 3706 3270 3761 μου
3302 3689 3379 3762 τῷ
3416 3688 3742 3778 θαυμασιωξ-

462 3796 555 3850 pe,
587 3789 736 3837 recte
770 3790 935 3853 atque
964 3785 1180 3851 ordine,
1215 3801 1273 3845 et
1303 3805 1453 3859 quoa
1482 3792 1580 3849 tibi
1621 3803 1775 3855 certo
1819 3810 2050 3865 persua-

462 3872 616 3937 deas,
640 3872 708 3929 ad
738 3876 819 3930 rei
843 3877 1156 3946 aequitatem
1180 3890 1237 3936 et
1259 3882 1694 3945 moderationem
1723 3887 2049 3957 composita,

461 3962 772 4034 litterisque
811 3966 1101 4036 mandata;
1138 3985 1241 4026 nec
1282 3970 1337 4026 in
1386 3974 1633 4032 animum
1669 3976 1918 4043 inducas,
1951 3994 2054 4034 nos

462 4053 676 4125 aliquid
723 4056 781 4113 in
828 4059 997 4115 rebus
1043 4064 1344 4133 propositis
1386 4065 1541 4129 vafra
1589 4068 1784 4137 egisse.
1830 4069 2051 4126 Conscii

463 4144 614 4200 enim
647 4162 858 4213 sumus,
890 4158 947 4209 et
988 4159 1180 4207 testem
1214 4154 1386 4211 Deum
1424 4155 1786 4227 appellamus,
1820 4176 1923 4219 nos
1962 4170 2053 4219 tua

464 4246 765 4295 concutere
794 4240 1057 4305 noluisse,
1090 4245 1182 4299 sed
1217 4262 1308 4301 res
1336 4257 1559 4305 nostras
1584 4249 1653 4306 ad
1682 4250 2052 4311 Eeclesiarum

465 4327 762 4385 utilitatem
802 4332 1099 4389 moderari.
1153 4334 1545 4395 Moderationis
1592 4350 1777 4399 autem
1828 4346 2054 4403 modum

467 4420 635 4476 iidem
673 4423 1070 4494 religiosissimi
1107 4428 1323 4484 diaconi
1358 4432 1627 4502 aperient.
1667 4434 1865 4495 Omnia
1907 4439 2054 4495 enim

468 4514 688 4572 abunde
719 4520 1098 4587 prastitimus,
1121 4530 1181 4579 ut
1208 4538 1373 4579 nemo
1401 4529 1750 4584 concordiam
1772 4545 1894 4601 quae
1912 4531 2056 4587 facta

468 4606 639 4662 fuerit
690 4612 981 4680 repudiare
1027 4616 1221 4684 possit.
1272 4615 1503 4687 Suscipe
1550 4619 1757 4689 itaque,
1802 4623 2054 4687 obsecro,

470 4698 666 4755 libenti
706 4703 891 4759 animo
932 4705 1130 4762 fratres
1174 4708 1270 4777 qui
1304 4708 1456 4777 pacis
1488 4709 1631 4766 bona
1664 4712 1763 4767 tibi
1793 4713 2055 4777 atterunt,

471 4800 703 4861 aretque
733 4802 825 4849 tua
858 4796 1123 4853 sanctitas
1157 4810 1217 4853 ut
1251 4798 1459 4855 Christi
1495 4800 1759 4860 Eeclesiis
1803 4819 1893 4859 res
1933 4821 2061 4874 pro-

472 4895 633 4948 spere
662 4881 843 4936 cedat.
870 4884 942 4940 Ut
964 4886 1112 4940 enim
1152 4887 1386 4943 allectus
1418 4888 1537 4959 lege
1570 4906 1671 4945 nos
1706 4891 1803 4947 tibi
1836 4893 2062 4951 tradidi-

2150 3790 2299 3859 τάτῳ
2329 3788 2424 3842 καὶ
2457 3783 2803 3855 περιϐλέπτῳ
2844 3778 3180 3853 Ἀριστολάῳ
3210 3778 3286 3850 τῷ
3328 3779 3598 3851 τριϐούνῳ
3640 3777 3744 3832 καὶ

2152 3881 2406 3953 νοταρίῳ,
2437 3879 2495 3941 ὃς
2526 3876 2765 3933 συνεῖδεν
2803 3875 2867 3927 ἐκ
2907 3872 3016 3927 τῶν
3044 3870 3174 3943 παρ’
3209 3870 3370 3943 ἡμῶν
3396 3871 3743 3942 κινουμένων

2155 3972 2495 4045 πραγμάτων
2531 3970 2778 4039 κρεῖττον
2805 3959 2941 4017 εἶναι
2970 3962 3029 4015 τὸ
3050 3962 3199 4033 παρὰ
3238 3960 3502 4033 βραχείας
3534 3960 3739 4014 συλλα-

2155 4065 2257 4128 ϐὰς
2282 4060 2518 4134 ἰσχυρῶς
2565 4060 2659 4114 καὶ
2688 4056 2927 4128 βεϐαίως
2960 4052 3212 4125 ἀλλήλοις
3258 4054 3403 4127 ἡμᾶς
3437 4051 3742 4124 συμϐῆναι.

2155 4157 2321 4228 Δέχου
2361 4151 2475 4219 οὖν,
2532 4149 2859 4224 παρακαλῶ,
2894 4149 2989 4202 καὶ
3036 4148 3105 4202 τά
3157 4146 3288 4219 παρ’
3337 4146 3493 4218 ἡμῶν
3540 4140 3600 4199 εὖ
3643 4145 3747 4198 καὶ

2156 4250 2336 4315 καλῶς
2370 4248 2464 4302 καὶ
2495 4246 2674 4300 πᾶσαν
2706 4242 2859 4313 ἰσχὺν
2888 4239 3081 4313 ἔχοντα
3110 4239 3188 4302 εἰς
3236 4237 3609 4310 πληροφορίαν
3637 4237 3747 4307 τὴν

2159 4344 2277 4417 σὴν,
2314 4324 2325 4334 ⁸
2355 4336 2781 4410 οἰκονομηθέντα
2858 4334 2955 4405 μέν
3027 4334 3124 4387 καὶ
3199 4329 3603 4401 ἐπεσταλμένα,
3644 4328 3749 4381 καὶ

2162 4433 2352 4507 μηδείς
2400 4450 2460 4486 σε
2519 4429 2737 4501 εἰσέλθῃ
2789 4425 3071 4497 λογισμὸς,
3119 4423 3194 4487 ὡς
3251 4421 3408 4493 ἡμῶν
3435 4438 3489 4474 τι
3537 4421 3594 4472 ἐν
3628 4422 3751 4483 τοῖς

2159 4525 2544 4602 προκειμένοις
2603 4519 2927 4589 πανούργως
2981 4515 3359 4588 πεπραχότων.
3422 4510 3755 4602 Ἐπίσταται

2159 4601 2269 4690 γάρ
2304 4616 2462 4691 ἡμῶν
2496 4616 2557 4669 τὺ
2596 4610 2858 4674 συνειδὸς,
2907 4609 3003 4662 καὶ
3033 4607 3125 4661 τὸν
3155 4603 3362 4661 ἄνωθεν
3403 4602 3562 4697 ἕλκει
3583 4601 3755 4697 pde
3799 4668 3816 4697 θ

2160 4729 2322 4783 τυρα,
2351 4709 2426 4769 ὡς
2458 4707 2520 4759 οὐ
2568 4705 2639 4758 τά
2688 4703 2755 4757 σὰ
2791 4697 3042 4771 σαθρῶςί
3078 4697 3477 4770 ἐϐουλήθημεν,
3515 4694 3651 4749 ἀλλὰ
3678 4694 3759 4750 τὰ

2162 4801 2283 4856 καθ’
2315 4801 2463 4871 ἡμᾶς
2516 4794 2713 4857 αὐτοὺς
2764 4791 3118 4862 οἰκονομῆσαι
3178 4788 3314 4859 πρὸς
3381 4787 3443 4841 τὸ
3503 4787 3760 4840 συνοῖσον

2162 4896 2280 4956 ταῖς
2311 4891 2405 4944 τοῦ
2438 4886 2677 4960 Χριστοῦ
2722 4883 3087 4954 Ἑκκλησίαις.
3140 4880 3358 4953 Ἐροῦσι
3400 4879 3456 4933 δὲ
3496 4880 3546 4932 οἱ
3593 4878 3763 4933 αὐτοὶ

474 4986 618 5035 mus,
650 4972 733 5030 sic
757 4974 922 5030 etiam
947 4991 1206 5034 curamus
1239 4988 1295 5035 et
1323 4980 1594 5046 volumus,
1622 4982 1873 5053 adeoque
1908 4996 2045 5054 Opta

2169 4976 2556 5039 εὐλαϐέστατοι
2603 4979 2839 5034 διάκονοι
2891 4977 2981 5029 τὸν
3024 4975 3226 5045 τρόπον
3271 4973 3365 5043 τῆς
3410 4969 3760 5040 οἰκονομίας.

438 5078 600 5118 unus
663 5072 725 5119 ut
762 5082 925 5123 nemo
963 5084 1193 5139 prorsus
1230 5087 1422 5126 eorum
1462 5073 1554 5141 qui
1597 5074 1742 5143 apud
1791 5091 1891 5129 nos
1933 5091 2045 5130 sun

2173 5075 2496 5145 Πέπρακται
2537 5069 2647 5141 γὰρ
2681 5069 2813 5139 ἡμῖν
2844 5063 3271 5135 ἁπαραλείπτως
3314 5063 3551 5123 ἅπαντα,
3583 5059 3661 5123 ὡς
3686 5058 3764 5113 ἂν

475 5171 587 5211 non
612 5157 805 5213 eadem
834 5161 1121 5216 nobiscum
1154 5161 1435 5227 decernat,
1468 5179 1593 5218 cum
1632 5164 1791 5221 nobis
1836 5166 1968 5222 illud
2008 5169 2043 5223 it

2175 5167 2360 5239 μηδεὶς
2408 5163 2521 5233 ἔχοι
2563 5159 2870 5228 ἁφοσιῶσαι
2904 5155 3047 5210 κατὰ
3082 5155 3181 5225 τῆς
3209 5153 3506 5224 γενομένης
3534 5148 3762 5221 συμϐά-

477 5249 672 5316 primis
710 5264 858 5305 cura:
891 5251 962 5305 sit
995 5260 1056 5307 ut
1087 5253 1345 5323 aequitate
1376 5263 1433 5309 et
1464 5256 1837 5312 moderatione
1867 5258 2041 5330 singul

2176 5276 2333 5322 σεως,
2373 5256 2541 5325 Δέχου
2575 5249 2691 5316 οὖν,
2733 5247 3058 5320 παρακαλῶ,
3111 5244 3282 5319 ἡδέως
3323 5244 3450 5309 τοὺς
3490 5242 3766 5312 ἀδελφοὺς

477 5341 894 5409 pertrahantur,
914 5343 1114 5413 quibus
1130 5344 1324 5416 exigua
1338 5345 1747 5415 adhortatione,
1772 5351 1884 5413 imo
1896 5353 2045 5408 ductt

2173 5352 2394 5425 εἰρήνης
2429 5365 2513 5402 σοι
2540 5343 2720 5415 ἀγαθὰ
2748 5339 3239 5414 προσκομίζοντας,
3263 5338 3358 5394 καὶ
3390 5334 3638 5409 εὐχέσθω
3659 5350 3763 5387 σου

1548 5502 1721 5561 Variae
1747 5506 2013 5565 lectiones
2041 5508 2251 5564 codicis
2289 5501 2651 5579 Seguieriani.

557 5615 570 5654 ι
616 5604 703 5658 ἵσ.
730 5604 983 5678 σαθροῦν,

2010 5731 2238 5793 NOTAE.

561 5838 639 5906 (Ι)
678 5837 761 5897 Ex
781 5840 946 5915 Regis
974 5838 1353 5902 Christianiss.
1386 5844 1728 5905 bibliotheca
1751 5846 1939 5905 Graece
1970 5862 2120 5903 nunc
2160 5845 2399 5919 primum
2433 5853 2488 5902 et
2523 5844 2716 5902 Latine
2745 5842 2913 5901 edita.
2947 5842 3243 5901 Anauros.
