4048 6438
315 376 429 431 9:69
1663 383 2000 442 EPISTOLA
2036 385 2247 445 XLVIII
2255 433 2265 444 .
3503 405 3611 462 230

312 501 346 564 ὴ
390 493 620 562 ὁσιότης
649 495 838 556 αἰσίως
882 499 1009 559 ταῖς
1052 496 1144 550 τοῦ
1185 495 1417 566 Χριστοῦ
1473 496 1820 566 Ἐκκλησίαις
1853 500 1919 553 τὰ

2025 512 2215 560 nostro
2246 506 2548 564 etiamnum
2575 524 2715 580 opus
2731 520 2837 578 est,
2862 513 2930 568 ad
2957 514 3213 570 Ecclesuae
3241 515 3526 574 catholicae
3553 530 3610 575 et

305 589 634 659 πράγματα
673 585 1018 652 προϐαίνειν.
1053 589 1262 658 Ὥσπερ
1296 587 1405 656 γὰρ
1447 589 1672 652 ἑαυτοὺς
1719 589 1914 662 φέρον-

2026 593 2105 648 rei
2135 593 2461 651 Christiana:
2497 599 2808 656 utilitatem.
2855 602 3002 658 Scito
3045 605 3209 675 igitur
3248 607 3471 664 eosdem
3507 625 3608 664 nos

311 693 402 740 τες
423 674 510 744 τῷ
547 674 649 746 τῆς
680 674 976 740 διαθέσεως
1002 677 1154 748 νόμῳ
1179 676 1587 749 ὲπιδεδὼκαμέν
1605 696 1708 744 σοι,
1742 681 1915 745 οὕτως

2013 699 2132 739 esse
2159 702 2296 756 quos
2329 700 2490 744 antea
2513 693 2678 757 nosti,
2696 694 3051 765 ejusdemque
3074 712 3203 768 erga
3228 707 3278 753 te
3299 699 3490 764 animi,
3508 716 3606 756 seu

313 768 405 818 καὶ
445 767 839 837 σπουδάζομεν
877 769 974 822 καὶ
997 768 1324 839 βουλόμεθα,
1363 769 1562 839 μᾶλλον
1595 771 1651 824 δὲ
1689 773 1785 825 καὶ
1826 774 1917 826 εὑ-

2015 778 2223 842 mittas,
2249 796 2345 836 seu
2373 798 2402 836 a
2423 783 2583 840 nobis
2605 785 2818 842 litteras
2847 788 3102 858 accipias.
3137 767 3292 862 155
3316 792 3432 847 Hoc
3455 794 3606 848 enim

309 853 524 925 χόμεθα
567 856 779 926 μηδένα
825 856 934 910 τῶν
980 856 1114 928 παρ’
1155 858 1284 927 ἡμῖν
1343 858 1699 929 παραλιπεῖν,
1743 861 1801 924 ὃς
1853 863 1912 914 οὐ

2015 876 2071 922 et
2105 869 2266 924 nobis
2298 873 2405 926 erit
2433 885 2780 943 ornamento,
2805 886 2861 932 et
2892 887 3040 934 tuam
3071 883 3414 937 sanctitatem
3446 899 3603 938 coro-

307 949 374 999 ti
433 947 582 1000 αὐτὰ
637 951 773 1019 ἡμῖν
816 949 1124 1019 σκέψηται,
1177 950 1333 1020 ἡμῶν
1389 953 1628 1024 σπουδὴν
1680 955 1915 1024 ἑχόντων

2015 959 2190 1013 nabit.
2243 961 2566 1021 Universam
2617 979 2799 1024 tecum
2849 969 3252 1028 fraternitatem
3303 974 3604 1045 plurimum

306 1037 664 1104 ἀνεξικάκως
708 1041 804 1092 καὶ
857 1040 1222 1110 οἰκονομικῶς
1271 1043 1416 1096 κατὰ
1476 1044 1642 1114 μέρος
1687 1046 1918 1116 ὲκφέρε·
2018 1051 2339 1108 salutamus.

307 1131 487 1183 σοαιι
540 1131 674 1195 τοὺς
714 1131 998 1201 ὀλιγίστης
1047 1133 1428 1226 παραμυθίας,
1494 1135 1694 1202 μᾶλλον
1751 1135 1806 1188 δὲ
1851 1136 1943 1188 καὶ
1981 1137 2203 1208 ὁδηγίας
2274 1145 2403 1212 παρ’
2440 1146 2595 1216 ἡμῶν
2643 1148 2724 1201 ἔτι
2779 1149 3055 1221 δεομένοις
3108 1153 3201 1206 ἐπὶ
3267 1156 3601 1226 συμφέροντι

303 1224 405 1293 τῆς
440 1223 753 1295 καθολικῆς
796 1223 1143 1294 Ἐκκλησίας,
1209 1226 1302 1279 καὶ
1351 1226 1460 1280 τῶν
1497 1229 1554 1279 ὲν
1589 1231 1726 1300 αὐτῇ
1795 1233 2160 1302 πραγμάτων.
2194 1236 2269 1291 Εὖ
2323 1239 2428 1292 ἴσθι
2469 1244 2754 1314 τοιγαροῦν
2823 1247 2953 1310 τοὺς
2997 1247 3194 1312 αὐτοὺς
3248 1223 3389 1302 εἶναι
3428 1223 3600 1321 ημᾶς,

306 1317 520 1386 οὕσπερ
575 1314 718 1386 ᾔδης
794 1317 888 1368 καὶ
960 1317 1257 1388 πρότερον,
1325 1321 1467 1389 μετὰ
1504 1322 1603 1392 τῆς
1651 1323 1818 1394 αὐτῆς
1859 1323 2172 1410 διαθέσεως,
2238 1333 2334 1386 καὶ
2384 1335 2618 1405 πέμπων
2673 1339 2769 1392 καὶ
2816 1340 3104 1410 δεχόμενος
3150 1341 3218 1397 τὰ
3270 1344 3399 1414 παρ’
3444 1345 3604 1414 ἡμῶν

308 1408 642 1479 γράμματα.
679 1406 854 1462 Τοῦτο
880 1407 988 1479 γὰρ
1055 1409 1147 1462 καὶ
1174 1412 1321 1481 ἡμᾶς
1366 1414 1656 1486 κοσμήσει,
1708 1417 1803 1468 καὶ
1847 1416 1946 1486 τὴν
1987 1418 2085 1490 σὴν
2151 1423 2410 1495 ὁσιότητα
2457 1429 2814 1497 στεφανώσει.
2856 1433 3040 1488 ιιᾶσαν
3077 1432 3175 1504 τὴν
3213 1434 3310 1489 σὺν
3343 1435 3427 1488 σοὶ
3449 1436 3604 1490 ἀδελ-

314 1500 516 1569 ςοτητσ.
547 1499 788 1554 πλεῖστα
811 1501 1309 1574 προσαγορεύομεν.
1995 1519 1997 1522 ’

1499 1822 1838 1882 EPISTOLA
1875 1825 2088 1883 XLVIII
2125 1830 2218 1900 (οι.
2262 1830 2447 1902 XLII.)

1134 1988 1346 2029 ενιιιιιῑ
1377 1991 1443 2052 λυ
1468 1991 2030 2077 υοΝΛτυκ.Νιοοιιυι.ιε
2057 2001 2284 2041 VETEBIS
2307 2002 2452 2042 Ειδιιιι
2481 2005 2790 2049 εΡΙθΕΟΡυΙΙ.

876 2128 1152 2186 Unitatem
1191 2130 1442 2187 Ecclesia:
1485 2136 1786 2188 restitutam
1827 2138 2068 2202 nuntiat,
2110 2155 2221 2192 rem
2265 2150 2469 2211 gestant
2494 2155 2742 2200 accurate
2782 2162 3062 2218 exponens.

408 2285 602 2357 Κυρὶφ
636 2302 730 2355 μου
768 2285 1048 2356 ἀγαπητῷ
1099 2285 1315 2358 ἀδελφῷ
1364 2288 1460 2342 καὶ
1505 2287 1910 2362 συλλειτουργῷ

2083 2293 2316 2350 Domino
2342 2311 2466 2349 meo
2485 2295 2686 2353 dilecto
2708 2298 2864 2354 fratri
2888 2309 2943 2355 et
2966 2302 3343 2359 comministro
3363 2305 3596 2377 Donato,

327 2380 563 2448 Δονάτῳ,
593 2375 855 2446 Κύριλλος
887 2378 948 2430 ἐν
970 2377 1164 2448 Κυρίῳ
1196 2378 1426 2450 χαίρειν.

2013 2383 2252 2457 Cyrillus
2282 2386 2337 2440 in
2363 2386 2594 2440 Domino
2622 2387 2873 2443 salutem.

387 2470 512 2520 Δεῖν
537 2468 724 2540 ᾠήθην
746 2471 815 2539 τῇ
848 2471 918 2538 σῇ
950 2468 1233 2541 θεοσεϐείᾳ
1252 2471 1321 2524 τὰ
1353 2469 1912 2544 παρακολουθήσαντα

2082 2473 2278 2543 Opera:
2315 2477 2548 2544 pretium
2592 2476 2722 2530 duxi
2757 2476 3016 2546 pietatem
3052 2487 3200 2533 tuam
3232 2479 3301 2536 de
3335 2481 3401 2538 iis
3433 2484 3599 2541 rebus

321 2560 406 2612 ἐπὶ
430 2562 497 2630 τῇ
522 2561 718 2630 εἰρήνῃ
739 2559 851 2612 τῶν
883 2559 1226 2631 Ἐκκλησιῶν
1258 2562 1604 2633 καταστῆσαι
1635 2565 1908 2636 γνώριμα.

328 2652 580 2720 Ἀφίκετο
610 2651 797 2706 τοίνυν
843 2654 872 2705 ὁ
905 2651 1097 2722 κύριός
1134 2669 1236 2722 μου
1265 2654 1293 2706 ό
1323 2653 1771 2724 θαυμασιώτατος
1791 2675 1912 2729 τριο

309 2743 503 2808 σοῦνος
526 2743 627 2799 καὶ
660 2743 922 2815 magno;
954 2742 1300 2813 Ἀριστόλαος
1321 2746 1398 2809 είς
1419 2745 1517 2814 τὴν
1557 2747 1910 2819 Ἀντιόχειαν,

308 2834 720 2906 ὲπιφερόμθος
751 2835 853 2888 καὶ
893 2833 1184 2903 βασιλικὰς
1221 2835 1517 2903 συλλαϐὰς,
1571 2843 1628 2894 αἱ
1669 2858 1910 2912 παρεκε-

308 2924 532 2980 λεύοντο
573 2926 673 2981 τὸν
719 2926 1123 2982 ιῦλασέσητον
1167 2927 1270 2999 τῆς
1318 2929 1639 3002 ⁹Δντιοχιίων
1685 2934 1915 3006 Ἐκκλη-

308 3018 431 3083 σίας
493 3019 814 3073 ῑπίσκοπον
891 3017 1172 3090 Ἰωάννην,
1227 3020 1629 3093 ἀναθεματίσαι
1688 3025 1788 3094 μὲν
1846 3027 1913 3083 τὰ

312 3111 485 3182 μιαρὰ
519 3111 620 3165 τοῦ
648 3111 956 3183 Νεστορίω
1001 3111 1268 3182 δόγματα,
1317 3114 1803 3186 καταψηφίσασθαι
1855 3119 1912 3172 δὲ

309 3203 405 3256 καὶ
425 3202 530 3274 τὴν
549 3202 886 3273 καθαίρεσιν
912 3201 1104 3267 αὑτοῦ,
1120 3202 1260 3256 ’καθ’
1285 3205 1591 3276 ὁμοιότητα
1614 3207 1716 3277 τῆς
1745 3209 1914 3278 ἁγίας

314 3295 557 3360 συνόδου,
591 3293 843 3363 ζητῆσαί
859 3312 921 3348 τε
951 3295 1098 3352 οὕτω
1119 3295 1220 3368 τὴν
1243 3298 1375 3369 παρ’
1406 3298 1567 3369 ἡμῶν
1603 3304 1910 3357 κοινωνίαν.

313 3387 422 3440 Καὶ
454 3387 492 3458 ἡ
525 3387 632 3458 μὲν
666 3385 905 3458 δύναμις
935 3387 1046 3441 τῶν
1084 3388 1490 3460 γεγραμμένων
1554 3389 1714 3461 αῦτη.
1760 3393 1915 3455 Τινὲς

310 3477 368 3529 δὲ
404 3477 516 3532 τῶν
557 3477 710 3531 κατὰ
737 3477 842 3548 τὴν
873 3479 1168 3550 Ἂνατολὴν
1201 3481 1538 3546 ἐπισκόπων,
1587 3481 1742 3536 οὔπω
1772 3485 1912 3557 τάχα

316 3568 617 3640 Νεστορίου
647 3568 1236 3641 καταγινώσκοντες,ἤ
1270 3570 1366 3625 καὶ
1405 3574 1742 3643 προστασίαν
1763 3576 1912 3647 αὐτῴ

318 3662 597 3730 νέμοντες,
641 3662 746 3730 τὴν
786 3661 956 3732 ὀρθὴν
994 3663 1152 3731 ἡμῶν
1195 3663 1424 3717 λυποῦσι
1477 3665 1694 3719 πίστιν·
1722 3666 1815 3720 καὶ
1845 3671 1911 3740 τῇ

313 3753 439 3826 δόξῃ
463 3755 562 3807 τοῦ
589 3755 812 3807 πάντων
836 3754 994 3824 ἡμῶν
1010 3755 1268 3826 Σωτῆρος·
1284 3757 1522 3827 Χριστοῦ
1543 3759 1914 3830 προσκρούου-

315 3863 398 3897 σιν
428 3847 492 3898 οὐ
525 3845 793 3916 μετρίως,
848 3846 1276 3917 παρεσκεύασὰν
1309 3865 1376 3900 τε
1411 3849 1621 3919 γράψαι
1667 3850 1807 3921 πρός
1840 3869 1907 3923 με

317 3938 405 3990 τὸν
449 3937 883 3990 θεοσεϐέστατον
939 3939 1036 3991 καὶ
1101 3939 1399 3993 ὁσιώτατον
1456 3941 1557 4011 τῆς
1609 3942 1914 4016 Βερῤοιὲων

314 4030 624 4084 ἐπίσκοπον
667 4029 929 4094 Ἀκάκιον,
971 4032 1157 4084 είκαῖά
1181 4048 1324 4093 τινα,
1367 4032 1442 4095 ὡς
1478 4033 1658 4087 αὐτῶν
1703 4036 1914 4090 αἰτούν-

313 4140 442 4181 των.
476 4123 682 4192 χρῆναι
733 4121 832 4192 μὲν
885 4122 1104 4176 ἅπαντα
1146 4123 1213 4174 τὰ
1267 4124 1400 4193 παρ’
1427 4124 1585 4194 ἡμῶν
1629 4127 1914 4196 γραφέντα

314 4209 465 4271 κατὰ
488 4209 795 4280 Νεστορίω
841 4211 1240 4280 παραλύεσθαι,
1276 4213 1363 4266 καὶ
1405 4213 1480 4276 ὡς
1510 4214 1690 4287 ἄκυρα
1726 4218 1913 4288 ῥίπτε-

312 4299 440 4352 σθαι
459 4316 478 4331 ο
509 4299 810 4353 συνθέσθαι
838 4301 896 4354 δὲ
951 4301 1097 4372 μόνῳ
1127 4301 1204 4370 τῷ
1259 4304 1521 4375 Συμόόλῳ
1543 4306 1652 4378 τῆς,
1677 4308 1913 4373 πίστεως

312 4392 410 4460 τῆς
459 4390 790 4462 ὁρισθείσης
818 4391 970 4462 παρὰ
999 4393 1108 4445 τῶν
1130 4394 1300 4461 ἁγίων
1349 4396 1610 4468 Πατέρων
1633 4400 1690 4451 ἐν
1717 4402 1785 4471 τῇ
1815 4401 1914 4454 Νι-

311 4486 499 4538 καέων
532 4483 713 4536 πόλει.
756 4477 878 4536 Οἵδε
904 4483 961 4536 δὲ
988 4485 1021 4556 ἡ
1052 4485 1119 4556 σὴ
1151 4487 1369 4558 ὁσιότης
1397 4489 1478 4541 ὅτι
1513 4490 1759 4544 τοιαῦται
1811 4493 1914 4546 πά-

310 4572 399 4626 la:
437 4573 632 4626 αὐτῶν
668 4573 725 4624 ai
774 4572 1068 4643 προτάσεις
1100 4570 1240 4644 ἦσαν
1294 4577 1434 4629 κατὰ
1470 4577 1568 4648 τὴν
1597 4579 1705 4633 τῶν
1753 4582 1912 4650 Ἐφε..

310 4666 447 4718 σίων
503 4663 687 4717 πόλιν.
736 4661 878 4730 Ἐγὼ
926 4663 983 4715 δὲ
1044 4665 1182 4736 πρὸς
1248 4667 1424 4720 ταῦτα
1481 4670 1758 4739 γέγραφα,
1829 4676 1912 4728 ὅτι

311 4757 558 4827 πρᾶγμα
590 4753 839 4809 αἰτοῦσιν
870 4753 972 4807 οὐκ
993 4755 1341 4827 ἐνδεχόμενον
1365 4773 1380 4790 ⁸
1410 4762 1770 4834 γεγράφαμεν
1805 4765 1911 4836 γὰρ

310 4846 517 4916 ὀρθῶς,
549 4845 590 4900 ἃ
645 4845 1025 4917 γεγράφαμεν,
1061 4849 1125 4918 τῇ
1156 4847 1288 4919 ὀρθῇ
1331 4852 1425 4904 καὶ
1454 4853 1746 4925 ἀμωμήτῳ
1787 4873 1911 4909 συν-

2014 2566 2307 2620 certiorem
2335 2566 2537 2632 facere,
2562 2583 2682 2636 quae
2712 2584 2878 2639 super
2902 2569 3275 2626 Ecelesiarum
3302 2589 3437 2644 pace
3463 2592 3599 2632 con-

2013 2658 2292 2712 stituenda
2333 2669 2657 2714 evenerunt.
2697 2661 2860 2716 Venit
2908 2661 3094 2733 itaque
3143 2665 3401 2722 dominus
3446 2685 3603 2724 meus

2013 2748 2472 2818 praeclarissimus
2518 2750 2777 2806 tribunus
2802 2760 2860 2807 et
2883 2754 3134 2810 notarius
3160 2755 3465 2814 Aristolaus
3488 2760 3602 2814 An»

2015 2840 2296 2907 tiochiam,
2335 2842 2551 2898 litteras
2601 2845 2779 2915 regias
2835 2861 3024 2902 secum
3075 2847 3358 2914 deferens,
3401 2853 3605 2923 quibus

2012 2931 2208 2987 Joa’nni
2235 2933 2484 3004 piissimo
2510 2934 2769 2990 Ecclesiae
2791 2936 3147 2994 Antiocheam
3168 2941 3428 3013 episcopo
3453 2961 3606 2999 man-

2013 3021 2270 3087 dabatur,
2305 3030 2367 3077 ut
2399 3024 2666 3079 scelerata
2705 3026 2946 3082 Nestorii
2986 3027 3240 3100 dogmata
3281 3033 3602 3088 anathema-

2014 3113 2230 3178 tizaret,
2261 3130 2476 3169 necnon
2503 3131 2609 3169 una
2637 3131 2761 3169 cum
2789 3127 2977 3172 sancta
3003 3119 3213 3188 synodo
3243 3121 3605 3192 depositionis

2015 3205 2342 3260 sententiam
2385 3213 2577 3260 contra
2621 3206 2776 3260 illum
2821 3207 3012 3275 ferret,
3044 3219 3209 3280 atque
3247 3213 3321 3267 ita
3359 3224 3601 3268 nostram

2014 3296 2458 3351 communionem
2485 3305 2718 3367 peteret.
2751 3298 2820 3354 Et
2850 3300 2968 3355 haec
2995 3301 3218 3370 quidem
3248 3304 3604 3359 continebant

2015 3387 2123 3443 illa:
2152 3387 2371 3443 litterae.
2407 3388 2641 3454 Quidam
2673 3397 2859 3444 autem
2887 3405 2954 3445 ex
2981 3391 3355 3447 Orientalibus
3383 3394 3602 3465 episco-

2015 3480 2100 3550 pis
2122 3481 2214 3550 qui
2240 3479 2552 3535 Nestorium
2579 3481 2720 3536 forte
2743 3483 2979 3536 necdum
3015 3485 3472 3550 condemnarunt,
3505 3495 3604 3542 aut

2015 3570 2180 3624 etiam
2216 3571 2294 3624 illi
2331 3570 2534 3636 favent,
2572 3578 2778 3626 rectam
2809 3582 3054 3627 nostram
3091 3574 3254 3629 ﬁdem
3291 3574 3600 3641 offendunt,

2014 3669 2071 3714 et
2090 3658 2294 3715 Christi
2321 3662 2567 3716 omnium
2591 3671 2840 3718 nostrum
2871 3663 3171 3718 Salvatoris
3192 3663 3420 3734 gloriam
3453 3663 3602 3718 haud

2015 3752 2372 3809 mediocriter
2432 3765 2789 3827 oppugnant,
2839 3764 3006 3826 atque
3060 3755 3136 3810 ita
3196 3756 3604 3812 sanctissimum

2015 3844 2433 3914 piissimumque
2477 3845 2738 3901 Acacium
2790 3847 3210 3902 Berrhoeensem
3259 3846 3601 3916 episcopum,

2016 3945 2078 3990 ut
2121 3936 2187 3990 ad
2228 3951 2315 3990 me
2353 3937 2591 3992 absurda
2627 3938 2875 4008 quadam
2920 3939 3210 4003 scriberet,
3243 3937 3603 4002 induxerunt,

2015 4037 2283 4097 tanquam
2313 4027 2415 4100 ipsi
2451 4028 2793 4098 postularent
2842 4037 3100 4100 oportere
3145 4037 3208 4083 ut
3259 4028 3445 4083 omnia
3482 4043 3606 4097 quae

2014 4117 2280 4172 adversus
2295 4098 2606 4172 Nestorium
2625 4119 2966 4188 scripsimus,
2986 4118 3363 4182 abolerentur,
3381 4124 3441 4172 et
3451 4118 3605 4171 velut

2015 4209 2172 4264 irrita
2210 4211 2594 4280 rejicerentur,
2631 4211 2918 4280 solumque
2970 4209 3288 4280 Symbolum
3335 4225 3365 4262 a
3400 4210 3606 4264 sanctis

2014 4298 2271 4353 Patribus
2318 4298 2373 4352 in
2421 4299 2642 4353 civitate
2687 4298 2872 4352 Nicaea-
2907 4297 3251 4367 congregatis
3287 4296 3603 4365 expositum

2015 4389 2451 4443 admitteremus.
2492 4388 2739 4442 Meminit
2771 4387 3031 4443 sanctitas
3067 4394 3158 4441 tua
3187 4403 3368 4456 nuper
3399 4387 3602 4457 Ephesi

2015 4496 2234 4550 quoque
2279 4481 2549 4550 ejusmodi
2595 4480 2664 4534 ab
2713 4480 2822 4534 illis
2862 4479 3177 4550 propositas
3213 4479 3381 4536 fuisse
3415 4481 3604 4536 condi-

1975 4617 1980 4622 .
2016 4572 2212 4626 tiones.
2251 4571 2365 4639 Ego
2397 4585 2529 4626 vero
2558 4571 2624 4624 ad
2659 4571 2777 4626 haec
2809 4570 3093 4641 rescripsi,
3122 4585 3238 4625 rem
3270 4570 3392 4626 illos
3416 4579 3604 4640 postu-

2014 4665 2128 4718 lare
2157 4679 2280 4733 quae
2303 4664 2420 4718 ﬁeri
2448 4664 2606 4733 plane
2632 4679 2740 4718 non
2771 4663 2966 4733 possit,
2988 4678 3056 4717 eo
3078 4662 3226 4733 quod
3257 4679 3602 4734 quascunque

2014 4754 2355 4824 scripsimus,
2395 4767 2543 4811 recte
2579 4756 2985 4825 scripserimus,
3025 4765 3214 4826 utpote
3259 4763 3422 4810 rectae
3459 4755 3600 4810 inte-

2013 4866 2233 4919 graeque
2261 4849 2387 4904 ﬁdei
2415 4850 2857 4918 patrocinantes;
2890 4848 3140 4917 nihilque
3172 4863 3401 4918 prorsus
3433 4864 3502 4902 ex
3536 4848 3604 4902 iis

315 4935 688 5005 αγορεύοντες
713 4935 896 4989 πίστει
912 4952 927 4968 ⁸
964 4936 1058 4990 καὶ
1079 4937 1231 4992 οὐδὲν
1254 4939 1316 4992 τὸ
1339 4943 1603 5010 παράπαν
1627 4945 1736 4998 τῶν
1769 4947 1914 5001 ἰδίων

2015 4955 2136 5009 qua:
2159 4955 2190 4992 a
2213 4939 2374 4993 nobis
2396 4940 2598 5008 scripta
2621 4947 2827 5002 essent,
2855 4954 3054 5009 negare
3079 4954 3180 4994 nos
3202 4955 3383 5009 posse.
3413 4939 3604 5008 Neque

315 5025 662 5095 ἀρνούμεθα.
693 5026 770 5079 Οὐ
794 5025 904 5096 γὰρ
926 5027 1143 5099 εἴρηταί
1175 5047 1228 5083 τι
1246 5027 1290 5096 ι,
1329 5032 1583 5104 καθάπερ
1611 5035 1764 5090 αὐτοί
1811 5056 1912 5107 φα-

313 5132 422 5179 σιν,
456 5116 781 5186 ἀτημελῶς,
815 5119 953 5172 ἀλλὰ
987 5119 1088 5190 τῆς
1121 5120 1413 5192 ὀρθότητος
1450 5125 1684 5196 ἐχόμενα
1720 5147 1913 5182 παντε-

311 5208 421 5272 λῶς
461 5210 566 5262 καὶ
600 5209 880 5279 πανταχοῦ
912 5210 1009 5263 καὶ
1037 5214 1104 5282 τῇ
1123 5215 1222 5278 τῆς
1249 5214 1510 5286 ἀληθείας
1531 5217 1759 5288 δυνάμει
1791 5237 1916 5272 συν-

2017 5032 2165 5086 enim
2207 5033 2507 5101 quidquam
2541 5031 2766 5085 omnino
2807 5039 3017 5084 temere
3054 5046 3086 5084 a
3125 5044 3212 5083 me
3255 5030 3468 5083 dictum
3492 5037 3597 5092 est,

2021 5133 2082 5176 ut
2105 5122 2207 5191 ipsi
2231 5122 2426 5176 dicunt
2450 5138 2463 5175 :
2491 5123 2584 5177 sed
2607 5138 2671 5176 ea
2695 5131 2906 5176 tantum
2949 5137 3072 5189 quae
3105 5135 3229 5172 cum
3271 5119 3398 5172 ﬁdei
3438 5121 3601 5172 recti—

2017 5215 2206 5270 tudine
2259 5215 2466 5284 ubique
2522 5215 2832 5276 cohaerent,
2884 5211 3216 5278 veritatique
3264 5224 3361 5278 per
3411 5209 3598 5265 omnia

313 5301 587 5369 τρέχοντα
613 5316 628 5330 ·
655 5299 854 5369 χρῆναι
883 5300 941 5354 δὲ
984 5302 1184 5371 μᾶλλον
1219 5303 1418 5367 αὐτοὺς
1454 5306 1528 5377 μὴ
1560 5307 1918 5379 περιδρομαῖς

2015 5307 2374 5362 consentiunt
2405 5325 2417 5359 :
2449 5307 2771 5376 aequiusque
2802 5303 2975 5357 multo
2999 5317 3120 5356 esse
3156 5308 3216 5354 ut
3244 5300 3369 5371 ipsi,
3407 5301 3598 5356 amba-

312 5407 426 5444 τισι
477 5391 578 5444 καὶ
627 5390 922 5455 ἀναϐολαῖς
953 5394 1259 5463 κεχρῆσθαι
1295 5396 1594 5460 τοιαύταις,
1638 5400 1775 5468 μήτε
1812 5401 1917 5472 μὴν

2015 5399 2178 5470 gibus
2203 5399 2314 5453 illis
2340 5415 2403 5453 ac
2427 5398 2784 5454 dilationibus
2809 5394 3013 5464 quibus
3039 5393 3338 5448 utebantur
3389 5395 3593 5458 missis,

316 5479 426 5548 ἔξω
484 5479 758 5550 φέρεσθαι
796 5483 910 5534 τῶν
937 5483 1278 5549 ἀναγκαίων,
1321 5484 1460 5538 ἀλλὰ
1497 5488 1640 5541 κατὰ
1672 5489 1734 5542 τὸ
1759 5490 1916 5558 δόξαν

2021 5492 2181 5563 156
2211 5507 2389 5562 neque
2430 5493 2573 5546 ultra
2616 5504 2778 5559 quam
2825 5486 3122 5541 necessitas
3160 5489 3420 5558 p'ostulat,
3466 5501 3594 5560 pro-

1410 5639 1586 5696 Varite
1609 5641 1874 5700 lectiones
1911 5644 2117 5701 codicis
2153 5644 2512 5717 Seguicriani.

391 5790 420 5830 ι
462 5789 520 5844 al
571 5789 920 5860 ἐφέλκεσθαι.
1007 5790 1020 5829 ι
1069 5790 1304 5864 εἴρηται.
