4048 6434
510 392 613 448 231

1551 397 1608 454 S.
1648 397 1924 454 CYRlLLl
1962 396 2431 453 ALEXANDRINI
2471 395 2788 452 ARCIIIEP.

3667 388 3782 442 25'}.

513 505 896 576 graderentur,
934 503 1028 559 sed
1071 505 1303 576 piissimi
1340 507 1563 580 Deoque
1609 508 1950 564 dilectissimi
1986 509 2078 562 im-

2198 505 2256 561 εὖ
2286 508 2431 578 ἔχειν
2456 508 2552 561 καὶ
2579 507 2731 576 αὐτῷ
2757 504 2834 576 τῷ
2861 503 3266 576 θεοσεόεστάτῳ
3299 504 3394 559 καὶ
3421 505 3780 576 θεοφιλεστά-

512 598 784 667 peratoris
827 610 1106 667 sacraeque
1157 599 1349 671 synodi
1395 600 1608 671 placitis
1655 602 2089 672 acquiescentes,

508 689 748 744 Nestorii
774 705 949 760 nugas
975 698 1032 744 et
1061 691 1431 760 blasphemias
1467 701 1657 748 contra
1688 692 1970 748 Christum
2000 691 2088 747 di-

2196 617 2274 671 τῳ
2304 600 2537 671 βασιλεῖ,
2562 599 2738 670 καὶτῇ
2757 597 2889 670 ἁγίᾳ
2907 597 3130 667 συνόδῳ,
3156 597 3255 662 τὰς
3283 597 3577 667 Νεστορίου
3606 597 3786 669 φλυα-

2200 690 2337 763 ρίας,
2367 689 2463 744 καὶ¹
2505 689 2605 753 τὰς
2646 689 2792 744 κατὰ
2839 687 3075 758 Χριστοῦ
3111 687 3412 760 γενομένας
3436 688 3784 763 δυσφημίας,

506 790 625 836 etas
653 781 1209 848 anathematizamnt;
1244 799 1458 839 necnon
1486 792 1543 838 et
1571 783 1902 854 depositioni
1941 783 2078 839 illius

2195 781 2620 854 άναθεματίσαι,
2652 779 2987 852 ὁμολογῆσαί
3017 796 3078 832 τε
3102 779 3202 848 τὴν
3235 779 3552 850 καθαίρεσιν
3575 783 3776 848 αὐτοῦ,

505 874 911 938 consentirent,
941 885 1105 944 atque
1133 877 1534 932 ordinationem
1563 876 1894 932 sanctissimi
1929 877 2087 946 pien-

504 963 816 1034 tissimique
848 966 1092 1035 episcopi
1126 967 1438 1021 Maximiani
1471 967 1912 1037 comprobarent.
1947 966 2086 1023 Cum

504 1055 690 1126 itaque
739 1057 838 1112 has
875 1057 945 1111 ad
987 1058 1109 1112 illos
1150 1059 1362 1114 litteras
1404 1060 1696 1125 misissem,
1734 1059 2084 1115 animadver-

504 1156 684 1203 tentes
711 1163 771 1202 se
795 1150 1236 1204 communionem
1271 1152 1517 1223 recipere
1538 1168 1647 1207 non
1679 1169 1860 1223 posse,
1891 1153 1996 1208 nisi
2019 1168 2085 1209 ea

502 1251 625 1306 qua:
662 1237 842 1294 facere
880 1239 1177 1304 debebant,
1213 1242 1369 1311 prius
1400 1241 1782 1312 perfecissent,
1814 1245 2087 1301 miserunt

501 1327 886 1384 Alexandriam
923 1331 1150 1385 Paulum
1187 1334 1709 1389 reverendissimum
1741 1335 2086 1405 religiosissi-

501 1433 763 1488 mumque
803 1419 1122 1475 Emisenum
1159 1422 1501 1494 episcopum,
1530 1426 1625 1495 qui
1655 1425 1724 1480 ad
1756 1441 1844 1480 me
1872 1427 2084 1482 litteras

498 1510 742 1576 aﬂ‘erret,
769 1514 1174 1569 communionis
1196 1515 1421 1584 quidem
1453 1517 1908 1573 instaurationem
1945 1533 2081 1574 con-

443 1593 454 1600 '
497 1609 808 1664 cernentes,
831 1619 1026 1674 parum
1055 1613 1235 1660 tamen
1259 1613 1410 1662 recte
1436 1607 1687 1663 dictatas.
1710 1609 1829 1664 Prae
1847 1624 1913 1666 se
1939 1609 2084 1664 fere-

496 1694 629 1750 bant
659 1695 805 1750 enim
835 1697 1100 1767 quasdam
1134 1701 1388 1769 querelas
1428 1701 1694 1758 adversus
1721 1717 1822 1757 nos
1853 1703 2077 1770 habere,

494 1787 651 1853 quasi
682 1787 932 1856 quaedam
967 1789 1023 1844 in
1056 1805 1214 1845 sacro
1243 1792 1479 1847 concilio
1508 1808 1688 1862 neque
1721 1802 1871 1849 recte
1908 1794 2078 1860 dicta,

2193 877 2286 928 καὶ
2317 873 2606 929 συνθέσθαι
2635 875 2701 944 τῇ
2733 869 3037 943 χειροτονίᾳ
3058 869 3153 922 τοῦ
3181 871 3500 929 όσιωτάτου.
3539 874 3633 926 καὶ
3653 873 3784 927 θεο-

2195 967 2520 1020 σεϐεστάτου
2564 963 2866 1018 ἐπισκόπου
2915 961 3282 1032 Μαξιμιανοῦ.
3332 963 3552 1017 Τούτων
3579 967 3789 1026 ,τοίνυν

2192 1061 2323 1130 παρ’
2362 1057 2496 1129 ἐμοῦ
2542 1055 2993 1127 διαπεμφθέντων
3044 1053 3229 1117 αὐτοῖς
3256 1054 3367 1107 τῶν
3407 1057 3788 1128 γραμμάτων,

2193 1148 2622 1222 συνεωρακότες,
2666 1146 2748 1200 ὅτι
2800 1146 2901 1199 οὐκ
2959 1145 3027 1198 ἂν
3072 1143 3290 1197 λάϐοιεν
3333 1146 3433 1216 τὴν
3462 1149 3785 1212 κοινωνίαν,

2194 1239 2268 1312 μὴ
2289 1241 2370 1302 είς
2392 1239 2564 1310 πέρας
2588 1237 2965 1309 ἐνηνεγμένων
2987 1228 3062 1290 ὧν
3078 1235 3187 1289 ἔδει
3209 1239 3381 1288 ποιεῖν
3396 1239 3615 1305 αὐτοὺς,
3633 1240 3786 1294 ἀπο-

2191 1331 2498 1386 στέλλουσιν
2517 1332 2597 1393 είς
2613 1329 2714 1402 τὴν
2728 1329 3132 1399 Ἀλεξάνδρειαν
3147 1326 3240 1380 τὸν
3262 1328 3456 1381 εὐλαδέ
3465 1347 3655 1385 στατον
3679 1333 3787 1387 καὶ

2188 1421 2599 1492 θεοφιλέστατον
2619 1421 2919 1476 ἐπίσκοπον
2943 1423 3038 1492 τῆς
3063 1419 3374 1489 Ἑμισηνῶν
3394 1420 3624 1488 Παῦλον,
3649 1425 3786 1477 ἐπι-

2189 1513 2551 1584 κομιζόμενον
2584 1514 2721 1584 πρός
2751 1531 2818 1582 με
2845 1516 3172 1584 γράμματα,
3204 1515 3497 1570 κοινωνικὰ
3524 1514 3642 1586 μὲν,
3671 1517 3785 1569 ῦπ-

2187 1603 2552 1674 αγορευθέντα
2565 1603 2622 1656 δὲ
2641 1603 2702 1656 οὐ
2715 1612 2752 1639 ω
2771 1604 2979 1674 σςρόδρα
2997 1605 3364 1674 καθηκόντως.
3377 1604 3782 1676 Προσεποιοῦν-

2186 1713 2247 1749 το
2275 1698 2384 1768 γάρ
2415 1695 2507 1750 καὶ
2541 1695 2778 1767 μέμψεις
2813 1698 3134 1764 προσάγειν,
3165 1697 3242 1760 ὡς
3272 1697 3372 1750 οὐκ
3400 1696 3579 1769 ὀρθῶς
3609 1713 3782 1750 τινων

2187 1788 2515 1859 εἰρημένων,
2557 1787 2654 1842 καὶ
2701 1789 3112 1858 πεπραγμένων
3155 1790 3216 1842 ἐν
3252 1793 3320 1861 τῇ
3363 1791 3497 1862 ἁγίᾳ
3539 1790 3782 1862 συνόδῳ-

495 1893 674 1947 neque
705 1887 852 1934 recte
879 1880 1020 1936 facta
1045 1891 1251 1937 essent.
1283 1884 1487 1939 Verum
1514 1885 1827 1956 hujusmodi
1857 1887 2078 1957 quidem

2185 1878 2293 1930 Καὶ
2339 1877 2440 1940 τὰς
2489 1876 2588 1947 μὲν
2633 1877 2891 1940 τοιαύτας
2927 1879 3220 1942 ἐπιστολὰς
3263 1882 3323 1933 οὐ
3377 1881 3781 1952 προσηκάμην,

492 1969 755 2039 epistolas
792 1987 905 2027 non
941 1973 1160 2040 admisi,
1187 1975 1282 2031 sed
1322 1978 1603 2048 respondi.
1661 1979 1799 2034 Cum
1832 1981 1900 2035 de
1936 1981 2084 2051 prio-

495 2059 650 2117 ribus
679 2060 894 2116 veniam
926 2064 1250 2134 suppliciter
1273 2075 1464 2136 petere
1487 2067 1775 2134 deberent,
1803 2071 2081 2139 quomodo

493 2169 666 2209 novas
692 2153 893 2210 iterum
925 2157 1289 2213 contumelias
1321 2158 1524 2215 inferre
1557 2161 1796 2217 audent?
1824 2161 1961 2218 Cum
1985 2178 2083 2217 au-

495 2251 605 2298 tem
636 2254 973 2301 memoratus
1000 2247 1282 2317 piissimus
1305 2250 1595 2321 episcopus
1629 2251 1832 2308 factum
1855 2269 2082 2310 excusa-

495 2344 596 2400 ret,
623 2333 1051 2408 juramentoquc
1083 2339 1400 2406 alIirmaret,
1430 2358 1538 2396 non
1575 2359 1696 2400 esse
1729 2345 1834 2400 hoc
1857 2347 2078 2401 illorum

491 2427 860 2497 propositum,
898 2429 995 2484 sed
1037 2446 1105 2484 ex
1147 2447 1298 2486 mera
1341 2433 1510 2487 animi
1546 2434 1898 2506 simplicitate
1929 2437 1996 2492 ad
2025 2438 2080 2492 id

488 2518 848 2575 scribendum
889 2538 1211 2594 progressos
1248 2540 1390 2588 esse,
1426 2527 1714 2583 charitatis
1747 2543 1911 2583 causa
1946 2545 2080 2599 pur-

487 2612 767 2682 gationem
825 2615 1045 2669 admisi.
1105 2616 1381 2672 Caeterum
1449 2635 1560 2673 non
1622 2620 1780 2689 prius
1822 2621 1974 2676 illum
2011 2623 2080 2678 ad

487 2707 735 2776 synaxim
761 2708 944 2778 recepi
968 2725 1156 2778 quam,
1183 2709 1311 2764 dato
1333 2710 1543 2776 libello,
1568 2711 1804 2768 Nestorii
1827 2715 2080 2784 dogmata

487 2813 590 2852 suo
619 2800 828 2868 scripto
861 2801 1400 2868 anathematizasset,
1443 2820 1612 2874 seque
1653 2806 1808 2860 illum
1848 2824 1948 2876 pro
1985 2808 2081 2862 de-

488 2889 669 2956 posito
693 2891 896 2946 habere
919 2892 1205 2948 confessus
1227 2903 1392 2960 esset,
1420 2906 1476 2951 et
1502 2895 1834 2952 ordinationi
1855 2899 2077 2970 religio-

486 2981 694 3037 sissimi
712 2985 957 3056 episcopi
979 2986 1290 3052 Maximiani
1306 2989 1651 3045 assensisset.
1681 2991 1843 3046 Petiit
1870 3000 2077 3058 autem,

489 3082 551 3127 ut
574 3074 694 3129 istis
719 3091 751 3129 a
777 3091 836 3130 se
860 3077 1106 3130 omnium
1142 3078 1682 3148 religiosissimorum
1715 3080 2078 3138 Orientalium

487 3166 874 3238 episcoporum
903 3168 1026 3224 loco
1054 3169 1252 3224 oblatis
1274 3169 1498 3235 libellis,
1531 3171 1670 3226 nihil
1699 3173 1934 3243 amplius
1963 3175 2078 3230 exi-

487 3274 704 3330 gerem;
740 3259 888 3330 quod
932 3261 1083 3315 nulla
1130 3262 1344 3318 ratione
1383 3263 1501 3318 ﬁeri
1547 3280 1667 3319 sum
1704 3282 1900 3335 passus
1929 3283 1945 3322 :
1971 3268 2077 3323 sed

486 3363 596 3403 una
626 3363 754 3404 curn
779 3350 1004 3405 domino
1028 3365 1153 3407 meo
1179 3353 1598 3422 praaclarissimo
1629 3356 1854 3412 tribuno
1879 3373 1944 3414 ac
1973 3375 2076 3414 no-

485 3439 627 3494 tario
660 3439 936 3496 Aristolao
975 3442 1117 3496 duos
1159 3457 1190 3497 e
1231 3444 1436 3498 nostris
1474 3445 1692 3502 clericis
1728 3448 1852 3503 misi
1888 3448 2079 3505 Antio-

484 3531 687 3596 chiam,
719 3533 1079 3605 chartamquc
1114 3536 1334 3600 tradidi,
1365 3540 1631 3595 mandans
1668 3542 1812 3606 ut,si
1839 3543 2079 3599 Joannes

486 3623 982 3682 reverendissimus
1036 3627 1299 3689 Ecclesiae
1357 3630 1718 3688 Antiochense
1784 3635 2079 3705 episcopus

484 3712 899 3785 subscripserit,
927 3726 984 3772 et
1014 3717 1162 3773 illam
1192 3723 1491 3791 acceperit,
1517 3732 1651 3781 tunc
1676 3726 1899 3780 demum
1931 3727 2079 3782 litte-

486 3821 578 3862 ras
611 3807 680 3862 de
709 3811 1102 3866 communione
1136 3813 1450 3870 redderent.
1482 3815 1647 3887 IEgre
1681 3819 1830 3873 enim
1863 3834 2076 3874 moram

486 3896 702 3952 ferebat
729 3912 1070 3957 memoratus
1099 3904 1439 3961 clarissimus
1466 3909 1725 3964 tribunus
1745 3910 2074 3967 Aristolaus.

483 3987 622 4044 Cum
646 3991 816 4062 igitur
840 3993 1124 4063 piissimus
1137 3996 1376 4054 Joannes
1398 4000 1839 4070 subscripsisset,
1864 4005 2078 4059 caeteri-

483 4097 594 4150 que
630 4084 725 4153 qui
748 4100 873 4140 cum
897 4086 1014 4157 ipso
1036 4089 1366 4148 illustriores
1387 4101 1568 4157 erant,
1604 4109 1844 4165 cumque
1880 4097 2078 4152 Nesto-

485 4171 554 4227 rii
598 4173 908 4232 doctrinam
952 4179 1545 4248 anathematizassent,
1595 4192 1653 4238 et
1701 4185 1850 4254 quod
1896 4187 2077 4256 ipsum

483 4278 586 4332 pro
631 4265 884 4336 deposito
927 4268 1230 4338 haberent,
1277 4273 1511 4343 professi
1559 4285 1771 4341 essent,
1819 4277 1976 4349 157
2012 4295 2078 4335 ac

483 4353 799 4413 Maximiani
861 4359 1262 4432 religiosissimi
1324 4363 1766 4436 pientissimique
1827 4370 2073 4440 episcOpi

481 4448 891 4506 ordinationem
947 4455 1385 4523 approbassem,
1450 4461 1899 4517 communionem
1965 4463 2075 4518 illis

2183 1971 2302 2024 ἀλλ’
2331 1970 2492 2057 ἔφην,
2527 1971 2612 2024 ὅτι
2653 1972 2703 2024 ol
2738 1971 2834 2025 καὶ
2881 1972 3220 2044 συγγνώμην
3262 1976 3434 2028 αἰτεῖν
3466 1975 3785 2044 ὀφείλοντες

2181 2063 2277 2114 ἐπὶ
2321 2065 2434 2125 τοῖς
2490 2061 2751 2131 φθάσασι,
2816 2062 2937 2126 πῶς
2994 2063 3091 2116 καὶ
3159 2064 3415 2138 δευτέρας
3472 2065 3786 2133 ἐπάγουσιν

2183 2152 2400 2224 ὕϐρεις
2445 2151 2910 2222 Ἀπολογουμένου
2942 2153 2997 2206 δὲ
3019 2153 3114 2207 τοῦ
3153 2153 3620 2224 μνημονευθέντος
3653 2155 3784 2208 θεο-

2183 2244 2513 2299 σεὸεστάτου
2557 2243 2882 2308 ἐπισκόπου,
2919 2245 3211 2314 ἐνωμότως
3257 2263 3316 2298 τε
3352 2245 3774 2316 διαϐεϐαιουμέ-

2181 2351 2294 2398 νου,
2325 2333 2399 2405 μὴ
2424 2331 2666 2386 τοιοῦτον
2693 2333 2991 2403 ἐσχηκέναι
3017 2335 3219 2388 σκοπὸν
3255 2335 3478 2400 αὐτοὺς,
3519 2335 3579 2401 ἐξ
3607 2337 3779 2391 ἁπλό-

2179 2442 2340 2497 τητος
2367 2425 2423 2478 δέ
2459 2424 2660 2495 μᾶλλον
2687 2426 2778 2476 ἐπὶ
2805 2425 2867 2477 τὸ
2893 2426 3130 2497 γράμμα
3161 2427 3358 2492 ἐλθεῖν,
3379 2429 3727 2500 παρηκάμην
3746 2439 3776 2467 ι

2180 2517 2274 2569 καὶ
2334 2516 2492 2569 τοῦτο
2533 2515 2621 2569 διὰ
2674 2517 2774 2587 τὴν
2835 2518 3078 2590 ἀγάπην.
3110 2520 3186 2572 Οὐ
3238 2521 3504 2591 πρότερον
3550 2521 3608 2574 δὲ
3643 2539 3779 2575 συν-

2181 2607 2414 2678 αχθῆναι
2454 2607 2604 2678 αὐτῷ
2649 2608 3077 2681 συγκεχώρηκα,
3133 2613 3182 2664 εί
3234 2611 3310 2683 μὴ
3356 2612 3559 2682 βιΰλίον
3601 2613 3778 2677 δοῦς’

2179 2698 2494 2769 ἐγγράφως,
2528 2698 2892 2769 ἀνεθεμάτισε
2926 2701 2997 2755 τὰ
3035 2701 3335 2772 Νεστορίου
3371 2703 3640 2773 δόγματα,
3679 2704 3782 2758 καὶ

2178 2792 2530 2863 ὡμολόγησεν
2579 2791 2722 2863 ἔχειν
2773 2792 2937 2846 αὑτὸν
2998 2793 3407 2865 καθῃρημένον,
3459 2796 3553 2849 καὶ
3602 2797 3792 2851 συντί-

2179 2885 2368 2938 θεσθαι
2418 2887 2484 2956 τῇ
2535 2885 2842 2956 χειροτονίᾳ
2871 2886 2966 2939 τοῦ
3003 2886 3397 2950 εὐλαϐεστάτου
3454 2889 3765 2942 ἐπισκόπου

2178 2977 2548 3048 Μαξιμιανοῦ.
2586 2978 2696 3032 Καὶ
2727 2978 2879 3048 ἠξίου
2913 2979 3036 3048 μὲν,
3079 2980 3154 3044 ὡς
3193 2981 3336 3053 ὑπὲρ
3386 2981 3608 3035 πάντων
3664 2980 3778 3035 τῶν

2178 3069 2319 3124 κατὰ
2347 3069 2444 3142 τὴν
2491 3068 2778 3141 Ἀνατολὴν
2800 3070 2969 3124 όντων
2996 3073 3432 3128 θεοσεϐεστάτων
3459 3073 3778 3127 ἐπισκόπων

2179 3164 2248 3218 τὰ
2274 3163 2500 3219 τοιαῦτα
2533 3163 2712 3234 βιϐλία
2762 3166 2920 3229 δοὺς,
2961 3167 3125 3237 μηδὲν
3165 3166 3352 3238 ἕτερον
3415 3169 3560 3238 ἡμᾶς
3611 3183 3787 3238 προσ-

2181 3257 2500 3328 απαιτῆσαι.
2538 3259 2876 3329 Ὴνεσχόμην
2899 3258 2954 3311 δὲ
2983 3258 3257 3330 οὐδαμῶς·
3285 3258 3424 3313 ἀλλὰ
3452 3257 3559 3329 γὰρ
3582 3275 3679 3312 συν
3692 3257 3776 3322 εξ.

2182 3347 2405 3418 ἔπεμψα
2431 3348 2509 3419 τῷ
2540 3349 2714 3420 κυρίῳ
2749 3367 2851 3420 μου
2890 3349 2967 3420 τῷ
3013 3351 3456 3422 θαυμασιωτάτῳ
3502 3350 3780 3423 τριϐούνῳ

2179 3440 2274 3492 καὶ
2301 3441 2534 3511 νοταρίῳ
2580 3441 2934 3512 ’Λριστολάῳ,
2965 3442 3059 3496 δύο
3094 3441 3205 3496 τῶν
3240 3443 3529 3515 ἡμετέρων
3572 3446 3773 3516 κληρι-

2180 3529 2291 3583 κῶν
2336 3533 2418 3595 είς
2465 3530 2564 3601 τὴν
2604 3533 2959 3603 Ἀντιόχειαν,
3011 3535 3331 3605 ἐγχειρίσας
3381 3537 3614 3607 χάρτην,
3672 3537 3773 3589 καὶ

2178 3621 2368 3688 εἰπὼν,
2397 3623 2478 3677 ὅτι
2506 3623 2631 3677 Ἐὰν
2655 3624 2950 3698 ὑπογράφῃ
2978 3629 3005 3680 ό
3026 3626 3444 3690 θεοσεϐέστατος
3474 3627 3778 3691 ἐπίσκοπος

2191 3713 2524 3784 Ἀντιοχείας
2556 3715 2834 3788 Ἰωάννης,
2865 3719 2959 3770 καὶ
2989 3717 3210 3786 δέξηται
3238 3716 3448 3782 τοῦτον,
3475 3717 3595 3770 τότε
3631 3719 3778 3771 ἁπό-

2176 3804 2296 3859 δοτε
2321 3803 2390 3858 τὰ
2431 3807 2746 3861 κοινωνικά.
2795 3807 3178 3878 Ἐδυσχέραινε
3209 3808 3279 3878 γά
3291 3827 3323 3880 ρ
3349 3819 3374 3858 Ρ
3405 3809 3498 3861 ἐπὶ
3519 3808 3598 3877 τῷ
3635 3807 3778 3877 βρά-

2176 3897 2255 3949 δει
2289 3898 2318 3948 ό
2349 3899 2749 3968 μνημονευθεὶς
2791 3899 3244 3970 θαυμασιώτατος
3302 3900 3586 3970 τριϐοῦνος
3626 3900 3775 3971 Ἀρι-

2179 3989 2423 4054 στόλαος.
2473 3990 2928 4062 Ὕπογράψαντος
2972 3994 3154 4046 τοίνυν
3203 3993 3298 4047 τοῦ
3351 3992 3776 4046 θεοσεὸεστάτου

2177 4081 2477 4135 ἐπισκόπου
2522 4083 2771 4136 Ἰωάννου
2793 4123 2808 4147 ,
2839 4085 2934 4138 καὶ
2963 4084 3074 4138 τῶν
3109 4085 3206 4138 σῦν
3233 4085 3382 4153 αὐτῷ
3408 4085 3777 4155 ἐπιφανεστέ-

2179 4191 2312 4246 ρων,
2361 4175 2885 4245 ἀναθεματισάντων
2943 4175 3000 4229 δὲ
3059 4177 3240 4230 αὐτῶν
3304 4178 3416 4230 τὰς
3466 4177 3778 4248 Νεστορίου

2175 4269 2445 4338 δόγματα,
2484 4269 2581 4322 καὶ
2612 4269 3073 4341 ὁμολογησάντων
3117 4269 3266 4341 ἔχειν
3301 4271 3468 4324 αὑτὸν
3512 4269 3776 4344 καθῃρη-

2178 4362 2364 4426 μένον,
2401 4361 2750 4432 συνθεμένων
2779 4380 2839 4416 τε
2867 4364 2936 4434 τῇ
2964 4362 3274 4433 χειροτονίᾳ
3297 4362 3394 4430 τοῦ
3432 4362 3774 4416 εὐλαϐεστά-

2174 4473 2266 4508 του
2293 4456 2390 4509 καὶ¹
2433 4455 2859 4511 θεοσεῦεστάτου
2888 4456 3192 4510 ἐπισκόπου
3224 4455 3595 4528 Μαξιμιανοῦ,
3633 4457 3775 4510 ἀπο-

482 4541 846 4598 restituimus.
894 4544 1021 4602 Haec
1067 4547 1217 4602 enim
1268 4549 1386 4604 sola
1431 4551 1598 4606 etiam
1638 4552 1840 4622 Ephesi
1885 4565 2075 4610 sancta

2182 4546 2493 4618 δεδώκαμεν
2543 4547 2642 4618 τὴν
2698 4547 3005 4602 κοινωνίαν.
3041 4548 3083 4599 Τ
3088 4546 3226 4601 αῦτα
3286 4549 3396 4620 γάρ
3445 4549 3628 4612 αὐτοῖς
3677 4547 3777 4610 καὶ

391 4658 398 4664 -
481 4633 727 4704 synodus
753 4635 826 4690 ab
861 4637 996 4706 ipsis
1031 4639 1303 4710 exigebat.
1332 4641 1481 4696 Sciat
1505 4652 1562 4698 et
1591 4645 1696 4700 hoc
1730 4661 1953 4716 quoque
1982 4654 2076 4702 tua

481 4724 767 4790 sanctitas,
801 4727 1276 4798 religiosissimum
1309 4731 1827 4805 pientissimumque
1855 4752 2074 4806 episco-

482 4825 614 4879 pum
651 4813 881 4870 Paulum
928 4819 1089 4873 initio
1141 4820 1439 4889 plurimum
1491 4823 1756 4880 institisse
1802 4825 2072 4892 llelladii,

483 4903 758 4972 Eutherii,
788 4907 1040 4975 Himerii,
1073 4919 1130 4965 et
1164 4912 1428 4969 Dorothei
1467 4915 1847 4985 depositorum
1883 4932 2070 4984 causa,

482 4997 792 5070 obnixeque
841 5017 1088 5073 rogasse,
1138 5012 1202 5058 ut
1237 5021 1362 5075 qua;
1407 5016 1601 5063 contra
1655 5009 1805 5078 ipsos
1848 5009 2073 5065 decreta

481 5097 660 5153 erant,
690 5088 1114 5160 abrogarentur.
1156 5091 1477 5148 Aﬂirmabat
1512 5094 1686 5157 enim,
1723 5110 1916 5164 pacem
1961 5095 2071 5150 Ec-

482 5177 776 5234 clesiarum
813 5180 978 5247 aliter
1013 5181 1205 5252 perﬁci
1249 5199 1360 5238 non
1400 5200 1582 5254 posse,
1610 5185 1717 5240 nisi
1757 5186 1812 5241 id
1849 5202 2071 5258 quoque

483 5265 678 5326 fuisset
693 5269 991 5341 adjectum.
1015 5271 1130 5346 Ego
1147 5288 1281 5330 vero
1305 5275 1731 5347 respondebam,
1753 5293 1867 5332 rem
1891 5278 2068 5348 ipsum

483 5359 662 5417 modis
692 5361 956 5418 omnibus
993 5365 1390 5435 impossibilem
1428 5369 1642 5432 conari,
1675 5385 1743 5425 eo
1782 5371 1929 5441 quod
1969 5387 2073 5427 nos

483 5448 632 5506 istud
693 5468 974 5522 nunquam
1042 5473 1288 5514 essemus
1352 5461 1696 5529 permissuri.
1752 5463 2073 5520 Manserunt

484 5549 672 5611 itaque
697 5542 752 5598 in
782 5543 976 5600 eodem
1008 5547 1325 5622 schismate,
1364 5550 1417 5606 in
1445 5568 1554 5622 quo
1576 5554 1742 5608 etiam
1771 5570 1919 5608 nunc
1943 5569 2068 5625 per-

2179 4638 2322 4693 κατὰ
2351 4638 2451 4710 τὴν
2505 4639 2774 4708 Ἐφεσίων
2830 4639 3167 4710 μητρόπολιν
3217 4639 3563 4709 προετείνετο
3613 4640 3778 4711 παρὰ

2176 4734 2276 4802 τῆς
2313 4732 2478 4799 ἁγίας
2505 4732 2747 4786 συνόδου.
2789 4734 2953 4786 Ἰστω
2991 4733 3050 4786 δὲ
3075 4734 3298 4787 κάκεῖνο
3333 4735 3366 4804 η
3406 4734 3473 4803 σὴ
3510 4733 3736 4804 ὁσιότης
3759 4751 3774 4764 .

2176 4820 2370 4890 ἐνέστη
2437 4819 2539 4890 μὲν
2592 4819 2703 4890 γὰρ
2742 4822 2800 4874 ἐν
2837 4821 3036 4891 ἀρχαῖς
3092 4822 3322 4876 πλεῖστα
3369 4822 3707 4893 παρακαλῶν
3743 4826 3778 4878 ό

2174 4910 2573 4973 εὑλαϐέστατος
2619 4911 2714 4966 καὶ
2766 4911 3190 4982 θεοφιλέστατος
3221 4915 3522 4978 ἐπίσκοπος
3551 4914 3776 4980 Παῦλος

2179 5001 2288 5055 τῶν
2322 5002 2726 5073 καθῃρημένων
2751 5005 2936 5069 ἕνεκα,
2964 5005 3266 5060 Παλλαδίου
3309 5023 3392 5070 τε,
3423 5006 3522 5060 καὶ
3543 5016 3563 5044 ι’
3592 5006 3774 5076 Εὺθη-

2179 5094 2321 5164 ρίου,
2346 5093 2602 5167 Ἰμερίου,
2636 5095 2733 5149 καὶ
2753 5097 3054 5168 Δωροθέου,
3082 5098 3181 5151 καὶ
3201 5098 3353 5168 ηξίου
3377 5099 3445 5152 τὰ
3463 5098 3552 5152 ἐπ’
3581 5099 3774 5164 αὐτοῖς

2175 5185 2437 5257 ἀργῆσαι,
2472 5186 2874 5257 διατεινόμενος
2911 5187 2986 5259 μὴ
3025 5189 3228 5261 ἑτέρως
3265 5188 3530 5244 δύνασθαι
3563 5189 3662 5260 τὴν
3689 5191 3772 5242 εἰ-

2177 5275 2347 5348 ρήνην
2379 5276 2486 5332 τῶν
2533 5277 2868 5348 Ἐκκλησιῶν
2898 5279 3181 5351 ἐνεχθῆναι
3224 5282 3361 5352 πρὸς
3387 5281 3583 5351 πέρας,
3610 5282 3660 5333 εί
3690 5281 3773 5352 μὴ

2175 5369 2499 5441 προστεθείη
2535 5371 2629 5425 καὶ
2659 5371 2837 5427 τοῦτο.
2875 5373 3015 5440 Ἐγὼ
3042 5373 3100 5428 δὲ
3125 5375 3284 5445 ἔφην,
3309 5373 3557 5444 ἀδυνάτῳ
3584 5374 3769 5444 πράγ-

2180 5477 2310 5530 ματι
2345 5463 2642 5533 ἐπιχειρεῖν
2670 5464 2836 5518 αὐτόν
2861 5481 2874 5494 ·
2909 5465 3006 5518 καὶ
3046 5465 3206 5520 τοῦτο
3233 5466 3335 5519 οὐκ
3375 5465 3594 5519 ἔσεσθαί
3630 5483 3769 5520 ποτε

2179 5551 2312 5625 παρ’
2339 5554 2516 5625 ἡμῶν.
2565 5556 2925 5627 Μεμενήκασι
2969 5557 3148 5613 τοίνυν
3198 5559 3256 5611 ἐθν
3387 5556 3484 5610 καὶ
3531 5555 3627 5612 νῦν
3654 5557 3764 5612 είσι

1579 5709 1754 5766 Varia:
1787 5711 2053 5767 lectiones
2078 5709 2286 5766 codicis
2314 5710 2678 5782 Seguieriani.

557 5841 598 5875 ἠ
638 5833 696 5889 δέ
721 5850 822 5891 που
851 5833 932 5892 οὐ.
1011 5847 1038 5875 ιι
1074 5839 1456 5910 προσηκάμην.
1539 5853 1562 5883 ο
1602 5843 1840 5924 ἐπιδούς.
1928 5855 1954 5896 Ρ
1993 5844 2071 5901 δέ.
2147 5854 2175 5897 ⁴1
2217 5861 2276 5899 τε
2322 5844 2408 5901 τά.
2491 5855 2511 5884 τ
2563 5843 2835 5902 Ἐλλαδίου
2869 5847 2929 5902 τέ
2964 5864 3106 5921 φημι
3137 5850 3252 5904 καὶ.
