4048 6456
401 416 516 475 253

1768 429 2103 487 EPISTULA
2146 433 2332 489 XLIX.

3571 442 3679 497 εει

400 535 673 609 σχίσματι
697 548 721 578 ³
744 554 759 570 ·
802 540 900 594 καὶ
929 541 1165 614 οὐδεμία
1218 543 1441 613 γέγονεν
1477 561 1658 598 αυτων
1704 547 1892 618 μνήμη
1939 548 1998 603 ἐν

2108 561 2388 618 severam;
2433 566 2613 622 neque
2657 553 2766 608 ulla
2817 569 3010 610 eorum
3056 572 3112 610 in
3154 556 3570 612 conditionibus
3609 557 3679 612 de

392 628 529 693 ταῖς
582 628 888 701 συνθήκαις
921 633 1046 696 ταῖς
1078 633 1212 704 περὶ
1265 633 1364 704 τῆς
1405 634 1633 705 εἰρήνης
1674 634 1785 690 τῶν
1831 636 2001 706 ἁγίων

408 725 789 796 Ἑκκλησιῶν.
827 726 1154 798 Γεγράφασι
1181 728 1238 781 δὲ
1263 727 1365 800 τὴν
1406 728 1578 800 αὐτὴν
1607 731 1917 802 ἐπιστολὴν,
1935 731 2002 804 ἢν

394 817 670 888 επεμψαν
690 817 830 889 πρός
865 835 960 889 με,
999 819 1257 890 καὶπρὸς
1285 819 1414 883 τοὺς
1439 819 1887 886 θεοσεόεστάτους
1909 823 2004 876 καὶ

395 909 745 973 ὁσιωτάτους
769 911 1133 975 ἐπισκόπους,
1165 912 1257 965 τόν
1279 928 1338 965 τε
1365 914 1466 983 τῆς
1500 913 1742 984 μεγάλης
1786 913 2003 984 Ῥώμης

393 1001 636 1067 Ξύστον,
673 1004 772 1056 καὶ
802 1002 896 1056 τὸν
925 1003 1030 1074 τῆς
1075 1003 1238 1071 ἁγίας
1272 1003 1386 1058 τῶν
1433 1005 2006 1059 Κωνσταντινουπολι-

393 1088 512 1148 τῶν
586 1094 928 1164 Ἑκκλησίας
980 1095 1352 1165 Μαξιμιανόν.
1409 1095 1523 1150 Καὶ
1579 1093 1648 1167 ἦν
1707 1098 2004 1166 ἀναγκάζον

393 1182 660 1255 ἀκριϐῶς
701 1183 1025 1254 διδαχθῆναι
1071 1184 1247 1238 ταῦτα
1282 1185 1386 1255 τὴν
1421 1185 1522 1255 σὴν
1551 1185 1894 1256 τελειότηταο
1928 1186 2006 1250 ὡς

391 1277 463 1332 ἂν
504 1277 586 1348 μή
640 1293 796 1339 τινες
842 1275 1008 1347 ἕτερα
1062 1275 1180 1329 ἀνθ’
1207 1273 1412 1345 ἑτέρων
1449 1275 1710 1345 φλυαρεῖν
1731 1261 2001 1342 ἃωθότες,

390 1367 692 1440 ταράξωσί
724 1383 884 1430 τινας
913 1365 1026 1420 τῶν
1064 1365 1335 1435 ἀδελφῶν,
1373 1366 1450 1429 ὡς
1487 1367 1646 1438 ἡμῶν
1689 1366 2006 1439 ἀρνησαμέ-

391 1475 505 1512 νων
533 1456 576 1512 ἃ
602 1457 981 1528 γεγράφαμεν
1012 1457 1155 1510 κατὰ
1182 1456 1294 1510 τῶν
1341 1458 1636 1529 Νεστορίου
1663 1459 2003 1530 δυσφημιῶν.

405 1549 755 1604 Ἀπέστειλα
787 1548 848 1602 δὲ
899 1547 996 1618 καὶ
1021 1548 1090 1601 τὰ
1120 1548 1213 1603 ῐσα
1256 1547 1366 1601 τῶν
1385 1547 1714 1614 ἐπιστολῶν,
1742 1551 1840 1619 τῆς
1873 1549 2004 1619 παρ’

394 1640 544 1713 ἐμοῦ
599 1638 926 1711 γραφείσης
957 1639 1098 1710 πρὸς
1117 1640 1211 1694 τὸν
1249 1639 1642 1696 εὐλαϐέστατον
1665 1641 1766 1712 τῆς
1804 1641 2009 1694 Ἀντιο-

391 1732 556 1803 χείας
605 1731 922 1786 ἐπίσκοπον
997 1731 1274 1802 Ἰωάννην,
1333 1730 1432 1784 καὶ
1486 1731 1587 1802 τῆς
1645 1731 1775 1801 παρ’
1837 1730 2004 1784 αὐτοῦ

392 1824 722 1897 γραφείσης
754 1824 896 1895 πρός
927 1840 996 1894 με
1019 1823 1116 1877 ἐπὶ
1143 1822 1222 1894 τῷ
1260 1822 1694 1894 ἀναθεματισμῷ
1745 1823 1854 1877 τῶν
1895 1823 2003 1876 Νε-

397 1918 626 1988 στορίου
665 1916 1019 1988 δυσφημιῶν,
1046 1917 1144 1970 καὶ
1181 1919 1248 1988 τῇ
1275 1915 1596 1986 καθαιρέσει
1642 1915 1834 1982 αὐτοῦ,
1861 1915 2002 1988 πρὸς

400 2009 709 2080 εὐμάθειαν
740 2007 954 2080 ἀκρισῆ
988 2009 1090 2080 τῆς
1119 2009 1219 2080 σῆς
1246 2010 1611 2082 τελειότητος.
1658 2011 1771 2065 Καὶ
1805 2010 2001 2082 ἐτέρας

413 2099 705 2162 ἐπιστολάς
728 2098 884 2168 παρὰ
904 2097 1113 2162 ταύτας
1140 2098 1559 2171 προσκομιξέτω
1587 2099 1799 2171 μηδείς.
1823 2085 2004 2171 H960.-

429 2208 559 2244 ειπε
589 2191 684 2261 τὴν
727 2193 823 2245 σὺν
872 2192 960 2244 σοὶ
1011 2189 1378 2266 ἀδελρότητα.
1437 2193 1506 2247 Σὲ
1544 2193 1579 2264 η
1617 2192 1717 2246 σὺν
1764 2193 1899 2264 ἡμῖν
1944 2194 2003 2248 ὲν

431 2280 655 2354 Χριστῷ
681 2284 699 2320 ι
733 2284 1156 2357 προσαγορεύει.

2102 657 2237 715 pace
2285 655 2601 701 sanctarum
2651 646 3020 701 Ecclesiarum
3068 647 3365 718 propositis
3413 648 3554 702 facta
3597 658 3682 702 est

2103 738 2329 792 mentio.
2367 738 2636 793 Miserunt
2671 749 2855 793 autem
2896 739 3144 794 eamdem
3183 740 3330 794 illam
3371 740 3679 809 epistolam,

2102 843 2268 898 quam
2296 829 2364 883 ad
2391 846 2478 885 me
2504 832 2860 900 scripserunt,
2889 832 2956 886 ad
2979 832 3257 902 piissimos
3286 834 3685 888 sanctissimos-

2103 935 2212 989 que
2245 921 2474 992 Xystum
2505 937 2712 992 magna:
2740 923 2946 988 Romae,
2973 930 3030 977 et
3065 923 3451 977 Maximianum
3484 931 3685 976 sanctae.

2103 1010 2365 1066 Ecclesia:
2406 1011 3027 1082 Constantinopolitana:
3073 1001 3383 1081 episcopos.
3436 1011 3495 1065 Id
3536 1013 3683 1080 quod

2107 1102 2475 1172 integritatem
2532 1111 2682 1157 tuam
2745 1104 3034 1173 perspicue
3093 1119 3256 1158 nosse
3315 1104 3684 1158 necessarium

2105 1193 2232 1260 fuit,
2258 1210 2328 1248 ne
2368 1194 2510 1249 forte
2538 1196 2728 1264 aliqui,
2754 1196 2847 1265 qui
2879 1197 2983 1249 alia
3015 1211 3113 1265 pro
3153 1195 3278 1249 aliis
3309 1209 3453 1264 saepe
3492 1196 3687 1265 nugari

2107 1283 2304 1348 solent,
2339 1285 2632 1339 nonnullos
2661 1301 2729 1340 ex
2767 1285 3030 1340 fratribus
3065 1285 3421 1349 conturbent,
3458 1285 3689 1355 perinde

2107 1387 2172 1427 ac
2204 1372 2250 1427 si
2287 1388 2389 1428 nos
2419 1389 2540 1444 qua:
2566 1384 2758 1429 contra
2792 1375 3028 1430 Nestorii
3064 1376 3438 1446 blasphemias
3463 1377 3689 1447 scripsi-

2108 1477 2251 1529 mus,
2281 1463 2482 1518 iterum
2518 1466 3018 1520 retractaverimus.
3054 1465 3176 1520 Misi
3215 1474 3400 1519 autem
3443 1465 3688 1536 exempla

2108 1554 2486 1624 epistolarum,
2522 1563 2637 1610 tum
2669 1557 2808 1626 ejus,
2848 1570 3012 1626 quam
3059 1556 3127 1610 ad
3157 1556 3424 1612 Joannem
3465 1557 3689 1627 religio-

2109 1647 2386 1703 sissimum
2417 1647 2724 1705 Antiochiae
2765 1651 3086 1722 episcopum
3129 1651 3348 1721 scripsi,
3384 1659 3501 1705 tum
3543 1651 3690 1705 illius

2111 1753 2370 1805 rursum,
2419 1754 2542 1809 qua:
2587 1739 2656 1796 de
2703 1743 3162 1798 anathematismo
3218 1741 3688 1811 blasphemiarum

2109 1830 2350 1886 Nestorii
2401 1832 2581 1902 deque
2627 1834 2876 1905 ejusdem
2926 1833 3270 1904 depositione
3318 1833 3434 1903 ipse
3486 1832 3553 1886 ad
3604 1847 3691 1886 me

2107 1923 2257 1978 misit
2289 1941 2301 1978 :
2336 1931 2396 1978 ut
2427 1925 2715 1996 integritas
2756 1935 2850 1981 tua
2891 1927 3008 1981 haec
3039 1926 3224 1979 omnia
3258 1939 3421 1994 quam
3455 1922 3686 1980 exactis-

2107 2016 2244 2072 sime
2275 2026 2587 2087 pernoscat.
2630 2019 2744 2074 Nec
2777 2019 2917 2074 ullas
2949 2019 3083 2073 alias
3115 2017 3330 2072 litteras
3365 2022 3565 2085 praater
3595 2013 3691 2068 has

2108 2108 2382 2178 quispiam
2420 2109 2679 2178 proferat.
2713 2109 2901 2165 Saluta
2932 2125 3055 2180 qua:
3085 2117 3266 2164 tecum
3308 2115 3394 2164 est
3433 2103 3694 2162 fraterni-

2112 2211 2299 2259 tatem.
2336 2202 2412 2259 Te
2441 2211 2628 2260 nostra
2656 2203 2713 2260 in
2746 2204 2980 2261 Domino
3009 2204 3235 2260 salutat.

1597 2593 1937 2651 EPISTOLA
1966 2596 2138 2653 XLIX
2177 2595 2272 2671 (al.
2311 2596 2524 2668 XLIII).

1310 2763 1382 2809 ΑΒ
1413 2767 1745 2807 ΙΑῙΙΙΙΛΝΙΙΜ
1775 2766 2445 2809 εοκετλατικοροιιτλιιυιι
2481 2767 2773 2808 εριδεοιιιιιι

1547 2905 1808 2979 Ejusdem
1844 2925 1963 2962 cum
1993 2910 2264 2981 superiore
2287 2911 2607 2981 argumenti.

468 3066 567 3139 Τῷ
599 3066 891 3138 ὁσιωτάτῳ
945 3065 1044 3120 καὶ
1070 3066 1364 3139 ἁγιωτάτῳ
1389 3067 1624 3142 δεσπότῃ
1673 3066 1816 3138 ἐμῷ,
1841 3066 2000 3138 ἀρχι-

2181 3065 2614 3137 Religiosissimo
2641 3065 3097 3137 sanctissimeque
3122 3065 3347 3122 domino
3373 3082 3496 3122 meo
3525 3067 3695 3122 Maxi-

399 3159 699 3230 επισκόπῳ
748 3157 926 3229 Πατρὶ
977 3157 1329 3230 Μαξιμιανῷ,
1359 3158 1630 3232 Κύριλλος
1691 3160 1748 3212 ὲν
1813 3159 2005 3230 Κυρίῳ

2110 3157 2297 3212 miano
2329 3158 2746 3230 archiepiscopo
2785 3169 2841 3215 et
2875 3160 3046 3225 Patri,
3084 3157 3320 3215 Cvrillns
3369 3159 3423 3212 in
3463 3159 3696 3214 Domino

399 3249 650 3319 χαίρειν.
680 3295 693 3311 ,

478 3341 600 3393 Οὐκ
631 3334 707 3410 ἦν
757 3339 1086 3410 ἀμφίϐολον,
1137 3339 1220 3393 ὅτι
1271 3341 1450 3413 πάντη
1478 3358 1541 3395 τε
1581 3342 1678 3396 καὶ
1705 3340 1923 3404 πάντως
1951 3341 2008 3394 αἱ

400 3430 504 3500 τῆς
543 3429 650 3498 σῆς
689 3429 976 3500 ὁσιότητος
1019 3428 1300 3499 ίσχύσουσι
1342 3428 1681 3502 προσευχαί·
1715 3428 2006 3484 κατανεύει

401 3524 514 3594 γάρ
549 3522 796 3594 ἑτοίμως
830 3526 944 3586 τοῖς
975 3521 1265 3591 ἀγαπῶσιν
1296 3521 1458 3576 αὐτὸν
1510 3524 1539 3575 ὁ
1586 3522 1804 3576 πάντων
1849 3522 2008 3592 ἡμῶν

402 3617 639 3686 Σωτήρ⁸
666 3615 814 3669 ὥστε
864 3614 1100 3667 ἕκαστον
1167 3613 1263 3668 καὶ
1308 3614 1402 3668 ἐπὶ
1440 3611 1615 3683 τούτῳ
1641 3611 1902 3684 χαίροντά
1947 3630 2008 3666 τε

404 3707 502 3760 καὶ
526 3705 972 3775 ἀνασκιρτῶντα,
993 3705 1176 3773 λέγειν
1195 3720 1209 3733 ⁸
1243 3724 1260 3757 ι
1290 3706 1563 3760 Ἤκουσεν
1603 3705 1668 3757 ἐκ
1697 3702 1823 3757 ναοῦ
1849 3702 2008 3770 ἁγίου

405 3800 580 3853 αὐτοῦ
621 3800 809 3870 φωνῆς
839 3816 963 3870 μου,
1002 3799 1097 3852 καὶ
1135 3798 1412 3869 ἡκραυγή
1443 3814 1544 3868 μου
1579 3795 1810 3850 ἐνώπιον
1840 3792 2006 3848 αὑτοῦ

404 3893 791 3946 είσελεὺσεται
821 3891 903 3955 είς
944 3891 1015 3946 τὰ
1041 3883 1160 3944 ὦτα
1186 3889 1376 3945 αὑτοῦ.
1401 3909 1419 3942 ι
1471 3888 1600 3942 Ἰδοὺ
1625 3889 1752 3960 γὰρ,
1789 3887 1896 3942 ίδοὺ
1940 3887 2009 3941 τὰ

404 3983 792 4051 διεσπασμένα
857 3982 994 4053 μέλη
1055 3980 1150 4034 τοῦ
1193 3981 1295 4051 τῆς
1350 3978 1678 4050 Ἐκκλησίας
1733 3979 2006 4048 σώματος,

407 4076 670 4147 συνήφθη
692 4076 856 4129 πάλιν
878 4076 1134 4146 ἀλλήλοις
1153 4094 1166 4107 ·
1200 4077 1293 4131 καὶ
1316 4075 1597 4146 διατέμνει
1626 4075 1726 4146 μὲν
1753 4075 1903 4129 οὐδὲν
1927 4076 2008 4139 είς

402 4169 684 4238 διχόνοιαν
711 4168 839 4232 τοὺς
857 4167 1274 4240 ίερουργοῦντας
1301 4166 1364 4222 τὸ
1390 4167 1724 4235 Εὑαγγέλιον
1751 4165 1846 4221 τοῦ
1871 4168 2008 4238 Χρι-

407 4261 565 4316 στοῦ.
600 4261 720 4332 Μιᾷ
767 4260 824 4316 δὲ
874 4262 926 4314 οἱ
956 4260 1160 4325 πάντες
1217 4258 1630 4330 στεφανούμεθα
1678 4258 1882 4320 πίστει,
1916 4259 2009 4311 τὸν

402 4354 522 4408 τῶν
559 4352 801 4408 ἀνοσίων
828 4353 1060 4424 εὑρετὴν
1088 4353 1384 4424 Νεστόριω
1416 4351 1522 4418 ἔξω
1555 4349 1665 4404 τῶν
1705 4350 1866 4420 ἱερῶν
1886 4351 2010 4404 ἐλά-

362 4452 366 4455 ’
404 4459 616 4506 σαντες
644 4440 972 4510 περιϐόλων,
999 4442 1096 4497 καὶ
1145 4441 1350 4512 ἀγέλης
1391 4438 1646 4509 εὐγενοῦς
1671 4439 2010 4510 ἀποστήσαν-

2036 3225 2082 3287 c
2114 3249 2371 3304 salutem.

2180 3341 2418 3396 Dubium
2461 3340 2624 3411 plane
2668 3339 2881 3394 nullum
2910 3347 3053 3406 erat,
3089 3339 3224 3410 quin
3255 3339 3562 3394 sanctitatis
3592 3345 3697 3393 tua:

2107 3449 2302 3504 preces
2340 3434 2566 3488 omnino
2594 3441 2650 3488 et
2684 3447 2902 3501 semper
2929 3431 3176 3486 etiicaces
3208 3439 3414 3495 essent,
3444 3430 3694 3500 quando-

2109 3527 2333 3596 quidem
2357 3525 2607 3582 Salvator
2640 3525 2886 3580 omnium
2913 3531 3164 3594 prompte
3197 3522 3563 3591 alacriterque
3599 3536 3696 3575 eo-

2107 3633 2232 3674 rum
2257 3618 2400 3673 votis
2433 3632 2677 3672 annuere
2706 3616 2864 3679 solet,
2890 3614 2984 3684 qui
3023 3615 3203 3683 ipsum
3233 3614 3488 3685 diligunt,
3519 3613 3595 3667 ita
3636 3619 3698 3665 ut

2107 3727 2228 3768 eam
2271 3710 2342 3766 ob
2388 3724 2504 3764 rem
2552 3707 2784 3778 quilibet
2827 3722 2952 3760 cum
3007 3704 3194 3760 lmtitia
3237 3711 3293 3758 et
3333 3702 3698 3762 exsultatione

2109 3803 2295 3859 dicere
2348 3807 2516 3872 queat
2557 3818 2570 3853 :
2612 3819 2630 3851 ι
2673 3799 2968 3854 Exaudivit
3015 3797 3085 3852 de
3139 3796 3343 3867 templo
3374 3803 3563 3850 sancto
3597 3807 3698 3848 suo

2107 3910 2298 3950 vocem
2343 3909 2542 3958 meam,
2570 3901 2627 3952 ,ct
2671 3893 2878 3947 clamor
2921 3906 3078 3946 meus
3127 3889 3182 3943 in
3228 3898 3526 3958 conspectu
3579 3887 3699 3958 ejus

2113 3987 2275 4058 158
2309 3985 2562 4040 introivit
2601 3983 2659 4037 in
2698 3999 2862 4038 aures
2899 3983 3020 4054 ejus
3039 3983 3104 4036 ⁸³.
3139 4001 3156 4032 ι
3192 3981 3334 4036 Ecce
3365 3980 3537 4044 enim,
3568 3993 3698 4034 ecce

2107 4077 2321 4132 divulsa
2348 4075 2710 4132 ecclesiastici
2739 4074 2987 4144 corporis
3017 4073 3266 4128 membra
3294 4087 3516 4127 rursum
3555 4071 3700 4126 inter

2108 4187 2166 4227 se
2195 4172 2504 4226 coadunata
2531 4179 2681 4234 sunt,
2715 4178 2772 4223 et
2799 4169 2908 4238 jam
2941 4167 3079 4222 nihil
3113 4167 3388 4235 reliquum
3415 4171 3501 4220 est
3547 4160 3695 4233 quod

2108 4265 2394 4319 ministros
2428 4261 2710 4331 Evangelii
2750 4259 2954 4314 Christi
3001 4274 3100 4328 per
3144 4255 3477 4310 discordiam
3514 4254 3696 4325 sejun-

2106 4363 2216 4428 gat.
2251 4353 2456 4409 Omnes
2492 4359 2677 4406 autem
2725 4365 2833 4403 una
2874 4348 2981 4402 ﬁde
3023 4361 3306 4421 ornamur,
3341 4360 3466 4399 cum
3497 4343 3697 4398 Nesto-

2107 4449 2253 4503 rium
2280 4444 2626 4515 impietatum
2657 4441 3001 4496 inventorem
3029 4455 3060 4494 e
3087 4439 3257 4493 sacris
3285 4436 3454 4507 septis
3486 4434 3697 4506 expuli-

403 4551 502 4598 τες
552 4534 652 4587 τὸν
696 4533 1122 4605 ψευδοποιμένα.
1154 4533 1350 4604 Γέγονε
1395 4531 1452 4586 δὲ
1481 4529 1764 4585 καὶτοῦτο
1811 4530 1870 4584 ἓν
1897 4530 2005 4583 τῶν

2110 4555 2255 4604 mus,
2282 4546 2338 4593 et
2367 4536 2565 4591 falsum
2595 4544 2871 4604 pastorem
2897 4549 2927 4586 a
2956 4531 3125 4586 nobili
3153 4546 3314 4602 grege
3346 4529 3691 4584 seclusimus.

407 4627 522 4681 σῶν
566 4625 910 4699 κατόρθωμα
958 4627 1302 4700 προσευχῶν.
1354 4626 1510 4681 Ἐπεὶ
1555 4625 1736 4680 τοίνυν
1783 4624 2007 4695 φροντὶς

404 4717 700 4787 ἀναγκαία
728 4717 925 4786 γέγονε
975 4719 1073 4774 καὶ
1110 4721 1226 4784 τοῖς
1255 4718 1667 4782 εὐσεϐεστάτοις
1696 4716 2008 4788 βασιλεῦσιν

407 4813 442 4882 η
473 4809 618 4881 περὶ
656 4809 768 4862 τῶν
805 4810 1146 4882 Ἐκκλησιῶν
1189 4812 1422 4883 εἰρήνη,
1478 4808 1752 4881 εὐχόμεθα
1800 4807 1859 4863 δὲ
1911 4808 2008 4862 καὶ

408 4903 582 4974 ἡμεῖς
622 4899 802 4967 αὐτοὶ,
845 4901 1102 4970 γενέσθαι
1133 4901 1232 4972 μὲν
1259 4901 1326 4956 ὲκ
1370 4901 1540 4974 μέσου
1567 4901 1630 4955 τὸ
1658 4901 2005 4972 διατειχίζον,

406 4991 510 5044 καὶ
528 4989 826 5060 διατέμνον
854 4992 999 5062 ἡμᾶς
1023 4993 1103 5056 εἰς
1127 4991 1411 5064 διαφορὰν,
1445 4993 1758 5066 ἀναλάμψαι
1793 4993 1850 5047 δὲ
1893 5010 2006 5062 φω-

403 5083 505 5146 τὸς
549 5081 715 5152 δίκην
766 5081 887 5153 Θεῷ
932 5083 1194 5154 φιλτάτην
1241 5085 1491 5158 εἰρήνην,
1541 5086 1998 5156 ὁμολογησάντων

405 5171 741 5240 ἐγγράφως,
780 5171 878 5226 τοῦ
930 5171 1383 5242 θεοφιλεστάτου,
1438 5176 1535 5232 καὶ
1584 5176 2005 5231 θεοσεϐεστάτου

418 5261 755 5333 ’Δντιοχέων
796 5263 1126 5337 Ἐκκλησίας
1159 5266 1430 5332 Ἰωάννου,
1460 5267 1555 5321 καὶ
1589 5267 1698 5322 τῶν
1719 5268 1817 5322 σὺν
1855 5265 2006 5338 αὐτῷ

405 5354 832 5410 εὖλαϐεστάτων
870 5357 1210 5426 ἐπισκόπων,
1261 5360 1344 5413 ὅτι
1383 5359 1767 5431 καθῃρημένον
1821 5359 2006 5430 έχουσι

405 5443 739 5517 Νεστόριον,
767 5446 861 5500 καὶ
898 5448 1362 5522 άναθεματίζουσι
1405 5451 1502 5518 τὰς
1540 5451 1792 5516 ἀνοσίους
1839 5452 2008 5508 αὐτοῦ

484 5605 530 5637 δ’
558 5603 703 5660 Psal.
737 5620 866 5672 xm,
899 5604 966 5664 7.

2112 4631 2182 4688 Et
2217 4631 2324 4685 hoc
2349 4642 2568 4699 quoque
2601 4626 2926 4696 praeclarum
2960 4639 3100 4694 opus
3138 4622 3248 4678 tuis
3280 4621 3541 4694 precibus
3568 4635 3694 4690 per-

2110 4723 2317 4778 fectum
2344 4729 2448 4776 est.
2478 4719 2615 4776 Cum
2648 4733 2778 4789 ergo
2817 4715 3048 4788 piissimi
3083 4715 3443 4784 imperatores
3473 4712 3540 4767 de
3565 4726 3696 4784 pace

2112 4812 2485 4870 Ecclesiarum
2547 4824 2735 4865 curam
2791 4805 3264 4878 pernecessariam
3322 4801 3693 4873 susceperint,

2112 4920 2326 4975 nosque
2358 4903 2462 4975 ipsi
2496 4911 2557 4958 ut
2591 4903 2646 4958 id
2679 4917 2710 4957 e
2742 4900 2924 4956 medio
2953 4898 3245 4954 facesseret
3301 4895 3447 4968 quod
3476 4910 3579 4950 nos
3607 4892 3696 4946 di-

2112 4997 2357 5062 videbat,
2387 5010 2453 5051 ac
2488 4995 2546 5050 in
2575 4993 2850 5050 discordia
2884 4991 3188 5054 detinebat,
3211 4997 3268 5044 et
3297 5003 3402 5057 pax
3428 4986 3542 5040 Deo
3567 4999 3694 5055 gra-

2114 5087 2326 5144 tissima
2363 5086 2505 5141 lucis
2541 5087 2716 5140 instar
2753 5083 3061 5154 elIulgeret,
3093 5079 3324 5135 summis
3353 5076 3496 5131 votis
3524 5089 3692 5144 expe-

2115 5187 2394 5243 teremus;
2435 5193 2672 5246 cumque
2717 5173 3097 5230 sanctissimus
3136 5170 3354 5236 Deoque
3400 5163 3694 5219 dilectissi-

2112 5287 2236 5328 mus
2256 5271 2498 5327 Joannes
2524 5269 2830 5325 Antiochiae
2853 5265 3147 5333 episcopus
3163 5269 3220 5314 et
3236 5257 3416 5314 caeteri
3445 5255 3540 5326 qui
3565 5271 3690 5311 cum

2113 5364 2236 5434 ipso
2267 5370 2427 5419 erant
2461 5355 2905 5417 reverendissimi
2941 5350 3185 5423 episcopi
3222 5349 3429 5419 scripto
3457 5344 3690 5404 confessi

2115 5461 2303 5510 essent
2343 5467 2406 5508 se
2428 5449 2665 5507 Nestorii
2693 5443 3091 5516 depositionem
3125 5450 3298 5497 ratam
3334 5438 3562 5502 habere,
3583 5435 3693 5490 im-

1520 5735 1693 5793 Variae
1717 5736 2219 5812 lectiones_codicis
2254 5733 2621 5808 Seguieriani.

485 5863 508 5892 ⁸
544 5853 805 5926 σχήματι.
867 5850 1166 5943 ,ίκΚυρίιιη
