4048 6434
373 355 550 473 ,βω

1466 402 1521 459 S.
1562 402 1839 460 (ΣΥΜΕιί
1876 404 2348 462 ALEXANDRINI
2386 404 2705 461 ARCIIIEP.

3596 405 3706 461 256

443 519 672 588 piasque
702 516 849 572 illius
880 516 1249 587 blasphemias
1279 520 1776 589 anathematizam;
1812 522 2027 579 litteras

2134 524 2463 596 δυσφημίας,
2497 523 2764 595 πέπομφα
2800 526 3107 594 γράμματα
3141 524 3275 597 πρός
3313 541 3371 578 τε
3394 522 3492 594 τὴν
3519 522 3709 577 θεοσέαο

440 609 847 667 communienis
875 618 991 664 tum
1020 610 1091 665 ad
1116 610 1291 681 ipsius
1312 612 1592 681 pietatem,
1627 624 1744 671 tum
1766 615 1836 671 ad
1860 624 2025 672 crete-

443 713 539 753 ras
573 713 797 769 quoque
844 701 1135 771 episcopos
1175 702 1299 757 misi
1347 722 1361 757 :
1410 711 1575 774 atque
1610 706 1692 761 ita
1735 706 2025 761 sanctitate

448 800 572 851 tua,
620 786 959 861 reliquisque
1004 794 1296 857 omnibus,
1348 810 1417 850 ex
1472 796 1673 865 quibus
1722 796 2026 866 perfectum

442 890 648 936 sancta:
690 883 887 953 synodi
920 900 1123 954 corpus
1161 886 1520 943 constitutum
1553 898 1659 951 est,
1687 889 1758 943 ad
1796 889 1902 945 hoc
1929 905 2027 946 au-

444 973 749 1028 nucntibus
784 983 841 1030 et
878 977 1355 1041 concurrentibus,
1387 977 1458 1031 ad
1503 978 1791 1048 pristinam
1843 979 2026 1035 denuo

446 1062 662 1119 reducti
713 1080 903 1122 sumus
956 1068 1328 1122 concordiam.
1370 1068 1491 1123 Non
1537 1068 1687 1123 enim
1735 1069 1877 1139 apud
1925 1084 2028 1124 nos

445 1157 731 1212 contentio
760 1166 855 1211 aut
883 1157 1222 1213 concertatio
1261 1166 1471 1229 regnat,
1499 1159 1595 1215 sed
1632 1175 1803 1214 unum
1834 1174 2028 1215 omnes

438 1260 675 1316 scopum
701 1249 767 1307 ad
798 1263 985 1318 pacem
1011 1259 1350 1319 spectantem
1372 1250 1713 1320 propositum
1738 1250 2024 1307 habemus.

445 1337 518 1393 Et
557 1338 605 1394 si
641 1340 862 1409 quidem
894 1340 1200 1396 voluissent
1233 1341 1335 1405 illi,
1362 1341 1457 1411 qui
1488 1341 1646 1398 initio
1682 1357 1782 1412 per
1813 1342 2025 1397 discor-

446 1428 594 1483 diam
619 1446 650 1484 a
674 1431 831 1486 nobis
853 1432 1226 1497 desciverunt,
1250 1447 1419 1503 seque
1440 1448 1469 1488 a
1495 1433 1655 1491 nobis
1676 1440 2024 1502 separarum,

446 1520 596 1574 nulla
639 1538 883 1592 unquam
923 1524 1208 1579 contentio
1249 1539 1313 1580 ac
1344 1525 1620 1581 discordia
1659 1524 2028 1581 Ecelesiarum

446 1612 764 1668 exstitisset.
784 1614 1172 1671 Verumtamen
1202 1616 1530 1672 benedictus
1553 1616 1803 1672 Salvator
1817 1622 2024 1679 noster,

446 1702 543 1771 qui
577 1703 719 1759 hanc
755 1712 1134 1775 tempestatem
1166 1707 1401 1771 sedavit,
1421 1707 1839 1778 concordiaeque
1876 1715 2027 1762 tran-

447 1794 775 1862 quillitatem
803 1796 1068 1861 restituit,
1108 1798 1273 1867 idque
1308 1814 1406 1869 per
1436 1814 1630 1869 preces
1664 1808 1720 1855 et
1760 1801 2026 1857 interces-

444 1881 634 1939 siones
690 1886 997 1943 sanctitatis
1056 1895 1164 1943 tuae.
1216 1897 1275 1942 et
1330 1888 1565 1945 aliorum
1613 1889 1890 1951 omnium,
1930 1887 2025 1957 qui

2127 614 2283 671 σειαν
2306 616 2496 677 αὑτοῦ,
2527 617 2624 671 καὶ
2650 618 2779 681 τοὺς
2808 616 3000 681 ἄλλους
3027 617 3363 683 ἐπισκόπους
3386 616 3705 671 κοινωνικὰ·

2127 709 2225 767 καὶ
2273 708 2633 779 συνήψθημεν
2671 709 2753 772 είς
2810 708 3083 777 ὁμόνοιαν,
3122 706 3527 779 συντρεχούσης
3570 707 3711 778 πρὸς

2126 796 2286 851 τοῦτο
2306 798 2521 869 καὶτῆς
2541 799 2644 867 σῆς
2662 798 2960 868 ὁσιότητος,
2974 799 3069 853 καὶ
3097 800 3352 853 ἁπάντων
3372 799 3483 852 τῶν
3507 797 3706 862 ἄλλων,

2129 890 2189 954 ἐξ
2209 882 2286 944 ὧν
2308 889 2373 943 τὸ
2395 889 2495 959 τῆς
2516 890 2682 957 ἁγίας
2701 890 2921 943 συνόδου
2949 891 3139 959 γέγονε
3174 891 3468 961 πλήρωμα.
3494 889 3573 942 06
3599 890 3712 958 γὰρ

2128 981 2245 1052 ιρις
2318 981 2415 1036 καὶ
2452 982 2756 1050 φιλονεικία
2808 985 3006 1053 κρατεῖ
3055 982 3185 1053 παρ’
3225 984 3395 1052 ἡμῖν·
3441 980 3559 1034 ἀλλ’
3609 979 3713 1034 ἕνα

2132 1073 2336 1127 σκοπὸν
2371 1073 2612 1137 ἅπαντες
2636 1074 2955 1144 ἐσχήκαμεν
2985 1074 3123 1144 πρὸς
3151 1074 3378 1144 εἰρήνην
3407 1072 3701 1142 βλέποντα.

2129 1167 2241 1220 Καὶ
2266 1166 2426 1236 εἰπερ
2458 1164 2733 1235 ἠθέλησαν
2759 1166 2809 1218 οἱ
2830 1165 2890 1231 ἐξ
2922 1165 3098 1236 ἀρχῆς
3112 1165 3246 1234 ἡμῖν
3271 1163 3708 1234 διχονοήσαντες,

2129 1254 2226 1307 καί
2256 1254 2485 1316 ἑαυτοὺς
2518 1250 2675 1323 ἡμῶν
2700 1253 3089 1324 ἀποτεμόντες,
3114 1253 3228 1308 οὐδ’
3258 1252 3325 1306 ἂν
3346 1252 3486 1315 ὅλως
3515 1250 3713 1320 γέγονέ

2127 1358 2212 1404 τις
2251 1342 2369 1413 ἔρις
2419 1343 2515 1395 καὶ
2559 1342 2796 1413 διαφορὰ
2826 1342 2937 1396 τῶν
2972 1342 3339 1413 Ἐκκλησιῶν.
3377 1342 3525 1413 Πλὴν
3551 1342 3710 1395 εὐλο-

2129 1433 2307 1503 γητὸς,
2344 1435 2373 1485 6
2423 1433 2637 1505 Σωτὴρ,
2683 1433 2713 1485 ὁ
2750 1433 2844 1487 τὸν
2895 1433 3140 1504 χειμῶνα
3197 1433 3585 1498 καταπαύσας,
3615 1433 3716 1485 καὶ

2127 1524 2228 1593 τὴν
2259 1525 2361 1593 τῆς
2400 1524 2705 1596 όμοψυχίας
2732 1527 2867 1595 ἡμῖν
2910 1523 3187 1589 ἁπλώσαςτ
3231 1525 3476 1596 γαλήνην
3521 1524 3714 1593 εὐχαῖς

2129 1617 2227 1667 καὶ
2262 1615 2584 1687 πρεσϐείαις
2614 1616 2717 1686 τῆς
2748 1614 2853 1685 σῆς
2892 1616 3193 1688 ὁσιότητος,
3228 1618 3325 1670 καὶ
3371 1616 3484 1669 τῶν
3533 1614 3715 1669 ἄλλων

2127 1706 2185 1758 δὲ
2211 1707 2454 1769 πάντων,
2484 1707 2604 1760 ὅσοι
2634 1704 2816 1761 πίστιν
2842 1707 3058 1778 ἔχοντες
3079 1707 3249 1779 ὀρθὴν
3303 1709 3398 1761 καὶ
3419 1706 3714 1776 εἰλικρινῆ,

2127 1798 2227 1867 τὴν
2251 1800 2309 1850 ὲν
2341 1798 2624 1868 Πνεῦματι
2675 1798 2772 1852 καὶ
2801 1798 3032 1871 ἀληθείᾳ
3074 1798 3467 1870 προσκύνησιν,
3494 1796 3593 1850 καὶ
3617 1795 3718 1851 λα-

2126 1889 2317 1958 τρείαν
2350 1888 2602 1943 τελοῦσιν
2628 1889 2798 1961 αὐτῷ.
2964 1910 2977 1921 ‘

447 1980 656 2030 rectam
709 1974 1092 2048 sinceramque
1147 1977 1312 2035 [idem
1364 1980 1668 2047 habentes,
1719 1980 1776 2037 in
1828 1978 2024 2049 spiritu
2101 1990 2163 2036 et
2228 1982 2459 2038 veritate
2504 1981 2884 2041 adorationum
2928 1997 2994 2038 ac
3039 1980 3365 2040 servitutem
3410 1981 3516 2051 ipsi
3557 1972 3717 2037 defe-

444 2074 603 2124 runt.

1691 2358 2028 2415 EPISTOLA
2067 2358 2109 2413 L
2150 2359 2243 2430 (al.
2284 2359 2491 2428 XLIV).
2518 2326 2535 2332 ”

1504 2528 1572 2567 Δί)
1606 2524 1942 2567 γλιειιιλκωι
1985 2527 2295 2569 Ιῦοκιεκδεδι
2333 2528 2642 2568 ενιδεοιιιω.

1614 2664 1692 2719 De
1725 2665 1875 2720 Verbi
1906 2666 2276 2720 incarnatione
2303 2666 2552 2736 exegesis.

449 2824 705 2898 Ejusdem
741 2823 811 2878 ad
843 2819 1184 2898 Valerianum
1221 2818 2028 2898 episcopumfetigiosissimum,

518 2897 768 2951 adversus
824 2909 910 2948 eos
969 2892 1059 2962 qui
1104 2889 1264 2961 juxta
1314 2889 1542 2944 Nestorii
1593 2889 1841 2959 dogmata
1896 2904 2034 2942 sen-

521 2968 679 3020 tium.

518 3077 667 3133 Satis
688 3073 910 3145 quidem
949 3072 1115 3127 habet
1134 3071 1359 3135 virium,
1385 3079 1447 3125 ut
1480 3078 1634 3142 puto,
1662 3072 1773 3126 imo
1806 3085 1938 3126 vero
1971 3078 2034 3126 ut

447 3178 641 3224 natura
677 3168 844 3223 etiam
881 3165 1130 3221 veritatis
1154 3163 1340 3228 habet,
1374 3164 1459 3219 vel
1493 3163 1611 3233 ipsa
1637 3172 1742 3217 tum
1766 3163 2028 3217 sanctita-

448 3263 523 3319 tis
566 3260 846 3333 vigilantia
888 3268 1054 3329 atque
1093 3257 1387 3329 prudentia
1422 3257 1477 3311 in
1521 3257 1647 3320 hoc,
1694 3264 1755 3311 ut
1796 3256 2031 3311 viriliter

449 3354 743 3410 admodum
787 3350 945 3405 vanis
992 3348 1356 3420 quorumdam
1409 3347 1760 3417 nugamentis
1821 3352 2027 3401 certam

2140 2820 2257 2875 Τοῦ
2303 2819 2491 2893 autat}
2539 2818 2691 2893 πρὸς
2708 2821 3135 2893 fabulamur-dy
3178 2823 3539 2893 ἐπίσκοπον,
3568 2827 3729 2882 κατὰ

2414 2888 2533 2944 τῶν
2560 2893 2638 2944 τὰ
2663 2888 2991 2960 Νεστορίου
3023 2894 3431 2960 φρονούντων.

2220 3066 2464 3140 Ἀπόχρη
2523 3070 2641 3141 μὲν,
2701 3069 2779 3134 ὼς
2826 3069 3137 3141 διάκειμαι,
3177 3070 3380 3141 μᾶλλον
3411 3070 3471 3125 δὲ
3519 3072 3614 3124 καὶ
3647 3071 3730 3135 ὡς

2135 3158 2251 3231 ἔχει
2277 3160 2499 3230 φύσεως
2522 3162 2583 3214 τὸ
2612 3160 2833 3233 ἀληθὲς,
2862 3163 2956 3216 καὶ
2979 3165 3013 3233 ἡ
3051 3163 3212 3232 νῆψις
3239 3163 3339 3232 τῆς
3377 3163 3477 3232 σῆς
3505 3162 3728 3233 ὁσιότη-

2134 3269 2247 3316 τος,
2280 3253 2361 3317 είς
2396 3269 2461 3320 γε
2505 3252 2568 3305 τὸ
2598 3251 2862 3306 δύνασθαι
2912 3253 3009 3307 καὶ
3058 3252 3206 3323 μάλα
3244 3250 3552 3319 νεανικῶς,
3597 3253 3733 3306 ἀντ-

2135 3344 2438 3413 αναστῆσαι
2464 3343 2529 3395 τδ
2555 3341 2781 3412 ἀκριϐὲς
2809 3345 2929 3406 ταῖς
2961 3360 3125 3396 τινων
3151 3342 3574 3412 είκαιομυθίαις.
3598 3342 3694 3396 Ψυ
3728 3375 3736 3385 -

446 3446 737 3502 veritatem
774 3443 1017 3513 obiicere
1056 3447 1242 3510 queat.
1284 3438 1573 3511 Nugantur
1616 3437 1766 3493 enim
1811 3436 2029 3491 aniliter

2134 3429 2452 3503 χρολογοῦσι
2482 3430 2591 3503 γὰρ
2610 3432 3000 3503 γραοπρεπῶς,
3025 3431 3138 3487 ἄνω
3162 3450 3226 3486 τε
3243 3433 3342 3486 καὶ
3364 3432 3517 3486 κάτω
3547 3433 3733 3486 πάντα

450 3535 722 3601 nonnulli,
753 3533 913 3604 159
941 3532 1234 3601 omniaque
1271 3545 1490 3586 sursum
1527 3545 1593 3584 ac
1626 3529 1882 3584 deorsum
1908 3543 2031 3598 per-

449 3629 774 3690 miscentes,
832 3622 1103 3679 incarnati
1159 3621 1437 3692 Unigeniti
1490 3619 1811 3691 mysterium
1870 3625 2033 3674 acute

450 3721 839 3790 subtiliterque
882 3717 1173 3788 exquirere
1219 3730 1278 3770 se
1325 3714 1588 3768 simulant
1629 3729 1643 3765 :
1692 3728 1804 3767 non
1848 3721 2033 3767 tamen

451 3813 587 3869 illud
633 3810 967 3881 intelligunt,
1014 3808 1112 3864 sed
1153 3805 1290 3861 inid
1337 3804 1495 3860 facile
1542 3802 1841 3859 deﬂectunt
1884 3802 2033 3873 quod

453 3920 564 3962 non
591 3903 742 3967 licet,
773 3916 837 3956 ac
876 3914 1130 3971 perversa
1161 3897 1426 3952 sentiunt.
1457 3894 1728 3950 Caeterum
1755 3894 1900 3964 quod
1931 3896 2034 3950 hac

447 3997 510 4053 in
550 4009 610 4051 re
651 3990 1180 4066 periculosissimum
1219 3995 1321 4053 est,
1363 3985 1496 4042 dum
1534 4001 1595 4041 se
1641 3994 1789 4041 recte
1826 3989 2033 4041 sentire

445 4085 594 4140 velle
615 4083 848 4155 tingunt,
875 4081 1120 4151 dumque
1143 4077 1481 4149 opinionem,
1504 4077 1660 4147 quasi
1688 4076 1743 4131 in
1767 4092 1887 4132 eam
1919 4092 2034 4131 rem

446 4176 566 4234 sint
608 4173 890 4246 propensi,
930 4172 1085 4228 velut
1127 4183 1417 4240 personam
1462 4168 1754 4239 quamdam
1789 4168 1893 4224 sibi
1922 4169 2035 4224 cir-

445 4266 841 4340 cumponendo
877 4264 1195 4326 conciliant,
1232 4260 1574 4315 Nestorianaa
1611 4260 1908 4331 impietatis
1945 4277 2036 4316 vc-

452 4376 660 4416 nenum
707 4357 1042 4429 simplicium
1082 4353 1281 4410 animis
1320 4351 1636 4409 infundunt.
1679 4354 1821 4408 Sunt
1852 4366 2035 4408 autem

452 4451 708 4506 homines
738 4447 1050 4505 istiusmodi
1082 4446 1451 4500 humanorum
1482 4459 1775 4516 corporum
1810 4445 2038 4499 medicis

452 4556 566 4596 non
599 4541 898 4597 absimiles.
936 4538 1002 4593 Hi
1039 4537 1189 4593 enim
1227 4536 1539 4606 pharmacis
1578 4535 1902 4591 insuavibus
1928 4535 2037 4589 mel

454 4632 767 4688 immiscere
810 4630 1027 4693 solent,
1082 4633 1147 4681 ut
1189 4625 1496 4681 dulcedinis
1539 4626 1803 4696 qualitate
1841 4637 2039 4677 eorum

454 4723 645 4783 fallant
683 4722 1115 4793 perceptionem,
1140 4732 1264 4790 quae
1293 4727 1486 4789 suapte
1518 4726 1716 4771 natura
1757 4713 2039 4769 tristitiam

2131 3523 2430 3590 κυκῶντες,
2466 3523 2564 3576 καὶ
2614 3522 3070 3595 προσποιούμενοι
3124 3523 3222 3595 μὲν
3258 3523 3731 3596 περιεργάζεσθαι

2130 3613 2345 3679 λεπτῶς
2387 3618 2489 3687 τῆς
2537 3614 3009 3687 ένανθρωπήσεως
3049 3614 3145 3668 τοῦ
3206 3614 3570 3691 Μονογενοῦς,
3631 3613 3734 3670 καὶ

2130 3707 2364 3778 Κυρίου,
2414 3706 2477 3759 τὸ
2537 3706 2859 3778 μυστήριον,
2909 3706 2970 3759 οὐ
3024 3704 3133 3777 μὴν
3193 3704 3272 3759 ἔτι
3304 3707 3400 3761 καὶ
3452 3705 3732 3770 συνιέντες

2133 3799 2284 3865 αὐτὸ,
2314 3782 2795 3870 παρατρεπόμενοι
2839 3799 2918 3863 δὲ,
2957 3798 3056 3852 καὶ
3087 3796 3247 3852 τοῦτο
3279 3798 3545 3863 εὐκόλως,
3583 3798 3730 3869 πρὸς

2131 3889 2167 3943 ἃ
2206 3889 2282 3959 μὴ
2326 3888 2507 3958 θέμις,
2539 3889 2634 3941 καὶ
2663 3887 2994 3958 φρονοῦντες
3052 3888 3125 3941 τὰ
3171 3888 3611 3960 διεστραμμένα.
3652 3890 3734 3944 Τὸ

2132 3977 2191 4033 δέ
2221 3995 2285 4048 γε
2318 3976 2671 4047 παγχάλεπον
2702 3976 2881 4031 ἐκεῖνό
2912 3978 3059 4030 ἐστιν
3083 3979 3142 4029 ὲν
3174 3974 3419 4042 τούτοις·
3445 3978 3732 4033 ὑποπλάτ-

2133 4086 2322 4123 τονται
2368 4068 2469 4140 μὲν
2507 4068 2617 4139 γὰρ
2642 4067 2711 4121 τὰ
2736 4069 2875 4141 ὀρθὰ
2897 4067 3186 4138 βούλεσθαι
3231 4071 3470 4139 φρονεῖν,
3509 4070 3605 4123 καὶ
3636 4071 3731 4124 δό-

2136 4177 2297 4231 κησιν
2326 4161 2538 4222 ἑαυτοῖς
2565 4157 2666 4230 τῆς
2681 4161 2762 4223 είς
2785 4157 2947 4212 τοῦτο
2968 4158 3164 4230 ῥοπῆς,
3188 4161 3446 4234 καθάπερ
3483 4179 3536 4216 τι
3556 4178 3730 4232 προσ-

2135 4255 2338 4307 ωπεῖον
2409 4252 2836 4324 ἑναρμόσαντες,
2883 4252 2977 4305 τὸν
3025 4254 3123 4322 τῆς
3184 4254 3480 4325 Νεστορίου
3535 4255 3730 4308 δυσσε-

2136 4347 2292 4411 ϐείας
2343 4347 2419 4400 ἰὸν
2454 4346 2708 4419 ἐκχέουσι
2757 4348 2877 4410 ταῖς
2915 4345 3026 4399 τῶν
3067 4346 3454 4418 ἁπλουστέρων
3498 4345 3723 4417 ψυχαῖς.

2147 4438 2388 4493 Ἐοίκασι
2438 4437 2497 4492 δέ
2542 4455 2659 4503 πως
2712 4438 2827 4501 τοῖς
2869 4436 2980 4490 τῶν
3038 4436 3421 4507 ἀνθρωπίνωνκ
3453 4437 3729 4505 σωμάτων

2136 4529 2419 4594 ἁκεσταῖς,
2454 4528 2625 4599 ἧγσυν
2657 4530 2884 4599 ίατροῖς,
2915 4526 2965 4581 οἳ
3009 4528 3125 4589 τοῖς
3152 4524 3266 4580 τῶν
3288 4525 3599 4598 φαρμάκων
3626 4527 3730 4596 οὐχ

2136 4620 2293 4692 ἡδέσι
2318 4621 2379 4674 τὸ
2407 4619 2582 4690 γλυκὺ
2612 4619 3021 4690 προσπλέκουσι
3060 4619 3205 4691 μέλι,
3239 4620 3307 4690 τῇ
3340 4617 3434 4672 τοῦ
3480 4618 3730 4689 χρηστοῦ

2141 4710 2409 4781 ποιότητι,
2444 4708 2538 4761 τοῦ
2587 4708 2896 4776 πεφυκότος
2941 4706 3143 4762 λυπεῖν
3178 4708 3278 4779 τὴν
3311 4707 3566 4780 αἴσθησιν
3592 4707 3734 4761 ὑπο-

454 4786 828 4887 nauseamque
852 4786 1144 4867 inducunt.
1160 4786 1241 4866 -Αι
1262 4826 1363 4866 nos
1384 4786 1585 4866 Christi
1614 4820 1859 4866 sensum,
1882 4804 2031 4875 juxta

2141 4802 2488 4863 κλέπτοντες.
2530 4799 2673 4852 Ἀλλ’
2698 4799 2758 4852 οὐ
2790 4798 2899 4872 γὰρ
2920 4800 3103 4855 αὐτῶν
3134 4801 3205 4855 τὰ
3223 4801 3473 4871 νοήματα
3498 4794 3731 4868 ἀγνοοῦ-

453 4905 722 4976 sapientis
764 4903 919 4959 Pauli
960 4901 1419 4971 sapientissimum
1469 4894 1798 4952 sententiam
1831 4893 1901 4958 ⁵ο,
1942 4893 2038 4947 ha-

455 4996 672 5058 bentes,
693 5007 887 5049 eorum
915 4991 1276 5084 cogitatiqnes
1298 5005 1411 5044 non
1441 4989 1779 5058 ignoramus.
1801 4983 1858 5039 Si
1888 4983 2038 5054 quis-

455 5084 603 5156 piam
644 5084 791 5140 enim
832 5075 1190 5153 unigenitum'
1218 5078 1316 5136 Dei
1358 5076 1621 5140 Verbum,
1646 5075 1793 5145 quod
1836 5087 2037 5130 arcano

456 5175 941 5246 inexplicabilique
987 5173 1152 5228 modo
1200 5188 1269 5226 ex
1326 5172 1437 5224 Deo
1491 5175 1548 5222 et
1593 5167 1753 5221 Patro
1790 5166 2037 5237 genitum

456 5276 543 5325 est
568 5268 636 5334 ⁸³,
676 5268 1035 5338 ipsorumque
1082 5264 1407 5319 saeculorum
1453 5258 1728 5323 conditor,
1773 5274 1842 5313 ex
1886 5273 2038 5313 sacra

458 5359 683 5431 Virgine
716 5357 1087 5415 subsistentia:
1132 5355 1352 5409 initium
1390 5351 1648 5407 habuisse
1685 5351 1916 5414 diceret,
1953 5350 2037 5403 vi-

456 5449 688 5505 deretur
722 5466 832 5505 non
866 5455 1021 5503 extra
1049 5457 1276 5512 scopum
1306 5440 1534 5496 tendere
1575 5440 1722 5510 quod
1765 5447 2036 5495 asserunt.

461 5540 518 5595 Si
544 5540 640 5595 Dei
663 5540 905 5595 Verbum
932 5542 1127 5604 suapte
1150 5543 1348 5590 natura
1382 5531 1610 5601 spiritus
1632 5540 1737 5598 est,
1763 5530 2038 5602 quomodo

461 5649 527 5690 ex
553 5651 715 5692 carne
754 5644 944 5690 natum
978 5641 1084 5699 est,
1114 5632 1263 5702 quod
1297 5631 1561 5687 Dominus
1588 5631 1735 5688 dicat
1767 5650 1778 5684 :
1826 5649 1843 5683 ι
1880 5628 2037 5695 Quod

573 5811 619 5844 '°
649 5810 822 5867 lCor.
851 5825 911 5877 ιι,
949 5808 1036 5866 16.
1149 5810 1188 5841 ⁵¹
1214 5808 1355 5868 lbid.
1387 5810 1437 5866 7.

2148 4908 2271 4961 μεν,
2293 4888 2419 4942 νοῦν
2450 4886 2670 4958 ἔχοντες
2702 4887 2959 4957 Χριστοῦ,
2988 4887 3132 4941 κατὰ
3182 4886 3274 4940 τὸν
3310 4885 3603 4955 σοφώτατα
3650 4887 3731 4939 εί-

2145 4981 2315 5034 πόντα
2368 4978 2646 5047 πάνσοφον
2695 4976 2926 5031 Παῦλον.
2964 4979 3027 5031 Εἰ
3062 4977 3165 5048 μὲν
3189 4977 3297 5048 γὰρ
3333 4973 3402 5047 ἦν
3437 4991 3523 5040 τις
3566 4978 3596 5030 6
3640 4975 3730 5030 λέ-

2144 5088 2278 5141 γων,
2311 5070 2387 5133 ὡς
2426 5071 2455 5123 ὁ
2485 5070 2565 5124 ἐκ
2598 5068 2736 5123 Θεοῦ
2796 5070 3013 5139 Πατρός
3055 5069 3387 5142 ἀπορῤήτως
3441 5067 3727 5138 γεννηθεὶς

2148 5163 2444 5237 μονογενὴς
2487 5163 2622 5228 Θεὸς
2663 5162 2856 5231 Λόγος,
2889 5163 2918 5216 6
2952 5161 3048 5215 xui.
3101 5161 3282 5215 αὐτῶν
3350 5159 3461 5214 τῶν
3510 5158 3728 5213 αίὼνων

2144 5255 2395 5328 ποιητὴς,
2426 5255 2601 5327 ἀρχὴν
2644 5252 2939 5326 ὑπάρξεως
2978 5253 3139 5325 ἔσχεν
3167 5255 3230 5307 ὲκ
3262 5251 3360 5322 τῆς
3384 5250 3546 5321 ἁγίας
3576 5248 3730 5322 Παρ-

2144 5349 2321 5413 θένου,
2350 5347 2526 5414 ἔδοξεν
2552 5345 2618 5400 ἂν
2655 5345 2842 5408 αὐτοῖς
2865 5344 2967 5398 οὐκ
2995 5343 3101 5408 ἔξω
3136 5342 3401 5414 φέρεσθαι
3432 5339 3635 5394 σκοποῦ
3665 5339 3728 5392 τδ

2140 5440 2340 5511 χρῆναι
2372 5439 2579 5507 λέγειν·
2615 5438 2675 5490 Ei
2702 5436 2926 5507 πνεῦμα
2959 5435 3109 5503 κατὰ,
3134 5433 3297 5503 φύσιν
3348 5432 3496 5486 ἐστὶν
3545 5434 3574 5485 ὁ
3628 5432 3726 5485 τοῦ

2142 5532 2279 5587 Θεοῦ
2310 5531 2503 5600 Λόγος,
2537 5528 2653 5593 πῶς
2694 5527 2759 5582 ἂν
2784 5527 2892 5582 ἀπὸ
2918 5527 3118 5600 σαρκὸς
3146 5526 3441 5597 ἐγεννήθη,
3478 5523 3572 5577 τοῦ
3614 5526 3728 5576 Ku-

2145 5626 2259 5697 ρίου
2303 5622 2584 5692 λέγοντος·
2627 5621 2742 5674 ιΤὺ
2780 5619 3180 5689 γεγεννημένον
3224 5621 3291 5675 ὲκ
3348 5617 3450 5687 τῆς
3498 5615 3723 5687 σαρκὸς,
