4048 6442
373 349 488 408 251

1824 347 2160 406 EPISTOLA
2197 350 2258 405 L.

3550 348 3662 405 258

370 468 520 538 σάρξ
553 469 738 532 ἔστινς
775 485 794 520 ι
849 467 1074 538 Ἐπειδὴ
1125 467 1182 522 δὲ
1226 469 1254 520 ὁ
1297 466 1390 520 τοῦ
1421 466 1566 520 κατά
1604 466 1840 535 Χριστὸν
1871 483 1973 536 μν-

2095 476 2266 520 tatum
2290 476 2375 522 est
2399 482 2468 520 ex
2492 481 2678 530 carne,
2705 480 2833 520 caro
2864 475 2948 520 est
2974 463 3057 520 ενι
3092 484 3112 515 ι
3145 466 3218 518 At
3246 463 3375 533 quia
3403 463 3660 520 doctrina

366 561 608 630 στηρίου
639 557 796 626 λόγος
829 559 1032 630 ἑτέραν
1063 556 1242 630 οἷμον,
1279 559 1396 628 ἢτοι
1425 558 1563 622 ὁδὸν,
1613 558 1831 628 ἔρχεται
1873 558 1972 628 τὴν

364 654 450 712 εἰς
489 651 626 704 εὖθύ
670 667 730 702 τε
765 650 861 702 καὶ
900 649 1143 718 ἀπλανῆ,
1170 649 1264 702 καὶ
1305 648 1457 701 οὐδὲν
1501 648 1732 718 ἔχουσαν
1767 647 1826 700 τὸ
1855 648 1973 701 διά-

365 756 642 810 στροφον,
674 740 793 792 ἀνθ’
817 741 947 792 ὅτου
974 737 1393 810 βαττολογοῦσιν
1441 739 1584 808 εἰκῆ,
1631 757 1648 788 ι
1678 737 1769 808 Μὴ
1793 739 1972 793 νοοῦν-

364 834 646 903 τεςυμήτε
698 833 734 886 ἃ
777 833 1018 899 λέγουσι,
1055 833 1194 902 μήτε
1221 831 1350 900 περὶ
1409 831 1570 883 τίνων
1604 830 1973 884 διαϐεϐαιοῦν-

367 942 497 989 ταις
526 944 546 974 ι
577 925 771 992 Φαμὲν
796 924 907 992 γὰρ
933 925 1014 976 ὅτι
1062 926 1090 976 ὁ
1138 924 1432 992 μονογενὴς
1473 922 1569 974 τοῦ
1616 923 1751 975 Θεοῦ
1780 923 1972 990 Λόγος,

371 1015 610 1084 πνεῦμα
641 1016 722 1066 ῶν
755 1015 831 1076 ὡς
879 1013 1037 1074 Θεὸς,
1067 1014 1208 1065 κατὰ
1235 1012 1337 1074 τὰς
1373 1012 1614 1082 Γραφὰς,
1661 1013 1754 1065 ἐπὶ
1799 1029 1976 1082 σωτη-

370 1108 468 1180 ρίᾳ
498 1106 617 1158 τῶν
660 1103 1020 1174 άνθρώπωνιι
1051 1101 1343 1173 ἐσαρκώθη
1391 1119 1452 1154 τε
1483 1103 1577 1156 καὶ
1619 1102 1976 1174 ἑνηνθρὼπη-

370 1220 490 1262 σεν,
519 1197 628 1250 οὐκ
673 1199 738 1248 ὲκ
787 1196 888 1264 τῆς
942 1194 1080 1257 ἰδίας
1123 1194 1341 1262 φύσεως
1395 1195 1558 1258 αὐτὸς
1610 1195 1788 1265 ὲαυτῷ
1817 1195 1976 1266 σῶμα

371 1287 788 1360 μεταϐαλὼντ.
848 1287 966 1339 ἀλλ’
1017 1286 1141 1339 οὐδὲ
1201 1285 1402 1349 ἐκστάς
1445 1286 1540 1339 τοῦ
1595 1282 1732 1339 εἶναι
1763 1283 1903 1358 δῆν,
1942 1288 1975 1358 ἢ

370 1381 615 1451 τροπὴν,
655 1377 692 1448 ἢ
717 1376 1008 1432 ἀλλοίωσιν
1061 1376 1384 1446 ὑπομείνας,
1416 1375 1532 1430 ἀλλ’
1557 1378 1626 1431 ἐκ
1673 1378 1773 1447 τῆς
1814 1379 1978 1446 ἁγίας

370 1474 669 1544 Παρθένου
727 1473 794 1523 τὸ
848 1471 1124 1541 ἄχραντον
1179 1469 1339 1541 σῶμα
1387 1469 1569 1522 λαϐὼν
1621 1471 1978 1543 ἐψυχωμένον

370 1566 605 1638 νοερῶς,
649 1565 789 1618 ἴδιον
825 1565 1116 1633 ἀποφήνας
1177 1563 1311 1616 αὐτὸ
1364 1562 1489 1618 καθ’
1535 1563 1732 1617 ἕνωσιν
1785 1565 1980 1633 ἀπερι-

368 1663 592 1728 νόητον,
623 1659 726 1711 καὶ
747 1657 1107 1726 ·ἀσύγχυτον,
1134 1657 1230 1709 καὶ
1263 1657 1543 1726 ἄφραστον
1568 1655 1871 1720 παντελῶς,
1903 1656 1979 1719 ὡς

371 1752 452 1822 μὴ
486 1750 694 1821 ἑτέρου
753 1747 922 1812 τινὸς,
972 1747 1087 1800 ἀλλ’
1121 1746 1252 1804 ἴδιον
1309 1746 1476 1800 αὑτοῦ
1515 1746 1671 1801 τοῦτο
1713 1745 1974 1800 νοεῖσθαι.

2083 557 2150 612 de
2175 556 2380 612 Christi
2411 555 2671 626 mysterio
2705 555 2811 609 alia
2851 555 3054 610 incedit
3081 555 3192 619 via,
3218 555 3477 609 nimirum
3509 565 3659 610 recta

2080 657 2136 702 ct
2176 646 2384 701 erroris
2418 657 2665 714 experte,
2701 653 2756 698 et
2794 645 2932 698 nihil
2969 645 3346 714 perversitatis
3386 645 3657 711 habente;

2081 758 2180 796 cur
2218 741 2296 796 ilii
2344 750 2550 795 temere
2595 741 2904 809 frustraque
2946 747 3244 808 nugantur,
3288 757 3304 789 ι
3337 739 3456 793 Non
3502 739 3661 792 intel-

2082 832 2315 900 ligentes
2353 845 2532 898 neque
2573 845 2695 898 quae
2734 828 2946 891 dicunt,
2986 842 3165 895 neque
3200 827 3267 880 de
3295 826 3496 895 quibus
3519 827 3660 880 aflir-

2085 931 2235 977 mant
2269 922 2354 975 “‘2
2389 941 2406 971 ι
2457 922 2568 975 Nos
2597 921 2762 990 igitur
2795 919 2930 972 illud
2959 919 3138 986 ipsum
3179 917 3521 987 unigenitum
3565 917 3661 970 Dei
3721 975 3723 977 _

2084 1017 2344 1079 Verbum,
2375 1014 2522 1084 quod
2561 1013 2789 1082 spiritus
2809 1019 2912 1074 est,
2940 1018 3128 1079 utpote
3163 1010 3329 1074 Deus,
3359 1009 3660 1063 secundum

2086 1108 2398 1176 Seripturas
2419 1107 2487 1168 “,
2515 1106 2800 1160 hominum
2830 1103 3027 1157 salutis
3054 1117 3214 1156 causa
3244 1100 3584 1154 incarnatum
3607 1109 3664 1154 et

2086 1199 2363 1252 hominem
2403 1198 2607 1252 factum
2637 1195 2935 1250 asserimus
2968 1212 2980 1246 :
3009 1207 3119 1246 non
3160 1191 3306 1262 quod
3340 1208 3404 1245 ex
3439 1192 3664 1260 prOpria

2084 1300 2283 1344 natura
2321 1303 2523 1357 corpus
2562 1287 2667 1341 sibi
2711 1284 3179 1347 transmutaverit,
3199 1291 3295 1337 aut
3323 1283 3391 1337 ab
3421 1299 3488 1337 eo
3517 1283 3666 1353 quod.

2083 1394 2224 1446 erat,
2249 1381 2600 1444 abscesserit,
2631 1387 2727 1434 aut
2761 1376 3179 1432 eonversionem
3214 1376 3665 1430 alteralionemve

2085 1471 2414 1526 sustinuerit
2441 1487 2456 1525 :
2484 1469 2580 1524 sed
2607 1467 2754 1538 quod
2784 1483 2853 1522 ex
2877 1475 3064 1522 sancta
3094 1467 3318 1536 Virgine
3342 1481 3543 1536 corpus
3569 1467 3667 1520 im-

2085 1563 2421 1617 maculatum
2461 1559 2824 1629 assumpserit
2873 1558 3207 1628 intelligenti
3248 1558 3430 1612 anima
3472 1559 3670 1628 praedi-

2088 1665 2226 1720 tum,
2259 1663 2318 1710 et
2370 1653 2506 1707 illud
2555 1649 3102 1720 incomprehensibili
3156 1659 3214 1704 et
3268 1649 3555 1706 ineonfusa
3605 1665 3670 1704 ac

2087 1747 2355 1805 ineffabili
2399 1760 2629 1817 prorsus
2678 1745 2886 1800 unione
2939 1759 3101 1800 suum
3149 1742 3416 1806 effecerit,
3452 1750 3514 1796 ut
3557 1757 3670 1796 non

369 1843 572 1930 Οὕτως
624 1841 888 1911 εἰσῆλθεν
936 1842 1016 1903 εἰς
1079 1840 1172 1894 τὸν
1229 1839 1436 1910 κόσμον
1485 1841 1514 1893 ὁ
1547 1839 1886 1911 Μονογενὴς,
1908 1839 1983 1903 ὡς

2095 1839 2316 1894 alterius
2349 1837 2679 1908 cuiuspiam,
2709 1835 2804 1890 sed
2838 1848 3001 1888 suum
3034 1832 3208 1902 ipsius
3234 1832 3518 1901 proprium
3547 1845 3672 1886 esse

375 1935 737 2007 πρωτότοκος
761 1947 780 1962 ’
836 1933 937 1986 καὶ
988 1932 1048 1984 ὲν
1102 1931 1320 1995 πολλοῖς
1373 1931 1598 1999 γέγονεν
1659 1931 1929 2000 ἀδελφοῖς,
1956 1932 1984 1983 ὁ

383 2025 727 2085 ἀσύντακτος
782 2025 853 2093 τῇ
907 2021 1106 2086 κτίσει,
1159 2020 1298 2074 καθὸ
1353 2023 1557 2074 νοεῖται
1608 2019 1759 2084 Θεός.
1817 2021 1985 2075 Ὅταν

397 2117 578 2168 τοὶνον
605 2113 973 2184 γεγεννῆσθαι
1012 2113 1265 2182 λέγηται,
1296 2113 1392 2166 καὶ
1420 2114 1484 2165 ὲκ
1514 2111 1790 2181 γυναικὸς,
1811 2114 1984 2180 ἀναγ-

408 2209 586 2270 καξως
605 2207 668 2259 τὸ
681 2207 812 2261 κατὰ
834 2205 1021 2277 σάρκα
1048 2205 1521 2277 προσεπιφέρεται
1537 2223 1551 2236 ·
1590 2206 1677 2259 ἵνα
1711 2205 1787 2275 μὴ
1811 2205 1988 2275 ὑπάρ-

407 2299 553 2364 ξεως
598 2299 758 2368 ἀρχὴν
799 2299 980 2351 νοοῖτο
1020 2295 1200 2349 λαϐὼν
1240 2297 1305 2348 ὲκ
1345 2296 1447 2366 τῆς
1483 2296 1647 2364 ἁγίας
1683 2294 1985 2363 Παρθένου.

401 2391 592 2446 Καίτοι
618 2390 720 2461 πρὸ
756 2389 963 2452 παντὸς
996 2388 1262 2459 ὑπάρχων
1305 2387 1502 2451 αἰῶνος
1526 2389 1553 2440 ὸ
1580 2386 1850 2449 συναῖδιος
1895 2385 1989 2438 καὶ

388 2485 479 2536 ἀεὶ
500 2481 931 2552 συωφεστηκὼς
958 2480 1038 2551 τῷ
1081 2480 1200 2551 ἰδίῳ
1237 2480 1416 2551 Πατρὶ
1449 2479 1583 2542 Θεὸς
1632 2478 1804 2547 Λόγος
1829 2493 1842 2508 ·
1873 2477 1986 2530 ἀλλ’

385 2581 476 2632 ὅτε
505 2579 629 2632 κατ’
651 2575 908 2630 εὐδοᾰιίαν
934 2573 1030 2629 τοῦ
1060 2572 1274 2644 Πατρὸς
1301 2573 1403 2641 τὴν
1432 2569 1527 2624 τοῦ
1557 2570 1745 2624 δούλου
1777 2568 1988 2640 μορφὴν

385 2669 627 2740 ἠθέλησε
659 2667 873 2731 λαϐεῖν,
910 2667 1033 2720 τότε
1066 2665 1162 2718 καὶ
1195 2662 1450 2726 ἅπότεξιν
1499 2663 1599 2732 τὴν
1639 2662 1704 2714 ὲκ
1732 2660 1990 2729 γυναικὸς

2087 1928 2447 1998 intelligatun.
2475 1926 2557 1982 Ad
2587 1925 2736 1979 hunc
2769 1925 2954 1994 itaque
2983 1923 3210 1978 modum
3236 1921 3552 1992 unigenitus
3573 1920 3670 1976 Dei

2086 2019 2260 2076 Filius
2297 2019 2356 2073 in
2395 2018 2589 2072 orbem
2629 2025 2900 2071 terrarum
2935 2015 3232 2084 ingressus,
3264 2020 3523 2082 tanquam
3555 2012 3671 2080 pri--

2086 2110 2401 2181 mogenitus
2426 2118 2484 2164 et
2515 2109 2571 2162 in
2601 2105 2793 2161 multis
2826 2104 3092 2160 fratribus
3124 2087 3228 2157 fuit
3253 2103 3299 2134 ⁵⁵
3319 2119 3335 2168 ;
3357 2103 3453 2172 qui
3489 2109 3674 2156 tamen

2085 2217 2195 2270 qua
2219 2201 2365 2256 Deus
2392 2201 2718 2270 intelligitur
2747 2199 2890 2253 inter
2915 2206 3198 2252 creaturas
3223 2194 3449 2249 minime
3478 2208 3671 2248 cense-

2089 2302 2199 2346 tur.
2233 2290 2414 2356 Quare
2453 2305 2577 2344 cum
2611 2289 2817 2343 dicitur
2844 2296 3006 2341 natus
3037 2294 3091 2340 et
3126 2301 3195 2340 ex
3217 2285 3449 2339 muliere
3480 2284 3547 2348 ⁸⁸,
3573 2299 3672 2337 ne-

2089 2383 2329 2438 cessario
2359 2381 2664 2436 secundum
2691 2394 2912 2434 carnem
2947 2378 3106 2449 160
3133 2375 3298 2430 simul
3327 2374 3580 2438 infertur,
3605 2388 3679 2426 ne

2089 2489 2121 2527 a
2147 2482 2336 2527 saneta
2357 2472 2580 2541 Virgine
2605 2468 2944 2525 subsistendi
2971 2467 3189 2521 initium
3218 2464 3496 2534 accepisse
3519 2463 3676 2532 quis-

2091 2566 2236 2635 piam
2292 2573 2468 2635 putet.
2517 2562 2777 2630 Quamvis
2829 2561 2975 2616 enim
3025 2566 3153 2613 ante
3202 2571 3364 2612 omne
3415 2556 3678 2611 saaculum

2091 2657 2320 2712 exsistat
2347 2656 2438 2710 ille
2459 2656 2607 2710 Deus
2626 2654 2870 2710 Verbum
2891 2651 3037 2708 Patri
3063 2666 3162 2706 suo
3185 2657 3512 2712 coaeternus,
3537 2664 3680 2703 sem-

383 2761 533 2815 κατά
576 2760 766 2829 σάρκα
812 2757 932 2828 μεθ’
962 2755 1122 2827 ἡμῶν
1165 2755 1459 2824 ὑπομεῖναι
1508 2751 1745 2820 λέγεται.
1781 2750 1991 2805 οὐκοῦν

2095 2765 2193 2819 per
2229 2764 2355 2804 cum
2403 2749 2499 2803 illo
2543 2747 2708 2802 simul
2754 2746 3100 2809 subsistens,
3171 2750 3413 2806 attamen
3461 2741 3678 2812 quando

382 2852 848 2922 ὁμολογουμένως
880 2849 978 2919 μὲν
1011 2848 1074 2900 τὸ
1115 2847 1223 2899 άπὸ
1267 2843 1470 2916 σαρκὸς
1505 2843 1641 2914 σάρξ
1671 2845 1808 2908 ἐστι,
1843 2842 1904 2896 τὸ
1936 2843 1991 2896 δὲ

2095 2841 2341 2912 ejusdem
2389 2841 2486 2894 Dei
2531 2840 2710 2894 Patris
2758 2836 3106 2908 beneplacito
3149 2834 3405 2890 servilem
3446 2832 3682 2897 formam

383 2949 450 2998 ἐκ
480 2942 628 2996 Θεοῦ
685 2941 843 3004 Θεός.
881 2940 1038 2992 Ἔστι
1099 2939 1160 2992 δὲ
1209 2936 1396 2991 κατάι
1449 2936 1648 2988 ταυτὸν
1706 2932 1991 3005 ἀμφότερα

2097 2948 2378 2989 assumere
2400 2930 2578 2986 voluit
2598 2932 2666 2994 ⁸⁷,
2698 2939 2830 2984 tunc
2861 2929 3208 2984 nativitatem
3231 2939 3451 2994 quoque
3482 2938 3683 2979 secun-

383 3037 655 3109 Χριστὸς,
714 3028 798 3098 εἷς
847 3031 924 3086 ὢν
975 3032 1125 3094 Υἱὸς,
1153 3029 1252 3083 καὶ
1295 3027 1502 3099 Κύριος
1553 3027 1695 3097 μετὰ
1725 3026 1825 3096 τῆς
1857 3025 1991 3087 ἰδίας

2097 3026 2229 3080 dum
2263 3039 2485 3080 carnem
2516 3039 2583 3078 ex
2611 3022 2843 3076 muliere
2874 3019 3164 3074 nobiseum
3191 3016 3426 3070 subiisse
3457 3014 3680 3068 dicitur.

385 3107 602 3201 σαρκὸς
653 3126 850 3189 αὐτοῦ,
903 3126 1007 3178 οὐκ
1050 3121 1261 3193 ἀψύχου
1318 3121 1538 3192 μᾶλλον,
1570 3120 1646 3182 ὡς
1697 3118 1866 3189 ἔφην,
1882 3115 1991 3169 ἀλλ’

2098 3116 2467 3183 Quamobrem
2494 3115 2640 3184 quod
2666 3129 2733 3168 ex
2769 3127 2936 3168 carne
2963 3107 3192 3180 prodiit,
3218 3108 3270 3162 id
3297 3108 3437 3162 citra
3465 3119 3684 3160 omnem

385 3187 759 3291 ida-waitévq;
786 3187 1010 3286 νοερῶς.
1043 3187 1136 3284 Mi}
1165 3187 1352 3266 τοίνυν
1401 3187 1837 3281 διατεμνέτωσαν
1865 3209 1991 3279 ἡμῖν

2102 3207 2535 3263 controversiam
2558 3221 2689 3260 caro
2715 3213 2832 3268 est;
2867 3212 2926 3257 et
2962 3200 3110 3271 quod
3143 3215 3211 3255 ex
3237 3200 3350 3254 Deo
3395 3199 3560 3254 Deus.
3588 3198 3685 3252 Est

384 3315 481 3367 τὸν
519 3313 623 3366 ἕνα
659 3310 813 3373 Υἰὸν,
855 3307 966 3360 me
1001 3305 1168 3377 μέρος
1221 3305 1470 3367 ἱστάντες
1502 3303 1597 3356 τὸν
1619 3310 1648 3351 7
1679 3302 1874 3370 Λόγον,
1907 3300 2001 3354 atat

393 3407 528 3459 Υἰὸν
554 3404 751 3474 ἕτερον
786 3399 1034 3462 ἱδικῶτες
1057 3403 1096 3466 ·,
1119 3399 1216 3452 καὶ
1254 3397 1362 3452 ἀνά
1391 3400 1555 3468 μέρος
1589 3394 1880 3464 ἄνθρωπον
1909 3392 2002 3446 τὸν

394 3501 462 3552 ὲκ
491 3495 785 3566 γυναικὸς,
812 3493 959 3549 καθά
979 3507 1148 3563 φασιν
1167 3489 1354 3544 αὐτοῖο
1376 3488 1492 3544 ἀλλ’
1513 3487 1892 3550 ὲννοείτωσαν,
1917 3485 2002 3538 ὅτι

388 3592 494 3644 οὐκ
529 3586 813 3658 ἀνθρώπῳ
860 3583 1111 3655 συνήφθη
1159 3580 1360 3651 μᾶλλον
1401 3582 1430 3633 ό
1466 3578 1614 3642 Θεὸςε
1643 3578 1838 3646 Λόγος,
1886 3575 2002 3630 ἀλλ’

390 3683 566 3744 αὐτὸς
653 3678 947 3749 ἅνθρωπος
1033 3673 1289 3743 γενέσθαι
1355 3672 1612 3741 λέγεται,
1692 3669 2004 3738 σπέρματος

406 3772 670 3842 Ἀϐραάμ
691 3767 1114 3838 ἐπιλαϐόμενος,
1140 3765 1281 3819 κατὰ
1302 3763 1403 3828 τὰς
1425 3762 1670 3835 Γραφάς,
1699 3762 1794 3815 καὶ
1808 3759 2005 3830 ὁμοιω-

395 3865 516 3928 Osi;
572 3861 722 3916 κατὰ
773 3860 960 3915 πάντα
995 3859 1110 3922 τοῖς
1143 3857 1414 3926 ἀδελφοῖς,
1447 3856 1572 3926 δίχα
1609 3855 1776 3926 μόνης
1817 3854 2003 3924 ἁμαρ-

395 3959 546 4020 τίας.
595 3955 663 4009 Ἦ
709 3953 771 4008 δὲ
818 3953 1058 4006 εἰσάπαν
1089 3950 1350 4021 ὁμοίωσις
1375 3948 1490 4018 ἔχοι
1526 3947 1593 4000 ἂν
1628 3946 1878 4008 εἰκότως,
1910 3943 2006 3997 καὶ

397 4047 513 4118 πρό
564 4061 629 4113 γε
685 4042 799 4097 τῶν
852 4041 1054 4106 ἄλλων,
1083 4039 1184 4110 τὴν
1227 4040 1292 4091 ἐκ
1335 4036 1592 4105 γυναικὸς
1641 4033 1933 4099 άπότεξιν·
1965 4031 2002 4102 ἡ

397 4140 616 4192 νοεῖται
660 4135 765 4206 μὲν
795 4133 882 4204 ἔφ’
932 4131 1094 4204 ἡμῶν
1134 4128 1519 4201 ἀνθρωπίνως,
1553 4127 1646 4180 καὶ
1677 4125 1798 4180 καθ’
1831 4124 2000 4196 ἡμᾶς,

403 4230 503 4284 tati.
541 4227 604 4283 δέ
633 4243 701 4296 γε
734 4225 830 4280 τοῦ
877 4220 1223 4292 Μονογενοῦς
1252 4222 1397 4293 ὑπὲρ
1420 4220 1610 4274 τοῦτο·
1637 4219 1771 4282 Θεὸς
1798 4217 1908 4289 γάρ
1935 4212 2005 4288 ἦν

397 4343 469 4380 σα
478 4321 618 4396 ρκού
627 4337 809 4392 μενος.
837 4317 1128 4388 Τοιγάρτοι
1151 4316 1247 4369 καὶ
1266 4315 1527 4378 Θεοτόκος
1556 4313 1802 4367 καλεῖται
1821 4313 1855 4383 ἡ
1873 4309 2006 4378 ἁγία

395 4413 714 4488 Παρθένος.
761 4410 887 4464 Ἐάν
919 4408 978 4462 δὲ
1015 4407 1274 4476 λέγωσιν,
1295 4407 1381 4460 ὅτι
1416 4405 1550 4468 Θεὸς
1596 4403 1694 4458 καὶ
1718 4403 2004 4475 ἄνθρωπος

2101 3307 2286 3354 autem
2307 3297 2474 3352 simul
2500 3297 2664 3351 ambo
2695 3295 2969 3357 Christus,
2998 3307 3123 3347 cum
3155 3307 3300 3346 unus
3327 3289 3400 3346 sit
3423 3289 3598 3345 Filius
3627 3297 3691 3342 et

2101 3389 2369 3445 Dominus
2397 3403 2507 3442 una
2540 3402 2666 3441 cum
2699 3400 2796 3441 sua
2828 3399 3016 3448 carne,
3039 3396 3151 3436 non
3174 3377 3427 3444 inanimi,
3452 3385 3514 3432 ut
3546 3375 3681 3440 dixi,

2101 3480 2199 3536 sed
2221 3480 2404 3535 anima
2427 3478 2766 3548 intelligente
2792 3474 3042 3544 przedita.
3068 3471 3150 3528 Ne
3169 3486 3302 3540 ergo
3328 3468 3489 3524 nobis
3515 3482 3683 3523 unum

2103 3572 2308 3628 Filium
2353 3569 2630 3634 dividant,
2677 3582 2927 3623 seorsum
2969 3564 3214 3620 Verbum
3260 3569 3591 3624 statuentes,
3631 3569 3685 3615 et

2101 3665 2336 3719 alterum
2369 3677 2563 3716 rursus
2595 3659 2770 3714 ﬁlium
2804 3657 3055 3723 seet-sim,
3089 3654 3370 3714 hominem
3403 3652 3556 3706 illum
3591 3651 3686 3720 qui

2102 3771 2171 3810 ex
2210 3754 2444 3808 muliere
2489 3761 2652 3808 natus
2687 3759 2795 3816 est,
2835 3759 2896 3806 ut
2931 3749 3035 3819 ipsi
3069 3747 3226 3802 aiunt
3261 3764 3272 3799 :
3312 3745 3408 3800 sed
3447 3745 3688 3815 cogitent

2102 3847 2275 3901 Deum
2316 3845 2561 3901 Verbum
2603 3859 2715 3900 non
2764 3842 2976 3898 homini
3024 3840 3381 3910 conjunctum
3417 3851 3559 3900 esse,
3593 3835 3689 3890 sed

2105 3935 2286 4006 ipsum
2325 3935 2435 3990 diei
2473 3934 2754 3989 hominem
2785 3947 2908 3988 esse
2939 3930 3167 3993 factum,
3197 3927 3408 3984 semine
3432 3925 3688 3987 Abrahae,

2099 4030 2254 4100 juxta
2291 4026 2696 4098 Scripturas",
2732 4025 3099 4096 apprehenso,
3138 4021 3536 4088 fratrtbnsque,
3573 4017 3691 4072 solo

2106 4127 2334 4190 peccato
2371 4128 2622 4187 excepto,
2656 4132 2756 4187 per
2794 4115 2981 4170 omnia
3019 4111 3400 4168 assimilatum.
3435 4109 3561 4162 Haec
3591 4123 3692 4162 au-

2089 4222 2217 4268 tem
2237 4227 2336 4281 per
2352 4211 2537 4266 omnia
2559 4207 2886 4264 assimilatio
2908 4217 3252 4273 consequens
3274 4209 3360 4256 est
3387 4207 3448 4254 ut
3467 4199 3690 4262 habeat,

2105 4313 2164 4360 et
2179 4302 2405 4373 quidem
2427 4315 2542 4370 prae
2563 4297 2797 4360 ceteris,
2817 4304 3036 4366 partum
3057 4309 3127 4348 ex
3148 4292 3380 4346 muliere
3407 4307 3420 4341 :
3443 4290 3537 4358 qui
3567 4305 3693 4357 par-

2107 4404 2198 4452 tus
2230 4396 2285 4450 in
2315 4393 2479 4451 nobis
2505 4390 2730 4462 quidem
2761 4390 3004 4444 humano
3028 4399 3181 4438 more
3206 4382 3496 4452 cogitatur,
3519 4389 3578 4434 et
3601 4395 3691 4434 se-

398 4477 766 4563 συνελθόντες
797 4501 942 4553 κατὰ
981 4497 1206 4563 ταυτὸν,
1251 4496 1596 4551 ἀπετέλεσαν
1619 4496 1718 4550 ἕνα
1742 4496 1991 4566 Χριστὸν,

2109 4488 2352 4545 cundum
2386 4496 2516 4549 nos;
2549 4491 2605 4537 at
2638 4481 2694 4538 in
2729 4477 3042 4550 Unigenito,
3086 4489 3251 4543 supra
3288 4481 3538 4528 nostrum
3573 4485 3692 4524 mo-

2129 4580 2144 4589 .
2305 4578 2342 4589 -κ
2690 4588 2698 4589 ,
2744 4578 2812 4589 A_.
2844 4572 2888 4589 ιη
2910 4576 3153 4589 ____.--._.--
3203 4565 3382 4589 0.-.”...
3409 4564 3570 4589 Ant-..‘
3597 4562 3689 4589 nn:

399 4591 834 4669 φυλαττομένης
878 4589 1124 4659 δηλονότι
1173 4588 1277 4658 τῆς
1334 4587 1692 4650 ὑποστάσεως
1739 4562 1991 4656 ἑιιατέροι

2112 4580 2244 4635 dum
2269 4596 2282 4632 :
2305 4578 2452 4632 Deus
2472 4588 2712 4642 namque
2734 4578 2818 4626 est
2840 4572 3175 4626 incarnatus.
3202 4565 3384 4632 Quare
3407 4564 3574 4619 etiam
3597 4562 3691 4617 Dei

396 4685 766 4760 ἀσυγχύτους,
797 4683 877 4754 τῷ
897 4683 956 4736 δὲ
985 4683 1130 4753 λόγῳ
1159 4683 1568 4760 διαιρουμένης,
1601 4682 1754 4736 οὐδὲν
1779 4679 2005 4752 ἀκριϐὲς

399 4785 502 4838 ἐπὶ
545 4780 730 4850 τούτῳ
789 4775 1127 4848 φρονοῦντας
1190 4775 1225 4844 ἢ
1280 4775 1542 4843 λέγοντας
1587 4773 1800 4827 ἔνεστιν
1851 4772 2003 4825 ἰδεῖν.

398 4877 483 4930 οὐ
516 4874 652 4944 γάρ,
685 4871 830 4924 καθά
856 4886 1010 4938 φασι,
1051 4869 1183 4931 Θεὸς
1221 4869 1318 4921 καὶ
1345 4866 1635 4938 ἄνθρωπος
1659 4863 2004 4926 συνελθόντες

399 4966 758 5024 ἀπετέλεσαν
772 4963 872 5016 ἕνα
902 4960 1161 5032 Χριστὸν,
1191 4960 1330 5024 ἀλλ’,
1348 4958 1427 5020 ὡς
1454 4958 1616 5028 ἔφην,
1642 4956 1746 5028 ἤδη
1769 4955 1902 5018 Θεὸς
1930 4953 2007 5007 ὣν

2113 4670 2362 4728 Genitrix
2401 4674 2631 4722 vocatur
2676 4672 2866 4720 sancta
2911 4661 3097 4730 Virgo.
3133 4656 3290 4724 Quod
3339 4658 3385 4710 si
3431 4655 3692 4716 dixerint,

2113 4767 2287 4821 Deum
2323 4772 2381 4819 et
2418 4759 2706 4816 hominem
2747 4755 2913 4810 simul
2955 4761 3222 4809 coeuntes
3266 4764 3436 4804 unum
3487 4747 3694 4804 consti-

2113 4857 2287 4912 tuisse
2309 4853 2614 4913 Christum,
2643 4848 2934 4916 utriusque
2959 4842 3236 4915 hypostasi
3268 4838 3555 4903 ineonfuse
3584 4852 3699 4892 scr-

2109 4956 2258 5011 vata,
2292 4961 2414 5015 quae
2461 4954 2643 4998 tamen
2693 4937 2996 4994 secundum
3047 4935 3316 4990 rationem
3365 4931 3644 4985 dividatur
3681 4947 3693 4980 :

399 5061 433 5114 ὁ
458 5057 665 5125 Λόγος,
710 5025 1282 5125 παραπλησίως’ήμῖν
1337 5025 1602 5120 μετέσχεν
1641 5025 1877 5118 αἵματος
1917 5044 1991 5098 κα

2111 5040 2273 5094 facile
2310 5037 2501 5092 videas
2526 5034 2664 5089 nihil
2692 5033 2816 5087 illos
2843 5030 2948 5085 hac
2983 5028 3040 5081 in
3080 5041 3137 5080 re
3170 5025 3316 5094 quod
3353 5038 3546 5076 verum
3574 5037 3696 5119 cer:

405 5147 645 5219 σαρκὸς,
671 5145 760 5198 ἵνα
787 5143 921 5207 Θεὸς
942 5142 1377 5214 ἑνανθριοπήσας
1396 5141 1610 5211 νοῆται,
1635 5138 1730 5193 καὶ
1752 5138 1850 5209 τὴν
1873 5139 2013 5206 ἠμε-

402 5241 582 5311 τέραν
614 5237 798 5306 σάρκα
836 5234 1044 5298 λαϐὼν,
1075 5235 1172 5288 καὶ
1217 5234 1353 5290 ἰδίαν
1387 5233 1562 5303 αὐτὴν
1605 5231 2004 5301 ποιησάμενος·

405 5333 523 5397 ἵνα,
554 5327 810 5399 καθάπερ
843 5329 874 5382 ὁ
910 5325 1036 5382 καθ’
1068 5327 1220 5399 ἡμᾶς
1272 5324 1564 5396 νοούμενος
1615 5321 1902 5393 ἄνθρωπος
1945 5321 2010 5373 ἐκ

2115 5141 2342 5200 tumque
2375 5128 2450 5184 sit
2477 5125 2688 5182 sentire
2723 5131 2820 5178 aut
2853 5121 3026 5189 loqui.
3067 5117 3257 5183 Neque
3289 5113 3458 5176 enim,
3495 5120 3556 5165 ut
3594 5108 3698 5178 ipsi

2116 5226 2292 5286 aiunt,
2315 5223 2463 5277 Deus
2481 5229 2539 5275 et
2562 5219 2730 5273 homo
2747 5214 2911 5271 simul
2935 5214 3327 5267 concurrentes
3346 5219 3517 5258 unum
3539 5202 3700 5258 Chri-

2118 5323 2265 5374 stum
2299 5309 2743 5373 constituerunt;
2779 5305 2896 5370 sed,
2927 5311 2989 5358 ut
3027 5298 3192 5356 modo
3226 5295 3362 5360 dixi,
3392 5295 3538 5350 Deus
3562 5293 3698 5349 Ver-

480 5489 530 5520 "
568 5485 728 5540 Joan.
757 5482 948 5546 111,26.
1026 5482 1072 5514 ⁵³
1093 5482 1114 5538 l
1139 5482 1282 5537 Tim.
1309 5498 1347 5547 ι,
1379 5482 1431 5534 7.
1529 5439 1576 5513 ii
1600 5479 1759 5534 Joan.
1791 5492 1864 5541 tv,
1895 5473 1987 5528 ‘24.

2095 5475 2110 5504 ⁵
2130 5475 2288 5529 Rom.
2317 5486 2429 5534 vm,
2453 5467 2544 5522 29.
2620 5465 2666 5496 ⁵⁸
2696 5463 2870 5518 Galat.
2901 5476 2974 5524 ιν,
3003 5461 3055 5514 4.
3136 5455 3178 5487 ⁵⁷
3202 5453 3442 5522 Philipp.
3476 5465 3534 5511 ιι,
3562 5444 3614 5511 6,
3644 5442 3702 5496 7.

409 5554 462 5589 ⁸⁸
489 5556 664 5612 Hebr.
703 5570 759 5621 ιι,
791 5555 881 5610 l6.

1487 5657 1664 5713 Varia:
1694 5655 1960 5712 lectiones
1989 5652 2196 5708 codicis
2232 5647 2596 5722 Seguieriani.

485 5803 514 5832 ι
558 5790 699 5844 ὃλων
756 5797 821 5869 -ξ
868 5782 1207 5859 μεταλαὸών.
1285 5783 1503 5849 ιέστι,
1526 5781 1690 5836 κατά.
1765 5786 1795 5826 γ
1835 5779 1913 5840 εἰς
1939 5776 2034 5830 δύο
2059 5776 2151 5830 τὸν
2194 5775 2313 5838 ἕνα,
2348 5771 2462 5825 υἱὸν
2491 5769 2624 5840 ἡμῖν
2651 5762 2754 5822 ἀνὰ
2791 5761 2953 5833 μέρος
2993 5757 3228 5819 ἱστάντες
3259 5751 3372 5808 τόν·
