4048 6434
416 349 522 407 259

1437 339 1495 398 S.
1533 335 1810 398 CYRILLI
1847 331 2320 391 ALEXANDRINl
2357 329 2676 387 ARCHIEP.

3581 315 3690 372 260

419 467 550 523 bum
574 462 804 536 perinde
827 470 992 533 atque
1017 475 1119 516 nos
1140 458 1323 516 carnis
1343 470 1401 516 et
1419 458 1701 532 sanguinis
1723 457 1999 529 particeps

2107 451 2276 525 ψυχῆς
2338 451 2436 506 καὶ
2477 450 2730 522 σώματος
2765 444 3036 513 συνεστὼς
3085 439 3169 512 εἷς
3213 446 3384 515 ἱστιν,
3421 447 3569 505 οὕτω
3594 453 3691 508 καὶ

418 557 678 612 en‘ectum
706 562 810 618 est,
833 555 910 608 ita
938 563 1002 608 ut
1028 553 1176 608 Deus
1204 553 1372 608 homo
1405 552 1583 608 factus
1619 566 1763 616 esse,
1793 557 1849 605 et
1881 565 2004 604 car-

421 662 545 704 nem
585 657 828 700 nostram
860 645 1181 715 sumpsisse,
1209 659 1444 714 eamque
1469 643 1576 698 sibi
1609 643 1888 714 propriam
1923 642 2003 697 fe-

420 738 561 793 cisse
587 736 926 806 intelligatur
953 753 966 789 :
997 745 1056 790 ut
1079 733 1546 805 quemadmodum
1581 733 1764 803 quivis
1803 739 2007 786 nostra:

422 827 757 882 conditionis
805 827 972 880 homo
1015 841 1083 880 ex
1140 825 1320 880 anima
1373 833 1430 880 et
1471 838 1704 894 corpore
1738 821 2008 878 conﬂatus

424 931 566 971 unus
591 924 694 981 est,
727 917 798 969 ita
820 924 878 970 et
904 916 1083 985 ipsum
1123 931 1343 985 quoque
1375 931 1548 970 unum
1573 929 1692 969 esse
1725 923 1782 968 et
1806 912 2005 967 Filium

429 1013 485 1059 et
523 1005 816 1060 Dominum
868 1004 1163 1060 fateamur.
1217 1005 1333 1061 Una
1363 1019 1604 1075 namque
1636 1003 1879 1060 hominis
1922 1011 2010 1060 est

422 1107 641 1162 natura,
670 1106 727 1152 et
753 1113 858 1151 una
892 1097 1222 1167 hypostasis,
1271 1097 1486 1152 etiamsi
1519 1112 1585 1152 ex
1627 1097 1794 1152 rebus
1818 1096 2006 1151 diver-

421 1189 499 1242 sis
523 1190 817 1259 specieque
848 1187 1235 1242 diﬂ'erentibus
1269 1188 1657 1243 constituatur.
1699 1189 1882 1244 Palam
1922 1197 2008 1244 est

421 1281 570 1335 enim
598 1297 799 1351 corpus
830 1296 951 1335 esse
975 1279 1236 1350 quiddam
1269 1281 1337 1335 ab
1366 1281 1548 1336 anima
1575 1281 1880 1347 diversum,
1908 1281 2006 1337 sed

424 1381 606 1427 tamen
644 1372 930 1442 proprium
966 1370 1158 1440 ipsius,
1187 1379 1244 1426 et
1266 1387 1374 1425 una
1401 1386 1526 1426 cum
1556 1371 1674 1442 ipsa
1700 1371 1868 1426 unius
1903 1372 2007 1426 ho-

422 1463 589 1516 minis
613 1461 948 1532 hypostasim
969 1461 1131 1530 plene
1154 1461 1600 1515 constituere.Et
1629 1462 1882 1530 quamvis
1916 1476 2006 1516 se-

421 1552 663 1606 cundum
723 1560 965 1606 mentem
1025 1560 1083 1606 et
1141 1551 1567 1622 cogitationem,
1617 1551 2007 1622 praedictorum

421 1643 720 1698 discrimen
759 1659 869 1697 non
925 1643 998 1698 sit
1035 1643 1358 1707 obscurum,
1392 1650 1636 1698 attamen
1673 1643 1864 1709 coitio,
1907 1658 2004 1698 seu

421 1734 736 1798 concursio,
759 1749 884 1789 cum
910 1734 982 1788 sit
1003 1733 1258 1799 indivisa,
1290 1735 1445 1805 161
1475 1750 1647 1788 unum
1674 1735 1872 1788 animal
1903 1734 2006 1789 ho-

2106 546 2269 610 αὐτὸς
2313 540 2397 610 εἷς
2435 542 2770 616 ὁμολογῆται
2802 541 3093 613 ὑπάρχειν,
3123 541 3220 596 καὶ
3265 541 3415 607 Υἱὸς,
3446 543 3542 596 καὶ
3570 543 3691 599 κύ-

2111 653 2245 708 ριος.
2289 635 2405 690 Μία
2451 634 2563 704 γὰρ
2608 632 2954 704 ὁμολογίηαι
3009 629 3174 701 φύσις
3230 631 3542 704 ανθρώπου,
3593 636 3690 689 καὶ

2107 729 2404 789 ὑπόστασις
2423 735 2468 790 ι,
2506 725 2608 780 κᾶν
2639 727 2704 779 ὲκ
2741 722 3018 794 διαφόρων
3067 722 3277 808 νρῆται,
3322 724 3417 778 καὶ
3463 725 3522 792 ἑξ
3567 727 3688 780 ἐτε-

2111 817 2330 890 ροειδῶν
2368 815 2737 889 πραγμάτων.
2783 813 3112 885 Ἐτεροφυὲς
3162 811 3264 883 μὲν
3316 813 3428 884 γὰρ
3489 813 3682 884 ὁμολο-

2106 907 2389 979 γουμένως
2441 907 2518 971 ὡς
2567 907 2707 978 πρός
2737 921 2804 975 γε
2843 904 3024 975 ψυχὴν
3062 903 3128 958 τὸ
3175 903 3340 974 σῶμά
3362 904 3536 970 ἐστιν,
3574 901 3689 960 ἀλλ’

2109 996 2242 1050 ἰδιον
2273 996 2465 1066 αὐτῆς,
2507 995 2605 1048 καὶ
2640 992 3162 1048 συναποτελεστικὸν
3205 993 3306 1061 τῆς
3337 992 3692 1060 ὑποστάσεως

2107 1085 2205 1142 τοῦ
2233 1087 2354 1149 ἑνὸς
2379 1086 2695 1157 ἀνθρώπου.
2725 1086 2841 1140 Καὶ
2864 1084 2942 1156 νῷ
2971 1085 3094 1156 μὲν,
3119 1085 3215 1139 καὶ
3241 1083 3467 1157 θεωρίᾳ,
3500 1085 3563 1138 τὸ
3586 1085 3700 1138 διά.-
3805 1130 3812 1134 ,

2109 1196 2276 1250 φορον
2303 1179 2413 1232 τῶν
2443 1177 2854 1249 ὠνομασμένων
2890 1177 2991 1230 οὐκ
3034 1176 3386 1247 ἁσυμφανές·
3432 1177 3466 1247 ἡ
3517 1176 3576 1230 δέ
3627 1193 3696 1245 γε

2110 1271 2350 1335 σύνοδος,
2379 1272 2500 1341 ἦτοι
2551 1270 2849 1342 συνδρομὴ,
2893 1270 2957 1323 τὸ
3004 1269 3341 1340 άὸιάτμητον
3385 1268 3586 1340 ἔχουσα
3635 1269 3697 1322 ἓν

2109 1363 2366 1418 ἀποπλεῖ
2397 1362 2536 1428 ζῶον
2587 1361 2682 1415 τὸν
2729 1361 3037 1432 ἄνθρωπον.
3081 1361 3142 1414 '0
3173 1360 3354 1415 τοίνυν
3400 1359 3698 1431 μονογενὴς

2107 1455 2202 1509 τοῦ
2241 1453 2378 1509 Θεοῦ
2413 1454 2605 1523 Λόγος,
2628 1454 2729 1507 οὐκ
2760 1453 3049 1524 ἄνθρωπον
3071 1451 3398 1524 προσλαϐὼν
3423 1451 3693 1525 προῆλθεν

2109 1547 2416 1619 ἄνθρωπος,
2456 1547 2593 1602 ἀλλὰ
2627 1547 2807 1601 καίτοι
2829 1546 2930 1617 τὴν
2952 1545 3048 1600 καὶ
3106 1545 3242 1600 Θεοῦ
3274 1546 3493 1617 [ἰατρὸς
3519 1544 3700 1616 ἀπόρσ

2113 1643 2278 1712 ρητον
2307 1639 2450 1710 ἔχων
2484 1639 2764 1709 γέννησιν,
2793 1637 2882 1691 διὰ
2929 1637 3025 1691 τοῦ
3056 1637 3216 1706 ἁγίου
3272 1638 3370 1692 καὶ
3407 1636 3700 1708 ὁμοουσίου

2113 1729 2434 1803 Πνεῦματος
2484 1728 2664 1800 ἑαυτῷ
2715 1728 3130 1800 δημιουργήσας
3171 1726 3322 1791 ναὸν,
3349 1727 3572 1796 γέγονεν
3601 1727 3700 1782 άν-

421 1824 626 1879 minem
651 1825 830 1894 ipsum
853 1823 1119 1878 eiiiciunt.
1144 1823 1334 1893 Itaque
1358 1803 1702 1892 unigenitum
1733 1822 1833 1877 Dei
1865 1823 2003 1878 Ver-

2112 1821 2350 1893 θρωπος.
2399 1821 2694 1890 Τοιγάρτοι
2730 1820 2823 1873 καὶ
2853 1814 2935 1882 εἷς
2978 1821 3201 1884 νοεῖται,
3245 1819 3350 1872 κᾶν
3388 1821 3455 1890 τῇ
3496 1817 3701 1894 θεωρίᾳ

422 1915 553 1970 bum
613 1931 724 1970 non
777 1912 1002 1969 homine
1049 1922 1332 1984 assumpto
1384 1914 1591 1984 prodiit
1647 1914 1846 1980 homo;
1907 1913 2004 1969 sed

422 2009 676 2077 quamvis
723 2007 1057 2062 ineffabilem
1118 2021 1186 2060 ex
1228 2007 1341 2061 Deo
1384 2007 1545 2061 Patre
1593 2005 2006 2076 generationem

423 2097 672 2161 haberet,
720 2097 924 2166 templo
965 2111 1066 2166 per
1109 2095 1374 2165 Spiritum
1421 2104 1674 2150 sanctum
1719 2095 1825 2150 sibi
1869 2110 2006 2150 con-

2109 1917 2178 1986 τῇ
2217 1913 2361 1967 κατὰ
2391 1913 2486 1967 τὸν
2525 1913 2704 1983 λόγον,
2746 1913 3035 1984 ὲτεροφυὲς
3087 1907 3156 1981 ἦν
3201 1912 3376 1982 παρ’·
3425 1893 3590 1964 αὐτὸν
3636 1909 3702 1964 τὸ

2113 2005 2274 2076 σῶμα
2327 2005 2517 2060 αὐτοῦ.
2565 2004 2968 2076 Ὀμολογείσθω
3017 2004 3076 2058 δὲ
3133 2002 3433 2074 πανταχοῦ,
3480 2003 3565 2055 ὅτι
3622 1999 3701 2071 μὴ

2111 2097 2321 2169 ἄψυχον
2349 2093 2442 2169 ἦν,
2471 2098 2589 2152 ἀλλ’
2618 2097 2867 2168 ὲψύχωτο
2899 2095 3043 2167 ψυχῇ
3083 2097 3268 2168 νοερᾷ.

421 2187 838 2243 substantialem
881 2197 1219 2252 constructo,
1251 2188 1416 2242 homo
1457 2187 1661 2242 factum
1703 2194 1808 2242 est.
1855 2187 2010 2244 Unus
2047 2190 2280 2259 proinde
2303 2189 2652 2261 intelligitur,
2695 2189 2911 2245 etiamsi
2937 2204 3138 2258 corpus
3182 2187 3328 2258 quod
3381 2195 3700 2255 assumpsnt,

422 2279 539 2349 ipsa
587 2279 818 2333 rationis
862 2278 1327 2347 contemplatione
1372 2277 1607 2333 diversae
1654 2276 1726 2332 sit
1772 2277 1842 2332 ab
1885 2278 2006 2348 ipso
2045 2287 2277 2335 naturae.
2306 2279 2523 2350 Ubique
2554 2293 2692 2334 vero
2753 2277 3028 2333 fateamur
3063 2293 3175 2332 non
3236 2277 3477 2334 inanimo
3505 2277 3700 2345 fuisse,

420 2370 516 2426 sed
551 2371 732 2424 anima
761 2370 1101 2441 intelligente
1133 2370 1448 2440 praeditum.

489 2461 670 2517 Audio
718 2461 1082 2516 nihilominus
1128 2461 1396 2531 quosdam
1444 2461 1501 2516 in
1547 2477 1670 2517 eam
1725 2461 2004 2518 vesaniam

419 2553 709 2624 prolapsos
734 2568 877 2616 esse,
903 2562 966 2608 ut
989 2553 1176 2608 dicere
1200 2568 1313 2608 non
1337 2561 1636 2608 vereantur
1660 2555 1837 2608 Deum
1865 2555 2005 2608 Ver-
2073 2611 2078 2616 ,

419 2644 552 2697 bum
589 2644 646 2697 in
682 2642 778 2697 illo
813 2643 1037 2698 homine
1069 2658 1136 2696 ex
1163 2643 1389 2714 Virgine
1421 2653 1552 2698 nato
1582 2644 1812 2714 perinde
1851 2659 1916 2700 ac
1950 2645 2007 2700 in

419 2733 658 2804 quodam
714 2732 829 2786 lilio
872 2732 1234 2797 inhabitasse,
1274 2731 1646 2803 eumdemque
1697 2733 2004 2788 deitlcasse.

419 2825 552 2891 Sed,
580 2840 613 2879 ο
635 2824 767 2878 boni
790 2824 917 2889 viri,
945 2839 1054 2878 non
1092 2824 1199 2878 hoc
1219 2833 1324 2890 est,
1353 2825 1598 2895 inquam,
1638 2826 1736 2879 Dei
1765 2826 2006 2882 Verbum

421 2915 769 2970 incarnatum
791 2916 879 2970 vel
902 2915 1184 2969 hominem
1206 2914 1410 2984 factum
1439 2931 1590 2982 esse;
1618 2917 1712 2972 sed
1743 2917 1927 2987 potius
1949 2918 2007 2973 in

419 3007 644 3062 homine
674 3022 786 3061 non
820 3021 980 3061 secus
1011 3021 1078 3060 ac
1107 3007 1163 3061 in
1201 3006 1385 3077 aliquo
1413 3016 1731 3063 sanctorum
1762 3010 2005 3080 prophe-

419 3106 601 3153 tarum
645 3096 942 3151 habitasse.
981 3096 1279 3152 Enimvero
1319 3097 1663 3154 admirabilis
1698 3099 2005 3154 secundum
2033 3119 2079 3182 ο

416 3200 522 3240 nos
562 3185 812 3257 mysterii
852 3185 1012 3250 ratio,
1055 3193 1118 3239 ut
1159 3187 1324 3256 paulo
1367 3188 1624 3258 superius
1666 3190 2002 3256 monuimus,

417 3277 552 3332 illud
583 3276 761 3348 ipsum
789 3277 886 3330 Dei
921 3276 1102 3332 Patris
1137 3278 1380 3333 Verbum
1421 3294 1666 3347 carnem,
1699 3281 2006 3336 secundum

415 3370 733 3440 Scripturas
757 3371 826 3435 ",
860 3369 1066 3424 factum
1111 3369 1275 3426 docet
1305 3389 1318 3424 :
1353 3387 1465 3426 non
1507 3373 1655 3442 quod
1693 3373 2005 3427 naturalem

357 3491 368 3499 ~
413 3461 656 3531 aliquam
685 3460 1052 3522 mutationem
1093 3469 1189 3515 aut
1231 3462 1613 3518 alterationem
1654 3463 2003 3529 sustinuerit,

414 3553 556 3608 utin
589 3567 812 3607 carnem
844 3567 1067 3607 versum
1105 3553 1177 3608 sit
1207 3570 1220 3607 :
1251 3554 1348 3609 sed
1381 3555 1531 3624 quod
1563 3571 1787 3612 carnem
1821 3558 2006 3614 anima

416 3644 673 3699 rationali
697 3653 1004 3716 vegetatam
1034 3645 1140 3699 sibi
1165 3645 1442 3712 asciverit,
1470 3647 1745 3719 homoque
1777 3665 2006 3720 proces-

414 3737 571 3800 serit,
612 3751 723 3790 non
763 3736 910 3806 quod
948 3736 1159 3790 homini
1184 3735 1257 3790 sit
1282 3739 1657 3809 conjunctum,
1692 3751 1787 3796 aut
1820 3742 1877 3797 in
1902 3742 2008 3797 lio-

417 3829 564 3882 mine
593 3827 1010 3893 inhabitaverit,
1041 3838 1102 3883 ut
1142 3829 1246 3899 ipsi
1282 3829 1493 3885 dicunt.
1525 3833 1701 3888 Porro
1737 3833 1914 3901 illum,
1947 3835 2004 3890 in

415 3934 527 3989 quo
549 3919 818 3974 habitarit
839 3919 1026 3975 dicere
1055 3920 1371 3976 deiﬁcatum
1403 3921 1592 3990 fuisse,
1621 3933 1682 3978 ut
1713 3925 1819 3996 ipsi
1851 3939 2002 3980 asse-

395 4019 549 4068 .runt
571 4011 650 4080 (id
675 4011 826 4066 enim
859 4027 962 4067 nos
994 4027 1224 4082 prorsus
1260 4015 1632 4083 respuendum
1664 4015 2000 4086 censemus),

415 4101 696 4172 quomodo
725 4117 837 4156 non
869 4117 1097 4157 summae
1134 4103 1382 4158 stultitiae
1409 4105 1868 4176 signiﬁcationem
1901 4107 2002 4161 ha-

417 4191 548 4248 bet?
590 4193 806 4264 Pugnat
865 4194 1013 4248 enim
1068 4209 1194 4249 eum
1253 4210 1532 4252 sacrarum
1589 4197 2003 4267 Scripturarum

415 4297 606 4354 scopo.
647 4283 1104 4354 Quandoquidem
1153 4284 1374 4341 divinus
1416 4287 1620 4343 Paulus
1654 4288 1828 4342 Deum
1862 4289 2001 4344 Ver-

416 4375 545 4429 bum
575 4376 631 4429 in
659 4375 834 4431 forma
866 4385 924 4431 et
953 4377 1045 4431 illa
1078 4391 1178 4447 per
1213 4378 1400 4433 omnia
1432 4378 1529 4434 Dei
1568 4379 1747 4434 Patris
1769 4381 2000 4450 aequali-

2187 2461 2383 2515 Ἦκειν
2428 2473 2494 2526 γε
2549 2459 2656 2530 μὴν
2697 2459 2779 2521 είς
2823 2456 2984 2510 τοῦτο
3027 2455 3368 2527 ἀποπληξίας
3417 2457 3701 2528 ἐπυθόμην

2113 2552 2287 2614 τινὰς,
2319 2550 2395 2612 ὡς
2441 2548 2515 2618 μὴ
2557 2545 2932 2601 καταιδείσθαι
2957 2545 2984 2586 b
3014 2544 3215 2613 λέγειν,
3247 2545 3322 2609 ὡς
3355 2545 3414 2598 ἐν
3451 2562 3558 2600 ⁶ιιινι
3595 2545 3700 2616 υἱῷ

2112 2638 2191 2710 τῷ
2227 2640 2292 2691 ὲκ
2324 2635 2606 2708 Παρθένου
2643 2634 2890 2705 τεχθέντι
2922 2636 3282 2706 ὲνοικήσαντα
3314 2635 3405 2690 τὸν
3434 2635 3566 2690 Θεὸν
3598 2636 3690 2690 Λό-

2114 2749 2234 2801 γον,
2267 2731 2458 2784 τοῦτον
2480 2728 2814 2784 ἀποθεῶσαι.
2859 2728 2999 2781 Ἀλλ’
3025 2729 3086 2782 οὐ
3117 2726 3277 2781 τοῦτό
3307 2728 3478 2793 ἐστιν,
3512 2724 3556 2781 ὦ
3577 2727 3688 2799 βέλο

2114 2841 2308 2884 τιστοι,
2349 2823 2515 2893 φαίην
2538 2821 2603 2875 ἂν
2625 2823 2832 2885 αὐτοῖς,
2859 2821 2918 2874 τὸ
2941 2819 3296 2891 σαρκωοῆναί
3324 2837 3387 2873 τε
3416 2820 3511 2874 καὶ
3539 2822 3701 2874 ἐναν-

2115 2912 2408 2984 θρωπῆσαι
2459 2912 2552 2967 τὸν
2585 2911 2680 2966 τοῦ
2733 2912 2869 2965 Θεοῦ
2916 2912 3112 2981 Λόγον,
3165 2913 3610 2984 ὲγκατοικῆσαιε
3642 2913 3704 2967 δὲ

2118 3003 2320 3075 μᾶλλον
2372 3003 2668 3076 ἀνθρώπῳ,
2724 3003 2976 3075 καθάπερ
3028 3003 3256 3074 ἀμέλει,
3313 3005 3411 3058 καὶ
3465 3005 3546 3058 ἑνὶ
3591 3004 3704 3058 τῶν

2114 3095 2287 3164 ἁγίων
2342 3094 2661 3166 προφητῶν.
2705 3093 2762 3148 '0
2806 3093 2864 3146 δέ
2899 3111 2964 3163 γε
3009 3093 3104 3148 τοῦ
3139 3094 3440 3165 καθ’ήμᾶς
3501 3109 3713 3165 μυστηο

2111 3189 2230 3259 ρίου
2257 3189 2434 3256 λόγος,
2463 3187 2540 3252 ὡς
2564 3187 2660 3242 καὶ
2696 3187 2754 3240 ὲν
2776 3188 2889 3250 τοῖς
2929 3184 3222 3252 ἀνωτέροις
3240 3183 3273 3225 ἀ
3296 3184 3474 3257 βραχὺ
3505 3185 3710 3258 προδε-

2107 3282 2366 3353 δήλωται,
2407 3280 2571 3335 αὑτὸν
2599 3278 2847 3350 βούλεται
2881 3277 2973 3332 τὸν
2998 3279 3063 3330 ἐκ
3098 3277 3236 3331 Θεοῦ
3271 3277 3490 3348 Πατρὺς
3512 3293 3700 3346 γεννη-

2109 3371 2273 3426 θέντα
2323 3372 2518 3439 Λόγον,
2571 3368 2752 3440 σάρκα
2812 3368 3068 3437 γενέσθαι
3121 3367 3264 3422 κατὰ
3315 3367 3415 3432 τὰς
3449 3367 3701 3438 Γραφὰς,

2107 3464 2206 3536 οὐχ
2229 3464 2307 3528 ὡς
2331 3463 2663 3534 μετάστασιν
2689 3461 2950 3532 φυσικὴν,
2971 3462 3141 3533 ἧγουν
3161 3461 3390 3533 τροπὴν,
3416 3462 3450 3532 ἢ
3470 3461 3702 3516 ἀλλοίω-

2111 3571 2194 3608 σιν
2223 3555 2610 3625 ὑπομείναντα,
2633 3553 2735 3623 τὴν
2756 3554 2836 3617 είς
2864 3553 3044 3625 σάρκα
3099 3553 3266 3624 φημὶ,
3300 3553 3413 3608 ἀλλ’
3431 3555 3514 3608 ὅτι
3565 3553 3703 3626 σάρ-

2108 3665 2180 3701 κα
2204 3647 2564 3720 ὲψυχωμένην
2605 3648 2832 3720 νοερῶς,
2883 3647 3021 3701 ἰδίαν
3058 3647 3374 3718 ἐποιήσατο,
3403 3646 3497 3700 καὶ
3530 3646 3701 3710 αὐτὸς

2107 3739 2380 3811 προῆλθεν
2420 3739 2729 3812 ἄνθρωπος,
2798 3740 2898 3794 οὐκ
2957 3737 3233 3810 ἀνθρώπῳ
3277 3739 3550 3810 συνήφθη,
3579 3738 3702 3792 οὐδὲ

2107 3831 2378 3904 ἑνῲκηκε,
2406 3833 2552 3888 καθά
2581 3849 2734 3902 φασι.
2766 3832 2840 3884 Τὸ
2865 3831 2924 3885 δὲ
2958 3830 3051 3886 καὶ
3075 3830 3488 3886 ἀποτεθεῶσΘαι
3515 3829 3703 3900 λέγειν

2105 3923 2197 3977 τὸν
2221 3956 2225 3959 -
2245 3925 2523 3994 ἐσχηκότα
2566 3925 2667 3994 τὴν
2719 3924 3018 3994 ἐνοίκησιν,
3055 3923 3131 3987 ὡς
3161 3923 3314 3978 αὐτοὶ
3340 3922 3702 3979 διατείνονται

2107 4014 2291 4084 (τοῦτο
2343 4015 2452 4086 γὰρ
2487 4015 2620 4086 παρ’
2655 4017 2788 4086 ἡμῖν
2833 4015 3142 4084 ἀπόϐλητον
3191 4013 3519 4085 παντελῶς),
3577 4015 3703 4080 πῶς

2105 4107 2204 4176 οὐχ
2235 4107 2458 4180 ἁπάσης
2486 4107 2891 4179 ἐμϐροντησίας
2929 4105 3208 4174 ἀπόδειξιν
3253 4105 3408 4178 ιχεις
3443 4106 3700 4178 Μάχεται

2105 4197 2217 4268 γὰρ
2247 4197 2328 4269 τῷ
2357 4198 2550 4269 σκοπῷ
2578 4199 2678 4269 τῆς
2705 4198 2857 4262 θείας
2883 4207 2909 4238 ο
2943 4197 3187 4270 Γραφῆς.
3215 4199 3276 4253 '0
3309 4198 3411 4268 μὲν
3433 4198 3544 4270 γὰρ
3573 4198 3696 4253 θεσ-

2104 4290 2294 4353 πέσιος
2337 4289 2548 4355 Παῦλος
2587 4290 2680 4344 τὸν
2721 4290 2815 4344 τοῦ
2863 4290 3000 4345 Θεοῦ
3033 4291 3226 4359 Λόγον,
3273 4292 3332 4345 ὲν
3377 4293 3560 4364 μορφῇ
3598 4291 3696 4345 καὶ

2107 4382 2312 4453 ἰσότητι
2341 4383 2411 4454 τῇ
2451 4382 2595 4438 κατὰ
2626 4384 2735 4438 πᾶν
2759 4384 2940 4438 ὁτιοῦν
2970 4384 3066 4438 τοῦ
3109 4384 3326 4457 Πατρὸς
3352 4385 3502 4449 ὁντα,
3527 4385 3694 4456 φησὶν

415 4475 525 4525 tate
589 4469 987 4534 constitutum,
1034 4471 1443 4542 non-rapinam
1495 4469 1823 4527 arbitratum
1865 4473 2001 4528 dicit

2107 4473 2204 4545 οὐχ
2240 4475 2535 4546 ἁρπαγμὸν
2565 4474 2880 4546 ἡγήσασθαι
2919 4475 2982 4529 τὺ
3007 4471 3151 4530 εἶναι
3184 4475 3275 4530 ῐσα
3306 4475 3446 4548 Θεῷ,
3499 4475 3694 4533 ἑαυτὸν

411 4558 678 4629 ιοιιυιιὶθιη
713 4575 774 4614 se
805 4575 926 4614 esse
964 4560 1096 4628 Deo,
1131 4577 1326 4618 verum
1354 4562 1709 4632 semetipsum
1743 4563 1997 4620 exinani-

414 4651 580 4715 visse,
609 4650 866 4722 servique
895 4650 1071 4707 forma
1097 4662 1341 4723 accepta,
1362 4653 1420 4707 in
1444 4652 1864 4709 similitudinem
1893 4655 1998 4709 ho~

413 4743 625 4799 minum
668 4744 872 4800 factum
916 4759 1061 4810 esse,
1099 4754 1290 4815 utpote
1330 4745 1642 4810 hominem,
1685 4761 1751 4802 ac
1792 4756 1997 4802 semet-

414 4835 592 4906 ipsum
635 4835 955 4891 humiliasse
981 4837 1050 4891 ⁸⁸.
1091 4836 1173 4891 Illi
1220 4852 1356 4893 vero
1393 4853 1578 4892 rerum
1621 4847 1877 4894 naturam
1926 4839 1993 4894 ad

413 4925 632 4996 quidvis
679 4926 1018 4980 contrarium
1062 4925 1427 4997 detorquent,
1476 4927 1699 4996 vimque
1743 4927 1996 4982 veritatis

414 5010 580 5082 impie
618 5011 1026 5079 adulterantes,
1057 5013 1340 5068 hominem
1371 5014 1683 5071 deiﬁcatum
1719 5026 1991 5072 asserunt.

417 5102 614 5156 Verum
662 5103 708 5158 si
751 5119 841 5158 res
882 5104 958 5158 ita
999 5104 1187 5171 habet,
1226 5106 1502 5176 quisnam,
1542 5123 1749 5178 quaso,
1791 5118 1994 5164 semet-

415 5193 593 5262 ipsum
611 5194 950 5250 exinanivit?
969 5195 1246 5265 quomodo
1264 5205 1527 5266 praeterea
1549 5198 1790 5269 seipsum
1817 5201 1998 5256 humi-

2102 4565 2160 4619 δὲ
2198 4567 2400 4636 μᾶλλον
2433 4567 2688 4631 κενῶσαι,
2732 4569 2827 4622 καὶ
2861 4567 3074 4639 μορφὴν
3113 4565 3304 4623 δούλου
3353 4569 3563 4635 λαϐεῖν,
3593 4568 3692 4623 καὶ

2103 4658 2162 4710 ὲν
2203 4657 2512 4728 ὁμοιώματι
2588 4657 2894 4729 ἀνθρώπων
2947 4659 3202 4727 γενέσθαι
3257 4659 3335 4724 ὡς
3377 4659 3688 4731 ἄνθρωπον,

2102 4748 2442 4802 ταπεινῶσαι
2488 4767 2548 4802 τε
2592 4750 2807 4805 ἑαυτόν.
2842 4751 2905 4805 Οί
2946 4750 3005 4805 δὲ
3042 4752 3182 4824 πρὸς
3222 4753 3331 4806 πᾶν
3378 4751 3689 4806 τούναντίον

2092 4837 2464 4906 -μεθιστάντες
2517 4839 2627 4896 τῶν
2677 4842 3024 4912 πραγμάτων
3064 4845 3164 4913 τὴν
3211 4843 3396 4913 φύσιν,
3451 4843 3545 4898 καὶ
3585 4841 3688 4914 τῆς

2102 4930 2364 5001 ἀληθείας
2401 4931 2498 5004 τὴν
2539 4932 2767 5005 δύναμιν
2807 4935 3038 4998 ἀνοσίως
3073 4935 3564 5008 ὲκκαπηλεύοντες,
3593 4952 3686 4988 τε-

2102 5020 2452 5094 θεοποιῆσθαί
2503 5041 2670 5092 φασιν
2715 5019 3022 5099 ἄνθρωπον.
3076 5023 3209 5081 Εἶτα
3257 5028 3344 5091 τίς
3375 5028 3404 5079 ό
3437 5026 3684 5092 κενώσας

2103 5113 2317 5178 ἑαυτὸν,
2350 5109 2396 5168 ὦ
2436 5114 2724 5185 βέλτιστοι,
2753 5119 2847 5171 καὶ
2888 5118 3008 5181 πῶς
3035 5118 3469 5184 τεταπείνωταις
3499 5119 3682 5184 ποίαν,

2098 5206 2222 5258 είπὲ
2245 5224 2358 5275 μοι,
2394 5205 2574 5262 λαῦὼν
2603 5209 2698 5263 τοῦ
2727 5209 2917 5264 δούλου
2951 5213 3196 5282 μορφήν;
3223 5210 3544 5281 Είσκομίζει
3572 5211 3681 5281 γὰρ

415 5285 603 5340 Iiavit?
633 5287 853 5356 qualem
893 5287 1062 5342 dicite
1101 5287 1262 5353 mihi,
1297 5290 1444 5345 servi
1476 5290 1710 5346 formam
1745 5295 1997 5364 accepit?

2107 5299 2248 5368 ἡμῖν,
2282 5298 2358 5362 ὡς
2385 5298 2582 5365 ἔοικεν,
2612 5303 2640 5355 ὁ
2679 5301 2811 5372 παρ’
2848 5301 3030 5356 αὐτῶν
3082 5303 3240 5372 λόγος
3290 5306 3358 5358 ὲκ
3400 5302 3503 5374 τῆς
3557 5300 3681 5357 καθ’

416 5374 629 5430 Etenim
684 5377 801 5432 haec
847 5377 1069 5433 illorum
1111 5375 1362 5434 doctrina
1413 5379 1694 5436 hominem
1735 5384 1997 5442 videlicet

2107 5391 2242 5460 ἡμᾶς
2272 5391 2660 5462 ταπεινότητος
2691 5392 2994 5464 ὐψούμενον
3028 5394 3334 5464 ἄνθρωπον,
3363 5394 3459 5449 καὶ
3483 5394 3549 5448 ὲκ
3580 5393 3678 5463 τῆς

483 5530 529 5564 ⁸⁸
550 5531 708 5587 Joan.
740 5549 778 5597 ι,
809 5533 896 5586 M.
969 5533 1014 5566 “
1033 5533 1272 5605 Philipp.
1309 5553 1370 5604 n,
1403 5537 1524 5594 6-8.

1471 5650 1648 5707 Varia:
1676 5651 1942 5708 lectiones
1963 5652 2173 5709 codicis
2211 5653 2576 5726 Seguieriani.

487 5761 512 5795 ι
546 5755 826 5821 σύστασις.
903 5769 928 5798 ι
967 5753 1187 5830 ᾗπαρ’.
1260 5759 1290 5804 δ
1321 5763 1656 5820 καταδεῖσαι.
1733 5775 1756 5805 ο
1799 5767 2160 5834 ἐγκατοικεῖν.
2237 5765 2263 5806 ει
2305 5767 2603 5846 ἀνωτέρω..
2640 5779 2686 5848 ,ε
2729 5770 3110 5831 θεοπνεύστου.
