4048 6444
262 353 374 409 261

1703 347 2038 406 EPISTOLA
2075 349 2137 404 L.

3444 347 3553 406 962

261 465 396 520 παῦ’
429 463 583 535 ἡμᾶς
629 461 926 528 κενώσεως
977 465 1061 529 είς
1105 463 1167 518 τὸ
1218 463 1426 536 πλῆρες
1467 463 1568 534 τῆς
1626 463 1877 536 θεότητος

1988 463 2214 529 inducit,
2238 462 2334 535 qui
2355 479 2424 520 ex
2455 471 2642 519 nostra
2668 462 2977 528 humilitate
3003 462 3057 517 in
3079 462 3314 519 sublime
3337 475 3562 524 evectus

266 554 665 617 ἀναϐαίνοντα,
691 553 788 606 καὶ
813 555 882 606 ὲκ
909 553 1013 623 τῆς
1039 553 1134 607 τοῦ
1155 551 1339 606 δούλου
1368 554 1583 624 μορφῆς
1615 554 1874 624 μεθιστά-

271 664 434 718 μενον
454 645 542 708 είς
570 645 932 714 δεσποτικήν.
965 643 1094 707 Πῶς
1118 639 1211 698 οὖν
1236 638 1354 714 ἄρα’
1382 643 1718 698 κεκενῶσθαί
1743 660 1876 713 φασι

268 737 353 790 τὸν
382 734 710 804 Μονογενῆ,
743 735 778 806 ἢ
817 736 936 799 πῶς
964 735 1066 804 τὴν
1095 735 1250 805 ἡμῶν
1301 735 1563 806 ὑπέμεινε
1612 735 1878 789 ταπείνω-

268 845 371 890 σιν,
396 827 511 880 οὐκ
541 825 656 897 ἔχω
685 827 833 879 νοεῖν
853 843 868 857 ο
899 827 949 879 εί
980 825 1058 897 μὴ
1082 826 1191 897 ἄρα
1216 826 1558 879 κεκενῶσθαι
1585 843 1749 895 φασιν
1775 825 1876 880 af)-

264 920 375 982 τὸν,
409 919 503 971 ὅτι
549 920 622 986 τῇ
669 915 778 984 ἰδίᾳ
815 915 947 989 δόξῃ
979 916 1244 986 τετίμηκε
1287 916 1378 969 τὸν
1423 916 1728 985 ἄνθρωπον.
1761 915 1878 985 Καὶ

265 1009 313 1061 εἰ
339 1006 529 1078 τιμῶν
570 1006 874 1068 ἀδικεῖται,
908 1004 1005 1058 καὶ
1038 1005 1293 1074 κενοῦται
1322 1003 1583 1070 δοξάζων,
1616 1003 1735 1066 πῶς
1778 1003 1878 1056 οὐκ

265 1100 495 1170 ἄμεινον
528 1099 654 1170 ἐρεῖ
675 1114 762 1160 τις
785 1093 929 1150 εἶναι
950 1099 1012 1150 τὸ
1037 1097 1174 1168 μηδὲ
1200 1095 1367 1167 τιμὴν
1393 1096 1576 1160 αὐτὸν,
1605 1096 1742 1166 μήτε
1772 1093 1878 1164 μὴν

265 1191 424 1256 δόξαν
451 1189 572 1243 τινὶ
605 1188 838 1259 νέμειν;
866 1186 1094 1259 Ἔμεινε
1129 1186 1240 1259 γὰρ
1290 1187 1358 1242 ἂν
1400 1189 1459 1240 ὲν
1507 1186 1664 1249 ἰδίαις
1707 1187 1879 1256 ὑπερ-

267 1283 435 1352 οχαῖς,
470 1280 622 1350 μήτε
658 1279 928 1348 τιμήσας,
969 1278 1108 1348 μήτε
1159 1276 1392 1343 δοξάσας
1440 1276 1554 1339 τὸν,
1609 1275 1685 1339 ὡς
1726 1273 1879 1328 αὐτοί

273 1389 447 1442 φασιν,
474 1371 600 1424 οίκε
611 1368 849 1424 ιωθέντα
887 1367 1040 1438 αὑτῷ
1068 1365 1380 1440 ἄνθρωπον.
1403 1362 1535 1438 ⁷Αρ’
1553 1367 1615 1420 οὐ
1642 1366 1878 1434 γέλωτος

277 1465 386 1529 ἀξια
408 1461 586 1516 παντί
613 1477 722 1513 που
752 1460 1027 1528 φανεῖται,
1055 1458 1148 1511 καὶ
1172 1457 1504 1529 ἀϐελτηρίας
1533 1457 1758 1528 ἕμπλεω
1780 1457 1880 1526 τῆς

279 1557 531 1628 talin-1;,
567 1553 608 1608 ὃ.
642 1554 867 1624 φρονεῖν
899 1550 1194 1619 ἐγνώκασι,
1235 1551 1330 1603 καὶ
1361 1549 1621 1621 θαρσοῦσι
1669 1547 1878 1616 λαλεῖν;

288 1650 417 1703 Ἀλλ’
450 1650 483 1702 ὃ
517 1664 586 1716 γε
639 1645 744 1716 τῆς
769 1641 1034 1714 ἀληθείας
1070 1641 1229 1710 λόγος
1265 1643 1365 1695 οὐκ
1408 1642 1474 1696 ἂν
1516 1639 1881 1694 ὑποπτεύσειέ

273 1759 321 1796 τι
342 1737 705 1794 κεκενῶσθαι
739 1735 985 1800 πώποτε,
1012 1735 1088 1804 μὴ
1115 1735 1238 1804 οὐχὶ
1265 1733 1471 1806 πλῆρες
1501 1731 1561 1786 ὃν
1598 1733 1718 1787 κατ’
1745 1731 1882 1786 ἰδίαν

273 1833 434 1905 φύσιν
457 1849 474 1864 ο
516 1831 632 1884 οὐδ’
669 1829 738 1882 ἂν
769 1829 946 1882 νοοῖτο
991 1824 1424 1880 ταπεινοῦσθαι(
1461 1843 1537 1893 τι,
1568 1825 1644 1896 μὴ
1671 1824 1792 1895 οὐχὶ
1813 1823 1880 1896 δὴ
1914 1811 1952 1864 Β

271 1929 495 1990 πάντως
543 1923 689 1993 ὑψοῦ
723 1939 787 1975 τε
819 1922 915 1975 καὶ
945 1917 1209 1973 ἀνωτάτω
1246 1918 1520 1990 κείμενον,
1555 1914 1674 1972 εἷτα
1712 1935 1882 1972 κατα-

277 2020 548 2091 φοιτῆσαν
577 2016 661 2079 εἰς
683 2015 824 2084 ὅπερ
853 2013 957 2065 οὐκ
988 2006 1086 2081 ἦν·
1124 2010 1216 2064 τὸν
1242 2010 1298 2064 δέ
1328 2027 1392 2079 γε
1421 2009 1610 2062 δούλου
1647 2009 1883 2064 λαϐόντα

298 2110 543 2181 μορφὴν,
589 2105 797 2161 εἴσεταί
840 2121 946 2156 που
984 2101 1204 2166 πάντως
1231 2100 1338 2173 πρὸ
1379 2101 1551 2172 αὐτῆς
1589 2100 1780 2171 ἔχοντα
1821 2101 1883 2154 τὸ

302 2202 457 2256 κατὰ
492 2200 652 2268 φῦσιν
684 2195 1000 2266 ιλεὺθερον·
1038 2194 1136 2248 καὶ
1174 2193 1266 2246 τὸν
1295 2191 1564 2262 γεγονότα
1595 2191 1884 2262 ἄνθρωπον

303 2293 408 2344 οὐκ
433 2285 579 2344 οἶδεν
608 2287 724 2342 ὄντα
767 2286 932 2341 τοῦτο
978 2285 1113 2357 πρὶν
1169 2283 1484 2355 γεγένηται.
1529 2283 1640 2353 Τῆς
1703 2283 1885 2336 τοίνυν
1923 2328 1944 2348 ,

295 2382 464 2451 ἁγίας
513 2381 604 2434 καὶ
638 2377 1000 2434 θεοπνεύστου
1031 2377 1260 2450 Γραφῆς
1311 2377 1545 2432 κένωσιν
1589 2375 1887 2446 ὀνομαζού-

295 2491 412 2546 σης,
443 2474 540 2527 καὶ
573 2471 761 2526 δούλου
799 2471 1036 2542 μορφὴν,
1071 2471 1168 2525 καὶ
1206 2469 1426 2542 μέντοι
1467 2469 1563 2522 καὶ
1595 2467 1884 2540 ἀνθρωπό-

289 2583 444 2636 τητα,
476 2565 575 2617 καὶ
603 2563 699 2616 τὸν
733 2563 909 2615 ταῦτα
943 2560 1266 2623 ἐθελουσίως
1305 2558 1677 2630 ὑπομείναντα
1707 2558 1889 2628 λεγού-

288 2670 384 2726 σης
422 2653 521 2706 τὸν
566 2653 632 2704 ὲκ
676 2651 814 2704 Θεοῦ
858 2651 1073 2722 Πατρὸς
1107 2649 1279 2717 Λόγον
1319 2645 1481 2714 εἶναι,
1525 2647 1577 2701 τί
1612 2649 1888 2720 παρατρέ-

283 2761 479 2800 πουσιν
507 2743 672 2797 αὐτοὶ
697 2743 838 2813 πρὸς
858 2741 921 2795 τὸ
943 2740 1184 2795 ἐναντίον
1207 2741 1307 2812 τῆς
1338 2741 1481 2795 οὕτω
1497 2739 1887 2811 τεθαυμασμέ-

281 2855 375 2908 vn;
404 2835 733 2906 οἰκονομίας
758 2834 819 2889 τὸ
846 2834 1121 2904 εὐτεχνὲς,
1149 2833 1438 2906 ἄνθρωπον
1474 2832 1887 2904 τεθεοποιῆσθαι

278 2928 554 2996 λέγοντες,
597 2925 693 2979 ἵνα
739 2922 908 2994 μηδὲν
947 2922 1029 2976 ἔτι
1067 2922 1364 2993 διαφέρωσι
1410 2922 1727 2994 Χριστιανοὶ
1781 2923 1888 2976 τῶν

277 3022 348 3089 τῇ
389 3017 580 3072 κτίσει
632 3013 1080 3086 λελατρευκότων
1121 3013 1277 3087 παρὰ
1330 3015 1423 3068 τὸν
1479 3013 1776 3080 κτίσαντα;
1818 3015 1889 3066 Ἣ

1977 554 2070 620 sit,
2092 555 2299 626 quique
2337 571 2406 610 ex
2437 566 2628 611 nostra
2659 555 3028 610 exinanitione
3056 555 3111 609 in
3139 555 3359 611 deitatis
3385 557 3563 627 plem-

1978 645 2226 700 tudinem
2247 646 2514 712 evaserit;
2542 662 2646 702 nec
2669 662 2778 700 non
2799 661 2868 700 ex
2888 646 3061 700 forma
3084 646 3270 701 servili
3296 648 3352 701 in
3375 648 3564 702 Domi-

1977 737 2158 792 nicam
2184 737 2415 793 formam
2443 738 2744 792 transierit.
2769 737 3038 807 Equidem
3063 739 3339 807 quomodo
3364 740 3560 810 unigea

1977 827 2154 882 nitum
2193 828 2290 883 Dei
2328 829 2528 882 Filium
2569 828 2933 893 exinanitum,
2965 829 3240 899 quomodo
3277 831 3410 885 item
3451 831 3560 884 hu-

1978 932 2155 972 mana:
2209 927 2422 973 naturae
2474 917 2917 973 humiliationem
2964 919 3292 974 sustinuisse
3337 920 3558 986 dicant,

1979 1009 2206 1062 omnino
2250 1009 2558 1080 intelligere
2599 1027 2707 1064 non
2734 1012 2928 1066 valeo:
2968 1010 3072 1065 nisi
3099 1011 3238 1066 forte
3270 1012 3426 1083 162
3462 1028 3555 1082 per

1979 1099 2086 1154 hoc
2125 1099 2464 1154 exinanitum
2505 1109 2842 1165 asseverent,
2874 1101 3021 1170 quod
3047 1101 3337 1167 hominem
3377 1103 3566 1173 gloria!

1979 1201 2093 1245 suae
2111 1190 2438 1260 participem
2464 1190 2676 1246 fecerit.
2702 1191 2907 1246 Verum
2933 1193 2978 1246 si
3003 1192 3238 1247 alterum
3262 1192 3563 1258 honorans,

1980 1279 2097 1349 ipse
2121 1280 2351 1335 honoris
2377 1281 2462 1335 sui
2492 1280 2888 1336 detrimentum
2916 1282 3076 1348 facit;
3111 1283 3156 1338 si
3184 1283 3419 1338 alterum
3446 1285 3564 1354 glo-

1981 1370 2222 1436 rifieans,
2254 1371 2372 1440 ipse
2413 1372 2748 1438 exinanitur,
2783 1373 2874 1428 cui
2924 1373 3155 1428 dubium
3220 1389 3342 1429 esse
3385 1385 3567 1445 potest

1980 1461 2113 1530 quin
2161 1462 2532 1532 praestabilius
2579 1463 2656 1517 illi
2682 1461 2870 1527 fuerit,
2916 1478 3096 1532 neque
3139 1463 3406 1519 honorem
3445 1465 3567 1518 cui-

1981 1567 2168 1621 quam,
2189 1568 2367 1623 nequc
2383 1568 2517 1608 vero
2538 1553 2765 1624 gloriam
2792 1554 2944 1608 illum
2971 1555 3252 1609 tribuere?
3274 1555 3390 1609 Nisi
3419 1556 3568 1610 enim

1982 1642 2284 1708 hominem,
2315 1659 2478 1714 quem
2512 1643 2639 1708 sibi,
2677 1655 2740 1700 ut
2780 1644 2884 1714 ipsi
2923 1645 3248 1714 loquuntur,
3281 1645 3564 1715 proprium

1984 1734 2134 1798 fecit,
2169 1735 2516 1800 honorasset,
2542 1736 2908 1806 eumdemque
2949 1736 3122 1806 gloria
3161 1751 3261 1791 sua
3295 1714 3574 1791 cumulas-

1983 1837 2086 1891 set,
2115 1827 2172 1882 in
2206 1827 2428 1898 propria
2457 1829 2782 1884 excellentia
2811 1838 3068 1884 constans
3087 1831 3438 1900 perstitisset.
3485 1831 3567 1886 An

1984 1934 2093 1972 non
2116 1933 2180 1973 ea
2204 1921 2403 1990 cuique
2431 1921 2543 1974 risu
2569 1921 2752 1991 digna,
2773 1928 2829 1975 et
2850 1929 3109 1976 extremae
3137 1923 3384 1976 stultitiae
3407 1922 3569 1992 plena

1983 2007 2298 2072 videantur,
2330 2025 2450 2079 quae
2485 2010 2562 2064 illi
2601 2019 2659 2064 et
2695 2010 2902 2065 sentire
2934 2019 3266 2075 statuerunt,
3297 2021 3352 2066 et
3385 2011 3570 2081 eloqui

1985 2100 2226 2154 audent?
2259 2101 2330 2154 At
2365 2117 2498 2156 vero
2546 2102 2687 2156 ratio
2729 2103 2980 2156 veritatis
3025 2104 3179 2157 nullo
3213 2103 3376 2158 modo
3405 2104 3571 2174 quid-

1986 2205 2150 2258 quam
2186 2189 2483 2259 aliquando
2524 2190 2866 2244 exinanitum
2912 2191 3180 2257 censebit,
3211 2191 3257 2246 si
3299 2192 3353 2246 id
3392 2191 3572 2263 ipsum

1986 2288 2147 2334 antea
2181 2280 2484 2334 secundum
2522 2287 2779 2334 naturam
2816 2296 2972 2335 suam
3010 2281 3234 2350 plenum
3269 2299 3380 2338 non
3411 2294 3568 2338 erat:

1987 2385 2167 2439 neque
2204 2385 2426 2424 rursum
2466 2369 2840 2435 bumiliatum,
2866 2371 2973 2426 nisi
3007 2371 3141 2426 illud
3171 2371 3227 2426 in
3257 2373 3480 2427 sublimi
3517 2384 3575 2429 et

1987 2479 2204 2519 summo
2225 2465 2486 2533 positum,
2508 2465 2562 2518 in
2589 2464 2641 2518 id
2665 2472 2852 2534 postea
2879 2464 3230 2520 descenderit
3252 2466 3398 2534 quod
3420 2467 3574 2536 prius

1987 2571 2098 2610 non
2119 2563 2240 2610 erat
2255 2574 2267 2607 :
2285 2555 2437 2610 illum
2455 2564 2718 2626 praetcrea
2741 2556 2832 2626 qui
2857 2555 3002 2610 servi
3022 2556 3252 2610 formam
3277 2558 3572 2627 acceperit,

1987 2662 2216 2718 prorsus
2248 2647 2512 2718 intelliget
2535 2657 2827 2718 antequam
2857 2649 3006 2702 illam
3031 2649 3574 2718 acceperit,natura-

1987 2737 2096 2792 lem
2117 2737 2427 2793 libertatem
2453 2739 2742 2793 habuisse:
2765 2748 2820 2794 et
2838 2753 2965 2793 eum
2982 2739 3076 2808 qui
3095 2739 3260 2793 homo
3276 2739 3347 2793 sit
3367 2739 3542 2795 factus
3558 2780 3574 2806 ,

1987 2829 2172 2888 fuisse
2199 2830 2479 2884 hominem
2526 2830 2847 2900 priusquam
2895 2829 3072 2886 factus
3121 2831 3220 2893 sit,
3263 2847 3376 2884 non
3413 2847 3578 2902 agno-

1990 2922 2111 2977 scit.
2161 2922 2528 2989 Quamobrem
2579 2937 2705 2976 cum
2752 2938 2906 2977 sacra
2955 2930 3010 2977 et
3058 2922 3244 2977 divina
3293 2921 3576 2992 Scriptura

1989 3015 2454 3078 exinanitionem,
2502 3015 2871 3086 servilemque
2917 3015 3177 3079 formam,
3222 3031 3325 3070 nec
3366 3009 3478 3070 non
3521 3003 3606 3071 et

279 3112 420 3182 τάχα
459 3127 572 3163 που
623 3107 1012 3178 πεπλανῆσθαι
1050 3105 1285 3160 δώσουσι
1313 3105 1432 3178 μεθ’
1461 3107 1640 3178 ἡμῶν,
1665 3106 1761 3160 καὶ
1792 3107 1886 3159 αὺ-

1990 3106 2391 3162 humanitatem
2419 3107 2684 3170 nominet,
2712 3123 2950 3178 eumque
2982 3107 3074 3176 qui
3121 3107 3237 3162 hare
3266 3107 3576 3162 voluntarie

280 3203 408 3265 τοὺς
465 3202 599 3264 τοὺς
662 3199 853 3268 ἁγίους
897 3198 1187 3268 ἀγγέλους.
1230 3197 1338 3260 Οὓς
1381 3198 1445 3269 δὴ
1485 3198 1883 3270 προστετάχθαι

1990 3196 2254 3266 suscepit,
2281 3194 2378 3250 Dei
2407 3195 2584 3250 Patris
2606 3195 2847 3249 Verbum
2884 3193 3152 3265 appellet:
3183 3193 3458 3263 quomodo
3485 3191 3577 3247 isti

285 3296 422 3364 φησὶ
448 3294 515 3348 τὸ
551 3292 804 3364 Γράμμα
845 3290 907 3344 τὸ
948 3290 1092 3362 ἱερὸν
1135 3293 1517 3362 προσκυνῆσαι
1556 3291 1648 3346 τὸν
1675 3292 1885 3362 πρωτό·

283 3402 443 3440 τοκον
463 3383 797 3454 είσαχθέντα
829 3384 910 3444 εἰς
941 3381 1040 3452 τὴν
1073 3381 1420 3454 οἰκουμένην.
1458 3382 1532 3436 Τὸ
1561 3381 1620 3436 δέ
1640 3397 1704 3451 γε
1733 3398 1886 3452 πρω-

283 3478 511 3541 τότοκος
542 3477 724 3546 ὄνομα
761 3473 879 3538 πῶς
907 3474 974 3529 ἂν
1007 3475 1354 3546 ἀρμόσαιμεν
1374 3478 1398 3517 ⁸
1432 3475 1507 3546 μὴ
1531 3476 1887 3546 ὲνανθρωπή-

287 3587 446 3626 eam
477 3567 562 3640 τῷ
597 3569 934 3635 Μονογενεί;
965 3567 1031 3620 Et
1079 3567 1188 3639 γάρ
1225 3569 1374 3621 ἐστιν
1418 3567 1618 3638 ἀληθὲς
1654 3567 1737 3633 τὸ,
1769 3587 1787 3619 ι
1812 3567 1888 3632 ὡς

285 3663 344 3714 ὲν
382 3659 612 3722 πολλοῖς
659 3656 933 3727 ἀδελφοῖς,
957 3675 976 3708 ι
1013 3655 1124 3728 ἄρα
1171 3657 1395 3722 εἰκότως
1425 3660 1627 3712 νοεῖται
1672 3656 1888 3728 πρωτό-

284 3770 467 3817 τοκος,
508 3754 604 3806 ὅτε
657 3748 867 3820 κατέϐη
909 3747 1048 3820 πρὸς
1101 3749 1464 3820 ἀδελφότητα,
1511 3750 1753 3822 δηλονότι
1789 3749 1890 3819 τὴν

287 3845 426 3916 πρὸς
461 3844 636 3915 ἡμᾶς,
665 3842 755 3894 ὅτε
786 3839 909 3894 καθ’
930 3841 1079 3912 ἡμᾶς
1107 3840 1328 3910 γέγονεν
1355 3841 1663 3913 ἄνθρωπος,
1694 3842 1891 3912 ὁμοιων

285 3933 402 3999 θεὶς
435 3933 583 3988 κατὰ
620 3931 826 3994 πάντα,
865 3930 988 4001 δίχα
1024 3931 1194 4001 μόνης
1223 3931 1518 4003 ἁμαρτίας.
1570 3931 1816 4003 Ἀπόχρη
1833 3930 1892 3985 δὲ

288 4027 427 4097 πρὸς
459 4022 750 4078 εὐσέϐειαν
773 4025 908 4093 ἡμῖν
927 4022 990 4076 τὸ
1005 4021 1320 4092 λογίζεσθαι
1346 4023 1442 4077 καὶ
1469 4024 1629 4088 νοεῖν,
1646 4023 1728 4077 ὅτι
1752 4022 1890 4077 Θεοῦ

285 4115 565 4186 γενομένη
628 4109 770 4182 σὰρξ
821 4110 915 4164 τοῦ
982 4110 1380 4180 ζωογονοῦντος
1428 4111 1500 4166 τὰ
1552 4110 1750 4179 πάντα,
1791 4113 1891 4184 τὴν

287 4206 568 4272 ζωοποιὺν
601 4204 772 4257 αὑτοῦ
801 4202 1056 4274 δύναμιν,
1093 4203 1188 4257 καὶ
1232 4203 1522 4276 ἐνέργειαν
1543 4203 1681 4276 ἔχει·
1714 4222 1892 4259 κατα-

287 4299 517 4352 πλουτεί
567 4294 627 4349 δὲ
679 4293 775 4349 καὶ
825 4293 982 4360 δόξαν
1033 4295 1295 4368 ἄρρητον,
1348 4296 1444 4348 καὶ
1481 4295 1887 4368 ἀπρόσϐλητον.

297 4390 562 4452 ’Λπεικδς
587 4389 644 4442 δὲ
661 4388 817 4442 οὐδὲν
835 4391 949 4459 τοῖς
964 4388 1020 4441 οῖ
1030 4405 1094 4457 γε
1113 4387 1286 4442 ταῦτα
1307 4391 1526 4460 φρονεῖν
1547 4388 1820 4458 ἐγνώκασι
1837 4390 1890 4454 Ιι,

1989 3286 2247 3341 eximiam
2286 3287 2431 3340 illam
2467 3285 2807 3339 admirandae
2833 3285 3000 3355 hujus
3031 3282 3461 3352 dispensationis
3485 3297 3577 3337 sa-

1990 3377 2254 3448 pientiam
2291 3377 2348 3432 in
2387 3377 2726 3433 contrarium
2768 3391 2990 3430 sensum
3034 3374 3447 3443 detorquentes,
3473 3372 3577 3427 bo-

1988 3471 2194 3526 minem
2219 3470 2511 3540 quemdam
2537 3467 2851 3524 deificatum
2880 3482 3000 3522 esse
3025 3464 3388 3528 contendunt,
3415 3463 3493 3518 ita
3517 3471 3580 3518 ut

1985 3563 2098 3634 jam
2121 3560 2419 3616 Christiani
2459 3560 2608 3613 nulla
2647 3575 2706 3614 re
2734 3558 2802 3613 ab
2831 3559 2898 3612 iis
2919 3557 3198 3620 differant,
3224 3553 3322 3626 qui
3353 3561 3579 3624 praeter-

1989 3650 2158 3705 misso
2172 3645 2433 3705 Creatore
2455 3648 2686 3702 adorant
2717 3656 3027 3701 creaturam
3049 3645 3130 3699 "?
3167 3643 3426 3715 Nunquid
3454 3657 3579 3697 san-

1991 3748 2110 3795 ctos
2132 3739 2355 3810 angelos
2376 3754 2596 3809 quoque
2619 3737 2737 3808 qui,
2763 3745 2824 3793 ut
2847 3737 3047 3791 divina:
3073 3735 3296 3791 Littera:
3321 3742 3577 3790 testatum

1991 3830 2201 3886 faciunt
2225 3832 2290 3896 θ’,
2317 3830 2744 3902 primogenitum
2781 3830 2838 3884 in
2879 3838 3154 3884 terrarum
3192 3827 3382 3882 orbem
3419 3826 3581 3882 indu-

1991 3933 2139 3978 ctum
2186 3922 2416 3978 adorare
2457 3921 2597 3993 jussi
2646 3921 2891 3988 fuerunt,
2924 3936 3033 3976 una
3076 3921 3245 3976 etiam
3287 3918 3579 3974 nobiscum

1991 4034 2207 4075 errasse
2231 4017 2573 4075 concedent?
2591 4015 2660 4071 At
2674 4009 3579 4087 quomodo,obsecro,primogeniti

1991 4126 2195 4167 nomen
2219 4109 2514 4181 Unigenito
2540 4108 2844 4163 attribuere
2868 4105 3078 4171 licebit,
3106 4105 3152 4159 si
3177 4120 3306 4159 vere
3330 4103 3581 4158 incarna-

1996 4213 2086 4258 tus
2104 4217 2215 4257 non
2239 4201 2385 4256 fuit?
2404 4201 2542 4256 Nam
2567 4199 2610 4255 si
2638 4213 2831 4264 verum
2856 4205 2941 4252 est
2964 4194 3120 4258 illud,
3153 4213 3170 4245 ‹
3204 4202 3265 4248 ut
3296 4193 3352 4247 in
3391 4191 3582 4247 multis

1993 4295 2262 4352 fratribus
2282 4293 2328 4326 ⁸³
2346 4333 2361 4360 ,
2395 4311 2414 4344 ι
2447 4299 2566 4347 tum
2589 4300 2738 4346 certe
2759 4286 3154 4344 convenienter
3178 4283 3582 4354 primogenitus

1996 4385 2342 4457 'ntelligitur,
2373 4399 2499 4440 cum
2534 4383 2605 4438 ad
2637 4380 3035 4436 fraternitatem
3066 4376 3259 4447 procul
3281 4375 3452 4430 dubio
3475 4391 3578 4430 no-

284 4483 380 4533 καὶ
418 4479 631 4553 ἑτέρας
665 4480 781 4543 τοῖς
829 4478 999 4549 ἱεροῖς
1047 4475 1313 4549 δόγμασιν
1353 4479 1581 4548 ὲπὰγειν
1627 4496 1886 4548 συκοφαν-

1998 4489 2169 4534 stram
2193 4476 2498 4541 descendit,
2527 4490 2652 4530 cum
2677 4473 2842 4528 homo
2863 4469 3036 4526 nostri
3059 4468 3252 4524 similis
3275 4467 3452 4522 factus
3473 4477 3577 4532 est,

283 4572 431 4634 τίας,
475 4569 862 4640 ἁποφέροντας
903 4569 1002 4639 μὲν
1039 4569 1133 4622 τοῦ
1175 4569 1472 4642 προσώπου
1509 4568 1604 4624 τοῦ
1659 4572 1896 4639 Μονογε-

281 4663 430 4728 νοῦς,
459 4662 529 4726 ἃς
558 4661 986 4733 ὐπομεμένηκεν
1009 4661 1114 4715 ὑπὸ
1141 4661 1250 4715 τῶν
1293 4661 1561 4717 Ἰουδαίων
1586 4665 1893 4736 παροινίας,

285 4757 382 4809 καὶ
409 4755 584 4810 αὑτὸν
627 4754 722 4806 ἐπὶ
741 4752 970 4817 ταύταις
990 4753 1082 4808 τὸν
1108 4753 1250 4808 κατὰ
1272 4753 1452 4826 σάρκα
1483 4755 1733 4820 θάνατον,
1755 4757 1894 4810 ἀπο-

286 4849 559 4918 νέμοντας
602 4845 660 4899 δὲ
694 4846 886 4917 ὥσπερ
913 4844 1018 4915 υἱῷ
1055 4847 1178 4900 κατ’
1207 4846 1343 4900 ἰδίαν
1377 4846 1551 4919 ἑτέρῳ
1579 4847 1658 4918 τῷ
1699 4849 1765 4900 ἐκ
1790 4865 1887 4917 γυ-

290 4939 501 5002 ναικός.
539 4939 704 4990 Δοκεῖ
736 4936 842 5006 γὰρ
865 4937 1072 4999 αὐτοῖς,
1099 4936 1200 4989 οὐκ
1241 4930 1336 4989 οἵδ’
1366 4938 1536 5002 ὅπως,
1563 4937 1654 4991 διὰ
1680 4939 1781 5008 τῆς
1812 4941 1892 5002 εἰς

292 5029 587 5084 εὐσέϐειαν
616 5028 719 5080 οὐκ
753 5026 970 5092 εὐθείας
997 5028 1120 5082 ὁδοῦ
1153 5028 1292 5101 πρὸς
1333 5029 1606 5100 πέταυρον
1629 5028 1756 5100 ᾅδου
1794 5047 1894 5083 κα-

283 5122 570 5191 ταπηδᾷν,
599 5119 695 5173 καὶ
720 5121 801 5181 εἰς
847 5117 976 5190 ᾅδου
1018 5118 1290 5190 πυθμένα,
1321 5119 1462 5173 κατὰ
1484 5120 1546 5172 τὸ
1567 5120 1892 5190 γεγραμμέ-

283 5230 402 5266 νον.
438 5211 608 5266 Ἐστι
644 5209 745 5279 μὲν
768 5210 876 5280 γὰρ
913 5210 1362 5280 ὁμολογουμένως
1389 5210 1598 5273 ἀπαθὲς
1624 5211 1686 5264 τὸ
1715 5211 1888 5274 Θεῖον,

287 5319 385 5355 και
424 5301 718 5367 ἀνέπαφον
748 5299 1047 5362 παντελῶς.
1087 5301 1208 5353 Ὅτι
1236 5303 1310 5371 μὴ
1341 5301 1482 5354 κατὰ
1525 5301 1686 5372 σῶμά
1719 5303 1888 5364 ἐστιν,

283 5392 404 5445 ἀλλ’
441 5390 714 5444 ἐπέκεινα
777 5388 961 5460 πάσης
1004 5388 1232 5454 κτίσεως
1287 5391 1491 5462 ὁρατῆς
1535 5407 1592 5444 τε
1639 5390 1732 5443 καὶ
1769 5408 1889 5462 νοη-

2001 4585 2102 4641 per
2133 4569 2338 4632 omnia,
2363 4566 2481 4623 solo
2512 4571 2735 4636 peccato
2777 4566 3027 4631 excepto,
3063 4558 3328 4614 fratribus
3370 4558 3582 4613 assimi-

2000 4654 2146 4718 latus
2169 4662 2236 4716 “.
2261 4660 2430 4716 Nobis
2463 4666 2646 4713 autem
2685 4655 2752 4711 ad
2792 4655 3052 4726 pietatem
3087 4652 3222 4707 satis
3245 4659 3332 4706 est
3354 4660 3416 4704 ut
3438 4649 3582 4722 cogi-

2002 4765 2183 4812 temus
2217 4761 2273 4809 et
2309 4751 2701 4822 intelligamus,
2747 4761 2991 4810 carnem,
3021 4758 3142 4816 qua:
3183 4742 3282 4797 Dei
3322 4740 3465 4796 facta
3499 4750 3583 4796 est

1999 4849 2185 4902 omnia
2221 4842 2572 4908 vivificantis,
2609 4839 2880 4895 vivificam
2909 4837 3084 4908 ipsius
3116 4834 3284 4891 Verbi
3321 4832 3581 4888 virtutem

1997 4947 2054 4993 et
2085 4935 2460 5006 operationem
2490 4932 2763 4996 obtinere,
2787 4929 3127 5001 gloriamque
3161 4924 3493 4981 ineﬂ‘abilem
3528 4933 3585 4977 et

2000 5027 2438 5085 inaccessibilem
2477 5032 2830 5080 consecutam
2863 5037 3004 5078 esse.
3035 5020 3304 5076 Caeterum
3339 5015 3436 5084 qui
3474 5014 3583 5067 hOc

1999 5120 2166 5190 modo
2197 5119 2404 5175 sentire
2437 5115 2781 5188 propositum
2821 5113 3046 5175 habent,
3077 5124 3176 5164 eos
3198 5114 3254 5161 et
3282 5104 3415 5158 alias
3439 5117 3580 5172 quo-

1999 5225 2105 5280 que
2130 5208 2434 5263 calumnias
2459 5207 2515 5261 in
2537 5221 2721 5261 sacras
2751 5203 2989 5257 Litteras
3014 5197 3212 5252 afferre
3241 5192 3439 5247 mirum
3466 5205 3579 5245 non

1997 5309 2101 5366 est,
2125 5300 2257 5354 dum
2279 5313 2530 5370 persona:
2552 5294 2853 5368 Unigeniti,
2879 5305 3015 5366 quas
3036 5305 3067 5342 a
3088 5285 3294 5343 Judaais
3316 5280 3580 5338 sustinuit

1998 5390 2249 5462 injurias,
2281 5397 2338 5444 et
2387 5389 2560 5459 ipsam
2606 5392 2868 5457 praeterea
2909 5377 3092 5435 carnis
3135 5380 3370 5431 mortem
3416 5384 3577 5441 quam

359 5547 406 5580 οι
443 5543 800 5608 ιιοω.ι,εσ.
874 5542 918 5576 σι
942 5543 1112 5598 Hebr.
1138 5560 1178 5610 ι,
1205 5545 1258 5602 θ.
1337 5545 1573 5600 “Rom.
1606 5502 1835 5610 mea.

1992 5543 2160 5599 llebr.
2187 5559 2245 5608 ιι,
2281 5543 2369 5596 17.

1405 5659 1583 5716 Variae
1619 5659 1888 5714 lectiones
1913 5658 2121 5713 codicis
2149 5655 2516 5727 Seguieriani.

366 5780 387 5820 ί
427 5773 888 5834 τεταπεινῶσθαι.
970 5782 998 5822 8
1037 5773 1368 5846 ἁρμόσαιμι.
1445 5773 1473 5814 δ
1513 5774 1625 5835 τοίς
1650 5787 1714 5840 γε
1739 5769 1912 5844 ταύτῃ
1942 5771 2159 5842 φρονεῖν
2191 5763 2469 5836 ἐγνωκόσι-
