4048 6438
502 346 612 409 203

1525 348 1584 406 S.
1625 348 1901 406 CYRILLI
1940 346 2411 408 ALEXANDRINI
2446 353 2766 410 ARCIIIEP.

2591 230 2615 261 κ

3663 345 3771 405 2M

505 488 752 565 pertulit,
776 490 1028 546 adimunt
1046 506 1291 571 ;beasque
1320 490 1400 547 illi
1421 490 1518 562 qui
1546 507 1615 546 ex
1639 465 1894 558 muliere,
1920 491 2088 547 veluti

2200 472 2312 544 τῆς,
2342 473 2439 527 καὶ
2477 476 2535 526 ὲν
2570 470 2867 542 ἀσωμάτῳ,
2903 472 2998 525 καὶ
3029 466 3305 541 ἀχράντῳ,
3356 464 3453 522 καὶ
3488 466 3780 541 statim,

504 583 662 640 alteri
692 598 943 640 seorsum
976 581 1087 638 filio
1136 582 1443 640 ascribunt.
1477 583 1635 654 163
1671 582 1811 654 Ipsis
1853 597 2091 654 namque

504 679 852 747 pmpositum
894 684 998 741 est,
1038 675 1227 731 nescio
1272 691 1383 747 quo
1422 676 1610 741 modo,
1642 690 1741 745 per
1782 675 1927 730 viam
1972 690 2095 747 gra-

503 766 789 823 dientibus
816 782 938 837 quae
971 767 1038 821 ad
1078 766 1343 837 pietatem
1376 774 1527 821 recta
1562 780 1675 820 non
1700 774 1806 832 est,
1837 765 2093 837 praecipi-

506 858 614 914 tari
648 859 707 913 in
735 858 1034 930 abruptum
1072 857 1296 924 inferni,
1320 865 1380 914 et
1413 858 1468 913 in
1500 856 1702 913 inferni
1733 855 2091 928 profundum,

506 951 654 1006 sicut
697 950 968 1021 scriptum
1008 959 1093 1005 est
1124 951 1192 1005 ”.
1237 950 1380 1006 Sane
1420 950 1643 1020 quidem
1688 947 2010 1021 impatibilis
2040 956 2097 1004 et

507 1042 733 1114 penitus
762 1041 1133 1114 impalpabilis
1174 1052 1259 1098 est
1299 1042 1582 1097 divinitas.
1618 1041 1809 1112 Neque
1837 1042 1985 1096 enim
2013 1051 2097 1098 est

508 1146 797 1203 corporea,
834 1130 930 1186 sed
983 1134 1129 1188 ultra
1179 1147 1402 1187 omnem
1453 1141 1764 1187 creaturam
1819 1131 2095 1187 visibilem

509 1231 675 1294 atque
692 1223 1117 1295 intelligibilem,
1134 1232 1190 1279 et
1214 1224 1268 1279 in
1286 1225 1634 1295 incorporea,
1651 1231 1707 1279 et
1724 1224 2094 1290 immaculata,

507 1323 567 1372 et
616 1315 975 1381 intractabili,
1006 1325 1062 1371 et
1105 1314 1661 1386 incomprehensibili
1709 1325 1931 1372 natura.
1987 1315 2095 1374 Sed

509 1403 660 1473 quia,
687 1419 812 1459 cum
835 1404 1178 1475 unigenitum
1206 1403 1303 1460 Dei
1324 1402 1564 1460 Verbum
1590 1394 1793 1477 corpus
1815 1422 1883 1461 ex
1909 1417 2096 1464 sancta

509 1503 568 1550 et
593 1493 690 1550 Dei
720 1495 989 1567 genitrice
1015 1494 1235 1567 Virgine
1258 1496 1614 1568 suscepisset,
1646 1508 2095 1569 susceptumque,

509 1591 573 1639 ut
597 1600 978 1656 saepenumero
1001 1586 1113 1658 jam
1148 1587 1359 1653 monui,
1392 1588 1683 1660 proprium
1719 1589 1825 1646 sibi
1852 1588 2092 1654 fecisset,

510 1676 871 1746 semetipsum
918 1692 1019 1746 pro
1054 1677 1217 1732 nobis
1253 1677 1366 1733 Deo
1407 1686 1465 1733 et
1503 1679 1651 1733 Patri
1690 1678 2095 1736 immaculatam

508 1760 750 1818 hostiam
784 1764 841 1818 in
872 1764 1098 1819 odorem
1141 1766 1432 1821 suavitatis
1470 1767 1673 1823 obtulit
1698 1768 1742 1800 “
1777 1785 1791 1823 :
1827 1767 1889 1822 ﬁt
1921 1785 1986 1824 ea
2026 1769 2096 1825 de

2195 566 2287 618 καὶ
2327 566 2670 637 ἀπερινοήτῳ
2715 563 2893 633 φύσει.
2937 562 3157 632 Ἐπειδὴ
3181 562 3238 616 δὲ
3278 563 3309 616 6
3349 563 3647 635 μονογενὴς
3677 560 3780 616 τοῦ

2193 655 2331 709 Θεοῦ
2359 656 2531 726 Λόγος
2562 657 2722 726 σῶμα
2763 654 2948 709 λαϐὼν
2986 658 3049 709 ὲκ
3077 656 3177 726 τῆς
3204 655 3368 723 ἁγίας
3395 655 3490 709 καὶ
3509 654 3780 709 Θεοτόκου

2193 745 2492 817 Παρθένου,
2527 748 2643 810 καὶ,
2670 745 2746 808 ὡς
2777 744 2914 816 ἔφην
2966 744 3066 816 ἤδη
3101 743 3437 811 πλειστάκις,
3486 743 3616 799 ίδιον
3642 743 3780 796 αὐτὸ

2194 835 2583 906 ποιησάμενος,
2615 834 2805 889 ἑαυτὸν
2841 834 2981 906 ὑπὲρ
3010 834 3168 905 ἡμῶν
3212 833 3654 905 προσκεκομικεν
3690 834 3780 896 εἰς

2194 925 2371 998 ὀσμὴν
2413 927 2642 990 εὐωδίας
2685 924 2765 997 τῷ
2813 922 2932 994 Θεῷ
2978 923 3073 978 καὶ
3120 924 3317 995 Πατρὶ,
3344 925 3416 988 ὡς
3445 923 3677 995 ἄμωμον
3699 922 3780 975 ἰε-

2199 1022 2361 1091 ρεῖον,
2392 1018 2564 1091 ταύτῃ
2587 1034 2691 1081 τοι,
2723 1018 2818 1071 καὶ
2838 1018 3129 1087 ὑπομείναι
3164 1015 3382 1084 λέγεται
3425 1015 3563 1086 πρὸς
3612 1016 3645 1086 ἡ
3656 1014 3787 1084 μῶν

2194 1114 2263 1166 τά
2315 1113 2394 1174 εἰς
2441 1112 2540 1184 τὴν
2587 1111 2767 1182 σάρκα
2811 1109 2979 1164 αὐτοῦ
3030 1109 3315 1179 γεγονότα.
3352 1101 3428 1163 Οὗ
3489 1107 3600 1179 γὰρ
3644 1104 3786 1161 ἴδιόν

2196 1202 2311 1257 ἐστι
2344 1206 2406 1257 τὸ
2456 1204 2637 1274 σῶμα,
2680 1201 2856 1273 τούτῳ
2883 1202 2947 1256 ἂν
2978 1202 3202 1263 εἰκότως
3232 1199 3787 1271 προσγράφοιτοζκαὶ

2194 1294 2265 1350 τὰ
2294 1293 2458 1350 αὑτοῦ
2489 1294 2687 1359 πάντα,
2716 1293 2840 1362 δίχα
2871 1293 3035 1365 μόνης
3061 1291 3355 1361 ἁμαρτίας.
3390 1288 3603 1347 Οὐκοῦν
3626 1291 3774 1345 ἐπει-

2193 1387 2371 1459 δήπερ
2424 1384 2854 1457 ὲνανθρωπήσας
2896 1378 2964 1454 ἦν
3012 1386 3040 1437 6
3073 1382 3204 1446 Θεὸς
3255 1381 3450 1450 Λόγος,
3497 1381 3785 1452 μεμένηκε

2198 1480 2294 1551 μὲν
2310 1478 2525 1550 ἀπαθὴς
2546 1478 2762 1544 θεῖκῶς,
2785 1474 3152 1546 οἰκειούμενος
3173 1474 3229 1528 δὲ
3251 1474 3565 1542 ἀναγκαίως
3581 1473 3649 1527 τὰ
3674 1473 3784 1542 τῆς

2195 1570 2392 1624 ἑαυτοῦ
2428 1568 2646 1641 σαρκὸς,
2678 1566 2871 1623 παθεῖν
2896 1567 3115 1637 λέγεται
3151 1566 3223 1621 τά
3262 1567 3408 1621 κατά
3429 1566 3628 1638 σάρκα,
3649 1565 3783 1620 καί-

2195 1679 2275 1717 τοι
2303 1662 2395 1717 τοῦ
2422 1662 2612 1717 παθεῖν
2634 1661 2961 1733 ἀπείραστος
2982 1660 3077 1725 ῶν,
3105 1659 3240 1715 καθὸ
3272 1661 3473 1714 νοεῖται
3493 1658 3643 1723 Θεός.
3672 1659 3787 1711 Εὖ-

2200 1754 2416 1817 σεόείας
2444 1749 2538 1808 οὖν
2563 1753 2787 1823 δόκησις
2833 1752 3099 1822 ἀποφέρει
3128 1751 3225 1822 τῆς
3257 1749 3515 1823 ἀληθείας
3553 1749 3781 1816 αὐτοὺς,

510 1869 696 1920 causa,
724 1862 786 1911 ut
812 1871 878 1911 ea
901 1871 1023 1926 quae
1049 1856 1105 1911 in
1136 1858 1256 1930 ejus
1297 1874 1522 1914 carnem
1559 1859 1703 1915 facta
1737 1870 1886 1926 sunt,
1915 1862 2094 1933 ipsum

2200 1846 2297 1900 οὐκ
2327 1844 2667 1910 ἐννοοῦντας,
2707 1845 2790 1898 ὅτι
2819 1846 3113 1915 τετήρηται
3145 1842 3244 1914 μὲν
3274 1842 3334 1896 τὸ
3363 1842 3572 1906 ἀπαθὲς
3604 1841 3783 1913 αὐτῷ,

511 1947 844 2003 sustinuisse
889 1947 1160 2005 dicamus.
1211 1948 1348 2005 Nam
1394 1952 1554 2024 cujus
1594 1960 1680 2008 est
1722 1968 1925 2024 corpus
1964 1969 2094 2025 pro-

508 2040 715 2112 prium,
741 2041 863 2114 jure
890 2041 970 2097 illi
990 2042 1163 2105 etiam,
1186 2044 1374 2100 omnia
1392 2061 1515 2117 quae
1534 2054 1665 2102 sunt
1685 2048 1955 2119 corporis,
1980 2038 2098 2106 solo

509 2141 742 2204 excepto
786 2143 1036 2204 peccato,
1063 2136 1407 2193 tribuuntur.
1442 2138 1616 2209 Igitur
1646 2141 1907 2213 quoniam
1952 2144 2098 2200 Deus

509 2221 752 2281 Verbum
787 2226 953 2282 homo
987 2228 1163 2284 factus
1195 2237 1282 2285 est
1308 2231 1375 2298 "’,
1408 2231 1613 2287 mansit
1642 2232 1868 2304 quidem
1896 2249 2097 2291 secun-

509 2315 643 2372 dum
690 2327 947 2374 naturam
992 2319 1238 2378 divinam
1283 2306 1630 2394 impatibilis,
1656 2342 1721 2382 ea
1762 2334 1943 2383 tamen
1976 2342 2100 2399 quae
2138 2315 2153 2331 ’

509 2419 625 2461 suae
670 2406 856 2463 carnis
897 2416 1081 2476 erant,
1112 2413 1428 2469 necessario
1460 2416 1684 2486 propria
1723 2416 1831 2472 sibi
1866 2417 2096 2485 faciens,

510 2496 638 2554 ideo
670 2515 790 2571 quae
833 2502 1017 2557 carnis
1069 2514 1232 2560 erant
1280 2507 1576 2576 pertulisse
1619 2509 1845 2575 dicitur,
1880 2512 2096 2569 etiamsi

511 2589 819 2644 secundum
859 2589 1102 2646 divinam
1137 2601 1389 2650 naturam
1424 2597 1561 2651 nulli
1598 2598 1824 2669 penitus
1851 2602 2099 2672 passioni

509 2686 658 2735 esset
686 2679 980 2737 obnoxius.
1013 2680 1171 2741 Unde
1202 2683 1338 2741 falsa
1371 2686 1594 2758 pietatis
1624 2691 1909 2759 persuasio
1942 2708 1972 2748 a
2002 2709 2100 2749 ve-

509 2769 678 2823 ritate
701 2785 799 2826 eos
825 2770 1052 2827 abducit
1080 2791 1094 2828 :
1120 2790 1232 2830 non
1255 2770 1404 2831 enim
1430 2778 1897 2849 animadvertunt,
1929 2782 2103 2856 impa-

511 2856 831 2914 tibilitatem
871 2859 1096 2931 quidem
1142 2862 1221 2918 illi
1266 2866 1534 2922 mansisse
1577 2877 1851 2938 quatenus
1879 2881 1995 2928 erat
2033 2874 2102 2929 ab

512 2947 676 3004 initio
693 2959 749 3006 et
766 2962 852 3008 est
865 2952 1039 3021 Deus;
1068 2954 1165 3011 sed
1186 2964 1368 3013 tamen
1390 2960 1538 3029 quod
1555 2962 1859 3018 secundum
1878 2979 2100 3023 carnem

512 3055 618 3110 pro
663 3040 827 3097 nobis
870 3045 1120 3114 pertulit,
1155 3046 1237 3102 illi
1280 3049 1599 3118 ascribitur,
1635 3062 1910 3124 quatenus
1956 3054 2103 3111 Deus

512 3139 709 3188 natura
730 3134 1031 3219 exsistens,
1058 3135 1237 3193 factus
1267 3151 1355 3196 est
1384 3156 1533 3208 caro,
1559 3142 1667 3200 hoc
1693 3152 1779 3201 est
1820 3145 2101 3216 perfectus

512 3222 703 3281 homo.
738 3224 875 3283 Nam
913 3228 1060 3300 quis,
1095 3246 1303 3302 quaeso,
1340 3243 1481 3299 erat,
1509 3235 1605 3306 qui
1638 3235 1707 3292 ad
1749 3237 1968 3294 Patrem
2007 3239 2103 3309 qui

512 3328 600 3374 est
630 3318 687 3375 in
715 3321 891 3390 caalis,
923 3338 987 3380 ac
1010 3322 1185 3380 Deum
1216 3325 1568 3398 loquebatur,
1597 3328 1792 3387 dicens
1822 3349 1836 3386 :
1872 3352 1892 3384 ι
1924 3331 2105 3389 Sacri-

515 3407 701 3466 ficium
734 3420 791 3468 et
822 3412 1159 3471 oblationem
1187 3417 1435 3485 noluisti,
1462 3434 1665 3490 corpus
1694 3431 1878 3477 autem
1904 3424 2103 3493 aptasti

515 3501 675 3570 mihi,
711 3493 1154 3562 holoéautomata
1187 3515 1245 3563 et
1269 3525 1372 3580 pro
1411 3519 1640 3580 peccato
1669 3512 1919 3580 noluisti,
1972 3521 2104 3569 tunc

514 3590 628 3648 dixi
673 3612 686 3648 :
732 3592 873 3651 Ecce
918 3596 1115 3662 venio,
1163 3609 1226 3656 ut
1262 3598 1491 3665 faciam,
1540 3602 1718 3668 Deus,
1765 3604 2103 3661 voluntatem

517 3694 670 3742 tuam
691 3686 770 3741 ⁸⁸2
796 3706 814 3739 ι
854 3687 961 3756 Qui
987 3690 1137 3746 enim
1182 3692 1435 3764 corporis
1476 3709 1673 3767 expers
1701 3706 1819 3752 erat
1853 3706 1913 3753 ut
1935 3699 2101 3765 Deus,

514 3791 719 3848 corpus
741 3777 843 3834 sibi
871 3789 1119 3850 aptatum
1143 3782 1371 3850 fatetur,
1401 3793 1462 3841 ut
1481 3802 1548 3843 eo
1573 3802 1673 3859 pro
1706 3788 1866 3847 nobis
1892 3790 2100 3856 oblato,

515 3883 619 3924 suo
652 3885 754 3926 nos
776 3886 970 3929 omnes
995 3873 1190 3942 livore,
1204 3876 1364 3948 juxta
1385 3878 1670 3950 prophetae
1699 3895 1912 3948 vocem,
1941 3898 2101 3938 sana-

516 3967 606 4015 ret
628 3954 693 4015 “.
728 3961 849 4028 Quo
866 3973 1030 4033 pacto
1066 3966 1237 4022 etiam
1270 3986 1413 4026 unus
1430 3986 1533 4041 pro
1561 3971 1818 4030 omnibus
1851 3983 2105 4049 mortuus

515 4059 604 4106 est
632 4051 700 4118 ",
736 4054 831 4125 qui
849 4056 1060 4127 justum
1087 4075 1188 4130 pro
1218 4062 1475 4119 omnibus
1504 4066 1742 4134 pretium
1773 4068 2100 4133 exsolveret,

517 4140 565 4197 si
606 4141 695 4197 illa
727 4146 912 4216 passio
954 4150 1078 4218 puri
1127 4152 1434 4224 cujuspiam
1472 4156 1712 4214 hominis
1744 4157 1914 4213 fuisse
1949 4169 2106 4229 puta-

520 4234 649 4288 tur?
673 4235 829 4304 Quod
862 4239 905 4294 si
940 4242 1245 4297 secundum
1274 4245 1568 4302 humanam
1595 4256 1849 4304 naturam
1879 4258 1962 4305 est.
1983 4266 2106 4321 pas-

517 4341 632 4394 sus,
664 4336 723 4383 ut
750 4332 845 4400 qui
874 4340 987 4388 Sum
1010 4334 1194 4391 carnis
1223 4337 1508 4407 passiones
1534 4341 1639 4395 sibi
1667 4340 1923 4412 proprias
1941 4330 2101 4407 fecit;

518 4426 652 4476 tunc
672 4421 893 4478 demum
920 4426 1085 4484 unius
1108 4440 1342 4486 mortem
1369 4432 1673 4488 secundum
1706 4418 1927 4491 carnem
1949 4475 1964 4500 ,
1986 4435 2105 4506 jus-

2200 1937 2343 1992 καθά
2392 1937 2631 2009 ὑπάρχει
2661 1936 2757 1990 καὶ
2786 1935 2900 1989 ἔστι
2946 1934 3097 1999 Θεὸς,
3131 1933 3547 2005 προσγράφεται
3594 1931 3651 1985 δὲ
3685 1932 3789 1985 καὶ

2198 2031 2258 2085 τὸ
2307 2029 2500 2085 παθεῖν
2549 2027 2688 2098 ὑπὲρ
2729 2026 2887 2097 ἡμῶν
2926 2024 3069 2078 κατά
3117 2023 3316 2095 σάρκα,
3352 2022 3487 2077 καθὸ
3529 2021 3665 2085 Θεὸς
3704 2019 3787 2074 ῶν

2199 2123 2382 2194 φύσει,
2413 2122 2605 2191 γέγονε
2641 2118 2798 2191 σάρξ,
2834 2120 2953 2191 ἦτοι
2982 2117 3187 2181 τέλειος
3209 2115 3515 2188 ἄνθρωπος.
3542 2112 3640 2178 Τίς
3669 2113 3789 2185 γάρ

2198 2210 2266 2289 ἦν
2299 2217 2328 2270 6
2364 2213 2539 2284 λέγων
2574 2211 2712 2283 πρὸς
2740 2211 2832 2265 τὸν
2866 2212 2924 2264 ὲν
2949 2210 3200 2282 οὐρανοῖς
3221 2207 3443 2279 Πατέρα
3476 2205 3571 2261 καὶ
3608 2204 3783 2258 856v-

2205 2327 2225 2361 ι
2253 2306 2455 2362 Θυσίαν
2506 2305 2601 2357 καί⁵
2654 2301 2970 2375 προσφορὰν
3020 2299 3123 2354 οὐκ
3167 2297 3460 2379 ἠθέλησας,
3507 2295 3670 2367 σῶμα
3719 2293 3785 2349 δὲ

2202 2400 2522 2471 κατηρτίσω
2565 2413 2688 2468 μοι,
2725 2390 3158 2465 ὁλοκαυτώματα
3195 2388 3289 2445 καὶ
3339 2390 3467 2462 περὶ
3504 2386 3786 2460 ἁμαρτίας

2201 2494 2302 2549 οὐκ
2328 2491 2636 2566 ηὐδόκησας
2659 2504 2675 2521 ο
2726 2486 2848 2542 τότε
2877 2478 3050 2541 εἰπονο
3090 2482 3220 2540 Ἰδοὺ
3254 2484 3378 2555 ἥκω
3402 2481 3497 2536 τοῦ
3530 2482 3783 2552 ποιῆσαι,

2201 2588 2229 2641 6
2268 2584 2420 2648 Θεὸς,
2450 2580 2519 2637 ’τὸ
2554 2579 2770 2653 θέλημά
2808 2594 2937 2645 σου;
2965 2597 2984 2629 υ
3032 2578 3090 2630 '0
3115 2575 3223 2646 γὰρ
3265 2573 3372 2642 ἔξω
3402 2572 3673 2647 σώματος,
3705 2572 3787 2635 ὡς

2201 2677 2355 2743 Θεὸς,
2383 2672 2564 2745 ἐαυτῷ
2598 2672 2661 2727 τὸ
2703 2660 2862 2742 σῶμα
2895 2666 3260 2742 κατηρτίσθαι
3287 2666 3475 2739 φησιν,
3510 2665 3599 2719 ῖνα
3621 2660 3792 2717 τοῦτο

2204 2769 2345 2840 ὑπὲρ
2383 2766 2541 2839 ἡμῶν
2587 2763 2986 2837 προσενέγκας,
3028 2759 3109 2830 τῷ
3147 2759 3262 2832 ἰδίῳ
3305 2754 3534 2830 μώλωπι
3572 2757 3791 2819 πάντας

2202 2862 2351 2933 ἡμᾶς
2408 2858 2747 2931 θεραπεύσῃ,
2782 2852 2924 2909 κατά
2969 2853 3069 2925 τὴν
3114 2850 3208 2905 τοῦ
3246 2851 3524 2923 προφήτου
3572 2849 3787 2917 φωνήν.

2204 2950 2329 3017 Πῶς
2361 2951 2438 3018 δὲ,
2472 2949 2568 3004 καὶ
2605 2944 2686 3013 εἷς
2734 2946 2878 3019 ὑπὲρ
2927 2945 3145 3001 πάντων
3185 2940 3477 3006 ἀπέθανεν,
3509 2941 3539 2993 6
3559 2939 3793 2993 πάντων

2203 3038 2476 3106 ἀντάξιος,
2501 3040 2551 3094 εἰ
2575 3035 2762 3101 ἅπλῶς
2788 3032 3235 3105 τινοξάνθρώπου
3264 3033 3463 3086 νοεῖται
3489 3029 3551 3084 τὸ
3574 3025 3790 3092 πάθοςς

2205 3134 2268 3187 Εἰ
2307 3133 2363 3187 δὲ
2390 3129 2662 3185 πέπονθεν
2685 3124 3067 3199 ἀνθρωπίνως.
3092 3123 3170 3188 ὡς
3194 3121 3263 3176 τά
3284 3121 3385 3193 τῆς
3412 3116 3609 3176 εαυτοῦ
3645 3135 3791 3187 σαρ-

2205 3225 2302 3289 κὸς
2344 3221 2716 3292 οἰκειούμενος
2769 3216 2942 3289 πάθη,
2976 3217 3099 3271 τότε
3145 3213 3234 3287 δὴ,
3280 3215 3400 3269 τότε
3433 3211 3637 3284 φαμὲν,
3691 3210 3795 3265 καὶ

2207 3317 2355 3391 μάλα
2413 3314 2665 3380 εἰκότως,
2707 3311 2785 3377 ὡς
2828 3309 2931 3381 τῆς
2985 3309 3242 3364 ἁπάντων
3289 3306 3435 3379 ζωῆς
3474 3301 3729 3368 ἀντάξιος
3759 3302 3796 3356 6

2203 3408 2324 3475 ἑνὸς
2344 3409 2545 3464 νοεῖται
2568 3403 2712 3460 κατά
2736 3403 2916 3475 σάρκα
2944 3400 3210 3464 θάνατος’
3239 3399 3337 3470 οὐχ
3369 3397 3445 3462 ὡς
3484 3395 3604 3459 ἑνὸς
3631 3394 3791 3457 ὸντος

2202 3506 2312 3561 τῶν
2355 3502 2480 3561 καθ’
2513 3502 2684 3575 ἡμᾶς,
2731 3501 2779 3555 εἰ
2827 3500 2922 3554 καὶ
2970 3496 3162 3566 γέγονε
3208 3493 3331 3548 καθ’
3360 3492 3530 3563 ἡμᾶς,
3565 3488 3793 3543 ἀλλ’ὅτι

2202 3600 2338 3664 Θεὸς
2384 3596 2459 3652 ῶν
2488 3596 2670 3669 φύσει,
2729 3589 3074 3664 σεσάρκωταί
3125 3605 3187 3641 τε
3236 3585 3331 3640 καί⁷
3391 3578 3790 3654 ὲνηνθρώπησε

2204 3692 2347 3748 κατά
2383 3690 2481 3762 τὴν
2514 3688 2621 3743 τῶν
2644 3686 2904 3756 Πατέρων
2923 3680 3233 3757 ὁμολογίαν.
3267 3678 3331 3731 Ei
3360 3675 3416 3730 δὲ
3444 3670 3794 3744 ἀποφέρουαί

2202 3800 2348 3850 τινες
2379 3780 2473 3839 τοῦ
2500 3776 2864 3850 Μονογενοῢς,
2897 3776 2973 3839 ὡς
3003 3771 3258 3834 ἀκαλλὲς,
3293 3767 3388 3823 καὶ
3417 3767 3791 3838 ἀνάρμοστον,

2204 3877 2300 3932 καὶ
2344 3872 2602 3937 ἀπεοικὸς
2646 3868 2796 3940 αὐτῷ
2821 3866 2884 3921 τὸ
2915 3865 3060 3921 κατά
3096 3863 3276 3935 σάρκα
3318 3858 3510 3922 πάθος,
3542 3855 3795 3927 ἀναιρείο

2203 3984 2384 4022 τωσαν
2420 3965 2625 4035 ὁμοίως
2660 3958 2848 4027 αὐτοῦ,
2882 3958 2976 4012 καὶ
3012 3956 3113 4028 τὴν
3144 3957 3205 4008 ἐκ
3247 3952 3344 4023 τῆς
3377 3950 3539 4018 ἁγίας
3577 3947 3789 4019 Παρθέ-

2207 4076 2298 4115 νου
2325 4056 2467 4112 κατά
2501 4052 2684 4126 σάρκα
2713 4051 2991 4120 γέννησιν.
3021 4047 3087 4102 Εἰ
3118 4045 3227 4116 γάρ
3248 4046 3364 4098 ἐστι
3390 4041 3500 4095 τῶν
3529 4038 3792 4095 ἀπεοικό-

2204 4168 2312 4207 των
2346 4146 2495 4219 αύτῷ
2518 4146 2579 4201 τὸ
2614 4144 2777 4217 σαρκὶ
2808 4140 3062 4210 λέγεσθαι
3095 4137 3307 4193 παθεῖν.
3344 4134 3461 4196 πῶς
3485 4133 3547 4186 ού
3578 4130 3687 4205 πρό
3727 4146 3794 4197 γε

2198 4224 2396 4296 τούτου
2425 4238 2486 4294 τὸ
2524 4236 2762 4310 πρῶτον,
2803 4236 3081 4290 τουτέστιν
3135 4232 3168 4301 ὴ
3211 4229 3348 4284 κατά
3383 4228 3561 4298 σάρκα
3593 4224 3795 4291 γέννη-

2208 4352 2315 4399 σις,
2347 4334 2381 4404 ἢ
2410 4332 2503 4387 καὶ
2532 4326 2869 4397 ἁπαξαπλῶς
2897 4322 3090 4392 εἰπεῖν,
3124 4324 3152 4377 ὁ
3186 4323 3284 4393 τῆς
3322 4317 3796 4389 ὲνανθρωπῆσεως

2206 4426 2437 4500 τρόπος;
2471 4421 2677 4495 οἴχεται
2720 4420 2784 4492 δὴ
2830 4414 2922 4473 οὖν
2958 4418 3018 4472 τὸ
3065 4412 3410 4489 Χριστιανῶν
3453 4408 3787 4482 μυστήριονο

519 4517 637 4565 tum
664 4519 1014 4583 proomnium
1056 4520 1340 4577 hominum
1371 4523 1481 4579 vita
1508 4524 1748 4594 pretium
1772 4524 1949 4593 fuisse
1984 4541 2100 4582 rcc-

2212 4520 2306 4576 καὶ
2339 4514 2716 4589 μεματαξωται
2749 4512 2936 4565 λοιπὸν
2964 4512 2996 4581 ἡ
3025 4509 3120 4581 τῆς
3148 4504 3420 4577 σωτηρίας
3448 4500 3623 4563 ἐλπίς.

521 4600 733 4662 tissime
751 4611 1049 4668 asserimus
1068 4630 1081 4667 :
1100 4629 1212 4669 non
1237 4615 1384 4685 quod
1407 4593 1572 4673 unius
1591 4617 1831 4689 vulgaris
1846 4619 2086 4676 hominis
2107 4616 2279 4673 nostri
2297 4612 2493 4687 similis
2516 4608 2703 4675 fuerit,
2720 4605 2932 4661 etiamsi
2958 4601 3130 4658 nostri
3156 4599 3351 4656 similis
3373 4597 3548 4663 factus
3566 4593 3665 4662 sit;
3693 4594 3796 4689 sed

522 4697 669 4764 quod
703 4713 826 4754 cum
871 4716 969 4770 per
1002 4712 1256 4760 naturam
1277 4704 1429 4762 Deus
1452 4716 1619 4774 esset,
1636 4687 1951 4765 incarnatus
1970 4710 2244 4779 homoque
2276 4706 2452 4761 factus
2470 4702 2560 4766 sit,
2579 4697 2882 4757 secundum
2907 4703 3220 4750 sanctorum
3236 4692 3458 4747 Patrum
3486 4687 3795 4743 confessio-

521 4803 669 4844 nem.
691 4791 1018 4864 lshQuod
1045 4797 1088 4852 si
1113 4807 1241 4854 sunt
1264 4798 1359 4869 qui
1389 4798 1460 4854 ob
1483 4799 1537 4854 id
1564 4801 1874 4870 passionem
1900 4801 2202 4856 secundum
2226 4811 2446 4853 carnem
2466 4792 2758 4862 Unigenito
2780 4787 3048 4851 adimunt,
3074 4782 3219 4858 quod
3251 4783 3445 4856 turpis,
3466 4782 3791 4852 incongrua,

523 4884 894 4957 indecensque
920 4890 1201 4959 videatur;
1230 4892 1476 4948 adimant
1500 4894 1603 4965 ipsi
1629 4896 1749 4966 pari
1773 4897 1990 4951 ratione
2005 4903 2060 4950 et
2089 4894 2261 4965 ipsam
2286 4904 2507 4963 quoque
2532 4885 2832 4945 secundum
2857 4897 3077 4936 carnem
3096 4896 3164 4934 cx
3179 4876 3400 4949 Virgine
3422 4875 3792 4967 nativitatem.

522 4975 661 5032 Nam
684 4978 730 5034 si
755 4978 834 5034 illi
858 4988 1019 5052 turpe
1046 4992 1132 5039 est
1158 4983 1308 5055 quod
1340 4999 1505 5041 carne
1538 5001 1733 5057 passus
1755 5002 1876 5042 esse
1899 4986 2132 5051 dicitur;
2154 4981 2433 5054 quomodo
2468 4995 2579 5035 non
2606 4987 2730 5033 ante
2760 4976 2865 5030 hoc
2890 4973 3066 5044 turpis
3091 4970 3196 5027 erit
3218 4972 3308 5026 illa
3340 4969 3642 5026 secundum
3668 4984 3797 5022 car-

524 5087 653 5127 nem
678 5074 958 5144 nativitas,
983 5093 1105 5148 quae
1129 5080 1440 5148 passionem
1479 5080 1789 5148 antecedit;
1819 5091 1935 5145 aut,
1960 5090 2022 5134 ut
2043 5079 2211 5134 semel
2234 5078 2437 5141 dicam,
2476 5073 2650 5145 ipsius
2684 5067 3096 5127 humanationis
3126 5066 3362 5121 modus?
3399 5065 3570 5120 Periit
3606 5064 3795 5133 itaque

525 5162 631 5218 hac
663 5163 876 5220 ratione
906 5168 1227 5223 universum
1266 5167 1708 5225 Christianorum
1739 5170 2086 5242 mysterium,
2122 5178 2179 5225 et
2211 5167 2406 5226 salutis
2436 5173 2638 5222 nostra:
2680 5177 2805 5233 spes
2834 5162 2945 5233 jam
2974 5159 3154 5214 inanis
3180 5156 3451 5211 redditur.

595 5256 707 5312 Sed
749 5256 958 5315 dixeris
995 5278 1008 5314 :
1048 5259 1338 5328 Quomodo
1388 5262 1503 5332 pati
1553 5271 1771 5335 potest,
1824 5264 1920 5334 qui
1972 5264 2100 5319 nulli

2293 5261 2452 5317 Ἀλλά
2483 5260 2613 5332 γὰρ,
2648 5257 2795 5322 Πῶς,
2828 5254 2983 5326 φησί,
3017 5252 3178 5307 πάθοι
3214 5250 3279 5305 ἂν
3306 5253 3333 5304 6
3365 5249 3556 5303 παθεῖν
3584 5249 3682 5302 οὐκ
3716 5250 3798 5300 εἰ-

526 5347 768 5417 passioni
796 5358 881 5405 est
911 5347 1216 5407 obnoxius?
1240 5351 1383 5409 Illud
1416 5354 1584 5424 igitur
1625 5369 1693 5410 ex
1724 5356 1837 5410 Deo
1868 5355 2100 5410 Verbum

2208 5354 2344 5417 δὼς;
2383 5350 2624 5420 ’Δπαθὴς
2645 5350 2742 5420 μὲν
2762 5343 2877 5410 οὖν,
2904 5346 2979 5411 ὡς
3008 5345 3168 5416 ἔφην,
3196 5341 3642 5416 ὁμολογουμένως
3673 5339 3803 5395 κατ’

526 5440 717 5509 procul
754 5440 947 5506 dubio,
984 5450 1045 5496 ut
1076 5443 1190 5513 jam
1228 5442 1440 5498 dictum
1485 5452 1590 5512 est,
1632 5446 1935 5501 secundum
1979 5462 2100 5517 pro-

2213 5446 2348 5500 ἰδίαν
2383 5443 2546 5514 φύσιν
2587 5442 2614 5494 6
2646 5444 2710 5494 ὲκ
2750 5437 2887 5493 Θεοῦ
2936 5438 3131 5507 Λόγοςο
3164 5438 3381 5505 λέγεται
3428 5434 3472 5485 δ’
3502 5429 3595 5486 οὖν
3633 5433 3806 5498 σαρκὶ

526 5535 703 5603 priam
743 5542 995 5588 naturam
1034 5533 1352 5592 nullatenus
1381 5546 1467 5593 est
1494 5538 1721 5609 patibile
1754 5558 1767 5592 :
1798 5540 2005 5595 dicitur
2031 5551 2100 5594 ta-

2210 5540 2285 5608 τῇ
2311 5538 2418 5608 ἰδίᾳ
2459 5530 2673 5598 παθεῖν,
2705 5530 2973 5596 κατά’τάς
3006 5530 3250 5603 Γραφάςσ
3298 5525 3368 5601 ἦν
3404 5527 3516 5597 γὰρ
3543 5527 3707 5591 αὑτὸς
3739 5528 3804 5581 ἐν

530 5790 577 5829 νο
612 5733 843 5786 "1"“
882 5749 954 5796 ’π’
987 5734 1071 5790 ¹8·
1163 5739 1208 5771 ⁸⁸
1236 5718 1435 5811 Epiros.
1463 5756 1516 5807 γ,
1541 5741 1595 5796 2.
1674 5742 1719 5773 σιτ
1755 5742 1912 5809 Joan.
1940 5757 1978 5807 ι,
2012 5739 2098 5795 ιι,

606 5802 652 5857 Il
681 5801 809 5856 Cor.
839 5819 892 5867 γ,
924 5803 1007 5858 II.
1886 5824 1887 5829 η

2200 5738 2220 5769 ⁸
2245 5739 2386 5797 Psal.
2412 5754 2592 5803 XXXIX,
2620 5739 2673 5803 7,
2700 5737 2763 5804 8;
2802 5735 2970 5793 uel”.
3022 5753 3075 5805 ι,
3127 5740 3179 5805 5,
3214 5741 3265 5793 7.
3344 5738 3389 5774 ⁸ο
3425 5738 3528 5795 lsa.
3580 5749 3696 5802 un.
3739 5736 3802 5793 8-
