4048 6434
326 326 442 382 235

1755 317 2099 375 “EHSTOLA
2142 318 2202 371 ιη

3524 325 3631 379 Ωίῖὅ

326 443 411 512 τῷ
442 441 711 513 πάσχοντι
751 440 993 512 σώματι.
1028 441 1141 495 Καὶ
1171 437 1505 495 πιστώσεταί
1551 454 1614 489 σε
1654 435 1882 506 γράφων
1908 436 1936 486 6

2055 450 2166 488 neu
2204 431 2510 488 secundum
2554 432 2869 502 Seripturas
2912 437 3136 506 propria
3177 450 3343 489 carne
3382 449 3629 505 passum,

322 533 547 602 Πέτρος
569 530 699 602 περὶ
724 529 915 582 αὐτοῦ·
947 548 966 581 ι
996 531 1094 595 Ὃς
1116 530 1213 593 τὰς
1232 528 1509 600 ἁμαρτίας
1535 525 1694 598 ἡμῶν
1715 527 1938 595 ἀνήνεγ-

322 642 429 680 κεν
489 624 553 677 ἐν
602 620 684 693 τῷ
730 619 950 692 σώματι
998 619 1167 675 αὐτοῦ
1212 621 1307 675 ἐπὶ
1338 619 1403 673 τὸ
1443 618 1624 686 ξύλον.
1664 638 1687 669 ν
1727 616 1939 671 Οὐκοῦν

321 712 558 782 ἀπαθὴς
586 710 689 782 μὲν
710 709 740 761 6
779 709 979 776 Λόγος,
1008 708 1147 762 καθὸ
1183 707 1345 778 φύσει
1361 708 1564 761 νοεῖται
1597 703 1750 768 Θεός*
1771 700 1938 757 αὐτοῦ

323 823 393 875 γε
456 804 576 875 μὴν
624 805 831 856 νοεῖται
875 803 999 855 κατ’
1046 799 1323 854 οίκείωσιν
1350 796 1704 868 οἰκονομικὴν
1746 795 1815 848 τὰ
1840 793 1941 864 τῆς

326 900 545 972 σαρκὸς
569 895 744 952 αὑτοῦ
772 895 948 965 πάθη.
979 894 1136 950 Ἐπεὶ
1154 892 1278 947 τίνα
1308 892 1512 962 τρόπον
1540 892 1570 944 6
1597 889 1942 961 πρωτότοκος

325 992 519 1062 πάσης
552 988 812 1052 κτίσεως,
863 988 893 1040 6
944 986 1016 1040 δι’
1057 977 1120 1040 οὗ
1167 984 1459 1054 γεγόνασιν
1513 982 1707 1054 ’Δρχαί
1738 998 1799 1034 τε
1846 981 1944 1034 καὶ

338 1083 651 1150 Ἐξουσίαι,
666 1079 867 1149 Θρόνοι
888 1095 953 1132 τε
980 1079 1076 1132 καὶ
1100 1076 1460 1148 κυριότητες,
1486 1076 1547 1128 ἐν
1565 1067 1649 1142 ᾧί
1678 1072 1748 1127 τὰ
1763 1072 1944 1127 πάντα

326 1174 668 1245 συνέστηκε,
707 1170 1058 1243 πρωτότοκος
1103 1170 1169 1222 ἐκ
1208 1167 1441 1239 νεκρῶν,
1473 1166 1568 1221 καὶ
1587 1166 1812 1238 ἀπαρχὴ
1845 1165 1943 1233 γέ-

325 1282 454 1334 γονε
499 1262 619 1316 τῶν
680 1259 1131 1331 κεκοιμημένων,
1174 1259 1224 1311 εἰ
1259 1259 1336 1331 μὴ
1364 1257 1427 1311 τὸ
1469 1259 1662 1312 παθεῖν
1700 1257 1946 1328 πεφυκὸς

329 1357 464 1409 ἴδιον
500 1354 818 1424 ἐποιήσατο
864 1351 1027 1420 σῶμα
1063 1350 1197 1415 Θεὸς
1226 1350 1304 1405 ὢν
1347 1352 1377 1404 6
1406 1350 1617 1420 Λόγος;
1650 1352 1864 1422 Ὠσπερ
1888 1351 1943 1404 δὲ

328 1450 525 1515 γέγονε
549 1444 701 1499 κατὰ
733 1443 919 1514 σάρκα
952 1445 1020 1497 ἐκ
1050 1442 1330 1511 γυναικὸς,
1364 1443 1475 1515 τὴν
1498 1442 1620 1495 καθ’
1662 1443 1811 1513 ἡμᾶς
1851 1443 1945 1495 ἀν-

331 1537 635 1609 θρωπίνως
690 1533 949 1600 ἀπότεξιν
1007 1534 1402 1607 οἰκειούμενος,
1460 1534 1641 1588 καίτοι
1690 1534 1945 1604 γέννησιν

336 1630 467 1684 ἰδίαν
497 1630 653 1700 ἔχων
695 1628 800 1699 τὴν
837 1630 903 1681 ὲκ
934 1628 1171 1698 Πατρὸς,
1213 1626 1359 1681 οὕτω
1392 1628 1490 1682 καὶ
1531 1628 1695 1699 σαρκὶ
1728 1626 1947 1695 λέγεται

330 1723 533 1776 παθεῖν
556 1721 689 1775 καθ’
718 1722 876 1791 ἡμᾶς
916 1737 981 1773 τε
1011 1722 1107 1775 καὶ
1145 1720 1526 1792 ἀνθρωπίνως,
1571 1720 1751 1775 καίτοι
1785 1720 1947 1790 φύσει

2042 524 2303 595 quoniam
2328 525 2444 594 ipse
2472 533 2593 578 erat
2615 525 2670 578 in
2700 526 2942 595 patiente
2965 543 3218 597 corpore.
3248 524 3405 592 Quod
3435 527 3633 583 beatus

2041 618 2240 673 Petrus
2266 616 2578 680 conﬁrmat,
2611 616 2760 671 hunc
2789 618 2844 671 in
2874 618 3097 672 modum
3123 618 3191 673 de
3217 618 3310 672 illo
3336 618 3589 674 scribens
3616 639 3629 673 :

2051 728 2068 760 ι
2099 708 2202 775 Qui
2244 718 2466 779 peccata
2494 718 2681 763 nostra
2713 710 2946 778 pertulit
2974 711 3029 764 in
3061 727 3292 781 corpore
3330 727 3431 767 suo
3465 729 3634 784 super

2042 802 2254 873 lignum
2282 803 2351 855 ⁷⁸.
2386 821 2404 853 ι
2447 801 2716 867 Quocirca
2755 802 2887 857 licet
2919 804 3185 869 Verbum,
3216 819 3342 859 cum
3390 815 3451 861 ut
3487 807 3636 862 Deus

2044 894 2350 951 secundum
2400 901 2656 947 naturam
2705 892 3109 960 consideratur,
3169 895 3243 951 sit
3292 895 3631 967 impatibile;

2045 987 2349 1042 secundum
2381 986 2842 1055 dispensatoriam
2883 995 3067 1040 tamen
3101 989 3629 1058 appropriationem,

2043 1079 2330 1150 passiones
2359 1079 2513 1132 carni
2532 1086 2911 1149 competentes
2935 1078 3107 1148 ipsius
3133 1082 3371 1151 propriae
3396 1095 3632 1137 censen-

2044 1180 2158 1227 tur.
2182 1170 2399 1239 Alioqui
2426 1171 2703 1239 quomodo
2728 1170 2818 1226 ille
2841 1171 3245 1241 primogenitus
3266 1172 3449 1227 omnis
3477 1188 3634 1228 crea-

2047 1270 2186 1315 tura:
2215 1261 2284 1325 ⁷³,
2333 1260 2423 1314 ille
2469 1275 2568 1330 per
2610 1276 2774 1329 quem
2826 1259 2955 1314 facti
3002 1269 3131 1315 sunt
3182 1261 3532 1332 Principatus
3579 1274 3633 1318 et

2047 1353 2375 1417 Potestates,
2402 1352 2611 1406 Throni
2646 1360 2703 1406 et
2734 1352 3168 1419 Dominationes,
3195 1361 3248 1408 et
3282 1355 3337 1409 in
3365 1371 3477 1425 quo
3504 1371 3637 1411 con-

2046 1446 2252 1500 sistunt
2292 1445 2477 1500 omnia
2506 1445 2583 1515 '-",_
2619 1443 2796 1502 lactus
2830 1454 2915 1499 est
2953 1445 3354 1515 primogenitus
3387 1462 3453 1501 ex
3493 1462 3640 1501 mor-

2050 1537 2161 1593 tuis
2184 1537 2251 1602 "*,
2273 1544 2330 1590 ct
2353 1535 2610 1605 primitize
2634 1535 3033 1590 dormientium
3064 1538 3133 1602 ⁷⁸,
3157 1537 3203 1591 si
3226 1538 3373 1592 Deus
3395 1538 3639 1593 Verbum

2050 1644 2254 1700 corpus
2295 1627 2443 1698 quod
2502 1628 2616 1697 pati
2657 1636 2849 1683 natum
2892 1635 3013 1683 erat
3053 1628 3159 1683 sibi
3200 1630 3486 1700 proprium
3527 1646 3642 1686 non

2051 1720 2217 1775 fecit?
2236 1717 2713 1787 Quemadmodum
2735 1729 2918 1775 autem
2938 1719 3085 1773 Deus
3101 1735 3168 1774 ex
3187 1720 3420 1775 muliere
3445 1713 3667 1775 seeuu-'

330 1814 543 1886 προσὸν
572 1812 732 1883 αὐτῷ
762 1812 827 1865 τὸ
854 1811 1091 1876 ἀπαθῶς
1122 1812 1270 1883 ἔχειν
1305 1810 1353 1881 i,
1390 1812 1526 1867 καθὸ
1556 1816 1758 1868 νοεῖται
1788 1813 1944 1878 Θεός.

2055 1814 2182 1868 dum
2213 1828 2436 1867 carnem
2459 1819 2617 1866 ortus
2641 1810 2708 1876 7",
2737 1820 2983 1865 nostram
3014 1812 3117 1867 sibi
3147 1810 3469 1868 humanitus
3494 1812 3639 1868 nati-

329 1907 497 1962 οὕτω
524 1907 640 1978 γὰρ
662 1907 873 1960 νοεῖται
902 1905 1161 1977 Χριστός
1185 1904 1360 1968 οὕτως
1400 1906 1523 1959 ἐστὶ
1561 1905 1660 1959 καὶ
1692 1905 1949 1976 σύνεδρος

337 1997 419 2071 τῷ
444 1997 662 2071 nam,
694 1997 799 2067 οὐχ
824 1997 905 2059 ὡς
935 1995 1227 2068 ἄνθρωπος
1252 1998 1322 2069 τῇ
1363 1998 1641 2068 ἐνοικήσει
1674 1997 1769 2051 τού
1814 1997 1950 2050 Θεοῦ

350 2089 531 2159 Δάτου
563 2087 968 2158 τετιμημένος,
1020 2085 1137 2141 ἀλλ’
1181 2085 1260 2150 ὠς
1303 2086 1429 2149 Υἱὸς
1460 2085 1679 2157 ἀληθῶς
1732 2085 1828 2139 καὶ
1862 2086 1951 2139 ὅτε

362 2179 599 2248 γέγονεν
622 2176 927 2251 Nptuno;
955 2179 1268 2249 Τετήρηται
1300 2178 1408 2248 γὰρ
1431 2176 1581 2249 αὐτῷ
1618 2177 1716 2247 τῆς
1754 2177 1951 2229 ούσιω-

368 2270 483 2334 δῶς
506 2269 910 2341 ἐνυπαρχούσης
941 2269 1220 2341 ὑπεροχῆς
1256 2268 1321 2322 τὸ
1353 2267 1596 2339 ἀξίωμα,
1624 2269 1720 2320 καὶ
1758 2268 1808 2319 εί
1852 2265 1952 2319 πέ-

368 2377 543 2431 φηνεν
562 2360 921 2431 οἰκονομικῶς
956 2361 1018 2414 ἐν
1058 2358 1249 2414 δούλου
1284 2361 1492 2432 μορφῇ.
1545 2357 1779 2423 Οὐκοῦν,
1810 2357 1956 2412 καθά

360 2469 529 2522 φησιν
570 2458 619 2517 κ,
652 2453 705 2507 εί
735 2453 834 2506 καὶ
878 2452 1142 2517 κοινωνὸς
1181 2452 1283 2523 τῆς
1331 2450 1609 2523 ἡμετέρας
1646 2450 1861 2521 φύσεως
1886 2446 1956 2523 ἦν

355 2545 490 2599 καθὸ
513 2545 833 2616 ἄνθρωπος,
863 2545 982 2601 ἀλλ’
1007 2541 1077 2617 ἢν
1105 2544 1245 2616 μετά
1266 2544 1459 2599 τούτου
1479 2544 1577 2599 καὶ
1602 2544 1745 2616 ὑπὲρ
1772 2544 1956 2602 πᾶσαν

349 2636 447 2707 τὴν
473 2637 660 2690 κτίσιν
702 2636 782 2701 ὡς
828 2637 985 2701 Θεός.

2049 1906 2277 1959 vitatent
2313 1904 2724 1975 appropriavit,
2764 1905 3017 1974 quamvis
3058 1906 3339 1977 propriam
3376 1922 3444 1961 ex
3478 1906 3644 1961 Patre

2051 1997 2398 2052 nativitatem
2430 1998 2662 2052 haberet
2692 2014 2705 2049 :
2739 1996 2815 2051 ita
2846 1997 2992 2052 idem
3028 1998 3194 2052 etiam
3234 2013 3399 2053 carne
3439 1997 3647 2053 dicitur

2051 2088 2164 2158 pati
2195 2088 2500 2142 secundum
2530 2103 2653 2153 nos,
2680 2095 2735 2143 et
2763 2088 3102 2156 humanitus,
3131 2090 3370 2155 etiamsi,
3406 2098 3469 2145 ut
3499 2089 3647 2145 Deus

2052 2179 2415 2249 intelligatur,
2468 2179 2618 2233 nulla
2675 2180 2979 2250 patibilitas
3026 2182 3083 2235 in
3137 2181 3293 2236 illum
3334 2198 3404 2237 ex
3448 2192 3648 2238 natura

2055 2270 2365 2325 conveniat.
2392 2270 2473 2324 Ad
2499 2270 2649 2326 hunc
2677 2286 2917 2341 namque
2943 2272 3168 2326 modum
3192 2273 3447 2329 Christus
3472 2289 3647 2345 agno-

2056 2362 2230 2415 scitur
2269 2379 2282 2414 :
2319 2361 2386 2415 ad
2430 2361 2582 2416 hunc
2626 2363 2851 2417 modum
2896 2365 3064 2418 etiam
3104 2379 3229 2419 eum
3262 2365 3425 2419 Patre
3462 2364 3650 2419 consi-

2056 2453 2178 2520 det;
2220 2469 2333 2507 non
2371 2461 2432 2507 ut
2480 2454 2647 2509 homo
2690 2470 2788 2525 per
2834 2455 2930 2510 Dei
2970 2455 3135 2510 Verbi
3185 2455 3644 2513 inbabitationem

2057 2546 2379 2613 honoratus,
2402 2546 2498 2601 sed
2526 2557 2588 2602 ut
2609 2563 2737 2602 vere
2768 2547 2959 2614 Filius,
2988 2549 3156 2603 etiam
3184 2556 3301 2604 tum
3325 2563 3451 2603 cum
3480 2548 3648 2604 homo

2057 2647 2143 2692 est
2185 2637 2381 2693 factus.
2427 2636 2712 2707 Siquidem
2756 2637 3186 2707 pmeminentiae
3226 2637 3486 2710 dignitas,
3526 2654 3650 2708 quae

343 2729 728 2785 essentialiter
760 2730 841 2784 illi
875 2730 1039 2798 inest,
1078 2729 1290 2803 integra
1325 2730 1375 2785 ei
1414 2731 1735 2802 permansit,
1762 2732 1984 2789 etiamsi
2022 2732 2426 2803 dispensatorie
2464 2732 2520 2787 in
2584 2731 2728 2787 servi
2764 2731 2939 2787 l‘orma
2973 2732 3312 2804 apparuerit.
3355 2732 3557 2800 Quare,
3589 2747 3653 2790 ut

343 2820 480 2888 dixi,
505 2822 642 2878 licet
678 2830 887 2877 nostra:
922 2831 1137 2877 natum
1172 2823 1450 2892 particeps
1491 2822 1656 2877 fuerit
1713 2833 1777 2879 ut
1828 2823 2017 2889 homo,
2058 2837 2184 2878 cum
2218 2822 2323 2878 hoc
2354 2823 2474 2894 ipso
2505 2829 2689 2878 tamen
2730 2836 2896 2893 supra
2940 2834 3159 2877 omnem
3191 2830 3500 2879 creaturam
3527 2832 3654 2878 erat

345 2923 409 2969 ut
428 2915 602 2971 Dens.

426 3004 760 3075 Ἐπυθόμην
788 3005 847 3059 δέ
875 3022 1021 3068 τινος
1053 3004 1072 3043 1
1104 3008 1205 3076 τῆς
1237 3008 1317 3067 εἰς
1348 3008 1611 3078 οὐρανοὺς
1645 2972 1837 3062 ἀνόδου
1862 3008 1954 3080 τὴν

2129 3004 2404 3060 Caeterum
2431 3003 2617 3059 audivi
2642 3002 2960 3073 quemdam,
2986 3005 3082 3075 qui
3111 3020 3239 3060 cum
3266 3003 3478 3060 reditus
3502 3005 3653 3063 illius

344 3096 525 3150 αἰτίαν
551 3095 938 3167 ἐξηγουμένου
963 3105 1026 3158 ιη,
1066 3097 1147 3160 εἰς
1176 3096 1377 3167 χωρίον
1404 3095 1566 3149 αὐτὸν
1596 3097 1957 3168 ἀναφοιτῆσαι

344 3189 554 3257 λέγειν,
585 3188 841 3258 ἀσφαλές
878 3205 940 3240 τε
987 3187 1083 3241 καὶ
1107 3187 1326 3251 ἄσυλον,
1360 3187 1633 3258 ἠξιῶσθαι
1656 3189 1714 3244 δὲ
1742 3192 1839 3244 καὶ
1858 3189 1960 3261 τῆς

349 3282 489 3354 πρὸς
520 3282 619 3336 τὸν
667 3280 897 3352 Πατέρα
940 3279 1244 3352 συνεδρίας
1290 3279 1441 3346 ἔνθα,
1485 3282 1673 3353 φησὶν,
1703 3283 1733 3335 6
1764 3282 1960 3355 ἐχθρὸς

350 3374 448 3445 τῆς
485 3373 780 3446 ἡμετέρας
825 3371 1046 3442 φύσεως
1079 3371 1142 3425 ού
1170 3372 1397 3426 δύναται
1436 3372 1746 3445 πλησιάσας
1792 3374 1959 3429 αὐτοῦ

352 3465 514 3520 πάλιν
542 3462 962 3520 ἐπιϐουλεῦσαι.
988 3462 1256 3536 Φρούριον
1285 3462 1399 3533 οὖν,
1431 3466 1560 3520 είπέ
1590 3483 1705 3538 μοι,
1737 3468 1961 3537 γέγονεν

352 3559 380 3610 6
416 3555 654 3628 οὐρανὸς
701 3553 880 3626 αὐτῷ,
918 3555 1015 3610 καὶ
1043 3555 1192 3627 φυγὴ
1224 3556 1453 3627 μᾶλλον,
1481 3557 1583 3612 οὐκ
1616 3558 1891 3630 ἀνάληψις
1925 3559 1958 3630 ἡ

352 3647 635 3718 ἀποδημία
668 3647 705 3719 ἡ
734 3647 832 3716 ἀφ’
874 3646 1036 3718 ἡμῶν
1070 3647 1319 3718 γέγονεν,
1342 3651 1428 3719 ἐφ’
1538 3651 1633 3705 καὶ
1662 3649 1959 3721 καυχώμε-

355 3740 457 3807 θα;
496 3740 726 3794 Ἐδεδίει
747 3739 825 3806 δέ,
850 3740 997 3795 κατά
1025 3741 1089 3795 τὸ
1116 3742 1284 3807 είκὺς,
1318 3741 1394 3815 μὴ
1424 3743 1533 3814 ἄρα
1555 3760 1673 3807 πως
1699 3742 1962 3813 δευτέραν

355 3832 504 3904 αὐτῷ
536 3834 808 3905 συμπήξει
852 3833 1039 3906 πάγην
1069 3837 1101 3889 6
1135 3835 1392 3908 πονηρός·
1426 3837 1524 3890 καὶ
1544 3820 1601 3889 ἐί
1633 3836 1710 3907 μὴ
1735 3835 1961 3905 γέγονεν

356 3924 621 3991 ἀνελθεῖν,
654 3925 1031 3998 ἐπεϐουλεύθη
1085 3927 1175 3993 ἂν,
1224 3927 1298 3992 ὥς
1343 3927 1515 3995 ξοικε,
1550 3916 1652 3981 ’καὶ
1688 3927 1830 3998 μετά
1862 3928 1962 4000 τὴν

357 4017 683 4071 ἀνάστασιν.
723 4017 824 4081 Τίς
854 4018 966 4072 τῶν
998 4019 1263 4075 τοιούτων
1296 4019 1510 4092 ἐμέτων
1530 4020 1633 4076 οὐκ
1654 4021 1963 4092 ἀποφοιτή-

358 4127 440 4163 σει
471 4110 741 4182 μακράν;
778 4110 853 4164 Ἦ
873 4109 961 4174 τίς
985 4111 1085 4182 τῆς
1112 4112 1287 4178 οὕτως
1320 4113 1555 4184 αἰσχρᾶς
1573 4112 1962 4185 τερατολογίας

356 4202 456 4255 οὐκ
508 4201 970 4272 ἀπαναστήσεται
994 4241 1009 4266 ,
1059 4200 1233 4256 πολλά
1295 4202 1508 4274 χαίρειν
1544 4202 1716 4256 εἰπὼν
1750 4205 1864 4266 τοῖς
1891 4202 1961 4256 τά

357 4290 583 4346 τοιαῦτα
607 4291 858 4363 τολμῶσι
878 4296 1122 4363 φρονεῖν,
1144 4293 1415 4365 ἦλὲγειν;
1441 4296 1659 4363 ’Ἄπαγε
1688 4293 1789 4365 τῆς
1816 4293 1962 4348 οὕτω

2062 3099 2119 3153 in
2162 3097 2362 3153 caelum
2391 3110 2613 3153 causam
2645 3103 2966 3167 exponeret,
2999 3097 3221 3153 dicebat
3256 3098 3459 3155 abiisse
3494 3099 3650 3156 illum

2063 3188 2119 3243 in
2145 3188 2327 3243 locum
2355 3195 2556 3251 tutum,
2583 3187 2834 3257 nullique
2858 3187 3136 3243 violentire
3159 3189 3504 3259 espositum;
3535 3198 3651 3243 tum

2060 3295 2126 3335 ea
2148 3294 2369 3350 quoque
2394 3277 2552 3350 165
2575 3278 2841 3348 dignitate
2864 3287 2919 3334 et
2940 3280 3301 3350 praerogativa
3330 3280 3567 3350 potitum
3591 3294 3655 3339 ut

2062 3384 2189 3424 eum
2222 3368 2384 3424 Patre
2419 3366 2759 3431 consideret,
2795 3367 2912 3434 ubi,
2943 3367 3041 3432 ait,
3078 3375 3291 3437 natura:
3320 3375 3522 3433 nostrze
3550 3369 3650 3424 ad-

2010 3472 2019 3483 ·
2062 3457 2341 3513 versarius
2380 3455 2610 3527 propius
2655 3455 2723 3510 ad
2765 3456 2945 3526 ipsum
2999 3457 3284 3521 accedere,
3327 3458 3654 3530 msidiisque

2062 3547 2322 3604 eumdem
2358 3561 2554 3602 rursus
2584 3547 2851 3617 impetere
2886 3563 3000 3602 non
3037 3556 3240 3618 potest.
3275 3548 3417 3620 Ergo
3450 3551 3651 3606 caelum

2064 3641 2269 3696 factum
2310 3648 2398 3695 est
2443 3639 2522 3694 illi
2568 3655 2670 3710 pro
2711 3639 3054 3707 munimine;
3097 3651 3154 3696 et
3196 3656 3448 3697 recessus
3486 3642 3578 3698 ille
3622 3660 3655 3699 a

2064 3733 2245 3798 nobis,
2278 3733 2347 3788 de
2387 3748 2499 3803 quo
2538 3733 2862 3804 gloriamur,
2894 3750 3005 3789 non
3050 3735 3353 3805 assumptio
3394 3734 3520 3801 fuit,
3557 3736 3655 3792 sed

2063 3827 2252 3898 potius
2278 3825 2438 3899 fuga?
2462 3826 2715 3883 Timebat
2747 3827 2961 3883 scilicet
2990 3827 3259 3894 fortassis,
3285 3846 3356 3885 ne
3385 3830 3657 3901 malignus

2068 3920 2157 3975 ille
2181 3922 2419 3976 alterum
2446 3920 2497 3975 ei
2525 3920 2784 3990 laqueum
2827 3919 3109 3992 injiceret;
3148 3938 3213 3976 ac
3245 3922 3348 3977 nisi
3380 3923 3660 3979 ascendis-

2066 4020 2170 4077 set,
2194 4012 2360 4067 etiam
2388 4021 2515 4083 post
2542 4014 3007 4069 resurrectionem
3042 4015 3288 4086 ejusdem
3319 4015 3533 4072 insidiis
3557 4033 3657 4088 pa-

2068 4112 2228 4161 teret.
2270 4105 2426 4172 Quis,
2460 4106 2714 4171 obsecro,
2748 4107 2818 4161 ab
2856 4106 3173 4178 hujusmodi
3208 4109 3466 4163 sordibus
3491 4125 3659 4181 quam

2066 4197 2384 4269 longissime
2423 4214 2532 4252 non
2566 4198 2865 4254 abscedat?
2900 4199 3036 4266 Quis
3074 4200 3213 4254 adeo
3247 4201 3426 4271 turpia
3453 4201 3655 4257 verbo-

2068 4305 2191 4344 rum
2224 4290 2476 4360 portenta
2502 4305 2613 4345 non
2653 4297 2977 4356 aversetur;
3005 4299 3062 4346 et
3099 4292 3166 4345 iis
3205 4291 3298 4361 qui
3337 4292 3657 4362 hujusmodi

363 4359 774 4456 μυσαρωτάτης
796 4359 1293 4457 καὶάαμαιπετοῦς
1308 4386 1540 4450 ἐννοίας.
1559 4359 1758 4450 Ούδὲν,
1776 4382 1954 4458 οἶμαι,

2070 4397 2244 4451 nugas
2274 4388 2463 4436 tenere
2488 4388 2584 4436 aut
2608 4381 2808 4436 docere
2842 4381 3069 4447 audent,
3105 4397 3215 4437 non
3256 4384 3482 4439 multam
3511 4386 3659 4441 salu-

358 4476 565 4530 τούτων
591 4476 1122 4549 γραοπρεπέστερον
1157 4479 1192 4550 ἢ
1222 4478 1626 4550 ἀμαθέστερον.
1662 4479 1824 4531 Ἤκει
1850 4477 1954 4548 γὰρ

2063 4473 2387 4565 tem‘dicat?
2418 4473 2601 4545 Apage
2636 4488 2762 4528 cum
2794 4473 3218 4530 sceleratissima
3246 4476 3348 4531 ista
3382 4478 3656 4534 sordidis-

358 4572 436 4635 εἰς
465 4568 635 4624 τοῦτο
676 4570 1037 4642 χυδαιθιητος
1076 4573 1300 4627 ἐννοιῶν
1327 4573 1390 4626 τὸ
1430 4572 1857 4645 χρῆμαάὐτοῖς,
1887 4571 1954 4634 ὡς

2064 4566 2313 4636 simaque
2353 4566 2648 4632 sententia,
2675 4581 2783 4636 qua
2817 4565 2955 4620 nihil
2996 4566 3219 4634 anilius,
3252 4569 3393 4625 nihil
3434 4570 3660 4651 stultius

356 4663 507 4716 ούδέν
537 4659 686 4718 εἶναι
716 4663 780 4717 τὸ
806 4664 1039 4734 αἰσχιον.
1080 4666 1462 4738 ’Δποπεράνας
1531 4666 1643 4737 γὰρ
1674 4667 1704 4719 6
1730 4663 1967 4736 Χριστὸς

357 4755 454 4826 τὴν
471 4756 601 4809 καθ’
627 4756 780 4827 ἡμᾶς
802 4757 1139 4829 οἰκονομίαν,
1162 4758 1261 4813 καὶ
1290 4760 1545 4831 πατήσας
1570 4759 1664 4814 τὸν
1694 4758 1967 4822 Σατανᾶν,

359 4847 450 4899 καὶ
486 4848 682 4900 πᾶσαν
710 4846 882 4901 αὐτοῦ
922 4848 1026 4920 τὴν
1052 4848 1290 4921 δύναμιν
1324 4849 1686 4917 κατασείσας,
1713 4847 1963 4903 καταλύ-

365 4954 454 5002 σας
471 4939 532 4992 δέ
559 4938 664 4993 καὶ
688 4938 858 4993 αὐτοῦ
882 4938 978 4993 τοῦ
1009 4939 1247 4996 θανάτου
1267 4940 1330 4996 τδ
1355 4942 1581 5015 κράτος,
1603 4941 1961 4996 ἀνεκαίνισεν

364 5029 485 5099 ἡμῖν
514 5030 644 5086 ὁδὸν
670 5031 991 5103 πρόσφατον
1028 5032 1125 5086 καὶ
1159 5031 1367 5099 ζῶσαν,
1407 5051 1427 5087 ι
1463 5033 1840 5105 ἀναφοιτήσας
1878 5032 1961 5096 είς

360 5120 444 5172 τιιν
472 5122 739 5194 οὐρανὸν,
776 5123 872 5177 καὶ
906 5124 1267 5195 ἐμφανισθεὶς
1300 5126 1443 5197 ὑπὲρ
1470 5125 1632 5197 ἡμῶν
1675 5124 1757 5197 τῷ
1789 5141 1961 5196 προσ-

355 5210 490 5281 ώπῳ
515 5212 617 5267 τοῦ
642 5212 785 5268 Θεοῦ
822 5216 920 5271 καὶ
949 5216 1186 5287 Πατρὸς,
1221 5235 1240 5270 ι
1263 5217 1411 5273 καθά
1451 5217 1785 5291 γέγραπται.
1827 5217 1961 5270 Συν-

2063 4657 2365 4729 excogitari
2407 4663 2642 4729 poterat.
2690 4657 2828 4712 Rem
2872 4657 3020 4712 enim
3049 4658 3116 4713 ad
3147 4674 3267 4714 eam
3306 4675 3503 4716 sensus
3535 4660 3658 4717 ine-

2066 4753 2237 4824 ptiam
2271 4752 2548 4823 redigunt,
2584 4757 2648 4806 ut
2666 4751 2803 4806 nihil
2831 4762 2953 4808 esse
2977 4753 3194 4825 turpius
3219 4754 3411 4825 possit.
3437 4754 3659 4810 Etenim

2070 4861 2197 4902 cum
2241 4844 2499 4901 Christus
2553 4853 2755 4900 nostrae
2801 4844 3137 4903 conditionis
3182 4846 3657 4919 dispensationem

2070 4946 2529 5003 consummasset,
2555 4936 2923 5010 Satanamque
2951 4940 3317 5011 protrivisset,
3344 4947 3401 4995 et
3436 4954 3658 4995 omnem

2068 5033 2192 5103 ejus
2230 5031 2340 5087 vim
2384 5029 2654 5102 fregisset,
2684 5046 2749 5086 ac
2791 5032 2987 5088 mortis
3025 5033 3316 5104 imperium
3356 5029 3659 5086 destruxis-

2068 5134 2153 5180 set
2174 5125 2242 5190 ’⁷,
2274 5140 2471 5180 novam
2508 5125 2897 5196 virentemque
2933 5124 3093 5179 nobis
3128 5123 3272 5177 viam
3306 5122 3657 5187 instauravit,

2078 5234 2096 5266 ι
2134 5214 2190 5269 in
2215 5215 2357 5270 coelo
2395 5214 2721 5279 ascendens,
2758 5222 2820 5268 ut
2849 5214 3025 5269 vultui
3062 5212 3157 5267 Dei
3188 5219 3243 5266 ct
3280 5209 3481 5278 Patris,
3512 5211 3659 5268 sicut

425 5372 468 5403 τι
504 5372 524 5427 ι
557 5372 714 5428 Petr.
741 5388 801 5437 ιι,
832 5374 922 5432 at.
1000 5334 1281 5431 'lColoss.
1310 5376 1463 5441 1,15.
1540 5374 1633 5429 ⁷³ι
1663 5373 1792 5429 Cor.
1826 5389 1913 5439 xv,
1943 5372 1954 5425 ε

2062 5394 2069 5399 -
2117 5371 2163 5402 7"
2184 5369 2396 5426 Coloss.
2430 5384 2469 5433 ι,
2504 5368 2591 5424 18.
2668 5368 2714 5400 ⁷⁸
2738 5368 2758 5422 1
2786 5366 2915 5423 Cor.
2943 5382 3032 5431 xv,
3055 5365 3149 5423 20.
3218 5366 3267 5399 "
3290 5364 3468 5424 Galat.
3493 5383 3573 5437 tv,
3597 5366 3654 5424 4ο

362 5441 405 5469 ⁷⁷
432 5441 581 5499 llebr
630 5459 692 5510 ιι,
722 5443 815 5500 14.

1484 5549 1658 5606 Varie
1678 5549 1948 5606 lectiones
1966 5547 2177 5604 codicis
2206 5548 2573 5622 Seguieriani.

438 5700 452 5737 'I
495 5697 527 5749 6
557 5696 620 5750 ἐν
809 5692 824 5742 ἰ
878 5694 960 5764 μὴ
1019 5689 1220 5761 προσὸν
1276 5690 1427 5762 αὐτῷ
1474 5690 1534 5745 τὸ
1577 5688 1750 5754 πάθος
1805 5688 1972 5759 ἐχειν.

363 5783 506 5829 ’ων
652 5862 928 5923 ΡΑτιιυι..
976 5861 1094 5919 Gn.
1141 5858 1428 5919 LXXVII.

2056 5687 2080 5726 ι
2122 5687 2208 5743 ίσ.
2252 5688 2394 5744 καθά
2440 5705 2618 5759 φημι,
2678 5682 2859 5755 φύσιν,
2952 5689 2968 5731 1
3006 5700 3179 5749 τινας.
3283 5696 3322 5724 π·
3357 5683 3656 5755 ἐξηγουμέ-

3187 5842 3220 5895 9
