4048 6438
459 298 563 354 967

1497 291 1550 347 S.
1593 292 1870 347 CVRILLI
1910 292 2383 352 ALEXANDRINI
2423 299 2744 358 ARCIIIEP.

3643 308 3752 366 263

460 414 728 483 scriptum
759 419 862 474 est,
902 426 1003 480 pro
1042 408 1200 464 nobis
1234 423 1495 481 appareat
1518 411 1587 463 ⁷⁸.
1623 432 1641 463 ι
1680 404 2053 483 Considctque

2161 415 2371 486 εδρεύει
2395 418 2450 471 δὲ
2486 420 2635 492 αὑτῷ
2666 423 2755 475 καὶ
2801 422 2939 491 μετά
2972 424 3199 496 σαρκὸς,
3224 423 3323 496 οὑχ
3354 424 3429 489 ὼς
3462 422 3755 497 ἄνθρωπος

460 520 585 558 cum
628 504 747 573 ipso
783 503 948 557 etiam
997 518 1121 555 eum
1163 518 1348 565 carne,
1376 521 1482 557 non
1522 516 1580 559 ut
1613 505 1777 558 homo
1804 521 2053 559 seorsum

461 597 864 655 consideratus,
895 611 1073 665 neque
1105 605 1166 650 ut
1194 595 1335 650 alius
1372 597 1544 650 Filius
1577 597 1645 651 ab
1675 598 1846 667 ipsius
1873 597 2055 651 Verbo

460 690 731 753 diversus,
769 704 949 757 neque
985 696 1046 741 ut
1079 689 1173 758 qui
1224 689 1402 760 ipsum
1436 690 1675 746 Verbum
1716 691 2053 745 inhabitato-

462 794 578 833 rem
605 777 836 844 habeat;
870 778 966 832 sed
996 788 1058 832 ut
1084 794 1213 834 vere
1244 780 1415 834 Filius
1441 795 1585 835 unus
1614 790 1671 835 et
1704 781 1856 835 solus
1887 782 2055 835 etiam

465 880 579 925 tum
606 885 732 925 eum
763 868 943 925 factus
966 878 1049 925 est
1073 869 1259 925 homo.
1292 870 1553 927 Considet
1580 872 1763 942 itaque
1794 881 2055 942 tanquam

462 964 608 1018 Deus
645 979 772 1018 cum
810 963 943 1029 Deo,
970 973 1026 1017 et
1064 962 1330 1017 Dominus
1362 979 1487 1017 cum
1518 964 1772 1029 Domino,
1800 972 1855 1019 et
1884 964 2056 1019 Filius

463 1074 589 1110 cum
618 1057 778 1111 Patre
801 1072 954 1121 vero,
977 1056 1083 1111 hoc
1108 1057 1286 1127 ipsum
1313 1056 1572 1111 obtinens
1592 1072 1659 1112 ex
1682 1068 1902 1123 natura,
1927 1056 2057 1111 licet

464 1164 589 1203 eum
639 1166 805 1204 carne
850 1149 1255 1205 consideretur.
1305 1150 1381 1203 Ac
1429 1148 1609 1205 fuerat
1663 1149 1892 1206 fortasse
1942 1166 2054 1204 non

466 1256 674 1311 magna:
719 1239 1058 1295 difﬁcultatis
1100 1239 1276 1296 fusius
1315 1240 1497 1295 adhuc
1536 1240 1770 1295 istorum
1809 1239 2058 1296 stultitiae

467 1330 790 1383 barathrum
827 1329 1206 1385 demonstrare
1235 1348 1248 1382 :
1277 1344 1471 1385 verum
1509 1331 1673 1401 nugis
1707 1345 1881 1400 usque
1919 1330 2058 1386 adeo

465 1417 675 1472 frivolis
712 1419 1047 1489 ineptisque,
1075 1419 1329 1489 pluribus
1368 1419 1511 1475 velle
1549 1434 1878 1490 repugnare,
1907 1418 2055 1474 haud

463 1511 611 1565 aliud
652 1511 767 1565 fere
808 1521 974 1575 esset,
1004 1526 1169 1580 quam
1213 1527 1338 1567 cum
1379 1509 1747 1581 eas‘ineptias
1778 1510 2057 1567 fundenti-

465 1604 567 1657 hus
610 1603 775 1658 simul
823 1602 1085 1657 insanire.
1130 1603 1228 1658 Illa
1267 1603 1631 1657 nihilominus
1673 1602 1892 1659 caeteris
1935 1618 2058 1673 quae

462 1698 608 1751 dicta
662 1705 793 1751 sunt
842 1695 1156 1750 necessario
1206 1694 1323 1749 fere
1365 1694 1641 1763 adjeccro,
1680 1710 1779 1764 per
1813 1710 1936 1764 qua:
1974 1694 2054 1749 illi

2164 507 2347 573 ίδικῶς
2388 511 2698 583 νοούμενος,
2755 514 2848 568 κα)⁸
2896 515 3081 588 ἕτερος
3116 516 3246 581 Υίδς
3274 516 3426 588 παρὰ
3450 515 3543 570 τὸν
3579 516 3757 570 αὑτοῦ

2158 599 2354 668 Λόγον,
2386 602 2509 656 οὐδὲ
2559 604 2635 668 ὡς
2671 605 2878 660 ένοικον
2926 606 3065 677 ἔχων
3119 608 3285 662 αὑτὸν
3308 648 3322 674 ,
3371 609 3583 673 ἀλλ’ὡς
3623 609 3759 672 Υἱὸς

2158 691 2377 761 ἀληθῶς
2408 687 2492 757 εἷς
2534 711 2595 748 τε
2630 696 2723 750 καὶ
2759 696 2922 766 μόνος
2960 698 3245 770 ὑπάρχων,
3275 700 3369 752 καὶ
3405 700 3495 752 ὅτε
3525 701 3759 770 γέγονεν

2158 781 2467 855 ἄνθρωπος.
2509 787 2829 857 Συνεδρεύει
2860 788 3041 844 τοίνυν
3081 789 3157 853 ὡς
3190 789 3321 854 Θεὸς
3351 790 3491 862 Θεῷ,
3524 793 3621 846 καὶ
3646 792 3762 846 Κύ-

2160 888 2277 943 ριος
2305 873 2517 950 Κυρίῳ,
2538 875 2632 929 καὶ
2656 875 2784 940 Υἱὸς
2810 877 2988 948 Πατρὶ
3018 877 3096 949 τῷ
3115 880 3257 934 κατὰ
3276 879 3555 951 ἀλήθειαν,
3585 881 3757 950 φύσει

2156 964 2316 1018 τοῦτο
2352 966 2635 1038 ὑπάρχων,
2667 967 2770 1022 κᾶν
2796 972 2968 1023 νοοῖτο
3001 970 3139 1041 μετά
3164 971 3394 1042 σαρκός.
3418 972 3528 1026 Καὶ
3547 968 3615 1044 ἦν
3649 973 3761 1043 μὲν

2160 1054 2292 1119 ίσως
2320 1057 2381 1111 οὑ
2408 1058 2666 1127 χαλεπὸν,
2692 1058 2781 1112 διὰ
2814 1059 3043 1131 μακρῶν
3063 1060 3144 1113 ἔτι
3163 1060 3338 1130 λόγων
3365 1062 3466 1132 τῆς
3487 1063 3698 1116 ἐκείνου
3726 1070 3762 1100 ι

2159 1146 2402 1217 ἀμαθίας
2428 1150 2745 1215 καταδεῖξαι
2796 1151 2858 1203 τὸ
2917 1150 3215 1222 βάραθρον·
3268 1146 3331 1206 τδ
3363 1153 3420 1207 δὲ
3461 1155 3574 1218 τοῖς
3602 1152 3762 1207 οὕτω

2157 1236 2386 1310 ψυχροῖς
2415 1240 2719 1310 ἀντιλέγειν
2747 1240 2836 1296 διά
2875 1242 3141 1297 πλειόνων
3170 1242 3281 1307 ἔτι,
3312 1244 3457 1315 τάχα
3487 1263 3588 1298 που
3623 1264 3761 1301 συν-

2158 1329 2488 1401 ἀμαθαίνειν
2526 1333 2645 1385 ἐστὶ
2675 1335 2787 1397 τοῖς
2817 1334 3004 1388 ἐκεῖνα
3034 1335 3467 1406 πεφλυαρηκόσι.
3500 1338 3761 1410 Προσεπ-

2160 1425 2406 1491 ενεγκεῖν
2438 1423 2494 1476 δὲ
2532 1425 2647 1486 τοῖς
2677 1425 2991 1495 εἰρημένοις
3020 1426 3321 1495 ἀναγκαῖον
3344 1421 3498 1498 οἶμαί
3523 1446 3649 1495 που,
3680 1431 3763 1484 τὰ

2161 1512 2229 1565 δι’
2270 1505 2346 1567 ὧν
2392 1512 2596 1566 οἴονται
2645 1518 2976 1569 καταπεσεῖν
3003 1514 3263 1570 δύνασθαι
3295 1517 3394 1587 τὴν
3425 1520 3761 1592 συναγωγὴν

2162 1605 2393 1677 Κυρίου,
2429 1605 2572 1659 κατά
2594 1605 2657 1659 τὺ
2688 1607 3100 1680 γεγραμμένον,
3138 1609 3235 1663 καὶ
3263 1610 3648 1676 κατατοξεύειν
3690 1616 3758 1667 ἐν

2162 1697 2480 1769 σκοτομήνῃ
2518 1698 2647 1761 τοὺς
2685 1698 2864 1763 εὐθεῖς
2912 1702 2978 1771 τῇ
3013 1700 3231 1772 καρδίᾳ,
3262 1702 3512 1756 τουτέστι
3540 1704 3665 1769 τοὺς
3690 1706 3759 1758 ὲν

463 1788 728 1859 pupulum
770 1787 1018 1852 Domini,
1061 1786 1207 1841 sicut
1246 1786 1514 1857 scriptum
1550 1797 1636 1842 est
1664 1786 1734 1852 '9,
1772 1798 2049 1859 perterre-

2160 1765 2423 1860 ἀπλότητι
2451 1765 2691 1862 ⁷γνώμης
2720 1765 2978 1846 διαϐιοῦν-
3009 1765 3320 1864 ᾑρημένους
3342 1834 3356 1858 ,
3392 1795 3484 1849 καὶ
3516 1795 3617 1866 τῆς
3645 1765 3759 1850 ϋπίο

463 1881 663 1946 facere,
696 1889 987 1950 rectosque
1026 1879 1213 1944 corde,
1247 1878 1353 1934 hoc
1377 1888 1482 1945 est,
1508 1896 1604 1935 eos
1628 1880 1722 1951 qui
1758 1880 1812 1934 in
1846 1880 2054 1950 simpli-

462 1971 837 2039 citateanimi
882 1970 1050 2027 vitam
1099 1971 1417 2037 traducunt,
1449 1980 1507 2026 et
1542 1971 1666 2027 ﬁdei
1704 1973 2055 2029 traditionem

464 2064 633 2119 veluti
671 2063 948 2134 quoddam
990 2063 1304 2135 depositum
1338 2065 1394 2119 in
1424 2074 1607 2120 mente
1647 2065 1931 2120 conditum
1970 2082 2057 2121 re-

468 2157 665 2219 tinent,
695 2166 1049 2227 sanctamque
1071 2172 1135 2211 ac
1156 2157 1531 2227 incorruptam
1553 2157 1801 2211 eamdem
1833 2173 2057 2211 conser-

464 2259 615 2316 vant,
654 2249 708 2303 in
755 2249 994 2305 obscuro
1035 2248 1293 2320 sagittam
1336 2264 1395 2303 sc
1439 2264 1600 2317 posse
1636 2248 1955 2303 existimant
1983 2248 2052 2302 ⁸ο.

462 2339 652 2411 Itaque
696 2357 853 2396 acres
896 2340 985 2395 isti
1031 2340 1379 2409 impostores,
1423 2349 1479 2395 et
1525 2340 1620 2411 qui
1655 2340 2054 2395 sententiarum

463 2429 790 2484 commentis
828 2427 1210 2499 multipliciter
1239 2429 1534 2495 contextis,
1563 2429 1819 2485 rudiores
1850 2446 1880 2485 a
1907 2430 2054 2487 veri-

466 2531 576 2579 tate
613 2520 991 2592 investiganda
1031 2520 1336 2584 abducunt,
1373 2520 1724 2591 aliorumque
1764 2521 2053 2577 hmretico-

463 2630 589 2669 rum
616 2613 882 2667 malitiam
914 2611 1177 2677 aemulati,
1209 2612 1370 2683 166
1390 2612 1558 2667 stulte
1588 2623 1904 2684 proponunt
1935 2630 2056 2684 qua:

464 2707 544 2762 illi
570 2706 771 2769 solent,
804 2720 1001 2776 parum
1026 2703 1081 2759 id
1110 2704 1259 2775 quod
1289 2705 1557 2774 scriptum
1582 2713 1666 2761 est
1691 2716 2009 2776 reputantes
2038 2724 2051 2761 :

471 2817 490 2851 ι
530 2798 622 2853 Vae
644 2797 754 2853 illis
786 2796 881 2867 qui
912 2797 1167 2867 proximo
1193 2812 1296 2851 suo
1324 2796 1601 2853 turbidam
1637 2799 2056 2856 subversionem

464 2891 764 2963 propitiant
787 2888 856 2943 δι.
888 2908 906 2941 ι
942 2888 1239 2944 Enimvero
1267 2888 1482 2945 Arianaa
1510 2889 1814 2960 impietatis
1846 2907 2054 2963 propu-

463 2991 725 3056 gnatores
752 2980 1100 3053 unigenitum
1130 2981 1228 3036 Dei
1255 2980 1498 3037 Verbum
1533 2982 1763 3038 alterius
1803 2984 2057 3039 essentiae

464 3088 587 3127 esse
615 3071 828 3137 dicunt,
853 3081 911 3127 et
930 3080 1055 3142 post
1080 3070 1259 3142 ipsum
1284 3080 1636 3142 generantem
1659 3073 1907 3128 secundo
1934 3074 2056 3129 loco

464 3162 848 3229 constituunt,
902 3176 1116 3217 necnon
1182 3171 1429 3219 creatum
1487 3171 1546 3219 et
1597 3163 1882 3219 conditum
1933 3180 2054 3220 esse

465 3252 828 3320 contendunt,
861 3261 921 3309 et
960 3253 1138 3319 illum,
1178 3269 1280 3324 per
1314 3270 1480 3325 quem
1527 3257 1711 3311 omnia
1761 3266 1816 3312 et
1854 3257 1910 3310 in
1945 3272 2056 3326 quo

463 3346 648 3401 omnia
673 3345 741 3413 ⁸³³,
762 3334 824 3400 in
850 3356 1235 3402 creaturarum
1263 3346 1516 3404 ordinem
1546 3348 1821 3420 redigunt.
1847 3349 2055 3403 Deinde

465 3441 596 3494 dum
639 3439 919 3511 Uuigeniti
968 3439 1023 3493 in
1056 3454 1222 3495 carne
1261 3439 1691 3512 dispensationis
1729 3441 2053 3512 mysterium

464 3530 682 3585 curiose
713 3529 1022 3599 inquirunt,
1055 3543 1452 3607 per'summam
1479 3530 1731 3586 fraudem
1761 3532 1870 3585 vim
1905 3532 2052 3587 veri-

466 3620 595 3673 tatis
621 3626 1015 3688 corrumpunt:
1035 3635 1272 3691 cumque
1294 3627 1561 3690 praeterea
1581 3620 1905 3691 Apollinarii
1930 3623 2052 3693 Opi-

465 3710 649 3764 nionis
674 3708 907 3765 crimine
939 3709 1216 3777 laborent,
1261 3712 1358 3767 Dei
1386 3712 1631 3768 Verbum
1671 3727 1891 3769 carnem
1932 3714 2054 3784 qui-

464 3803 589 3856 dem
621 3803 923 3871 sumpsisse
946 3811 1221 3870 asserunt,
1247 3804 1341 3860 sed
1370 3802 1709 3876 intelligente
1735 3805 1918 3861 anima
1945 3808 2052 3861 mi-

466 3894 613 3948 nime
653 3894 938 3964 praeditam
971 3893 1138 3950 fuisse
1167 3912 1180 3948 :
1208 3895 1388 3965 ipsum
1411 3896 1559 3949 enim
1583 3896 1824 3952 Verbum
1852 3899 2054 3952 mentis

463 3996 520 4039 et
558 3987 755 4041 animae
776 3986 925 4041 vices
953 3985 1008 4042 in
1034 3995 1571 4058 assumptoeorpore
1595 3989 1833 4059 explere.
1860 3991 2049 4064 quue,

464 4088 526 4133 ut
547 4078 682 4143 dixi,
709 4094 808 4149 per
842 4094 1112 4134 summam
1136 4079 1387 4134 fraudem
1419 4079 1600 4136 facere
1629 4081 2055 4152 deprehendun-

464 4178 574 4223 tur.
606 4170 1065 4241 Quandoquidem
1116 4187 1187 4226 nc
1231 4187 1393 4228 voces
1432 4173 1552 4228 illas
1592 4174 1807 4230 Domini
1851 4181 2048 4245 nostri,

464 4278 586 4331 qua:
632 4263 688 4316 in
720 4263 1020 4318 humanam
1062 4273 1317 4318 naturam
1363 4265 1719 4333 conveniunt,
1763 4267 2053 4339 dispensa-

468 4354 605 4408 toria
644 4355 859 4410 ratione
908 4354 1085 4411 dictas
1128 4355 1486 4423 arbitremur,
1527 4375 1595 4413 ex
1634 4376 1891 4417 mensura
1930 4378 2054 4433 quae

2159 1899 2330 1947 στεως
2357 1882 2455 1955 τὴν
2477 1883 2796 1955 παράδοσιν,
2825 1882 3079 1956 καθάπερ
3115 1884 3240 1938 τινὰ
3273 1886 3760 1959 παρακαταθήκην

2156 1971 2421 2035 λαϐόντας
2446 1973 2527 2036 είς
2556 1971 2702 2037 νοῦν,
2744 1972 2910 2041 ἁγίαν
2958 1973 3056 2026 καὶ
3086 1972 3478 2045 ἀπαράφθορον
3514 1976 3755 2046 τηροῦν-

2155 2081 2256 2128 τας
2291 2063 2486 2135 αὑτήν.
2526 2065 2590 2118 Ol
2622 2064 2730 2135 γάρ
2768 2082 2851 2118 τοι
2906 2064 3071 2119 δεινοὶ
3103 2065 3240 2136 πρὸς
3272 2066 3512 2137 ἀπάτην,
3542 2068 3637 2120 καὶ
3664 2068 3759 2121 ὲν-

2157 2155 2318 2209 νοιῶν
2346 2156 2624 2226 εὑρήμασι
2671 2154 3028 2220 πολυπλόκως
3063 2156 3462 2228 ὲξυφασμένοις
3497 2157 3597 2227 τῆς
3633 2159 3755 2212 τῶν

2156 2246 2374 2317 ἀληθῶν
2407 2246 2837 2319 ἁποκομίζοντες
2865 2246 3039 2319 Θήρας
3069 2248 3196 2312 τοὺς
3223 2247 3660 2319 ἀμαθεστέρους,
3700 2252 3756 2303 οἱ

2155 2338 2255 2403 τάς
2301 2338 2412 2392 τῶν
2447 2338 2654 2410 ἑτέρων
2699 2339 2995 2411 αἱρετικῶν
3046 2339 3249 2404 κακίας
3280 2340 3749 2411 ἀπομιμούμενοι.

2157 2431 2532 2505 προτείνουσιν
2571 2431 2821 2501 ἀμαθῶς,
2856 2431 2893 2486 ἀ
2942 2431 3008 2503 δὴ
3033 2433 3312 2496 κάκείνοις
3355 2432 3497 2500 ἔθος,
3536 2434 3637 2487 οὐκ
3663 2435 3754 2485 ἐν-

2157 2523 2405 2588 νοοῦντες
2434 2523 2493 2577 τὸ
2519 2526 2938 2596 γεγραμμένονο
2971 2542 2991 2577 ι
3031 2525 3168 2579 Οὐαὶ
3190 2527 3239 2578 οἰ
3263 2524 3574 2589 ποτίζοντες
3605 2524 3697 2577 τὸν
3726 2536 3745 2551 ν

2157 2616 2387 2686 πλησίον
2413 2615 2596 2669 αὐτῶν
2638 2626 2666 2666 P
2709 2616 3025 2688 ἀνατροπὴν
3060 2617 3308 2688 θολερόω.
3352 2634 3373 2669 ι
3411 2617 3476 2671 Οί
3508 2618 3608 2689 μὲν
3638 2618 3754 2687 γὰρ

2156 2707 2259 2778 τῆς
2320 2709 2539 2778 ’Δρείου
2588 2706 2912 2771 δυσσεϐείας
2951 2708 3299 2761 ὑπασπισταὶ
3342 2707 3435 2761 τὸν
3483 2709 3751 2778 μονογενῆ

2156 2798 2251 2851 τοῦ
2268 2796 2405 2851 Θεοῦ
2422 2798 2593 2865 Λόγον
2618 2797 2957 2870 ὲτεροούσιον
2978 2793 3118 2853 εἷναί
3143 2813 3297 2867 φασι,
3314 2797 3410 2851 καὶ
3433 2796 3491 2851 ὲν
3516 2797 3755 2867 δευτέρᾳ.

2157 2891 2395 2943 τίθενται
2424 2898 2454 2939 (ι
2489 2890 2585 2943 τοῦ
2636 2892 3020 2963 γεννήσαντος,
3058 2891 3275 2945 κτιστόν
3300 2908 3359 2944 τε
3388 2891 3485 2946 καὶ
3519 2891 3754 2963 γενητὸν

2157 2978 2298 3038 εἶναι
2325 2983 2703 3048 διατείνονται,
2733 2984 2829 3037 καὶ
2851 2986 2917 3054 τῇ
2948 2984 3124 3038 κτίσει
3160 2982 3514 3037 συντάττουσι
3546 2982 3662 3048 τὸν,
3682 2983 3752 3036 δι’

2158 3069 2219 3128 οὗ
2239 3075 2306 3130 τά
2336 3076 2534 3141 πάντα,
2562 3076 2658 3128 καὶ
2679 3076 2738 3129 ὲν
2757 3068 2801 3143 ᾧ
2825 3075 2896 3129 τὰ
2928 3075 3128 3130 πάντα.
3166 3071 3301 3130 Εἶτα
3330 3074 3433 3145 τῆς
3458 3074 3599 3146 μετά
3623 3092 3757 3146 σαρ-

2159 3166 2253 3232 κὸς
2269 3167 2582 3239 οίκονομίας
2607 3165 2702 3219 τοῦ
2716 3165 3057 3235 Μονογενοῦς
3081 3164 3668 3237 πολυπραγμονοῦντες
3691 3169 3756 3218 τὸ

2160 3260 2484 3331 μυστήριον,
2521 3258 2940 3330 κακουργότατα
2990 3255 3427 3329 παραφθείρουσι
3477 3256 3579 3326 τῆς
3609 3257 3751 3324 am.

2158 3352 2306 3415 θείας
2356 3351 2455 3423 τὴν
2499 3351 2748 3422 δύναμιν,
2778 3350 2873 3404 καὶ
2916 3350 3015 3421 τῆς
3065 3348 3447 3419 Ἀπολιναρίου
3476 3347 3639 3415 δόξης
3682 3350 3757 3403 τά

2156 3441 2480 3515 ἐγκλήματα
2509 3440 3066 3513 προσαῤῥωστοῦντες
3099 3439 3277 3504 αὑτοὶ,
3311 3439 3491 3511 σάρκα
3525 3438 3628 3509 μὲν
3654 3438 3757 3491 λα-

2156 3536 2269 3589 ϐεῖν
2294 3536 2387 3590 τὸν
2418 3535 2512 3589 τοῦ
2555 3534 2690 3589 Θεοῦ
2724 3534 2895 3603 Λόγον
2925 3531 3374 3604 διῖσχυρίζονται,
3411 3531 3751 3604 ὲμψυχωμέ-

2156 3645 2255 3701 νην
2280 3645 2344 3697 γε
2373 3628 2481 3701 μὴν
2513 3627 2717 3700 νοερῶς
2741 3627 2945 3697 ἥκιστά
2983 3644 3071 3695 γε,
3094 3623 3236 3681 εἷναι
3260 3627 3315 3680 δὲ
3345 3626 3548 3697 μᾶλλον
3577 3626 3756 3681 αὑτὸν

2155 3721 2278 3777 ἀντὶ
2293 3721 2385 3776 νοῦ
2422 3723 2516 3776 καὶ
2545 3721 2724 3792 ψυχῆς
2750 3722 2808 3774 ὲν
2838 3720 2916 3791 τῷ
2950 3718 3183 3791 σώματι.
3210 3720 3635 3790 Πανουργότατα
3664 3717 3753 3785 δὲ,

2154 3812 2229 3878 ὡς
2251 3813 2408 3885 ἔφην,
2442 3812 2602 3866 τοῦτο
2633 3812 2870 3884 δρῶντες
2915 3810 3251 3866 ἁλίσκονται.
3306 3811 3425 3866 ἰνα
3476 3810 3586 3881 γὰρ
3643 3828 3755 3875 τας

2154 3903 2503 3975 ἀνθρωπίνας
2545 3902 2642 3957 τοῦ
2677 3903 2884 3973 Κυρίου
2921 3901 3109 3972 φωνὰς
3163 3902 3239 3973 μὴ
3272 3901 3637 3973 οἰκονομικῶς
3664 3904 3752 3955 εῖ-

2156 3996 2352 4068 ρῆσθαι
2372 3994 2705 4065 νομίζωμεν,
2731 3993 2824 4047 καὶ
2854 3993 2996 4048 κατά
3024 4009 3089 4063 γε
3117 3992 3179 4047 τὸ
3206 3992 3418 4063 πρέπον
3441 3996 3506 4064 τῇ
3535 3992 3755 4065 ἀνθρω-

2156 4089 2348 4158 πότητι
2404 4087 2627 4159 μέτρον,
2665 4084 2856 4156 ἐπειδὴ
2897 4087 3119 4155 γέγονεν
3170 4084 3477 4157 ἄνθρωπος,
3508 4084 3754 4138 ὑποκλέ-

2156 4196 2352 4234 πτουσι
2392 4179 2494 4249 τῆς
2528 4176 2731 4248 σαρκὸς
2764 4175 2863 4247 τὴν
2905 4177 3099 4247 νοερὰν
3144 4194 3202 4229 τε
3249 4176 3342 4245 καὶ
3373 4176 3578 4230 ένοικον
3604 4177 3749 4248 αὐτῇ

2152 4272 2353 4343 ψυχήν.
2382 4266 2570 4335 Οῦτως
2592 4272 2756 4324 αὑτὸν
2784 4274 2878 4325 καὶ
2898 4269 3312 4333 ὑποϐιϐάξουσι,
3329 4270 3425 4324 καὶ
3452 4270 3510 4323 ὲν
3533 4270 3752 4340 μείοσιν

2154 4358 2296 4418 εἶναί
2342 4378 2508 4432 φασιν
2559 4360 2834 4425 οὑσιωδῶς
2875 4359 2970 4414 τοῦ
3001 4360 3236 4427 Πατρὸς,
3265 4359 3368 4429 τῆς
3411 4362 3531 4414 κατ’
3573 4360 3748 4414 αὑτοῦ

466 4447 793 4500 humanitati
836 4447 1097 4503 convenit
1139 4457 1495 4520 posteaquam
1532 4450 1709 4508 factus
1744 4463 1832 4508 est
1861 4454 2048 4519 homo,

2156 4453 2524 4524 συκοφαντίας
2549 4453 2649 4517 τὰς
2686 4452 2942 4525 ἀφορμὰς
2967 4453 3032 4505 ὲκ
3058 4452 3165 4506 τῶν
3197 4451 3357 4523 ίερῶν
3386 4452 3749 4524 Γραμμάτων

466 4537 657 4591 furtim
702 4538 954 4592 adimunt
992 4539 1145 4593 carni
1189 4539 1424 4596 animam
1468 4541 1865 4612 intelligentem
1902 4552 1958 4598 et
1996 4545 2053 4598 in

468 4644 634 4684 carne
670 4629 1037 4684 habitantem.
1069 4628 1187 4697 Qua
1217 4628 1410 4687 fraude
1447 4632 1602 4687 illum
1636 4617 1925 4703 dejiciunt,
1952 4634 2055 4689 Pa-

470 4733 662 4791 treque
689 4721 993 4777 secundum
1026 4724 1319 4779 essentiam
1350 4724 1669 4779 inferiorem
1702 4738 1825 4779 esse
1853 4725 2011 4780 aiunt
2040 4743 2054 4779 :

467 4821 524 4868 et
559 4829 672 4867 sua:
710 4814 876 4884 hujus
910 4814 1174 4870 adversus
1199 4830 1329 4870 eum
1358 4812 1649 4870 calumnia:
1679 4829 1841 4871 ansas
1865 4831 1932 4869 ex
1967 4831 2055 4869 sa-

465 4907 578 4961 cris
598 4905 824 4962 Litteris
852 4906 1018 4976 impie
1044 4908 1326 4979 colligunt.
1356 4907 1463 4963 Sed
1494 4923 1623 4962 ecce
1656 4923 1808 4963 nunc
1834 4923 2056 4979 quoque

466 4995 687 5050 illorum
716 4995 967 5053 stultitia:
987 4998 1333 5060 :cmulatores
1360 4996 1546 5051 acerbi
1569 5012 1671 5052 nos
1702 4997 2051 5063 adoriuntur,

463 5085 558 5154 qui
598 5084 842 5141 Nestorii
883 5085 1139 5156 profanas
1172 5102 1368 5141 vocum
1410 5086 1681 5141 novitates
1723 5086 1771 5119 ⁸³
1811 5103 1920 5142 non
1953 5089 2053 5144 ad-

465 5174 766 5241 mittimus,
806 5185 864 5231 et
899 5184 1107 5231 rectam
1159 5174 1603 5243 inculpatamque
1643 5176 1807 5231 ﬁdem
1852 5193 2053 5250 aggere

465 5272 678 5321 structo
729 5266 1008 5329 obsident,
1048 5279 1111 5319 ac
1156 5263 1410 5318 inanium
1457 5264 1851 5320 sententiarum
1898 5268 2052 5337 quis-

506 5423 599 5497 ’τε
627 5424 799 5497 Hebr.
834 5441 908 5497 rx,
948 5424 1037 5477 2t.
1116 5423 1187 5497 1°
1220 5422 1381 5477 Num.
1424 5440 1555 5487 vxu,
1599 5424 1622 5477 l
1669 5441 1823 5497 seqq.

472 5512 510 5558 ι,
545 5495 630 5551 16.
708 5498 753 5528 ⁸³³
784 5496 805 5549 1
839 5496 979 5549 Tim.
1009 5508 1083 5555 vt,
1112 5491 1200 5546 20.

1928 5426 1973 5457 ⁸ο
2006 5426 2147 5483 Psal.
2177 5445 2231 5494 κ,
2260 5429 2312 5483 5.

2151 4546 2387 4609 ἀνοσίως
2412 4544 2811 4617 ὲρανιζόμενοι.
2849 4542 2990 4596 Ἀλλ’
3019 4542 3128 4597 ίδοὺ
3152 4542 3216 4613 δὴ
3240 4543 3334 4597 καὶ
3357 4542 3452 4596 νῦν
3477 4543 3579 4614 τῆς
3607 4545 3754 4597 ὲκεί-

2154 4655 2260 4690 νων
2293 4635 2539 4707 ἀμαθίας
2590 4637 2640 4688 οί
2679 4633 2921 4704 ζηλωταὶ
2962 4634 3392 4704 κατεπιφύονται
3419 4634 3607 4707 πικροὶ
3634 4633 3752 4689 τῶν

2152 4725 2251 4790 τάς
2298 4724 2593 4796 Νεστορίου
2643 4724 2976 4794 κενοφωνίας
3015 4734 3037 4764 ι’
3080 4725 3143 4780 οὐ
3194 4725 3610 4797 προσιεμένων,
3648 4727 3753 4779 καὶ

2154 4817 2253 4886 τὴν
2286 4815 2453 4888 ὀρθὴν
2481 4817 2575 4870 καὶ
2597 4815 2898 4889 ἀμώμητον
2928 4817 3345 4889 ἐκπολιορκοῦσι
3372 4819 3580 4883 πίστιν,
3612 4833 3717 4889 συρ
3734 4848 3755 4860 ο

2155 4908 2352 4975 φετοὺς
2368 4909 2589 4965 είκαίων
2615 4909 3027 4982 συναγείροντες
3053 4909 3295 4966 ἐννοιῶν.
3315 4910 3454 4964 Φασὶ
3480 4908 3581 4982 μὲν
3608 4908 3749 4980 γὰρ.

2153 4999 2244 5053 τὸν
2273 4999 2558 5055 θεσπέσιον
2588 5000 2799 5056 Παῦλον
2832 5003 3009 5057 εἰπεῖν
3048 5002 3177 5074 περὶ
3212 5002 3308 5056 τοῦ
3340 5001 3557 5055 πάντων
3583 4999 3750 5070 ἡμῶν

2153 5090 2408 5163 Σωτῆρος
2436 5091 2676 5164 Χριστοῦ
2715 5093 2822 5159 ὅτι,
2866 5111 2886 5145 ι
2926 5093 3251 5148 Κεκένωκεν
3278 5093 3491 5161 ἑαυτὸν,
3527 5092 3750 5164 μορφὴν

2149 5177 2338 5233 δούλου
2380 5180 2581 5246 λαϐὼν,
2629 5182 2686 5236 ὲν
2729 5181 3040 5254 ὁμοιώματι
3087 5182 3376 5255 ἀνθρώπου
3423 5182 3745 5252 γενόμενος,

2151 5272 2246 5323 καὶ
2300 5273 2536 5343 σχήματι
2580 5273 2822 5343 εὑρεθεὶς
2871 5274 2946 5337 ὡς
3003 5274 3326 5345 ἄνθρωπος’
3375 5274 3748 5329 ὲταπείνωσ-ν

2417 5429 2459 5459 ⁸³
2480 5428 2685 5484 Ilabac.
2715 5446 2774 5495 η,
2806 5430 2893 5484 12.
2999 5433 3043 5465 ⁸³
3085 5431 3225 5487 Rom
3289 5446 3363 5499 τι,
3397 5428 3495 5497 56,
3525 5427 3745 5487 Coloss.

1570 5612 1741 5668 Variae
1772 5612 2038 5669 lectiones
2065 5610 2272 5666 codicis
2303 5610 2662 5681 Seguieriani.

552 5728 580 5758 ³
621 5729 709 5782 Ia'.
740 5723 983 5778 ἐκείνων.
1064 5729 1089 5760 ο
1124 5723 1151 5776 ό
1184 5722 1418 5789 ποτίζων
1446 5726 1555 5782 τόν.
1635 5736 1664 5778 P
1688 5726 1874 5782 αὑτοῦ.
1953 5737 1980 5779 τι
2016 5726 2289 5797 δευτέροις
2329 5725 2589 5782 τίθενται.
2670 5735 2693 5763 τ
2733 5742 2968 5797 καινοφιι
