  <div class='ocr_page' id='page_1' title='image "/cluster/home/n/w/nwhite01/storage/ocr_20150623/77:no.10/coo.31924054869783/142.png"; bbox 0 0 4048 6440; ppageno 0'>
   <div class='ocr_carea' id='block_1_1' title="bbox 353 264 471 321">
    <p class='ocr_par' dir='ltr' id='par_1_1' title="bbox 353 264 471 321">
     <span class='ocr_line' id='line_1_1' title="bbox 353 264 471 321; baseline 0 0"><span class='ocrx_word' id='word_1_1' title='bbox 353 264 471 321; x_wconf 73' lang='lat'><strong>269</strong></span> 
     </span>
    </p>
   </div>
   <div class='ocr_carea' id='block_1_2' title="bbox 1805 258 2250 317">
    <p class='ocr_par' dir='ltr' id='par_1_2' title="bbox 1805 258 2250 317">
     <span class='ocr_line' id='line_1_2' title="bbox 1805 258 2250 317; baseline -0.011 -2"><span class='ocrx_word' id='word_1_2' title='bbox 1805 258 2149 317; x_wconf 81' lang='lat' dir='ltr'><strong>EPISTOLA</strong></span> <span class='ocrx_word' id='word_1_3' title='bbox 2185 258 2250 312; x_wconf 82' lang='lat' dir='ltr'><strong>L.</strong></span> 
     </span>
    </p>
   </div>
   <div class='ocr_carea' id='block_1_3' title="bbox 3541 261 3648 315">
    <p class='ocr_par' dir='ltr' id='par_1_3' title="bbox 3541 261 3648 315">
     <span class='ocr_line' id='line_1_3' title="bbox 3541 261 3648 315; baseline 0.019 -2"><span class='ocrx_word' id='word_1_4' title='bbox 3541 261 3648 315; x_wconf 72' lang='lat'><strong>270</strong></span> 
     </span>
    </p>
   </div>
   <div class='ocr_carea' id='block_1_4' title="bbox 349 368 1946 444">
    <p class='ocr_par' dir='ltr' id='par_1_4' title="bbox 349 369 1946 443">
     <span class='ocr_line' id='line_1_4' title="bbox 349 369 1946 443; baseline -0.002 -15"><span class='ocrx_word' id='word_1_5' title='bbox 349 371 579 437; x_wconf 66' lang='grc' dir='ltr'>ἑαυτὸν,</span> <span class='ocrx_word' id='word_1_6' title='bbox 613 369 906 441; x_wconf 70' lang='grc' dir='ltr'>γενόμενος</span> <span class='ocrx_word' id='word_1_7' title='bbox 948 370 1187 442; x_wconf 75' lang='grc' dir='ltr'><strong>ὑπήκοος</strong></span> <span class='ocrx_word' id='word_1_8' title='bbox 1232 370 1396 443; x_wconf 81' lang='grc' dir='ltr'>μέχρι</span> <span class='ocrx_word' id='word_1_9' title='bbox 1436 371 1692 438; x_wconf 78' lang='grc' dir='ltr'>θανάτου,</span> <span class='ocrx_word' id='word_1_10' title='bbox 1724 371 1946 427; x_wconf 79' lang='grc' dir='ltr'>θανάτοι</span> 
     </span>
    </p>
   </div>
   <div class='ocr_carea' id='block_1_5' title="bbox 2049 368 3650 444">
    <p class='ocr_par' dir='ltr' id='par_1_5' title="bbox 2062 368 3650 444">
     <span class='ocr_line' id='line_1_5' title="bbox 2062 368 3650 444; baseline -0.001 -15"><span class='ocrx_word' id='word_1_11' title='bbox 2062 374 2261 444; x_wconf 86' lang='lat' dir='ltr'><strong>quilias</strong></span> <span class='ocrx_word' id='word_1_12' title='bbox 2301 372 2354 426; x_wconf 92' lang='lat' dir='ltr'><strong>in</strong></span> <span class='ocrx_word' id='word_1_13' title='bbox 2388 385 2558 425; x_wconf 89' lang='lat' dir='ltr'><strong>unum</strong></span> <span class='ocrx_word' id='word_1_14' title='bbox 2596 368 3023 439; x_wconf 78' lang='lat' dir='ltr'><strong>conglonicrant.</strong></span> <span class='ocrx_word' id='word_1_15' title='bbox 3055 368 3227 424; x_wconf 77' lang='lat' dir='ltr'><strong>Aiunt</strong></span> <span class='ocrx_word' id='word_1_16' title='bbox 3250 368 3396 424; x_wconf 87' lang='lat' dir='ltr'><strong>enim</strong></span> <span class='ocrx_word' id='word_1_17' title='bbox 3426 369 3650 428; x_wconf 87' lang='lat' dir='ltr'><strong>beatum</strong></span> 
     </span>
    </p>
   </div>
   <div class='ocr_carea' id='block_1_6' title="bbox 342 462 1958 536">
    <p class='ocr_par' dir='ltr' id='par_1_6' title="bbox 342 462 1958 536">
     <span class='ocr_line' id='line_1_6' title="bbox 342 462 1958 536; baseline 0 -16"><span class='ocrx_word' id='word_1_18' title='bbox 342 466 406 520; x_wconf 67' lang='lat' dir='ltr'><strong>ss</strong></span> <span class='ocrx_word' id='word_1_19' title='bbox 435 463 712 535; x_wconf 76' lang='grc' dir='ltr'>σταυροῦ.</span> <span class='ocrx_word' id='word_1_20' title='bbox 746 462 838 515; x_wconf 83' lang='grc' dir='ltr'>Διὸ</span> <span class='ocrx_word' id='word_1_21' title='bbox 869 463 967 515; x_wconf 81' lang='grc' dir='ltr'><strong>καὶ</strong></span> <span class='ocrx_word' id='word_1_22' title='bbox 1016 464 1047 516; x_wconf 85' lang='grc' dir='ltr'>ὁ</span> <span class='ocrx_word' id='word_1_23' title='bbox 1087 463 1220 526; x_wconf 77' lang='grc' dir='ltr'>Θεὸς</span> <span class='ocrx_word' id='word_1_24' title='bbox 1268 464 1433 518; x_wconf 79' lang='grc' dir='ltr'>αὐτὸν</span> <span class='ocrx_word' id='word_1_25' title='bbox 1474 465 1830 536; x_wconf 80' lang='grc' dir='ltr'>ὑπερύψωσε,</span> <span class='ocrx_word' id='word_1_26' title='bbox 1862 469 1958 520; x_wconf 69' lang='grc' dir='ltr'><strong>καὶ</strong></span> 
     </span>
    </p>
   </div>
   <div class='ocr_carea' id='block_1_7' title="bbox 342 553 1958 629">
    <p class='ocr_par' dir='ltr' id='par_1_7' title="bbox 342 553 1958 629">
     <span class='ocr_line' id='line_1_7' title="bbox 342 553 1958 629; baseline 0 -19"><span class='ocrx_word' id='word_1_27' title='bbox 342 557 657 629; x_wconf 72' lang='grc' dir='ltr'>ἐχαρίσατο</span> <span class='ocrx_word' id='word_1_28' title='bbox 707 553 860 624; x_wconf 80' lang='grc' dir='ltr'>αὐτῷ</span> <span class='ocrx_word' id='word_1_29' title='bbox 902 553 1081 626; x_wconf 74' lang='grc' dir='ltr'>ὄνομα</span> <span class='ocrx_word' id='word_1_30' title='bbox 1127 555 1191 609; x_wconf 75' lang='grc' dir='ltr'>τὸ</span> <span class='ocrx_word' id='word_1_31' title='bbox 1237 556 1378 626; x_wconf 81' lang='grc' dir='ltr'>ὑπὲρ</span> <span class='ocrx_word' id='word_1_32' title='bbox 1416 557 1527 610; x_wconf 82' lang='grc' dir='ltr'><strong>πᾶν</strong></span> <span class='ocrx_word' id='word_1_33' title='bbox 1560 556 1754 627; x_wconf 76' lang='grc' dir='ltr'>ὄνομα.</span> <span class='ocrx_word' id='word_1_34' title='bbox 1790 577 1810 610; x_wconf 70' lang='grc' dir='ltr'><strong>ι</strong></span> <span class='ocrx_word' id='word_1_35' title='bbox 1850 558 1958 611; x_wconf 70' lang='grc' dir='ltr'>Καὶ</span> 
     </span>
    </p>
   </div>
   <div class='ocr_carea' id='block_1_8' title="bbox 344 645 1954 728">
    <p class='ocr_par' dir='ltr' id='par_1_8' title="bbox 344 645 1954 728">
     <span class='ocr_line' id='line_1_8' title="bbox 344 645 1954 728; baseline 0.001 -26"><span class='ocrx_word' id='word_1_36' title='bbox 344 649 461 721; x_wconf 74' lang='grc' dir='ltr'>μὴν</span> <span class='ocrx_word' id='word_1_37' title='bbox 494 648 599 704; x_wconf 76' lang='grc' dir='ltr'>καὶ</span> <span class='ocrx_word' id='word_1_38' title='bbox 628 646 862 719; x_wconf 74' lang='grc' dir='ltr'>ἑτέρωθί</span> <span class='ocrx_word' id='word_1_39' title='bbox 1018 665 1207 719; x_wconf 84' lang='grc' dir='ltr'>φησιν,</span> <span class='ocrx_word' id='word_1_40' title='bbox 1234 650 1315 702; x_wconf 81' lang='grc' dir='ltr'><strong>ὅτι</strong></span> <span class='ocrx_word' id='word_1_41' title='bbox 1337 669 1354 701; x_wconf 72' lang='grc' dir='ltr'><strong>ι</strong></span> <span class='ocrx_word' id='word_1_42' title='bbox 1373 648 1507 713; x_wconf 82' lang='grc' dir='ltr'>Θεὸς</span> <span class='ocrx_word' id='word_1_43' title='bbox 1534 645 1603 721; x_wconf 77' lang='grc' dir='ltr'>ἦν</span> <span class='ocrx_word' id='word_1_44' title='bbox 1626 652 1683 704; x_wconf 73' lang='grc' dir='ltr'>ἐν</span> <span class='ocrx_word' id='word_1_45' title='bbox 1711 651 1954 722; x_wconf 78' lang='grc' dir='ltr'>Χριστῷ,</span> 
     </span>
    </p>
   </div>
   <div class='ocr_carea' id='block_1_9' title="bbox 341 737 1958 810">
    <p class='ocr_par' dir='ltr' id='par_1_9' title="bbox 341 737 1958 810">
     <span class='ocr_line' id='line_1_9' title="bbox 341 737 1958 810; baseline 0.001 -19"><span class='ocrx_word' id='word_1_46' title='bbox 341 743 564 810; x_wconf 82' lang='grc' dir='ltr'>κόσμον</span> <span class='ocrx_word' id='word_1_47' title='bbox 597 739 782 809; x_wconf 73' lang='grc' dir='ltr'>ἑαυτῷ</span> <span class='ocrx_word' id='word_1_48' title='bbox 817 738 1233 793; x_wconf 66' lang='grc' dir='ltr'>καταλλάσσων*</span> <span class='ocrx_word' id='word_1_49' title='bbox 1278 759 1296 790; x_wconf 77' lang='grc' dir='ltr'><strong>ι</strong></span> <span class='ocrx_word' id='word_1_50' title='bbox 1341 740 1437 794; x_wconf 75' lang='grc' dir='ltr'><strong>καὶ</strong></span> <span class='ocrx_word' id='word_1_51' title='bbox 1484 741 1666 795; x_wconf 84' lang='grc' dir='ltr'>πάλιν·</span> <span class='ocrx_word' id='word_1_52' title='bbox 1713 761 1732 793; x_wconf 70' lang='grc' dir='ltr'>ς</span> <span class='ocrx_word' id='word_1_53' title='bbox 1787 743 1877 795; x_wconf 82' lang='grc' dir='ltr'>Ἔν</span> <span class='ocrx_word' id='word_1_54' title='bbox 1914 737 1958 810; x_wconf 79' lang='grc' dir='ltr'><strong>ᾧ</strong></span> 
     </span>
    </p>
   </div>
   <div class='ocr_carea' id='block_1_10' title="bbox 338 830 1957 904">
    <p class='ocr_par' dir='ltr' id='par_1_10' title="bbox 338 830 1957 904">
     <span class='ocr_line' id='line_1_10' title="bbox 338 830 1957 904; baseline 0.001 -20"><span class='ocrx_word' id='word_1_55' title='bbox 338 830 653 901; x_wconf 79' lang='grc' dir='ltr'>κατῴκησε</span> <span class='ocrx_word' id='word_1_56' title='bbox 707 832 819 883; x_wconf 76' lang='grc' dir='ltr'>πᾶν</span> <span class='ocrx_word' id='word_1_57' title='bbox 864 830 928 882; x_wconf 80' lang='grc' dir='ltr'><strong>τὸ</strong></span> <span class='ocrx_word' id='word_1_58' title='bbox 972 830 1250 902; x_wconf 83' lang='grc' dir='ltr'>πλήρωμα</span> <span class='ocrx_word' id='word_1_59' title='bbox 1283 832 1384 901; x_wconf 79' lang='grc' dir='ltr'>τῆς</span> <span class='ocrx_word' id='word_1_60' title='bbox 1417 831 1673 903; x_wconf 77' lang='grc' dir='ltr'><strong>θεότητος</strong></span> <span class='ocrx_word' id='word_1_61' title='bbox 1716 849 1957 904; x_wconf 84' lang='grc' dir='ltr'>σωματι-</span> 
     </span>
    </p>
   </div>
   <div class='ocr_carea' id='block_1_11' title="bbox 337 919 1951 995">
    <p class='ocr_par' dir='ltr' id='par_1_11' title="bbox 337 919 1951 995">
     <span class='ocr_line' id='line_1_11' title="bbox 337 919 1951 995; baseline 0.002 -21"><span class='ocrx_word' id='word_1_62' title='bbox 337 921 481 985; x_wconf 76' lang='grc' dir='ltr'>κῶς.</span> <span class='ocrx_word' id='word_1_63' title='bbox 515 940 537 973; x_wconf 71' lang='grc' dir='ltr'><strong>ι</strong></span> <span class='ocrx_word' id='word_1_64' title='bbox 597 920 1045 991; x_wconf 82' lang='grc' dir='ltr'>Ἐφαρμόζονται</span> <span class='ocrx_word' id='word_1_65' title='bbox 1093 919 1150 974; x_wconf 84' lang='grc' dir='ltr'>δὲ</span> <span class='ocrx_word' id='word_1_66' title='bbox 1198 922 1294 977; x_wconf 76' lang='grc' dir='ltr'>καὶ</span> <span class='ocrx_word' id='word_1_67' title='bbox 1320 925 1442 986; x_wconf 86' lang='grc' dir='ltr'>ταῖς</span> <span class='ocrx_word' id='word_1_68' title='bbox 1477 924 1569 977; x_wconf 78' lang='grc' dir='ltr'>τοῦ</span> <span class='ocrx_word' id='word_1_69' title='bbox 1592 925 1803 995; x_wconf 77' lang='grc' dir='ltr'><strong>Πέτρου</strong></span> <span class='ocrx_word' id='word_1_70' title='bbox 1845 942 1951 994; x_wconf 64' lang='lat' dir='ltr'><strong>(pw-</strong></span> 
     </span>
    </p>
   </div>
   <div class='ocr_carea' id='block_1_12' title="bbox 335 1011 1952 1085">
    <p class='ocr_par' dir='ltr' id='par_1_12' title="bbox 335 1011 1952 1085">
     <span class='ocr_line' id='line_1_12' title="bbox 335 1011 1952 1085; baseline 0.001 -18"><span class='ocrx_word' id='word_1_71' title='bbox 335 1016 486 1078; x_wconf 81' lang='grc' dir='ltr'>ναῖς,</span> <span class='ocrx_word' id='word_1_72' title='bbox 522 1013 663 1066; x_wconf 81' lang='grc' dir='ltr'>ποτὲ</span> <span class='ocrx_word' id='word_1_73' title='bbox 697 1013 802 1083; x_wconf 80' lang='grc' dir='ltr'>μὲν</span> <span class='ocrx_word' id='word_1_74' title='bbox 831 1011 1104 1080; x_wconf 84' lang='grc' dir='ltr'>λέγοντος·</span> <span class='ocrx_word' id='word_1_75' title='bbox 1131 1030 1149 1062; x_wconf 81' lang='grc' dir='ltr'><strong>ι</strong></span> <span class='ocrx_word' id='word_1_76' title='bbox 1189 1011 1398 1084; x_wconf 79' lang='grc' dir='ltr'>Ἰησοῦν</span> <span class='ocrx_word' id='word_1_77' title='bbox 1422 1013 1514 1067; x_wconf 75' lang='grc' dir='ltr'><strong>τὸν</strong></span> <span class='ocrx_word' id='word_1_78' title='bbox 1537 1014 1646 1068; x_wconf 81' lang='grc' dir='ltr'>ἀπὸ</span> <span class='ocrx_word' id='word_1_79' title='bbox 1677 1015 1952 1085; x_wconf 74' lang='grc' dir='ltr'>Ναζαρὲτ,</span> 
     </span>
    </p>
   </div>
   <div class='ocr_carea' id='block_1_13' title="bbox 335 1100 1951 1179">
    <p class='ocr_par' dir='ltr' id='par_1_13' title="bbox 335 1100 1951 1179">
     <span class='ocr_line' id='line_1_13' title="bbox 335 1100 1951 1179; baseline 0.006 -27"><span class='ocrx_word' id='word_1_80' title='bbox 335 1102 415 1166; x_wconf 85' lang='grc' dir='ltr'>ὡς</span> <span class='ocrx_word' id='word_1_81' title='bbox 444 1101 682 1172; x_wconf 77' lang='grc' dir='ltr'>ἔχρισεν</span> <span class='ocrx_word' id='word_1_82' title='bbox 715 1101 884 1157; x_wconf 75' lang='grc' dir='ltr'>αὐτὸν</span> <span class='ocrx_word' id='word_1_83' title='bbox 905 1103 935 1155; x_wconf 86' lang='grc' dir='ltr'>ὁ</span> <span class='ocrx_word' id='word_1_84' title='bbox 961 1100 1094 1165; x_wconf 83' lang='grc' dir='ltr'>Θεὸς</span> <span class='ocrx_word' id='word_1_85' title='bbox 1120 1101 1399 1174; x_wconf 88' lang='grc' dir='ltr'>Πνεύματι</span> <span class='ocrx_word' id='word_1_86' title='bbox 1416 1104 1556 1175; x_wconf 82' lang='grc' dir='ltr'>ἁγίῳ</span> <span class='ocrx_word' id='word_1_87' title='bbox 1576 1104 1668 1159; x_wconf 78' lang='grc' dir='ltr'>καὶ</span> <span class='ocrx_word' id='word_1_88' title='bbox 1700 1106 1951 1179; x_wconf 77' lang='grc' dir='ltr'>δυνάμει·</span> 
     </span>
    </p>
   </div>
   <div class='ocr_carea' id='block_1_14' title="bbox 327 1188 1953 1267">
    <p class='ocr_par' dir='ltr' id='par_1_14' title="bbox 327 1188 1953 1267">
     <span class='ocr_line' id='line_1_14' title="bbox 327 1188 1953 1267; baseline 0.006 -23"><span class='ocrx_word' id='word_1_89' title='bbox 327 1191 395 1255; x_wconf 75' lang='grc' dir='ltr'>ὃς</span> <span class='ocrx_word' id='word_1_90' title='bbox 413 1188 649 1261; x_wconf 76' lang='grc' dir='ltr'><strong>διῆλθεν</strong></span> <span class='ocrx_word' id='word_1_91' title='bbox 682 1190 1023 1263; x_wconf 79' lang='grc' dir='ltr'><strong>εὐεργετῶν,</strong></span> <span class='ocrx_word' id='word_1_92' title='bbox 1066 1193 1160 1260; x_wconf 77' lang='grc' dir='ltr'><strong>καὶ</strong></span> <span class='ocrx_word' id='word_1_93' title='bbox 1186 1192 1420 1264; x_wconf 83' lang='grc' dir='ltr'>ἰώμενος</span> <span class='ocrx_word' id='word_1_94' title='bbox 1454 1196 1666 1267; x_wconf 79' lang='grc' dir='ltr'><strong>πάντας</strong></span> <span class='ocrx_word' id='word_1_95' title='bbox 1691 1199 1819 1262; x_wconf 83' lang='grc' dir='ltr'>τοὺς</span> <span class='ocrx_word' id='word_1_96' title='bbox 1853 1217 1953 1252; x_wconf 86' lang='grc' dir='ltr'>κα-</span> 
     </span>
    </p>
   </div>
   <div class='ocr_carea' id='block_1_15' title="bbox 329 1281 1955 1362">
    <p class='ocr_par' dir='ltr' id='par_1_15' title="bbox 329 1281 1955 1362">
     <span class='ocr_line' id='line_1_15' title="bbox 329 1281 1955 1362; baseline 0.004 -25"><span class='ocrx_word' id='word_1_97' title='bbox 329 1281 925 1353; x_wconf 79' lang='grc' dir='ltr'>ταδυναστευομένους</span> <span class='ocrx_word' id='word_1_98' title='bbox 966 1282 1073 1336; x_wconf 81' lang='grc' dir='ltr'>ὑπὸ</span> <span class='ocrx_word' id='word_1_99' title='bbox 1114 1282 1210 1338; x_wconf 81' lang='grc' dir='ltr'>τοῦ</span> <span class='ocrx_word' id='word_1_100' title='bbox 1261 1283 1536 1340; x_wconf 78' lang='grc' dir='ltr'>διαϐόλου·</span> <span class='ocrx_word' id='word_1_101' title='bbox 1574 1287 1656 1340; x_wconf 83' lang='grc' dir='ltr'><strong>ὅτι</strong></span> <span class='ocrx_word' id='word_1_102' title='bbox 1698 1287 1831 1353; x_wconf 80' lang='grc' dir='ltr'>Θεὸς</span> <span class='ocrx_word' id='word_1_103' title='bbox 1886 1286 1955 1362; x_wconf 82' lang='grc' dir='ltr'>ἦν</span> 
     </span>
    </p>
   </div>
   <div class='ocr_carea' id='block_1_16' title="bbox 333 1375 1955 1452">
    <p class='ocr_par' dir='ltr' id='par_1_16' title="bbox 333 1375 1955 1452">
     <span class='ocr_line' id='line_1_16' title="bbox 333 1375 1955 1452; baseline 0.004 -22"><span class='ocrx_word' id='word_1_104' title='bbox 333 1377 459 1447; x_wconf 65' lang='grc' dir='ltr'>μετ’</span> <span class='ocrx_word' id='word_1_105' title='bbox 492 1375 700 1431; x_wconf 81' lang='grc' dir='ltr'>αὐτοῦ·</span> <span class='ocrx_word' id='word_1_106' title='bbox 747 1394 768 1428; x_wconf 73' lang='grc' dir='ltr'><strong>ι</strong></span> <span class='ocrx_word' id='word_1_107' title='bbox 825 1377 924 1431; x_wconf 78' lang='grc' dir='ltr'>καὶ</span> <span class='ocrx_word' id='word_1_108' title='bbox 972 1376 1155 1431; x_wconf 79' lang='grc' dir='ltr'>πάλιν·</span> <span class='ocrx_word' id='word_1_109' title='bbox 1195 1396 1214 1428; x_wconf 82' lang='grc' dir='ltr'><strong>ι</strong></span> <span class='ocrx_word' id='word_1_110' title='bbox 1257 1378 1399 1443; x_wconf 78' lang='grc' dir='ltr'>Τοὺς</span> <span class='ocrx_word' id='word_1_111' title='bbox 1437 1378 1541 1451; x_wconf 83' lang='grc' dir='ltr'><strong>μὲν</strong></span> <span class='ocrx_word' id='word_1_112' title='bbox 1584 1376 1678 1434; x_wconf 78' lang='grc' dir='ltr'><strong>οὖν</strong></span> <span class='ocrx_word' id='word_1_113' title='bbox 1725 1382 1955 1452; x_wconf 88' lang='grc' dir='ltr'>χρόνους</span> 
     </span>
    </p>
   </div>
   <div class='ocr_carea' id='block_1_17' title="bbox 332 1467 1953 1545">
    <p class='ocr_par' dir='ltr' id='par_1_17' title="bbox 332 1467 1953 1545">
     <span class='ocr_line' id='line_1_17' title="bbox 332 1467 1953 1545; baseline 0.006 -26"><span class='ocrx_word' id='word_1_114' title='bbox 332 1470 433 1537; x_wconf 80' lang='grc' dir='ltr'>τῆς</span> <span class='ocrx_word' id='word_1_115' title='bbox 478 1467 727 1536; x_wconf 70' lang='grc' dir='ltr'>ἀγνοίας</span> <span class='ocrx_word' id='word_1_116' title='bbox 757 1467 1035 1541; x_wconf 75' lang='grc' dir='ltr'>ὑπεριδὼν</span> <span class='ocrx_word' id='word_1_117' title='bbox 1081 1471 1112 1522; x_wconf 87' lang='grc' dir='ltr'><strong>ό</strong></span> <span class='ocrx_word' id='word_1_118' title='bbox 1152 1469 1315 1541; x_wconf 79' lang='grc' dir='ltr'>Θεὸς,</span> <span class='ocrx_word' id='word_1_119' title='bbox 1354 1471 1522 1525; x_wconf 83' lang='grc' dir='ltr'>τανῦν</span> <span class='ocrx_word' id='word_1_120' title='bbox 1579 1474 1953 1545; x_wconf 79' lang='grc' dir='ltr'><strong>παραγγέλλει</strong></span> 
     </span>
    </p>
   </div>
   <div class='ocr_carea' id='block_1_18' title="bbox 329 1560 1953 1635">
    <p class='ocr_par' dir='ltr' id='par_1_18' title="bbox 329 1560 1953 1635">
     <span class='ocr_line' id='line_1_18' title="bbox 329 1560 1953 1635; baseline 0.005 -21"><span class='ocrx_word' id='word_1_121' title='bbox 329 1563 443 1625; x_wconf 72' lang='grc' dir='ltr'>τοῖς</span> <span class='ocrx_word' id='word_1_122' title='bbox 468 1560 836 1634; x_wconf 80' lang='grc' dir='ltr'>ἀνθρώποις,</span> <span class='ocrx_word' id='word_1_123' title='bbox 863 1562 1079 1626; x_wconf 79' lang='grc' dir='ltr'><strong>πάντας</strong></span> <span class='ocrx_word' id='word_1_124' title='bbox 1112 1563 1389 1634; x_wconf 88' lang='grc' dir='ltr'>πανταχοῦ</span> <span class='ocrx_word' id='word_1_125' title='bbox 1419 1569 1724 1635; x_wconf 83' lang='grc' dir='ltr'>μετανοεῖν,</span> <span class='ocrx_word' id='word_1_126' title='bbox 1761 1567 1953 1622; x_wconf 77' lang='grc' dir='ltr'><strong>καθότι</strong></span> 
     </span>
    </p>
   </div>
   <div class='ocr_carea' id='block_1_19' title="bbox 328 1649 1952 1732">
    <p class='ocr_par' dir='ltr' id='par_1_19' title="bbox 328 1649 1952 1732">
     <span class='ocr_line' id='line_1_19' title="bbox 328 1649 1952 1732; baseline 0.006 -28"><span class='ocrx_word' id='word_1_127' title='bbox 328 1651 539 1723; x_wconf 84' lang='grc' dir='ltr'>ὥρισεν</span> <span class='ocrx_word' id='word_1_128' title='bbox 604 1652 835 1723; x_wconf 74' lang='grc' dir='ltr'>ἡμέραν</span> <span class='ocrx_word' id='word_1_129' title='bbox 868 1652 1132 1723; x_wconf 85' lang='grc' dir='ltr'>κρίσεως,</span> <span class='ocrx_word' id='word_1_130' title='bbox 1174 1656 1234 1707; x_wconf 86' lang='grc' dir='ltr'>ὲν</span> <span class='ocrx_word' id='word_1_131' title='bbox 1281 1649 1315 1729; x_wconf 80' lang='grc' dir='ltr'>ᾖ</span> <span class='ocrx_word' id='word_1_132' title='bbox 1353 1655 1537 1726; x_wconf 80' lang='grc' dir='ltr'><strong>μέλλει</strong></span> <span class='ocrx_word' id='word_1_133' title='bbox 1591 1658 1797 1727; x_wconf 86' lang='grc' dir='ltr'>κρίνειν</span> <span class='ocrx_word' id='word_1_134' title='bbox 1852 1660 1952 1732; x_wconf 81' lang='grc' dir='ltr'>τὴν</span> 
     </span>
    </p>
   </div>
   <div class='ocr_carea' id='block_1_20' title="bbox 2061 462 3647 522">
    <p class='ocr_par' dir='ltr' id='par_1_20' title="bbox 2061 462 3647 522">
     <span class='ocr_line' id='line_1_20' title="bbox 2061 462 3647 522; baseline 0.001 -2"><span class='ocrx_word' id='word_1_135' title='bbox 2061 465 2292 520; x_wconf 86' lang='lat' dir='ltr'><strong>Paulum</strong></span> <span class='ocrx_word' id='word_1_136' title='bbox 2352 464 2420 518; x_wconf 89' lang='lat' dir='ltr'><strong>de</strong></span> <span class='ocrx_word' id='word_1_137' title='bbox 2473 463 2695 519; x_wconf 83' lang='lat' dir='ltr'><strong>Christo</strong></span> <span class='ocrx_word' id='word_1_138' title='bbox 2751 463 2999 518; x_wconf 88' lang='lat' dir='ltr'><strong>omnium</strong></span> <span class='ocrx_word' id='word_1_139' title='bbox 3060 462 3345 519; x_wconf 86' lang='lat' dir='ltr'><strong>Salvatore</strong></span> <span class='ocrx_word' id='word_1_140' title='bbox 3401 463 3647 522; x_wconf 79' lang='lat' dir='ltr'><strong>dixisse:</strong></span> 
     </span>
    </p>
   </div>
   <div class='ocr_carea' id='block_1_21' title="bbox 2069 553 3648 628">
    <p class='ocr_par' dir='ltr' id='par_1_21' title="bbox 2069 553 3648 628">
     <span class='ocr_line' id='line_1_21' title="bbox 2069 553 3648 628; baseline 0.004 -21"><span class='ocrx_word' id='word_1_141' title='bbox 2069 576 2087 607; x_wconf 86' lang='grc'>‹</span> <span class='ocrx_word' id='word_1_142' title='bbox 2126 554 2444 610; x_wconf 78' lang='lat' dir='ltr'><strong>Exinanivit</strong></span> <span class='ocrx_word' id='word_1_143' title='bbox 2479 554 2858 624; x_wconf 74' lang='lat' dir='ltr'><strong>semetipsum,</strong></span> <span class='ocrx_word' id='word_1_144' title='bbox 2898 553 3129 610; x_wconf 81' lang='lat' dir='ltr'><strong>formam</strong></span> <span class='ocrx_word' id='word_1_145' title='bbox 3169 557 3316 611; x_wconf 85' lang='lat' dir='ltr'><strong>servi</strong></span> <span class='ocrx_word' id='word_1_146' title='bbox 3349 558 3648 628; x_wconf 85' lang='lat' dir='ltr'><strong>accipiens,</strong></span> 
     </span>
    </p>
   </div>
   <div class='ocr_carea' id='block_1_22' title="bbox 2060 648 3651 712">
    <p class='ocr_par' dir='ltr' id='par_1_22' title="bbox 2060 648 3651 712">
     <span class='ocr_line' id='line_1_22' title="bbox 2060 648 3651 712; baseline 0.002 -9"><span class='ocrx_word' id='word_1_147' title='bbox 2060 649 2118 703; x_wconf 90' lang='lat' dir='ltr'><strong>in</strong></span> <span class='ocrx_word' id='word_1_148' title='bbox 2144 649 2558 704; x_wconf 88' lang='lat' dir='ltr'><strong>similitudinem</strong></span> <span class='ocrx_word' id='word_1_149' title='bbox 2590 648 2877 704; x_wconf 87' lang='lat' dir='ltr'><strong>hominum</strong></span> <span class='ocrx_word' id='word_1_150' title='bbox 2916 648 3114 712; x_wconf 7' lang='lat' dir='ltr'><strong>facetus,</strong></span> <span class='ocrx_word' id='word_1_151' title='bbox 3140 659 3199 704; x_wconf 89' lang='lat' dir='ltr'><strong>et</strong></span> <span class='ocrx_word' id='word_1_152' title='bbox 3223 648 3417 705; x_wconf 90' lang='lat' dir='ltr'><strong>habitu</strong></span> <span class='ocrx_word' id='word_1_153' title='bbox 3453 650 3651 707; x_wconf 91' lang='lat' dir='ltr'><strong>inven-</strong></span> 
     </span>
    </p>
   </div>
   <div class='ocr_carea' id='block_1_23' title="bbox 2061 736 3652 806">
    <p class='ocr_par' dir='ltr' id='par_1_23' title="bbox 2061 736 3652 806">
     <span class='ocr_line' id='line_1_23' title="bbox 2061 736 3652 806; baseline 0.003 -14"><span class='ocrx_word' id='word_1_154' title='bbox 2061 750 2149 793; x_wconf 89' lang='lat' dir='ltr'><strong>tus</strong></span> <span class='ocrx_word' id='word_1_155' title='bbox 2189 750 2248 794; x_wconf 89' lang='lat' dir='ltr'><strong>ut</strong></span> <span class='ocrx_word' id='word_1_156' title='bbox 2284 739 2491 793; x_wconf 87' lang='lat' dir='ltr'><strong>homo:</strong></span> <span class='ocrx_word' id='word_1_157' title='bbox 2520 738 2831 792; x_wconf 79' lang='lat' dir='ltr'><strong>humiliavit</strong></span> <span class='ocrx_word' id='word_1_158' title='bbox 2869 736 3259 806; x_wconf 88' lang='lat' dir='ltr'><strong>semetipsum,</strong></span> <span class='ocrx_word' id='word_1_159' title='bbox 3302 736 3480 794; x_wconf 78' lang='lat' dir='ltr'><strong>factus</strong></span> <span class='ocrx_word' id='word_1_160' title='bbox 3519 740 3652 796; x_wconf 85' lang='lat' dir='ltr'><strong>obe-</strong></span> 
     </span>
    </p>
   </div>
   <div class='ocr_carea' id='block_1_24' title="bbox 2058 830 3648 900">
    <p class='ocr_par' dir='ltr' id='par_1_24' title="bbox 2058 830 3648 900">
     <span class='ocr_line' id='line_1_24' title="bbox 2058 830 3648 900; baseline 0.002 -17"><span class='ocrx_word' id='word_1_161' title='bbox 2058 830 2217 885; x_wconf 77' lang='lat' dir='ltr'><strong>(licus</strong></span> <span class='ocrx_word' id='word_1_162' title='bbox 2272 845 2443 900; x_wconf 86' lang='lat' dir='ltr'><strong>usque</strong></span> <span class='ocrx_word' id='word_1_163' title='bbox 2489 830 2556 883; x_wconf 91' lang='lat' dir='ltr'><strong>ad</strong></span> <span class='ocrx_word' id='word_1_164' title='bbox 2610 837 2879 893; x_wconf 85' lang='lat' dir='ltr'><strong>mortem,</strong></span> <span class='ocrx_word' id='word_1_165' title='bbox 2924 837 3157 882; x_wconf 89' lang='lat' dir='ltr'><strong>mortem</strong></span> <span class='ocrx_word' id='word_1_166' title='bbox 3210 836 3397 883; x_wconf 89' lang='lat' dir='ltr'><strong>autem</strong></span> <span class='ocrx_word' id='word_1_167' title='bbox 3443 830 3648 886; x_wconf 83' lang='lat' dir='ltr'><strong>crucis.</strong></span> 
     </span>
    </p>
   </div>
   <div class='ocr_carea' id='block_1_25' title="bbox 2058 919 3650 992">
    <p class='ocr_par' dir='ltr' id='par_1_25' title="bbox 2058 919 3650 992">
     <span class='ocr_line' id='line_1_25' title="bbox 2058 919 3650 992; baseline 0.001 -16"><span class='ocrx_word' id='word_1_168' title='bbox 2058 922 2290 992; x_wconf 78' lang='lat' dir='ltr'><strong>Propter</strong></span> <span class='ocrx_word' id='word_1_169' title='bbox 2321 921 2468 991; x_wconf 91' lang='lat' dir='ltr'><strong>quod</strong></span> <span class='ocrx_word' id='word_1_170' title='bbox 2504 930 2560 975; x_wconf 89' lang='lat' dir='ltr'><strong>ct</strong></span> <span class='ocrx_word' id='word_1_171' title='bbox 2590 922 2736 976; x_wconf 84' lang='lat' dir='ltr'><strong>Deus</strong></span> <span class='ocrx_word' id='word_1_172' title='bbox 2771 919 3034 976; x_wconf 79' lang='lat' dir='ltr'><strong>exaltavit</strong></span> <span class='ocrx_word' id='word_1_173' title='bbox 3064 919 3252 986; x_wconf 90' lang='lat' dir='ltr'><strong>illum,</strong></span> <span class='ocrx_word' id='word_1_174' title='bbox 3293 930 3350 976; x_wconf 88' lang='lat' dir='ltr'><strong>et</strong></span> <span class='ocrx_word' id='word_1_175' title='bbox 3384 920 3539 977; x_wconf 86' lang='lat' dir='ltr'><strong>dedit</strong></span> <span class='ocrx_word' id='word_1_176' title='bbox 3570 923 3650 980; x_wconf 84' lang='lat' dir='ltr'><strong>illi</strong></span> 
     </span>
    </p>
   </div>
   <div class='ocr_carea' id='block_1_26' title="bbox 2060 1013 3651 1084">
    <p class='ocr_par' dir='ltr' id='par_1_26' title="bbox 2060 1013 3651 1084">
     <span class='ocr_line' id='line_1_26' title="bbox 2060 1013 3651 1084; baseline 0.001 -17"><span class='ocrx_word' id='word_1_177' title='bbox 2060 1030 2259 1068; x_wconf 81' lang='lat' dir='ltr'><strong>nomen</strong></span> <span class='ocrx_word' id='word_1_178' title='bbox 2304 1013 2452 1084; x_wconf 90' lang='lat' dir='ltr'><strong>quod</strong></span> <span class='ocrx_word' id='word_1_179' title='bbox 2495 1023 2581 1068; x_wconf 88' lang='lat' dir='ltr'><strong>est</strong></span> <span class='ocrx_word' id='word_1_180' title='bbox 2624 1028 2792 1083; x_wconf 87' lang='lat' dir='ltr'><strong>super</strong></span> <span class='ocrx_word' id='word_1_181' title='bbox 2827 1027 2990 1067; x_wconf 89' lang='lat' dir='ltr'><strong>omne</strong></span> <span class='ocrx_word' id='word_1_182' title='bbox 3027 1026 3231 1067; x_wconf 86' lang='lat' dir='ltr'><strong>nomen</strong></span> <span class='ocrx_word' id='word_1_183' title='bbox 3257 1013 3339 1078; x_wconf 74' lang='grc' dir='ltr'>⁸δς</span> <span class='ocrx_word' id='word_1_184' title='bbox 3380 1032 3399 1064; x_wconf 71' lang='grc' dir='ltr'><strong>ι</strong></span> <span class='ocrx_word' id='word_1_185' title='bbox 3445 1024 3504 1069; x_wconf 88' lang='lat' dir='ltr'><strong>et</strong></span> <span class='ocrx_word' id='word_1_186' title='bbox 3540 1015 3651 1070; x_wconf 83' lang='lat' dir='ltr'><strong>alio</strong></span> 
     </span>
    </p>
   </div>
   <div class='ocr_carea' id='block_1_27' title="bbox 2060 1100 3651 1171">
    <p class='ocr_par' dir='ltr' id='par_1_27' title="bbox 2060 1100 3651 1171">
     <span class='ocr_line' id='line_1_27' title="bbox 2060 1100 3651 1171; baseline 0.001 -13"><span class='ocrx_word' id='word_1_187' title='bbox 2060 1120 2279 1159; x_wconf 86' lang='lat' dir='ltr'><strong>rursum</strong></span> <span class='ocrx_word' id='word_1_188' title='bbox 2300 1104 2432 1171; x_wconf 86' lang='lat' dir='ltr'><strong>loco</strong></span> <span class='ocrx_word' id='word_1_189' title='bbox 2459 1121 2473 1157; x_wconf 89' lang='lat'><strong>:</strong></span> <span class='ocrx_word' id='word_1_190' title='bbox 2514 1122 2532 1154; x_wconf 75' lang='grc' dir='ltr'><strong>ι</strong></span> <span class='ocrx_word' id='word_1_191' title='bbox 2565 1103 2712 1158; x_wconf 88' lang='lat' dir='ltr'><strong>Deus</strong></span> <span class='ocrx_word' id='word_1_192' title='bbox 2739 1111 2859 1157; x_wconf 89' lang='lat' dir='ltr'><strong>erat</strong></span> <span class='ocrx_word' id='word_1_193' title='bbox 2888 1102 2943 1156; x_wconf 92' lang='lat' dir='ltr'><strong>in</strong></span> <span class='ocrx_word' id='word_1_194' title='bbox 2973 1100 3215 1167; x_wconf 81' lang='lat' dir='ltr'><strong>Christo,</strong></span> <span class='ocrx_word' id='word_1_195' title='bbox 3256 1101 3526 1159; x_wconf 87' lang='lat' dir='ltr'><strong>mundum</strong></span> <span class='ocrx_word' id='word_1_196' title='bbox 3558 1119 3651 1160; x_wconf 88' lang='lat' dir='ltr'><strong>re-</strong></span> 
     </span>
    </p>
   </div>
   <div class='ocr_carea' id='block_1_28' title="bbox 2056 1194 3648 1267">
    <p class='ocr_par' dir='ltr' id='par_1_28' title="bbox 2056 1194 3648 1267">
     <span class='ocr_line' id='line_1_28' title="bbox 2056 1194 3648 1267; baseline 0.001 -16"><span class='ocrx_word' id='word_1_197' title='bbox 2056 1197 2360 1252; x_wconf 73' lang='lat' dir='ltr'><strong>concilians</strong></span> <span class='ocrx_word' id='word_1_198' title='bbox 2392 1196 2499 1251; x_wconf 88' lang='lat' dir='ltr'><strong>sibi</strong></span> <span class='ocrx_word' id='word_1_199' title='bbox 2523 1195 2599 1262; x_wconf 74' lang='lat'><strong>”;</strong></span> <span class='ocrx_word' id='word_1_200' title='bbox 2633 1214 2652 1248; x_wconf 83' lang='grc'><strong>›</strong></span> <span class='ocrx_word' id='word_1_201' title='bbox 2691 1205 2749 1252; x_wconf 91' lang='lat' dir='ltr'><strong>et</strong></span> <span class='ocrx_word' id='word_1_202' title='bbox 2774 1196 3015 1252; x_wconf 88' lang='lat' dir='ltr'><strong>iterum:</strong></span> <span class='ocrx_word' id='word_1_203' title='bbox 3050 1214 3069 1248; x_wconf 77' lang='grc' dir='ltr'><strong>ι</strong></span> <span class='ocrx_word' id='word_1_204' title='bbox 3095 1194 3235 1263; x_wconf 84' lang='lat' dir='ltr'><strong>Quia</strong></span> <span class='ocrx_word' id='word_1_205' title='bbox 3258 1196 3314 1250; x_wconf 92' lang='lat' dir='ltr'><strong>in</strong></span> <span class='ocrx_word' id='word_1_206' title='bbox 3346 1196 3467 1267; x_wconf 87' lang='lat' dir='ltr'><strong>ipso</strong></span> <span class='ocrx_word' id='word_1_207' title='bbox 3488 1197 3648 1253; x_wconf 84' lang='lat' dir='ltr'><strong>inha—</strong></span> 
     </span>
    </p>
   </div>
   <div class='ocr_carea' id='block_1_29' title="bbox 2057 1287 3648 1361">
    <p class='ocr_par' dir='ltr' id='par_1_29' title="bbox 2057 1287 3648 1361">
     <span class='ocr_line' id='line_1_29' title="bbox 2057 1287 3648 1361; baseline -0.001 -17"><span class='ocrx_word' id='word_1_208' title='bbox 2057 1289 2197 1345; x_wconf 81' lang='lat' dir='ltr'><strong>bitat</strong></span> <span class='ocrx_word' id='word_1_209' title='bbox 2243 1290 2530 1361; x_wconf 86' lang='lat' dir='ltr'><strong>plenitudo</strong></span> <span class='ocrx_word' id='word_1_210' title='bbox 2569 1288 2874 1345; x_wconf 85' lang='lat' dir='ltr'><strong>divinitatis</strong></span> <span class='ocrx_word' id='word_1_211' title='bbox 2917 1289 3280 1360; x_wconf 80' lang='lat' dir='ltr'><strong>corporaliter</strong></span> <span class='ocrx_word' id='word_1_212' title='bbox 3307 1287 3375 1342; x_wconf 76' lang='grc'><strong>⁸⁸.</strong></span> <span class='ocrx_word' id='word_1_213' title='bbox 3414 1308 3433 1341; x_wconf 72' lang='grc' dir='ltr'><strong>ι</strong></span> <span class='ocrx_word' id='word_1_214' title='bbox 3483 1288 3648 1344; x_wconf 88' lang='lat' dir='ltr'><strong>Suam</strong></span> 
     </span>
    </p>
   </div>
   <div class='ocr_carea' id='block_1_30' title="bbox 2055 1381 3650 1453">
    <p class='ocr_par' dir='ltr' id='par_1_30' title="bbox 2055 1381 3650 1453">
     <span class='ocr_line' id='line_1_30' title="bbox 2055 1381 3650 1453; baseline 0 -16"><span class='ocrx_word' id='word_1_215' title='bbox 2055 1398 2276 1453; x_wconf 88' lang='lat' dir='ltr'><strong>quoque</strong></span> <span class='ocrx_word' id='word_1_216' title='bbox 2296 1382 2627 1439; x_wconf 84' lang='lat' dir='ltr'><strong>sententiam</strong></span> <span class='ocrx_word' id='word_1_217' title='bbox 2645 1382 2797 1438; x_wconf 90' lang='lat' dir='ltr'><strong>Petri</strong></span> <span class='ocrx_word' id='word_1_218' title='bbox 2830 1382 3063 1436; x_wconf 81' lang='lat' dir='ltr'><strong>vocibus</strong></span> <span class='ocrx_word' id='word_1_219' title='bbox 3086 1381 3527 1447; x_wconf 83' lang='lat' dir='ltr'><strong>accommodant,</strong></span> <span class='ocrx_word' id='word_1_220' title='bbox 3553 1383 3650 1452; x_wconf 86' lang='lat' dir='ltr'><strong>qui</strong></span> 
     </span>
    </p>
   </div>
   <div class='ocr_carea' id='block_1_31' title="bbox 2055 1473 3649 1545">
    <p class='ocr_par' dir='ltr' id='par_1_31' title="bbox 2055 1473 3649 1545">
     <span class='ocr_line' id='line_1_31' title="bbox 2055 1473 3649 1545; baseline 0 -16"><span class='ocrx_word' id='word_1_221' title='bbox 2055 1489 2206 1531; x_wconf 91' lang='lat' dir='ltr'><strong>nunc</strong></span> <span class='ocrx_word' id='word_1_222' title='bbox 2231 1474 2457 1545; x_wconf 86' lang='lat' dir='ltr'><strong>quidem</strong></span> <span class='ocrx_word' id='word_1_223' title='bbox 2496 1475 2672 1530; x_wconf 80' lang='lat' dir='ltr'><strong>dicit:</strong></span> <span class='ocrx_word' id='word_1_224' title='bbox 2709 1493 2727 1524; x_wconf 80' lang='grc' dir='ltr'><strong>ι</strong></span> <span class='ocrx_word' id='word_1_225' title='bbox 2760 1473 2951 1531; x_wconf 85' lang='lat' dir='ltr'><strong>Jesum</strong></span> <span class='ocrx_word' id='word_1_226' title='bbox 2977 1488 3010 1527; x_wconf 89' lang='lat' dir='ltr'><strong>a</strong></span> <span class='ocrx_word' id='word_1_227' title='bbox 3036 1473 3329 1537; x_wconf 84' lang='lat' dir='ltr'><strong>Nazareth,</strong></span> <span class='ocrx_word' id='word_1_228' title='bbox 3370 1473 3649 1544; x_wconf 87' lang='lat' dir='ltr'><strong>quomodo</strong></span> 
     </span>
    </p>
   </div>
   <div class='ocr_carea' id='block_1_32' title="bbox 2055 1563 3651 1636">
    <p class='ocr_par' dir='ltr' id='par_1_32' title="bbox 2055 1563 3651 1636">
     <span class='ocr_line' id='line_1_32' title="bbox 2055 1563 3651 1636; baseline -0.001 -15"><span class='ocrx_word' id='word_1_229' title='bbox 2055 1581 2184 1621; x_wconf 87' lang='lat' dir='ltr'><strong>eum</strong></span> <span class='ocrx_word' id='word_1_230' title='bbox 2212 1566 2367 1620; x_wconf 78' lang='lat' dir='ltr'><strong>unxit</strong></span> <span class='ocrx_word' id='word_1_231' title='bbox 2391 1566 2539 1621; x_wconf 91' lang='lat' dir='ltr'><strong>Deus</strong></span> <span class='ocrx_word' id='word_1_232' title='bbox 2584 1565 2792 1636; x_wconf 86' lang='lat' dir='ltr'><strong>Spiritu</strong></span> <span class='ocrx_word' id='word_1_233' title='bbox 2833 1573 3026 1620; x_wconf 87' lang='lat' dir='ltr'><strong>sancto</strong></span> <span class='ocrx_word' id='word_1_234' title='bbox 3063 1574 3118 1620; x_wconf 90' lang='lat' dir='ltr'><strong>et</strong></span> <span class='ocrx_word' id='word_1_235' title='bbox 3149 1563 3378 1629; x_wconf 89' lang='lat' dir='ltr'><strong>virtute,</strong></span> <span class='ocrx_word' id='word_1_236' title='bbox 3403 1564 3496 1635; x_wconf 90' lang='lat' dir='ltr'><strong>qui</strong></span> <span class='ocrx_word' id='word_1_237' title='bbox 3522 1580 3651 1636; x_wconf 88' lang='lat' dir='ltr'><strong>per-</strong></span> 
     </span>
    </p>
   </div>
   <div class='ocr_carea' id='block_1_33' title="bbox 2057 1645 3647 1729">
    <p class='ocr_par' dir='ltr' id='par_1_33' title="bbox 2057 1645 3647 1729">
     <span class='ocr_line' id='line_1_33' title="bbox 2057 1645 3647 1729; baseline 0.002 -19"><span class='ocrx_word' id='word_1_238' title='bbox 2057 1645 2315 1729; x_wconf 42' lang='lat' dir='ltr'><strong>transivi‘t</strong></span> <span class='ocrx_word' id='word_1_239' title='bbox 2346 1656 2765 1723; x_wconf 81' lang='lat' dir='ltr'><strong>benefaciendo,</strong></span> <span class='ocrx_word' id='word_1_240' title='bbox 2805 1665 2863 1713; x_wconf 87' lang='lat' dir='ltr'><strong>et</strong></span> <span class='ocrx_word' id='word_1_241' title='bbox 2899 1655 3146 1711; x_wconf 89' lang='lat' dir='ltr'><strong>sanando</strong></span> <span class='ocrx_word' id='word_1_242' title='bbox 3189 1671 3384 1712; x_wconf 87' lang='lat' dir='ltr'><strong>omnes</strong></span> <span class='ocrx_word' id='word_1_243' title='bbox 3417 1672 3647 1728; x_wconf 71' lang='lat' dir='ltr'><strong>oppres~</strong></span> 
     </span>
    </p>
   </div>
   <div class='ocr_carea' id='block_1_34' title="bbox 320 1730 1946 1821">
    <p class='ocr_par' dir='ltr' id='par_1_34' title="bbox 320 1730 1946 1821">
     <span class='ocr_line' id='line_1_34' title="bbox 320 1730 1946 1821; baseline 0.005 -25"><span class='ocrx_word' id='word_1_244' title='bbox 320 1741 675 1814; x_wconf 76' lang='grc' dir='ltr'>οἰκουμένην</span> <span class='ocrx_word' id='word_1_245' title='bbox 723 1743 785 1796; x_wconf 80' lang='grc' dir='ltr'>ὲν</span> <span class='ocrx_word' id='word_1_246' title='bbox 811 1742 1158 1818; x_wconf 80' lang='grc' dir='ltr'>δικαιοσύνῃ,</span> <span class='ocrx_word' id='word_1_247' title='bbox 1189 1747 1246 1799; x_wconf 78' lang='grc' dir='ltr'>ὲν</span> <span class='ocrx_word' id='word_1_248' title='bbox 1283 1747 1438 1818; x_wconf 79' lang='grc' dir='ltr'>ἀνδρὶ</span> <span class='ocrx_word' id='word_1_249' title='bbox 1470 1742 1515 1817; x_wconf 84' lang='grc' dir='ltr'>ᾧ</span> <span class='ocrx_word' id='word_1_250' title='bbox 1541 1748 1732 1821; x_wconf 83' lang='grc' dir='ltr'>ὥρισε,</span> <span class='ocrx_word' id='word_1_251' title='bbox 1764 1730 1946 1806; x_wconf 85' lang='grc' dir='ltr'>πίστιν</span> 
     </span>
    </p>
   </div>
   <div class='ocr_carea' id='block_1_35' title="bbox 2049 1730 3697 1821">
    <p class='ocr_par' dir='ltr' id='par_1_35' title="bbox 2054 1748 3697 1820">
     <span class='ocr_line' id='line_1_35' title="bbox 2054 1748 3697 1820; baseline 0.001 -17"><span class='ocrx_word' id='word_1_252' title='bbox 2054 1764 2146 1805; x_wconf 88' lang='lat' dir='ltr'><strong>sos</strong></span> <span class='ocrx_word' id='word_1_253' title='bbox 2176 1765 2207 1804; x_wconf 89' lang='lat' dir='ltr'><strong>a</strong></span> <span class='ocrx_word' id='word_1_254' title='bbox 2246 1749 2490 1815; x_wconf 86' lang='lat' dir='ltr'><strong>diabolo,</strong></span> <span class='ocrx_word' id='word_1_255' title='bbox 2528 1748 2791 1820; x_wconf 87' lang='lat' dir='ltr'><strong>quoniam</strong></span> <span class='ocrx_word' id='word_1_256' title='bbox 2823 1749 2972 1805; x_wconf 88' lang='lat' dir='ltr'><strong>Deus</strong></span> <span class='ocrx_word' id='word_1_257' title='bbox 3008 1756 3131 1804; x_wconf 90' lang='lat' dir='ltr'><strong>erat</strong></span> <span class='ocrx_word' id='word_1_258' title='bbox 3171 1762 3298 1803; x_wconf 91' lang='lat' dir='ltr'><strong>cum</strong></span> <span class='ocrx_word' id='word_1_259' title='bbox 3332 1763 3399 1803; x_wconf 89' lang='lat' dir='ltr'><strong>eo</strong></span> <span class='ocrx_word' id='word_1_260' title='bbox 3421 1748 3466 1780; x_wconf 79' lang='grc'><strong>⁸⁷</strong></span> <span class='ocrx_word' id='word_1_261' title='bbox 3486 1765 3501 1814; x_wconf 91' lang='lat'><strong>;</strong></span> <span class='ocrx_word' id='word_1_262' title='bbox 3538 1768 3557 1801; x_wconf 70' lang='grc' dir='ltr'><strong>ι</strong></span> <span class='ocrx_word' id='word_1_263' title='bbox 3592 1760 3650 1805; x_wconf 88' lang='lat' dir='ltr'><strong>et</strong></span> <span class='ocrx_word' id='word_1_264' title='bbox 3688 1810 3697 1818; x_wconf 86' lang='lat'><strong><em>_</em></strong></span> 
     </span>
    </p>
   </div>
   <div class='ocr_carea' id='block_1_36' title="bbox 323 1834 1943 1913">
    <p class='ocr_par' dir='ltr' id='par_1_36' title="bbox 323 1834 1943 1913">
     <span class='ocr_line' id='line_1_36' title="bbox 323 1834 1943 1913; baseline 0.005 -26"><span class='ocrx_word' id='word_1_265' title='bbox 323 1834 644 1904; x_wconf 78' lang='grc' dir='ltr'>παρασχὼν</span> <span class='ocrx_word' id='word_1_266' title='bbox 702 1835 900 1898; x_wconf 70' lang='grc' dir='ltr'>πᾶσιν,</span> <span class='ocrx_word' id='word_1_267' title='bbox 946 1834 1263 1906; x_wconf 81' lang='grc' dir='ltr'>ἀναστήσας</span> <span class='ocrx_word' id='word_1_268' title='bbox 1310 1838 1475 1891; x_wconf 81' lang='grc' dir='ltr'>αὐτὸν</span> <span class='ocrx_word' id='word_1_269' title='bbox 1534 1840 1601 1893; x_wconf 78' lang='grc' dir='ltr'>ἑκ</span> <span class='ocrx_word' id='word_1_270' title='bbox 1638 1842 1870 1913; x_wconf 86' lang='grc' dir='ltr'>νεκρῶν.</span> <span class='ocrx_word' id='word_1_271' title='bbox 1923 1861 1943 1895; x_wconf 69' lang='grc' dir='ltr'><strong>ι</strong></span> 
     </span>
    </p>
   </div>
   <div class='ocr_carea' id='block_1_37' title="bbox 324 1925 1949 2001">
    <p class='ocr_par' dir='ltr' id='par_1_37' title="bbox 324 1925 1949 2001">
     <span class='ocr_line' id='line_1_37' title="bbox 324 1925 1949 2001; baseline 0.002 -19"><span class='ocrx_word' id='word_1_272' title='bbox 324 1928 521 1982; x_wconf 82' lang='grc' dir='ltr'>Ταῦτα</span> <span class='ocrx_word' id='word_1_273' title='bbox 563 1925 961 1998; x_wconf 79' lang='grc' dir='ltr'>παραθέντες,</span> <span class='ocrx_word' id='word_1_274' title='bbox 1001 1926 1099 1979; x_wconf 76' lang='grc' dir='ltr'><strong>καὶ</strong></span> <span class='ocrx_word' id='word_1_275' title='bbox 1128 1926 1198 1981; x_wconf 80' lang='grc' dir='ltr'>τὰ</span> <span class='ocrx_word' id='word_1_276' title='bbox 1229 1926 1352 1982; x_wconf 88' lang='grc' dir='ltr'>καθ’</span> <span class='ocrx_word' id='word_1_277' title='bbox 1394 1928 1583 2000; x_wconf 74' lang='grc' dir='ltr'>ἕτερον</span> <span class='ocrx_word' id='word_1_278' title='bbox 1619 1932 1824 2001; x_wconf 83' lang='grc' dir='ltr'>τρόπον</span> <span class='ocrx_word' id='word_1_279' title='bbox 1852 1935 1949 1988; x_wconf 84' lang='grc' dir='ltr'><strong>ἀν-</strong></span> 
     </span>
    </p>
   </div>
   <div class='ocr_carea' id='block_1_38' title="bbox 331 2016 1949 2092">
    <p class='ocr_par' dir='ltr' id='par_1_38' title="bbox 331 2016 1949 2092">
     <span class='ocr_line' id='line_1_38' title="bbox 331 2016 1949 2092; baseline 0.004 -19"><span class='ocrx_word' id='word_1_280' title='bbox 331 2016 769 2091; x_wconf 81' lang='grc' dir='ltr'>θρωποπρεπῶς</span> <span class='ocrx_word' id='word_1_281' title='bbox 812 2018 1109 2089; x_wconf 70' lang='grc' dir='ltr'>εἰρημένα,</span> <span class='ocrx_word' id='word_1_282' title='bbox 1144 2021 1586 2092; x_wconf 46' lang='grc' dir='ltr'>,προσερωτῶσιν</span> <span class='ocrx_word' id='word_1_283' title='bbox 1618 2032 1641 2059; x_wconf 83' lang='grc'><strong><em>³</em></strong></span> <span class='ocrx_word' id='word_1_284' title='bbox 1672 2024 1855 2091; x_wconf 84' lang='grc' dir='ltr'>εὐθὺς,</span> <span class='ocrx_word' id='word_1_285' title='bbox 1884 2030 1949 2080; x_wconf 79' lang='grc' dir='ltr'>ἐκ</span> 
     </span>
    </p>
   </div>
   <div class='ocr_carea' id='block_1_39' title="bbox 345 2110 1945 2188">
    <p class='ocr_par' dir='ltr' id='par_1_39' title="bbox 345 2110 1945 2188">
     <span class='ocr_line' id='line_1_39' title="bbox 345 2110 1945 2188; baseline -0.013 -20"><span class='ocrx_word' id='word_1_286' title='bbox 345 2111 643 2183; x_wconf 47' lang='lat' dir='ltr'><strong>Mhagis</strong></span> <span class='ocrx_word' id='word_1_287' title='bbox 698 2110 931 2164; x_wconf 72' lang='grc' dir='ltr'>ἐννοιῶν</span> <span class='ocrx_word' id='word_1_288' title='bbox 979 2112 1215 2185; x_wconf 78' lang='grc' dir='ltr'>πικροὺς</span> <span class='ocrx_word' id='word_1_289' title='bbox 1260 2113 1598 2179; x_wconf 82' lang='grc' dir='ltr'>ἀνάπτοντες</span> <span class='ocrx_word' id='word_1_290' title='bbox 1653 2119 1671 2156; x_wconf 86' lang='grc' dir='ltr'><strong>ι</strong></span> <span class='ocrx_word' id='word_1_291' title='bbox 1732 2117 1945 2188; x_wconf 68' lang='grc' dir='ltr'><strong>λόγους.</strong></span> 
     </span>
    </p>
   </div>
   <div class='ocr_carea' id='block_1_40' title="bbox 353 2204 1948 2283">
    <p class='ocr_par' dir='ltr' id='par_1_40' title="bbox 353 2204 1948 2283">
     <span class='ocr_line' id='line_1_40' title="bbox 353 2204 1948 2283; baseline 0.004 -26"><span class='ocrx_word' id='word_1_292' title='bbox 353 2204 481 2259; x_wconf 73' lang='grc' dir='ltr'>Τίνι</span> <span class='ocrx_word' id='word_1_293' title='bbox 509 2204 736 2259; x_wconf 65' lang='grc' dir='ltr'>δέδωκεν</span> <span class='ocrx_word' id='word_1_294' title='bbox 761 2204 790 2258; x_wconf 83' lang='grc'>6</span> <span class='ocrx_word' id='word_1_295' title='bbox 814 2204 967 2268; x_wconf 80' lang='grc' dir='ltr'>Θεὸς</span> <span class='ocrx_word' id='word_1_296' title='bbox 1004 2205 1100 2260; x_wconf 69' lang='grc' dir='ltr'>καὶ</span> <span class='ocrx_word' id='word_1_297' title='bbox 1146 2207 1340 2280; x_wconf 78' lang='grc' dir='ltr'>Πατὴρ</span> <span class='ocrx_word' id='word_1_298' title='bbox 1373 2207 1547 2280; x_wconf 77' lang='grc' dir='ltr'>ὄνομα</span> <span class='ocrx_word' id='word_1_299' title='bbox 1575 2210 1636 2264; x_wconf 82' lang='grc' dir='ltr'><strong>τὸ</strong></span> <span class='ocrx_word' id='word_1_300' title='bbox 1666 2211 1808 2283; x_wconf 80' lang='grc' dir='ltr'>ὑπὲρ</span> <span class='ocrx_word' id='word_1_301' title='bbox 1838 2213 1948 2267; x_wconf 77' lang='grc' dir='ltr'>πᾶν</span> 
     </span>
    </p>
   </div>
   <div class='ocr_carea' id='block_1_41' title="bbox 350 2290 1952 2370">
    <p class='ocr_par' dir='ltr' id='par_1_41' title="bbox 350 2290 1952 2370">
     <span class='ocr_line' id='line_1_41' title="bbox 350 2290 1952 2370; baseline 0.006 -22"><span class='ocrx_word' id='word_1_302' title='bbox 350 2296 528 2366; x_wconf 71' lang='grc' dir='ltr'>ὄνομα</span> <span class='ocrx_word' id='word_1_303' title='bbox 550 2311 570 2358; x_wconf 88' lang='lat'><em>;</em></span> <span class='ocrx_word' id='word_1_304' title='bbox 609 2290 745 2369; x_wconf 77' lang='grc' dir='ltr'>Ἆρα</span> <span class='ocrx_word' id='word_1_305' title='bbox 769 2296 854 2365; x_wconf 85' lang='grc' dir='ltr'>τῷ</span> <span class='ocrx_word' id='word_1_306' title='bbox 890 2296 1008 2369; x_wconf 76' lang='grc' dir='ltr'>ἰδίῳ</span> <span class='ocrx_word' id='word_1_307' title='bbox 1031 2298 1220 2370; x_wconf 84' lang='grc' dir='ltr'>Λόγῳ;</span> <span class='ocrx_word' id='word_1_308' title='bbox 1252 2300 1364 2354; x_wconf 79' lang='grc' dir='ltr'>Καὶ</span> <span class='ocrx_word' id='word_1_309' title='bbox 1390 2300 1512 2366; x_wconf 83' lang='grc' dir='ltr'><strong>πῶς</strong></span> <span class='ocrx_word' id='word_1_310' title='bbox 1556 2302 1659 2357; x_wconf 84' lang='grc' dir='ltr'><strong>οὐκ</strong></span> <span class='ocrx_word' id='word_1_311' title='bbox 1683 2304 1952 2360; x_wconf 85' lang='grc' dir='ltr'>ἀπίθανον</span> 
     </span>
    </p>
   </div>
   <div class='ocr_carea' id='block_1_42' title="bbox 341 2386 1950 2465">
    <p class='ocr_par' dir='ltr' id='par_1_42' title="bbox 341 2386 1950 2465">
     <span class='ocr_line' id='line_1_42' title="bbox 341 2386 1950 2465; baseline 0.005 -23"><span class='ocrx_word' id='word_1_312' title='bbox 341 2387 543 2459; x_wconf 78' lang='grc' dir='ltr'>κομιδῇ</span> <span class='ocrx_word' id='word_1_313' title='bbox 595 2387 654 2440; x_wconf 81' lang='grc' dir='ltr'>τὸ</span> <span class='ocrx_word' id='word_1_314' title='bbox 683 2388 920 2460; x_wconf 73' lang='grc' dir='ltr'>χρῆμας</span> <span class='ocrx_word' id='word_1_315' title='bbox 985 2389 1175 2459; x_wconf 77' lang='grc' dir='ltr'>φασιν.</span> <span class='ocrx_word' id='word_1_316' title='bbox 1228 2386 1337 2445; x_wconf 88' lang='grc' dir='ltr'>Ἦν</span> <span class='ocrx_word' id='word_1_317' title='bbox 1398 2392 1509 2465; x_wconf 82' lang='grc' dir='ltr'>γὰρ</span> <span class='ocrx_word' id='word_1_318' title='bbox 1542 2395 1631 2448; x_wconf 82' lang='grc' dir='ltr'>ἀεὶ</span> <span class='ocrx_word' id='word_1_319' title='bbox 1680 2394 1834 2461; x_wconf 67' lang='grc' dir='ltr'>Θεὸς,</span> <span class='ocrx_word' id='word_1_320' title='bbox 1889 2398 1950 2465; x_wconf 77' lang='grc' dir='ltr'>ἐξ</span> 
     </span>
    </p>
   </div>
   <div class='ocr_carea' id='block_1_43' title="bbox 332 2479 1947 2557">
    <p class='ocr_par' dir='ltr' id='par_1_43' title="bbox 332 2479 1947 2557">
     <span class='ocr_line' id='line_1_43' title="bbox 332 2479 1947 2557; baseline 0.004 -22"><span class='ocrx_word' id='word_1_321' title='bbox 332 2479 500 2535; x_wconf 76' lang='grc' dir='ltr'>αὑτοῦ</span> <span class='ocrx_word' id='word_1_322' title='bbox 557 2480 708 2534; x_wconf 81' lang='grc' dir='ltr'><strong>κατὰ</strong></span> <span class='ocrx_word' id='word_1_323' title='bbox 754 2480 924 2551; x_wconf 74' lang='grc' dir='ltr'>φύσιν</span> <span class='ocrx_word' id='word_1_324' title='bbox 965 2482 1385 2554; x_wconf 79' lang='grc' dir='ltr'>γεγεννημένος.</span> <span class='ocrx_word' id='word_1_325' title='bbox 1431 2486 1646 2557; x_wconf 85' lang='grc' dir='ltr'>Ὄνομα</span> <span class='ocrx_word' id='word_1_326' title='bbox 1699 2486 1757 2541; x_wconf 67' lang='grc' dir='ltr'>δὲ</span> <span class='ocrx_word' id='word_1_327' title='bbox 1788 2488 1947 2542; x_wconf 82' lang='grc' dir='ltr'>τοῦτο</span> 
     </span>
    </p>
   </div>
   <div class='ocr_carea' id='block_1_44' title="bbox 326 2570 1945 2651">
    <p class='ocr_par' dir='ltr' id='par_1_44' title="bbox 326 2570 1945 2651">
     <span class='ocr_line' id='line_1_44' title="bbox 326 2570 1945 2651; baseline 0.008 -27"><span class='ocrx_word' id='word_1_328' title='bbox 326 2570 386 2624; x_wconf 74' lang='grc' dir='ltr'>τὸ</span> <span class='ocrx_word' id='word_1_329' title='bbox 413 2570 565 2641; x_wconf 76' lang='grc' dir='ltr'>ὑπὲρ</span> <span class='ocrx_word' id='word_1_330' title='bbox 588 2574 706 2625; x_wconf 79' lang='grc' dir='ltr'>πᾶν</span> <span class='ocrx_word' id='word_1_331' title='bbox 733 2572 913 2643; x_wconf 74' lang='grc' dir='ltr'>ὄνομα</span> <span class='ocrx_word' id='word_1_332' title='bbox 931 2575 1093 2627; x_wconf 82' lang='grc' dir='ltr'>νοοῖτ⁹</span> <span class='ocrx_word' id='word_1_333' title='bbox 1109 2572 1178 2628; x_wconf 79' lang='grc' dir='ltr'>ἂν</span> <span class='ocrx_word' id='word_1_334' title='bbox 1197 2574 1447 2640; x_wconf 75' lang='grc' dir='ltr'>εἰκότως.</span> <span class='ocrx_word' id='word_1_335' title='bbox 1468 2577 1535 2631; x_wconf 94' lang='grc' dir='ltr'><strong>Τί</strong></span> <span class='ocrx_word' id='word_1_336' title='bbox 1556 2578 1662 2651; x_wconf 86' lang='grc' dir='ltr'>γὰρ</span> <span class='ocrx_word' id='word_1_337' title='bbox 1686 2579 1945 2637; x_wconf 79' lang='grc' dir='ltr'>ἐπέκεινα</span> 
     </span>
    </p>
   </div>
   <div class='ocr_carea' id='block_1_45' title="bbox 320 2661 1944 2746">
    <p class='ocr_par' dir='ltr' id='par_1_45' title="bbox 320 2661 1944 2746">
     <span class='ocr_line' id='line_1_45' title="bbox 320 2661 1944 2746; baseline 0.007 -30"><span class='ocrx_word' id='word_1_338' title='bbox 320 2661 419 2716; x_wconf 73' lang='grc' dir='ltr'>τοῦ</span> <span class='ocrx_word' id='word_1_339' title='bbox 447 2664 601 2717; x_wconf 74' lang='grc' dir='ltr'>κατὰ</span> <span class='ocrx_word' id='word_1_340' title='bbox 640 2663 817 2733; x_wconf 78' lang='grc' dir='ltr'>φύσιν</span> <span class='ocrx_word' id='word_1_341' title='bbox 850 2664 1026 2731; x_wconf 82' lang='grc' dir='ltr'>Θεοῦ;</span> <span class='ocrx_word' id='word_1_342' title='bbox 1082 2666 1217 2720; x_wconf 89' lang='grc' dir='ltr'>Τίνα</span> <span class='ocrx_word' id='word_1_343' title='bbox 1259 2666 1317 2721; x_wconf 83' lang='grc' dir='ltr'>δὲ</span> <span class='ocrx_word' id='word_1_344' title='bbox 1353 2670 1449 2723; x_wconf 70' lang='grc' dir='ltr'><strong>καὶ</strong></span> <span class='ocrx_word' id='word_1_345' title='bbox 1495 2669 1753 2742; x_wconf 79' lang='grc' dir='ltr'>κέκρικεν</span> <span class='ocrx_word' id='word_1_346' title='bbox 1801 2673 1944 2746; x_wconf 81' lang='grc' dir='ltr'>ἁγίῳ</span> 
     </span>
    </p>
   </div>
   <div class='ocr_carea' id='block_1_46' title="bbox 317 2753 1942 2833">
    <p class='ocr_par' dir='ltr' id='par_1_46' title="bbox 317 2753 1942 2833">
     <span class='ocr_line' id='line_1_46' title="bbox 317 2753 1942 2833; baseline 0.007 -26"><span class='ocrx_word' id='word_1_347' title='bbox 317 2754 642 2826; x_wconf 83' lang='grc' dir='ltr'>Πνεύματι,</span> <span class='ocrx_word' id='word_1_348' title='bbox 691 2757 729 2827; x_wconf 72' lang='grc' dir='ltr'>ἢ</span> <span class='ocrx_word' id='word_1_349' title='bbox 788 2754 935 2826; x_wconf 83' lang='grc' dir='ltr'>μετὰ</span> <span class='ocrx_word' id='word_1_350' title='bbox 962 2757 1110 2822; x_wconf 85' lang='grc' dir='ltr'>τίνος</span> <span class='ocrx_word' id='word_1_351' title='bbox 1136 2753 1205 2830; x_wconf 82' lang='grc' dir='ltr'>ἦν</span> <span class='ocrx_word' id='word_1_352' title='bbox 1238 2760 1267 2813; x_wconf 89' lang='grc' dir='ltr'><strong>ό</strong></span> <span class='ocrx_word' id='word_1_353' title='bbox 1288 2759 1455 2828; x_wconf 85' lang='grc' dir='ltr'>Θεός;</span> <span class='ocrx_word' id='word_1_354' title='bbox 1491 2763 1942 2833; x_wconf 86' lang='grc' dir='ltr'>Προσεπάγοντες</span> 
     </span>
    </p>
   </div>
   <div class='ocr_carea' id='block_1_47' title="bbox 314 2846 1942 2926">
    <p class='ocr_par' dir='ltr' id='par_1_47' title="bbox 314 2846 1942 2926">
     <span class='ocr_line' id='line_1_47' title="bbox 314 2846 1942 2926; baseline 0.007 -26"><span class='ocrx_word' id='word_1_355' title='bbox 314 2846 376 2901; x_wconf 75' lang='grc' dir='ltr'>δὲ</span> <span class='ocrx_word' id='word_1_356' title='bbox 406 2847 637 2912; x_wconf 80' lang='grc' dir='ltr'>τούτοις</span> <span class='ocrx_word' id='word_1_357' title='bbox 674 2850 751 2902; x_wconf 84' lang='grc' dir='ltr'><strong>τὰ</strong></span> <span class='ocrx_word' id='word_1_358' title='bbox 810 2849 999 2921; x_wconf 75' lang='grc' dir='ltr'>ἕτερα,</span> <span class='ocrx_word' id='word_1_359' title='bbox 1036 2849 1339 2905; x_wconf 83' lang='grc' dir='ltr'>διακυκῶσι</span> <span class='ocrx_word' id='word_1_360' title='bbox 1382 2852 1524 2919; x_wconf 86' lang='grc' dir='ltr'>λίαν,</span> <span class='ocrx_word' id='word_1_361' title='bbox 1573 2855 1669 2910; x_wconf 74' lang='grc' dir='ltr'>καὶ</span> <span class='ocrx_word' id='word_1_362' title='bbox 1710 2856 1942 2926; x_wconf 77' lang='grc' dir='ltr'>θορύϐου</span> 
     </span>
    </p>
   </div>
   <div class='ocr_carea' id='block_1_48' title="bbox 316 2937 1942 3018">
    <p class='ocr_par' dir='ltr' id='par_1_48' title="bbox 316 2937 1942 3018">
     <span class='ocr_line' id='line_1_48' title="bbox 316 2937 1942 3018; baseline 0.009 -29"><span class='ocrx_word' id='word_1_363' title='bbox 316 2937 615 3007; x_wconf 76' lang='grc' dir='ltr'>πιμπλᾶσι</span> <span class='ocrx_word' id='word_1_364' title='bbox 645 2945 678 2975; x_wconf 73' lang='grc' dir='ltr'><strong>ιι</strong></span> <span class='ocrx_word' id='word_1_365' title='bbox 705 2938 822 2992; x_wconf 87' lang='grc' dir='ltr'><strong>τῶν</strong></span> <span class='ocrx_word' id='word_1_366' title='bbox 858 2940 1273 3013; x_wconf 80' lang='grc' dir='ltr'>ἁκεραιοτέρων</span> <span class='ocrx_word' id='word_1_367' title='bbox 1305 2941 1398 2995; x_wconf 81' lang='grc' dir='ltr'><strong>τὸν</strong></span> <span class='ocrx_word' id='word_1_368' title='bbox 1428 2943 1573 2999; x_wconf 81' lang='grc' dir='ltr'>νοῦν.</span> <span class='ocrx_word' id='word_1_369' title='bbox 1607 2946 1942 3018; x_wconf 78' lang='grc' dir='ltr'>Διορίζοντες</span> 
     </span>
    </p>
   </div>
   <div class='ocr_carea' id='block_1_49' title="bbox 315 3021 1937 3108">
    <p class='ocr_par' dir='ltr' id='par_1_49' title="bbox 315 3021 1937 3108">
     <span class='ocr_line' id='line_1_49' title="bbox 315 3021 1937 3108; baseline 0.007 -27"><span class='ocrx_word' id='word_1_370' title='bbox 315 3028 376 3082; x_wconf 71' lang='grc' dir='ltr'>δὲ</span> <span class='ocrx_word' id='word_1_371' title='bbox 404 3029 677 3100; x_wconf 76' lang='grc' dir='ltr'>πανταχῆ</span> <span class='ocrx_word' id='word_1_372' title='bbox 706 3029 959 3101; x_wconf 79' lang='grc' dir='ltr'><strong>(ψυχικοί</strong></span> <span class='ocrx_word' id='word_1_373' title='bbox 987 3032 1096 3085; x_wconf 87' lang='grc' dir='ltr'>είσι</span> <span class='ocrx_word' id='word_1_374' title='bbox 1132 3032 1242 3103; x_wconf 87' lang='grc' dir='ltr'>γὰρ</span> <span class='ocrx_word' id='word_1_375' title='bbox 1262 3071 1277 3098; x_wconf 89' lang='grc'><strong>,</strong></span> <span class='ocrx_word' id='word_1_376' title='bbox 1318 3021 1538 3105; x_wconf 78' lang='grc' dir='ltr'>πνεῦμα</span> <span class='ocrx_word' id='word_1_377' title='bbox 1575 3036 1653 3108; x_wconf 79' lang='grc' dir='ltr'>μὴ</span> <span class='ocrx_word' id='word_1_378' title='bbox 1680 3035 1937 3108; x_wconf 80' lang='grc' dir='ltr'>ἔχοντες),</span> 
     </span>
    </p>
   </div>
   <div class='ocr_carea' id='block_1_50' title="bbox 315 3117 1939 3199">
    <p class='ocr_par' dir='ltr' id='par_1_50' title="bbox 315 3117 1939 3199">
     <span class='ocr_line' id='line_1_50' title="bbox 315 3117 1939 3199; baseline 0.008 -29"><span class='ocrx_word' id='word_1_379' title='bbox 315 3118 413 3171; x_wconf 74' lang='grc' dir='ltr'>καὶ</span> <span class='ocrx_word' id='word_1_380' title='bbox 444 3117 885 3183; x_wconf 81' lang='grc' dir='ltr'>ἀποδιῖστάντες</span> <span class='ocrx_word' id='word_1_381' title='bbox 919 3128 949 3159; x_wconf 73' lang='grc' dir='ltr'><strong>ν</strong></span> <span class='ocrx_word' id='word_1_382' title='bbox 984 3122 1066 3185; x_wconf 81' lang='grc' dir='ltr'><strong>είς</strong></span> <span class='ocrx_word' id='word_1_383' title='bbox 1101 3122 1254 3187; x_wconf 83' lang='grc' dir='ltr'>υἱοὺς</span> <span class='ocrx_word' id='word_1_384' title='bbox 1290 3121 1386 3177; x_wconf 89' lang='grc' dir='ltr'><strong>δύο</strong></span> <span class='ocrx_word' id='word_1_385' title='bbox 1412 3123 1505 3178; x_wconf 83' lang='grc' dir='ltr'><strong>τὸν</strong></span> <span class='ocrx_word' id='word_1_386' title='bbox 1546 3124 1644 3181; x_wconf 75' lang='grc' dir='ltr'>ἕνα</span> <span class='ocrx_word' id='word_1_387' title='bbox 1681 3128 1939 3199; x_wconf 76' lang='grc' dir='ltr'>Χριστὸν,</span> 
     </span>
    </p>
   </div>
   <div class='ocr_carea' id='block_1_51' title="bbox 317 3210 1944 3284">
    <p class='ocr_par' dir='ltr' id='par_1_51' title="bbox 317 3210 1944 3284">
     <span class='ocr_line' id='line_1_51' title="bbox 317 3210 1944 3284; baseline 0.008 -21"><span class='ocrx_word' id='word_1_388' title='bbox 317 3210 415 3263; x_wconf 70' lang='grc' dir='ltr'>καὶ</span> <span class='ocrx_word' id='word_1_389' title='bbox 430 3210 594 3276; x_wconf 79' lang='grc' dir='ltr'>Υἱδν,</span> <span class='ocrx_word' id='word_1_390' title='bbox 625 3210 729 3265; x_wconf 76' lang='grc' dir='ltr'><strong>καὶ</strong></span> <span class='ocrx_word' id='word_1_391' title='bbox 753 3210 985 3284; x_wconf 83' lang='grc' dir='ltr'>Κύριον,</span> <span class='ocrx_word' id='word_1_392' title='bbox 1022 3212 1084 3279; x_wconf 76' lang='grc' dir='ltr'>ἐξ</span> <span class='ocrx_word' id='word_1_393' title='bbox 1114 3214 1297 3270; x_wconf 75' lang='grc' dir='ltr'>αὐτῶν</span> <span class='ocrx_word' id='word_1_394' title='bbox 1326 3215 1630 3273; x_wconf 81' lang='grc' dir='ltr'>ἁλώσονται</span> <span class='ocrx_word' id='word_1_395' title='bbox 1659 3220 1769 3273; x_wconf 88' lang='grc' dir='ltr'><strong>τῶν</strong></span> <span class='ocrx_word' id='word_1_396' title='bbox 1796 3221 1944 3276; x_wconf 73' lang='grc' dir='ltr'>ἰδίων</span> 
     </span>
    </p>
   </div>
   <div class='ocr_carea' id='block_1_52' title="bbox 316 3301 1939 3384">
    <p class='ocr_par' dir='ltr' id='par_1_52' title="bbox 316 3301 1939 3384">
     <span class='ocr_line' id='line_1_52' title="bbox 316 3301 1939 3384; baseline 0.009 -30"><span class='ocrx_word' id='word_1_397' title='bbox 316 3301 784 3375; x_wconf 68' lang='grc' dir='ltr'>ἐγχειρημάτων.</span> <span class='ocrx_word' id='word_1_398' title='bbox 812 3304 954 3359; x_wconf 83' lang='grc' dir='ltr'><strong>Ἕνα</strong></span> <span class='ocrx_word' id='word_1_399' title='bbox 994 3305 1095 3376; x_wconf 82' lang='grc' dir='ltr'><strong>μὲν</strong></span> <span class='ocrx_word' id='word_1_400' title='bbox 1124 3306 1234 3380; x_wconf 80' lang='grc' dir='ltr'>γὰρ</span> <span class='ocrx_word' id='word_1_401' title='bbox 1263 3308 1500 3380; x_wconf 80' lang='grc' dir='ltr'>Χριστὸν</span> <span class='ocrx_word' id='word_1_402' title='bbox 1524 3310 1623 3365; x_wconf 76' lang='grc' dir='ltr'>καὶ</span> <span class='ocrx_word' id='word_1_403' title='bbox 1650 3311 1779 3366; x_wconf 80' lang='grc' dir='ltr'>Υἱὺν</span> <span class='ocrx_word' id='word_1_404' title='bbox 1808 3316 1939 3384; x_wconf 85' lang='grc' dir='ltr'>ὁμο-</span> 
     </span>
    </p>
   </div>
   <div class='ocr_carea' id='block_1_53' title="bbox 317 3395 1942 3474">
    <p class='ocr_par' dir='ltr' id='par_1_53' title="bbox 317 3395 1942 3474">
     <span class='ocr_line' id='line_1_53' title="bbox 317 3395 1942 3474; baseline 0.007 -26"><span class='ocrx_word' id='word_1_405' title='bbox 317 3395 507 3465; x_wconf 81' lang='grc' dir='ltr'>λογεῖν</span> <span class='ocrx_word' id='word_1_406' title='bbox 553 3397 1027 3467; x_wconf 81' lang='grc' dir='ltr'>ὑποπλάττονται,</span> <span class='ocrx_word' id='word_1_407' title='bbox 1054 3400 1152 3453; x_wconf 72' lang='grc' dir='ltr'><strong>καὶ</strong></span> <span class='ocrx_word' id='word_1_408' title='bbox 1181 3399 1241 3454; x_wconf 76' lang='grc' dir='ltr'>ἓν</span> <span class='ocrx_word' id='word_1_409' title='bbox 1278 3400 1447 3455; x_wconf 79' lang='grc' dir='ltr'>αὑτοῦ</span> <span class='ocrx_word' id='word_1_410' title='bbox 1481 3403 1773 3474; x_wconf 85' lang='grc' dir='ltr'>πρόσωπον</span> <span class='ocrx_word' id='word_1_411' title='bbox 1802 3403 1942 3460; x_wconf 74' lang='grc' dir='ltr'>εἷναί</span> 
     </span>
    </p>
   </div>
   <div class='ocr_carea' id='block_1_54' title="bbox 320 3482 1942 3561">
    <p class='ocr_par' dir='ltr' id='par_1_54' title="bbox 320 3482 1942 3561">
     <span class='ocr_line' id='line_1_54' title="bbox 320 3482 1942 3561; baseline 0.008 -22"><span class='ocrx_word' id='word_1_412' title='bbox 320 3503 482 3555; x_wconf 68' lang='grc' dir='ltr'>φασιο</span> <span class='ocrx_word' id='word_1_413' title='bbox 519 3482 878 3561; x_wconf 65' lang='grc' dir='ltr'>διαιροῦντες</span> <span class='ocrx_word' id='word_1_414' title='bbox 920 3491 979 3545; x_wconf 86' lang='grc' dir='ltr'>δὲ</span> <span class='ocrx_word' id='word_1_415' title='bbox 1017 3491 1184 3549; x_wconf 83' lang='grc' dir='ltr'>πάλιν</span> <span class='ocrx_word' id='word_1_416' title='bbox 1215 3492 1298 3559; x_wconf 82' lang='grc' dir='ltr'><strong>είς</strong></span> <span class='ocrx_word' id='word_1_417' title='bbox 1338 3495 1670 3561; x_wconf 83' lang='grc' dir='ltr'>ὑποστάσεις</span> <span class='ocrx_word' id='word_1_418' title='bbox 1711 3497 1806 3552; x_wconf 85' lang='grc' dir='ltr'><strong>δύο</strong></span> <span class='ocrx_word' id='word_1_419' title='bbox 1847 3515 1942 3552; x_wconf 85' lang='grc' dir='ltr'>κε-</span> 
     </span>
    </p>
   </div>
   <div class='ocr_carea' id='block_1_55' title="bbox 318 3580 1941 3660">
    <p class='ocr_par' dir='ltr' id='par_1_55' title="bbox 318 3580 1941 3660">
     <span class='ocr_line' id='line_1_55' title="bbox 318 3580 1941 3660; baseline 0.01 -29"><span class='ocrx_word' id='word_1_420' title='bbox 318 3580 689 3650; x_wconf 81' lang='grc' dir='ltr'>χωρισμένας</span> <span class='ocrx_word' id='word_1_421' title='bbox 715 3597 780 3635; x_wconf 90' lang='grc' dir='ltr'><strong>τε</strong></span> <span class='ocrx_word' id='word_1_422' title='bbox 812 3582 915 3636; x_wconf 80' lang='grc' dir='ltr'><strong>καὶ</strong></span> <span class='ocrx_word' id='word_1_423' title='bbox 954 3584 1343 3653; x_wconf 64' lang='grc' dir='ltr'>ἀπφοιτὼσας</span> <span class='ocrx_word' id='word_1_424' title='bbox 1371 3586 1643 3660; x_wconf 82' lang='grc' dir='ltr'>ἀλλήλων,</span> <span class='ocrx_word' id='word_1_425' title='bbox 1672 3593 1753 3655; x_wconf 81' lang='grc' dir='ltr'><strong>είς</strong></span> <span class='ocrx_word' id='word_1_426' title='bbox 1793 3592 1941 3648; x_wconf 70' lang='grc' dir='ltr'>ἅπαν</span> 
     </span>
    </p>
   </div>
   <div class='ocr_carea' id='block_1_56' title="bbox 317 3670 1941 3755">
    <p class='ocr_par' dir='ltr' id='par_1_56' title="bbox 317 3670 1941 3755">
     <span class='ocr_line' id='line_1_56' title="bbox 317 3670 1941 3755; baseline 0.009 -31"><span class='ocrx_word' id='word_1_427' title='bbox 317 3671 412 3725; x_wconf 80' lang='grc' dir='ltr'><strong>τὸν</strong></span> <span class='ocrx_word' id='word_1_428' title='bbox 446 3670 548 3726; x_wconf 82' lang='grc' dir='ltr'>τοῦ</span> <span class='ocrx_word' id='word_1_429' title='bbox 582 3674 900 3746; x_wconf 85' lang='grc' dir='ltr'>μυστηρίου</span> <span class='ocrx_word' id='word_1_430' title='bbox 955 3677 1338 3750; x_wconf 82' lang='grc' dir='ltr'>παρασύρουσι</span> <span class='ocrx_word' id='word_1_431' title='bbox 1385 3692 1415 3722; x_wconf 77' lang='grc' dir='ltr'><strong><em>ι</em></strong></span> <span class='ocrx_word' id='word_1_432' title='bbox 1460 3679 1640 3751; x_wconf 88' lang='grc' dir='ltr'>λόγον.</span> <span class='ocrx_word' id='word_1_433' title='bbox 1667 3683 1809 3737; x_wconf 74' lang='grc' dir='ltr'>Φασὶ</span> <span class='ocrx_word' id='word_1_434' title='bbox 1841 3685 1941 3755; x_wconf 81' lang='grc' dir='ltr'><strong>μὲν</strong></span> 
     </span>
    </p>
   </div>
   <div class='ocr_carea' id='block_1_57' title="bbox 317 3763 1937 3848">
    <p class='ocr_par' dir='ltr' id='par_1_57' title="bbox 317 3763 1937 3848">
     <span class='ocr_line' id='line_1_57' title="bbox 317 3763 1937 3848; baseline 0.01 -32"><span class='ocrx_word' id='word_1_435' title='bbox 317 3763 433 3836; x_wconf 67' lang='grc' dir='ltr'>γὰρ</span> <span class='ocrx_word' id='word_1_436' title='bbox 453 3763 523 3836; x_wconf 74' lang='grc' dir='ltr'>δὴ</span> <span class='ocrx_word' id='word_1_437' title='bbox 544 3764 644 3819; x_wconf 79' lang='grc' dir='ltr'>τὸν</span> <span class='ocrx_word' id='word_1_438' title='bbox 677 3767 747 3819; x_wconf 80' lang='grc' dir='ltr'>ὲκ</span> <span class='ocrx_word' id='word_1_439' title='bbox 773 3768 1059 3834; x_wconf 84' lang='grc' dir='ltr'>γυναικὸς,</span> <span class='ocrx_word' id='word_1_440' title='bbox 1085 3769 1204 3840; x_wconf 70' lang='grc' dir='ltr'>ἦτοι</span> <span class='ocrx_word' id='word_1_441' title='bbox 1228 3771 1329 3843; x_wconf 85' lang='grc' dir='ltr'>τὴν</span> <span class='ocrx_word' id='word_1_442' title='bbox 1354 3772 1452 3827; x_wconf 79' lang='grc' dir='ltr'>τοῦ</span> <span class='ocrx_word' id='word_1_443' title='bbox 1474 3763 1666 3829; x_wconf 76' lang='grc' dir='ltr'>δούλου</span> <span class='ocrx_word' id='word_1_444' title='bbox 1699 3777 1937 3848; x_wconf 82' lang='grc' dir='ltr'>μορφὴν,</span> 
     </span>
    </p>
   </div>
   <div class='ocr_carea' id='block_1_58' title="bbox 316 3853 1936 3939">
    <p class='ocr_par' dir='ltr' id='par_1_58' title="bbox 316 3853 1936 3939">
     <span class='ocr_line' id='line_1_58' title="bbox 316 3853 1936 3939; baseline 0.009 -30"><span class='ocrx_word' id='word_1_445' title='bbox 316 3853 433 3928; x_wconf 67' lang='grc' dir='ltr'>ἰδία</span> <span class='ocrx_word' id='word_1_446' title='bbox 477 3872 542 3911; x_wconf 82' lang='grc' dir='ltr'><strong>τε</strong></span> <span class='ocrx_word' id='word_1_447' title='bbox 582 3859 683 3913; x_wconf 78' lang='grc' dir='ltr'><strong>καὶ</strong></span> <span class='ocrx_word' id='word_1_448' title='bbox 728 3859 1050 3930; x_wconf 84' lang='grc' dir='ltr'>καταμόνας</span> <span class='ocrx_word' id='word_1_449' title='bbox 1095 3861 1158 3915; x_wconf 86' lang='grc' dir='ltr'>τὸ</span> <span class='ocrx_word' id='word_1_450' title='bbox 1202 3863 1346 3935; x_wconf 81' lang='grc' dir='ltr'>ὑπὲρ</span> <span class='ocrx_word' id='word_1_451' title='bbox 1386 3865 1496 3921; x_wconf 82' lang='grc' dir='ltr'>πᾶν</span> <span class='ocrx_word' id='word_1_452' title='bbox 1524 3865 1699 3938; x_wconf 77' lang='grc' dir='ltr'>θνομα</span> <span class='ocrx_word' id='word_1_453' title='bbox 1727 3868 1936 3939; x_wconf 76' lang='grc' dir='ltr'>λαϐεῖν,</span> 
     </span>
    </p>
   </div>
   <div class='ocr_carea' id='block_1_59' title="bbox 319 3949 1935 4034">
    <p class='ocr_par' dir='ltr' id='par_1_59' title="bbox 319 3949 1935 4034">
     <span class='ocr_line' id='line_1_59' title="bbox 319 3949 1935 4034; baseline 0.01 -32"><span class='ocrx_word' id='word_1_454' title='bbox 319 3949 627 4022; x_wconf 71' lang='grc' dir='ltr'>ὑπομεῖναι</span> <span class='ocrx_word' id='word_1_455' title='bbox 653 3952 716 4006; x_wconf 82' lang='grc' dir='ltr'>δὲ</span> <span class='ocrx_word' id='word_1_456' title='bbox 754 3953 851 4007; x_wconf 80' lang='grc' dir='ltr'><strong>καὶ</strong></span> <span class='ocrx_word' id='word_1_457' title='bbox 881 3953 985 4026; x_wconf 82' lang='grc' dir='ltr'><strong>τὴν</strong></span> <span class='ocrx_word' id='word_1_458' title='bbox 1032 3952 1215 4028; x_wconf 88' lang='grc' dir='ltr'>χρίσιν</span> <span class='ocrx_word' id='word_1_459' title='bbox 1256 3956 1353 4012; x_wconf 79' lang='grc' dir='ltr'>τοῦ</span> <span class='ocrx_word' id='word_1_460' title='bbox 1402 3959 1557 4029; x_wconf 85' lang='grc' dir='ltr'>ἁγίου</span> <span class='ocrx_word' id='word_1_461' title='bbox 1590 3961 1935 4034; x_wconf 85' lang='grc' dir='ltr'>Πνεύματος,</span> 
     </span>
    </p>
   </div>
   <div class='ocr_carea' id='block_1_60' title="bbox 318 4040 1937 4113">
    <p class='ocr_par' dir='ltr' id='par_1_60' title="bbox 318 4040 1937 4113">
     <span class='ocr_line' id='line_1_60' title="bbox 318 4040 1937 4113; baseline 0.011 -21"><span class='ocrx_word' id='word_1_462' title='bbox 318 4040 417 4093; x_wconf 71' lang='grc' dir='ltr'>καὶ</span> <span class='ocrx_word' id='word_1_463' title='bbox 444 4041 513 4095; x_wconf 82' lang='grc' dir='ltr'>τὺ</span> <span class='ocrx_word' id='word_1_464' title='bbox 548 4041 704 4112; x_wconf 68' lang='grc' dir='ltr'>ἔχειν</span> <span class='ocrx_word' id='word_1_465' title='bbox 756 4044 845 4098; x_wconf 80' lang='grc' dir='ltr'><strong>ἀεὶ</strong></span> <span class='ocrx_word' id='word_1_466' title='bbox 892 4046 1123 4101; x_wconf 80' lang='grc' dir='ltr'>συνόντα</span> <span class='ocrx_word' id='word_1_467' title='bbox 1153 4049 1246 4103; x_wconf 72' lang='grc' dir='ltr'>τὸν</span> <span class='ocrx_word' id='word_1_468' title='bbox 1278 4049 1436 4113; x_wconf 80' lang='grc' dir='ltr'>Θεὸν,</span> <span class='ocrx_word' id='word_1_469' title='bbox 1466 4052 1714 4108; x_wconf 80' lang='grc' dir='ltr'>τουτέστι</span> <span class='ocrx_word' id='word_1_470' title='bbox 1755 4055 1841 4110; x_wconf 76' lang='grc' dir='ltr'>τὸν</span> <span class='ocrx_word' id='word_1_471' title='bbox 1872 4058 1937 4110; x_wconf 81' lang='grc' dir='ltr'>ὲκ</span> 
     </span>
    </p>
   </div>
   <div class='ocr_carea' id='block_1_61' title="bbox 319 4130 1936 4212">
    <p class='ocr_par' dir='ltr' id='par_1_61' title="bbox 319 4130 1936 4212">
     <span class='ocr_line' id='line_1_61' title="bbox 319 4130 1936 4212; baseline 0.011 -28"><span class='ocrx_word' id='word_1_472' title='bbox 319 4130 462 4185; x_wconf 70' lang='grc' dir='ltr'>Θεοῦ</span> <span class='ocrx_word' id='word_1_473' title='bbox 522 4133 751 4203; x_wconf 73' lang='grc' dir='ltr'>Πατρδς</span> <span class='ocrx_word' id='word_1_474' title='bbox 804 4135 1004 4205; x_wconf 77' lang='grc' dir='ltr'>Λόγονο</span> <span class='ocrx_word' id='word_1_475' title='bbox 1062 4138 1394 4212; x_wconf 74' lang='grc' dir='ltr'>ἁϐελτηρίας</span> <span class='ocrx_word' id='word_1_476' title='bbox 1443 4142 1503 4196; x_wconf 85' lang='grc' dir='ltr'>δὲ</span> <span class='ocrx_word' id='word_1_477' title='bbox 1550 4143 1653 4212; x_wconf 81' lang='grc' dir='ltr'>τῆς</span> <span class='ocrx_word' id='word_1_478' title='bbox 1707 4146 1936 4201; x_wconf 83' lang='grc' dir='ltr'>ἁπασῶν</span> 
     </span>
    </p>
   </div>
   <div class='ocr_carea' id='block_1_62' title="bbox 323 4223 1936 4305">
    <p class='ocr_par' dir='ltr' id='par_1_62' title="bbox 323 4223 1936 4305">
     <span class='ocr_line' id='line_1_62' title="bbox 323 4223 1936 4305; baseline 0.011 -30"><span class='ocrx_word' id='word_1_479' title='bbox 323 4223 571 4296; x_wconf 68' lang='grc' dir='ltr'>ἐσχάτης</span> <span class='ocrx_word' id='word_1_480' title='bbox 607 4224 903 4291; x_wconf 79' lang='grc' dir='ltr'>ὲξόζοντας</span> <span class='ocrx_word' id='word_1_481' title='bbox 942 4229 1193 4300; x_wconf 74' lang='grc' dir='ltr'>ἐναργῶς</span> <span class='ocrx_word' id='word_1_482' title='bbox 1232 4232 1552 4304; x_wconf 78' lang='grc' dir='ltr'>ἐρεύγονται</span> <span class='ocrx_word' id='word_1_483' title='bbox 1582 4235 1795 4305; x_wconf 80' lang='grc' dir='ltr'>λόγους.</span> <span class='ocrx_word' id='word_1_484' title='bbox 1830 4239 1936 4293; x_wconf 85' lang='grc' dir='ltr'><strong>Πο-</strong></span> 
     </span>
    </p>
   </div>
   <div class='ocr_carea' id='block_1_63' title="bbox 2052 1840 3647 1913">
    <p class='ocr_par' dir='ltr' id='par_1_63' title="bbox 2052 1840 3647 1913">
     <span class='ocr_line' id='line_1_63' title="bbox 2052 1840 3647 1913; baseline 0.001 -17"><span class='ocrx_word' id='word_1_485' title='bbox 2052 1858 2276 1898; x_wconf 87' lang='lat' dir='ltr'><strong>rursum</strong></span> <span class='ocrx_word' id='word_1_486' title='bbox 2315 1861 2330 1895; x_wconf 86' lang='lat'>:</span> <span class='ocrx_word' id='word_1_487' title='bbox 2375 1861 2393 1895; x_wconf 75' lang='grc' dir='ltr'><strong>ι</strong></span> <span class='ocrx_word' id='word_1_488' title='bbox 2429 1844 2499 1899; x_wconf 86' lang='lat' dir='ltr'><strong>Et</strong></span> <span class='ocrx_word' id='word_1_489' title='bbox 2545 1852 2794 1913; x_wconf 90' lang='lat' dir='ltr'><strong>tempora</strong></span> <span class='ocrx_word' id='word_1_490' title='bbox 2842 1840 3069 1912; x_wconf 86' lang='lat' dir='ltr'><strong>quidem</strong></span> <span class='ocrx_word' id='word_1_491' title='bbox 3113 1841 3279 1913; x_wconf 88' lang='lat' dir='ltr'><strong>hujus</strong></span> <span class='ocrx_word' id='word_1_492' title='bbox 3325 1842 3647 1913; x_wconf 68' lang='lat' dir='ltr'><strong>ignorantur.</strong></span> 
     </span>
    </p>
   </div>
   <div class='ocr_carea' id='block_1_64' title="bbox 2049 1932 3649 2005">
    <p class='ocr_par' dir='ltr' id='par_1_64' title="bbox 2049 1932 3649 2005">
     <span class='ocr_line' id='line_1_64' title="bbox 2049 1932 3649 2005; baseline 0 -16"><span class='ocrx_word' id='word_1_493' title='bbox 2049 1932 2362 2005; x_wconf 88' lang='lat' dir='ltr'><strong>despiciens</strong></span> <span class='ocrx_word' id='word_1_494' title='bbox 2410 1935 2576 2001; x_wconf 89' lang='lat' dir='ltr'><strong>Deus,</strong></span> <span class='ocrx_word' id='word_1_495' title='bbox 2614 1948 2764 1990; x_wconf 86' lang='lat' dir='ltr'><strong>nunc</strong></span> <span class='ocrx_word' id='word_1_496' title='bbox 2798 1932 3091 1989; x_wconf 83' lang='lat' dir='ltr'><strong>annuntiat</strong></span> <span class='ocrx_word' id='word_1_497' title='bbox 3132 1933 3288 2005; x_wconf 78' lang='lat'><strong>167</strong></span> <span class='ocrx_word' id='word_1_498' title='bbox 3327 1932 3649 1989; x_wconf 84' lang='lat' dir='ltr'><strong>hominibus</strong></span> 
     </span>
    </p>
   </div>
   <div class='ocr_carea' id='block_1_65' title="bbox 2052 2027 3614 2099">
    <p class='ocr_par' dir='ltr' id='par_1_65' title="bbox 2052 2027 3614 2099">
     <span class='ocr_line' id='line_1_65' title="bbox 2052 2027 3614 2099; baseline 0.002 -18"><span class='ocrx_word' id='word_1_499' title='bbox 2052 2035 2113 2082; x_wconf 89' lang='lat' dir='ltr'><strong>ut</strong></span> <span class='ocrx_word' id='word_1_500' title='bbox 2141 2043 2335 2084; x_wconf 89' lang='lat' dir='ltr'><strong>omnes</strong></span> <span class='ocrx_word' id='word_1_501' title='bbox 2366 2028 2574 2099; x_wconf 87' lang='lat' dir='ltr'><strong>ubique</strong></span> <span class='ocrx_word' id='word_1_502' title='bbox 2604 2028 2986 2098; x_wconf 67' lang='lat' dir='ltr'><strong>paenitentiam</strong></span> <span class='ocrx_word' id='word_1_503' title='bbox 3025 2036 3210 2098; x_wconf 85' lang='lat' dir='ltr'><strong>agant,</strong></span> <span class='ocrx_word' id='word_1_504' title='bbox 3241 2042 3309 2083; x_wconf 91' lang='lat' dir='ltr'><strong>eo</strong></span> <span class='ocrx_word' id='word_1_505' title='bbox 3344 2027 3493 2097; x_wconf 90' lang='lat' dir='ltr'><strong>quod</strong></span> <span class='ocrx_word' id='word_1_506' title='bbox 3530 2038 3614 2084; x_wconf 88' lang='lat' dir='ltr'><strong>sta</strong></span> 
     </span>
    </p>
   </div>
   <div class='ocr_carea' id='block_1_66' title="bbox 2051 2117 3643 2189">
    <p class='ocr_par' dir='ltr' id='par_1_66' title="bbox 2051 2117 3643 2189">
     <span class='ocr_line' id='line_1_66' title="bbox 2051 2117 3643 2189; baseline 0.002 -19"><span class='ocrx_word' id='word_1_507' title='bbox 2051 2117 2158 2171; x_wconf 92' lang='lat' dir='ltr'><strong>tuit</strong></span> <span class='ocrx_word' id='word_1_508' title='bbox 2193 2117 2340 2173; x_wconf 88' lang='lat' dir='ltr'><strong>diem</strong></span> <span class='ocrx_word' id='word_1_509' title='bbox 2364 2119 2423 2173; x_wconf 89' lang='lat' dir='ltr'><strong>in</strong></span> <span class='ocrx_word' id='word_1_510' title='bbox 2446 2133 2557 2188; x_wconf 89' lang='lat' dir='ltr'><strong>quo</strong></span> <span class='ocrx_word' id='word_1_511' title='bbox 2573 2117 2925 2189; x_wconf 73' lang='lat' dir='ltr'><strong>iudicaturus</strong></span> <span class='ocrx_word' id='word_1_512' title='bbox 2946 2126 3032 2174; x_wconf 89' lang='lat' dir='ltr'><strong>est</strong></span> <span class='ocrx_word' id='word_1_513' title='bbox 3055 2117 3248 2174; x_wconf 84' lang='lat' dir='ltr'><strong>orbem</strong></span> <span class='ocrx_word' id='word_1_514' title='bbox 3274 2117 3331 2172; x_wconf 93' lang='lat' dir='ltr'><strong>in</strong></span> <span class='ocrx_word' id='word_1_515' title='bbox 3363 2118 3643 2188; x_wconf 71' lang='lat' dir='ltr'><strong>aequitate,</strong></span> 
     </span>
    </p>
   </div>
   <div class='ocr_carea' id='block_1_67' title="bbox 2051 2194 3641 2282">
    <p class='ocr_par' dir='ltr' id='par_1_67' title="bbox 2051 2194 3641 2282">
     <span class='ocr_line' id='line_1_67' title="bbox 2051 2194 3641 2282; baseline 0.004 -20"><span class='ocrx_word' id='word_1_516' title='bbox 2051 2207 2109 2262; x_wconf 91' lang='lat' dir='ltr'><strong>in</strong></span> <span class='ocrx_word' id='word_1_517' title='bbox 2152 2209 2283 2264; x_wconf 83' lang='lat' dir='ltr'><strong>viro</strong></span> <span class='ocrx_word' id='word_1_518' title='bbox 2324 2210 2380 2264; x_wconf 89' lang='lat' dir='ltr'><strong>in</strong></span> <span class='ocrx_word' id='word_1_519' title='bbox 2426 2226 2537 2281; x_wconf 90' lang='lat' dir='ltr'><strong>quo</strong></span> <span class='ocrx_word' id='word_1_520' title='bbox 2579 2210 2806 2279; x_wconf 83' lang='lat' dir='ltr'><strong>statuit,</strong></span> <span class='ocrx_word' id='word_1_521' title='bbox 2856 2194 3023 2266; x_wconf 67' lang='lat' dir='ltr'><strong>fidem</strong></span> <span class='ocrx_word' id='word_1_522' title='bbox 3069 2211 3326 2282; x_wconf 81' lang='lat' dir='ltr'><strong>praebens</strong></span> <span class='ocrx_word' id='word_1_523' title='bbox 3361 2213 3641 2277; x_wconf 87' lang='lat' dir='ltr'><strong>omnibus,</strong></span> 
     </span>
    </p>
   </div>
   <div class='ocr_carea' id='block_1_68' title="bbox 2053 2301 3641 2374">
    <p class='ocr_par' dir='ltr' id='par_1_68' title="bbox 2053 2301 3641 2374">
     <span class='ocr_line' id='line_1_68' title="bbox 2053 2301 3641 2374; baseline 0.002 -17"><span class='ocrx_word' id='word_1_524' title='bbox 2053 2301 2329 2358; x_wconf 84' lang='lat' dir='ltr'><strong>suscitans</strong></span> <span class='ocrx_word' id='word_1_525' title='bbox 2364 2317 2493 2357; x_wconf 90' lang='lat' dir='ltr'><strong>eum</strong></span> <span class='ocrx_word' id='word_1_526' title='bbox 2536 2318 2571 2357; x_wconf 89' lang='lat' dir='ltr'><strong>a</strong></span> <span class='ocrx_word' id='word_1_527' title='bbox 2619 2302 2852 2358; x_wconf 86' lang='lat' dir='ltr'><strong>mortuis</strong></span> <span class='ocrx_word' id='word_1_528' title='bbox 2881 2303 2948 2356; x_wconf 76' lang='grc'><strong>⁸⁸.</strong></span> <span class='ocrx_word' id='word_1_529' title='bbox 2996 2322 3016 2355; x_wconf 70' lang='grc' dir='ltr'><strong>ι</strong></span> <span class='ocrx_word' id='word_1_530' title='bbox 3073 2303 3202 2358; x_wconf 64' lang='lat' dir='ltr'><strong>Haec</strong></span> <span class='ocrx_word' id='word_1_531' title='bbox 3247 2315 3641 2374; x_wconf 83' lang='lat' dir='ltr'><strong>proponentes,</strong></span> 
     </span>
    </p>
   </div>
   <div class='ocr_carea' id='block_1_69' title="bbox 2050 2394 3643 2465">
    <p class='ocr_par' dir='ltr' id='par_1_69' title="bbox 2050 2394 3643 2465">
     <span class='ocr_line' id='line_1_69' title="bbox 2050 2394 3643 2465; baseline 0.001 -16"><span class='ocrx_word' id='word_1_532' title='bbox 2050 2403 2108 2449; x_wconf 90' lang='lat' dir='ltr'><strong>et</strong></span> <span class='ocrx_word' id='word_1_533' title='bbox 2158 2410 2281 2465; x_wconf 85' lang='lat' dir='ltr'><strong>quae</strong></span> <span class='ocrx_word' id='word_1_534' title='bbox 2327 2394 2436 2449; x_wconf 91' lang='lat' dir='ltr'><strong>alio</strong></span> <span class='ocrx_word' id='word_1_535' title='bbox 2489 2394 2654 2450; x_wconf 90' lang='lat' dir='ltr'><strong>modo</strong></span> <span class='ocrx_word' id='word_1_536' title='bbox 2692 2394 2999 2451; x_wconf 89' lang='lat' dir='ltr'><strong>secundum</strong></span> <span class='ocrx_word' id='word_1_537' title='bbox 3045 2394 3443 2450; x_wconf 88' lang='lat' dir='ltr'><strong>humanitatem</strong></span> <span class='ocrx_word' id='word_1_538' title='bbox 3496 2396 3643 2452; x_wconf 82' lang='lat' dir='ltr'><strong>dicta</strong></span> 
     </span>
    </p>
   </div>
   <div class='ocr_carea' id='block_1_70' title="bbox 2047 2485 3640 2559">
    <p class='ocr_par' dir='ltr' id='par_1_70' title="bbox 2047 2485 3640 2559">
     <span class='ocr_line' id='line_1_70' title="bbox 2047 2485 3640 2559; baseline -0.003 -12"><span class='ocrx_word' id='word_1_539' title='bbox 2047 2499 2197 2555; x_wconf 88' lang='lat' dir='ltr'><strong>sunt,</strong></span> <span class='ocrx_word' id='word_1_540' title='bbox 2231 2505 2300 2545; x_wconf 80' lang='lat' dir='ltr'><strong>ex</strong></span> <span class='ocrx_word' id='word_1_541' title='bbox 2342 2489 2526 2559; x_wconf 86' lang='lat' dir='ltr'><strong>pravis</strong></span> <span class='ocrx_word' id='word_1_542' title='bbox 2553 2487 2849 2545; x_wconf 88' lang='lat' dir='ltr'><strong>sententiis</strong></span> <span class='ocrx_word' id='word_1_543' title='bbox 2875 2485 3078 2541; x_wconf 87' lang='lat' dir='ltr'><strong>acerbo</strong></span> <span class='ocrx_word' id='word_1_544' title='bbox 3112 2485 3188 2558; x_wconf 78' lang='lat' dir='ltr'><strong>(l)</strong></span> <span class='ocrx_word' id='word_1_545' title='bbox 3221 2502 3478 2543; x_wconf 89' lang='lat' dir='ltr'><strong>sermone</strong></span> <span class='ocrx_word' id='word_1_546' title='bbox 3505 2502 3640 2543; x_wconf 84' lang='lat' dir='ltr'><strong>con-</strong></span> 
     </span>
    </p>
   </div>
   <div class='ocr_carea' id='block_1_71' title="bbox 2046 2573 3645 2649">
    <p class='ocr_par' dir='ltr' id='par_1_71' title="bbox 2046 2573 3645 2649">
     <span class='ocr_line' id='line_1_71' title="bbox 2046 2573 3645 2649; baseline -0.003 -15"><span class='ocrx_word' id='word_1_547' title='bbox 2046 2586 2198 2635; x_wconf 83' lang='lat' dir='ltr'><strong>texto</strong></span> <span class='ocrx_word' id='word_1_548' title='bbox 2244 2577 2432 2635; x_wconf 87' lang='lat' dir='ltr'><strong>statim</strong></span> <span class='ocrx_word' id='word_1_549' title='bbox 2481 2577 2875 2649; x_wconf 81' lang='lat' dir='ltr'><strong>interrogant:</strong></span> <span class='ocrx_word' id='word_1_550' title='bbox 2909 2573 3141 2631; x_wconf 89' lang='lat' dir='ltr'><strong>Cuinam</strong></span> <span class='ocrx_word' id='word_1_551' title='bbox 3191 2575 3337 2631; x_wconf 91' lang='lat' dir='ltr'><strong>Deus</strong></span> <span class='ocrx_word' id='word_1_552' title='bbox 3380 2585 3438 2631; x_wconf 89' lang='lat' dir='ltr'><strong>et</strong></span> <span class='ocrx_word' id='word_1_553' title='bbox 3482 2576 3645 2632; x_wconf 88' lang='lat' dir='ltr'><strong>Pater</strong></span> 
     </span>
    </p>
   </div>
   <div class='ocr_carea' id='block_1_72' title="bbox 2041 2668 3640 2739">
    <p class='ocr_par' dir='ltr' id='par_1_72' title="bbox 2041 2668 3640 2739">
     <span class='ocr_line' id='line_1_72' title="bbox 2041 2668 3640 2739; baseline -0.001 -14"><span class='ocrx_word' id='word_1_554' title='bbox 2041 2685 2244 2725; x_wconf 90' lang='lat' dir='ltr'><strong>nomen</strong></span> <span class='ocrx_word' id='word_1_555' title='bbox 2286 2669 2438 2725; x_wconf 91' lang='lat' dir='ltr'><strong>dedit</strong></span> <span class='ocrx_word' id='word_1_556' title='bbox 2486 2668 2634 2739; x_wconf 91' lang='lat' dir='ltr'><strong>quod</strong></span> <span class='ocrx_word' id='word_1_557' title='bbox 2671 2677 2757 2724; x_wconf 91' lang='lat' dir='ltr'><strong>est</strong></span> <span class='ocrx_word' id='word_1_558' title='bbox 2794 2682 2962 2738; x_wconf 91' lang='lat' dir='ltr'><strong>super</strong></span> <span class='ocrx_word' id='word_1_559' title='bbox 2996 2682 3161 2722; x_wconf 90' lang='lat' dir='ltr'><strong>omne</strong></span> <span class='ocrx_word' id='word_1_560' title='bbox 3197 2668 3435 2724; x_wconf 86' lang='lat' dir='ltr'><strong>nomen?</strong></span> <span class='ocrx_word' id='word_1_561' title='bbox 3466 2669 3640 2725; x_wconf 87' lang='lat' dir='ltr'><strong>Num-</strong></span> 
     </span>
    </p>
   </div>
   <div class='ocr_carea' id='block_1_73' title="bbox 2041 2761 3639 2834">
    <p class='ocr_par' dir='ltr' id='par_1_73' title="bbox 2041 2761 3639 2834">
     <span class='ocr_line' id='line_1_73' title="bbox 2041 2761 3639 2834; baseline -0.001 -17"><span class='ocrx_word' id='word_1_562' title='bbox 2041 2762 2178 2833; x_wconf 91' lang='lat' dir='ltr'><strong>quid</strong></span> <span class='ocrx_word' id='word_1_563' title='bbox 2221 2762 2449 2834; x_wconf 89' lang='lat' dir='ltr'><strong>proprio</strong></span> <span class='ocrx_word' id='word_1_564' title='bbox 2484 2761 2702 2818; x_wconf 81' lang='lat' dir='ltr'><strong>Verbo?</strong></span> <span class='ocrx_word' id='word_1_565' title='bbox 2747 2762 2809 2818; x_wconf 70' lang='lat' dir='ltr'><strong>At</strong></span> <span class='ocrx_word' id='word_1_566' title='bbox 2847 2775 2958 2831; x_wconf 90' lang='lat' dir='ltr'><strong>quo</strong></span> <span class='ocrx_word' id='word_1_567' title='bbox 2988 2769 3153 2831; x_wconf 88' lang='lat' dir='ltr'><strong>pacto</strong></span> <span class='ocrx_word' id='word_1_568' title='bbox 3191 2776 3305 2816; x_wconf 91' lang='lat' dir='ltr'><strong>non</strong></span> <span class='ocrx_word' id='word_1_569' title='bbox 3341 2761 3639 2818; x_wconf 87' lang='lat' dir='ltr'><strong>admodum</strong></span> 
     </span>
    </p>
   </div>
   <div class='ocr_carea' id='block_1_74' title="bbox 2041 2852 3641 2926">
    <p class='ocr_par' dir='ltr' id='par_1_74' title="bbox 2041 2852 3641 2926">
     <span class='ocr_line' id='line_1_74' title="bbox 2041 2852 3641 2926; baseline 0 -17"><span class='ocrx_word' id='word_1_570' title='bbox 2041 2853 2282 2909; x_wconf 87' lang='lat' dir='ltr'><strong>absurda</strong></span> <span class='ocrx_word' id='word_1_571' title='bbox 2313 2869 2404 2910; x_wconf 88' lang='lat' dir='ltr'><strong>res</strong></span> <span class='ocrx_word' id='word_1_572' title='bbox 2438 2853 2562 2909; x_wconf 82' lang='lat' dir='ltr'><strong>est?</strong></span> <span class='ocrx_word' id='word_1_573' title='bbox 2593 2852 2872 2924; x_wconf 80' lang='lat' dir='ltr'><strong>inquiunt.</strong></span> <span class='ocrx_word' id='word_1_574' title='bbox 2913 2852 3046 2908; x_wconf 78' lang='lat' dir='ltr'><strong>Erat</strong></span> <span class='ocrx_word' id='word_1_575' title='bbox 3075 2853 3226 2908; x_wconf 89' lang='lat' dir='ltr'><strong>enim</strong></span> <span class='ocrx_word' id='word_1_576' title='bbox 3255 2852 3394 2908; x_wconf 90' lang='lat' dir='ltr'><strong>illud</strong></span> <span class='ocrx_word' id='word_1_577' title='bbox 3420 2869 3641 2926; x_wconf 81' lang='lat' dir='ltr'><strong>semper</strong></span> 
     </span>
    </p>
   </div>
   <div class='ocr_carea' id='block_1_75' title="bbox 2041 2941 3638 3014">
    <p class='ocr_par' dir='ltr' id='par_1_75' title="bbox 2041 2941 3638 3014">
     <span class='ocr_line' id='line_1_75' title="bbox 2041 2941 3638 3014; baseline 0.001 -17"><span class='ocrx_word' id='word_1_578' title='bbox 2041 2942 2208 3009; x_wconf 87' lang='lat' dir='ltr'><strong>Deus,</strong></span> <span class='ocrx_word' id='word_1_579' title='bbox 2231 2957 2301 2998; x_wconf 78' lang='lat' dir='ltr'><strong>ex</strong></span> <span class='ocrx_word' id='word_1_580' title='bbox 2324 2942 2443 3013; x_wconf 88' lang='lat' dir='ltr'><strong>ipso</strong></span> <span class='ocrx_word' id='word_1_581' title='bbox 2464 2942 2771 2998; x_wconf 89' lang='lat' dir='ltr'><strong>secundum</strong></span> <span class='ocrx_word' id='word_1_582' title='bbox 2797 2949 3055 2997; x_wconf 88' lang='lat' dir='ltr'><strong>naturam</strong></span> <span class='ocrx_word' id='word_1_583' title='bbox 3077 2941 3345 3013; x_wconf 85' lang='lat' dir='ltr'><strong>genitum.</strong></span> <span class='ocrx_word' id='word_1_584' title='bbox 3373 2943 3432 2998; x_wconf 89' lang='lat' dir='ltr'><strong>ld</strong></span> <span class='ocrx_word' id='word_1_585' title='bbox 3457 2943 3638 3014; x_wconf 86' lang='lat' dir='ltr'><strong>ipsum</strong></span> 
     </span>
    </p>
   </div>
   <div class='ocr_carea' id='block_1_76' title="bbox 2045 3033 3637 3106">
    <p class='ocr_par' dir='ltr' id='par_1_76' title="bbox 2045 3033 3637 3106">
     <span class='ocr_line' id='line_1_76' title="bbox 2045 3033 3637 3106; baseline 0.002 -17"><span class='ocrx_word' id='word_1_586' title='bbox 2045 3041 2231 3090; x_wconf 89' lang='lat' dir='ltr'><strong>autem</strong></span> <span class='ocrx_word' id='word_1_587' title='bbox 2259 3051 2381 3092; x_wconf 90' lang='lat' dir='ltr'><strong>esse</strong></span> <span class='ocrx_word' id='word_1_588' title='bbox 2417 3051 2617 3092; x_wconf 87' lang='lat' dir='ltr'><strong>nomen</strong></span> <span class='ocrx_word' id='word_1_589' title='bbox 2657 3033 2794 3090; x_wconf 92' lang='lat' dir='ltr'><strong>illud</strong></span> <span class='ocrx_word' id='word_1_590' title='bbox 2834 3033 2984 3105; x_wconf 85' lang='lat' dir='ltr'><strong>quod</strong></span> <span class='ocrx_word' id='word_1_591' title='bbox 3024 3042 3112 3092; x_wconf 87' lang='lat' dir='ltr'><strong>est</strong></span> <span class='ocrx_word' id='word_1_592' title='bbox 3143 3049 3311 3106; x_wconf 88' lang='lat' dir='ltr'><strong>super</strong></span> <span class='ocrx_word' id='word_1_593' title='bbox 3343 3050 3508 3092; x_wconf 89' lang='lat' dir='ltr'><strong>omne</strong></span> <span class='ocrx_word' id='word_1_594' title='bbox 3534 3053 3637 3092; x_wconf 86' lang='lat' dir='ltr'><strong>no—</strong></span> 
     </span>
    </p>
   </div>
   <div class='ocr_carea' id='block_1_77' title="bbox 2047 3127 3635 3198">
    <p class='ocr_par' dir='ltr' id='par_1_77' title="bbox 2047 3127 3635 3198">
     <span class='ocr_line' id='line_1_77' title="bbox 2047 3127 3635 3198; baseline 0.003 -18"><span class='ocrx_word' id='word_1_595' title='bbox 2047 3141 2197 3192; x_wconf 86' lang='lat' dir='ltr'><strong>men,</strong></span> <span class='ocrx_word' id='word_1_596' title='bbox 2221 3134 2372 3182; x_wconf 90' lang='lat' dir='ltr'><strong>recte</strong></span> <span class='ocrx_word' id='word_1_597' title='bbox 2409 3127 2698 3196; x_wconf 87' lang='lat' dir='ltr'><strong>accipitur.</strong></span> <span class='ocrx_word' id='word_1_598' title='bbox 2725 3127 2839 3182; x_wconf 89' lang='lat' dir='ltr'><strong>Deo</strong></span> <span class='ocrx_word' id='word_1_599' title='bbox 2870 3142 3108 3198; x_wconf 90' lang='lat' dir='ltr'><strong>namque</strong></span> <span class='ocrx_word' id='word_1_600' title='bbox 3137 3128 3444 3184; x_wconf 88' lang='lat' dir='ltr'><strong>secundum</strong></span> <span class='ocrx_word' id='word_1_601' title='bbox 3474 3140 3635 3187; x_wconf 90' lang='lat' dir='ltr'><strong>natu-</strong></span> 
     </span>
    </p>
   </div>
   <div class='ocr_carea' id='block_1_78' title="bbox 2048 3217 3635 3292">
    <p class='ocr_par' dir='ltr' id='par_1_78' title="bbox 2048 3217 3635 3292">
     <span class='ocr_line' id='line_1_78' title="bbox 2048 3217 3635 3292; baseline 0.002 -20"><span class='ocrx_word' id='word_1_602' title='bbox 2048 3234 2186 3284; x_wconf 89' lang='lat' dir='ltr'><strong>ram,</strong></span> <span class='ocrx_word' id='word_1_603' title='bbox 2219 3217 2356 3289; x_wconf 88' lang='lat' dir='ltr'><strong>quid</strong></span> <span class='ocrx_word' id='word_1_604' title='bbox 2379 3218 2675 3274; x_wconf 87' lang='lat' dir='ltr'><strong>sublimius</strong></span> <span class='ocrx_word' id='word_1_605' title='bbox 2695 3218 2932 3289; x_wconf 84' lang='lat' dir='ltr'><strong>cogitari</strong></span> <span class='ocrx_word' id='word_1_606' title='bbox 2944 3219 3160 3288; x_wconf 86' lang='lat' dir='ltr'><strong>potest?</strong></span> <span class='ocrx_word' id='word_1_607' title='bbox 3181 3221 3447 3287; x_wconf 85' lang='lat' dir='ltr'><strong>Rursum,</strong></span> <span class='ocrx_word' id='word_1_608' title='bbox 3471 3237 3635 3292; x_wconf 88' lang='lat' dir='ltr'><strong>quem</strong></span> 
     </span>
    </p>
   </div>
   <div class='ocr_carea' id='block_1_79' title="bbox 2048 3309 3638 3382">
    <p class='ocr_par' dir='ltr' id='par_1_79' title="bbox 2048 3309 3638 3382">
     <span class='ocr_line' id='line_1_79' title="bbox 2048 3309 3638 3382; baseline 0.003 -17"><span class='ocrx_word' id='word_1_609' title='bbox 2048 3309 2207 3366; x_wconf 80' lang='lat' dir='ltr'><strong>unxit</strong></span> <span class='ocrx_word' id='word_1_610' title='bbox 2232 3309 2440 3382; x_wconf 89' lang='lat' dir='ltr'><strong>Spiritu</strong></span> <span class='ocrx_word' id='word_1_611' title='bbox 2480 3319 2692 3377; x_wconf 88' lang='lat' dir='ltr'><strong>sancto,</strong></span> <span class='ocrx_word' id='word_1_612' title='bbox 2720 3317 2815 3365; x_wconf 86' lang='lat' dir='ltr'><strong>aut</strong></span> <span class='ocrx_word' id='word_1_613' title='bbox 2860 3324 2986 3365; x_wconf 91' lang='lat' dir='ltr'><strong>cum</strong></span> <span class='ocrx_word' id='word_1_614' title='bbox 3026 3325 3270 3381; x_wconf 87' lang='lat' dir='ltr'><strong>quonam</strong></span> <span class='ocrx_word' id='word_1_615' title='bbox 3304 3322 3425 3368; x_wconf 87' lang='lat' dir='ltr'><strong>erat</strong></span> <span class='ocrx_word' id='word_1_616' title='bbox 3455 3313 3638 3369; x_wconf 83' lang='lat' dir='ltr'><strong>Deus?</strong></span> 
     </span>
    </p>
   </div>
   <div class='ocr_carea' id='block_1_80' title="bbox 2044 3400 3636 3485">
    <p class='ocr_par' dir='ltr' id='par_1_80' title="bbox 2044 3400 3636 3485">
     <span class='ocr_line' id='line_1_80' title="bbox 2044 3400 3636 3485; baseline 0.001 -27"><span class='ocrx_word' id='word_1_617' title='bbox 2044 3403 2215 3459; x_wconf 83' lang='lat' dir='ltr'><strong>Multa</strong></span> <span class='ocrx_word' id='word_1_618' title='bbox 2236 3412 2502 3485; x_wconf 68' lang='lat' dir='ltr'><strong>pmterea</strong></span> <span class='ocrx_word' id='word_1_619' title='bbox 2526 3402 2634 3458; x_wconf 91' lang='lat' dir='ltr'><strong>alia</strong></span> <span class='ocrx_word' id='word_1_620' title='bbox 2658 3400 3044 3474; x_wconf 87' lang='lat' dir='ltr'><strong>hujuscemodi</strong></span> <span class='ocrx_word' id='word_1_621' title='bbox 3066 3412 3476 3471; x_wconf 86' lang='lat' dir='ltr'><strong>eoacervantes,</strong></span> <span class='ocrx_word' id='word_1_622' title='bbox 3506 3420 3636 3460; x_wconf 84' lang='lat' dir='ltr'><strong>con-</strong></span> 
     </span>
    </p>
   </div>
   <div class='ocr_carea' id='block_1_81' title="bbox 2043 3493 3631 3565">
    <p class='ocr_par' dir='ltr' id='par_1_81' title="bbox 2043 3493 3631 3565">
     <span class='ocr_line' id='line_1_81' title="bbox 2043 3493 3631 3565; baseline 0.001 -13"><span class='ocrx_word' id='word_1_623' title='bbox 2043 3495 2285 3552; x_wconf 78' lang='lat' dir='ltr'><strong>fundunt</strong></span> <span class='ocrx_word' id='word_1_624' title='bbox 2321 3494 2620 3550; x_wconf 89' lang='lat' dir='ltr'><strong>admodum</strong></span> <span class='ocrx_word' id='word_1_625' title='bbox 2662 3493 3064 3565; x_wconf 89' lang='lat' dir='ltr'><strong>simpliciorum</strong></span> <span class='ocrx_word' id='word_1_626' title='bbox 3095 3495 3329 3561; x_wconf 88' lang='lat' dir='ltr'><strong>animos,</strong></span> <span class='ocrx_word' id='word_1_627' title='bbox 3366 3498 3631 3554; x_wconf 89' lang='lat' dir='ltr'><strong>multum-</strong></span> 
     </span>
    </p>
   </div>
   <div class='ocr_carea' id='block_1_82' title="bbox 2043 3585 3631 3658">
    <p class='ocr_par' dir='ltr' id='par_1_82' title="bbox 2043 3585 3631 3658">
     <span class='ocr_line' id='line_1_82' title="bbox 2043 3585 3631 3658; baseline 0.001 -16"><span class='ocrx_word' id='word_1_628' title='bbox 2043 3603 2153 3658; x_wconf 90' lang='lat' dir='ltr'><strong>que</strong></span> <span class='ocrx_word' id='word_1_629' title='bbox 2196 3588 2549 3643; x_wconf 87' lang='lat' dir='ltr'><strong>conturbant.</strong></span> <span class='ocrx_word' id='word_1_630' title='bbox 2594 3585 2704 3642; x_wconf 88' lang='lat' dir='ltr'><strong>Sed</strong></span> <span class='ocrx_word' id='word_1_631' title='bbox 2750 3585 2958 3657; x_wconf 87' lang='lat' dir='ltr'><strong>ubique</strong></span> <span class='ocrx_word' id='word_1_632' title='bbox 3005 3585 3255 3643; x_wconf 84' lang='lat' dir='ltr'><strong>dividere</strong></span> <span class='ocrx_word' id='word_1_633' title='bbox 3299 3586 3460 3658; x_wconf 75' lang='lat' dir='ltr'><strong>(sunt</strong></span> <span class='ocrx_word' id='word_1_634' title='bbox 3483 3593 3631 3645; x_wconf 84' lang='lat' dir='ltr'><strong>enim</strong></span> 
     </span>
    </p>
   </div>
   <div class='ocr_carea' id='block_1_83' title="bbox 2042 3675 3634 3757">
    <p class='ocr_par' dir='ltr' id='par_1_83' title="bbox 2042 3675 3634 3757">
     <span class='ocr_line' id='line_1_83' title="bbox 2042 3675 3634 3757; baseline 0.001 -24"><span class='ocrx_word' id='word_1_635' title='bbox 2042 3678 2329 3743; x_wconf 84' lang='lat' dir='ltr'><strong>animales,</strong></span> <span class='ocrx_word' id='word_1_636' title='bbox 2365 3677 2622 3757; x_wconf 83' lang='lat' dir='ltr'><strong>spiritum</strong></span> <span class='ocrx_word' id='word_1_637' title='bbox 2648 3692 2759 3732; x_wconf 91' lang='lat' dir='ltr'><strong>non</strong></span> <span class='ocrx_word' id='word_1_638' title='bbox 2782 3676 3053 3733; x_wconf 88' lang='lat' dir='ltr'><strong>habentes</strong></span> <span class='ocrx_word' id='word_1_639' title='bbox 3072 3675 3165 3749; x_wconf 77' lang='grc'>⁸⁸),</span> <span class='ocrx_word' id='word_1_640' title='bbox 3195 3687 3254 3734; x_wconf 89' lang='lat' dir='ltr'><strong>et</strong></span> <span class='ocrx_word' id='word_1_641' title='bbox 3277 3695 3449 3734; x_wconf 90' lang='lat' dir='ltr'><strong>unum</strong></span> <span class='ocrx_word' id='word_1_642' title='bbox 3473 3679 3634 3737; x_wconf 88' lang='lat' dir='ltr'><strong>Chri-</strong></span> 
     </span>
    </p>
   </div>
   <div class='ocr_carea' id='block_1_84' title="bbox 2042 3768 3629 3828">
    <p class='ocr_par' dir='ltr' id='par_1_84' title="bbox 2042 3768 3629 3828">
     <span class='ocr_line' id='line_1_84' title="bbox 2042 3768 3629 3828; baseline 0.001 -1"><span class='ocrx_word' id='word_1_643' title='bbox 2042 3778 2189 3827; x_wconf 89' lang='lat' dir='ltr'><strong>stum</strong></span> <span class='ocrx_word' id='word_1_644' title='bbox 2228 3779 2285 3826; x_wconf 89' lang='lat' dir='ltr'><strong>et</strong></span> <span class='ocrx_word' id='word_1_645' title='bbox 2314 3770 2513 3826; x_wconf 87' lang='lat' dir='ltr'><strong>Filium</strong></span> <span class='ocrx_word' id='word_1_646' title='bbox 2555 3778 2612 3826; x_wconf 89' lang='lat' dir='ltr'><strong>et</strong></span> <span class='ocrx_word' id='word_1_647' title='bbox 2646 3769 2943 3826; x_wconf 90' lang='lat' dir='ltr'><strong>Dominum</strong></span> <span class='ocrx_word' id='word_1_648' title='bbox 2975 3769 3032 3824; x_wconf 88' lang='lat' dir='ltr'><strong>in</strong></span> <span class='ocrx_word' id='word_1_649' title='bbox 3070 3768 3211 3826; x_wconf 90' lang='lat' dir='ltr'><strong>duos</strong></span> <span class='ocrx_word' id='word_1_650' title='bbox 3252 3770 3396 3827; x_wconf 82' lang='lat' dir='ltr'><strong>ﬁlios</strong></span> <span class='ocrx_word' id='word_1_651' title='bbox 3427 3772 3629 3828; x_wconf 72' lang='lat' dir='ltr'><strong>distin~</strong></span> 
     </span>
    </p>
   </div>
   <div class='ocr_carea' id='block_1_85' title="bbox 2039 3863 3626 3936">
    <p class='ocr_par' dir='ltr' id='par_1_85' title="bbox 2039 3863 3626 3936">
     <span class='ocr_line' id='line_1_85' title="bbox 2039 3863 3626 3936; baseline -0.001 -17"><span class='ocrx_word' id='word_1_652' title='bbox 2039 3880 2230 3936; x_wconf 83' lang='lat' dir='ltr'><strong>gnere,</strong></span> <span class='ocrx_word' id='word_1_653' title='bbox 2258 3880 2325 3919; x_wconf 81' lang='lat' dir='ltr'><strong>ex</strong></span> <span class='ocrx_word' id='word_1_654' title='bbox 2346 3863 2462 3920; x_wconf 89' lang='lat' dir='ltr'><strong>suis</strong></span> <span class='ocrx_word' id='word_1_655' title='bbox 2485 3864 2730 3934; x_wconf 88' lang='lat' dir='ltr'><strong>ipsorum</strong></span> <span class='ocrx_word' id='word_1_656' title='bbox 2754 3863 3096 3935; x_wconf 83' lang='lat' dir='ltr'><strong>argumentis</strong></span> <span class='ocrx_word' id='word_1_657' title='bbox 3120 3863 3626 3934; x_wconf 82' lang='lat' dir='ltr'><strong>deprchendemur.</strong></span> 
     </span>
    </p>
   </div>
   <div class='ocr_carea' id='block_1_86' title="bbox 2041 3954 3628 4013">
    <p class='ocr_par' dir='ltr' id='par_1_86' title="bbox 2041 3954 3628 4013">
     <span class='ocr_line' id='line_1_86' title="bbox 2041 3954 3628 4013; baseline 0.001 -1"><span class='ocrx_word' id='word_1_658' title='bbox 2041 3956 2315 4012; x_wconf 84' lang='lat' dir='ltr'><strong>Simulant</strong></span> <span class='ocrx_word' id='word_1_659' title='bbox 2354 3956 2505 4010; x_wconf 86' lang='lat' dir='ltr'><strong>enim</strong></span> <span class='ocrx_word' id='word_1_660' title='bbox 2546 3970 2718 4011; x_wconf 88' lang='lat' dir='ltr'><strong>unum</strong></span> <span class='ocrx_word' id='word_1_661' title='bbox 2747 3969 2807 4010; x_wconf 88' lang='lat' dir='ltr'><strong>se</strong></span> <span class='ocrx_word' id='word_1_662' title='bbox 2841 3954 3126 4011; x_wconf 78' lang='lat' dir='ltr'><strong>Christum</strong></span> <span class='ocrx_word' id='word_1_663' title='bbox 3165 3963 3221 4010; x_wconf 87' lang='lat' dir='ltr'><strong>et</strong></span> <span class='ocrx_word' id='word_1_664' title='bbox 3257 3955 3456 4011; x_wconf 85' lang='lat' dir='ltr'><strong>Filium</strong></span> <span class='ocrx_word' id='word_1_665' title='bbox 3493 3972 3628 4013; x_wconf 82' lang='lat' dir='ltr'><strong>con-</strong></span> 
     </span>
    </p>
   </div>
   <div class='ocr_carea' id='block_1_87' title="bbox 2040 4047 3628 4119">
    <p class='ocr_par' dir='ltr' id='par_1_87' title="bbox 2040 4047 3628 4119">
     <span class='ocr_line' id='line_1_87' title="bbox 2040 4047 3628 4119; baseline -0.001 -13"><span class='ocrx_word' id='word_1_666' title='bbox 2040 4049 2206 4116; x_wconf 80' lang='lat' dir='ltr'><strong>ﬁteri,</strong></span> <span class='ocrx_word' id='word_1_667' title='bbox 2238 4064 2515 4118; x_wconf 85' lang='lat' dir='ltr'><strong>unamque</strong></span> <span class='ocrx_word' id='word_1_668' title='bbox 2558 4048 2733 4118; x_wconf 90' lang='lat' dir='ltr'><strong>ipsius</strong></span> <span class='ocrx_word' id='word_1_669' title='bbox 2769 4062 3062 4119; x_wconf 84' lang='lat' dir='ltr'><strong>personam</strong></span> <span class='ocrx_word' id='word_1_670' title='bbox 3101 4062 3224 4105; x_wconf 82' lang='lat' dir='ltr'><strong>esse</strong></span> <span class='ocrx_word' id='word_1_671' title='bbox 3264 4047 3459 4104; x_wconf 88' lang='lat' dir='ltr'><strong>dicunt</strong></span> <span class='ocrx_word' id='word_1_672' title='bbox 3488 4067 3501 4104; x_wconf 92' lang='lat'><strong>:</strong></span> <span class='ocrx_word' id='word_1_673' title='bbox 3532 4052 3628 4105; x_wconf 79' lang='lat' dir='ltr'><strong>sed</strong></span> 
     </span>
    </p>
   </div>
   <div class='ocr_carea' id='block_1_88' title="bbox 2040 4139 3625 4211">
    <p class='ocr_par' dir='ltr' id='par_1_88' title="bbox 2040 4139 3625 4211">
     <span class='ocr_line' id='line_1_88' title="bbox 2040 4139 3625 4211; baseline -0.003 -13"><span class='ocrx_word' id='word_1_674' title='bbox 2040 4158 2234 4198; x_wconf 88' lang='lat' dir='ltr'><strong>rursus</strong></span> <span class='ocrx_word' id='word_1_675' title='bbox 2257 4156 2384 4197; x_wconf 87' lang='lat' dir='ltr'><strong>cum</strong></span> <span class='ocrx_word' id='word_1_676' title='bbox 2411 4140 2466 4194; x_wconf 90' lang='lat' dir='ltr'><strong>in</strong></span> <span class='ocrx_word' id='word_1_677' title='bbox 2493 4139 2631 4195; x_wconf 91' lang='lat' dir='ltr'><strong>duas</strong></span> <span class='ocrx_word' id='word_1_678' title='bbox 2656 4140 2978 4211; x_wconf 79' lang='lat' dir='ltr'><strong>hypostases</strong></span> <span class='ocrx_word' id='word_1_679' title='bbox 3011 4139 3355 4210; x_wconf 79' lang='lat' dir='ltr'><strong>distinguant</strong></span> <span class='ocrx_word' id='word_1_680' title='bbox 3391 4140 3625 4196; x_wconf 86' lang='lat' dir='ltr'><strong>invicem</strong></span> 
     </span>
    </p>
   </div>
   <div class='ocr_carea' id='block_1_89' title="bbox 2037 4230 3623 4307">
    <p class='ocr_par' dir='ltr' id='par_1_89' title="bbox 2037 4230 3623 4307">
     <span class='ocr_line' id='line_1_89' title="bbox 2037 4230 3623 4307; baseline -0.006 -15"><span class='ocrx_word' id='word_1_681' title='bbox 2037 4236 2342 4307; x_wconf 73' lang='lat' dir='ltr'><strong>disiunctas</strong></span> <span class='ocrx_word' id='word_1_682' title='bbox 2407 4242 2573 4304; x_wconf 91' lang='lat' dir='ltr'><strong>atque</strong></span> <span class='ocrx_word' id='word_1_683' title='bbox 2641 4232 2929 4297; x_wconf 87' lang='lat' dir='ltr'><strong>diversas,</strong></span> <span class='ocrx_word' id='word_1_684' title='bbox 3004 4230 3251 4302; x_wconf 79' lang='lat' dir='ltr'><strong>mysterii</strong></span> <span class='ocrx_word' id='word_1_685' title='bbox 3316 4230 3623 4287; x_wconf 87' lang='lat' dir='ltr'><strong>doctrinam</strong></span> 
     </span>
    </p>
   </div>
   <div class='ocr_carea' id='block_1_90' title="bbox 319 4316 1946 4399">
    <p class='ocr_par' dir='ltr' id='par_1_90' title="bbox 319 4316 1935 4394">
     <span class='ocr_line' id='line_1_90' title="bbox 319 4316 1935 4394; baseline 0.012 -27"><span class='ocrx_word' id='word_1_686' title='bbox 319 4317 480 4386; x_wconf 79' lang='grc' dir='ltr'>νηροὶ</span> <span class='ocrx_word' id='word_1_687' title='bbox 499 4316 619 4389; x_wconf 79' lang='grc' dir='ltr'>γὰρ</span> <span class='ocrx_word' id='word_1_688' title='bbox 640 4317 804 4384; x_wconf 73' lang='grc' dir='ltr'>ὄντες</span> <span class='ocrx_word' id='word_1_689' title='bbox 832 4318 1016 4389; x_wconf 75' lang='grc' dir='ltr'>ἀγαθὰ</span> <span class='ocrx_word' id='word_1_690' title='bbox 1050 4322 1233 4378; x_wconf 80' lang='grc' dir='ltr'>λαλεῖν</span> <span class='ocrx_word' id='word_1_691' title='bbox 1264 4325 1366 4380; x_wconf 90' lang='grc' dir='ltr'><strong>ούκ</strong></span> <span class='ocrx_word' id='word_1_692' title='bbox 1395 4325 1464 4380; x_wconf 81' lang='grc' dir='ltr'>ἂν</span> <span class='ocrx_word' id='word_1_693' title='bbox 1487 4327 1757 4394; x_wconf 86' lang='grc' dir='ltr'>δύναιντο,</span> <span class='ocrx_word' id='word_1_694' title='bbox 1793 4330 1935 4386; x_wconf 80' lang='grc' dir='ltr'>κατὰ</span> 
     </span>
    </p>
   </div>
   <div class='ocr_carea' id='block_1_91' title="bbox 2049 4316 3622 4399">
    <p class='ocr_par' dir='ltr' id='par_1_91' title="bbox 2049 4320 3622 4399">
     <span class='ocr_line' id='line_1_91' title="bbox 2049 4320 3622 4399; baseline -0.004 -16"><span class='ocrx_word' id='word_1_695' title='bbox 2049 4342 2268 4399; x_wconf 78' lang='lat' dir='ltr'><strong>prorsus</strong></span> <span class='ocrx_word' id='word_1_696' title='bbox 2296 4331 2641 4396; x_wconf 87' lang='lat' dir='ltr'><strong>pervertunt.</strong></span> <span class='ocrx_word' id='word_1_697' title='bbox 2674 4323 2843 4377; x_wconf 80' lang='lat' dir='ltr'><strong>Aiunt</strong></span> <span class='ocrx_word' id='word_1_698' title='bbox 2875 4321 3023 4375; x_wconf 89' lang='lat' dir='ltr'><strong>enim</strong></span> <span class='ocrx_word' id='word_1_699' title='bbox 3055 4321 3210 4378; x_wconf 85' lang='lat' dir='ltr'><strong>illum</strong></span> <span class='ocrx_word' id='word_1_700' title='bbox 3254 4333 3323 4373; x_wconf 79' lang='lat' dir='ltr'><strong>ex</strong></span> <span class='ocrx_word' id='word_1_701' title='bbox 3366 4320 3622 4384; x_wconf 83' lang='lat' dir='ltr'><strong>muliere,</strong></span> 
     </span>
    </p>
   </div>
   <div class='ocr_carea' id='block_1_92' title="bbox 318 4408 1946 4490">
    <p class='ocr_par' dir='ltr' id='par_1_92' title="bbox 318 4408 1928 4490">
     <span class='ocr_line' id='line_1_92' title="bbox 318 4408 1928 4490; baseline 0.012 -33"><span class='ocrx_word' id='word_1_702' title='bbox 318 4408 419 4477; x_wconf 70' lang='grc' dir='ltr'>τὴν</span> <span class='ocrx_word' id='word_1_703' title='bbox 433 4409 536 4463; x_wconf 80' lang='grc' dir='ltr'>τοῦ</span> <span class='ocrx_word' id='word_1_704' title='bbox 557 4410 823 4483; x_wconf 84' lang='grc' dir='ltr'>Σωτῆρος</span> <span class='ocrx_word' id='word_1_705' title='bbox 843 4413 1053 4483; x_wconf 83' lang='grc' dir='ltr'>φωνήν.</span> <span class='ocrx_word' id='word_1_706' title='bbox 1071 4408 1180 4468; x_wconf 88' lang='grc' dir='ltr'>Ἦν</span> <span class='ocrx_word' id='word_1_707' title='bbox 1204 4414 1306 4486; x_wconf 86' lang='grc' dir='ltr'>μὲν</span> <span class='ocrx_word' id='word_1_708' title='bbox 1329 4416 1435 4488; x_wconf 82' lang='grc' dir='ltr'><strong>γὰρ</strong></span> <span class='ocrx_word' id='word_1_709' title='bbox 1457 4418 1928 4490; x_wconf 78' lang='grc' dir='ltr'>ὁμολογουμένως,</span> 
     </span>
    </p>
   </div>
   <div class='ocr_carea' id='block_1_93' title="bbox 2049 4408 3623 4490">
    <p class='ocr_par' dir='ltr' id='par_1_93' title="bbox 2049 4414 3623 4483">
     <span class='ocr_line' id='line_1_93' title="bbox 2049 4414 3623 4483; baseline -0.004 -8"><span class='ocrx_word' id='word_1_710' title='bbox 2049 4436 2134 4475; x_wconf 69' lang='lat' dir='ltr'><strong>seu</strong></span> <span class='ocrx_word' id='word_1_711' title='bbox 2165 4419 2312 4473; x_wconf 85' lang='lat' dir='ltr'><strong>illam</strong></span> <span class='ocrx_word' id='word_1_712' title='bbox 2345 4417 2580 4472; x_wconf 82' lang='lat' dir='ltr'><strong>formam</strong></span> <span class='ocrx_word' id='word_1_713' title='bbox 2623 4414 2789 4480; x_wconf 85' lang='lat' dir='ltr'><strong>servi,</strong></span> <span class='ocrx_word' id='word_1_714' title='bbox 2816 4428 3066 4469; x_wconf 88' lang='lat' dir='ltr'><strong>seorsum</strong></span> <span class='ocrx_word' id='word_1_715' title='bbox 3104 4421 3160 4469; x_wconf 90' lang='lat' dir='ltr'><strong>et</strong></span> <span class='ocrx_word' id='word_1_716' title='bbox 3192 4428 3293 4483; x_wconf 87' lang='lat' dir='ltr'><strong>per</strong></span> <span class='ocrx_word' id='word_1_717' title='bbox 3324 4425 3383 4467; x_wconf 86' lang='lat' dir='ltr'><strong>se</strong></span> <span class='ocrx_word' id='word_1_718' title='bbox 3420 4427 3623 4470; x_wconf 85' lang='lat' dir='ltr'><strong>nomen</strong></span> 
     </span>
    </p>
   </div>
   <div class='ocr_carea' id='block_1_94' title="bbox 321 4501 1946 4585">
    <p class='ocr_par' dir='ltr' id='par_1_94' title="bbox 321 4501 1933 4585">
     <span class='ocr_line' id='line_1_94' title="bbox 321 4501 1933 4585; baseline 0.008 -32"><span class='ocrx_word' id='word_1_719' title='bbox 321 4502 415 4553; x_wconf 70' lang='grc' dir='ltr'><strong>καὶ</strong></span> <span class='ocrx_word' id='word_1_720' title='bbox 444 4501 603 4556; x_wconf 78' lang='grc' dir='ltr'>ἐστιν</span> <span class='ocrx_word' id='word_1_721' title='bbox 628 4502 721 4556; x_wconf 82' lang='grc' dir='ltr'><strong>ἀεὶ</strong></span> <span class='ocrx_word' id='word_1_722' title='bbox 743 4502 875 4568; x_wconf 76' lang='grc' dir='ltr'>Θεὸς</span> <span class='ocrx_word' id='word_1_723' title='bbox 910 4506 1008 4558; x_wconf 78' lang='grc' dir='ltr'><strong>καὶ</strong></span> <span class='ocrx_word' id='word_1_724' title='bbox 1047 4505 1253 4575; x_wconf 83' lang='grc' dir='ltr'>Κύριος</span> <span class='ocrx_word' id='word_1_725' title='bbox 1278 4510 1308 4563; x_wconf 87' lang='grc' dir='ltr'>ὁ</span> <span class='ocrx_word' id='word_1_726' title='bbox 1336 4509 1439 4582; x_wconf 81' lang='grc' dir='ltr'><strong>τὴν</strong></span> <span class='ocrx_word' id='word_1_727' title='bbox 1459 4512 1525 4566; x_wconf 81' lang='grc' dir='ltr'>ἐκ</span> <span class='ocrx_word' id='word_1_728' title='bbox 1553 4512 1691 4567; x_wconf 82' lang='grc' dir='ltr'>Θεοῦ</span> <span class='ocrx_word' id='word_1_729' title='bbox 1717 4513 1933 4585; x_wconf 77' lang='grc' dir='ltr'>Πατρὸς</span> 
     </span>
    </p>
   </div>
   <div class='ocr_carea' id='block_1_95' title="bbox 2049 4501 3622 4585">
    <p class='ocr_par' dir='ltr' id='par_1_95' title="bbox 2054 4505 3622 4580">
     <span class='ocr_line' id='line_1_95' title="bbox 2054 4505 3622 4580; baseline -0.002 -16"><span class='ocrx_word' id='word_1_730' title='bbox 2054 4510 2169 4565; x_wconf 92' lang='lat' dir='ltr'><strong>llud</strong></span> <span class='ocrx_word' id='word_1_731' title='bbox 2215 4509 2361 4580; x_wconf 84' lang='lat' dir='ltr'><strong>quod</strong></span> <span class='ocrx_word' id='word_1_732' title='bbox 2399 4516 2484 4564; x_wconf 88' lang='lat' dir='ltr'><strong>est</strong></span> <span class='ocrx_word' id='word_1_733' title='bbox 2527 4522 2694 4576; x_wconf 88' lang='lat' dir='ltr'><strong>super</strong></span> <span class='ocrx_word' id='word_1_734' title='bbox 2719 4520 2882 4561; x_wconf 90' lang='lat' dir='ltr'><strong>omne</strong></span> <span class='ocrx_word' id='word_1_735' title='bbox 2928 4519 3128 4560; x_wconf 90' lang='lat' dir='ltr'><strong>nomen</strong></span> <span class='ocrx_word' id='word_1_736' title='bbox 3168 4505 3470 4575; x_wconf 88' lang='lat' dir='ltr'><strong>accepisse,</strong></span> <span class='ocrx_word' id='word_1_737' title='bbox 3494 4521 3622 4562; x_wconf 88' lang='lat' dir='ltr'><strong>san-</strong></span> 
     </span>
    </p>
   </div>
   <div class='ocr_carea' id='block_1_96' title="bbox 323 4591 1946 4674">
    <p class='ocr_par' dir='ltr' id='par_1_96' title="bbox 323 4591 1935 4674">
     <span class='ocr_line' id='line_1_96' title="bbox 323 4591 1935 4674; baseline 0.009 -30"><span class='ocrx_word' id='word_1_738' title='bbox 323 4591 585 4662; x_wconf 79' lang='grc' dir='ltr'>τέννησιν</span> <span class='ocrx_word' id='word_1_739' title='bbox 617 4594 870 4648; x_wconf 79' lang='grc' dir='ltr'>ἄποπτόν</span> <span class='ocrx_word' id='word_1_740' title='bbox 905 4612 967 4650; x_wconf 87' lang='grc' dir='ltr'><strong>τε</strong></span> <span class='ocrx_word' id='word_1_741' title='bbox 996 4599 1092 4653; x_wconf 74' lang='grc' dir='ltr'>καὶ</span> <span class='ocrx_word' id='word_1_742' title='bbox 1126 4600 1445 4672; x_wconf 73' lang='grc' dir='ltr'>ἀπόρρητον</span> <span class='ocrx_word' id='word_1_743' title='bbox 1471 4601 1631 4673; x_wconf 72' lang='grc' dir='ltr'><strong>ἔχωνο</strong></span> <span class='ocrx_word' id='word_1_744' title='bbox 1662 4603 1851 4674; x_wconf 74' lang='grc' dir='ltr'>ἐπειδὴ</span> <span class='ocrx_word' id='word_1_745' title='bbox 1875 4603 1935 4658; x_wconf 77' lang='grc' dir='ltr'>δὲ</span> 
     </span>
    </p>
   </div>
   <div class='ocr_carea' id='block_1_97' title="bbox 2049 4591 3625 4674">
    <p class='ocr_par' dir='ltr' id='par_1_97' title="bbox 2049 4595 3625 4671">
     <span class='ocr_line' id='line_1_97' title="bbox 2049 4595 3625 4671; baseline -0.004 -14"><span class='ocrx_word' id='word_1_746' title='bbox 2049 4602 2215 4671; x_wconf 80' lang='lat' dir='ltr'><strong>:tique</strong></span> <span class='ocrx_word' id='word_1_747' title='bbox 2243 4599 2484 4671; x_wconf 84' lang='lat' dir='ltr'><strong>Spiritus</strong></span> <span class='ocrx_word' id='word_1_748' title='bbox 2511 4598 2830 4653; x_wconf 87' lang='lat' dir='ltr'><strong>unctionem</strong></span> <span class='ocrx_word' id='word_1_749' title='bbox 2854 4595 3184 4667; x_wconf 86' lang='lat' dir='ltr'><strong>suscepisse,</strong></span> <span class='ocrx_word' id='word_1_750' title='bbox 3213 4603 3271 4652; x_wconf 84' lang='lat' dir='ltr'><strong>et</strong></span> <span class='ocrx_word' id='word_1_751' title='bbox 3295 4596 3492 4664; x_wconf 89' lang='lat' dir='ltr'><strong>Deum,</strong></span> <span class='ocrx_word' id='word_1_752' title='bbox 3517 4598 3625 4654; x_wconf 84' lang='lat' dir='ltr'><strong>hoc</strong></span> 
     </span>
    </p>
   </div>
   <div class='ocr_carea' id='block_1_98' title="bbox 318 4683 1946 4764">
    <p class='ocr_par' dir='ltr' id='par_1_98' title="bbox 318 4683 1935 4764">
     <span class='ocr_line' id='line_1_98' title="bbox 318 4683 1935 4764; baseline 0.009 -30"><span class='ocrx_word' id='word_1_753' title='bbox 318 4683 545 4751; x_wconf 72' lang='grc' dir='ltr'>γέγονεν</span> <span class='ocrx_word' id='word_1_754' title='bbox 569 4685 639 4737; x_wconf 80' lang='grc' dir='ltr'>ἐκ</span> <span class='ocrx_word' id='word_1_755' title='bbox 668 4688 933 4754; x_wconf 81' lang='grc' dir='ltr'>γυναικὸς</span> <span class='ocrx_word' id='word_1_756' title='bbox 963 4689 1106 4744; x_wconf 80' lang='grc' dir='ltr'>κατὰ</span> <span class='ocrx_word' id='word_1_757' title='bbox 1141 4692 1343 4764; x_wconf 80' lang='grc' dir='ltr'>σάρκα,</span> <span class='ocrx_word' id='word_1_758' title='bbox 1376 4692 1698 4763; x_wconf 76' lang='grc' dir='ltr'>παραδόξως</span> <span class='ocrx_word' id='word_1_759' title='bbox 1727 4694 1808 4759; x_wconf 83' lang='grc' dir='ltr'>δὲ,</span> <span class='ocrx_word' id='word_1_760' title='bbox 1839 4696 1935 4748; x_wconf 80' lang='grc' dir='ltr'><strong>καὶ</strong></span> 
     </span>
    </p>
   </div>
   <div class='ocr_carea' id='block_1_99' title="bbox 2049 4683 3621 4764">
    <p class='ocr_par' dir='ltr' id='par_1_99' title="bbox 2049 4684 3621 4756">
     <span class='ocr_line' id='line_1_99' title="bbox 2049 4684 3621 4756; baseline -0.006 -9"><span class='ocrx_word' id='word_1_761' title='bbox 2049 4700 2136 4755; x_wconf 66' lang='lat' dir='ltr'><strong>est,</strong></span> <span class='ocrx_word' id='word_1_762' title='bbox 2169 4690 2265 4746; x_wconf 87' lang='lat' dir='ltr'><strong>Dei</strong></span> <span class='ocrx_word' id='word_1_763' title='bbox 2290 4689 2472 4746; x_wconf 88' lang='lat' dir='ltr'><strong>Patris</strong></span> <span class='ocrx_word' id='word_1_764' title='bbox 2497 4687 2761 4752; x_wconf 82' lang='lat' dir='ltr'><strong>Verbum,</strong></span> <span class='ocrx_word' id='word_1_765' title='bbox 2787 4700 3008 4756; x_wconf 88' lang='lat' dir='ltr'><strong>semper</strong></span> <span class='ocrx_word' id='word_1_766' title='bbox 3034 4684 3179 4756; x_wconf 83' lang='lat' dir='ltr'><strong>apud</strong></span> <span class='ocrx_word' id='word_1_767' title='bbox 3220 4699 3280 4742; x_wconf 86' lang='lat' dir='ltr'><strong>se</strong></span> <span class='ocrx_word' id='word_1_768' title='bbox 3306 4694 3621 4741; x_wconf 88' lang='lat' dir='ltr'><strong>manentem</strong></span> 
     </span>
    </p>
   </div>
   <div class='ocr_carea' id='block_1_100' title="bbox 320 4772 1946 4856">
    <p class='ocr_par' dir='ltr' id='par_1_100' title="bbox 320 4772 1935 4856">
     <span class='ocr_line' id='line_1_100' title="bbox 320 4772 1935 4856; baseline 0.008 -30"><span class='ocrx_word' id='word_1_769' title='bbox 320 4772 457 4845; x_wconf 73' lang='grc' dir='ltr'>ὑπὲρ</span> <span class='ocrx_word' id='word_1_770' title='bbox 480 4777 664 4847; x_wconf 75' lang='grc' dir='ltr'>ἡμᾶς,</span> <span class='ocrx_word' id='word_1_771' title='bbox 689 4778 752 4831; x_wconf 78' lang='grc' dir='ltr'>ὲν</span> <span class='ocrx_word' id='word_1_772' title='bbox 772 4780 1120 4855; x_wconf 74' lang='grc' dir='ltr'>ἐπιφοιτήσει</span> <span class='ocrx_word' id='word_1_773' title='bbox 1140 4784 1460 4856; x_wconf 82' lang='grc' dir='ltr'>Πνεύματος</span> <span class='ocrx_word' id='word_1_774' title='bbox 1481 4786 1662 4855; x_wconf 84' lang='grc' dir='ltr'>ἁγίου,</span> <span class='ocrx_word' id='word_1_775' title='bbox 1692 4787 1787 4841; x_wconf 84' lang='grc' dir='ltr'>καὶ</span> <span class='ocrx_word' id='word_1_776' title='bbox 1812 4789 1907 4841; x_wconf 67' lang='grc' dir='ltr'>ἐπι</span> <span class='ocrx_word' id='word_1_777' title='bbox 1923 4817 1935 4826; x_wconf 88' lang='grc'><strong><em>-</em></strong></span> 
     </span>
    </p>
   </div>
   <div class='ocr_carea' id='block_1_101' title="bbox 2049 4772 3623 4856">
    <p class='ocr_par' dir='ltr' id='par_1_101' title="bbox 2049 4776 3623 4838">
     <span class='ocr_line' id='line_1_101' title="bbox 2049 4776 3623 4838; baseline -0.004 0"><span class='ocrx_word' id='word_1_778' title='bbox 2049 4783 2240 4838; x_wconf 61' lang='lat' dir='ltr'><strong>labere</strong></span> <span class='ocrx_word' id='word_1_779' title='bbox 2273 4801 2286 4835; x_wconf 91' lang='lat'><strong>:</strong></span> <span class='ocrx_word' id='word_1_780' title='bbox 2318 4795 2383 4836; x_wconf 90' lang='lat' dir='ltr'><strong>ac</strong></span> <span class='ocrx_word' id='word_1_781' title='bbox 2407 4794 2690 4835; x_wconf 84' lang='lat' dir='ltr'><strong>sermones</strong></span> <span class='ocrx_word' id='word_1_782' title='bbox 2712 4792 2983 4835; x_wconf 88' lang='lat' dir='ltr'><strong>summam</strong></span> <span class='ocrx_word' id='word_1_783' title='bbox 3008 4776 3345 4833; x_wconf 88' lang='lat' dir='ltr'><strong>dementiam</strong></span> <span class='ocrx_word' id='word_1_784' title='bbox 3369 4776 3623 4833; x_wconf 88' lang='lat' dir='ltr'><strong>redolen-</strong></span> 
     </span>
    </p>
   </div>
   <div class='ocr_carea' id='block_1_102' title="bbox 321 4865 1946 4949">
    <p class='ocr_par' dir='ltr' id='par_1_102' title="bbox 321 4865 1927 4949">
     <span class='ocr_line' id='line_1_102' title="bbox 321 4865 1927 4949; baseline 0.008 -31"><span class='ocrx_word' id='word_1_785' title='bbox 321 4866 581 4938; x_wconf 80' lang='grc' dir='ltr'>σκιασμῷ</span> <span class='ocrx_word' id='word_1_786' title='bbox 610 4865 904 4940; x_wconf 83' lang='grc' dir='ltr'>δυνάμεως</span> <span class='ocrx_word' id='word_1_787' title='bbox 954 4872 1115 4942; x_wconf 80' lang='grc' dir='ltr'>Θεοῦ,</span> <span class='ocrx_word' id='word_1_788' title='bbox 1138 4875 1240 4948; x_wconf 78' lang='grc' dir='ltr'>τὴν</span> <span class='ocrx_word' id='word_1_789' title='bbox 1261 4876 1394 4945; x_wconf 79' lang='grc' dir='ltr'>γοῦν</span> <span class='ocrx_word' id='word_1_790' title='bbox 1433 4875 1558 4932; x_wconf 82' lang='grc' dir='ltr'>καθ’</span> <span class='ocrx_word' id='word_1_791' title='bbox 1602 4878 1752 4949; x_wconf 77' lang='grc' dir='ltr'>ἡμᾶς</span> <span class='ocrx_word' id='word_1_792' title='bbox 1789 4877 1927 4931; x_wconf 76' lang='grc' dir='ltr'>ἀπό·</span> 
     </span>
    </p>
   </div>
   <div class='ocr_carea' id='block_1_103' title="bbox 2049 4865 3619 4949">
    <p class='ocr_par' dir='ltr' id='par_1_103' title="bbox 2049 4868 3619 4945">
     <span class='ocr_line' id='line_1_103' title="bbox 2049 4868 3619 4945; baseline -0.004 -15"><span class='ocrx_word' id='word_1_793' title='bbox 2049 4891 2118 4931; x_wconf 81' lang='lat' dir='ltr'><strong>.es</strong></span> <span class='ocrx_word' id='word_1_794' title='bbox 2145 4874 2325 4945; x_wconf 87' lang='lat' dir='ltr'><strong>palam</strong></span> <span class='ocrx_word' id='word_1_795' title='bbox 2352 4880 2627 4927; x_wconf 87' lang='lat' dir='ltr'><strong>eructant.</strong></span> <span class='ocrx_word' id='word_1_796' title='bbox 2650 4870 2792 4927; x_wconf 85' lang='lat' dir='ltr'><strong>Cum</strong></span> <span class='ocrx_word' id='word_1_797' title='bbox 2820 4868 2992 4935; x_wconf 89' lang='lat' dir='ltr'><strong>enim,</strong></span> <span class='ocrx_word' id='word_1_798' title='bbox 3017 4868 3173 4941; x_wconf 71' lang='lat' dir='ltr'><strong>juxta</strong></span> <span class='ocrx_word' id='word_1_799' title='bbox 3197 4868 3499 4925; x_wconf 85' lang='lat' dir='ltr'><strong>Salvatoris</strong></span> <span class='ocrx_word' id='word_1_800' title='bbox 3522 4883 3619 4923; x_wconf 86' lang='lat' dir='ltr'><strong>vo-</strong></span> 
     </span>
    </p>
   </div>
   <div class='ocr_carea' id='block_1_104' title="bbox 319 4958 1946 5038">
    <p class='ocr_par' dir='ltr' id='par_1_104' title="bbox 319 4958 1923 5038">
     <span class='ocr_line' id='line_1_104' title="bbox 319 4958 1923 5038; baseline 0.007 -28"><span class='ocrx_word' id='word_1_801' title='bbox 319 4958 460 5024; x_wconf 78' lang='grc' dir='ltr'>τεξιν</span> <span class='ocrx_word' id='word_1_802' title='bbox 490 4959 811 5032; x_wconf 72' lang='grc' dir='ltr'>ὑπομείνας</span> <span class='ocrx_word' id='word_1_803' title='bbox 831 4961 1000 5033; x_wconf 71' lang='grc' dir='ltr'><strong>(οὕτω</strong></span> <span class='ocrx_word' id='word_1_804' title='bbox 1032 4965 1143 5038; x_wconf 76' lang='grc' dir='ltr'>γὰρ</span> <span class='ocrx_word' id='word_1_805' title='bbox 1172 4967 1365 5023; x_wconf 80' lang='grc' dir='ltr'>ἑαυτὸν</span> <span class='ocrx_word' id='word_1_806' title='bbox 1396 4968 1735 5024; x_wconf 77' lang='grc' dir='ltr'>κεκενῶσθαι</span> <span class='ocrx_word' id='word_1_807' title='bbox 1766 4968 1923 5038; x_wconf 78' lang='grc' dir='ltr'>λέγε-</span> 
     </span>
    </p>
   </div>
   <div class='ocr_carea' id='block_1_105' title="bbox 2049 4958 3623 5038">
    <p class='ocr_par' dir='ltr' id='par_1_105' title="bbox 2049 4962 3623 5035">
     <span class='ocr_line' id='line_1_105' title="bbox 2049 4962 3623 5035; baseline -0.006 -10"><span class='ocrx_word' id='word_1_808' title='bbox 2049 4985 2150 5025; x_wconf 81' lang='lat' dir='ltr'><strong>:em</strong></span> <span class='ocrx_word' id='word_1_809' title='bbox 2174 4970 2244 5035; x_wconf 74' lang='lat'><strong>9°,</strong></span> <span class='ocrx_word' id='word_1_810' title='bbox 2269 4968 2399 5023; x_wconf 88' lang='lat' dir='ltr'><strong>mali</strong></span> <span class='ocrx_word' id='word_1_811' title='bbox 2437 4966 2569 5032; x_wconf 88' lang='lat' dir='ltr'><strong>sint,</strong></span> <span class='ocrx_word' id='word_1_812' title='bbox 2604 4965 2748 5021; x_wconf 87' lang='lat' dir='ltr'><strong>bona</strong></span> <span class='ocrx_word' id='word_1_813' title='bbox 2786 4962 2940 5035; x_wconf 84' lang='lat' dir='ltr'><strong>loqui</strong></span> <span class='ocrx_word' id='word_1_814' title='bbox 2978 4979 3092 5018; x_wconf 92' lang='lat' dir='ltr'><strong>non</strong></span> <span class='ocrx_word' id='word_1_815' title='bbox 3123 4971 3374 5034; x_wconf 87' lang='lat' dir='ltr'><strong>possunt.</strong></span> <span class='ocrx_word' id='word_1_816' title='bbox 3402 4962 3541 5017; x_wconf 81' lang='lat' dir='ltr'><strong>Nam</strong></span> <span class='ocrx_word' id='word_1_817' title='bbox 3574 4963 3623 5017; x_wconf 83' lang='lat' dir='ltr'><strong>is</strong></span> 
     </span>
    </p>
   </div>
   <div class='ocr_carea' id='block_1_106' title="bbox 318 5052 1946 5136">
    <p class='ocr_par' dir='ltr' id='par_1_106' title="bbox 318 5052 1923 5136">
     <span class='ocr_line' id='line_1_106' title="bbox 318 5052 1923 5136; baseline 0.009 -34"><span class='ocrx_word' id='word_1_818' title='bbox 318 5063 424 5115; x_wconf 81' lang='grc' dir='ltr'>ται,</span> <span class='ocrx_word' id='word_1_819' title='bbox 456 5052 811 5109; x_wconf 80' lang='grc' dir='ltr'>ταπεινῶσαι</span> <span class='ocrx_word' id='word_1_820' title='bbox 854 5068 917 5110; x_wconf 83' lang='grc' dir='ltr'><strong>τε</strong></span> <span class='ocrx_word' id='word_1_821' title='bbox 960 5058 1058 5111; x_wconf 78' lang='grc' dir='ltr'><strong>καὶ</strong></span> <span class='ocrx_word' id='word_1_822' title='bbox 1086 5059 1146 5113; x_wconf 67' lang='grc' dir='ltr'>ἐν</span> <span class='ocrx_word' id='word_1_823' title='bbox 1173 5061 1392 5134; x_wconf 76' lang='grc' dir='ltr'>ὑπακοῇ</span> <span class='ocrx_word' id='word_1_824' title='bbox 1422 5063 1679 5133; x_wconf 80' lang='grc' dir='ltr'>γενέσθαι</span> <span class='ocrx_word' id='word_1_825' title='bbox 1707 5065 1775 5136; x_wconf 80' lang='grc' dir='ltr'><strong>τῇ</strong></span> <span class='ocrx_word' id='word_1_826' title='bbox 1823 5062 1923 5133; x_wconf 80' lang='grc' dir='ltr'><strong>μέ-</strong></span> 
     </span>
    </p>
   </div>
   <div class='ocr_carea' id='block_1_107' title="bbox 2049 5052 3620 5136">
    <p class='ocr_par' dir='ltr' id='par_1_107' title="bbox 2049 5054 3620 5134">
     <span class='ocr_line' id='line_1_107' title="bbox 2049 5054 3620 5134; baseline -0.007 -16"><span class='ocrx_word' id='word_1_827' title='bbox 2049 5063 2123 5134; x_wconf 82' lang='grc' dir='ltr'>ιιιὶ</span> <span class='ocrx_word' id='word_1_828' title='bbox 2163 5060 2498 5117; x_wconf 83' lang='lat' dir='ltr'><strong>invisibilem</strong></span> <span class='ocrx_word' id='word_1_829' title='bbox 2537 5058 2987 5129; x_wconf 77' lang='lat' dir='ltr'><strong>ineﬂ&#39;abiiemque</strong></span> <span class='ocrx_word' id='word_1_830' title='bbox 3024 5070 3093 5112; x_wconf 81' lang='lat' dir='ltr'><strong>ex</strong></span> <span class='ocrx_word' id='word_1_831' title='bbox 3126 5058 3239 5111; x_wconf 89' lang='lat' dir='ltr'><strong>Deo</strong></span> <span class='ocrx_word' id='word_1_832' title='bbox 3274 5055 3436 5110; x_wconf 86' lang='lat' dir='ltr'><strong>Patre</strong></span> <span class='ocrx_word' id='word_1_833' title='bbox 3467 5054 3620 5108; x_wconf 88' lang='lat' dir='ltr'><strong>nati-</strong></span> 
     </span>
    </p>
   </div>
   <div class='ocr_carea' id='block_1_108' title="bbox 316 5181 1946 5322">
    <p class='ocr_par' dir='ltr' id='par_1_108' title="bbox 316 5188 1946 5322">
     <span class='ocr_line' id='line_1_108' title="bbox 316 5188 1946 5315; baseline 0.017 -73"><span class='ocrx_word' id='word_1_834' title='bbox 316 5188 429 5313; x_wconf 52' lang='lat' dir='ltr'><strong>me</strong></span> <span class='ocrx_word' id='word_1_835' title='bbox 456 5189 708 5315; x_wconf 44' lang='lat' dir='ltr'><strong>rgum».</strong></span> <span class='ocrx_word' id='word_1_836' title='bbox 736 5208 794 5259; x_wconf 87' lang='grc' dir='ltr'><strong>ιι,</strong></span> <span class='ocrx_word' id='word_1_837' title='bbox 836 5194 956 5251; x_wconf 84' lang='grc'><strong>6-9.</strong></span> <span class='ocrx_word' id='word_1_838' title='bbox 1041 5197 1157 5256; x_wconf 82' lang='lat' dir='ltr'><strong>&quot;Il</strong></span> <span class='ocrx_word' id='word_1_839' title='bbox 1184 5200 1311 5258; x_wconf 89' lang='lat' dir='ltr'><strong>Cor.</strong></span> <span class='ocrx_word' id='word_1_840' title='bbox 1347 5219 1401 5267; x_wconf 77' lang='grc' dir='ltr'><strong>ν,</strong></span> <span class='ocrx_word' id='word_1_841' title='bbox 1450 5202 1535 5258; x_wconf 68' lang='lat'><strong>19.</strong></span> <span class='ocrx_word' id='word_1_842' title='bbox 1612 5202 1897 5259; x_wconf 72' lang='lat' dir='ltr'><strong>&quot;ColOSS-</strong></span> <span class='ocrx_word' id='word_1_843' title='bbox 1938 5219 1946 5257; x_wconf 79' lang='grc' dir='ltr'><strong>ι</strong></span> 
     </span>
     <span class='ocr_line' id='line_1_109' title="bbox 391 5262 1038 5322; baseline 0.006 -7"><span class='ocrx_word' id='word_1_844' title='bbox 391 5299 403 5315; x_wconf 94' lang='grc'><strong>.</strong></span> <span class='ocrx_word' id='word_1_845' title='bbox 636 5262 778 5317; x_wconf 83' lang='lat' dir='ltr'><strong>atth.</strong></span> <span class='ocrx_word' id='word_1_846' title='bbox 815 5281 910 5322; x_wconf 78' lang='lat' dir='ltr'><strong>xu.</strong></span> <span class='ocrx_word' id='word_1_847' title='bbox 945 5266 1038 5322; x_wconf 72' lang='lat'><strong>54.</strong></span> 
     </span>
    </p>
   </div>
   <div class='ocr_carea' id='block_1_109' title="bbox 2049 5181 3613 5322">
    <p class='ocr_par' dir='ltr' id='par_1_109' title="bbox 2049 5181 3613 5266">
     <span class='ocr_line' id='line_1_110' title="bbox 2049 5181 3613 5266; baseline -0.008 -8"><span class='ocrx_word' id='word_1_848' title='bbox 2049 5206 2075 5257; x_wconf 64' lang='grc' dir='ltr'><strong>ν.</strong></span> <span class='ocrx_word' id='word_1_849' title='bbox 2155 5201 2198 5233; x_wconf 78' lang='grc'><strong>⁸⁷</strong></span> <span class='ocrx_word' id='word_1_850' title='bbox 2234 5202 2355 5257; x_wconf 79' lang='lat' dir='ltr'><strong>Act.</strong></span> <span class='ocrx_word' id='word_1_851' title='bbox 2388 5217 2443 5266; x_wconf 84' lang='lat' dir='ltr'><strong>x,</strong></span> <span class='ocrx_word' id='word_1_852' title='bbox 2485 5198 2576 5255; x_wconf 80' lang='lat'><strong>58.</strong></span> <span class='ocrx_word' id='word_1_853' title='bbox 2673 5193 2719 5227; x_wconf 80' lang='grc'><strong>⁸⁸</strong></span> <span class='ocrx_word' id='word_1_854' title='bbox 2768 5188 2889 5251; x_wconf 75' lang='lat' dir='ltr'><strong>Act.</strong></span> <span class='ocrx_word' id='word_1_855' title='bbox 2931 5181 3312 5257; x_wconf 60' lang='lat'><strong>“11.50.51.</strong></span> <span class='ocrx_word' id='word_1_856' title='bbox 3409 5189 3456 5221; x_wconf 80' lang='lat'><strong>”</strong></span> <span class='ocrx_word' id='word_1_857' title='bbox 3481 5189 3613 5246; x_wconf 84' lang='lat' dir='ltr'><strong>Jud.</strong></span> 
     </span>
    </p>
   </div>
   <div class='ocr_carea' id='block_1_110' title="bbox 391 5299 1038 5333">
    <p class='ocr_par' dir='ltr' id='par_1_110' title="bbox 391 5299 1038 5333">
     <span class='ocr_line' id='line_1_111' title="bbox 391 5299 1038 5333; baseline 0.017 -22"><span class='ocrx_word' id='word_1_858' title='bbox 391 5299 403 5315; x_wconf 77' lang='grc' dir='ltr'><strong>ο</strong></span> <span class='ocrx_word' id='word_1_859' title='bbox 578 5299 778 5317; x_wconf 55' lang='lat' dir='ltr'><strong>annumin.</strong></span> <span class='ocrx_word' id='word_1_860' title='bbox 815 5299 910 5333; x_wconf 72' lang='lat' dir='ltr'><strong>Ml,</strong></span> <span class='ocrx_word' id='word_1_861' title='bbox 945 5299 1038 5322; x_wconf 69' lang='lat' dir='ltr'><strong>U‘Io</strong></span> 
     </span>
    </p>
   </div>
   <div class='ocr_carea' id='block_1_111' title="bbox 1426 5356 2538 5433">
    <p class='ocr_par' dir='ltr' id='par_1_111' title="bbox 1426 5356 2538 5433">
     <span class='ocr_line' id='line_1_112' title="bbox 1426 5356 2538 5433; baseline -0.001 -19"><span class='ocrx_word' id='word_1_862' title='bbox 1426 5356 1602 5414; x_wconf 61' lang='lat' dir='ltr'><strong>Variae</strong></span> <span class='ocrx_word' id='word_1_863' title='bbox 1633 5357 1905 5414; x_wconf 87' lang='lat' dir='ltr'><strong>lectiones</strong></span> <span class='ocrx_word' id='word_1_864' title='bbox 1933 5359 2142 5417; x_wconf 87' lang='lat' dir='ltr'><strong>codicis</strong></span> <span class='ocrx_word' id='word_1_865' title='bbox 2174 5359 2538 5433; x_wconf 88' lang='lat' dir='ltr'><strong>Seguieriani.</strong></span> 
     </span>
    </p>
   </div>
   <div class='ocr_carea' id='block_1_112' title="bbox 398 5462 3611 5551">
    <p class='ocr_par' dir='ltr' id='par_1_112' title="bbox 398 5462 3611 5551">
     <span class='ocr_line' id='line_1_113' title="bbox 398 5462 3611 5551; baseline 0 -33"><span class='ocrx_word' id='word_1_866' title='bbox 398 5470 425 5500; x_wconf 79' lang='lat'>&#39;</span> <span class='ocrx_word' id='word_1_867' title='bbox 460 5466 991 5539; x_wconf 84' lang='grc' dir='ltr'>προσεπερωτῶσιν.</span> <span class='ocrx_word' id='word_1_868' title='bbox 1096 5469 1115 5506; x_wconf 67' lang='grc' dir='ltr'><strong>ί</strong></span> <span class='ocrx_word' id='word_1_869' title='bbox 1168 5466 1554 5534; x_wconf 77' lang='grc' dir='ltr'>ἁναπτύοντες.</span> <span class='ocrx_word' id='word_1_870' title='bbox 1649 5474 1691 5535; x_wconf 51' lang='grc' dir='ltr'><strong>,ιι</strong></span> <span class='ocrx_word' id='word_1_871' title='bbox 1728 5468 2069 5541; x_wconf 75' lang='grc' dir='ltr'>ἑμπιπλῶσι.</span> <span class='ocrx_word' id='word_1_872' title='bbox 2169 5482 2197 5513; x_wconf 74' lang='grc' dir='ltr'><strong>ν</strong></span> <span class='ocrx_word' id='word_1_873' title='bbox 2240 5469 2682 5551; x_wconf 76' lang='grc' dir='ltr'>ἀποδιῖστῶντες.</span> <span class='ocrx_word' id='word_1_874' title='bbox 2779 5475 2809 5506; x_wconf 72' lang='grc' dir='ltr'><strong>κ</strong></span> <span class='ocrx_word' id='word_1_875' title='bbox 2840 5465 3284 5541; x_wconf 57' lang='grc' dir='ltr'><strong>⁸ιιιταρευθύνουσι,</strong></span> <span class='ocrx_word' id='word_1_876' title='bbox 3311 5469 3371 5543; x_wconf 72' lang='grc' dir='ltr'>ἢ,</span> <span class='ocrx_word' id='word_1_877' title='bbox 3423 5462 3611 5520; x_wconf 73' lang='grc' dir='ltr'>διασύ-</span> 
     </span>
    </p>
   </div>
   <div class='ocr_carea' id='block_1_113' title="bbox 1875 5628 2102 5691">
    <p class='ocr_par' dir='ltr' id='par_1_113' title="bbox 1875 5628 2102 5691">
     <span class='ocr_line' id='line_1_114' title="bbox 1875 5628 2102 5691; baseline 0 -2"><span class='ocrx_word' id='word_1_878' title='bbox 1875 5628 2102 5691; x_wconf 68' lang='lat' dir='ltr'><strong>NOTAE.</strong></span> 
     </span>
    </p>
   </div>
  </div>
