4048 6442
473 242 572 302 271

1475 238 1534 296 S.
1576 238 1854 297 CYRILLI
1896 240 2369 299 ALEXANDRINI
2410 242 2730 301 ARCHIEP.

3652 250 3768 308 ατε

475 364 701 419 vitatem
744 360 988 427 obtinet,
1031 369 1151 417 erat
1192 360 1386 433 procul
1432 361 1605 418 dubio
1644 371 1700 418 et
1732 371 1816 417 est
1850 377 2050 424 semoei

2170 383 2264 436 χρι
2293 365 2525 420 θανάτου
2554 367 2650 420 καὶ
2680 365 2964 437 σταυροῦ),
2984 364 3154 439 ταύτῃ
3188 383 3292 433 τοι,
3311 365 3404 421 καὶ
3434 366 3582 438 μάλα
3616 369 3764 424 εικό-

475 455 622 510 Deus
647 462 705 509 et
732 452 996 509 Dominus
1023 471 1037 507 :
1068 463 1426 525 posteaquam
1452 469 1586 510 vero
1611 453 1918 510 secundum
1943 470 2071 509 car-

476 561 600 601 nem
639 559 707 599 ex
742 545 974 599 muliere
1010 553 1175 600 natus
1198 555 1303 612 est,
1329 546 1426 602 sed
1462 545 1777 602 admirabili
1803 546 1988 612 modo,
2017 558 2075 603 et

477 652 640 708 supra
671 651 792 701 nos,
822 636 1085 692 nimirum
1118 638 1293 693 sancti
1329 637 1570 709 Spiritus
1599 638 1818 709 illapsu,
1845 638 2073 693 divinae-

476 745 583 800 que
612 729 838 785 virtutis
873 729 1301 785 obumbratione
1332 732 1399 797 ",
1427 741 1610 787 ortum
1647 729 1871 800 quidem
1906 729 2071 784 sicuti

474 836 577 875 nos
615 820 845 876 sortitus
876 818 984 893 (sic
1027 837 1265 893 namque
1306 823 1663 892 semetipsum
1700 821 2071 877 exinanivisse

473 920 531 967 et
568 911 926 980 humiliasse,
966 931 1185 970 necnon
1239 913 1416 969 factus
1472 914 1737 969 obediens
1782 929 1958 984 usque
2001 914 2067 968 ad

473 1013 709 1060 mortem
733 1012 790 1059 et
813 1021 1034 1061 crucem
1067 1004 1248 1077 dicit),
1272 1022 1336 1060 ea
1362 1006 1599 1072 ratione,
1622 1004 1927 1076 etquidem
1954 1021 2068 1061 me-

474 1096 604 1163 rito,
631 1112 835 1152 nomen
865 1097 1013 1168 quod
1036 1106 1121 1154 est
1149 1112 1317 1168 super
1344 1112 1506 1152 omne
1534 1112 1759 1164 nomen,
1785 1097 2067 1168 accepisse

472 1187 819 1256 perhibetur,
845 1202 1119 1259 omneque
1148 1204 1314 1259 genu,
1349 1187 1679 1257 caelestium,
1715 1188 2064 1244 terrestrium

473 1287 530 1333 et
580 1279 923 1336 infernorum
974 1281 1078 1351 ipsi
1137 1281 1490 1348 incurvatur;
1540 1288 1597 1338 et
1645 1282 1828 1337 omnis
1876 1281 2064 1353 lingua

472 1370 830 1440 conﬁtebitur
867 1374 1012 1445 quod
1046 1374 1315 1430 Dominus
1352 1372 1513 1430 Iesus
1551 1373 1807 1431 Christus
1846 1375 1904 1431 in
1942 1375 2061 1447 glo-

471 1467 551 1522 ria
567 1476 654 1523 est
670 1468 766 1523 Dei
780 1469 961 1523 Patris
973 1468 1041 1521 θ’.
1052 1467 1242 1538 Neque
1256 1466 1405 1523 enim
1426 1467 1642 1523 ratione
1659 1468 1821 1539 168
1831 1467 2062 1538 praedita

470 1570 723 1617 creatura
758 1561 931 1616 Deum
974 1575 1096 1616 esse
1143 1559 1299 1616 illum
1343 1560 1438 1632 qui
1487 1560 1655 1616 homo
1701 1560 1880 1616 factus
1914 1569 2057 1627 erat,

468 1652 771 1709 nesciebat.
792 1652 929 1707 Nam
954 1652 1207 1723 quamvis
1232 1661 1421 1709 nostra
1444 1654 1771 1725 Susceperit,
1798 1654 2061 1726 perinde-

2175 475 2305 524 τως,
2350 457 2572 529 λέγεται
2621 458 2809 512 λαϐεῖν
2840 457 2901 510 τὸ
2930 457 3101 529 ὄνομα
3130 458 3193 512 τὸ
3224 458 3369 530 ὑπὲρ
3409 460 3520 514 πᾶν
3561 458 3760 531 ὄνομα,

2174 547 2270 601 καὶ
2297 548 2446 619 αὐτῷ
2478 548 2727 619 κάμπτει
2756 549 2868 602 πᾶν
2905 547 3035 617 γόνυ
3053 590 3068 614 ,
3102 549 3466 618 ἐπουρανίων,
3494 550 3592 606 καὶ
3629 550 3761 607 επι-

2172 638 2360 708 γείων,
2397 641 2492 694 καὶ
2523 640 2913 711 καταχθονίωνο
2941 641 3036 694 καὶ
3065 643 3217 695 πᾶσα
3246 640 3472 710 γλῶσσα
3499 642 3764 714 ἐξομολοο

2171 732 2422 803 γήσεται,
2453 732 2536 786 ὅτι
2565 733 2770 805 Κύριος
2804 732 3013 804 Ἰησοῦς
3041 732 3275 804 Χριστὸς
3315 734 3394 797 εἰς
3422 732 3582 802 δόξαν
3615 733 3764 789 Θεοῦ

2170 822 2406 895 Πατρός.
2458 824 2533 878 Οὐ
2575 823 2685 896 γὰρ
2735 824 3004 895 ἠγνόησεν
3054 825 3089 897 ἡ
3127 823 3320 894 λογικὴ
3375 823 3538 894 φύσις
3574 833 3624 890 1,
3666 824 3761 879 ὅτι

2168 915 2301 980 Θεὸς
2319 911 2388 988 ἦν
2412 915 2440 969 ὁ
2468 915 2921 988 ὲνανθρωπήσας.
2949 918 3010 970 Et
3039 916 3148 989 γὰρ
3177 917 3274 971 καὶ
3304 915 3530 985 γέγονεν
3552 917 3613 972 ὲν
3639 919 3763 982 τοῖς

2167 1008 2291 1065 καθ’
2318 1011 2487 1081 ἡμᾶς,
2511 1010 2607 1064 καὶ
2640 1010 3038 1081 παραπλησίως
3064 1012 3194 1082 ἡμῖν
3218 1009 3555 1081 μετέσχηκεν
3585 1011 3764 1080 αἵμα-

2163 1119 2257 1167 τος
2297 1103 2395 1158 καὶ
2433 1103 2658 1173 σαρκὸς.
2687 1101 2802 1157 ἀλλ’
2851 1099 2944 1156 οὖν
2976 1103 3076 1156 οὐκ
3108 1102 3518 1172 ἁποτ-..εφοίτηκε
3541 1101 3636 1156 τοῦ
3666 1097 3762 1154 εἶ-

2165 1213 2252 1250 ναι
2285 1196 2439 1261 Θεὸς,
2473 1195 2595 1250 οὐδὲ
2621 1195 2931 1267 ἀπόσλητον
2963 1197 3260 1265 ἐποιήσατο
3296 1177 3357 1246 τὶ)
3388 1202 3412 1235 ι
3439 1188 3579 1248 εἶναι
3608 1188 3758 1265 δῆν·

2166 1286 2445 1357 μεμένηκε
2473 1286 2582 1357 γὰρ
2626 1284 3002 1355 προσκυνητὸς
3035 1285 3116 1348 είς
3137 1282 3296 1348 δόξαν
3334 1282 3470 1338 θεοῦ
3508 1282 3755 1355 Πατρός.

2162 1378 2302 1443 Δόξα
2351 1378 2461 1449 γὰρ
2516 1377 2686 1448 αὐτῷ,
2726 1375 3196 1449 συμϐασιλεύοντα
3240 1375 3339 1430 καὶ
3384 1391 3757 1447 συμπροσκυ-

2162 1470 2427 1542 νούμενον
2452 1469 2633 1541 ἐαυτῷ
2679 1469 2771 1522 τὸν
2801 1468 2933 1524 ίδιον
2962 1468 3106 1540 ἔχειν
3153 1467 3302 1522 Υίόν·
3337 1467 3387 1522 εί
3442 1466 3539 1522 καὶ
3582 1465 3756 1536 γέγο-

2162 1580 2252 1618 νεν
2273 1562 2634 1635 οἰκονομικῶς
2658 1561 2968 1634 ἄνθρωπος,
3006 1561 3095 1615 ἴνα
3129 1558 3278 1633 σώσῃ
3315 1559 3417 1634 τὴν
3450 1559 3543 1614 ὑπ’
3576 1559 3757 1631 οὐρα-

2159 1654 2271 1707 νόν.
2891 1689 2899 1699 .
3702 1649 3709 1654 ’

398 1780 403 1785 ς
466 1759 575 1815 que
612 1759 677 1800 ac
724 1758 827 1799 nos
863 1741 1018 1798 carni
1061 1752 1119 1823 et
1160 1743 1416 1815 sanguini
1457 1745 1950 1801 communicaverit
1974 1746 2065 1811 "‘,
2105 1743 2254 1801 Deus
2291 1750 2475 1799 tamen
2507 1758 2629 1799 esse
2655 1759 2766 1799 non
2800 1743 2988 1812 desiit,
3016 1759 3196 1816 neque
3235 1743 3340 1799 hoc
3367 1743 3545 1814 ipsum
3592 1740 3754 1813 quod

463 1846 587 1893 erat
639 1836 840 1908 abjecit
874 1853 888 1890 :
931 1835 1139 1891 mansit
1196 1837 1348 1892 enim
1404 1836 1721 1913 adorandus
1769 1837 1826 1892 in
1871 1838 2101 1909 gloriam
2137 1837 2237 1893 Dei
2282 1837 2483 1892 Patris.
2521 1835 2655 1892 Nam
2685 1835 2736 1892 ei
2765 1836 2938 1908 gloria
2962 1846 3068 1905 est,
3095 1837 3383 1908 proprium
3415 1835 3621 1890 habere
3650 1834 3753 1889 Fi-

464 1929 602 1983 lium
636 1943 763 1984 cum
802 1927 923 1998 ipso
964 1942 1074 1982 una
1117 1934 1440 1999 regnantem
1502 1936 1667 2000 atque
1704 1929 2076 1998 adorandum;

467 2021 645 2077 factus
674 2021 748 2077 sit
777 2020 964 2076 homo.

2151 1930 2367 1986 etiamsi
2419 1930 2465 1985 is
2528 1936 2755 2000 propter
2811 1929 3006 1985 mundi
3062 1930 3294 1987 salutem
3344 1926 3755 2000 dispensatorie

536 2114 770 2183 Quando
803 2130 936 2186 ergo
963 2128 1091 2169 cum
1124 2129 1156 2169 a
1185 2113 1391 2171 sanctis
1422 2112 1652 2187 angelis,
1690 2122 1806 2171 tum
1834 2131 1865 2171 a
1891 2116 2050 2171 nobis

2224 2114 2436 2169 οὐκοῦν
2489 2114 2579 2168 ὅτε
2632 2113 2786 2185 παρά
2838 2129 2899 2167 τε
2947 2111 3057 2173 τῶν
3106 2110 3279 2181 ἁγίων
3326 2112 3596 2181 ἀγγέλων,
3644 2114 3755 2172 καὶ

463 2220 688 2278 quoque
720 2204 815 2276 qui
838 2206 895 2263 in
924 2213 1069 2261 terra
1091 2220 1401 2272 versamur,
1427 2220 1647 2263 carnem
1685 2208 1853 2263 etiam
1884 2208 2051 2264 indu-

465 2307 556 2353 tus
592 2304 792 2351 natura
828 2304 886 2351 et
916 2296 1151 2358 veritate
1180 2295 1329 2352 Deus
1363 2311 1486 2353 esse
1514 2297 1762 2354 creditus
1790 2307 1894 2365 est,
1921 2309 2053 2357 tunc

462 2388 601 2444 illud
626 2402 827 2445 nomen
853 2386 1000 2458 quod
1026 2395 1114 2444 est
1139 2402 1306 2458 super
1336 2402 1500 2444 omne
1538 2404 1741 2446 nomen
1772 2391 2052 2463 accepisse

462 2479 790 2552 intelligitur
818 2496 831 2533 :
858 2494 970 2535 non
1003 2479 1158 2549 quasi
1197 2478 1254 2534 id
1288 2480 1441 2535 velut
1479 2482 1713 2537 auctarii
1753 2483 1875 2538 loco
1915 2498 2050 2539 con-

461 2579 688 2628 secutus
727 2570 900 2627 fuerit
936 2570 1237 2644 (quomodo
1276 2573 1424 2627 enim
1453 2573 1509 2628 id
1529 2573 1678 2644 quod
1708 2584 1849 2642 erat,
1883 2585 1939 2631 et
1967 2583 2053 2631 est

460 2673 518 2720 et
541 2678 761 2734 semper
781 2663 909 2730 erit,
936 2668 1197 2733 tanquam
1220 2680 1330 2719 non
1359 2665 1573 2721 habens
1602 2665 1923 2739 accipiat?),
1952 2667 2049 2723 sed

458 2755 610 2826 quod
645 2756 793 2812 Deus
830 2766 887 2813 et
920 2756 1083 2811 Pater
1122 2765 1336 2813 mentes
1372 2757 1620 2813 omnium
1658 2758 1969 2826 illustrarit,
1993 2769 2052 2818 et

461 2851 810 2906 incarnatum
832 2850 1074 2907 Verbum
1103 2865 1225 2906 esse
1260 2850 1563 2906 secundum
1591 2860 1846 2908 naturam
1873 2854 2048 2909 Deum

458 2939 704 3012 ignorari
741 2956 854 2996 non
892 2940 1255 3011 permiserit:
1297 2960 1316 2993 ι
1354 2941 1559 3008 Nemo,
1603 2942 1812 3013 inquit,
1856 2944 2048 3000 venire

458 3040 642 3105 potest
683 3032 753 3088 ad
787 3047 897 3098 me,
938 3032 1047 3088 nisi
1085 3033 1249 3088 Pater
1273 3034 1367 3104 qui
1401 3033 1554 3090 misit
1584 3051 1694 3102 me,
1722 3038 1954 3094 traxerit
1978 3039 2046 3093 il-

459 3127 574 3181 lum
608 3125 677 3180 ”.
713 3143 731 3177 ι
770 3123 949 3181 Simili
989 3122 1154 3179 modo
1184 3130 1242 3179 et
1277 3124 1393 3195 ipsa
1433 3140 1654 3197 quoque
1694 3128 1815 3200 ejus
1857 3131 2047 3186 unctio

458 3216 609 3272 circa
641 3215 940 3271 humanam
984 3222 1239 3270 naturam
1279 3214 1404 3270 fuit.
1446 3217 1582 3271 Nam
1622 3232 1748 3273 cum
1781 3219 2045 3290 Unigeni-

458 3319 569 3375 tus,
598 3309 692 3379 qui
717 3323 786 3363 ex
814 3307 977 3364 Patre
1005 3306 1266 3379 gignitur,
1295 3308 1600 3364 secundum
1632 3319 1886 3366 naturam
1914 3328 2043 3368 san-

456 3407 581 3455 ctus
611 3408 763 3455 esset
796 3414 908 3455 non
941 3412 1104 3454 secus
1143 3413 1206 3453 ac
1245 3398 1428 3465 Pater,
1460 3400 1765 3471 secundum
1803 3418 1906 3459 nos
1937 3419 2043 3458 un-

2150 2204 2312 2279 ήμῶν
2335 2204 2444 2259 τῶν
2473 2205 2569 2258 ἐπὶ
2608 2205 2707 2275 τῆς
2739 2205 2845 2275 γῆς
2873 2204 3194 2272 ὲπιστεύθη,
3220 2203 3315 2258 καὶ
3341 2203 3479 2275 μετὰ
3512 2206 3747 2277 σαρκὸς,

2148 2299 2229 2366 ὡς
2258 2299 2347 2370 εἴη
2377 2297 2511 2363 Θεὸς
2538 2298 2700 2369 φύσει
2732 2314 2793 2352 τε
2821 2296 2917 2352 καὶ
2954 2296 3191 2369 ἀληθῶς,
3221 2296 3342 2350 τότε
3374 2297 3438 2350 τδ
3474 2296 3613 2369 ὑπὲρ
3628 2302 3747 2354 πᾶν

2150 2393 2324 2464 ὄνομα
2363 2392 2566 2445 νοεῖται
2606 2389 2810 2457 λαϐὼν,
2861 2390 2964 2444 οὐκ
3012 2391 3074 2444 ὲν
3115 2389 3435 2462 προσθήκης
3467 2390 3637 2463 μοίρᾳ
3675 2392 3744 2446 τδ

2152 2484 2346 2558 χρῆμα
2377 2480 2679 2555 κερδαίνων
2716 2481 2901 2546 αὐτὸς.
2936 2480 2988 2551 (δ
3012 2479 3122 2550 γὰρ
3148 2475 3218 2551 ἦν
3253 2497 3314 2536 τε
3349 2480 3445 2534 και
3481 2479 3618 2544 εστι,
3642 2480 3747 2535 και

2151 2573 2309 2627 ἔσται
2338 2572 2449 2635 ἀεὶ,
2480 2571 2599 2634 πῶς
2620 2569 2686 2624 ἂν
2713 2569 2789 2633 ὡς
2820 2567 3087 2648 aiax-Eme
3113 2567 3269 2622 λάϐοι
3289 2569 3329 2638 ;)
3363 2564 3746 2640 ὲλλᾶμψαντος

2148 2650 2206 2721 δὲ
2236 2664 2441 2738 μᾶλλον
2471 2667 2593 2728 ταῖς
2627 2663 2884 2717 ἁπάντων
2918 2660 3179 2726 διανοίαις
3211 2661 3305 2714 τοῦ
3330 2660 3468 2715 Θεοῦ
3496 2663 3593 2715 καὶ
3618 2662 3742 2716 Ila-

2148 2757 2300 2831 τρδς,
2322 2757 2419 2811 καὶ
2446 2756 2538 2810 τὸν
2569 2753 2923 2827 σαρκωθέντα
2953 2752 3147 2821 Λόγον,
3181 2752 3266 2809 ﬁt
3292 2752 3426 2816 Θεὸς
3455 2751 3599 2806 κατὰ
3629 2753 3743 2822 cpti-

2152 2866 2236 2902 σιν
2256 2847 2405 2902 ἐστὶν
2430 2847 2695 2917 ἀγνοῆσαι
2726 2843 2803 2916 μὴ
2825 2843 3302 2915 συγχωρήσαντος.
3331 2861 3351 2894 ι
3383 2842 3570 2907 οὐδεὶς
3600 2842 3743 2915 γὰρ,

2149 2936 2304 3009 φησὶ,
2339 2937 2562 2991 δύναται
2603 2934 2778 2989 ἐλθεῖν
2825 2933 2962 3006 πρός
3007 2951 3098 3005 με,
3135 2933 3232 2987 ἐὰν
3283 2933 3358 3006 μὴ
3394 2934 3425 2988 6
3475 2933 3670 3006 Πατὴρ
3708 2935 3742 2989 6

2149 3030 2377 3102 πέμψας
2408 3047 2477 3101 με
2525 3027 2729 3100 ἑλκύσῃ
2764 3026 2948 3083 αὐτόν.
2986 3045 3006 3080 ι
3043 3027 3240 3096 Γέγονε
3265 3025 3323 3080 δὲ
3364 3026 3460 3082 καὶ
3483 3028 3518 3098 ἡ
3552 3026 3741 3098 χρίσις

2147 3123 2296 3195 αὺτῷ
2316 3123 2444 3195 περὶ
2471 3121 2532 3176 τὸ
2553 3120 2909 3193 ἀνθρώπινον.
2942 3121 3134 3189 Ἀγιος
3153 3120 3264 3191 γὰρ
3289 3119 3364 3175 ὢν
3384 3119 3525 3174 κατὰ
3545 3120 3739 3189 φύσιν,

2147 3213 2401 3285 καθάπερ
2427 3212 2644 3283 ἀμέλει,
2670 3212 2767 3267 καὶ
2803 3214 2832 3266 6
2878 3212 3071 3283 Πατὴρ
3111 3200 3209 3265 διαὶ
3235 3212 3265 3266 6
3291 3212 3351 3278 ἐξ
3396 3208 3565 3266 αὐτοῦ
3607 3227 3740 3279 γενπ

2145 3306 2330 3379 νηθεὶς
2382 3318 2409 3347 ι
2444 3303 2572 3369 Υἱὸς
2622 3303 2939 3375 μονογενὴς,
2993 3302 3282 3375 κεκρίσθαι
3332 3303 3555 3373 λέγεται
3607 3304 3738 3358 καθ’

2147 3400 2315 3471 ἡμᾶς,
2349 3398 2517 3469 ἤγουν
2547 3396 2814 3469 ἠγιάσθαι
2847 3396 2999 3467 παρὰ
3039 3394 3135 3450 τοῦ
3183 3396 3423 3468 Πατρὺς,
3456 3395 3596 3451 καθὸ
3628 3397 3737 3451 πί·

455 3501 599 3556 ctus,
627 3492 733 3546 hoc
753 3498 860 3557 est,
882 3505 912 3545 a
937 3490 1099 3544 Patre
1123 3489 1496 3546 sanctiﬁcatus
1516 3490 1741 3556 dicitur,
1768 3502 2045 3563 quatenus

2151 3507 2314 3563 ιρηνεν
2361 3489 2670 3560 ἄνθρωπος.
2719 3487 2929 3559 Γράφει
2964 3487 3096 3557 γοῦν
3133 3489 3163 3541 6
3200 3488 3479 3559 πάνσοφος
3514 3487 3740 3553 Παῦλος

456 3581 723 3636 nimirum
760 3580 931 3636 homo
959 3581 1233 3651 apparuit.
1272 3581 1390 3649 Qua
1417 3581 1487 3638 de
1512 3598 1574 3638 re
1601 3584 2043 3655 sapientissimus

456 3673 660 3728 Paulus
689 3672 759 3727 de
788 3671 884 3727 illo
920 3687 985 3728 ac
1015 3672 1084 3728 de
1121 3672 1282 3729 nobis
1320 3674 1395 3729 ita
1433 3674 1667 3730 scribit:
1708 3697 1726 3727 ι
1760 3678 1865 3744 Qui
1889 3679 2038 3735 enim

454 3760 786 3827 sanctiﬁcat,
805 3769 863 3816 et
900 3762 996 3832 qui
1037 3762 1472 3831 sanctiﬁcantur,
1494 3781 1563 3821 ex
1586 3782 1698 3822 uno
1717 3782 1910 3826 omnes
1931 3771 1997 3826 “.
2012 3789 2031 3821 ι

454 3853 688 3923 Propter
712 3867 880 3923 quam
908 3867 1129 3908 causam
1168 3870 1281 3910 non
1321 3856 1678 3914 confunditur
1710 3859 1914 3918 fratres
1941 3877 2041 3919 eos

459 3958 675 4010 vocare,
704 3943 898 4000 dicens
930 3962 943 3999 :
987 3964 1007 3996 ι
1037 3945 1393 4002 Annuntiaho
1425 3963 1627 4005 nomen
1655 3957 1810 4006 tuum
1847 3951 2036 4009 fratri-

451 4031 561 4090 bus
587 4034 731 4090 meis
752 4034 820 4087 ⁸⁸.
854 4052 874 4086 ι
909 4033 1055 4105 Ergo
1082 4048 1207 4089 cum
1241 4035 1567 4108 Unigenitus
1601 4039 1905 4095 secundum
1941 4057 2041 4096 na-

450 4133 638 4179 turam
667 4138 823 4180 suam
853 4133 1079 4180 sanctus
1116 4125 1208 4191 sit,
1247 4126 1531 4197 ipsamque
1562 4138 1874 4186 creaturam
1906 4146 2036 4188 san-

448 4213 691 4283 ctiﬂcet;
725 4223 968 4272 attamen
997 4229 1124 4271 cum
1154 4216 1325 4273 frater
1356 4226 1547 4274 noster
1571 4230 1659 4276 est
1678 4219 1877 4288 factus,
1905 4228 2037 4280 tunc

452 4306 755 4363 secundum
808 4306 1108 4365 humanam
1160 4316 1418 4365 naturam
1474 4311 1764 4367 nobiscum
1813 4329 2036 4386 quoque

450 4407 651 4455 unctus
688 4398 919 4467 dicitur,
957 4410 1149 4471 utpote
1182 4416 1505 4459 mensuram
1538 4403 1792 4461 humanae
1824 4416 2037 4464 natura:

451 4491 877 4547 convenientem
912 4500 968 4548 et
1010 4504 1438 4551 consentaneam
1478 4510 1706 4568 prepter
1745 4497 2034 4569 dispensa-

454 4581 661 4637 tionem
709 4597 1061 4654 nequaquam
1101 4597 1448 4658 aspernatus.
1496 4588 1577 4643 lta
1619 4591 1768 4646 enim
1808 4591 2034 4648 beatum

448 4671 720 4728 Joannem
743 4671 1042 4744 Baptistam
1064 4662 1317 4746 profecto
1343 4678 1642 4749 alloquitur
1668 4699 1683 4735 :
1716 4702 1735 4735 ι
1761 4682 2034 4750 Quoniam

2141 3584 2270 3655 περί
2306 3599 2368 3635 τε
2414 3580 2580 3637 αὐτοῦ
2619 3581 2716 3635 καὶ
2759 3578 2941 3652 ἡμῶν·
2978 3600 2995 3633 ι
3023 3578 3095 3635 ’⁸0
3136 3597 3196 3633 τε
3225 3580 3336 3652 γὰρ
3363 3579 3611 3650 ἁγιάζων
3632 3580 3738 3636 καὶ

2140 3678 2189 3731 οἱ
2221 3671 2574 3746 ἁγιαζόμενοι
2627 3671 2689 3739 ἐξ
2731 3673 2852 3737 ἐνὸς
2887 3672 3110 3736 πάντες·
3153 3691 3172 3724 ι
3222 3670 3292 3726 δι’
3317 3672 3384 3744 ἢν
3410 3673 3592 3728 αἰτίαν
3627 3674 3737 3727 οὐκ

2140 3764 2530 3837 ἐπαισχύνεται
2551 3763 2816 3834 ἀδελφοὺς
2831 3763 3030 3827 αὐτοὺς
3049 3752 3257 3827 καλεῖν,
3272 3762 3464 3833 λέγων·
3477 3782 3497 3816 ι
3518 3765 3737 3833 Ἀπαγ-

2140 3859 2284 3929 γελῶ
2308 3858 2369 3913 τδ
2391 3856 2565 3930 ὄνομά
2597 3872 2693 3910 σου
2726 3856 2839 3919 τοῖς
2875 3854 3126 3925 ἀδελφοῖς
3152 3872 3274 3926 μου.
3305 3874 3327 3908 ι
3352 3855 3562 3910 Οὐκοῦν
3584 3855 3739 3913 κατὰ

2140 3952 2306 4023 φύσιν
2338 3950 2494 4019 ἅγιος
2520 3947 2596 4002 ὣν
2627 3947 2657 4001 6
2687 3945 3024 4019 Μονογενὴς,
3054 3948 3150 4001 καὶ
3178 3946 3424 4016 ἁγιάζων
3459 3948 3559 4019 τὴν
3604 3948 3737 4005 xti-

2141 4061 2245 4110 σιν,
2285 4044 2377 4097 ὅτε
2412 4039 2825 4113 κεχρημάτικεν
2855 4040 3012 4111 ἡμῶν
3039 4039 3289 4109 ἀδελφὸς,
3318 4039 3441 4094 τότε
3476 4040 3574 4093 καὶ
3603 4041 3734 4112 μεθ’

2139 4136 2297 4209 ἡμῶν
2329 4132 2687 4206 ἀνθρωπίνως
2715 4130 3000 4204 κεκρίσθαι
3035 4129 3279 4201 λέγεται,
3311 4131 3372 4185 τὸ
3402 4132 3471 4203 τῇ
3505 4130 3733 4203 ἀνθρω·

2139 4228 2334 4299 πότητι
2374 4222 2586 4296 πρέπον
2621 4239 2682 4277 τε
2720 4223 2817 4278 καὶ
2863 4221 3011 4287 εἰκὸς
3053 4221 3154 4275 οὐκ
3194 4221 3470 4293 ἀτιμάσας
3499 4220 3727 4294 μέτρον,

2137 4320 2227 4374 διὰ
2249 4317 2351 4391 τὴν
2378 4314 2719 4387 οἰκονομίαν.
2744 4310 2904 4368 Οὕτω
2931 4312 3044 4384 γάρ
3071 4312 3176 4366 πού
3197 4329 3337 4383 (mm
3353 4313 3604 4384 καὶπρὸς
3626 4312 3732 4369 τὸν

2137 4412 2424 4467 Θεσπέσιον
2450 4407 2786 4479 Βαπτιστήνο
2819 4425 2839 4459 ι
2880 4406 3004 4458 Ὅτι
3038 4406 3247 4476 πρέπον
3276 4406 3407 4477 ἡμῖν
3434 4407 3549 4459 ἐστι
3577 4406 3727 4475 πλη-

2141 4503 2315 4575 ρῶσαι
2352 4501 2536 4555 πᾶσαν
2560 4496 2930 4568 δικαιοσύνην.
2974 4512 2995 4549 ι
3025 4495 3091 4549 Ei
3117 4493 3175 4548 δὲ
3203 4493 3270 4565 δὴ
3311 4493 3527 4563 λέγοιτο
3569 4493 3665 4548 καὶ
3694 4495 3735 4549 6

2137 4595 2273 4659 Θεὸς
2302 4589 2442 4647 εἶναι
2472 4591 2590 4663 μετ’
2620 4588 2810 4655 αὐτοῦ,
2844 4587 2964 4652 πῶς
2989 4586 3271 4658 ἠγνόησαν
3294 4586 3345 4640 oi
3377 4586 3544 4640 δεινοὶ
3571 4603 3730 4655 σοφιρ

2139 4687 2282 4751 σταὶ,
2314 4686 2399 4738 ὅτι
2430 4683 2681 4738 σύνεστιν
2723 4680 2813 4735 ἀεὶ
2855 4678 3104 4751 φυσικῶς
3152 4681 3182 4735 6
3240 4679 3432 4751 Πατὴρ
3473 4678 3553 4750 τῷ
3579 4679 3727 4749 Υίῷ,

451 4762 613 4868 decet
648 4774 753 4819 nos
788 4764 1018 4835 implere
1052 4781 1274 4824 omnem
1319 4768 1591 4840 justitiam
1618 4771 1686 4825 “.
1730 4791 1751 4824 ι
1790 4772 1949 4840 Quod
1985 4775 2032 4831 si

2151 4778 2301 4841 ιύτός
2329 4793 2391 4830 τε
2418 4774 2495 4829 ὢν
2532 4776 2591 4827 ὲν
2627 4771 2801 4843 αὐτῷ,
2838 4772 2936 4827 καὶ
2971 4770 3113 4843 ἔχων
3139 4769 3303 4825 αὑτὸν
3332 4773 3392 4825 ὲν
3422 4769 3610 4842 αὐτῷς
3644 4772 3735 4827 Ἦ

451 4849 598 4906 Deus
619 4864 746 4907 cum
779 4853 901 4923 ipso
919 4868 1142 4927 quoque
1169 4872 1292 4914 esse
1316 4857 1558 4926 dicatur,
1580 4861 1862 4930 quomodo
1884 4865 2033 4920 acuti

2151 4871 2197 4925 ιύ
2243 4867 2641 4939 διαμέμνηνται
2685 4863 2936 4935 λέγοντος
2976 4861 3073 4918 τοῦ
3105 4859 3366 4935 Χριστοῦ·
3397 4879 3418 4914 ι
3450 4861 3727 4920 Τοσοῦτον

449 4940 530 4998 illi
578 4943 840 5015 sophistae
891 4961 1005 5002 non
1061 4947 1380 5020 intelligunt
1433 4950 1652 5007 Patrem
1708 4954 2037 5012 naturaliter

2151 4960 2326 5034 ίρόνον
2359 4956 2479 5029 μεθ’
2514 4954 2673 5028 ὑμῶν
2706 4955 2850 5027 ειμι,
2878 4953 2977 5009 καὶ
2996 4952 3098 5008 οὐκ
3115 4951 3364 5022 ἔγνωκάς
3400 4968 3493 5023 με,
3526 4951 3729 5006 Φίλιπ-

449 5050 671 5108 sempcr
693 5051 817 5094 esse
852 5053 985 5094 cum
1019 5038 1180 5107 Filio,
1210 5056 1338 5096 cum
1380 5049 1439 5099 et
1480 5042 1601 5114 ipse
1640 5044 1696 5100 in
1740 5044 1834 5101 illo
1860 5047 1955 5115 sit,
1980 5059 2039 5107 et

2151 5068 2237 5118 τες
2263 5051 2323 5106 '0
2354 5047 2615 5123 ἑωρακὼς
2635 5047 2763 5121 ἐμὲ,
2785 5047 3000 5119 ἑώρακε
3031 5044 3122 5101 τὸν
3146 5044 3388 5117 Πατέρα.
3413 5042 3669 5114 Ἐγὼκαὶ
3689 5045 3729 5099 ὁ

449 5125 608 5182 illum
646 5128 705 5184 in
742 5129 926 5201 seipso
958 5130 1193 5187 habeat?
1221 5132 1304 5187 An
1348 5148 1459 5190 non
1497 5136 1873 5195 meminerunt
1899 5141 2035 5213 quid

448 5215 704 5275 Christus
733 5220 883 5297 dicat
916 5238 929 5274 :
962 5241 981 5273 ι
1018 5219 1198 5278 Tanto
1225 5232 1474 5295 tempore
1495 5227 1779 5285 vobiscum
1803 5246 1948 5303 sum,
1977 5242 2036 5291 et

2135 5143 2324 5216 Πατὴρ
2358 5142 2419 5197 ἓν
2460 5145 2650 5212 ἐσμεν.
2683 5140 2760 5196 Οὔ
2794 5138 3107 5207 πιστεῦεις,
3136 5137 3220 5193 ἃτι
3251 5134 3364 5208 ἐγὼ
3396 5137 3458 5193 ὲν
3490 5134 3570 5208 τῷ
3603 5136 3765 5191 Πιω

2132 5233 2244 5306 τρὶ,
2275 5234 2373 5288 καὶ
2408 5234 2438 5288 6
2479 5232 2674 5305 Πατὴρ
2700 5232 2761 5286 ὲν
2787 5229 2913 5303 ἔμοι
2933 5230 3119 5300 ὲστινς
3160 5248 3181 5284 ι
3212 5229 3361 5301 Ἔφη
3389 5227 3448 5283 δὲ
3472 5227 3569 5282 καὶ
3597 5225 3727 5282 ιτε.

518 5376 562 5409 “
584 5377 729 5459 ng;
748 5377 901 5459 1,3,5.
977 5376 1286 5459 “_!_’hilipp.
1316 5396 1374 5446 ιι,
1401 5383 1554 5438 6-H.
1650 5384 1717 5417 ’ν
1756 5387 1923 5445 Hebr.
1952 5405 2010 5459 ιι,
2046 5410 2050 5422 ί

2165 5354 2178 5364 ’
2209 5388 2258 5422 ’³
2288 5389 2446 5446 Joan.
2484 5405 2561 5457 vr,
2594 5388 2685 5446 44.
2759 5388 2807 5422 ’δ
2839 5386 3008 5446 Hebr.
3039 5402 3097 5456 ιι,
3125 5385 3214 5442 Η.
3287 5383 3335 5422 ⁸⁸
3368 5381 3510 5441 Psal.
3543 5395 3720 5453 nm.

447 5443 538 5500 33.
613 5448 659 5478 "
681 5447 871 5503 Matth.
902 5462 983 5511 ιιι,
1012 5446 1101 5503 15.

1549 5542 1724 5601 Variae
1748 5545 2014 5609 lectiones
2042 5548 2251 5605 codicis
2272 5546 2644 5619 Seguieriani.

521 5658 547 5698 ί
581 5650 779 5716 κτίσις.
858 5659 881 5686 ι
912 5649 1026 5704 τοῦ.
1104 5664 1131 5693 ιι
1172 5658 1452 5724 πεφηνώς.
