  <div class='ocr_page' id='page_1' title='image "/cluster/home/n/w/nwhite01/storage/ocr_20150623/77:no.10/coo.31924054869783/144.png"; bbox 0 0 4048 6480; ppageno 0'>
   <div class='ocr_carea' id='block_1_1' title="bbox 300 519 407 580">
    <p class='ocr_par' dir='ltr' id='par_1_1' title="bbox 300 519 407 580">
     <span class='ocr_line' id='line_1_1' title="bbox 300 519 407 580; baseline 0.028 -3"><span class='ocrx_word' id='word_1_1' title='bbox 300 519 407 580; x_wconf 72' lang='lat'><strong>273</strong></span> 
     </span>
    </p>
   </div>
   <div class='ocr_carea' id='block_1_2' title="bbox 1745 519 2183 582">
    <p class='ocr_par' dir='ltr' id='par_1_2' title="bbox 1745 519 2183 582">
     <span class='ocr_line' id='line_1_2' title="bbox 1745 519 2183 582; baseline -0.005 -4"><span class='ocrx_word' id='word_1_2' title='bbox 1745 519 2083 582; x_wconf 74' lang='lat' dir='ltr'><strong>EPISTOLA</strong></span> <span class='ocrx_word' id='word_1_3' title='bbox 2122 521 2183 577; x_wconf 88' lang='lat' dir='ltr'><strong>L.</strong></span> 
     </span>
    </p>
   </div>
   <div class='ocr_carea' id='block_1_3' title="bbox 3494 524 3601 581">
    <p class='ocr_par' dir='ltr' id='par_1_3' title="bbox 3494 524 3601 581">
     <span class='ocr_line' id='line_1_3' title="bbox 3494 524 3601 581; baseline 0.037 -4"><span class='ocrx_word' id='word_1_4' title='bbox 3494 524 3601 581; x_wconf 59' lang='grc'><strong>274</strong></span> 
     </span>
    </p>
   </div>
   <div class='ocr_carea' id='block_1_4' title="bbox 302 628 1907 706">
    <p class='ocr_par' dir='ltr' id='par_1_4' title="bbox 302 628 1903 706">
     <span class='ocr_line' id='line_1_4' title="bbox 302 628 1903 706; baseline 0.002 -22"><span class='ocrx_word' id='word_1_5' title='bbox 302 631 459 706; x_wconf 78' lang='grc' dir='ltr'><strong>ρωθι,</strong></span> <span class='ocrx_word' id='word_1_6' title='bbox 492 630 612 694; x_wconf 72' lang='grc' dir='ltr'><strong>τοῖς</strong></span> <span class='ocrx_word' id='word_1_7' title='bbox 649 629 825 698; x_wconf 86' lang='grc' dir='ltr'><strong>ἀγίοις</strong></span> <span class='ocrx_word' id='word_1_8' title='bbox 861 628 1030 684; x_wconf 73' lang='grc' dir='ltr'><strong>αὑτοῦ</strong></span> <span class='ocrx_word' id='word_1_9' title='bbox 1065 629 1332 701; x_wconf 74' lang='grc' dir='ltr'><strong>μαθηταῖς</strong></span> <span class='ocrx_word' id='word_1_10' title='bbox 1361 631 1699 703; x_wconf 74' lang='grc' dir='ltr'><strong>προσλαλῶνο</strong></span> <span class='ocrx_word' id='word_1_11' title='bbox 1738 635 1903 706; x_wconf 75' lang='grc' dir='ltr'><strong>«Ἕρ-</strong></span> 
     </span>
    </p>
   </div>
   <div class='ocr_carea' id='block_1_5' title="bbox 2007 628 3603 706">
    <p class='ocr_par' dir='ltr' id='par_1_5' title="bbox 2007 628 3603 705">
     <span class='ocr_line' id='line_1_5' title="bbox 2007 628 3603 705; baseline 0.001 -16"><span class='ocrx_word' id='word_1_12' title='bbox 2007 650 2118 689; x_wconf 90' lang='lat' dir='ltr'><strong>non</strong></span> <span class='ocrx_word' id='word_1_13' title='bbox 2147 633 2454 705; x_wconf 77' lang='lat' dir='ltr'><strong>cognovisti</strong></span> <span class='ocrx_word' id='word_1_14' title='bbox 2486 649 2596 698; x_wconf 85' lang='lat' dir='ltr'><strong>me,</strong></span> <span class='ocrx_word' id='word_1_15' title='bbox 2627 632 2916 702; x_wconf 86' lang='lat' dir='ltr'><strong>Philippe?</strong></span> <span class='ocrx_word' id='word_1_16' title='bbox 2943 628 3052 697; x_wconf 79' lang='lat' dir='ltr'><strong>Qui</strong></span> <span class='ocrx_word' id='word_1_17' title='bbox 3078 629 3219 684; x_wconf 85' lang='lat' dir='ltr'><strong>vidit</strong></span> <span class='ocrx_word' id='word_1_18' title='bbox 3243 646 3354 697; x_wconf 90' lang='lat' dir='ltr'><strong>me,</strong></span> <span class='ocrx_word' id='word_1_19' title='bbox 3385 631 3525 688; x_wconf 85' lang='lat' dir='ltr'><strong>vidit</strong></span> <span class='ocrx_word' id='word_1_20' title='bbox 3543 643 3603 691; x_wconf 89' lang='lat' dir='ltr'><strong>et</strong></span> 
     </span>
    </p>
   </div>
   <div class='ocr_carea' id='block_1_6' title="bbox 301 723 1903 798">
    <p class='ocr_par' dir='ltr' id='par_1_6' title="bbox 301 723 1903 798">
     <span class='ocr_line' id='line_1_6' title="bbox 301 723 1903 798; baseline 0.003 -20"><span class='ocrx_word' id='word_1_21' title='bbox 301 742 455 798; x_wconf 81' lang='grc' dir='ltr'><strong>χεται</strong></span> <span class='ocrx_word' id='word_1_22' title='bbox 478 724 626 794; x_wconf 82' lang='grc' dir='ltr'><strong>ὥρα,</strong></span> <span class='ocrx_word' id='word_1_23' title='bbox 664 724 760 777; x_wconf 79' lang='grc' dir='ltr'><strong>καὶ</strong></span> <span class='ocrx_word' id='word_1_24' title='bbox 800 723 1081 795; x_wconf 75' lang='grc' dir='ltr'><strong>ἐλήλυθεν,</strong></span> <span class='ocrx_word' id='word_1_25' title='bbox 1123 724 1213 779; x_wconf 85' lang='grc' dir='ltr'><strong>ίνα</strong></span> <span class='ocrx_word' id='word_1_26' title='bbox 1262 725 1632 797; x_wconf 80' lang='grc' dir='ltr'><strong>σκορπισθῆτε</strong></span> <span class='ocrx_word' id='word_1_27' title='bbox 1669 727 1903 793; x_wconf 72' lang='grc' dir='ltr'><strong>ἕκαστος</strong></span> 
     </span>
    </p>
   </div>
   <div class='ocr_carea' id='block_1_7' title="bbox 299 816 1905 892">
    <p class='ocr_par' dir='ltr' id='par_1_7' title="bbox 299 816 1905 892">
     <span class='ocr_line' id='line_1_7' title="bbox 299 816 1905 892; baseline 0.001 -20"><span class='ocrx_word' id='word_1_28' title='bbox 299 821 376 883; x_wconf 80' lang='grc' dir='ltr'><strong>είς</strong></span> <span class='ocrx_word' id='word_1_29' title='bbox 405 818 481 871; x_wconf 76' lang='grc' dir='ltr'><strong>τὰ</strong></span> <span class='ocrx_word' id='word_1_30' title='bbox 520 817 654 881; x_wconf 77' lang='grc' dir='ltr'><strong>ἴδια,</strong></span> <span class='ocrx_word' id='word_1_31' title='bbox 682 817 778 871; x_wconf 82' lang='grc' dir='ltr'><strong>καὶ</strong></span> <span class='ocrx_word' id='word_1_32' title='bbox 813 816 916 887; x_wconf 77' lang='grc' dir='ltr'><strong>ἐμὲ</strong></span> <span class='ocrx_word' id='word_1_33' title='bbox 953 817 1117 888; x_wconf 87' lang='grc' dir='ltr'><strong>μόνον</strong></span> <span class='ocrx_word' id='word_1_34' title='bbox 1153 817 1351 887; x_wconf 82' lang='grc' dir='ltr'><strong>ἀφῆτε·</strong></span> <span class='ocrx_word' id='word_1_35' title='bbox 1385 822 1479 874; x_wconf 74' lang='grc' dir='ltr'><strong>καὶ</strong></span> <span class='ocrx_word' id='word_1_36' title='bbox 1512 820 1614 874; x_wconf 75' lang='grc' dir='ltr'><strong>οῦκ</strong></span> <span class='ocrx_word' id='word_1_37' title='bbox 1647 822 1764 891; x_wconf 87' lang='grc' dir='ltr'><strong>είμι</strong></span> <span class='ocrx_word' id='word_1_38' title='bbox 1809 822 1905 892; x_wconf 81' lang='grc' dir='ltr'><strong>μό-</strong></span> 
     </span>
    </p>
   </div>
   <div class='ocr_carea' id='block_1_8' title="bbox 2001 720 3601 794">
    <p class='ocr_par' dir='ltr' id='par_1_8' title="bbox 2001 720 3601 794">
     <span class='ocr_line' id='line_1_8' title="bbox 2001 720 3601 794; baseline 0 -14"><span class='ocrx_word' id='word_1_39' title='bbox 2001 726 2218 780; x_wconf 87' lang='lat' dir='ltr'><strong>Patrem</strong></span> <span class='ocrx_word' id='word_1_40' title='bbox 2243 726 2311 779; x_wconf 74' lang='lat'><strong>’7.</strong></span> <span class='ocrx_word' id='word_1_41' title='bbox 2349 724 2462 794; x_wconf 81' lang='lat' dir='ltr'><strong>Ego</strong></span> <span class='ocrx_word' id='word_1_42' title='bbox 2484 733 2541 780; x_wconf 90' lang='lat' dir='ltr'><strong>et</strong></span> <span class='ocrx_word' id='word_1_43' title='bbox 2566 724 2730 779; x_wconf 87' lang='lat' dir='ltr'><strong>Pater</strong></span> <span class='ocrx_word' id='word_1_44' title='bbox 2757 737 2929 777; x_wconf 89' lang='lat' dir='ltr'><strong>unum</strong></span> <span class='ocrx_word' id='word_1_45' title='bbox 2955 735 3152 776; x_wconf 88' lang='lat' dir='ltr'><strong>sumus</strong></span> <span class='ocrx_word' id='word_1_46' title='bbox 3175 720 3243 775; x_wconf 77' lang='lat'><strong>&quot;.</strong></span> <span class='ocrx_word' id='word_1_47' title='bbox 3274 721 3394 778; x_wconf 79' lang='lat' dir='ltr'><strong>Non</strong></span> <span class='ocrx_word' id='word_1_48' title='bbox 3419 724 3601 780; x_wconf 84' lang='lat' dir='ltr'><strong>credis</strong></span> 
     </span>
    </p>
   </div>
   <div class='ocr_carea' id='block_1_9' title="bbox 1999 815 3600 890">
    <p class='ocr_par' dir='ltr' id='par_1_9' title="bbox 1999 815 3600 890">
     <span class='ocr_line' id='line_1_9' title="bbox 1999 815 3600 890; baseline -0.001 -16"><span class='ocrx_word' id='word_1_49' title='bbox 1999 820 2134 890; x_wconf 84' lang='lat' dir='ltr'><strong>quia</strong></span> <span class='ocrx_word' id='word_1_50' title='bbox 2166 835 2270 890; x_wconf 77' lang='lat' dir='ltr'><strong>ego</strong></span> <span class='ocrx_word' id='word_1_51' title='bbox 2306 819 2363 874; x_wconf 89' lang='lat' dir='ltr'><strong>in</strong></span> <span class='ocrx_word' id='word_1_52' title='bbox 2401 820 2585 884; x_wconf 98' lang='lat' dir='ltr'><strong>Patre,</strong></span> <span class='ocrx_word' id='word_1_53' title='bbox 2611 827 2669 873; x_wconf 90' lang='lat' dir='ltr'><strong>et</strong></span> <span class='ocrx_word' id='word_1_54' title='bbox 2699 818 2862 874; x_wconf 89' lang='lat' dir='ltr'><strong>Pater</strong></span> <span class='ocrx_word' id='word_1_55' title='bbox 2885 817 2941 872; x_wconf 90' lang='lat' dir='ltr'><strong>in</strong></span> <span class='ocrx_word' id='word_1_56' title='bbox 2971 827 3061 874; x_wconf 85' lang='lat' dir='ltr'><strong>me</strong></span> <span class='ocrx_word' id='word_1_57' title='bbox 3088 822 3175 871; x_wconf 87' lang='lat' dir='ltr'><strong>est</strong></span> <span class='ocrx_word' id='word_1_58' title='bbox 3200 815 3284 870; x_wconf 72' lang='lat'><strong>’9?</strong></span> <span class='ocrx_word' id='word_1_59' title='bbox 3315 836 3335 867; x_wconf 72' lang='grc' dir='ltr'><strong>ι</strong></span> <span class='ocrx_word' id='word_1_60' title='bbox 3369 816 3438 871; x_wconf 88' lang='grc' dir='ltr'><strong>Ει</strong></span> <span class='ocrx_word' id='word_1_61' title='bbox 3464 816 3600 872; x_wconf 84' lang='lat' dir='ltr'><strong>alibi</strong></span> 
     </span>
    </p>
   </div>
   <div class='ocr_carea' id='block_1_10' title="bbox 299 906 1907 986">
    <p class='ocr_par' dir='ltr' id='par_1_10' title="bbox 299 907 1906 986">
     <span class='ocr_line' id='line_1_10' title="bbox 299 907 1906 986; baseline 0.004 -25"><span class='ocrx_word' id='word_1_62' title='bbox 299 927 408 975; x_wconf 72' lang='grc' dir='ltr'><strong>νος,</strong></span> <span class='ocrx_word' id='word_1_63' title='bbox 456 909 542 962; x_wconf 79' lang='grc' dir='ltr'><strong>ὅτι</strong></span> <span class='ocrx_word' id='word_1_64' title='bbox 586 909 615 962; x_wconf 88' lang='lat'><strong>6</strong></span> <span class='ocrx_word' id='word_1_65' title='bbox 663 908 853 980; x_wconf 79' lang='grc' dir='ltr'><strong>Πατήρ</strong></span> <span class='ocrx_word' id='word_1_66' title='bbox 907 923 1012 977; x_wconf 80' lang='grc' dir='ltr'><strong>μου</strong></span> <span class='ocrx_word' id='word_1_67' title='bbox 1061 909 1182 978; x_wconf 81' lang='grc' dir='ltr'><strong>μετ’</strong></span> <span class='ocrx_word' id='word_1_68' title='bbox 1219 907 1356 978; x_wconf 77' lang='grc' dir='ltr'><strong>ἐμοῦ</strong></span> <span class='ocrx_word' id='word_1_69' title='bbox 1410 911 1581 966; x_wconf 70' lang='grc' dir='ltr'><strong>ἐστιν.</strong></span> <span class='ocrx_word' id='word_1_70' title='bbox 1622 931 1642 964; x_wconf 72' lang='grc' dir='ltr'><strong>ι</strong></span> <span class='ocrx_word' id='word_1_71' title='bbox 1685 912 1760 967; x_wconf 78' lang='grc' dir='ltr'><strong>Οὐ</strong></span> <span class='ocrx_word' id='word_1_72' title='bbox 1791 913 1906 986; x_wconf 83' lang='grc' dir='ltr'><strong>γάρ</strong></span> 
     </span>
    </p>
   </div>
   <div class='ocr_carea' id='block_1_11' title="bbox 2007 906 3603 986">
    <p class='ocr_par' dir='ltr' id='par_1_11' title="bbox 2007 906 3603 980">
     <span class='ocr_line' id='line_1_11' title="bbox 2007 906 3603 980; baseline -0.002 -15"><span class='ocrx_word' id='word_1_73' title='bbox 2007 926 2227 967; x_wconf 85' lang='lat' dir='ltr'><strong>rursum</strong></span> <span class='ocrx_word' id='word_1_74' title='bbox 2263 909 2566 980; x_wconf 85' lang='lat' dir='ltr'><strong>discipulos</strong></span> <span class='ocrx_word' id='word_1_75' title='bbox 2610 909 2902 978; x_wconf 83' lang='lat' dir='ltr'><strong>alloquens</strong></span> <span class='ocrx_word' id='word_1_76' title='bbox 2945 908 3022 964; x_wconf 86' lang='lat' dir='ltr'><strong>ait</strong></span> <span class='ocrx_word' id='word_1_77' title='bbox 3052 925 3064 961; x_wconf 91' lang='lat'><strong>:</strong></span> <span class='ocrx_word' id='word_1_78' title='bbox 3102 923 3124 959; x_wconf 80' lang='grc' dir='ltr'><strong>ι</strong></span> <span class='ocrx_word' id='word_1_79' title='bbox 3154 906 3318 962; x_wconf 88' lang='lat' dir='ltr'><strong>Venit</strong></span> <span class='ocrx_word' id='word_1_80' title='bbox 3359 907 3518 973; x_wconf 80' lang='lat' dir='ltr'><strong>hora,</strong></span> <span class='ocrx_word' id='word_1_81' title='bbox 3543 914 3603 962; x_wconf 81' lang='lat' dir='ltr'><strong>et</strong></span> 
     </span>
    </p>
   </div>
   <div class='ocr_carea' id='block_1_12' title="bbox 296 999 1906 1074">
    <p class='ocr_par' dir='ltr' id='par_1_12' title="bbox 296 999 1906 1074">
     <span class='ocr_line' id='line_1_12' title="bbox 296 999 1906 1074; baseline 0.004 -22"><span class='ocrx_word' id='word_1_82' title='bbox 296 1015 397 1063; x_wconf 81' lang='grc' dir='ltr'><strong>τοι,</strong></span> <span class='ocrx_word' id='word_1_83' title='bbox 417 999 570 1055; x_wconf 82' lang='grc' dir='ltr'><strong>καθά</strong></span> <span class='ocrx_word' id='word_1_84' title='bbox 603 999 921 1069; x_wconf 79' lang='grc' dir='ltr'><strong>νομίζουσιν</strong></span> <span class='ocrx_word' id='word_1_85' title='bbox 949 999 998 1052; x_wconf 72' lang='grc' dir='ltr'><strong>οἱ</strong></span> <span class='ocrx_word' id='word_1_86' title='bbox 1019 999 1129 1053; x_wconf 78' lang='grc' dir='ltr'><strong>τῶν</strong></span> <span class='ocrx_word' id='word_1_87' title='bbox 1151 999 1454 1072; x_wconf 78' lang='grc' dir='ltr'><strong>ἀλλοτρίων</strong></span> <span class='ocrx_word' id='word_1_88' title='bbox 1476 1002 1687 1074; x_wconf 79' lang='grc' dir='ltr'><strong>ἐμέτων</strong></span> <span class='ocrx_word' id='word_1_89' title='bbox 1709 1003 1906 1058; x_wconf 83' lang='grc' dir='ltr'><strong>ἀσυνέ-</strong></span> 
     </span>
    </p>
   </div>
   <div class='ocr_carea' id='block_1_13' title="bbox 297 1091 1900 1169">
    <p class='ocr_par' dir='ltr' id='par_1_13' title="bbox 297 1091 1900 1169">
     <span class='ocr_line' id='line_1_13' title="bbox 297 1091 1900 1169; baseline 0.002 -24"><span class='ocrx_word' id='word_1_90' title='bbox 297 1110 402 1156; x_wconf 83' lang='grc' dir='ltr'><strong>τως</strong></span> <span class='ocrx_word' id='word_1_91' title='bbox 458 1091 980 1162; x_wconf 76' lang='grc' dir='ltr'><strong>ἀναπιμπλάμενοι,</strong></span> <span class='ocrx_word' id='word_1_92' title='bbox 1010 1091 1144 1155; x_wconf 79' lang='grc' dir='ltr'>Θεὸς</span> <span class='ocrx_word' id='word_1_93' title='bbox 1179 1091 1256 1146; x_wconf 77' lang='grc' dir='ltr'><strong>ὣν</strong></span> <span class='ocrx_word' id='word_1_94' title='bbox 1295 1095 1324 1147; x_wconf 98' lang='lat'><strong>6</strong></span> <span class='ocrx_word' id='word_1_95' title='bbox 1350 1093 1546 1163; x_wconf 85' lang='grc' dir='ltr'><strong>Λόγος,</strong></span> <span class='ocrx_word' id='word_1_96' title='bbox 1589 1095 1666 1159; x_wconf 86' lang='grc' dir='ltr'><strong>ὡς</strong></span> <span class='ocrx_word' id='word_1_97' title='bbox 1712 1095 1900 1169; x_wconf 77' lang='grc' dir='ltr'><strong>ἕτερος</strong></span> 
     </span>
    </p>
   </div>
   <div class='ocr_carea' id='block_1_14' title="bbox 291 1179 1897 1255">
    <p class='ocr_par' dir='ltr' id='par_1_14' title="bbox 291 1179 1897 1255">
     <span class='ocr_line' id='line_1_14' title="bbox 291 1179 1897 1255; baseline 0.003 -22"><span class='ocrx_word' id='word_1_98' title='bbox 291 1181 372 1234; x_wconf 74' lang='grc' dir='ltr'><strong>ὢν</strong></span> <span class='ocrx_word' id='word_1_99' title='bbox 399 1181 554 1244; x_wconf 75' lang='grc' dir='ltr'><strong>Υἱὸς.</strong></span> <span class='ocrx_word' id='word_1_100' title='bbox 591 1180 718 1250; x_wconf 85' lang='grc' dir='ltr'><strong>μεθ’</strong></span> <span class='ocrx_word' id='word_1_101' title='bbox 758 1180 950 1254; x_wconf 76' lang='grc' dir='ltr'><strong>ἑτέρου</strong></span> <span class='ocrx_word' id='word_1_102' title='bbox 984 1179 1206 1250; x_wconf 70' lang='grc' dir='ltr'><strong>γέγονεν</strong></span> <span class='ocrx_word' id='word_1_103' title='bbox 1234 1181 1388 1247; x_wconf 81' lang='grc' dir='ltr'><strong>Υῑοῦ,</strong></span> <span class='ocrx_word' id='word_1_104' title='bbox 1429 1181 1524 1237; x_wconf 84' lang='grc' dir='ltr'><strong>τοῦ</strong></span> <span class='ocrx_word' id='word_1_105' title='bbox 1557 1185 1897 1255; x_wconf 77' lang='grc' dir='ltr'><strong>ἀναληφθέν-</strong></span> 
     </span>
    </p>
   </div>
   <div class='ocr_carea' id='block_1_15' title="bbox 295 1270 1902 1348">
    <p class='ocr_par' dir='ltr' id='par_1_15' title="bbox 295 1270 1902 1348">
     <span class='ocr_line' id='line_1_15' title="bbox 295 1270 1902 1348; baseline 0.004 -24"><span class='ocrx_word' id='word_1_106' title='bbox 295 1286 386 1336; x_wconf 77' lang='grc' dir='ltr'><strong>τος</strong></span> <span class='ocrx_word' id='word_1_107' title='bbox 421 1270 730 1342; x_wconf 85' lang='grc' dir='ltr'><strong>ἀνθρώπου</strong></span> <span class='ocrx_word' id='word_1_108' title='bbox 759 1271 926 1343; x_wconf 81' lang='grc' dir='ltr'><strong>(τομὴ</strong></span> <span class='ocrx_word' id='word_1_109' title='bbox 953 1272 1062 1344; x_wconf 83' lang='grc' dir='ltr'><strong>γὰρ</strong></span> <span class='ocrx_word' id='word_1_110' title='bbox 1101 1272 1280 1336; x_wconf 80' lang='grc' dir='ltr'><strong>τοῦτο,</strong></span> <span class='ocrx_word' id='word_1_111' title='bbox 1316 1273 1410 1329; x_wconf 77' lang='grc' dir='ltr'><strong>καὶ</strong></span> <span class='ocrx_word' id='word_1_112' title='bbox 1444 1274 1727 1348; x_wconf 82' lang='grc' dir='ltr'><strong>διαίρεσις,</strong></span> <span class='ocrx_word' id='word_1_113' title='bbox 1765 1277 1902 1332; x_wconf 80' lang='grc' dir='ltr'><strong>υἱῶν</strong></span> 
     </span>
    </p>
   </div>
   <div class='ocr_carea' id='block_1_16' title="bbox 297 1360 1900 1440">
    <p class='ocr_par' dir='ltr' id='par_1_16' title="bbox 297 1360 1900 1440">
     <span class='ocr_line' id='line_1_16' title="bbox 297 1360 1900 1440; baseline 0.003 -24"><span class='ocrx_word' id='word_1_114' title='bbox 297 1363 461 1416; x_wconf 71' lang='grc' dir='ltr'><strong>δυάδα</strong></span> <span class='ocrx_word' id='word_1_115' title='bbox 511 1362 1031 1434; x_wconf 77' lang='grc' dir='ltr'><strong>παρακομέζουσα),</strong></span> <span class='ocrx_word' id='word_1_116' title='bbox 1086 1362 1200 1418; x_wconf 80' lang='grc' dir='ltr'><strong>ἀλλ’</strong></span> <span class='ocrx_word' id='word_1_117' title='bbox 1234 1360 1305 1436; x_wconf 82' lang='grc' dir='ltr'><strong>ἦν</strong></span> <span class='ocrx_word' id='word_1_118' title='bbox 1352 1366 1381 1418; x_wconf 85' lang='lat'><strong>6</strong></span> <span class='ocrx_word' id='word_1_119' title='bbox 1428 1365 1562 1430; x_wconf 83' lang='grc' dir='ltr'>Θεὸς</span> <span class='ocrx_word' id='word_1_120' title='bbox 1587 1366 1682 1420; x_wconf 74' lang='grc' dir='ltr'><strong>καὶ</strong></span> <span class='ocrx_word' id='word_1_121' title='bbox 1709 1367 1900 1440; x_wconf 73' lang='grc' dir='ltr'><strong>Πατὴρ</strong></span> 
     </span>
    </p>
   </div>
   <div class='ocr_carea' id='block_1_17' title="bbox 300 1451 1900 1525">
    <p class='ocr_par' dir='ltr' id='par_1_17' title="bbox 300 1451 1900 1525">
     <span class='ocr_line' id='line_1_17' title="bbox 300 1451 1900 1525; baseline 0.004 -21"><span class='ocrx_word' id='word_1_122' title='bbox 300 1453 430 1523; x_wconf 74' lang='grc' dir='ltr'><strong>μετὰ</strong></span> <span class='ocrx_word' id='word_1_123' title='bbox 459 1451 562 1505; x_wconf 89' lang='grc' dir='ltr'><strong>τοῦ</strong></span> <span class='ocrx_word' id='word_1_124' title='bbox 595 1452 756 1519; x_wconf 86' lang='grc' dir='ltr'><strong>Υίοῦ,</strong></span> <span class='ocrx_word' id='word_1_125' title='bbox 801 1452 1050 1506; x_wconf 74' lang='grc' dir='ltr'><strong>τουτέστι</strong></span> <span class='ocrx_word' id='word_1_126' title='bbox 1097 1454 1235 1524; x_wconf 83' lang='grc' dir='ltr'><strong>μετά</strong></span> <span class='ocrx_word' id='word_1_127' title='bbox 1277 1454 1374 1508; x_wconf 84' lang='grc' dir='ltr'><strong>τοῦ</strong></span> <span class='ocrx_word' id='word_1_128' title='bbox 1421 1454 1798 1525; x_wconf 82' lang='grc' dir='ltr'><strong>σαρκωθέντος</strong></span> <span class='ocrx_word' id='word_1_129' title='bbox 1839 1475 1900 1512; x_wconf 80' lang='grc' dir='ltr'><strong>τε</strong></span> 
     </span>
    </p>
   </div>
   <div class='ocr_carea' id='block_1_18' title="bbox 301 1544 1902 1620">
    <p class='ocr_par' dir='ltr' id='par_1_18' title="bbox 301 1544 1902 1620">
     <span class='ocr_line' id='line_1_18' title="bbox 301 1544 1902 1620; baseline 0.004 -22"><span class='ocrx_word' id='word_1_130' title='bbox 301 1546 384 1598; x_wconf 73' lang='grc' dir='ltr'><strong>καὶ</strong></span> <span class='ocrx_word' id='word_1_131' title='bbox 435 1544 984 1616; x_wconf 75' lang='grc' dir='ltr'><strong>ἔνανθρωπήσαντος</strong></span> <span class='ocrx_word' id='word_1_132' title='bbox 1028 1545 1123 1600; x_wconf 91' lang='grc' dir='ltr'><strong>τοῦ</strong></span> <span class='ocrx_word' id='word_1_133' title='bbox 1153 1546 1290 1602; x_wconf 83' lang='grc' dir='ltr'><strong>Θεοῦ</strong></span> <span class='ocrx_word' id='word_1_134' title='bbox 1340 1549 1537 1616; x_wconf 78' lang='grc' dir='ltr'><strong>Λόγουο</strong></span> <span class='ocrx_word' id='word_1_135' title='bbox 1597 1548 1902 1620; x_wconf 84' lang='grc' dir='ltr'><strong>ἀχώριστος</strong></span> 
     </span>
    </p>
   </div>
   <div class='ocr_carea' id='block_1_19' title="bbox 301 1636 1015 1710">
    <p class='ocr_par' dir='ltr' id='par_1_19' title="bbox 301 1636 1015 1710">
     <span class='ocr_line' id='line_1_19' title="bbox 301 1636 1015 1710; baseline 0.004 -20"><span class='ocrx_word' id='word_1_136' title='bbox 301 1638 397 1706; x_wconf 53' lang='lat' dir='ltr'><strong>rip</strong></span> <span class='ocrx_word' id='word_1_137' title='bbox 424 1639 454 1690; x_wconf 86' lang='lat'><strong>6</strong></span> <span class='ocrx_word' id='word_1_138' title='bbox 486 1639 698 1710; x_wconf 74' lang='grc' dir='ltr'><strong>Πατὴρ</strong></span> <span class='ocrx_word' id='word_1_139' title='bbox 730 1636 833 1690; x_wconf 89' lang='grc' dir='ltr'><strong>τοῦ</strong></span> <span class='ocrx_word' id='word_1_140' title='bbox 861 1636 1015 1693; x_wconf 77' lang='grc' dir='ltr'><strong>Υίοῦ.</strong></span> 
     </span>
    </p>
   </div>
   <div class='ocr_carea' id='block_1_20' title="bbox 1996 997 3598 1074">
    <p class='ocr_par' dir='ltr' id='par_1_20' title="bbox 1996 997 3598 1074">
     <span class='ocr_line' id='line_1_20' title="bbox 1996 997 3598 1074; baseline -0.003 -16"><span class='ocrx_word' id='word_1_141' title='bbox 1996 1003 2110 1074; x_wconf 78' lang='lat' dir='ltr'><strong>jam</strong></span> <span class='ocrx_word' id='word_1_142' title='bbox 2146 1003 2322 1069; x_wconf 87' lang='lat' dir='ltr'><strong>venit,</strong></span> <span class='ocrx_word' id='word_1_143' title='bbox 2359 1000 2522 1073; x_wconf 73' lang='lat'><strong>169</strong></span> <span class='ocrx_word' id='word_1_144' title='bbox 2561 1009 2624 1056; x_wconf 89' lang='lat' dir='ltr'><strong>ut</strong></span> <span class='ocrx_word' id='word_1_145' title='bbox 2668 998 3066 1071; x_wconf 77' lang='lat' dir='ltr'><strong>dispergamini</strong></span> <span class='ocrx_word' id='word_1_146' title='bbox 3112 997 3498 1068; x_wconf 84' lang='lat' dir='ltr'><strong>unusquisque</strong></span> <span class='ocrx_word' id='word_1_147' title='bbox 3541 997 3598 1053; x_wconf 90' lang='lat' dir='ltr'><strong>in</strong></span> 
     </span>
    </p>
   </div>
   <div class='ocr_carea' id='block_1_21' title="bbox 2005 1091 3596 1166">
    <p class='ocr_par' dir='ltr' id='par_1_21' title="bbox 2005 1091 3596 1166">
     <span class='ocr_line' id='line_1_21' title="bbox 2005 1091 3596 1166; baseline -0.003 -16"><span class='ocrx_word' id='word_1_148' title='bbox 2005 1095 2253 1166; x_wconf 80' lang='lat' dir='ltr'><strong>propria,</strong></span> <span class='ocrx_word' id='word_1_149' title='bbox 2273 1103 2333 1150; x_wconf 90' lang='lat' dir='ltr'><strong>et</strong></span> <span class='ocrx_word' id='word_1_150' title='bbox 2354 1109 2443 1150; x_wconf 90' lang='lat' dir='ltr'><strong>me</strong></span> <span class='ocrx_word' id='word_1_151' title='bbox 2467 1093 2646 1149; x_wconf 80' lang='lat' dir='ltr'><strong>solum</strong></span> <span class='ocrx_word' id='word_1_152' title='bbox 2669 1092 2999 1163; x_wconf 77' lang='lat' dir='ltr'><strong>relinquatis</strong></span> <span class='ocrx_word' id='word_1_153' title='bbox 3025 1109 3040 1146; x_wconf 91' lang='lat'><strong>:</strong></span> <span class='ocrx_word' id='word_1_154' title='bbox 3062 1101 3122 1147; x_wconf 86' lang='lat' dir='ltr'><strong>et</strong></span> <span class='ocrx_word' id='word_1_155' title='bbox 3143 1105 3256 1147; x_wconf 91' lang='lat' dir='ltr'><strong>non</strong></span> <span class='ocrx_word' id='word_1_156' title='bbox 3279 1105 3399 1146; x_wconf 89' lang='lat' dir='ltr'><strong>sum</strong></span> <span class='ocrx_word' id='word_1_157' title='bbox 3425 1091 3596 1156; x_wconf 84' lang='lat' dir='ltr'><strong>solus,</strong></span> 
     </span>
    </p>
   </div>
   <div class='ocr_carea' id='block_1_22' title="bbox 2005 1183 3601 1256">
    <p class='ocr_par' dir='ltr' id='par_1_22' title="bbox 2005 1183 3601 1256">
     <span class='ocr_line' id='line_1_22' title="bbox 2005 1183 3601 1256; baseline -0.004 -15"><span class='ocrx_word' id='word_1_158' title='bbox 2005 1187 2267 1256; x_wconf 85' lang='lat' dir='ltr'><strong>quoniam</strong></span> <span class='ocrx_word' id='word_1_159' title='bbox 2293 1187 2456 1243; x_wconf 82' lang='lat' dir='ltr'><strong>Pater</strong></span> <span class='ocrx_word' id='word_1_160' title='bbox 2481 1201 2640 1242; x_wconf 81' lang='lat' dir='ltr'><strong>meus</strong></span> <span class='ocrx_word' id='word_1_161' title='bbox 2677 1200 2896 1242; x_wconf 78' lang='lat' dir='ltr'><strong>mecum</strong></span> <span class='ocrx_word' id='word_1_162' title='bbox 2927 1193 3015 1241; x_wconf 90' lang='lat' dir='ltr'><strong>est</strong></span> <span class='ocrx_word' id='word_1_163' title='bbox 3046 1185 3085 1239; x_wconf 79' lang='grc'><strong>⁸.</strong></span> <span class='ocrx_word' id='word_1_164' title='bbox 3119 1203 3139 1236; x_wconf 76' lang='grc' dir='ltr'><strong>ι</strong></span> <span class='ocrx_word' id='word_1_165' title='bbox 3182 1183 3306 1240; x_wconf 89' lang='grc' dir='ltr'><strong>Νοιι</strong></span> <span class='ocrx_word' id='word_1_166' title='bbox 3336 1183 3512 1250; x_wconf 83' lang='lat' dir='ltr'><strong>enim,</strong></span> <span class='ocrx_word' id='word_1_167' title='bbox 3539 1193 3601 1236; x_wconf 88' lang='grc' dir='ltr'><strong>ιιι</strong></span> 
     </span>
    </p>
   </div>
   <div class='ocr_carea' id='block_1_23' title="bbox 2003 1275 3600 1350">
    <p class='ocr_par' dir='ltr' id='par_1_23' title="bbox 2003 1275 3600 1350">
     <span class='ocr_line' id='line_1_23' title="bbox 2003 1275 3600 1350; baseline -0.003 -18"><span class='ocrx_word' id='word_1_168' title='bbox 2003 1278 2042 1333; x_wconf 90' lang='lat' dir='ltr'><strong>ii</strong></span> <span class='ocrx_word' id='word_1_169' title='bbox 2071 1294 2402 1350; x_wconf 75' lang='lat' dir='ltr'><strong>persuasum</strong></span> <span class='ocrx_word' id='word_1_170' title='bbox 2437 1278 2646 1335; x_wconf 86' lang='lat' dir='ltr'><strong>habent</strong></span> <span class='ocrx_word' id='word_1_171' title='bbox 2677 1277 2772 1350; x_wconf 90' lang='lat' dir='ltr'><strong>qui</strong></span> <span class='ocrx_word' id='word_1_172' title='bbox 2808 1277 2991 1333; x_wconf 90' lang='lat' dir='ltr'><strong>alieno</strong></span> <span class='ocrx_word' id='word_1_173' title='bbox 3021 1276 3233 1332; x_wconf 85' lang='lat' dir='ltr'><strong>vomitu</strong></span> <span class='ocrx_word' id='word_1_174' title='bbox 3270 1275 3600 1346; x_wconf 88' lang='lat' dir='ltr'><strong>insipienter</strong></span> 
     </span>
    </p>
   </div>
   <div class='ocr_carea' id='block_1_24' title="bbox 2004 1366 3598 1441">
    <p class='ocr_par' dir='ltr' id='par_1_24' title="bbox 2004 1366 3598 1441">
     <span class='ocr_line' id='line_1_24' title="bbox 2004 1366 3598 1441; baseline -0.003 -16"><span class='ocrx_word' id='word_1_175' title='bbox 2004 1370 2313 1440; x_wconf 83' lang='lat' dir='ltr'><strong>replentur,</strong></span> <span class='ocrx_word' id='word_1_176' title='bbox 2338 1371 2582 1428; x_wconf 80' lang='lat' dir='ltr'><strong>Verbum</strong></span> <span class='ocrx_word' id='word_1_177' title='bbox 2613 1370 2764 1441; x_wconf 92' lang='lat' dir='ltr'><strong>quod</strong></span> <span class='ocrx_word' id='word_1_178' title='bbox 2802 1370 2952 1427; x_wconf 89' lang='lat' dir='ltr'><strong>Deus</strong></span> <span class='ocrx_word' id='word_1_179' title='bbox 2983 1378 3125 1435; x_wconf 86' lang='lat' dir='ltr'><strong>erat,</strong></span> <span class='ocrx_word' id='word_1_180' title='bbox 3154 1377 3418 1438; x_wconf 90' lang='lat' dir='ltr'><strong>tanquam</strong></span> <span class='ocrx_word' id='word_1_181' title='bbox 3457 1366 3598 1421; x_wconf 85' lang='lat' dir='ltr'><strong>alter</strong></span> 
     </span>
    </p>
   </div>
   <div class='ocr_carea' id='block_1_25' title="bbox 2005 1457 3599 1534">
    <p class='ocr_par' dir='ltr' id='par_1_25' title="bbox 2005 1457 3599 1534">
     <span class='ocr_line' id='line_1_25' title="bbox 2005 1457 3599 1534; baseline -0.003 -18"><span class='ocrx_word' id='word_1_182' title='bbox 2005 1461 2182 1518; x_wconf 84' lang='lat' dir='ltr'><strong>Filius</strong></span> <span class='ocrx_word' id='word_1_183' title='bbox 2211 1477 2342 1518; x_wconf 85' lang='lat' dir='ltr'><strong>eum</strong></span> <span class='ocrx_word' id='word_1_184' title='bbox 2374 1463 2552 1518; x_wconf 88' lang='lat' dir='ltr'><strong>altero</strong></span> <span class='ocrx_word' id='word_1_185' title='bbox 2584 1461 2749 1534; x_wconf 86' lang='lat' dir='ltr'><strong>Filio,</strong></span> <span class='ocrx_word' id='word_1_186' title='bbox 2779 1474 2981 1532; x_wconf 88' lang='lat' dir='ltr'><strong>nempe</strong></span> <span class='ocrx_word' id='word_1_187' title='bbox 3015 1475 3142 1516; x_wconf 87' lang='lat' dir='ltr'><strong>eum</strong></span> <span class='ocrx_word' id='word_1_188' title='bbox 3177 1467 3462 1529; x_wconf 88' lang='lat' dir='ltr'><strong>assumpto</strong></span> <span class='ocrx_word' id='word_1_189' title='bbox 3494 1457 3599 1512; x_wconf 87' lang='lat' dir='ltr'><strong>ho-</strong></span> 
     </span>
    </p>
   </div>
   <div class='ocr_carea' id='block_1_26' title="bbox 2005 1548 3601 1622">
    <p class='ocr_par' dir='ltr' id='par_1_26' title="bbox 2005 1548 3601 1622">
     <span class='ocr_line' id='line_1_26' title="bbox 2005 1548 3601 1622; baseline -0.003 -14"><span class='ocrx_word' id='word_1_190' title='bbox 2005 1553 2157 1610; x_wconf 83' lang='lat' dir='ltr'><strong>mine</strong></span> <span class='ocrx_word' id='word_1_191' title='bbox 2217 1552 2322 1608; x_wconf 85' lang='lat' dir='ltr'><strong>t’uit</strong></span> <span class='ocrx_word' id='word_1_192' title='bbox 2391 1549 2488 1620; x_wconf 91' lang='lat' dir='ltr'><strong>(id</strong></span> <span class='ocrx_word' id='word_1_193' title='bbox 2556 1549 2840 1606; x_wconf 82' lang='lat' dir='ltr'><strong>enimvero</strong></span> <span class='ocrx_word' id='word_1_194' title='bbox 2905 1548 3080 1606; x_wconf 81' lang='lat' dir='ltr'><strong>sectio</strong></span> <span class='ocrx_word' id='word_1_195' title='bbox 3137 1557 3224 1606; x_wconf 82' lang='lat' dir='ltr'><strong>est</strong></span> <span class='ocrx_word' id='word_1_196' title='bbox 3285 1560 3450 1622; x_wconf 86' lang='lat' dir='ltr'><strong>atque</strong></span> <span class='ocrx_word' id='word_1_197' title='bbox 3517 1550 3601 1606; x_wconf 88' lang='lat' dir='ltr'><strong>di-</strong></span> 
     </span>
    </p>
   </div>
   <div class='ocr_carea' id='block_1_27' title="bbox 2003 1641 3601 1714">
    <p class='ocr_par' dir='ltr' id='par_1_27' title="bbox 2003 1641 3601 1714">
     <span class='ocr_line' id='line_1_27' title="bbox 2003 1641 3601 1714; baseline -0.001 -15"><span class='ocrx_word' id='word_1_198' title='bbox 2003 1646 2171 1714; x_wconf 82' lang='lat' dir='ltr'><strong>visio,</strong></span> <span class='ocrx_word' id='word_1_199' title='bbox 2203 1646 2442 1704; x_wconf 83' lang='lat' dir='ltr'><strong>ﬁliorum</strong></span> <span class='ocrx_word' id='word_1_200' title='bbox 2476 1645 2806 1702; x_wconf 86' lang='lat' dir='ltr'><strong>dualitatem</strong></span> <span class='ocrx_word' id='word_1_201' title='bbox 2839 1643 3162 1714; x_wconf 85' lang='lat' dir='ltr'><strong>inducens);</strong></span> <span class='ocrx_word' id='word_1_202' title='bbox 3191 1643 3288 1700; x_wconf 86' lang='lat' dir='ltr'><strong>sed</strong></span> <span class='ocrx_word' id='word_1_203' title='bbox 3311 1652 3431 1700; x_wconf 88' lang='lat' dir='ltr'><strong>erat</strong></span> <span class='ocrx_word' id='word_1_204' title='bbox 3453 1641 3601 1698; x_wconf 79' lang='lat' dir='ltr'><strong>Deus</strong></span> 
     </span>
    </p>
   </div>
   <div class='ocr_carea' id='block_1_28' title="bbox 293 1727 3598 1812">
    <p class='ocr_par' dir='ltr' id='par_1_28' title="bbox 293 1727 3598 1812">
     <span class='ocr_line' id='line_1_28' title="bbox 293 1727 3598 1812; baseline 0.003 -29"><span class='ocrx_word' id='word_1_205' title='bbox 293 1737 346 1784; x_wconf 80' lang='lat' dir='ltr'><strong>et</strong></span> <span class='ocrx_word' id='word_1_206' title='bbox 368 1727 534 1784; x_wconf 80' lang='lat' dir='ltr'><strong>Pater</strong></span> <span class='ocrx_word' id='word_1_207' title='bbox 561 1745 702 1784; x_wconf 87' lang='lat' dir='ltr'><strong>cum</strong></span> <span class='ocrx_word' id='word_1_208' title='bbox 731 1728 900 1796; x_wconf 84' lang='lat' dir='ltr'><strong>Filio,</strong></span> <span class='ocrx_word' id='word_1_209' title='bbox 939 1731 1046 1788; x_wconf 86' lang='lat' dir='ltr'><strong>hoc</strong></span> <span class='ocrx_word' id='word_1_210' title='bbox 1070 1739 1177 1800; x_wconf 82' lang='lat' dir='ltr'><strong>est,</strong></span> <span class='ocrx_word' id='word_1_211' title='bbox 1203 1749 1329 1789; x_wconf 91' lang='lat' dir='ltr'><strong>cum</strong></span> <span class='ocrx_word' id='word_1_212' title='bbox 1369 1735 1656 1794; x_wconf 86' lang='lat' dir='ltr'><strong>incarnato</strong></span> <span class='ocrx_word' id='word_1_213' title='bbox 1694 1737 2169 1812; x_wconf 66' lang='lat' dir='ltr'><strong>inhumanamue</strong></span> <span class='ocrx_word' id='word_1_214' title='bbox 2208 1742 2322 1798; x_wconf 85' lang='lat' dir='ltr'><strong>Deo</strong></span> <span class='ocrx_word' id='word_1_215' title='bbox 2360 1741 2588 1799; x_wconf 82' lang='lat' dir='ltr'><strong>Verbo:</strong></span> <span class='ocrx_word' id='word_1_216' title='bbox 2628 1741 2794 1798; x_wconf 80' lang='lat' dir='ltr'><strong>Pater</strong></span> <span class='ocrx_word' id='word_1_217' title='bbox 2829 1753 3069 1810; x_wconf 83' lang='lat' dir='ltr'><strong>namque</strong></span> <span class='ocrx_word' id='word_1_218' title='bbox 3103 1754 3136 1794; x_wconf 90' lang='lat' dir='ltr'><strong>a</strong></span> <span class='ocrx_word' id='word_1_219' title='bbox 3179 1737 3318 1794; x_wconf 89' lang='lat' dir='ltr'><strong>Filio</strong></span> <span class='ocrx_word' id='word_1_220' title='bbox 3356 1752 3598 1809; x_wconf 79' lang='lat' dir='ltr'><strong>separari</strong></span> 
     </span>
    </p>
   </div>
   <div class='ocr_carea' id='block_1_29' title="bbox 291 1827 898 1890">
    <p class='ocr_par' dir='ltr' id='par_1_29' title="bbox 291 1827 898 1890">
     <span class='ocr_line' id='line_1_29' title="bbox 291 1827 898 1890; baseline -0.002 -15"><span class='ocrx_word' id='word_1_221' title='bbox 291 1833 650 1890; x_wconf 61' lang='lat' dir='ltr'><strong>neququam</strong></span> <span class='ocrx_word' id='word_1_222' title='bbox 684 1827 898 1890; x_wconf 87' lang='lat' dir='ltr'><strong>potest.</strong></span> 
     </span>
    </p>
   </div>
   <div class='ocr_carea' id='block_1_30' title="bbox 362 1911 1907 1991">
    <p class='ocr_par' dir='ltr' id='par_1_30' title="bbox 362 1911 1896 1990">
     <span class='ocr_line' id='line_1_30' title="bbox 362 1911 1896 1990; baseline 0.005 -26"><span class='ocrx_word' id='word_1_223' title='bbox 362 1913 423 1964; x_wconf 78' lang='grc' dir='ltr'><strong>ει</strong></span> <span class='ocrx_word' id='word_1_224' title='bbox 461 1913 525 1965; x_wconf 82' lang='grc' dir='ltr'><strong>δὲ</strong></span> <span class='ocrx_word' id='word_1_225' title='bbox 551 1911 622 1982; x_wconf 83' lang='grc' dir='ltr'><strong>δὴ</strong></span> <span class='ocrx_word' id='word_1_226' title='bbox 663 1911 862 1982; x_wconf 75' lang='grc' dir='ltr'><strong>μέλλει</strong></span> <span class='ocrx_word' id='word_1_227' title='bbox 903 1913 1114 1984; x_wconf 85' lang='grc' dir='ltr'><strong>κρίνειν</strong></span> <span class='ocrx_word' id='word_1_228' title='bbox 1158 1915 1258 1987; x_wconf 80' lang='grc' dir='ltr'><strong>τὴν</strong></span> <span class='ocrx_word' id='word_1_229' title='bbox 1291 1917 1622 1990; x_wconf 69' lang='grc' dir='ltr'><strong>οἰκουμένην</strong></span> <span class='ocrx_word' id='word_1_230' title='bbox 1649 1920 1678 1972; x_wconf 91' lang='lat'><strong>6</strong></span> <span class='ocrx_word' id='word_1_231' title='bbox 1700 1919 1728 1960; x_wconf 72' lang='grc' dir='ltr'>δ</span> <span class='ocrx_word' id='word_1_232' title='bbox 1759 1919 1896 1983; x_wconf 85' lang='grc' dir='ltr'>Θεὸς</span> 
     </span>
    </p>
   </div>
   <div class='ocr_carea' id='block_1_31' title="bbox 2007 1911 3603 1991">
    <p class='ocr_par' dir='ltr' id='par_1_31' title="bbox 2072 1915 3603 1991">
     <span class='ocr_line' id='line_1_31' title="bbox 2072 1915 3603 1991; baseline -0.003 -17"><span class='ocrx_word' id='word_1_233' title='bbox 2072 1917 2193 1974; x_wconf 84' lang='lat' dir='ltr'><strong>Jam</strong></span> <span class='ocrx_word' id='word_1_234' title='bbox 2227 1919 2334 1975; x_wconf 89' lang='lat' dir='ltr'><strong>etsi</strong></span> <span class='ocrx_word' id='word_1_235' title='bbox 2368 1920 2516 1975; x_wconf 85' lang='lat' dir='ltr'><strong>Deus</strong></span> <span class='ocrx_word' id='word_1_236' title='bbox 2537 1918 2890 1991; x_wconf 77' lang='lat' dir='ltr'><strong>iudicaturus</strong></span> <span class='ocrx_word' id='word_1_237' title='bbox 2914 1915 2987 1972; x_wconf 88' lang='lat' dir='ltr'><strong>sit</strong></span> <span class='ocrx_word' id='word_1_238' title='bbox 3011 1915 3202 1971; x_wconf 89' lang='lat' dir='ltr'><strong>orbem</strong></span> <span class='ocrx_word' id='word_1_239' title='bbox 3233 1926 3511 1972; x_wconf 89' lang='lat' dir='ltr'><strong>terrarum</strong></span> <span class='ocrx_word' id='word_1_240' title='bbox 3542 1917 3603 1971; x_wconf 85' lang='lat' dir='ltr'><strong>in</strong></span> 
     </span>
    </p>
   </div>
   <div class='ocr_carea' id='block_1_32' title="bbox 293 1996 1901 2083">
    <p class='ocr_par' dir='ltr' id='par_1_32' title="bbox 293 1996 1901 2083">
     <span class='ocr_line' id='line_1_32' title="bbox 293 1996 1901 2083; baseline 0.007 -28"><span class='ocrx_word' id='word_1_241' title='bbox 293 2005 352 2056; x_wconf 72' lang='grc' dir='ltr'><strong>ὲν</strong></span> <span class='ocrx_word' id='word_1_242' title='bbox 379 2003 563 2073; x_wconf 76' lang='grc' dir='ltr'><strong>ἀνδρὶ,</strong></span> <span class='ocrx_word' id='word_1_243' title='bbox 595 1996 643 2071; x_wconf 85' lang='grc' dir='ltr'>ᾦ</span> <span class='ocrx_word' id='word_1_244' title='bbox 675 2002 914 2074; x_wconf 84' lang='grc' dir='ltr'><strong>ὥρισεν,</strong></span> <span class='ocrx_word' id='word_1_245' title='bbox 957 2006 1060 2060; x_wconf 83' lang='grc' dir='ltr'><strong>οὐκ</strong></span> <span class='ocrx_word' id='word_1_246' title='bbox 1102 2019 1125 2047; x_wconf 69' lang='grc' dir='ltr'><strong>ο</strong></span> <span class='ocrx_word' id='word_1_247' title='bbox 1171 2007 1237 2062; x_wconf 86' lang='grc' dir='ltr'><strong>ἂν</strong></span> <span class='ocrx_word' id='word_1_248' title='bbox 1270 2009 1436 2064; x_wconf 84' lang='grc' dir='ltr'><strong>οἴοιτό</strong></span> <span class='ocrx_word' id='word_1_249' title='bbox 1477 2027 1562 2074; x_wconf 86' lang='grc' dir='ltr'><strong>τις</strong></span> <span class='ocrx_word' id='word_1_250' title='bbox 1596 2006 1656 2066; x_wconf 83' lang='grc' dir='ltr'><strong>εὗ</strong></span> <span class='ocrx_word' id='word_1_251' title='bbox 1687 2012 1901 2083; x_wconf 82' lang='grc' dir='ltr'><strong>φρονῶν</strong></span> 
     </span>
    </p>
   </div>
   <div class='ocr_carea' id='block_1_33' title="bbox 294 2095 1902 2174">
    <p class='ocr_par' dir='ltr' id='par_1_33' title="bbox 294 2095 1902 2174">
     <span class='ocr_line' id='line_1_33' title="bbox 294 2095 1902 2174; baseline 0.006 -26"><span class='ocrx_word' id='word_1_252' title='bbox 294 2095 382 2148; x_wconf 59' lang='grc' dir='ltr'><strong>ὅτι</strong></span> <span class='ocrx_word' id='word_1_253' title='bbox 409 2095 504 2148; x_wconf 81' lang='grc' dir='ltr'><strong>τὸν</strong></span> <span class='ocrx_word' id='word_1_254' title='bbox 538 2096 834 2166; x_wconf 74' lang='grc' dir='ltr'><strong>Μονογενῆ</strong></span> <span class='ocrx_word' id='word_1_255' title='bbox 869 2114 1008 2168; x_wconf 84' lang='grc' dir='ltr'><strong>φησι</strong></span> <span class='ocrx_word' id='word_1_256' title='bbox 1059 2098 1123 2152; x_wconf 91' lang='grc' dir='ltr'>τὸ</span> <span class='ocrx_word' id='word_1_257' title='bbox 1167 2099 1406 2172; x_wconf 86' lang='grc' dir='ltr'><strong>Γράμμα</strong></span> <span class='ocrx_word' id='word_1_258' title='bbox 1444 2102 1504 2156; x_wconf 87' lang='grc' dir='ltr'>τὸ</span> <span class='ocrx_word' id='word_1_259' title='bbox 1538 2102 1704 2174; x_wconf 75' lang='grc' dir='ltr'><strong>ἱερὸν,</strong></span> <span class='ocrx_word' id='word_1_260' title='bbox 1732 2103 1812 2167; x_wconf 82' lang='grc' dir='ltr'><strong>ὼς</strong></span> <span class='ocrx_word' id='word_1_261' title='bbox 1843 2104 1902 2157; x_wconf 78' lang='grc' dir='ltr'><strong>ὲν</strong></span> 
     </span>
    </p>
   </div>
   <div class='ocr_carea' id='block_1_34' title="bbox 316 2182 1900 2264">
    <p class='ocr_par' dir='ltr' id='par_1_34' title="bbox 316 2182 1900 2264">
     <span class='ocr_line' id='line_1_34' title="bbox 316 2182 1900 2264; baseline 0.008 -28"><span class='ocrx_word' id='word_1_262' title='bbox 316 2182 470 2256; x_wconf 70' lang='grc' dir='ltr'><strong>ἀνδρὶ</strong></span> <span class='ocrx_word' id='word_1_263' title='bbox 509 2186 782 2258; x_wconf 78' lang='grc' dir='ltr'><strong>νοουμένῳ</strong></span> <span class='ocrx_word' id='word_1_264' title='bbox 813 2190 1140 2260; x_wconf 81' lang='grc' dir='ltr'><strong>καταμόνας</strong></span> <span class='ocrx_word' id='word_1_265' title='bbox 1182 2192 1296 2263; x_wconf 79' lang='grc' dir='ltr'><strong>Υίῷ</strong></span> <span class='ocrx_word' id='word_1_266' title='bbox 1321 2193 1400 2264; x_wconf 85' lang='grc' dir='ltr'><strong>τῷ</strong></span> <span class='ocrx_word' id='word_1_267' title='bbox 1427 2195 1490 2247; x_wconf 74' lang='grc' dir='ltr'><strong>ἐκ</strong></span> <span class='ocrx_word' id='word_1_268' title='bbox 1519 2195 1798 2263; x_wconf 83' lang='grc' dir='ltr'><strong>γυναικὸς,</strong></span> <span class='ocrx_word' id='word_1_269' title='bbox 1821 2195 1900 2249; x_wconf 85' lang='grc' dir='ltr'><strong>δι-</strong></span> 
     </span>
    </p>
   </div>
   <div class='ocr_carea' id='block_1_35' title="bbox 323 2275 1905 2356">
    <p class='ocr_par' dir='ltr' id='par_1_35' title="bbox 323 2275 1905 2356">
     <span class='ocr_line' id='line_1_35' title="bbox 323 2275 1905 2356; baseline 0.006 -28"><span class='ocrx_word' id='word_1_270' title='bbox 323 2275 516 2330; x_wconf 73' lang='grc' dir='ltr'><strong>κάσειν</strong></span> <span class='ocrx_word' id='word_1_271' title='bbox 541 2276 641 2348; x_wconf 81' lang='grc' dir='ltr'><strong>τὴν</strong></span> <span class='ocrx_word' id='word_1_272' title='bbox 675 2279 757 2332; x_wconf 74' lang='grc' dir='ltr'><strong>ὑπ’</strong></span> <span class='ocrx_word' id='word_1_273' title='bbox 795 2280 1059 2351; x_wconf 85' lang='grc' dir='ltr'><strong>οὐρανόν.</strong></span> <span class='ocrx_word' id='word_1_274' title='bbox 1103 2284 1312 2338; x_wconf 84' lang='grc' dir='ltr'><strong>Ἐκεῖνο</strong></span> <span class='ocrx_word' id='word_1_275' title='bbox 1341 2285 1400 2339; x_wconf 84' lang='grc' dir='ltr'><strong>δὲ</strong></span> <span class='ocrx_word' id='word_1_276' title='bbox 1444 2285 1646 2356; x_wconf 81' lang='grc' dir='ltr'><strong>μᾶλλον</strong></span> <span class='ocrx_word' id='word_1_277' title='bbox 1682 2285 1905 2350; x_wconf 79' lang='grc' dir='ltr'><strong>εὐσεϐὲς</strong></span> 
     </span>
    </p>
   </div>
   <div class='ocr_carea' id='block_1_36' title="bbox 323 2367 1904 2450">
    <p class='ocr_par' dir='ltr' id='par_1_36' title="bbox 323 2367 1904 2450">
     <span class='ocr_line' id='line_1_36' title="bbox 323 2367 1904 2450; baseline 0.008 -30"><span class='ocrx_word' id='word_1_278' title='bbox 323 2367 589 2438; x_wconf 80' lang='grc' dir='ltr'><strong>ὑπάρχειν</strong></span> <span class='ocrx_word' id='word_1_279' title='bbox 626 2369 1125 2444; x_wconf 77' lang='grc' dir='ltr'><strong>ὅιαόεϐαιούμεθα,</strong></span> <span class='ocrx_word' id='word_1_280' title='bbox 1182 2374 1243 2428; x_wconf 84' lang='grc' dir='ltr'>τὸ</span> <span class='ocrx_word' id='word_1_281' title='bbox 1281 2376 1482 2446; x_wconf 78' lang='grc' dir='ltr'><strong>χρῆναι</strong></span> <span class='ocrx_word' id='word_1_282' title='bbox 1532 2378 1673 2431; x_wconf 82' lang='grc' dir='ltr'><strong>νοεῖν</strong></span> <span class='ocrx_word' id='word_1_283' title='bbox 1702 2416 1718 2442; x_wconf 88' lang='grc'><strong>,</strong></span> <span class='ocrx_word' id='word_1_284' title='bbox 1767 2379 1904 2450; x_wconf 82' lang='grc' dir='ltr'><strong>ὅπερ</strong></span> 
     </span>
    </p>
   </div>
   <div class='ocr_carea' id='block_1_37' title="bbox 311 2457 1902 2539">
    <p class='ocr_par' dir='ltr' id='par_1_37' title="bbox 311 2457 1902 2539">
     <span class='ocr_line' id='line_1_37' title="bbox 311 2457 1902 2539; baseline 0.009 -30"><span class='ocrx_word' id='word_1_285' title='bbox 311 2457 410 2528; x_wconf 57' lang='grc' dir='ltr'><strong>ἔφη</strong></span> <span class='ocrx_word' id='word_1_286' title='bbox 436 2459 698 2530; x_wconf 66' lang='grc' dir='ltr'><strong>Χριστόςο</strong></span> <span class='ocrx_word' id='word_1_287' title='bbox 745 2480 765 2514; x_wconf 83' lang='grc' dir='ltr'><strong>ι</strong></span> <span class='ocrx_word' id='word_1_288' title='bbox 813 2462 957 2517; x_wconf 84' lang='grc' dir='ltr'><strong>Οὐδὲ</strong></span> <span class='ocrx_word' id='word_1_289' title='bbox 1004 2463 1116 2536; x_wconf 80' lang='grc' dir='ltr'><strong>γὰρ</strong></span> <span class='ocrx_word' id='word_1_290' title='bbox 1161 2467 1194 2520; x_wconf 75' lang='grc' dir='ltr'><strong>ό</strong></span> <span class='ocrx_word' id='word_1_291' title='bbox 1226 2466 1419 2539; x_wconf 80' lang='grc' dir='ltr'><strong>Πατὴρ</strong></span> <span class='ocrx_word' id='word_1_292' title='bbox 1459 2468 1635 2538; x_wconf 84' lang='grc' dir='ltr'><strong>κρίνει</strong></span> <span class='ocrx_word' id='word_1_293' title='bbox 1687 2469 1902 2536; x_wconf 81' lang='grc' dir='ltr'><strong>οὐδένα,</strong></span> 
     </span>
    </p>
   </div>
   <div class='ocr_carea' id='block_1_38' title="bbox 306 2549 1906 2632">
    <p class='ocr_par' dir='ltr' id='par_1_38' title="bbox 306 2549 1906 2632">
     <span class='ocr_line' id='line_1_38' title="bbox 306 2549 1906 2632; baseline 0.008 -29"><span class='ocrx_word' id='word_1_294' title='bbox 306 2549 436 2604; x_wconf 75' lang='grc' dir='ltr'><strong>ἀλλά</strong></span> <span class='ocrx_word' id='word_1_295' title='bbox 469 2552 657 2606; x_wconf 75' lang='grc' dir='ltr'><strong>πᾶσαν</strong></span> <span class='ocrx_word' id='word_1_296' title='bbox 703 2553 810 2623; x_wconf 78' lang='grc' dir='ltr'><strong>τὴν</strong></span> <span class='ocrx_word' id='word_1_297' title='bbox 855 2554 1042 2625; x_wconf 88' lang='grc' dir='ltr'><strong>κρίσιν</strong></span> <span class='ocrx_word' id='word_1_298' title='bbox 1073 2557 1274 2612; x_wconf 84' lang='grc' dir='ltr'><strong>δέδωκε</strong></span> <span class='ocrx_word' id='word_1_299' title='bbox 1316 2558 1398 2631; x_wconf 78' lang='grc' dir='ltr'><strong>τῷ</strong></span> <span class='ocrx_word' id='word_1_300' title='bbox 1427 2560 1563 2632; x_wconf 82' lang='grc' dir='ltr'><strong>Υίῷ,</strong></span> <span class='ocrx_word' id='word_1_301' title='bbox 1591 2563 1679 2616; x_wconf 77' lang='grc' dir='ltr'><strong>ἵνα</strong></span> <span class='ocrx_word' id='word_1_302' title='bbox 1703 2562 1906 2627; x_wconf 80' lang='grc' dir='ltr'><strong>πάντες</strong></span> 
     </span>
    </p>
   </div>
   <div class='ocr_carea' id='block_1_39' title="bbox 269 2637 1906 2728">
    <p class='ocr_par' dir='ltr' id='par_1_39' title="bbox 269 2637 1906 2728">
     <span class='ocr_line' id='line_1_39' title="bbox 269 2637 1906 2728; baseline 0.009 -34"><span class='ocrx_word' id='word_1_303' title='bbox 269 2637 496 2712; x_wconf 70' lang='grc' dir='ltr'><strong>’τιμῶσι</strong></span> <span class='ocrx_word' id='word_1_304' title='bbox 535 2644 638 2697; x_wconf 81' lang='grc' dir='ltr'><strong>τὸν</strong></span> <span class='ocrx_word' id='word_1_305' title='bbox 688 2645 854 2710; x_wconf 73' lang='grc' dir='ltr'><strong>Ἰίὸν,</strong></span> <span class='ocrx_word' id='word_1_306' title='bbox 886 2647 1073 2713; x_wconf 85' lang='grc' dir='ltr'><strong>καθὼς</strong></span> <span class='ocrx_word' id='word_1_307' title='bbox 1116 2649 1321 2721; x_wconf 83' lang='grc' dir='ltr'><strong>τιμῶσι</strong></span> <span class='ocrx_word' id='word_1_308' title='bbox 1365 2651 1458 2706; x_wconf 86' lang='grc' dir='ltr'><strong>τὸν</strong></span> <span class='ocrx_word' id='word_1_309' title='bbox 1495 2653 1740 2728; x_wconf 72' lang='grc' dir='ltr'><strong>Πατέρα.</strong></span> <span class='ocrx_word' id='word_1_310' title='bbox 1779 2673 1800 2707; x_wconf 69' lang='grc' dir='ltr'><strong>ι</strong></span> <span class='ocrx_word' id='word_1_311' title='bbox 1848 2655 1906 2709; x_wconf 87' lang='lat'><strong>&#39;0</strong></span> 
     </span>
    </p>
   </div>
   <div class='ocr_carea' id='block_1_40' title="bbox 296 2735 1908 2814">
    <p class='ocr_par' dir='ltr' id='par_1_40' title="bbox 296 2735 1908 2814">
     <span class='ocr_line' id='line_1_40' title="bbox 296 2735 1908 2814; baseline 0.008 -27"><span class='ocrx_word' id='word_1_312' title='bbox 296 2736 399 2805; x_wconf 75' lang='grc' dir='ltr'><strong>γάρ</strong></span> <span class='ocrx_word' id='word_1_313' title='bbox 423 2751 509 2788; x_wconf 83' lang='grc' dir='ltr'><strong>τοι</strong></span> <span class='ocrx_word' id='word_1_314' title='bbox 541 2735 686 2801; x_wconf 84' lang='grc' dir='ltr'>Θεὸς</span> <span class='ocrx_word' id='word_1_315' title='bbox 723 2737 909 2807; x_wconf 82' lang='grc' dir='ltr'><strong>Λόγος</strong></span> <span class='ocrx_word' id='word_1_316' title='bbox 939 2739 1179 2809; x_wconf 76' lang='grc' dir='ltr'><strong>γεγονὼς</strong></span> <span class='ocrx_word' id='word_1_317' title='bbox 1219 2741 1525 2814; x_wconf 78' lang='grc' dir='ltr'><strong>ἄνθρωπος,</strong></span> <span class='ocrx_word' id='word_1_318' title='bbox 1554 2744 1651 2799; x_wconf 77' lang='grc' dir='ltr'><strong>καὶ</strong></span> <span class='ocrx_word' id='word_1_319' title='bbox 1679 2745 1908 2811; x_wconf 78' lang='grc' dir='ltr'><strong>τελέσας</strong></span> 
     </span>
    </p>
   </div>
   <div class='ocr_carea' id='block_1_41' title="bbox 291 2829 1894 2908">
    <p class='ocr_par' dir='ltr' id='par_1_41' title="bbox 291 2829 1894 2908">
     <span class='ocr_line' id='line_1_41' title="bbox 291 2829 1894 2908; baseline 0.006 -26"><span class='ocrx_word' id='word_1_320' title='bbox 291 2829 350 2882; x_wconf 78' lang='grc' dir='ltr'><strong>ὲν</strong></span> <span class='ocrx_word' id='word_1_321' title='bbox 377 2829 669 2899; x_wconf 77' lang='grc' dir='ltr'><strong>ἀνδράσιν,</strong></span> <span class='ocrx_word' id='word_1_322' title='bbox 688 2829 871 2900; x_wconf 71' lang='grc' dir='ltr'><strong>ἤγουν</strong></span> <span class='ocrx_word' id='word_1_323' title='bbox 897 2831 1058 2886; x_wconf 91' lang='grc' dir='ltr'><strong>τοῦτο</strong></span> <span class='ocrx_word' id='word_1_324' title='bbox 1089 2832 1210 2904; x_wconf 86' lang='grc' dir='ltr'><strong>μεθ’</strong></span> <span class='ocrx_word' id='word_1_325' title='bbox 1244 2835 1400 2906; x_wconf 71' lang='grc' dir='ltr'><strong>ἡμῶν</strong></span> <span class='ocrx_word' id='word_1_326' title='bbox 1430 2836 1779 2908; x_wconf 78' lang='grc' dir='ltr'><strong>ὀνομασθεὶς,</strong></span> <span class='ocrx_word' id='word_1_327' title='bbox 1801 2838 1894 2891; x_wconf 84' lang='grc' dir='ltr'><strong>οὐ·</strong></span> 
     </span>
    </p>
   </div>
   <div class='ocr_carea' id='block_1_42' title="bbox 288 2913 1904 2997">
    <p class='ocr_par' dir='ltr' id='par_1_42' title="bbox 288 2913 1904 2997">
     <span class='ocr_line' id='line_1_42' title="bbox 288 2913 1904 2997; baseline 0.006 -26"><span class='ocrx_word' id='word_1_328' title='bbox 288 2917 377 2971; x_wconf 68' lang='grc' dir='ltr'><strong>ὁὲν</strong></span> <span class='ocrx_word' id='word_1_329' title='bbox 417 2913 592 2989; x_wconf 80' lang='grc' dir='ltr'><strong>ἧττον</strong></span> <span class='ocrx_word' id='word_1_330' title='bbox 661 2919 825 2973; x_wconf 63' lang='grc' dir='ltr'><strong>ἔσται</strong></span> <span class='ocrx_word' id='word_1_331' title='bbox 888 2920 1127 2992; x_wconf 81' lang='grc' dir='ltr'><strong>κριτὴς,</strong></span> <span class='ocrx_word' id='word_1_332' title='bbox 1185 2921 1260 2986; x_wconf 84' lang='grc' dir='ltr'><strong>ὡς</strong></span> <span class='ocrx_word' id='word_1_333' title='bbox 1319 2923 1452 2989; x_wconf 86' lang='grc' dir='ltr'>Θεὸς</span> <span class='ocrx_word' id='word_1_334' title='bbox 1505 2927 1601 2978; x_wconf 77' lang='grc' dir='ltr'><strong>καὶ</strong></span> <span class='ocrx_word' id='word_1_335' title='bbox 1653 2926 1904 2997; x_wconf 86' lang='grc' dir='ltr'><strong>Κύριος,</strong></span> 
     </span>
    </p>
   </div>
   <div class='ocr_carea' id='block_1_43' title="bbox 291 3004 1910 3084">
    <p class='ocr_par' dir='ltr' id='par_1_43' title="bbox 291 3004 1910 3084">
     <span class='ocr_line' id='line_1_43' title="bbox 291 3004 1910 3084; baseline 0.006 -22"><span class='ocrx_word' id='word_1_336' title='bbox 291 3007 384 3062; x_wconf 77' lang='grc' dir='ltr'><strong>καὶ</strong></span> <span class='ocrx_word' id='word_1_337' title='bbox 407 3004 490 3074; x_wconf 77' lang='grc' dir='ltr'><strong>εἷς</strong></span> <span class='ocrx_word' id='word_1_338' title='bbox 519 3008 606 3064; x_wconf 80' lang='grc' dir='ltr'><strong>ὢν</strong></span> <span class='ocrx_word' id='word_1_339' title='bbox 638 3009 803 3075; x_wconf 75' lang='grc' dir='ltr'><strong>Υἱὸς,</strong></span> <span class='ocrx_word' id='word_1_340' title='bbox 828 3011 1042 3076; x_wconf 74' lang='grc' dir='ltr'><strong>ἐνόντος</strong></span> <span class='ocrx_word' id='word_1_341' title='bbox 1068 3012 1217 3084; x_wconf 83' lang='grc' dir='ltr'><strong>αὐτῷ</strong></span> <span class='ocrx_word' id='word_1_342' title='bbox 1243 3014 1340 3069; x_wconf 73' lang='grc' dir='ltr'><strong>καὶ</strong></span> <span class='ocrx_word' id='word_1_343' title='bbox 1363 3015 1486 3070; x_wconf 78' lang='grc' dir='ltr'><strong>τότε</strong></span> <span class='ocrx_word' id='word_1_344' title='bbox 1514 3016 1612 3071; x_wconf 89' lang='grc' dir='ltr'><strong>τοῦ</strong></span> <span class='ocrx_word' id='word_1_345' title='bbox 1640 3016 1775 3071; x_wconf 82' lang='grc' dir='ltr'><strong>Θεοῦ</strong></span> <span class='ocrx_word' id='word_1_346' title='bbox 1813 3019 1910 3072; x_wconf 79' lang='grc' dir='ltr'><strong>καὶ</strong></span> 
     </span>
    </p>
   </div>
   <div class='ocr_carea' id='block_1_44' title="bbox 290 3100 1909 3180">
    <p class='ocr_par' dir='ltr' id='par_1_44' title="bbox 290 3100 1909 3180">
     <span class='ocr_line' id='line_1_44' title="bbox 290 3100 1909 3180; baseline 0.006 -27"><span class='ocrx_word' id='word_1_347' title='bbox 290 3100 527 3173; x_wconf 76' lang='grc' dir='ltr'><strong>Πατρός.</strong></span> <span class='ocrx_word' id='word_1_348' title='bbox 583 3102 751 3171; x_wconf 76' lang='grc' dir='ltr'><strong>Ἔχει</strong></span> <span class='ocrx_word' id='word_1_349' title='bbox 781 3103 914 3174; x_wconf 86' lang='grc' dir='ltr'><strong>γάρ,</strong></span> <span class='ocrx_word' id='word_1_350' title='bbox 949 3103 1026 3168; x_wconf 83' lang='grc' dir='ltr'><strong>ὡς</strong></span> <span class='ocrx_word' id='word_1_351' title='bbox 1071 3103 1236 3175; x_wconf 75' lang='grc' dir='ltr'><strong>ἔφην,</strong></span> <span class='ocrx_word' id='word_1_352' title='bbox 1270 3107 1329 3159; x_wconf 81' lang='grc' dir='ltr'><strong>έν</strong></span> <span class='ocrx_word' id='word_1_353' title='bbox 1362 3107 1545 3178; x_wconf 77' lang='grc' dir='ltr'><strong>ἑαυτῷ</strong></span> <span class='ocrx_word' id='word_1_354' title='bbox 1584 3109 1677 3161; x_wconf 90' lang='grc' dir='ltr'><strong>τὸν</strong></span> <span class='ocrx_word' id='word_1_355' title='bbox 1717 3110 1909 3180; x_wconf 87' lang='grc' dir='ltr'><strong>γεννή-</strong></span> 
     </span>
    </p>
   </div>
   <div class='ocr_carea' id='block_1_45' title="bbox 294 3194 1910 3271">
    <p class='ocr_par' dir='ltr' id='par_1_45' title="bbox 294 3194 1910 3271">
     <span class='ocr_line' id='line_1_45' title="bbox 294 3194 1910 3271; baseline 0.006 -26"><span class='ocrx_word' id='word_1_356' title='bbox 294 3209 481 3246; x_wconf 81' lang='grc' dir='ltr'>σαντα·</span> <span class='ocrx_word' id='word_1_357' title='bbox 515 3195 618 3247; x_wconf 81' lang='grc' dir='ltr'><strong>καὶ</strong></span> <span class='ocrx_word' id='word_1_358' title='bbox 647 3194 822 3258; x_wconf 84' lang='grc' dir='ltr'><strong>αὐτὸς</strong></span> <span class='ocrx_word' id='word_1_359' title='bbox 855 3195 912 3249; x_wconf 84' lang='grc' dir='ltr'><strong>δέ</strong></span> <span class='ocrx_word' id='word_1_360' title='bbox 951 3197 1183 3250; x_wconf 76' lang='grc' dir='ltr'><strong>ἐστιν’ὲν</strong></span> <span class='ocrx_word' id='word_1_361' title='bbox 1213 3197 1384 3269; x_wconf 76' lang='grc' dir='ltr'><strong>αὐτῷ.</strong></span> <span class='ocrx_word' id='word_1_362' title='bbox 1415 3199 1625 3271; x_wconf 81' lang='grc' dir='ltr'><strong>Ὥσπερ</strong></span> <span class='ocrx_word' id='word_1_363' title='bbox 1657 3201 1714 3254; x_wconf 83' lang='grc' dir='ltr'><strong>δέ</strong></span> <span class='ocrx_word' id='word_1_364' title='bbox 1763 3203 1910 3254; x_wconf 74' lang='grc' dir='ltr'><strong>ἐστιν</strong></span> 
     </span>
    </p>
   </div>
   <div class='ocr_carea' id='block_1_46' title="bbox 291 3255 1980 3356">
    <p class='ocr_par' dir='ltr' id='par_1_46' title="bbox 291 3255 1980 3356">
     <span class='ocr_line' id='line_1_46' title="bbox 291 3255 1980 3356; baseline 0.005 -21"><span class='ocrx_word' id='word_1_365' title='bbox 291 3277 374 3345; x_wconf 78' lang='grc' dir='ltr'><strong>εἷς</strong></span> <span class='ocrx_word' id='word_1_366' title='bbox 417 3284 448 3335; x_wconf 92' lang='lat'><strong>6</strong></span> <span class='ocrx_word' id='word_1_367' title='bbox 490 3282 632 3346; x_wconf 83' lang='grc' dir='ltr'>Θεὸς</span> <span class='ocrx_word' id='word_1_368' title='bbox 669 3283 774 3337; x_wconf 74' lang='grc' dir='ltr'><strong>καὶ</strong></span> <span class='ocrx_word' id='word_1_369' title='bbox 800 3255 1021 3356; x_wconf 62' lang='grc' dir='ltr'><strong>Πατὴρ,</strong></span> <span class='ocrx_word' id='word_1_370' title='bbox 1066 3284 1126 3352; x_wconf 78' lang='grc' dir='ltr'>ἐξ</span> <span class='ocrx_word' id='word_1_371' title='bbox 1159 3278 1219 3338; x_wconf 80' lang='grc' dir='ltr'><strong>οῦ</strong></span> <span class='ocrx_word' id='word_1_372' title='bbox 1269 3255 1348 3340; x_wconf 52' lang='grc' dir='ltr'><strong>τά</strong></span> <span class='ocrx_word' id='word_1_373' title='bbox 1391 3255 1606 3354; x_wconf 62' lang='grc' dir='ltr'><strong>πάντα,</strong></span> <span class='ocrx_word' id='word_1_374' title='bbox 1639 3288 1782 3342; x_wconf 76' lang='grc' dir='ltr'><strong>οὕτω</strong></span> <span class='ocrx_word' id='word_1_375' title='bbox 1829 3284 1911 3352; x_wconf 73' lang='grc' dir='ltr'><strong>εἷς</strong></span> <span class='ocrx_word' id='word_1_376' title='bbox 1937 3255 1980 3315; x_wconf 75' lang='lat' dir='ltr'><strong>c</strong></span> 
     </span>
    </p>
   </div>
   <div class='ocr_carea' id='block_1_47' title="bbox 297 3372 1912 3454">
    <p class='ocr_par' dir='ltr' id='par_1_47' title="bbox 297 3372 1912 3454">
     <span class='ocr_line' id='line_1_47' title="bbox 297 3372 1912 3454; baseline 0.007 -29"><span class='ocrx_word' id='word_1_377' title='bbox 297 3373 506 3444; x_wconf 74' lang='grc' dir='ltr'><strong>Κύριος</strong></span> <span class='ocrx_word' id='word_1_378' title='bbox 542 3374 768 3446; x_wconf 85' lang='grc' dir='ltr'><strong>Ἰησοῦς</strong></span> <span class='ocrx_word' id='word_1_379' title='bbox 799 3376 1062 3447; x_wconf 83' lang='grc' dir='ltr'><strong>Χριστὸς,</strong></span> <span class='ocrx_word' id='word_1_380' title='bbox 1093 3378 1161 3432; x_wconf 86' lang='grc' dir='ltr'><strong>δι’</strong></span> <span class='ocrx_word' id='word_1_381' title='bbox 1187 3372 1248 3434; x_wconf 75' lang='grc' dir='ltr'><strong>οὗ</strong></span> <span class='ocrx_word' id='word_1_382' title='bbox 1286 3378 1356 3434; x_wconf 82' lang='grc' dir='ltr'><strong>τὰ</strong></span> <span class='ocrx_word' id='word_1_383' title='bbox 1380 3381 1580 3436; x_wconf 85' lang='grc' dir='ltr'><strong>πάντα.</strong></span> <span class='ocrx_word' id='word_1_384' title='bbox 1624 3381 1912 3454; x_wconf 80' lang='grc' dir='ltr'><strong>Παρευθύ-</strong></span> 
     </span>
    </p>
   </div>
   <div class='ocr_carea' id='block_1_48' title="bbox 296 3462 1910 3544">
    <p class='ocr_par' dir='ltr' id='par_1_48' title="bbox 296 3462 1910 3544">
     <span class='ocr_line' id='line_1_48' title="bbox 296 3462 1910 3544; baseline 0.006 -26"><span class='ocrx_word' id='word_1_385' title='bbox 296 3481 449 3519; x_wconf 74' lang='lat' dir='ltr'><strong>mat</strong></span> <span class='ocrx_word' id='word_1_386' title='bbox 491 3465 554 3520; x_wconf 78' lang='grc' dir='ltr'><strong>δὲ</strong></span> <span class='ocrx_word' id='word_1_387' title='bbox 588 3465 753 3520; x_wconf 72' lang='grc' dir='ltr'><strong>οὐδὲν</strong></span> <span class='ocrx_word' id='word_1_388' title='bbox 779 3462 947 3540; x_wconf 81' lang='grc' dir='ltr'><strong>ἦττον</strong></span> <span class='ocrx_word' id='word_1_389' title='bbox 986 3468 1082 3521; x_wconf 75' lang='grc' dir='ltr'><strong>ἐπὶ</strong></span> <span class='ocrx_word' id='word_1_390' title='bbox 1114 3467 1174 3522; x_wconf 88' lang='grc' dir='ltr'>τὸ</span> <span class='ocrx_word' id='word_1_391' title='bbox 1213 3469 1470 3538; x_wconf 81' lang='grc' dir='ltr'><strong>ἀκαλλὲς,</strong></span> <span class='ocrx_word' id='word_1_392' title='bbox 1516 3473 1698 3527; x_wconf 78' lang='grc' dir='ltr'><strong>καὶτὸ</strong></span> <span class='ocrx_word' id='word_1_393' title='bbox 1731 3473 1910 3544; x_wconf 85' lang='grc' dir='ltr'><strong>ὀρθῶς</strong></span> 
     </span>
    </p>
   </div>
   <div class='ocr_carea' id='block_1_49' title="bbox 298 3557 1910 3636">
    <p class='ocr_par' dir='ltr' id='par_1_49' title="bbox 298 3557 1910 3636">
     <span class='ocr_line' id='line_1_49' title="bbox 298 3557 1910 3636; baseline 0.008 -28"><span class='ocrx_word' id='word_1_394' title='bbox 298 3557 597 3627; x_wconf 76' lang='grc' dir='ltr'><strong>εἰρημένον</strong></span> <span class='ocrx_word' id='word_1_395' title='bbox 642 3557 737 3611; x_wconf 76' lang='grc' dir='ltr'><strong>διὰ</strong></span> <span class='ocrx_word' id='word_1_396' title='bbox 773 3560 872 3630; x_wconf 84' lang='grc' dir='ltr'><strong>τῆς</strong></span> <span class='ocrx_word' id='word_1_397' title='bbox 919 3559 1012 3614; x_wconf 86' lang='grc' dir='ltr'><strong>τοῦ</strong></span> <span class='ocrx_word' id='word_1_398' title='bbox 1043 3561 1314 3633; x_wconf 88' lang='grc' dir='ltr'><strong>μακαρίου</strong></span> <span class='ocrx_word' id='word_1_399' title='bbox 1349 3562 1568 3632; x_wconf 72' lang='grc' dir='ltr'><strong>Παύλου</strong></span> <span class='ocrx_word' id='word_1_400' title='bbox 1591 3567 1805 3636; x_wconf 72' lang='grc' dir='ltr'><strong>¹(ρωνῆς.</strong></span> <span class='ocrx_word' id='word_1_401' title='bbox 1850 3565 1910 3619; x_wconf 82' lang='lat'><strong>&#39;0</strong></span> 
     </span>
    </p>
   </div>
   <div class='ocr_carea' id='block_1_50' title="bbox 299 3649 1911 3732">
    <p class='ocr_par' dir='ltr' id='par_1_50' title="bbox 299 3649 1911 3732">
     <span class='ocr_line' id='line_1_50' title="bbox 299 3649 1911 3732; baseline 0.007 -31"><span class='ocrx_word' id='word_1_402' title='bbox 299 3649 402 3716; x_wconf 73' lang='grc' dir='ltr'><strong>μὲν</strong></span> <span class='ocrx_word' id='word_1_403' title='bbox 437 3649 554 3719; x_wconf 85' lang='grc' dir='ltr'><strong>γὰρ</strong></span> <span class='ocrx_word' id='word_1_404' title='bbox 579 3649 716 3721; x_wconf 77' lang='grc' dir='ltr'><strong>ἐφη,</strong></span> <span class='ocrx_word' id='word_1_405' title='bbox 748 3652 848 3705; x_wconf 75' lang='grc' dir='ltr'><strong>καὶ</strong></span> <span class='ocrx_word' id='word_1_406' title='bbox 884 3652 1031 3722; x_wconf 80' lang='grc' dir='ltr'><strong>μάλα</strong></span> <span class='ocrx_word' id='word_1_407' title='bbox 1057 3653 1254 3726; x_wconf 82' lang='grc' dir='ltr'><strong>ὀρθῶς,</strong></span> <span class='ocrx_word' id='word_1_408' title='bbox 1287 3656 1373 3710; x_wconf 80' lang='grc' dir='ltr'><strong>ὅτι</strong></span> <span class='ocrx_word' id='word_1_409' title='bbox 1395 3675 1416 3708; x_wconf 81' lang='grc' dir='ltr'><strong>ι</strong></span> <span class='ocrx_word' id='word_1_410' title='bbox 1449 3655 1584 3722; x_wconf 83' lang='grc' dir='ltr'>Θεὸς</span> <span class='ocrx_word' id='word_1_411' title='bbox 1598 3653 1667 3730; x_wconf 74' lang='grc' dir='ltr'><strong>ἦν</strong></span> <span class='ocrx_word' id='word_1_412' title='bbox 1687 3659 1745 3712; x_wconf 80' lang='grc' dir='ltr'><strong>ὲν</strong></span> <span class='ocrx_word' id='word_1_413' title='bbox 1772 3658 1911 3732; x_wconf 83' lang='grc' dir='ltr'><strong>Χρι-</strong></span> 
     </span>
    </p>
   </div>
   <div class='ocr_carea' id='block_1_51' title="bbox 301 3737 1910 3813">
    <p class='ocr_par' dir='ltr' id='par_1_51' title="bbox 301 3737 1910 3813">
     <span class='ocr_line' id='line_1_51' title="bbox 301 3737 1910 3813; baseline 0.01 -24"><span class='ocrx_word' id='word_1_414' title='bbox 301 3737 436 3808; x_wconf 81' lang='grc' dir='ltr'><strong>στῷ,</strong></span> <span class='ocrx_word' id='word_1_415' title='bbox 465 3738 686 3810; x_wconf 82' lang='grc' dir='ltr'><strong>κόσμον</strong></span> <span class='ocrx_word' id='word_1_416' title='bbox 709 3741 1114 3798; x_wconf 80' lang='grc' dir='ltr'><strong>καταλλάσσων</strong></span> <span class='ocrx_word' id='word_1_417' title='bbox 1142 3745 1342 3813; x_wconf 74' lang='grc' dir='ltr'><strong>ἑαυτῷ.</strong></span> <span class='ocrx_word' id='word_1_418' title='bbox 1390 3765 1410 3799; x_wconf 73' lang='grc' dir='ltr'><strong>ι</strong></span> <span class='ocrx_word' id='word_1_419' title='bbox 1434 3749 1498 3802; x_wconf 80' lang='grc' dir='ltr'><strong>οι</strong></span> <span class='ocrx_word' id='word_1_420' title='bbox 1530 3747 1587 3802; x_wconf 76' lang='grc' dir='ltr'><strong>δὲ</strong></span> <span class='ocrx_word' id='word_1_421' title='bbox 1614 3749 1777 3805; x_wconf 82' lang='grc' dir='ltr'><strong>πάλιν</strong></span> <span class='ocrx_word' id='word_1_422' title='bbox 1808 3769 1910 3804; x_wconf 83' lang='grc' dir='ltr'><strong>πα-</strong></span> 
     </span>
    </p>
   </div>
   <div class='ocr_carea' id='block_1_52' title="bbox 302 3831 1910 3912">
    <p class='ocr_par' dir='ltr' id='par_1_52' title="bbox 302 3831 1910 3912">
     <span class='ocr_line' id='line_1_52' title="bbox 302 3831 1910 3912; baseline 0.009 -30"><span class='ocrx_word' id='word_1_423' title='bbox 302 3831 456 3899; x_wconf 74' lang='grc' dir='ltr'><strong>χεῖάν</strong></span> <span class='ocrx_word' id='word_1_424' title='bbox 489 3848 621 3885; x_wconf 80' lang='grc' dir='ltr'><strong>τινα</strong></span> <span class='ocrx_word' id='word_1_425' title='bbox 663 3833 746 3904; x_wconf 84' lang='grc' dir='ltr'><strong>τῷ</strong></span> <span class='ocrx_word' id='word_1_426' title='bbox 783 3833 870 3886; x_wconf 80' lang='grc' dir='ltr'><strong>ἑνὶ</strong></span> <span class='ocrx_word' id='word_1_427' title='bbox 913 3834 1138 3906; x_wconf 79' lang='grc' dir='ltr'><strong>Χριστῷ</strong></span> <span class='ocrx_word' id='word_1_428' title='bbox 1171 3837 1265 3891; x_wconf 85' lang='grc' dir='ltr'><strong>καὶ</strong></span> <span class='ocrx_word' id='word_1_429' title='bbox 1304 3837 1420 3910; x_wconf 83' lang='grc' dir='ltr'>Υίῷ</span> <span class='ocrx_word' id='word_1_430' title='bbox 1447 3840 1548 3910; x_wconf 83' lang='grc' dir='ltr'><strong>τὴν</strong></span> <span class='ocrx_word' id='word_1_431' title='bbox 1584 3841 1760 3912; x_wconf 80' lang='grc' dir='ltr'><strong>τομὴν</strong></span> <span class='ocrx_word' id='word_1_432' title='bbox 1788 3843 1910 3896; x_wconf 80' lang='grc' dir='ltr'><strong>ἐπι-</strong></span> 
     </span>
    </p>
   </div>
   <div class='ocr_carea' id='block_1_53' title="bbox 300 3922 1908 4003">
    <p class='ocr_par' dir='ltr' id='par_1_53' title="bbox 300 3922 1908 4003">
     <span class='ocr_line' id='line_1_53' title="bbox 300 3922 1908 4003; baseline 0.009 -30"><span class='ocrx_word' id='word_1_433' title='bbox 300 3922 598 3991; x_wconf 74' lang='grc' dir='ltr'><strong>φέροντες,</strong></span> <span class='ocrx_word' id='word_1_434' title='bbox 630 3923 1026 3989; x_wconf 65' lang='grc' dir='ltr'><strong>ἀποδιϊστῶσιν</strong></span> <span class='ocrx_word' id='word_1_435' title='bbox 1070 3927 1153 3991; x_wconf 82' lang='grc' dir='ltr'><strong>είς</strong></span> <span class='ocrx_word' id='word_1_436' title='bbox 1199 3928 1343 3983; x_wconf 76' lang='grc' dir='ltr'><strong>ἅπαν</strong></span> <span class='ocrx_word' id='word_1_437' title='bbox 1395 3929 1487 3986; x_wconf 85' lang='grc' dir='ltr'><strong>τὸν</strong></span> <span class='ocrx_word' id='word_1_438' title='bbox 1542 3931 1676 3988; x_wconf 85' lang='grc' dir='ltr'>Θεὸν</span> <span class='ocrx_word' id='word_1_439' title='bbox 1714 3933 1908 4003; x_wconf 88' lang='grc' dir='ltr'><strong>Λόγον,</strong></span> 
     </span>
    </p>
   </div>
   <div class='ocr_carea' id='block_1_54' title="bbox 305 4013 1912 4096">
    <p class='ocr_par' dir='ltr' id='par_1_54' title="bbox 305 4013 1912 4096">
     <span class='ocr_line' id='line_1_54' title="bbox 305 4013 1912 4096; baseline 0.01 -31"><span class='ocrx_word' id='word_1_440' title='bbox 305 4015 398 4065; x_wconf 80' lang='grc' dir='ltr'><strong>καὶ</strong></span> <span class='ocrx_word' id='word_1_441' title='bbox 439 4013 520 4078; x_wconf 76' lang='grc' dir='ltr'><strong>ὡς</strong></span> <span class='ocrx_word' id='word_1_442' title='bbox 565 4015 628 4069; x_wconf 80' lang='grc' dir='ltr'><strong>ὲν</strong></span> <span class='ocrx_word' id='word_1_443' title='bbox 668 4014 850 4086; x_wconf 80' lang='grc' dir='ltr'><strong>ἑτέρῳ</strong></span> <span class='ocrx_word' id='word_1_444' title='bbox 881 4017 992 4070; x_wconf 72' lang='grc' dir='ltr'><strong>τινὶ</strong></span> <span class='ocrx_word' id='word_1_445' title='bbox 1019 4018 1300 4091; x_wconf 75' lang='grc' dir='ltr'><strong>νοουμένῳ</strong></span> <span class='ocrx_word' id='word_1_446' title='bbox 1333 4021 1558 4095; x_wconf 82' lang='grc' dir='ltr'><strong>Χριστῷ</strong></span> <span class='ocrx_word' id='word_1_447' title='bbox 1595 4026 1912 4096; x_wconf 81' lang='grc' dir='ltr'><strong>καταμόνας</strong></span> 
     </span>
    </p>
   </div>
   <div class='ocr_carea' id='block_1_55' title="bbox 303 4100 1907 4188">
    <p class='ocr_par' dir='ltr' id='par_1_55' title="bbox 303 4100 1907 4188">
     <span class='ocr_line' id='line_1_55' title="bbox 303 4100 1907 4188; baseline 0.009 -31"><span class='ocrx_word' id='word_1_448' title='bbox 303 4100 443 4158; x_wconf 81' lang='grc' dir='ltr'><strong>εἷναί</strong></span> <span class='ocrx_word' id='word_1_449' title='bbox 489 4121 666 4176; x_wconf 72' lang='grc' dir='ltr'><strong>φασιν</strong></span> <span class='ocrx_word' id='word_1_450' title='bbox 712 4107 902 4174; x_wconf 79' lang='grc' dir='ltr'><strong>αὑτὸν,</strong></span> <span class='ocrx_word' id='word_1_451' title='bbox 945 4108 1032 4163; x_wconf 78' lang='grc' dir='ltr'><strong>ἵνα</strong></span> <span class='ocrx_word' id='word_1_452' title='bbox 1071 4110 1149 4182; x_wconf 81' lang='grc' dir='ltr'><strong>μὴ</strong></span> <span class='ocrx_word' id='word_1_453' title='bbox 1193 4113 1394 4183; x_wconf 80' lang='grc' dir='ltr'><strong>μᾶλλον</strong></span> <span class='ocrx_word' id='word_1_454' title='bbox 1445 4116 1868 4188; x_wconf 84' lang='grc' dir='ltr'><strong>σεσαρκωμένος</strong></span> <span class='ocrx_word' id='word_1_455' title='bbox 1891 4157 1907 4183; x_wconf 92' lang='grc'><strong>,</strong></span> 
     </span>
    </p>
   </div>
   <div class='ocr_carea' id='block_1_56' title="bbox 309 4196 1910 4278">
    <p class='ocr_par' dir='ltr' id='par_1_56' title="bbox 309 4196 1910 4278">
     <span class='ocr_line' id='line_1_56' title="bbox 309 4196 1910 4278; baseline 0.01 -30"><span class='ocrx_word' id='word_1_456' title='bbox 309 4196 423 4249; x_wconf 79' lang='grc' dir='ltr'><strong>ἀλλ’</strong></span> <span class='ocrx_word' id='word_1_457' title='bbox 473 4197 781 4268; x_wconf 81' lang='grc' dir='ltr'><strong>ὲνοικήσας</strong></span> <span class='ocrx_word' id='word_1_458' title='bbox 831 4198 1114 4273; x_wconf 77' lang='grc' dir='ltr'><strong>ἀνθρώπῳ</strong></span> <span class='ocrx_word' id='word_1_459' title='bbox 1159 4203 1368 4274; x_wconf 83' lang='grc' dir='ltr'><strong>νοῆται.</strong></span> <span class='ocrx_word' id='word_1_460' title='bbox 1434 4205 1576 4260; x_wconf 87' lang='grc' dir='ltr'><strong>Ἀλλ’</strong></span> <span class='ocrx_word' id='word_1_461' title='bbox 1624 4209 1652 4262; x_wconf 86' lang='grc' dir='ltr'><strong>ὃ</strong></span> <span class='ocrx_word' id='word_1_462' title='bbox 1694 4225 1758 4278; x_wconf 85' lang='grc' dir='ltr'><strong>γε</strong></span> <span class='ocrx_word' id='word_1_463' title='bbox 1801 4209 1910 4265; x_wconf 87' lang='grc' dir='ltr'><strong>τῶν</strong></span> 
     </span>
    </p>
   </div>
   <div class='ocr_carea' id='block_1_57' title="bbox 313 4286 1910 4371">
    <p class='ocr_par' dir='ltr' id='par_1_57' title="bbox 313 4286 1910 4371">
     <span class='ocr_line' id='line_1_57' title="bbox 313 4286 1910 4371; baseline 0.009 -33"><span class='ocrx_word' id='word_1_464' title='bbox 313 4286 469 4356; x_wconf 83' lang='grc' dir='ltr'><strong>ιερῶν</strong></span> <span class='ocrx_word' id='word_1_465' title='bbox 526 4288 900 4360; x_wconf 83' lang='grc' dir='ltr'><strong>Γραμμάτων</strong></span> <span class='ocrx_word' id='word_1_466' title='bbox 968 4291 1173 4356; x_wconf 87' lang='grc' dir='ltr'><strong>σκοπὸς</strong></span> <span class='ocrx_word' id='word_1_467' title='bbox 1217 4295 1318 4368; x_wconf 77' lang='grc' dir='ltr'><strong>οὐχ</strong></span> <span class='ocrx_word' id='word_1_468' title='bbox 1370 4288 1474 4350; x_wconf 85' lang='grc' dir='ltr'><strong>ὦδε</strong></span> <span class='ocrx_word' id='word_1_469' title='bbox 1527 4295 1704 4353; x_wconf 86' lang='grc' dir='ltr'><strong>ταῦτα</strong></span> <span class='ocrx_word' id='word_1_470' title='bbox 1761 4299 1910 4371; x_wconf 79' lang='grc' dir='ltr'><strong>ἔχειν</strong></span> 
     </span>
    </p>
   </div>
   <div class='ocr_carea' id='block_1_58' title="bbox 316 4377 1910 4462">
    <p class='ocr_par' dir='ltr' id='par_1_58' title="bbox 316 4377 1910 4462">
     <span class='ocr_line' id='line_1_58' title="bbox 316 4377 1910 4462; baseline 0.012 -35"><span class='ocrx_word' id='word_1_471' title='bbox 316 4377 545 4449; x_wconf 68' lang='grc' dir='ltr'><strong>ἐφίησιν,</strong></span> <span class='ocrx_word' id='word_1_472' title='bbox 579 4379 628 4434; x_wconf 85' lang='grc' dir='ltr'><strong>ὧ</strong></span> <span class='ocrx_word' id='word_1_473' title='bbox 665 4381 847 4451; x_wconf 81' lang='grc' dir='ltr'><strong>σοφοί.</strong></span> <span class='ocrx_word' id='word_1_474' title='bbox 880 4382 1281 4456; x_wconf 78' lang='grc' dir='ltr'><strong>Συγχεῖτεγάρ</strong></span> <span class='ocrx_word' id='word_1_475' title='bbox 1322 4387 1421 4458; x_wconf 78' lang='grc' dir='ltr'><strong>τὴν</strong></span> <span class='ocrx_word' id='word_1_476' title='bbox 1452 4389 1782 4458; x_wconf 79' lang='grc' dir='ltr'><strong>ἀνάγνωσιν,</strong></span> <span class='ocrx_word' id='word_1_477' title='bbox 1811 4391 1910 4462; x_wconf 84' lang='grc' dir='ltr'><strong>τὴν</strong></span> 
     </span>
    </p>
   </div>
   <div class='ocr_carea' id='block_1_59' title="bbox 319 4468 1908 4552">
    <p class='ocr_par' dir='ltr' id='par_1_59' title="bbox 319 4468 1908 4552">
     <span class='ocr_line' id='line_1_59' title="bbox 319 4468 1908 4552; baseline 0.01 -31"><span class='ocrx_word' id='word_1_478' title='bbox 319 4468 416 4521; x_wconf 68' lang='grc' dir='ltr'><strong>τῶν</strong></span> <span class='ocrx_word' id='word_1_479' title='bbox 427 4470 654 4525; x_wconf 74' lang='grc' dir='ltr'><strong>ἐννοιῶν</strong></span> <span class='ocrx_word' id='word_1_480' title='bbox 684 4471 918 4542; x_wconf 85' lang='grc' dir='ltr'><strong>δύναμιν</strong></span> <span class='ocrx_word' id='word_1_481' title='bbox 944 4473 1030 4542; x_wconf 77' lang='grc' dir='ltr'><strong>ἐφ’</strong></span> <span class='ocrx_word' id='word_1_482' title='bbox 1056 4474 1093 4529; x_wconf 76' lang='grc' dir='ltr'><strong>ἃ</strong></span> <span class='ocrx_word' id='word_1_483' title='bbox 1137 4475 1212 4547; x_wconf 85' lang='grc' dir='ltr'><strong>μὴ</strong></span> <span class='ocrx_word' id='word_1_484' title='bbox 1233 4478 1510 4550; x_wconf 80' lang='grc' dir='ltr'><strong>προσῆκεν</strong></span> <span class='ocrx_word' id='word_1_485' title='bbox 1539 4481 1908 4552; x_wconf 74' lang='grc' dir='ltr'><strong>ἀποκομίζον-</strong></span> 
     </span>
    </p>
   </div>
   <div class='ocr_carea' id='block_1_60' title="bbox 2003 2009 3600 2084">
    <p class='ocr_par' dir='ltr' id='par_1_60' title="bbox 2003 2009 3600 2084">
     <span class='ocr_line' id='line_1_60' title="bbox 2003 2009 3600 2084; baseline -0.004 -16"><span class='ocrx_word' id='word_1_486' title='bbox 2003 2015 2125 2068; x_wconf 88' lang='lat' dir='ltr'><strong>viro</strong></span> <span class='ocrx_word' id='word_1_487' title='bbox 2161 2030 2330 2084; x_wconf 88' lang='lat' dir='ltr'><strong>quem</strong></span> <span class='ocrx_word' id='word_1_488' title='bbox 2369 2013 2566 2070; x_wconf 87' lang='lat' dir='ltr'><strong>statuit</strong></span> <span class='ocrx_word' id='word_1_489' title='bbox 2597 2013 2640 2079; x_wconf 81' lang='lat'><strong>&#39;,</strong></span> <span class='ocrx_word' id='word_1_490' title='bbox 2685 2027 2852 2068; x_wconf 90' lang='lat' dir='ltr'><strong>nemo</strong></span> <span class='ocrx_word' id='word_1_491' title='bbox 2889 2021 3074 2067; x_wconf 86' lang='lat' dir='ltr'><strong>tamen</strong></span> <span class='ocrx_word' id='word_1_492' title='bbox 3109 2009 3356 2080; x_wconf 87' lang='lat' dir='ltr'><strong>prudens</strong></span> <span class='ocrx_word' id='word_1_493' title='bbox 3387 2023 3600 2064; x_wconf 84' lang='lat' dir='ltr'><strong>sacram</strong></span> 
     </span>
    </p>
   </div>
   <div class='ocr_carea' id='block_1_61' title="bbox 2003 2099 3597 2175">
    <p class='ocr_par' dir='ltr' id='par_1_61' title="bbox 2003 2099 3597 2175">
     <span class='ocr_line' id='line_1_61' title="bbox 2003 2099 3597 2175; baseline -0.004 -15"><span class='ocrx_word' id='word_1_494' title='bbox 2003 2104 2352 2175; x_wconf 86' lang='lat' dir='ltr'><strong>Seripturam</strong></span> <span class='ocrx_word' id='word_1_495' title='bbox 2411 2104 2684 2160; x_wconf 83' lang='lat' dir='ltr'><strong>atlirmare</strong></span> <span class='ocrx_word' id='word_1_496' title='bbox 2740 2103 3022 2159; x_wconf 86' lang='lat' dir='ltr'><strong>existimet</strong></span> <span class='ocrx_word' id='word_1_497' title='bbox 3083 2100 3441 2171; x_wconf 83' lang='lat' dir='ltr'><strong>Unigenitum</strong></span> <span class='ocrx_word' id='word_1_498' title='bbox 3499 2099 3597 2154; x_wconf 91' lang='lat' dir='ltr'><strong>Dei</strong></span> 
     </span>
    </p>
   </div>
   <div class='ocr_carea' id='block_1_62' title="bbox 2005 2190 3600 2271">
    <p class='ocr_par' dir='ltr' id='par_1_62' title="bbox 2005 2190 3600 2271">
     <span class='ocr_line' id='line_1_62' title="bbox 2005 2190 3600 2271; baseline -0.01 -14"><span class='ocrx_word' id='word_1_499' title='bbox 2005 2211 2264 2271; x_wconf 84' lang='lat' dir='ltr'><strong>tanquam</strong></span> <span class='ocrx_word' id='word_1_500' title='bbox 2296 2199 2352 2252; x_wconf 91' lang='lat' dir='ltr'><strong>in</strong></span> <span class='ocrx_word' id='word_1_501' title='bbox 2376 2197 2498 2252; x_wconf 85' lang='lat' dir='ltr'><strong>viro</strong></span> <span class='ocrx_word' id='word_1_502' title='bbox 2534 2195 2768 2250; x_wconf 89' lang='lat' dir='ltr'><strong>seorsim</strong></span> <span class='ocrx_word' id='word_1_503' title='bbox 2803 2193 3156 2249; x_wconf 89' lang='lat' dir='ltr'><strong>considerato</strong></span> <span class='ocrx_word' id='word_1_504' title='bbox 3183 2192 3343 2256; x_wconf 85' lang='lat' dir='ltr'><strong>Filio,</strong></span> <span class='ocrx_word' id='word_1_505' title='bbox 3369 2191 3485 2256; x_wconf 88' lang='lat' dir='ltr'><strong>illo,</strong></span> <span class='ocrx_word' id='word_1_506' title='bbox 3517 2190 3600 2242; x_wconf 83' lang='lat' dir='ltr'><strong>iu-</strong></span> 
     </span>
    </p>
   </div>
   <div class='ocr_carea' id='block_1_63' title="bbox 2003 2284 3597 2364">
    <p class='ocr_par' dir='ltr' id='par_1_63' title="bbox 2003 2284 3597 2364">
     <span class='ocr_line' id='line_1_63' title="bbox 2003 2284 3597 2364; baseline -0.007 -17"><span class='ocrx_word' id='word_1_507' title='bbox 2003 2307 2192 2364; x_wconf 85' lang='lat' dir='ltr'><strong>quam,</strong></span> <span class='ocrx_word' id='word_1_508' title='bbox 2207 2307 2273 2346; x_wconf 79' lang='lat' dir='ltr'><strong>ex</strong></span> <span class='ocrx_word' id='word_1_509' title='bbox 2293 2289 2546 2352; x_wconf 87' lang='lat' dir='ltr'><strong>muliere,</strong></span> <span class='ocrx_word' id='word_1_510' title='bbox 2563 2296 2839 2342; x_wconf 87' lang='lat' dir='ltr'><strong>terrarum</strong></span> <span class='ocrx_word' id='word_1_511' title='bbox 2853 2285 3045 2340; x_wconf 88' lang='lat' dir='ltr'><strong>orbem</strong></span> <span class='ocrx_word' id='word_1_512' title='bbox 3062 2284 3438 2354; x_wconf 85' lang='lat' dir='ltr'><strong>judicaturum</strong></span> <span class='ocrx_word' id='word_1_513' title='bbox 3454 2297 3597 2337; x_wconf 88' lang='lat' dir='ltr'><strong>esse.</strong></span> 
     </span>
    </p>
   </div>
   <div class='ocr_carea' id='block_1_64' title="bbox 2004 2373 3596 2450">
    <p class='ocr_par' dir='ltr' id='par_1_64' title="bbox 2004 2373 3596 2450">
     <span class='ocr_line' id='line_1_64' title="bbox 2004 2373 3596 2450; baseline -0.008 -12"><span class='ocrx_word' id='word_1_514' title='bbox 2004 2382 2266 2450; x_wconf 82' lang='lat' dir='ltr'><strong>Quinimo</strong></span> <span class='ocrx_word' id='word_1_515' title='bbox 2292 2379 2347 2434; x_wconf 90' lang='lat' dir='ltr'><strong>id</strong></span> <span class='ocrx_word' id='word_1_516' title='bbox 2374 2379 2526 2449; x_wconf 90' lang='lat' dir='ltr'><strong>pium</strong></span> <span class='ocrx_word' id='word_1_517' title='bbox 2558 2393 2680 2433; x_wconf 90' lang='lat' dir='ltr'><strong>esse</strong></span> <span class='ocrx_word' id='word_1_518' title='bbox 2714 2378 3036 2439; x_wconf 89' lang='lat' dir='ltr'><strong>asscrimus,</strong></span> <span class='ocrx_word' id='word_1_519' title='bbox 3055 2375 3116 2430; x_wconf 83' lang='lat' dir='ltr'><strong>si</strong></span> <span class='ocrx_word' id='word_1_520' title='bbox 3147 2374 3280 2429; x_wconf 89' lang='lat' dir='ltr'><strong>illud</strong></span> <span class='ocrx_word' id='word_1_521' title='bbox 3308 2373 3596 2428; x_wconf 77' lang='lat' dir='ltr'><strong>intellexe—</strong></span> 
     </span>
    </p>
   </div>
   <div class='ocr_carea' id='block_1_65' title="bbox 2005 2464 3600 2542">
    <p class='ocr_par' dir='ltr' id='par_1_65' title="bbox 2005 2464 3600 2542">
     <span class='ocr_line' id='line_1_65' title="bbox 2005 2464 3600 2542; baseline -0.008 -14"><span class='ocrx_word' id='word_1_522' title='bbox 2005 2473 2184 2528; x_wconf 87' lang='lat' dir='ltr'><strong>rimus</strong></span> <span class='ocrx_word' id='word_1_523' title='bbox 2208 2470 2354 2542; x_wconf 90' lang='lat' dir='ltr'><strong>quod</strong></span> <span class='ocrx_word' id='word_1_524' title='bbox 2381 2469 2636 2526; x_wconf 84' lang='lat' dir='ltr'><strong>Christus</strong></span> <span class='ocrx_word' id='word_1_525' title='bbox 2658 2469 2797 2524; x_wconf 86' lang='lat' dir='ltr'><strong>dixit</strong></span> <span class='ocrx_word' id='word_1_526' title='bbox 2825 2487 2836 2522; x_wconf 95' lang='lat'>:</span> <span class='ocrx_word' id='word_1_527' title='bbox 2871 2488 2889 2518; x_wconf 88' lang='grc'><strong><em>‹</em></strong></span> <span class='ocrx_word' id='word_1_528' title='bbox 2922 2468 3106 2530; x_wconf 87' lang='lat' dir='ltr'><strong>Pater,</strong></span> <span class='ocrx_word' id='word_1_529' title='bbox 3137 2464 3335 2534; x_wconf 88' lang='lat' dir='ltr'><strong>inquit,</strong></span> <span class='ocrx_word' id='word_1_530' title='bbox 3363 2480 3480 2518; x_wconf 91' lang='lat' dir='ltr'><strong>non</strong></span> <span class='ocrx_word' id='word_1_531' title='bbox 3511 2465 3600 2535; x_wconf 86' lang='lat' dir='ltr'><strong>ju-</strong></span> 
     </span>
    </p>
   </div>
   <div class='ocr_carea' id='block_1_66' title="bbox 2007 2557 3600 2634">
    <p class='ocr_par' dir='ltr' id='par_1_66' title="bbox 2007 2557 3600 2634">
     <span class='ocr_line' id='line_1_66' title="bbox 2007 2557 3600 2634; baseline -0.008 -13"><span class='ocrx_word' id='word_1_532' title='bbox 2007 2565 2154 2621; x_wconf 89' lang='lat' dir='ltr'><strong>dieat</strong></span> <span class='ocrx_word' id='word_1_533' title='bbox 2172 2577 2528 2634; x_wconf 89' lang='lat' dir='ltr'><strong>quemquam,</strong></span> <span class='ocrx_word' id='word_1_534' title='bbox 2568 2561 2665 2617; x_wconf 84' lang='lat' dir='ltr'><strong>sed</strong></span> <span class='ocrx_word' id='word_1_535' title='bbox 2690 2576 2853 2615; x_wconf 90' lang='lat' dir='ltr'><strong>omne</strong></span> <span class='ocrx_word' id='word_1_536' title='bbox 2873 2559 3146 2630; x_wconf 87' lang='lat' dir='ltr'><strong>judicium</strong></span> <span class='ocrx_word' id='word_1_537' title='bbox 3172 2557 3324 2611; x_wconf 85' lang='lat' dir='ltr'><strong>dedit</strong></span> <span class='ocrx_word' id='word_1_538' title='bbox 3349 2557 3508 2620; x_wconf 85' lang='lat' dir='ltr'><strong>Filio,</strong></span> <span class='ocrx_word' id='word_1_539' title='bbox 3539 2566 3600 2611; x_wconf 87' lang='lat' dir='ltr'><strong>ut</strong></span> 
     </span>
    </p>
   </div>
   <div class='ocr_carea' id='block_1_67' title="bbox 2007 2646 3601 2712">
    <p class='ocr_par' dir='ltr' id='par_1_67' title="bbox 2007 2646 3601 2712">
     <span class='ocr_line' id='line_1_67' title="bbox 2007 2646 3601 2712; baseline -0.005 -4"><span class='ocrx_word' id='word_1_540' title='bbox 2007 2667 2200 2709; x_wconf 88' lang='lat' dir='ltr'><strong>omnes</strong></span> <span class='ocrx_word' id='word_1_541' title='bbox 2236 2648 2606 2706; x_wconf 85' lang='lat' dir='ltr'><strong>bonoriﬁcent</strong></span> <span class='ocrx_word' id='word_1_542' title='bbox 2638 2648 2866 2712; x_wconf 89' lang='lat' dir='ltr'><strong>Filium,</strong></span> <span class='ocrx_word' id='word_1_543' title='bbox 2909 2648 3054 2702; x_wconf 87' lang='lat' dir='ltr'><strong>sicut</strong></span> <span class='ocrx_word' id='word_1_544' title='bbox 3092 2646 3456 2702; x_wconf 74' lang='lat' dir='ltr'><strong>honorificam</strong></span> <span class='ocrx_word' id='word_1_545' title='bbox 3501 2647 3601 2701; x_wconf 86' lang='lat' dir='ltr'><strong>Pa-</strong></span> 
     </span>
    </p>
   </div>
   <div class='ocr_carea' id='block_1_68' title="bbox 2009 2735 3602 2796">
    <p class='ocr_par' dir='ltr' id='par_1_68' title="bbox 2009 2735 3602 2796">
     <span class='ocr_line' id='line_1_68' title="bbox 2009 2735 3602 2796; baseline -0.004 -1"><span class='ocrx_word' id='word_1_546' title='bbox 2009 2749 2150 2796; x_wconf 89' lang='lat' dir='ltr'><strong>trem</strong></span> <span class='ocrx_word' id='word_1_547' title='bbox 2175 2740 2215 2794; x_wconf 86' lang='grc'><strong>³.</strong></span> <span class='ocrx_word' id='word_1_548' title='bbox 2249 2760 2267 2791; x_wconf 75' lang='grc' dir='ltr'><strong>ι</strong></span> <span class='ocrx_word' id='word_1_549' title='bbox 2317 2737 2538 2793; x_wconf 89' lang='lat' dir='ltr'><strong>Etenim</strong></span> <span class='ocrx_word' id='word_1_550' title='bbox 2585 2737 2732 2792; x_wconf 89' lang='lat' dir='ltr'><strong>Deus</strong></span> <span class='ocrx_word' id='word_1_551' title='bbox 2766 2736 3009 2792; x_wconf 79' lang='lat' dir='ltr'><strong>Verbum</strong></span> <span class='ocrx_word' id='word_1_552' title='bbox 3057 2737 3221 2790; x_wconf 90' lang='lat' dir='ltr'><strong>homo</strong></span> <span class='ocrx_word' id='word_1_553' title='bbox 3265 2735 3440 2791; x_wconf 79' lang='lat' dir='ltr'><strong>factus</strong></span> <span class='ocrx_word' id='word_1_554' title='bbox 3465 2736 3507 2796; x_wconf 79' lang='grc'><strong>⁸.</strong></span> <span class='ocrx_word' id='word_1_555' title='bbox 3546 2745 3602 2790; x_wconf 85' lang='lat' dir='ltr'><strong>ct</strong></span> 
     </span>
    </p>
   </div>
   <div class='ocr_carea' id='block_1_69' title="bbox 2008 2827 3600 2895">
    <p class='ocr_par' dir='ltr' id='par_1_69' title="bbox 2008 2827 3600 2895">
     <span class='ocr_line' id='line_1_69' title="bbox 2008 2827 3600 2895; baseline -0.006 -7"><span class='ocrx_word' id='word_1_556' title='bbox 2008 2835 2156 2888; x_wconf 88' lang='lat' dir='ltr'><strong>inter</strong></span> <span class='ocrx_word' id='word_1_557' title='bbox 2202 2832 2458 2887; x_wconf 86' lang='lat' dir='ltr'><strong>homines</strong></span> <span class='ocrx_word' id='word_1_558' title='bbox 2505 2838 2851 2895; x_wconf 84' lang='lat' dir='ltr'><strong>numeratus,</strong></span> <span class='ocrx_word' id='word_1_559' title='bbox 2893 2829 2999 2884; x_wconf 89' lang='lat' dir='ltr'><strong>hoc</strong></span> <span class='ocrx_word' id='word_1_560' title='bbox 3039 2837 3148 2893; x_wconf 90' lang='lat' dir='ltr'><strong>est,</strong></span> <span class='ocrx_word' id='word_1_561' title='bbox 3195 2828 3268 2882; x_wconf 88' lang='lat' dir='ltr'><strong>ita</strong></span> <span class='ocrx_word' id='word_1_562' title='bbox 3314 2827 3600 2882; x_wconf 84' lang='lat' dir='ltr'><strong>nobiscum</strong></span> 
     </span>
    </p>
   </div>
   <div class='ocr_carea' id='block_1_70' title="bbox 2009 2919 3606 2996">
    <p class='ocr_par' dir='ltr' id='par_1_70' title="bbox 2009 2919 3606 2996">
     <span class='ocr_line' id='line_1_70' title="bbox 2009 2919 3606 2996; baseline -0.004 -16"><span class='ocrx_word' id='word_1_563' title='bbox 2009 2925 2351 2996; x_wconf 88' lang='lat' dir='ltr'><strong>appellatus,</strong></span> <span class='ocrx_word' id='word_1_564' title='bbox 2390 2921 2758 2977; x_wconf 85' lang='lat' dir='ltr'><strong>nihilominus</strong></span> <span class='ocrx_word' id='word_1_565' title='bbox 2798 2920 2966 2990; x_wconf 80' lang='lat' dir='ltr'><strong>judex</strong></span> <span class='ocrx_word' id='word_1_566' title='bbox 3011 2920 3122 2975; x_wconf 91' lang='lat' dir='ltr'><strong>erit</strong></span> <span class='ocrx_word' id='word_1_567' title='bbox 3161 2927 3417 2990; x_wconf 83' lang='lat' dir='ltr'><strong>tanquam</strong></span> <span class='ocrx_word' id='word_1_568' title='bbox 3456 2919 3606 2974; x_wconf 84' lang='lat' dir='ltr'><strong>Deus</strong></span> 
     </span>
    </p>
   </div>
   <div class='ocr_carea' id='block_1_71' title="bbox 2009 3010 3602 3082">
    <p class='ocr_par' dir='ltr' id='par_1_71' title="bbox 2009 3010 3602 3082">
     <span class='ocr_line' id='line_1_71' title="bbox 2009 3010 3602 3082; baseline -0.004 -12"><span class='ocrx_word' id='word_1_569' title='bbox 2009 3025 2068 3070; x_wconf 92' lang='lat' dir='ltr'><strong>et</strong></span> <span class='ocrx_word' id='word_1_570' title='bbox 2089 3014 2375 3079; x_wconf 90' lang='lat' dir='ltr'><strong>Dominus,</strong></span> <span class='ocrx_word' id='word_1_571' title='bbox 2391 3020 2450 3068; x_wconf 89' lang='lat' dir='ltr'><strong>et</strong></span> <span class='ocrx_word' id='word_1_572' title='bbox 2475 3021 2736 3082; x_wconf 87' lang='lat' dir='ltr'><strong>tanquam</strong></span> <span class='ocrx_word' id='word_1_573' title='bbox 2760 3025 2904 3066; x_wconf 91' lang='lat' dir='ltr'><strong>unus</strong></span> <span class='ocrx_word' id='word_1_574' title='bbox 2927 3010 3122 3077; x_wconf 87' lang='lat' dir='ltr'><strong>Filius,</strong></span> <span class='ocrx_word' id='word_1_575' title='bbox 3144 3011 3348 3081; x_wconf 89' lang='lat' dir='ltr'><strong>quippe</strong></span> <span class='ocrx_word' id='word_1_576' title='bbox 3372 3025 3497 3064; x_wconf 91' lang='lat' dir='ltr'><strong>cum</strong></span> <span class='ocrx_word' id='word_1_577' title='bbox 3522 3010 3602 3064; x_wconf 91' lang='lat' dir='ltr'><strong>sic</strong></span> 
     </span>
    </p>
   </div>
   <div class='ocr_carea' id='block_1_72' title="bbox 2011 3101 3598 3178">
    <p class='ocr_par' dir='ltr' id='par_1_72' title="bbox 2011 3101 3598 3178">
     <span class='ocr_line' id='line_1_72' title="bbox 2011 3101 3598 3178; baseline -0.006 -16"><span class='ocrx_word' id='word_1_578' title='bbox 2011 3121 2232 3178; x_wconf 88' lang='lat' dir='ltr'><strong>quoque</strong></span> <span class='ocrx_word' id='word_1_579' title='bbox 2261 3106 2409 3160; x_wconf 89' lang='lat' dir='ltr'><strong>Deus</strong></span> <span class='ocrx_word' id='word_1_580' title='bbox 2434 3112 2491 3160; x_wconf 89' lang='lat' dir='ltr'><strong>et</strong></span> <span class='ocrx_word' id='word_1_581' title='bbox 2528 3104 2694 3159; x_wconf 87' lang='lat' dir='ltr'><strong>Pater</strong></span> <span class='ocrx_word' id='word_1_582' title='bbox 2717 3102 2772 3156; x_wconf 92' lang='lat' dir='ltr'><strong>in</strong></span> <span class='ocrx_word' id='word_1_583' title='bbox 2802 3102 2922 3172; x_wconf 88' lang='lat' dir='ltr'><strong>ipso</strong></span> <span class='ocrx_word' id='word_1_584' title='bbox 2946 3102 3018 3158; x_wconf 90' lang='lat' dir='ltr'><strong>sit</strong></span> <span class='ocrx_word' id='word_1_585' title='bbox 3041 3101 3082 3155; x_wconf 83' lang='grc'><strong>⁸.</strong></span> <span class='ocrx_word' id='word_1_586' title='bbox 3122 3101 3301 3156; x_wconf 84' lang='lat' dir='ltr'><strong>Habet</strong></span> <span class='ocrx_word' id='word_1_587' title='bbox 3340 3115 3598 3169; x_wconf 88' lang='lat' dir='ltr'><strong>namque,</strong></span> 
     </span>
    </p>
   </div>
   <div class='ocr_carea' id='block_1_73' title="bbox 2014 3194 3602 3261">
    <p class='ocr_par' dir='ltr' id='par_1_73' title="bbox 2014 3194 3602 3261">
     <span class='ocr_line' id='line_1_73' title="bbox 2014 3194 3602 3261; baseline -0.006 -6"><span class='ocrx_word' id='word_1_588' title='bbox 2014 3209 2078 3256; x_wconf 92' lang='lat' dir='ltr'><strong>ut</strong></span> <span class='ocrx_word' id='word_1_589' title='bbox 2113 3198 2278 3254; x_wconf 92' lang='lat' dir='ltr'><strong>modo</strong></span> <span class='ocrx_word' id='word_1_590' title='bbox 2318 3197 2554 3260; x_wconf 87' lang='lat' dir='ltr'><strong>aiebam,</strong></span> <span class='ocrx_word' id='word_1_591' title='bbox 2579 3197 2800 3250; x_wconf 88' lang='lat' dir='ltr'><strong>Patrem</strong></span> <span class='ocrx_word' id='word_1_592' title='bbox 2838 3194 2895 3248; x_wconf 92' lang='lat' dir='ltr'><strong>in</strong></span> <span class='ocrx_word' id='word_1_593' title='bbox 2931 3209 2992 3249; x_wconf 90' lang='lat' dir='ltr'><strong>se</strong></span> <span class='ocrx_word' id='word_1_594' title='bbox 3025 3203 3362 3256; x_wconf 89' lang='lat' dir='ltr'><strong>manentem,</strong></span> <span class='ocrx_word' id='word_1_595' title='bbox 3397 3200 3454 3247; x_wconf 88' lang='lat' dir='ltr'><strong>et</strong></span> <span class='ocrx_word' id='word_1_596' title='bbox 3485 3199 3602 3261; x_wconf 77' lang='lat' dir='ltr'><strong>ipse</strong></span> 
     </span>
    </p>
   </div>
   <div class='ocr_carea' id='block_1_74' title="bbox 2011 3283 3603 3350">
    <p class='ocr_par' dir='ltr' id='par_1_74' title="bbox 2011 3283 3603 3350">
     <span class='ocr_line' id='line_1_74' title="bbox 2011 3283 3603 3350; baseline -0.004 -5"><span class='ocrx_word' id='word_1_597' title='bbox 2011 3289 2256 3345; x_wconf 85' lang='lat' dir='ltr'><strong>vicissim</strong></span> <span class='ocrx_word' id='word_1_598' title='bbox 2283 3288 2340 3342; x_wconf 93' lang='lat' dir='ltr'><strong>in</strong></span> <span class='ocrx_word' id='word_1_599' title='bbox 2365 3287 2528 3342; x_wconf 88' lang='lat' dir='ltr'><strong>Patre</strong></span> <span class='ocrx_word' id='word_1_600' title='bbox 2551 3285 2718 3340; x_wconf 81' lang='lat' dir='ltr'><strong>inest.</strong></span> <span class='ocrx_word' id='word_1_601' title='bbox 2747 3283 3223 3350; x_wconf 88' lang='lat' dir='ltr'><strong>Quemadmodum</strong></span> <span class='ocrx_word' id='word_1_602' title='bbox 3247 3293 3430 3338; x_wconf 90' lang='lat' dir='ltr'><strong>autem</strong></span> <span class='ocrx_word' id='word_1_603' title='bbox 3458 3299 3603 3338; x_wconf 82' lang='lat' dir='ltr'><strong>unus</strong></span> 
     </span>
    </p>
   </div>
   <div class='ocr_carea' id='block_1_75' title="bbox 2011 3375 3601 3448">
    <p class='ocr_par' dir='ltr' id='par_1_75' title="bbox 2011 3375 3601 3448">
     <span class='ocr_line' id='line_1_75' title="bbox 2011 3375 3601 3448; baseline -0.008 -8"><span class='ocrx_word' id='word_1_604' title='bbox 2011 3391 2098 3440; x_wconf 88' lang='lat' dir='ltr'><strong>est</strong></span> <span class='ocrx_word' id='word_1_605' title='bbox 2126 3383 2274 3438; x_wconf 86' lang='lat' dir='ltr'><strong>Deus</strong></span> <span class='ocrx_word' id='word_1_606' title='bbox 2306 3386 2362 3436; x_wconf 88' lang='lat' dir='ltr'><strong>et</strong></span> <span class='ocrx_word' id='word_1_607' title='bbox 2395 3379 2579 3444; x_wconf 87' lang='lat' dir='ltr'><strong>Pater,</strong></span> <span class='ocrx_word' id='word_1_608' title='bbox 2603 3393 2672 3433; x_wconf 84' lang='lat' dir='ltr'><strong>ex</strong></span> <span class='ocrx_word' id='word_1_609' title='bbox 2697 3391 2809 3448; x_wconf 93' lang='lat' dir='ltr'><strong>quo</strong></span> <span class='ocrx_word' id='word_1_610' title='bbox 2841 3376 3055 3441; x_wconf 87' lang='lat' dir='ltr'><strong>omnia;</strong></span> <span class='ocrx_word' id='word_1_611' title='bbox 3094 3375 3170 3430; x_wconf 87' lang='lat' dir='ltr'><strong>ita</strong></span> <span class='ocrx_word' id='word_1_612' title='bbox 3206 3389 3425 3444; x_wconf 88' lang='lat' dir='ltr'><strong>quoque</strong></span> <span class='ocrx_word' id='word_1_613' title='bbox 3458 3390 3601 3429; x_wconf 91' lang='lat' dir='ltr'><strong>unus</strong></span> 
     </span>
    </p>
   </div>
   <div class='ocr_carea' id='block_1_76' title="bbox 2012 3467 3598 3540">
    <p class='ocr_par' dir='ltr' id='par_1_76' title="bbox 2012 3467 3598 3540">
     <span class='ocr_line' id='line_1_76' title="bbox 2012 3467 3598 3540; baseline -0.008 -9"><span class='ocrx_word' id='word_1_614' title='bbox 2012 3484 2099 3532; x_wconf 92' lang='lat' dir='ltr'><strong>est</strong></span> <span class='ocrx_word' id='word_1_615' title='bbox 2138 3474 2406 3530; x_wconf 87' lang='lat' dir='ltr'><strong>Dominus</strong></span> <span class='ocrx_word' id='word_1_616' title='bbox 2445 3471 2608 3528; x_wconf 82' lang='lat' dir='ltr'><strong>Jesus</strong></span> <span class='ocrx_word' id='word_1_617' title='bbox 2646 3470 2932 3536; x_wconf 88' lang='lat' dir='ltr'><strong>Christus,</strong></span> <span class='ocrx_word' id='word_1_618' title='bbox 2985 3483 3085 3540; x_wconf 88' lang='lat' dir='ltr'><strong>per</strong></span> <span class='ocrx_word' id='word_1_619' title='bbox 3127 3483 3293 3538; x_wconf 88' lang='lat' dir='ltr'><strong>quem</strong></span> <span class='ocrx_word' id='word_1_620' title='bbox 3345 3467 3529 3521; x_wconf 86' lang='lat' dir='ltr'><strong>omnia</strong></span> <span class='ocrx_word' id='word_1_621' title='bbox 3558 3469 3598 3520; x_wconf 80' lang='lat'><strong>°.</strong></span> 
     </span>
    </p>
   </div>
   <div class='ocr_carea' id='block_1_77' title="bbox 2011 3559 3600 3637">
    <p class='ocr_par' dir='ltr' id='par_1_77' title="bbox 2011 3559 3600 3637">
     <span class='ocr_line' id='line_1_77' title="bbox 2011 3559 3600 3637; baseline -0.007 -14"><span class='ocrx_word' id='word_1_622' title='bbox 2011 3568 2157 3637; x_wconf 81' lang='lat' dir='ltr'><strong>Quin</strong></span> <span class='ocrx_word' id='word_1_623' title='bbox 2178 3575 2236 3622; x_wconf 92' lang='lat' dir='ltr'><strong>et</strong></span> <span class='ocrx_word' id='word_1_624' title='bbox 2255 3563 2392 3621; x_wconf 91' lang='lat' dir='ltr'><strong>illud</strong></span> <span class='ocrx_word' id='word_1_625' title='bbox 2417 3563 2586 3620; x_wconf 90' lang='lat' dir='ltr'><strong>etiam</strong></span> <span class='ocrx_word' id='word_1_626' title='bbox 2611 3562 2758 3635; x_wconf 91' lang='lat' dir='ltr'><strong>quod</strong></span> <span class='ocrx_word' id='word_1_627' title='bbox 2784 3571 2934 3616; x_wconf 85' lang='lat' dir='ltr'><strong>recte</strong></span> <span class='ocrx_word' id='word_1_628' title='bbox 2961 3559 3111 3616; x_wconf 83' lang='lat' dir='ltr'><strong>beati</strong></span> <span class='ocrx_word' id='word_1_629' title='bbox 3135 3559 3290 3614; x_wconf 90' lang='lat' dir='ltr'><strong>Pauli</strong></span> <span class='ocrx_word' id='word_1_630' title='bbox 3314 3573 3450 3612; x_wconf 90' lang='lat' dir='ltr'><strong>voce</strong></span> <span class='ocrx_word' id='word_1_631' title='bbox 3469 3573 3600 3628; x_wconf 88' lang='lat' dir='ltr'><strong>pro-</strong></span> 
     </span>
    </p>
   </div>
   <div class='ocr_carea' id='block_1_78' title="bbox 2011 3651 3600 3724">
    <p class='ocr_par' dir='ltr' id='par_1_78' title="bbox 2011 3651 3600 3724">
     <span class='ocr_line' id='line_1_78' title="bbox 2011 3651 3600 3724; baseline -0.009 -8"><span class='ocrx_word' id='word_1_632' title='bbox 2011 3660 2330 3717; x_wconf 86' lang='lat' dir='ltr'><strong>nuntiatum</strong></span> <span class='ocrx_word' id='word_1_633' title='bbox 2365 3666 2472 3724; x_wconf 88' lang='lat' dir='ltr'><strong>est,</strong></span> <span class='ocrx_word' id='word_1_634' title='bbox 2507 3657 2564 3712; x_wconf 88' lang='lat' dir='ltr'><strong>in</strong></span> <span class='ocrx_word' id='word_1_635' title='bbox 2605 3654 2940 3711; x_wconf 87' lang='lat' dir='ltr'><strong>deteriorem</strong></span> <span class='ocrx_word' id='word_1_636' title='bbox 2985 3667 3210 3708; x_wconf 87' lang='lat' dir='ltr'><strong>sensum</strong></span> <span class='ocrx_word' id='word_1_637' title='bbox 3248 3651 3600 3719; x_wconf 84' lang='lat' dir='ltr'><strong>detorquent.</strong></span> 
     </span>
    </p>
   </div>
   <div class='ocr_carea' id='block_1_79' title="bbox 2011 3741 3602 3818">
    <p class='ocr_par' dir='ltr' id='par_1_79' title="bbox 2011 3741 3602 3818">
     <span class='ocr_line' id='line_1_79' title="bbox 2011 3741 3602 3818; baseline -0.01 -9"><span class='ocrx_word' id='word_1_638' title='bbox 2011 3753 2108 3809; x_wconf 80' lang='lat' dir='ltr'><strong>Ille</strong></span> <span class='ocrx_word' id='word_1_639' title='bbox 2146 3751 2298 3807; x_wconf 86' lang='lat' dir='ltr'><strong>enim</strong></span> <span class='ocrx_word' id='word_1_640' title='bbox 2342 3749 2498 3816; x_wconf 90' lang='lat' dir='ltr'><strong>dicit,</strong></span> <span class='ocrx_word' id='word_1_641' title='bbox 2525 3758 2583 3804; x_wconf 91' lang='lat' dir='ltr'><strong>et</strong></span> <span class='ocrx_word' id='word_1_642' title='bbox 2621 3747 2846 3818; x_wconf 87' lang='lat' dir='ltr'><strong>quidem</strong></span> <span class='ocrx_word' id='word_1_643' title='bbox 2885 3751 3039 3800; x_wconf 88' lang='lat' dir='ltr'><strong>recte</strong></span> <span class='ocrx_word' id='word_1_644' title='bbox 3081 3762 3094 3800; x_wconf 89' lang='lat'><strong>:</strong></span> <span class='ocrx_word' id='word_1_645' title='bbox 3145 3763 3162 3795; x_wconf 82' lang='grc' dir='ltr'><strong>ι</strong></span> <span class='ocrx_word' id='word_1_646' title='bbox 3203 3743 3348 3798; x_wconf 89' lang='lat' dir='ltr'><strong>Deus</strong></span> <span class='ocrx_word' id='word_1_647' title='bbox 3388 3749 3510 3796; x_wconf 88' lang='lat' dir='ltr'><strong>erat</strong></span> <span class='ocrx_word' id='word_1_648' title='bbox 3547 3741 3602 3794; x_wconf 89' lang='lat' dir='ltr'><strong>in</strong></span> 
     </span>
    </p>
   </div>
   <div class='ocr_carea' id='block_1_80' title="bbox 2011 3833 3602 3909">
    <p class='ocr_par' dir='ltr' id='par_1_80' title="bbox 2011 3833 3602 3909">
     <span class='ocr_line' id='line_1_80' title="bbox 2011 3833 3602 3909; baseline -0.009 -9"><span class='ocrx_word' id='word_1_649' title='bbox 2011 3843 2256 3909; x_wconf 85' lang='lat' dir='ltr'><strong>Christo,</strong></span> <span class='ocrx_word' id='word_1_650' title='bbox 2285 3841 2554 3896; x_wconf 91' lang='lat' dir='ltr'><strong>mundum</strong></span> <span class='ocrx_word' id='word_1_651' title='bbox 2582 3840 2689 3895; x_wconf 89' lang='lat' dir='ltr'><strong>sibi</strong></span> <span class='ocrx_word' id='word_1_652' title='bbox 2720 3836 3087 3894; x_wconf 89' lang='lat' dir='ltr'><strong>reconcilians</strong></span> <span class='ocrx_word' id='word_1_653' title='bbox 3107 3837 3150 3890; x_wconf 82' lang='lat'><strong>&quot;.</strong></span> <span class='ocrx_word' id='word_1_654' title='bbox 3175 3854 3194 3888; x_wconf 71' lang='grc' dir='ltr'><strong>ι</strong></span> <span class='ocrx_word' id='word_1_655' title='bbox 3230 3835 3325 3890; x_wconf 86' lang='lat' dir='ltr'><strong>lsti</strong></span> <span class='ocrx_word' id='word_1_656' title='bbox 3353 3849 3484 3888; x_wconf 90' lang='lat' dir='ltr'><strong>vero</strong></span> <span class='ocrx_word' id='word_1_657' title='bbox 3509 3833 3602 3887; x_wconf 84' lang='lat' dir='ltr'><strong>uni</strong></span> 
     </span>
    </p>
   </div>
   <div class='ocr_carea' id='block_1_81' title="bbox 2011 3925 3604 4000">
    <p class='ocr_par' dir='ltr' id='par_1_81' title="bbox 2011 3925 3604 4000">
     <span class='ocr_line' id='line_1_81' title="bbox 2011 3925 3604 4000; baseline -0.007 -10"><span class='ocrx_word' id='word_1_658' title='bbox 2011 3934 2234 3990; x_wconf 85' lang='lat' dir='ltr'><strong>Christo</strong></span> <span class='ocrx_word' id='word_1_659' title='bbox 2272 3941 2330 3989; x_wconf 82' lang='lat' dir='ltr'><strong>et</strong></span> <span class='ocrx_word' id='word_1_660' title='bbox 2367 3930 2507 3987; x_wconf 89' lang='lat' dir='ltr'><strong>Filio</strong></span> <span class='ocrx_word' id='word_1_661' title='bbox 2542 3944 2786 3985; x_wconf 88' lang='lat' dir='ltr'><strong>crassam</strong></span> <span class='ocrx_word' id='word_1_662' title='bbox 2826 3927 3124 4000; x_wconf 87' lang='lat' dir='ltr'><strong>quamdam</strong></span> <span class='ocrx_word' id='word_1_663' title='bbox 3164 3927 3469 3982; x_wconf 89' lang='lat' dir='ltr'><strong>sectionem</strong></span> <span class='ocrx_word' id='word_1_664' title='bbox 3515 3925 3604 3980; x_wconf 91' lang='lat' dir='ltr'><strong>in-</strong></span> 
     </span>
    </p>
   </div>
   <div class='ocr_carea' id='block_1_82' title="bbox 2012 4019 3606 4091">
    <p class='ocr_par' dir='ltr' id='par_1_82' title="bbox 2012 4019 3606 4091">
     <span class='ocr_line' id='line_1_82' title="bbox 2012 4019 3606 4091; baseline -0.006 -10"><span class='ocrx_word' id='word_1_665' title='bbox 2012 4026 2276 4091; x_wconf 83' lang='lat' dir='ltr'><strong>ferentes,</strong></span> <span class='ocrx_word' id='word_1_666' title='bbox 2303 4024 2480 4080; x_wconf 90' lang='lat' dir='ltr'><strong>Deum</strong></span> <span class='ocrx_word' id='word_1_667' title='bbox 2515 4021 2754 4078; x_wconf 80' lang='lat' dir='ltr'><strong>Verbum</strong></span> <span class='ocrx_word' id='word_1_668' title='bbox 2789 4035 3022 4091; x_wconf 89' lang='lat' dir='ltr'><strong>prorsus</strong></span> <span class='ocrx_word' id='word_1_669' title='bbox 3061 4019 3352 4084; x_wconf 86' lang='lat' dir='ltr'><strong>divellunt,</strong></span> <span class='ocrx_word' id='word_1_670' title='bbox 3391 4027 3446 4074; x_wconf 89' lang='lat' dir='ltr'><strong>et</strong></span> <span class='ocrx_word' id='word_1_671' title='bbox 3488 4027 3606 4073; x_wconf 82' lang='lat' dir='ltr'><strong>tan—</strong></span> 
     </span>
    </p>
   </div>
   <div class='ocr_carea' id='block_1_83' title="bbox 2011 4110 3605 4188">
    <p class='ocr_par' dir='ltr' id='par_1_83' title="bbox 2011 4110 3605 4188">
     <span class='ocr_line' id='line_1_83' title="bbox 2011 4110 3605 4188; baseline -0.004 -16"><span class='ocrx_word' id='word_1_672' title='bbox 2011 4131 2178 4188; x_wconf 85' lang='lat' dir='ltr'><strong>quam</strong></span> <span class='ocrx_word' id='word_1_673' title='bbox 2212 4116 2268 4171; x_wconf 91' lang='lat' dir='ltr'><strong>in</strong></span> <span class='ocrx_word' id='word_1_674' title='bbox 2303 4115 2416 4170; x_wconf 89' lang='lat' dir='ltr'><strong>alio</strong></span> <span class='ocrx_word' id='word_1_675' title='bbox 2451 4113 2691 4184; x_wconf 86' lang='lat' dir='ltr'><strong>quodam</strong></span> <span class='ocrx_word' id='word_1_676' title='bbox 2722 4111 2948 4168; x_wconf 86' lang='lat' dir='ltr'><strong>Christo</strong></span> <span class='ocrx_word' id='word_1_677' title='bbox 2987 4111 3220 4167; x_wconf 87' lang='lat' dir='ltr'><strong>seorsim</strong></span> <span class='ocrx_word' id='word_1_678' title='bbox 3255 4110 3605 4166; x_wconf 85' lang='lat' dir='ltr'><strong>considerato</strong></span> 
     </span>
    </p>
   </div>
   <div class='ocr_carea' id='block_1_84' title="bbox 2013 4201 3603 4282">
    <p class='ocr_par' dir='ltr' id='par_1_84' title="bbox 2013 4201 3603 4282">
     <span class='ocr_line' id='line_1_84' title="bbox 2013 4201 3603 4282; baseline -0.004 -19"><span class='ocrx_word' id='word_1_679' title='bbox 2013 4208 2196 4277; x_wconf 80' lang='lat' dir='ltr'><strong>ipsum</strong></span> <span class='ocrx_word' id='word_1_680' title='bbox 2221 4221 2345 4263; x_wconf 89' lang='lat' dir='ltr'><strong>esse</strong></span> <span class='ocrx_word' id='word_1_681' title='bbox 2366 4213 2645 4269; x_wconf 88' lang='lat' dir='ltr'><strong>asse-runt,</strong></span> <span class='ocrx_word' id='word_1_682' title='bbox 2672 4203 2748 4258; x_wconf 87' lang='lat' dir='ltr'><strong>ita</strong></span> <span class='ocrx_word' id='word_1_683' title='bbox 2776 4211 2838 4282; x_wconf 87' lang='lat' dir='ltr'><strong>ut</strong></span> <span class='ocrx_word' id='word_1_684' title='bbox 2854 4204 2967 4274; x_wconf 86' lang='lat' dir='ltr'><strong>jam</strong></span> <span class='ocrx_word' id='word_1_685' title='bbox 2996 4203 3050 4256; x_wconf 91' lang='lat' dir='ltr'><strong>in</strong></span> <span class='ocrx_word' id='word_1_686' title='bbox 3077 4202 3300 4256; x_wconf 84' lang='lat' dir='ltr'><strong>homine</strong></span> <span class='ocrx_word' id='word_1_687' title='bbox 3325 4201 3603 4256; x_wconf 88' lang='lat' dir='ltr'><strong>habitasse</strong></span> 
     </span>
    </p>
   </div>
   <div class='ocr_carea' id='block_1_85' title="bbox 2011 4290 3603 4366">
    <p class='ocr_par' dir='ltr' id='par_1_85' title="bbox 2011 4290 3603 4366">
     <span class='ocr_line' id='line_1_85' title="bbox 2011 4290 3603 4366; baseline -0.004 -14"><span class='ocrx_word' id='word_1_688' title='bbox 2011 4298 2227 4363; x_wconf 87' lang='lat' dir='ltr'><strong>verius,</strong></span> <span class='ocrx_word' id='word_1_689' title='bbox 2268 4311 2433 4366; x_wconf 89' lang='lat' dir='ltr'><strong>quam</strong></span> <span class='ocrx_word' id='word_1_690' title='bbox 2479 4308 2704 4349; x_wconf 88' lang='lat' dir='ltr'><strong>carnem</strong></span> <span class='ocrx_word' id='word_1_691' title='bbox 2744 4293 3044 4362; x_wconf 88' lang='lat' dir='ltr'><strong>sumpsisse</strong></span> <span class='ocrx_word' id='word_1_692' title='bbox 3096 4292 3455 4362; x_wconf 80' lang='lat' dir='ltr'><strong>intelligatur.</strong></span> <span class='ocrx_word' id='word_1_693' title='bbox 3494 4290 3603 4346; x_wconf 84' lang='lat' dir='ltr'><strong>Sed</strong></span> 
     </span>
    </p>
   </div>
   <div class='ocr_carea' id='block_1_86' title="bbox 2011 4380 3604 4458">
    <p class='ocr_par' dir='ltr' id='par_1_86' title="bbox 2011 4380 3604 4458">
     <span class='ocr_line' id='line_1_86' title="bbox 2011 4380 3604 4458; baseline -0.004 -14"><span class='ocrx_word' id='word_1_694' title='bbox 2011 4404 2112 4444; x_wconf 90' lang='lat' dir='ltr'><strong>vos</strong></span> <span class='ocrx_word' id='word_1_695' title='bbox 2138 4389 2415 4458; x_wconf 86' lang='lat' dir='ltr'><strong>alloquor,</strong></span> <span class='ocrx_word' id='word_1_696' title='bbox 2448 4385 2555 4440; x_wconf 86' lang='lat' dir='ltr'><strong>viri</strong></span> <span class='ocrx_word' id='word_1_697' title='bbox 2593 4385 2892 4455; x_wconf 88' lang='lat' dir='ltr'><strong>sapientes,</strong></span> <span class='ocrx_word' id='word_1_698' title='bbox 2921 4383 3040 4453; x_wconf 88' lang='lat' dir='ltr'><strong>ipse</strong></span> <span class='ocrx_word' id='word_1_699' title='bbox 3080 4382 3393 4437; x_wconf 89' lang='lat' dir='ltr'><strong>divinarum</strong></span> <span class='ocrx_word' id='word_1_700' title='bbox 3432 4380 3604 4437; x_wconf 79' lang='lat' dir='ltr'><strong>Litte-</strong></span> 
     </span>
    </p>
   </div>
   <div class='ocr_carea' id='block_1_87' title="bbox 2014 4471 3605 4548">
    <p class='ocr_par' dir='ltr' id='par_1_87' title="bbox 2014 4471 3605 4548">
     <span class='ocr_line' id='line_1_87' title="bbox 2014 4471 3605 4548; baseline -0.006 -13"><span class='ocrx_word' id='word_1_701' title='bbox 2014 4495 2200 4534; x_wconf 86' lang='lat' dir='ltr'><strong>rarum</strong></span> <span class='ocrx_word' id='word_1_702' title='bbox 2224 4492 2424 4548; x_wconf 88' lang='lat' dir='ltr'><strong>seopus</strong></span> <span class='ocrx_word' id='word_1_703' title='bbox 2449 4476 2567 4531; x_wconf 81' lang='lat' dir='ltr'><strong>haec</strong></span> <span class='ocrx_word' id='word_1_704' title='bbox 2589 4475 2666 4529; x_wconf 89' lang='lat' dir='ltr'><strong>ita</strong></span> <span class='ocrx_word' id='word_1_705' title='bbox 2688 4489 2746 4530; x_wconf 89' lang='lat' dir='ltr'><strong>se</strong></span> <span class='ocrx_word' id='word_1_706' title='bbox 2772 4473 2978 4529; x_wconf 84' lang='lat' dir='ltr'><strong>habere</strong></span> <span class='ocrx_word' id='word_1_707' title='bbox 3004 4487 3116 4528; x_wconf 87' lang='lat' dir='ltr'><strong>non</strong></span> <span class='ocrx_word' id='word_1_708' title='bbox 3139 4472 3429 4544; x_wconf 89' lang='lat' dir='ltr'><strong>permittit.</strong></span> <span class='ocrx_word' id='word_1_709' title='bbox 3455 4471 3605 4528; x_wconf 87' lang='lat' dir='ltr'><strong>Con-</strong></span> 
     </span>
    </p>
   </div>
   <div class='ocr_carea' id='block_1_88' title="bbox 318 4562 1907 4648">
    <p class='ocr_par' dir='ltr' id='par_1_88' title="bbox 318 4562 1907 4644">
     <span class='ocr_line' id='line_1_88' title="bbox 318 4562 1907 4644; baseline 0.011 -34"><span class='ocrx_word' id='word_1_710' title='bbox 318 4575 422 4624; x_wconf 82' lang='grc' dir='ltr'><strong>τες·</strong></span> <span class='ocrx_word' id='word_1_711' title='bbox 457 4562 644 4618; x_wconf 85' lang='grc' dir='ltr'><strong>καίτοι</strong></span> <span class='ocrx_word' id='word_1_712' title='bbox 675 4562 800 4616; x_wconf 75' lang='grc' dir='ltr'><strong>δέον</strong></span> <span class='ocrx_word' id='word_1_713' title='bbox 842 4565 993 4635; x_wconf 79' lang='grc' dir='ltr'><strong>ἡμᾶς</strong></span> <span class='ocrx_word' id='word_1_714' title='bbox 1025 4567 1453 4638; x_wconf 76' lang='grc' dir='ltr'><strong>αίχμαλωτίζειν</strong></span> <span class='ocrx_word' id='word_1_715' title='bbox 1486 4573 1595 4626; x_wconf 82' lang='grc' dir='ltr'><strong>πᾶν</strong></span> <span class='ocrx_word' id='word_1_716' title='bbox 1621 4573 1802 4644; x_wconf 88' lang='grc' dir='ltr'><strong>νόημα</strong></span> <span class='ocrx_word' id='word_1_717' title='bbox 1824 4575 1907 4636; x_wconf 77' lang='grc' dir='ltr'><strong>εἰς</strong></span> 
     </span>
    </p>
   </div>
   <div class='ocr_carea' id='block_1_89' title="bbox 2007 4562 3604 4648">
    <p class='ocr_par' dir='ltr' id='par_1_89' title="bbox 2011 4565 3604 4636">
     <span class='ocr_line' id='line_1_89' title="bbox 2011 4565 3604 4636; baseline -0.004 -9"><span class='ocrx_word' id='word_1_718' title='bbox 2011 4569 2246 4627; x_wconf 82' lang='lat' dir='ltr'><strong>funditis</strong></span> <span class='ocrx_word' id='word_1_719' title='bbox 2279 4569 2428 4625; x_wconf 92' lang='lat' dir='ltr'><strong>enim</strong></span> <span class='ocrx_word' id='word_1_720' title='bbox 2470 4567 2796 4632; x_wconf 83' lang='lat' dir='ltr'><strong>lectionem,</strong></span> <span class='ocrx_word' id='word_1_721' title='bbox 2837 4565 3352 4636; x_wconf 87' lang='lat' dir='ltr'><strong>sententiarumque</strong></span> <span class='ocrx_word' id='word_1_722' title='bbox 3386 4565 3498 4620; x_wconf 87' lang='lat' dir='ltr'><strong>vim</strong></span> <span class='ocrx_word' id='word_1_723' title='bbox 3535 4565 3604 4620; x_wconf 87' lang='lat' dir='ltr'><strong>ad</strong></span> 
     </span>
    </p>
   </div>
   <div class='ocr_carea' id='block_1_90' title="bbox 316 4650 1910 4737">
    <p class='ocr_par' dir='ltr' id='par_1_90' title="bbox 316 4650 1910 4737">
     <span class='ocr_line' id='line_1_90' title="bbox 316 4650 1910 4737; baseline 0.01 -34"><span class='ocrx_word' id='word_1_724' title='bbox 316 4650 407 4720; x_wconf 72' lang='grc' dir='ltr'><strong>τὴν</strong></span> <span class='ocrx_word' id='word_1_725' title='bbox 438 4654 698 4724; x_wconf 71' lang='grc' dir='ltr'><strong>ὑπακοὴν</strong></span> <span class='ocrx_word' id='word_1_726' title='bbox 715 4655 813 4709; x_wconf 89' lang='grc' dir='ltr'><strong>τοῦ</strong></span> <span class='ocrx_word' id='word_1_727' title='bbox 836 4657 1102 4728; x_wconf 85' lang='grc' dir='ltr'><strong>Χριστοῦ,</strong></span> <span class='ocrx_word' id='word_1_728' title='bbox 1130 4659 1276 4714; x_wconf 87' lang='grc' dir='ltr'><strong>καθὰ</strong></span> <span class='ocrx_word' id='word_1_729' title='bbox 1302 4662 1632 4732; x_wconf 86' lang='grc' dir='ltr'><strong>γέγραπται.</strong></span> <span class='ocrx_word' id='word_1_730' title='bbox 1657 4663 1767 4718; x_wconf 80' lang='grc' dir='ltr'><strong>Ἶιν</strong></span> <span class='ocrx_word' id='word_1_731' title='bbox 1802 4666 1910 4737; x_wconf 81' lang='grc' dir='ltr'><strong>γὰρ</strong></span> 
     </span>
    </p>
   </div>
   <div class='ocr_carea' id='block_1_91' title="bbox 318 4743 1909 4828">
    <p class='ocr_par' dir='ltr' id='par_1_91' title="bbox 318 4743 1909 4828">
     <span class='ocr_line' id='line_1_91' title="bbox 318 4743 1909 4828; baseline 0.013 -37"><span class='ocrx_word' id='word_1_732' title='bbox 318 4743 346 4791; x_wconf 81' lang='lat'><strong>6</strong></span> <span class='ocrx_word' id='word_1_733' title='bbox 363 4743 492 4808; x_wconf 72' lang='grc' dir='ltr'>Θεὸς</span> <span class='ocrx_word' id='word_1_734' title='bbox 507 4747 586 4799; x_wconf 59' lang='grc' dir='ltr'><strong>ἐν’</strong></span> <span class='ocrx_word' id='word_1_735' title='bbox 602 4745 762 4818; x_wconf 83' lang='grc' dir='ltr'><strong>αὑτῷ</strong></span> <span class='ocrx_word' id='word_1_736' title='bbox 781 4787 798 4814; x_wconf 95' lang='grc'><strong>,</strong></span> <span class='ocrx_word' id='word_1_737' title='bbox 831 4747 922 4802; x_wconf 87' lang='grc' dir='ltr'><strong>τὸν</strong></span> <span class='ocrx_word' id='word_1_738' title='bbox 937 4749 1144 4820; x_wconf 80' lang='grc' dir='ltr'><strong>κόσμον</strong></span> <span class='ocrx_word' id='word_1_739' title='bbox 1169 4753 1560 4810; x_wconf 84' lang='grc' dir='ltr'><strong>καταλλάσσων</strong></span> <span class='ocrx_word' id='word_1_740' title='bbox 1584 4757 1643 4810; x_wconf 82' lang='grc' dir='ltr'><strong>ὲν</strong></span> <span class='ocrx_word' id='word_1_741' title='bbox 1661 4756 1909 4828; x_wconf 82' lang='grc' dir='ltr'><strong>Χριστῷ.</strong></span> 
     </span>
    </p>
   </div>
   <div class='ocr_carea' id='block_1_92' title="bbox 323 4833 1914 4918">
    <p class='ocr_par' dir='ltr' id='par_1_92' title="bbox 323 4833 1914 4918">
     <span class='ocr_line' id='line_1_92' title="bbox 323 4833 1914 4918; baseline 0.012 -35"><span class='ocrx_word' id='word_1_742' title='bbox 323 4833 834 4909; x_wconf 74' lang='grc' dir='ltr'><strong>Καταλλαττόμενοι</strong></span> <span class='ocrx_word' id='word_1_743' title='bbox 862 4839 973 4911; x_wconf 84' lang='grc' dir='ltr'><strong>γὰρ</strong></span> <span class='ocrx_word' id='word_1_744' title='bbox 1003 4843 1083 4911; x_wconf 85' lang='grc' dir='ltr'><strong>τῷ</strong></span> <span class='ocrx_word' id='word_1_745' title='bbox 1111 4843 1469 4915; x_wconf 82' lang='grc' dir='ltr'><strong>Χριστῷ,τὰς</strong></span> <span class='ocrx_word' id='word_1_746' title='bbox 1498 4847 1635 4918; x_wconf 85' lang='grc' dir='ltr'><strong>πρὸς</strong></span> <span class='ocrx_word' id='word_1_747' title='bbox 1670 4847 1802 4902; x_wconf 84' lang='grc' dir='ltr'>Θεὸν</span> <span class='ocrx_word' id='word_1_748' title='bbox 1822 4849 1914 4902; x_wconf 79' lang='grc' dir='ltr'><strong>καὶ</strong></span> 
     </span>
    </p>
   </div>
   <div class='ocr_carea' id='block_1_93' title="bbox 326 4923 1909 5012">
    <p class='ocr_par' dir='ltr' id='par_1_93' title="bbox 326 4923 1909 5012">
     <span class='ocr_line' id='line_1_93' title="bbox 326 4923 1909 5012; baseline 0.011 -35"><span class='ocrx_word' id='word_1_749' title='bbox 326 4923 532 4999; x_wconf 74' lang='grc' dir='ltr'><strong>Πατέρα</strong></span> <span class='ocrx_word' id='word_1_750' title='bbox 563 4929 879 5001; x_wconf 82' lang='grc' dir='ltr'><strong>ποιούμεθα</strong></span> <span class='ocrx_word' id='word_1_751' title='bbox 909 4933 1278 5004; x_wconf 80' lang='grc' dir='ltr'><strong>καταλλαγὰς,</strong></span> <span class='ocrx_word' id='word_1_752' title='bbox 1326 4939 1410 4992; x_wconf 82' lang='grc' dir='ltr'><strong>ὅτι</strong></span> <span class='ocrx_word' id='word_1_753' title='bbox 1445 4939 1523 5012; x_wconf 78' lang='grc' dir='ltr'><strong>μὴ</strong></span> <span class='ocrx_word' id='word_1_754' title='bbox 1557 4939 1745 5011; x_wconf 78' lang='grc' dir='ltr'><strong>ἕτερος</strong></span> <span class='ocrx_word' id='word_1_755' title='bbox 1776 4943 1909 5012; x_wconf 81' lang='grc' dir='ltr'><strong>παρ’</strong></span> 
     </span>
    </p>
   </div>
   <div class='ocr_carea' id='block_1_94' title="bbox 329 5014 1912 5098">
    <p class='ocr_par' dir='ltr' id='par_1_94' title="bbox 329 5014 1912 5098">
     <span class='ocr_line' id='line_1_94' title="bbox 329 5014 1912 5098; baseline 0.011 -31"><span class='ocrx_word' id='word_1_756' title='bbox 329 5014 472 5070; x_wconf 72' lang='grc' dir='ltr'><strong>αὐτὸν</strong></span> <span class='ocrx_word' id='word_1_757' title='bbox 501 5018 657 5072; x_wconf 84' lang='grc' dir='ltr'><strong>κατά</strong></span> <span class='ocrx_word' id='word_1_758' title='bbox 697 5036 764 5088; x_wconf 82' lang='grc' dir='ltr'><strong>γε</strong></span> <span class='ocrx_word' id='word_1_759' title='bbox 795 5019 858 5074; x_wconf 88' lang='grc' dir='ltr'>τὸ</span> <span class='ocrx_word' id='word_1_760' title='bbox 897 5022 956 5075; x_wconf 85' lang='grc' dir='ltr'><strong>ὲν</strong></span> <span class='ocrx_word' id='word_1_761' title='bbox 981 5024 1144 5096; x_wconf 78' lang='grc' dir='ltr'><strong>οὐσίᾳ</strong></span> <span class='ocrx_word' id='word_1_762' title='bbox 1169 5027 1389 5093; x_wconf 85' lang='grc' dir='ltr'><strong>ταυτὸν,</strong></span> <span class='ocrx_word' id='word_1_763' title='bbox 1415 5028 1444 5081; x_wconf 92' lang='lat'><strong>6</strong></span> <span class='ocrx_word' id='word_1_764' title='bbox 1469 5029 1529 5098; x_wconf 78' lang='grc' dir='ltr'>ἐξ</span> <span class='ocrx_word' id='word_1_765' title='bbox 1575 5029 1744 5084; x_wconf 87' lang='grc' dir='ltr'><strong>αὑτοῦ</strong></span> <span class='ocrx_word' id='word_1_766' title='bbox 1778 5031 1912 5096; x_wconf 86' lang='grc' dir='ltr'>Θεὸς</span> 
     </span>
    </p>
   </div>
   <div class='ocr_carea' id='block_1_95' title="bbox 327 5105 1910 5192">
    <p class='ocr_par' dir='ltr' id='par_1_95' title="bbox 327 5105 1910 5192">
     <span class='ocr_line' id='line_1_95' title="bbox 327 5105 1910 5192; baseline 0.009 -31"><span class='ocrx_word' id='word_1_767' title='bbox 327 5105 504 5176; x_wconf 72' lang='grc' dir='ltr'><strong>Λόγος,</strong></span> <span class='ocrx_word' id='word_1_768' title='bbox 527 5111 896 5182; x_wconf 82' lang='grc' dir='ltr'><strong>ἀδικούμενος</strong></span> <span class='ocrx_word' id='word_1_769' title='bbox 919 5114 1096 5182; x_wconf 77' lang='grc' dir='ltr'><strong>οὐδὲν,</strong></span> <span class='ocrx_word' id='word_1_770' title='bbox 1131 5115 1212 5181; x_wconf 73' lang='grc' dir='ltr'><strong>εἷς</strong></span> <span class='ocrx_word' id='word_1_771' title='bbox 1235 5135 1299 5188; x_wconf 87' lang='grc' dir='ltr'><strong>γε</strong></span> <span class='ocrx_word' id='word_1_772' title='bbox 1320 5119 1384 5174; x_wconf 85' lang='grc' dir='ltr'>τὸ</span> <span class='ocrx_word' id='word_1_773' title='bbox 1402 5117 1543 5175; x_wconf 78' lang='grc' dir='ltr'><strong>εἶναι</strong></span> <span class='ocrx_word' id='word_1_774' title='bbox 1569 5121 1713 5175; x_wconf 86' lang='grc' dir='ltr'><strong>κατὰ</strong></span> <span class='ocrx_word' id='word_1_775' title='bbox 1746 5121 1910 5192; x_wconf 85' lang='grc' dir='ltr'><strong>φύσιν</strong></span> 
     </span>
    </p>
   </div>
   <div class='ocr_carea' id='block_1_96' title="bbox 325 5194 1912 5284">
    <p class='ocr_par' dir='ltr' id='par_1_96' title="bbox 325 5194 1912 5284">
     <span class='ocr_line' id='line_1_96' title="bbox 325 5194 1912 5284; baseline 0.011 -35"><span class='ocrx_word' id='word_1_776' title='bbox 325 5194 463 5264; x_wconf 73' lang='grc' dir='ltr'><strong>Υἱὸς,</strong></span> <span class='ocrx_word' id='word_1_777' title='bbox 479 5201 579 5254; x_wconf 80' lang='grc' dir='ltr'><strong>καὶ</strong></span> <span class='ocrx_word' id='word_1_778' title='bbox 593 5203 646 5254; x_wconf 84' lang='grc' dir='ltr'><strong>εί</strong></span> <span class='ocrx_word' id='word_1_779' title='bbox 668 5201 897 5271; x_wconf 85' lang='grc' dir='ltr'><strong>γέγονεν</strong></span> <span class='ocrx_word' id='word_1_780' title='bbox 912 5205 1221 5278; x_wconf 83' lang='grc' dir='ltr'><strong>ἄνθρωπος·</strong></span> <span class='ocrx_word' id='word_1_781' title='bbox 1238 5204 1309 5281; x_wconf 85' lang='grc' dir='ltr'><strong>ἦν</strong></span> <span class='ocrx_word' id='word_1_782' title='bbox 1335 5210 1445 5282; x_wconf 83' lang='grc' dir='ltr'><strong>γὰρ</strong></span> <span class='ocrx_word' id='word_1_783' title='bbox 1472 5210 1633 5265; x_wconf 86' lang='grc' dir='ltr'><strong>τοῦτο</strong></span> <span class='ocrx_word' id='word_1_784' title='bbox 1656 5214 1753 5266; x_wconf 77' lang='grc' dir='ltr'><strong>καὶ</strong></span> <span class='ocrx_word' id='word_1_785' title='bbox 1773 5213 1912 5284; x_wconf 81' lang='grc' dir='ltr'><strong>μετὰ</strong></span> 
     </span>
    </p>
   </div>
   <div class='ocr_carea' id='block_1_97' title="bbox 320 5291 1910 5375">
    <p class='ocr_par' dir='ltr' id='par_1_97' title="bbox 320 5291 1910 5375">
     <span class='ocr_line' id='line_1_97' title="bbox 320 5291 1910 5375; baseline 0.013 -36"><span class='ocrx_word' id='word_1_786' title='bbox 320 5291 673 5359; x_wconf 72' lang='grc' dir='ltr'><strong>σαρκός.¹’οτι</strong></span> <span class='ocrx_word' id='word_1_787' title='bbox 691 5293 751 5347; x_wconf 78' lang='grc' dir='ltr'><strong>δὲ</strong></span> <span class='ocrx_word' id='word_1_788' title='bbox 764 5293 867 5365; x_wconf 80' lang='grc' dir='ltr'><strong>τὴν</strong></span> <span class='ocrx_word' id='word_1_789' title='bbox 889 5296 1240 5370; x_wconf 78' lang='grc' dir='ltr'><strong>καταλλαγὴν</strong></span> <span class='ocrx_word' id='word_1_790' title='bbox 1255 5301 1466 5374; x_wconf 79' lang='grc' dir='ltr'><strong>ὲσχήκα</strong></span> <span class='ocrx_word' id='word_1_791' title='bbox 1473 5320 1574 5372; x_wconf 88' lang='grc' dir='ltr'><strong>μεν</strong></span> <span class='ocrx_word' id='word_1_792' title='bbox 1595 5304 1652 5356; x_wconf 84' lang='grc' dir='ltr'><strong>ὲν</strong></span> <span class='ocrx_word' id='word_1_793' title='bbox 1667 5304 1910 5375; x_wconf 83' lang='grc' dir='ltr'><strong>Χριστῷ,</strong></span> 
     </span>
    </p>
   </div>
   <div class='ocr_carea' id='block_1_98' title="bbox 319 5381 1914 5466">
    <p class='ocr_par' dir='ltr' id='par_1_98' title="bbox 319 5381 1914 5466">
     <span class='ocr_line' id='line_1_98' title="bbox 319 5381 1914 5466; baseline 0.013 -34"><span class='ocrx_word' id='word_1_794' title='bbox 319 5381 409 5432; x_wconf 76' lang='grc' dir='ltr'><strong>καὶ</strong></span> <span class='ocrx_word' id='word_1_795' title='bbox 441 5383 610 5448; x_wconf 79' lang='grc' dir='ltr'><strong>αὐτός</strong></span> <span class='ocrx_word' id='word_1_796' title='bbox 631 5385 788 5440; x_wconf 82' lang='grc' dir='ltr'><strong>ἑστιν</strong></span> <span class='ocrx_word' id='word_1_797' title='bbox 814 5386 848 5456; x_wconf 80' lang='grc' dir='ltr'><strong>ἡ</strong></span> <span class='ocrx_word' id='word_1_798' title='bbox 875 5387 1069 5459; x_wconf 82' lang='grc' dir='ltr'><strong>είρήνη</strong></span> <span class='ocrx_word' id='word_1_799' title='bbox 1097 5389 1279 5460; x_wconf 80' lang='grc' dir='ltr'><strong>ἡμῶν,</strong></span> <span class='ocrx_word' id='word_1_800' title='bbox 1313 5393 1396 5457; x_wconf 80' lang='grc' dir='ltr'><strong>τίς</strong></span> <span class='ocrx_word' id='word_1_801' title='bbox 1423 5395 1452 5448; x_wconf 91' lang='lat'><strong>6</strong></span> <span class='ocrx_word' id='word_1_802' title='bbox 1484 5395 1562 5466; x_wconf 84' lang='grc' dir='ltr'><strong>μὴ</strong></span> <span class='ocrx_word' id='word_1_803' title='bbox 1599 5395 1765 5465; x_wconf 85' lang='grc' dir='ltr'><strong>φάναι</strong></span> <span class='ocrx_word' id='word_1_804' title='bbox 1792 5397 1914 5451; x_wconf 76' lang='grc' dir='ltr'><strong>τολο</strong></span> 
     </span>
    </p>
   </div>
   <div class='ocr_carea' id='block_1_99' title="bbox 384 5534 1930 5616">
    <p class='ocr_par' dir='ltr' id='par_1_99' title="bbox 384 5534 1930 5616">
     <span class='ocr_line' id='line_1_99' title="bbox 384 5534 1930 5616; baseline 0.012 -28"><span class='ocrx_word' id='word_1_805' title='bbox 384 5534 429 5614; x_wconf 45' lang='grc' dir='ltr'><strong>γ’</strong></span> <span class='ocrx_word' id='word_1_806' title='bbox 457 5535 759 5616; x_wconf 73' lang='lat' dir='ltr'><strong>loan._x_1v,</strong></span> <span class='ocrx_word' id='word_1_807' title='bbox 784 5537 863 5616; x_wconf 68' lang='lat'><strong>9._</strong></span> <span class='ocrx_word' id='word_1_808' title='bbox 914 5540 963 5573; x_wconf 79' lang='lat'><strong>“</strong></span> <span class='ocrx_word' id='word_1_809' title='bbox 985 5539 1143 5596; x_wconf 80' lang='lat' dir='ltr'><strong>Joan.</strong></span> <span class='ocrx_word' id='word_1_810' title='bbox 1177 5559 1230 5616; x_wconf 81' lang='lat' dir='ltr'><strong>_x,</strong></span> <span class='ocrx_word' id='word_1_811' title='bbox 1259 5543 1348 5598; x_wconf 78' lang='lat'><strong>50.</strong></span> <span class='ocrx_word' id='word_1_812' title='bbox 1378 5615 1390 5616; x_wconf 21' lang='grc' dir='ltr'><strong>γ</strong></span> <span class='ocrx_word' id='word_1_813' title='bbox 1426 5547 1470 5582; x_wconf 75' lang='grc'><strong><em>⁸⁸</em></strong></span> <span class='ocrx_word' id='word_1_814' title='bbox 1502 5547 1660 5603; x_wconf 85' lang='lat' dir='ltr'><strong>Joan.</strong></span> <span class='ocrx_word' id='word_1_815' title='bbox 1702 5566 1812 5616; x_wconf 69' lang='lat' dir='ltr'><strong>xxv,</strong></span> <span class='ocrx_word' id='word_1_816' title='bbox 1846 5550 1930 5606; x_wconf 74' lang='grc'><strong>10.</strong></span> 
     </span>
    </p>
   </div>
   <div class='ocr_carea' id='block_1_100' title="bbox 2010 4657 3603 4731">
    <p class='ocr_par' dir='ltr' id='par_1_100' title="bbox 2010 4657 3603 4731">
     <span class='ocr_line' id='line_1_100' title="bbox 2010 4657 3603 4731; baseline -0.004 -12"><span class='ocrx_word' id='word_1_817' title='bbox 2010 4679 2076 4719; x_wconf 90' lang='lat' dir='ltr'><strong>ea</strong></span> <span class='ocrx_word' id='word_1_818' title='bbox 2108 4661 2471 4731; x_wconf 89' lang='lat' dir='ltr'><strong>distorquetis</strong></span> <span class='ocrx_word' id='word_1_819' title='bbox 2512 4674 2636 4730; x_wconf 67' lang='lat' dir='ltr'><strong>quae</strong></span> <span class='ocrx_word' id='word_1_820' title='bbox 2663 4673 2775 4714; x_wconf 90' lang='lat' dir='ltr'><strong>non</strong></span> <span class='ocrx_word' id='word_1_821' title='bbox 2799 4657 2990 4726; x_wconf 88' lang='lat' dir='ltr'><strong>decet;</strong></span> <span class='ocrx_word' id='word_1_822' title='bbox 3023 4673 3150 4714; x_wconf 89' lang='lat' dir='ltr'><strong>cum</strong></span> <span class='ocrx_word' id='word_1_823' title='bbox 3174 4666 3360 4714; x_wconf 86' lang='lat' dir='ltr'><strong>tamen</strong></span> <span class='ocrx_word' id='word_1_824' title='bbox 3382 4672 3603 4713; x_wconf 86' lang='lat' dir='ltr'><strong>onmem</strong></span> 
     </span>
    </p>
   </div>
   <div class='ocr_carea' id='block_1_101' title="bbox 2011 4748 3606 4819">
    <p class='ocr_par' dir='ltr' id='par_1_101' title="bbox 2011 4748 3606 4819">
     <span class='ocr_line' id='line_1_101' title="bbox 2011 4748 3606 4819; baseline -0.004 -10"><span class='ocrx_word' id='word_1_825' title='bbox 2011 4752 2355 4809; x_wconf 84' lang='lat' dir='ltr'><strong>intellectum</strong></span> <span class='ocrx_word' id='word_1_826' title='bbox 2412 4750 2469 4805; x_wconf 91' lang='lat' dir='ltr'><strong>in</strong></span> <span class='ocrx_word' id='word_1_827' title='bbox 2531 4749 2861 4819; x_wconf 87' lang='lat' dir='ltr'><strong>obsequium</strong></span> <span class='ocrx_word' id='word_1_828' title='bbox 2908 4748 3118 4805; x_wconf 88' lang='lat' dir='ltr'><strong>Christi</strong></span> <span class='ocrx_word' id='word_1_829' title='bbox 3169 4765 3272 4805; x_wconf 90' lang='lat' dir='ltr'><strong>nos</strong></span> <span class='ocrx_word' id='word_1_830' title='bbox 3323 4749 3606 4818; x_wconf 87' lang='lat' dir='ltr'><strong>captivare</strong></span> 
     </span>
    </p>
   </div>
   <div class='ocr_carea' id='block_1_102' title="bbox 1995 4840 3605 4916">
    <p class='ocr_par' dir='ltr' id='par_1_102' title="bbox 1995 4840 3605 4916">
     <span class='ocr_line' id='line_1_102' title="bbox 1995 4840 3605 4916; baseline -0.006 -14"><span class='ocrx_word' id='word_1_831' title='bbox 1995 4851 2294 4916; x_wconf 85' lang='lat' dir='ltr'><strong>oporteat,</strong></span> <span class='ocrx_word' id='word_1_832' title='bbox 2329 4842 2491 4899; x_wconf 87' lang='lat' dir='ltr'><strong>sicuti</strong></span> <span class='ocrx_word' id='word_1_833' title='bbox 2529 4841 2798 4912; x_wconf 87' lang='lat' dir='ltr'><strong>scriptum</strong></span> <span class='ocrx_word' id='word_1_834' title='bbox 2836 4850 2922 4897; x_wconf 91' lang='lat' dir='ltr'><strong>est</strong></span> <span class='ocrx_word' id='word_1_835' title='bbox 2945 4841 2988 4894; x_wconf 79' lang='grc'><strong>⁸.</strong></span> <span class='ocrx_word' id='word_1_836' title='bbox 3020 4841 3151 4897; x_wconf 88' lang='lat' dir='ltr'><strong>Erat</strong></span> <span class='ocrx_word' id='word_1_837' title='bbox 3183 4841 3330 4898; x_wconf 89' lang='lat' dir='ltr'><strong>enim</strong></span> <span class='ocrx_word' id='word_1_838' title='bbox 3362 4841 3508 4896; x_wconf 87' lang='lat' dir='ltr'><strong>Deus</strong></span> <span class='ocrx_word' id='word_1_839' title='bbox 3551 4840 3605 4893; x_wconf 87' lang='lat' dir='ltr'><strong>in</strong></span> 
     </span>
    </p>
   </div>
   <div class='ocr_carea' id='block_1_103' title="bbox 2011 4932 3607 5008">
    <p class='ocr_par' dir='ltr' id='par_1_103' title="bbox 2011 4932 3607 5008">
     <span class='ocr_line' id='line_1_103' title="bbox 2011 4932 3607 5008; baseline -0.006 -16"><span class='ocrx_word' id='word_1_840' title='bbox 2011 4937 2153 5008; x_wconf 91' lang='lat' dir='ltr'><strong>ipso,</strong></span> <span class='ocrx_word' id='word_1_841' title='bbox 2182 4935 2453 4992; x_wconf 90' lang='lat' dir='ltr'><strong>mundum</strong></span> <span class='ocrx_word' id='word_1_842' title='bbox 2484 4933 2590 4990; x_wconf 91' lang='lat' dir='ltr'><strong>sibi</strong></span> <span class='ocrx_word' id='word_1_843' title='bbox 2621 4935 2678 4989; x_wconf 93' lang='lat' dir='ltr'><strong>in</strong></span> <span class='ocrx_word' id='word_1_844' title='bbox 2705 4932 2932 4990; x_wconf 88' lang='lat' dir='ltr'><strong>Christo</strong></span> <span class='ocrx_word' id='word_1_845' title='bbox 2968 4934 3353 4991; x_wconf 84' lang='lat' dir='ltr'><strong>reconcilians.</strong></span> <span class='ocrx_word' id='word_1_846' title='bbox 3382 4932 3607 4987; x_wconf 86' lang='lat' dir='ltr'><strong>Christo</strong></span> 
     </span>
    </p>
   </div>
   <div class='ocr_carea' id='block_1_104' title="bbox 2011 5020 3604 5099">
    <p class='ocr_par' dir='ltr' id='par_1_104' title="bbox 2011 5020 3604 5099">
     <span class='ocr_line' id='line_1_104' title="bbox 2011 5020 3604 5099; baseline -0.008 -14"><span class='ocrx_word' id='word_1_847' title='bbox 2011 5043 2250 5099; x_wconf 88' lang='lat' dir='ltr'><strong>namque</strong></span> <span class='ocrx_word' id='word_1_848' title='bbox 2290 5025 2653 5092; x_wconf 85' lang='lat' dir='ltr'><strong>reconciliati,</strong></span> <span class='ocrx_word' id='word_1_849' title='bbox 2677 5025 2792 5081; x_wconf 92' lang='lat' dir='ltr'><strong>Deo</strong></span> <span class='ocrx_word' id='word_1_850' title='bbox 2822 5041 3045 5096; x_wconf 88' lang='lat' dir='ltr'><strong>quoque</strong></span> <span class='ocrx_word' id='word_1_851' title='bbox 3083 5033 3142 5080; x_wconf 89' lang='lat' dir='ltr'><strong>et</strong></span> <span class='ocrx_word' id='word_1_852' title='bbox 3169 5024 3318 5080; x_wconf 87' lang='lat' dir='ltr'><strong>Patri</strong></span> <span class='ocrx_word' id='word_1_853' title='bbox 3349 5020 3604 5076; x_wconf 85' lang='lat' dir='ltr'><strong>reconci-</strong></span> 
     </span>
    </p>
   </div>
   <div class='ocr_carea' id='block_1_105' title="bbox 2010 5114 3603 5195">
    <p class='ocr_par' dir='ltr' id='par_1_105' title="bbox 2010 5114 3603 5195">
     <span class='ocr_line' id='line_1_105' title="bbox 2010 5114 3603 5195; baseline -0.008 -15"><span class='ocrx_word' id='word_1_854' title='bbox 2010 5124 2211 5180; x_wconf 89' lang='lat' dir='ltr'><strong>liamur</strong></span> <span class='ocrx_word' id='word_1_855' title='bbox 2241 5141 2253 5177; x_wconf 88' lang='lat'><strong>:</strong></span> <span class='ocrx_word' id='word_1_856' title='bbox 2293 5123 2454 5193; x_wconf 81' lang='lat'><strong>170</strong></span> <span class='ocrx_word' id='word_1_857' title='bbox 2485 5120 2936 5195; x_wconf 78' lang='lat' dir='ltr'><strong>quandoquidem</strong></span> <span class='ocrx_word' id='word_1_858' title='bbox 2978 5121 3124 5175; x_wconf 92' lang='lat' dir='ltr'><strong>Deus</strong></span> <span class='ocrx_word' id='word_1_859' title='bbox 3157 5116 3422 5180; x_wconf 88' lang='lat' dir='ltr'><strong>Verbum,</strong></span> <span class='ocrx_word' id='word_1_860' title='bbox 3453 5114 3603 5185; x_wconf 84' lang='lat' dir='ltr'><strong>quod</strong></span> 
     </span>
    </p>
   </div>
   <div class='ocr_carea' id='block_1_106' title="bbox 2009 5205 3606 5282">
    <p class='ocr_par' dir='ltr' id='par_1_106' title="bbox 2009 5205 3606 5282">
     <span class='ocr_line' id='line_1_106' title="bbox 2009 5205 3606 5282; baseline -0.007 -10"><span class='ocrx_word' id='word_1_861' title='bbox 2009 5231 2079 5272; x_wconf 83' lang='lat' dir='ltr'><strong>ex</strong></span> <span class='ocrx_word' id='word_1_862' title='bbox 2110 5215 2271 5271; x_wconf 85' lang='lat' dir='ltr'><strong>Patre</strong></span> <span class='ocrx_word' id='word_1_863' title='bbox 2303 5221 2489 5270; x_wconf 89' lang='lat' dir='ltr'><strong>ortum</strong></span> <span class='ocrx_word' id='word_1_864' title='bbox 2527 5221 2632 5278; x_wconf 89' lang='lat' dir='ltr'><strong>est,</strong></span> <span class='ocrx_word' id='word_1_865' title='bbox 2664 5221 2932 5282; x_wconf 89' lang='lat' dir='ltr'><strong>quantum</strong></span> <span class='ocrx_word' id='word_1_866' title='bbox 2958 5210 3027 5265; x_wconf 87' lang='lat' dir='ltr'><strong>ad</strong></span> <span class='ocrx_word' id='word_1_867' title='bbox 3061 5208 3318 5264; x_wconf 61' lang='lat' dir='ltr'><strong>essentiaa</strong></span> <span class='ocrx_word' id='word_1_868' title='bbox 3347 5205 3606 5262; x_wconf 86' lang='lat' dir='ltr'><strong>identita-</strong></span> 
     </span>
    </p>
   </div>
   <div class='ocr_carea' id='block_1_107' title="bbox 2011 5299 3604 5379">
    <p class='ocr_par' dir='ltr' id='par_1_107' title="bbox 2011 5299 3604 5379">
     <span class='ocr_line' id='line_1_107' title="bbox 2011 5299 3604 5379; baseline -0.006 -15"><span class='ocrx_word' id='word_1_869' title='bbox 2011 5318 2125 5364; x_wconf 84' lang='lat' dir='ltr'><strong>tem</strong></span> <span class='ocrx_word' id='word_1_870' title='bbox 2151 5316 2381 5379; x_wconf 78' lang='lat' dir='ltr'><strong>spectat,</strong></span> <span class='ocrx_word' id='word_1_871' title='bbox 2415 5321 2528 5362; x_wconf 90' lang='lat' dir='ltr'><strong>non</strong></span> <span class='ocrx_word' id='word_1_872' title='bbox 2561 5315 2648 5361; x_wconf 87' lang='lat' dir='ltr'><strong>est</strong></span> <span class='ocrx_word' id='word_1_873' title='bbox 2675 5304 2745 5359; x_wconf 78' lang='lat' dir='ltr'><strong>ab</strong></span> <span class='ocrx_word' id='word_1_874' title='bbox 2777 5320 2843 5359; x_wconf 90' lang='lat' dir='ltr'><strong>eo</strong></span> <span class='ocrx_word' id='word_1_875' title='bbox 2865 5305 3168 5367; x_wconf 88' lang='lat' dir='ltr'><strong>diversum,</strong></span> <span class='ocrx_word' id='word_1_876' title='bbox 3202 5316 3350 5367; x_wconf 89' lang='lat' dir='ltr'><strong>cum,</strong></span> <span class='ocrx_word' id='word_1_877' title='bbox 3385 5299 3604 5357; x_wconf 86' lang='lat' dir='ltr'><strong>etiamsi</strong></span> 
     </span>
    </p>
   </div>
   <div class='ocr_carea' id='block_1_108' title="bbox 2013 5390 3678 5462">
    <p class='ocr_par' dir='ltr' id='par_1_108' title="bbox 2013 5390 3678 5462">
     <span class='ocr_line' id='line_1_108' title="bbox 2013 5390 3678 5462; baseline -0.007 -7"><span class='ocrx_word' id='word_1_878' title='bbox 2013 5399 2219 5455; x_wconf 80' lang='lat' dir='ltr'><strong>factum</strong></span> <span class='ocrx_word' id='word_1_879' title='bbox 2265 5398 2338 5454; x_wconf 89' lang='lat' dir='ltr'><strong>sit</strong></span> <span class='ocrx_word' id='word_1_880' title='bbox 2381 5397 2570 5462; x_wconf 89' lang='lat' dir='ltr'><strong>homo,</strong></span> <span class='ocrx_word' id='word_1_881' title='bbox 2611 5392 2762 5448; x_wconf 85' lang='lat' dir='ltr'><strong>nulla</strong></span> <span class='ocrx_word' id='word_1_882' title='bbox 2809 5400 2990 5448; x_wconf 85' lang='lat' dir='ltr'><strong>tamen</strong></span> <span class='ocrx_word' id='word_1_883' title='bbox 3037 5407 3106 5445; x_wconf 82' lang='lat' dir='ltr'><strong>ex</strong></span> <span class='ocrx_word' id='word_1_884' title='bbox 3151 5399 3308 5461; x_wconf 89' lang='lat' dir='ltr'><strong>parte</strong></span> <span class='ocrx_word' id='word_1_885' title='bbox 3351 5390 3603 5453; x_wconf 63' lang='lat' dir='ltr'><strong>laedatur,</strong></span> <span class='ocrx_word' id='word_1_886' title='bbox 3669 5390 3678 5396; x_wconf 72' lang='grc'><em>“</em></span> 
     </span>
    </p>
   </div>
   <div class='ocr_carea' id='block_1_109' title="bbox 2009 5545 3600 5618">
    <p class='ocr_par' dir='ltr' id='par_1_109' title="bbox 2009 5545 3600 5618">
     <span class='ocr_line' id='line_1_109' title="bbox 2009 5545 3600 5618; baseline -0.004 -10"><span class='ocrx_word' id='word_1_887' title='bbox 2009 5553 2028 5583; x_wconf 71' lang='grc'>⁸</span> <span class='ocrx_word' id='word_1_888' title='bbox 2058 5552 2216 5608; x_wconf 88' lang='lat' dir='ltr'><strong>Joan.</strong></span> <span class='ocrx_word' id='word_1_889' title='bbox 2253 5568 2363 5618; x_wconf 76' lang='lat' dir='ltr'><strong>xvr,</strong></span> <span class='ocrx_word' id='word_1_890' title='bbox 2389 5551 2480 5606; x_wconf 72' lang='lat'><strong>&#39;52.</strong></span> <span class='ocrx_word' id='word_1_891' title='bbox 2559 5552 2580 5584; x_wconf 80' lang='lat'><strong>’</strong></span> <span class='ocrx_word' id='word_1_892' title='bbox 2605 5550 2726 5605; x_wconf 81' lang='lat' dir='ltr'><strong>Act.</strong></span> <span class='ocrx_word' id='word_1_893' title='bbox 2752 5563 2882 5609; x_wconf 85' lang='lat' dir='ltr'><strong>xvn,</strong></span> <span class='ocrx_word' id='word_1_894' title='bbox 2910 5547 2998 5602; x_wconf 83' lang='lat' dir='ltr'><strong>&#39;5l.</strong></span> <span class='ocrx_word' id='word_1_895' title='bbox 3083 5548 3102 5578; x_wconf 89' lang='grc'><strong><em>³</em></strong></span> <span class='ocrx_word' id='word_1_896' title='bbox 3123 5547 3280 5603; x_wconf 82' lang='lat' dir='ltr'><strong>Joan.</strong></span> <span class='ocrx_word' id='word_1_897' title='bbox 3312 5564 3366 5614; x_wconf 84' lang='grc' dir='ltr'><strong>ν,</strong></span> <span class='ocrx_word' id='word_1_898' title='bbox 3397 5548 3487 5614; x_wconf 71' lang='lat'><strong>22,</strong></span> <span class='ocrx_word' id='word_1_899' title='bbox 3510 5545 3600 5601; x_wconf 71' lang='lat'><strong>23.</strong></span> 
     </span>
    </p>
   </div>
   <div class='ocr_carea' id='block_1_110' title="bbox 337 5594 1907 5691">
    <p class='ocr_par' dir='ltr' id='par_1_110' title="bbox 337 5594 1907 5686">
     <span class='ocr_line' id='line_1_110' title="bbox 337 5594 1907 5686; baseline 0.01 -26"><span class='ocrx_word' id='word_1_900' title='bbox 337 5594 517 5661; x_wconf 74' lang='lat' dir='ltr'><strong>&quot;ean.</strong></span> <span class='ocrx_word' id='word_1_901' title='bbox 550 5622 590 5674; x_wconf 88' lang='grc' dir='ltr'><strong>ι,</strong></span> <span class='ocrx_word' id='word_1_902' title='bbox 621 5608 711 5665; x_wconf 68' lang='lat' dir='ltr'><strong>ﬂ.</strong></span> <span class='ocrx_word' id='word_1_903' title='bbox 745 5594 758 5604; x_wconf 77' lang='grc'><strong>’</strong></span> <span class='ocrx_word' id='word_1_904' title='bbox 789 5608 810 5640; x_wconf 85' lang='grc'>⁸</span> <span class='ocrx_word' id='word_1_905' title='bbox 833 5594 1002 5667; x_wconf 62' lang='grc' dir='ltr'><strong>,Ιοιιηξ</strong></span> <span class='ocrx_word' id='word_1_906' title='bbox 1025 5594 1141 5678; x_wconf 52' lang='grc' dir='ltr'><strong>ὲιὶίῐ,</strong></span> <span class='ocrx_word' id='word_1_907' title='bbox 1171 5594 1230 5668; x_wconf 69' lang='grc' dir='ltr'>Π</span> <span class='ocrx_word' id='word_1_908' title='bbox 1250 5594 1282 5682; x_wconf 35' lang='grc' dir='ltr'><strong>;ί</strong></span> <span class='ocrx_word' id='word_1_909' title='bbox 1303 5594 1907 5686; x_wconf 60' lang='grc' dir='ltr'><strong>ι’(ῖοτ.’ἐῖιῖἱζόζ“”εἰ”</strong></span> 
     </span>
    </p>
   </div>
   <div class='ocr_carea' id='block_1_111' title="bbox 2007 5594 3317 5691">
    <p class='ocr_par' dir='ltr' id='par_1_111' title="bbox 2007 5594 3317 5691">
     <span class='ocr_line' id='line_1_111' title="bbox 2007 5594 3317 5691; baseline -0.003 -13"><span class='ocrx_word' id='word_1_910' title='bbox 2007 5639 2034 5678; x_wconf 83' lang='lat'><strong>-.</strong></span> <span class='ocrx_word' id='word_1_911' title='bbox 2058 5594 2882 5691; x_wconf 48' lang='lat' dir='ltr'><strong>1351&#39;s.”?ii&#39;CorKJis‘iJ&#39;&quot;</strong></span> <span class='ocrx_word' id='word_1_912' title='bbox 2899 5594 2998 5674; x_wconf 66' lang='grc' dir='ltr'><strong>ῆι·</strong></span> <span class='ocrx_word' id='word_1_913' title='bbox 3015 5594 3317 5684; x_wconf 48' lang='lat' dir='ltr'><strong>enim.</strong></span> 
     </span>
    </p>
   </div>
   <div class='ocr_carea' id='block_1_112' title="bbox 1429 5774 2511 5855">
    <p class='ocr_par' dir='ltr' id='par_1_112' title="bbox 1429 5774 2511 5855">
     <span class='ocr_line' id='line_1_112' title="bbox 1429 5774 2511 5855; baseline 0.005 -26"><span class='ocrx_word' id='word_1_914' title='bbox 1429 5774 1604 5831; x_wconf 71' lang='lat' dir='ltr'><strong>Varia:</strong></span> <span class='ocrx_word' id='word_1_915' title='bbox 1627 5777 1891 5837; x_wconf 85' lang='lat' dir='ltr'><strong>lectiones</strong></span> <span class='ocrx_word' id='word_1_916' title='bbox 1919 5782 2124 5839; x_wconf 86' lang='lat' dir='ltr'><strong>codicis</strong></span> <span class='ocrx_word' id='word_1_917' title='bbox 2151 5781 2511 5855; x_wconf 81' lang='lat' dir='ltr'><strong>Seguicriani.</strong></span> 
     </span>
    </p>
   </div>
   <div class='ocr_carea' id='block_1_113' title="bbox 392 5915 1431 5992">
    <p class='ocr_par' dir='ltr' id='par_1_113' title="bbox 392 5915 1431 5992">
     <span class='ocr_line' id='line_1_113' title="bbox 392 5915 1431 5992; baseline 0.008 -20"><span class='ocrx_word' id='word_1_918' title='bbox 392 5915 421 5959; x_wconf 73' lang='grc' dir='ltr'>δ</span> <span class='ocrx_word' id='word_1_919' title='bbox 457 5918 555 5986; x_wconf 80' lang='grc' dir='ltr'><strong>ὡς.</strong></span> <span class='ocrx_word' id='word_1_920' title='bbox 632 5931 660 5962; x_wconf 70' lang='grc' dir='ltr'><strong><em>ι</em></strong></span> <span class='ocrx_word' id='word_1_921' title='bbox 712 5921 900 5977; x_wconf 83' lang='grc' dir='ltr'><strong>πίστιν</strong></span> <span class='ocrx_word' id='word_1_922' title='bbox 951 5920 1272 5992; x_wconf 79' lang='grc' dir='ltr'><strong>παρασχὼν,</strong></span> <span class='ocrx_word' id='word_1_923' title='bbox 1311 5925 1431 5985; x_wconf 80' lang='grc' dir='ltr'><strong>οὐκ.</strong></span> 
     </span>
    </p>
   </div>
  </div>
