4048 6444
525 487 633 543 275

1531 482 1588 539 S.
1630 484 1908 542 CYRILLI
1950 486 2426 546 ALEXANDRINI
2468 487 2788 544 ARCIIIEP.

3721 490 3834 548 276

525 599 827 672 quominus
868 602 943 687 sit
977 600 1285 658 secundum
1322 609 1581 655 naturam
1624 601 1800 658 Filius
1843 620 1857 657 :
1897 602 1953 658 id
1985 604 2115 660 enin

2245 604 2385 675 μῶν;
2401 604 2576 668 Δὺτός
2592 603 2702 673 γάρ
2722 605 2872 657 ἐστιν
2896 603 2926 674 ἡ
2948 604 3114 675 θύρα,
3131 605 3225 660 καί
3244 605 3429 676 ἡδδδς,
3462 604 3560 658 καὶ
3587 605 3645 659 ὲν
3675 603 3836 676 αὑτῷ

523 694 691 749 etiam
720 709 895 752 carne.
919 703 1200 764 assumpta
1239 693 1566 763 permansit.
1607 691 1766 760 Quod
1803 702 1989 750 autem
2029 711 2122 751 re-

2231 693 2523 766 κατῴκηκε
2541 697 2649 749 πᾶν
2673 695 2734 748 τὸ
2753 696 3029 767 πλήρωμα
3051 696 3153 765 τῆς
3184 696 3441 768 θεότητος
3473 698 3834 767 σωματικῶς.

525 785 972 843 conciliationem
999 787 1057 841 in
1078 785 1302 843 Christo
1325 785 1708 852 habuerimus,
1733 788 1994 860 quodque
2032 790 2151 860 ipse
2189 788 2262 843 sit
2284 804 2391 859 pax
2415 798 2604 845 nostra
2635 792 2678 855 ’,
2703 790 2830 861 quis
2866 789 3068 845 audeat
3130 791 3368 863 negare?
3400 792 3522 861 lpse
3555 801 3644 846 est
3675 793 3837 848 enim

524 877 730 933 ostium
759 879 823 945 ιθ,
858 887 916 934 et
963 879 1054 933 via
1085 878 1127 910 ¹¹
1163 896 1175 931 :
1214 888 1271 933 et
1313 878 1370 932 in
1416 877 1536 947 ipso
1577 879 1759 934 omnis
1800 880 2112 938 divinitatis
2147 880 2436 952 plenitudo
2469 881 2740 936 habitavit
2776 881 3137 951 corporaliter
3163 883 3225 936 ".

598 971 707 1027 Sed
732 988 956 1027 rursum
979 973 1070 1028 ille
1096 987 1224 1027 acer
1248 971 1315 1026 ad
1344 959 1856 1042 contemplandum,
1900 983 1960 1029 et
2017 990 2118 1030 ve—

527 1065 760 1121 hemens
781 1065 850 1120 ad
875 1063 1346 1126 calumniandum,
1377 1077 1543 1130 aures
1563 1063 1781 1135 arrigit,
1815 1081 1882 1120 ac
1925 1066 2064 1122 dicit
2104 1087 2119 1121 :

529 1157 587 1212 Si
621 1158 766 1212 alius
787 1165 874 1214 est
903 1158 1000 1227 qui
1030 1156 1326 1220 inhabitat,
1363 1163 1420 1210 et
1450 1155 1598 1211 alius
1638 1157 1895 1212 similiter
1926 1158 2018 1212 ille
2067 1159 2124 1213 in

528 1266 639 1320 quo
667 1249 981 1304 inhabitare
1012 1248 1375 1318 perhibetur;
1407 1263 1517 1317 qua
1551 1248 1719 1320 igitur
1761 1249 1976 1304 ratione
2004 1249 2125 1306 fieri

528 1349 712 1411 potest
743 1351 804 1396 ut
841 1342 1166 1413 bypostases
1206 1354 1319 1394 non
1363 1338 1700 1407 dividamus,
1755 1356 2124 1412 seorsumque

528 1443 585 1489 ct
607 1451 707 1505 per
733 1451 794 1490 se
809 1443 1104 1504 utramque
1130 1431 1435 1488 subsistere
1462 1447 1575 1487 non
1605 1433 1890 1489 dicamus?
1913 1432 2124 1489 Deinde

527 1527 622 1581 ubi
659 1527 770 1598 jam
814 1525 1060 1592 tandem,
1097 1527 1190 1582 dic
1207 1525 1368 1592 mihi,
1420 1541 1529 1580 una
1558 1542 1800 1598 persona
1821 1527 1962 1582 erit?
1984 1527 2124 1581 Nam

529 1633 695 1672 unam
723 1617 992 1673 duntaxat
1014 1635 1309 1690 personam
1342 1637 1402 1677 se
1427 1629 1676 1677 statuere
1731 1619 1980 1690 fingunt;
2025 1618 2123 1673 sed

527 1709 744 1765 duabus
768 1710 1160 1782 hypostasibus
1184 1729 1288 1784 per
1311 1729 1372 1768 se
1391 1722 1450 1769 et
1470 1727 1722 1769 seorsum
1755 1711 1972 1782 positis,
1998 1726 2121 1765 om-

527 1803 661 1858 nino
689 1803 811 1859 duae
831 1820 1054 1875 quoque
1078 1821 1328 1876 persona:
1353 1813 1540 1862 erunt.
1566 1806 1771 1861 Verum
1802 1803 2120 1875 ingrediun-

525 1895 1082 1967 turutlegislatores,
1125 1897 1274 1967 quod
1309 1898 1446 1968 ipsis
1473 1897 1714 1962 videtur,
1755 1897 1913 1967 quasi
1949 1896 2118 1950 etiam

528 1994 741 2042 rectum
769 1989 862 2054 sit,
889 1989 1118 2044 omnino
1145 1997 1326 2044 ratum
1353 1990 1641 2046 habentes.
1674 1989 1810 2044 Nam
1827 2003 2118 2044 secernen-

525 2079 598 2134 do
624 2079 969 2151 hypostases,
1021 2080 1302 2152 inquiunt,
1338 2082 1562 2138 unimus
1599 2075 1914 2152 personam.
1950 2080 2117 2150 Atqui

525 2171 804 2239 quomodo
827 2172 882 2227 id
920 2189 1029 2229 non
1055 2182 1140 2229 est
1161 2175 1512 2239 incredibile,
1543 2184 1600 2230 et
1644 2175 1896 2239 stultum,
1922 2183 1978 2230 et
2017 2175 2120 2228 im-

527 2263 830 2329 possibile?
850 2265 985 2319 Nam
1010 2266 1155 2336 quod
1183 2266 1250 2321 ad
1275 2266 1804 2336 contemplationem
1833 2282 1898 2322 ac
1944 2267 2118 2322 ratio-

525 2370 652 2409 nem
676 2357 894 2420 attinet,
924 2364 986 2411 ut
1017 2356 1152 2420 dixi,
1185 2358 1370 2428 quivis
1393 2357 1554 2413 facile
1596 2357 1857 2429 intelligit
1893 2373 2117 2413 carnem

525 2446 754 2501 alterius
801 2463 923 2502 esse
964 2448 1290 2504 substantia:
1342 2465 1373 2504 a
1418 2449 1604 2505 Verbo
1642 2449 1789 2519 quod
1836 2449 1940 2521 ipsi
1987 2465 2120 2505 con-

511 2539 771 2607 junctum
799 2547 905 2595 est.
932 2539 1038 2594 Sed
1062 2541 1192 2610 quia
1220 2541 1421 2596 divinae
1471 2541 1771 2610 Scriptum
1825 2558 1995 2596 unum
2024 2543 2116 2598 Fi—

523 2627 681 2690 lium,
726 2643 900 2681 unum
937 2629 1234 2683 Dominum
1291 2639 1348 2685 et
1395 2647 1565 2685 unum
1611 2631 1892 2687 Christum
1952 2635 2117 2689 nobis

525 2717 896 2782 tradiderunt,
922 2728 977 2774 ct
1001 2722 1074 2774 ita
1103 2737 1346 2791 quoque,
1374 2730 1430 2776 et
1457 2738 1567 2776 non
1590 2723 1754 2777 aliter
1792 2724 1958 2779 habet
1986 2724 2113 2780 ﬁdei

527 2807 772 2873 traditio,
793 2808 918 2864 ideo
940 2825 1042 2865 nos
1073 2810 1168 2866 Dei
1202 2810 1380 2866 Patris
1423 2811 1666 2867 Verbum
1719 2813 2116 2870 indissociabili

529 2897 733 2952 unione
757 2914 882 2953 cum
914 2916 1012 2956 sua
1036 2917 1204 2956 carne
1253 2901 1434 2956 anima
1491 2903 1834 2976 intelligente
1885 2906 2117 2976 pradita

525 2990 946 3062 conjungcntcs,
974 3010 1144 3048 unum
1165 2993 1448 3049 Christum
1475 3005 1531 3051 et
1552 2997 1750 3052 Filium
1790 3013 1912 3053 esse
1940 2998 2116 3053 conii-

527 3092 727 3138 tcmur.
763 3085 832 3140 Et
856 3086 1321 3156 quemadmodum
1345 3104 1490 3144 unus
1513 3099 1600 3145 cst
1628 3090 1823 3155 Filius,
1857 3091 1929 3145 ita
1947 3106 2115 3146 unam

524 3191 744 3246 quoque
777 3186 988 3233 tantum
1013 3194 1307 3249 personam
1337 3180 1514 3250 ipsius
1541 3181 1876 3248 asserimus;
1901 3197 2114 3237 sacram

2303 973 2443 1026 Ἀλλ’
2473 973 2634 1044 ὀρθόν
2667 991 2758 1044 μοι
2803 973 2968 1027 πάλιν
2997 973 3180 1044 ἵστησι
3221 974 3283 1027 τὸ
3320 969 3414 1036 οὗς
3441 977 3470 1026 ό
3518 973 3712 1044 πικρὸς
3744 975 3841 1036 εἰς

2220 1062 2480 1133 Θεωρίας,
2522 1062 2618 1116 καὶ
2657 1063 2830 1126 δεινὸς
2860 1064 2940 1126 εἰς
2979 1063 3369 1131 συκοφαντίας,
3401 1063 3496 1116 καὶ
3524 1063 3587 1132 δή
3623 1080 3796 1132 φησιν
3819 1077 3835 1091 ⁸

2222 1154 2286 1206 Et
2317 1154 2503 1226 ἕτερος
2543 1156 2571 1209 ὁ
2597 1154 2890 1220 κατοικῶν,
2928 1155 3118 1226 ἕτερος
3147 1155 3205 1207 δὲ
3249 1155 3455 1224 ὁμοίως
3484 1156 3512 1207 ὁ
3542 1155 3600 1206 ὲν
3627 1147 3671 1221 ᾧ
3694 1170 3841 1207 κατ-

2225 1245 2451 1315 οικῆσαι
2482 1245 2727 1314 λέγεται,
2758 1245 2877 1310 πῶς
2909 1247 3012 1300 οὑκ
3049 1247 3346 1314 ἀναγκαῖον
3373 1245 3702 1316 διαιρεῖσθαι
3726 1245 3842 1310 τὰς

2227 1336 2578 1402 ὑποστάσεις,
2607 1336 2702 1391 καὶ
2735 1337 3037 1407 ὑφεστάναι
3063 1336 3244 1405 λέγειν
3287 1335 3390 1389 ἀνὰ
3435 1335 3598 1406 μέρος
3629 1337 3838 1390 ἑκατέ-

2225 1446 2326 1500 ραν
2359 1427 2424 1496 ἀ;
2457 1428 2587 1484 Εἶτα
2617 1430 2746 1484 ὅποι
2772 1429 2906 1483 ποτὲ
2940 1428 3128 1482 λοιπὸν
3156 1428 3218 1481 τὸ
3244 1427 3303 1480 ἓν
3341 1428 3657 1496 πρόσωπον,
3693 1423 3830 1481 είπέ

2225 1539 2316 1592 μοι
2339 1539 2354 1587 ;
2375 1522 2438 1575 Ei
2469 1521 2528 1574 ἓν
2546 1523 2656 1594 γὰρ
2687 1524 2983 1595 πρόσωπον
2997 1520 3090 1574 τοῦ
3123 1519 3362 1592 Χριστοῦ
3397 1520 3836 1591 προσποιοῦνται

2221 1615 2424 1683 λέγειν,
2459 1615 2554 1669 δύο
2597 1615 2654 1669 δὲ
2706 1614 3062 1669 ὑποστάσεων
3107 1612 3214 1683 ἰδίᾳ
3257 1629 3316 1664 τε
3363 1613 3457 1664 καὶ
3505 1611 3608 1665 ἀνά
3653 1611 3836 1682 μέρος

2224 1707 2499 1776 κειμένων
2521 1748 2536 1771 ,
2593 1706 2810 1761 ἔσονταί
2845 1725 2951 1760 που
3001 1709 3222 1768 πάντως
3267 1704 3365 1758 καὶ
3405 1704 3674 1775 πρόσωπα
3705 1704 3833 1758 δύο.

2241 1800 2382 1853 Ἀλλ’
2413 1799 2782 1869 είσόαξνουσιν
2813 1800 2889 1865 ὡς
2920 1798 3246 1870 νομοθέται,
3278 1797 3340 1850 τὺ
3379 1797 3564 1860 αὐτοῖς
3609 1797 3837 1864 δοκοῦν,

2225 1890 2302 1956 ὡς
2325 1891 2504 1964 ὀρθῶς
2531 1892 2677 1964 ἔχον,
2713 1894 2892 1964 πάντη
2943 1909 3005 1945 τε
3058 1892 3151 1945 καὶ
3191 1890 3412 1954 πάντως
3438 1890 3833 1960 κρατύνοντες.

2221 1983 2570 2055 Διαιροῦντες
2596 1985 2730 2057 γὰρ,
2769 1985 2938 2053 φασὶ,
2976 1981 3075 2046 τὰς
3108 1980 3458 2043 ὑποστάσεις,
3495 1978 3726 2050 ένοῦμεν
3764 1980 3837 2033 τὸ

2228 2075 2540 2145 πρόσωπον.
2577 2076 2688 2129 Καὶ
2737 2075 2859 2140 πῶς
2902 2076 3005 2129 οὑκ
3039 2076 3306 2132 ἀπίθανον
3332 2079 3513 2143 τοῦτο,
3545 2079 3641 2131 καὶ
3680 2079 3836 2149 ἀμα-

2225 2165 2338 2230 θὲς,
2382 2167 2478 2220 καὶ
2525 2167 2850 2238 ἀμήχανον;
2891 2168 3109 2239 Θεωρία
3165 2181 3189 2209 ο
3241 2171 3340 2240 μὲν
3371 2171 3504 2242 γὰρ,
3549 2171 3626 2234 ὡς
3660 2170 3834 2241 ἔφην,

2221 2263 2565 2334 ὲτεροούσιον
2584 2257 2754 2316 οὖσαν
2770 2262 2871 2334 τὴν
2894 2262 3073 2334 σάρκα
3096 2265 3247 2335 παρὰ
3270 2264 3360 2318 τον
3380 2263 3655 2318 ένωθέντα
3679 2264 3831 2335 αὑτῇ

2221 2355 2397 2432 Λόγον
2433 2354 2642 2408 κατίδοι
2681 2371 2766 2418 τις
2801 2354 2888 2410 ἄν.
2935 2355 3155 2426 Ἐπειδὴ
3186 2356 3244 2409 δὲ
3273 2355 3401 2409 Υῐδν
3431 2357 3530 2410 ’ένα
3561 2357 3653 2410 καὶ
3678 2357 3828 2426 Χρι-

2223 2446 2352 2500 στὸν
2377 2448 2473 2500 καὶ
2497 2446 2704 2516 Κύριον
2728 2448 2785 2500 αἱ
2826 2447 3179 2502 θεόπνευστοι
3221 2448 3441 2518 λέγουσι
3466 2447 3702 2522 Γραφαὶ,
3728 2451 3834 2502 καὶ

2219 2540 2319 2609 τῆς
2359 2541 2596 2604 πίστεως
2631 2541 2664 2610 ἡ
2713 2541 3018 2611 παράδοσις
3047 2541 3221 2605 οὑτως
3261 2542 3396 2612 ἔχει,
3440 2543 3536 2595 καὶ
3566 2543 3665 2612 οὑχ
3697 2542 3828 2594 ἑτέ-

2222 2649 2352 2702 ρως,
2375 2633 2794 2701 συνενεγκόντες
2823 2634 2988 2704 ἡμεῖς
3007 2635 3088 2697 εἰς
3115 2633 3448 2705 ἁδιάτμητον
3469 2633 3661 2686 ἕνωσιν
3693 2633 3834 2703 ἐψυ-

2219 2724 2445 2796 χωμένῃ
2467 2724 2670 2794 νοερῶς
2694 2727 2760 2796 τῇ
2793 2727 2960 2796 σαρκὶ
2988 2725 3081 2778 τὸν
3113 2725 3188 2778 ὲκ
3213 2725 3350 2778 Θεοῦ
3379 2725 3593 2796 Πατρδς
3625 2725 3831 2794 Λόγον,

2218 2818 2317 2872 ἕνα
2350 2819 2588 2888 Χριστὸν
2618 2818 2716 2873 καὶ
2746 2817 2876 2870 Υίὸν
2910 2817 3286 2887 ὁμολογοῦμεν
3315 2817 3607 2888 ὑπάρχειν.
3649 2817 3741 2880 Ὠς
3767 2818 3832 2872 δὲ

2219 2910 2339 2973 ἑνὸς
2361 2909 2514 2973 ὄντος
2542 2910 2639 2964 τοῦ
2669 2909 2824 2975 Υίοῦ,
2855 2909 2952 2964 καὶ
2983 2907 3043 2961 ἓν
3067 2909 3232 2962 αὑτοῦ
3264 2926 3448 2980 φαμεν
3480 2905 3623 2963 εἶναι
3645 2911 3830 2980 πρόσ-

2219 3017 2390 3066 ωπον,
2447 3001 2706 3072 ἑπόμενοι
2757 3000 3036 3071 πανταχοῦ
3067 3000 3146 3070 τῷ
3177 2999 3306 3071 θείῳ
3335 3017 3394 3053 τε
3427 2999 3524 3053 καὶ
3557 2999 3692 3070 ἱερῷ
3725 3017 3832 3069 κη-

2223 3092 2487 3164 ρύγματι,
2519 3093 2612 3147 καὶ
2643 3095 2754 3159 τοῖς
2788 3092 2884 3147 ἀπ’
2921 3092 3104 3164 ἀρχῆς
3137 3093 3438 3157 αὑτόπταις
3478 3093 3574 3146 καὶ
3610 3092 3830 3164 ὑπηρέ-

2219 3199 2343 3248 ταις
2394 3183 2706 3254 γενομένοις
2737 3183 2832 3236 τοῦ
2866 3183 3062 3252 Λόγου.
3093 3184 3235 3246 Τοὺς
3269 3183 3325 3237 δὲ
3359 3183 3548 3254 ἕτερόν
3576 3201 3628 3236 τι
3663 3184 3826 3255 παρὰ

525 3277 881 3339 sanctamque
904 3269 1031 3325 fidei
1061 3271 1533 3341 pradicationem,
1561 3289 1768 3343 eosque
1797 3273 1891 3342 qui
1913 3273 1982 3328 ab
2011 3273 2115 3327 ini-

2222 3274 2375 3328 τοῦτο
2410 3277 2631 3348 φρονεῖν
2667 3275 2945 3340 εἰωθότας,
2985 3275 3082 3330 καὶ
3121 3275 3498 3346 συλλογισμῶν
3533 3274 3822 3330 ἀσυνέτων

525 3354 605 3408 tio
628 3354 910 3422 viderunt,
964 3359 1251 3430 ipsiusque
1295 3361 1463 3418 Verbi
1486 3361 1728 3416 ministri
1755 3361 2112 3426 exstiterunt,

525 3445 730 3516 ubique
761 3449 958 3504 secuti.
983 3450 1086 3516 Qui
1111 3460 1294 3508 autem
1307 3453 1570 3524 quiddam
1598 3452 1668 3508 ab
1695 3454 1801 3507 hoc
1834 3453 2114 3509 diversum

522 3554 718 3608 sapere
748 3552 1179 3610 consueverunt,
1206 3544 1638 3616 ineptorumque
1671 3544 2115 3616 syllogismorum

525 3633 853 3688 commentis
877 3634 946 3688 ad
999 3650 1064 3690 ea
1093 3636 1418 3703 deflectunt,
1451 3636 1520 3692 ad
1570 3651 1693 3707 qua?
1723 3652 1834 3691 non
1872 3645 2111 3707 oportet,

523 3738 621 3777 eos
669 3739 699 3777 a
741 3733 929 3780 nostra
970 3728 1360 3783 communione
1412 3727 1750 3798 rejiciemus,
1799 3726 2051 3782 dicentes
2099 3745 2111 3780 :

533 3833 553 3864 ‹
581 3813 874 3871 Ambulate
922 3818 978 3872 in
1019 3819 1230 3875 lumine
1275 3819 1420 3891 ignis
1459 3819 1653 3883 vestri,
1699 3828 1757 3874 et
1805 3819 1861 3874 in
1897 3819 2116 3874 flamma

524 3922 687 3976 quam
712 3909 1078 3967 succendistis
1093 3913 1158 3965 ¹³.
1181 3932 1200 3963 ›
1222 3910 1719 3967 Vcrumenimvero
1734 3913 1994 3982 quoniam
2012 3927 2113 3966 au-

524 3999 618 4054 dio
650 4001 880 4057 stolidos
907 4005 1178 4074 quosdam
1204 4004 1670 4069 circumcursare,
1714 4019 1779 4059 ac
1832 4003 2110 4068 dictitare,

522 4107 842 4162 perversam
866 4094 1110 4149 Nestorii
1139 4093 1447 4149 doctrinam
1486 4093 1631 4163 apud
1682 4109 1875 4148 omnes
1924 4093 2114 4163 piissi-

522 4200 644 4240 mos
667 4180 911 4241 Orientis
931 4187 1222 4257 episcopos
1248 4185 1579 4251 obtinuisse,
1603 4194 1661 4240 et
1702 4185 1848 4257 apud
1884 4200 1981 4240 eos
2027 4199 2115 4239 re-

520 4287 665 4332 ctam
690 4277 1017 4343 existimari,
1043 4293 1276 4348 eamque
1308 4278 1495 4348 potius
1523 4278 1860 4348 sequendam
1904 4277 2108 4347 putari,

521 4368 665 4424 illud"
683 4385 904 4440 quoque
929 4369 1285 4425 indicandum
1307 4385 1429 4426 esse
1451 4370 1752 4425 arbitratus
1769 4385 1926 4426 sum:
1953 4369 2108 4438 171

521 4461 970 4532 quandoquidem
995 4460 1395 4532 religiosissimi
1416 4461 1584 4517 totius
1600 4461 1844 4517 Orientis
1863 4459 2109 4530 episc0pi

523 4569 634 4607 una
664 4569 788 4608 cum
815 4553 1042 4610 domino
1071 4568 1196 4609 meo
1225 4554 1436 4611 Joanne
1461 4554 1880 4627 religiosissimo
1920 4550 2111 4606 Eccle-

2219 3366 2552 3437 εὑρήμασιν,
2606 3366 2694 3434 ἐφ’
2731 3365 2767 3418 ἃ
2817 3365 2892 3437 μὴ
2942 3367 3255 3436 προσῆκεν,
3309 3364 3820 3436 έκτετραμμένους,

2218 3459 2666 3529 άποπεμψόμεθα
2721 3458 2739 3496 ί
2789 3457 2892 3528 τῆς
2928 3457 3065 3527 πρὸς
3116 3457 3342 3520 ἑαυτοὺς
3389 3458 3698 3521 κοινωνίας,
3730 3457 3822 3509 λέ-

2216 3566 2432 3619 γοντεςο
2485 3571 2504 3602 ι
2553 3549 2862 3620 Πορεύεσθε
2891 3548 2972 3619 τῷ
2999 3549 3141 3618 φωτὶ
3170 3547 3264 3601 τοῦ
3301 3547 3474 3618 πυρὸς
3503 3547 3685 3617 ὑμῶν,
3721 3550 3820 3604 καὶ

2216 3644 2283 3713 τῇ
2318 3641 2499 3710 φλογὶ,
2599 3639 2949 3705 ὲξειιαὺσατε.
2986 3658 3006 3691 ι
3056 3638 3274 3710 Ἐπειδὴ
3296 3639 3353 3692 δὲ
3392 3639 3670 3710 μανθάνω,
3704 3640 3820 3692 τῶν

2218 3734 2495 3787 ἀσυνέτων
2511 3732 2662 3795 τινὰς
2692 3749 2757 3784 πε
2767 3731 3146 3803 ρινοστοῦντας
3167 3729 3370 3799 λέγειν,
3389 3730 3468 3794 ὡς
3495 3731 3818 3801 κεκράτηκε

2218 3826 2368 3896 παρὰ
2407 3828 2520 3888 τοῖς
2553 3825 2695 3878 κατὰ
2722 3824 2824 3895 τὴν
2853 3823 2995 3894 ἑῴαν
3032 3823 3206 3876 ἅπασι
3229 3822 3671 3885 θεοσεϐεστάτοις
3699 3824 3816 3876 ἔπι-

2218 3919 2442 3982 σκόποις
2475 3919 2508 3988 ἡ
2551 3915 2847 3987 Νεστορίου
2893 3914 3204 3979 κακοδοξία.
3237 3915 3333 3968 καὶ
3375 3913 3434 3968 εὖ
3469 3915 3616 3985 ἔχειν
3648 3915 3808 3968 ὑπεί-

2216 4012 2420 4082 ληπται
2466 4011 2598 4080 παρ’
2631 4009 2834 4071 αὐτοῖς,
2872 4007 3177 4079 καὶταύτῃ
3234 4011 3259 4048 8
3318 4007 3519 4078 μᾶλλον
3576 4007 3804 4060 ἕπεσθαι

2217 4104 2344 4176 χρὴ,
2375 4103 2484 4156 δεῖν
2515 4101 2700 4172 ᾠήθην
2734 4101 2955 4154 κάκεῖνο
2997 4099 3258 4171 μηνῦσαι·
3307 4101 3357 4153 oi
3402 4101 3511 4171 γάρ
3551 4117 3634 4153 τοι
3671 4100 3817 4153 κατὰ,

2217 4197 2317 4266 τὴν
2347 4195 2487 4266 ὲῴαν
2545 4195 2724 4248 πᾶσαν
2773 4192 3185 4246 θεοσεϐέστατοι
3217 4193 3528 4258 ἐπίσκοποι,
3580 4193 3698 4264 ἅμα
3731 4191 3814 4262 τῷ

2216 4289 2391 4360 κυρίῳ
2433 4303 2534 4357 μου
2587 4286 2665 4356 τῷ
2713 4285 3120 4354 θεοσεϐεστάτῳ
3155 4284 3257 4354 τῆς
3303 4284 3626 4356 Ἀντιοχέων
3687 4284 3822 4337 Ἐκ-

2217 4378 2448 4449 κλησίας
2473 4377 2760 4447 ὲπισκὸπῳ
2805 4375 3048 4446 Ἰωάννῃ,
3078 4373 3144 4428 δι’
3173 4374 3451 4444 ἐγγράφου
3483 4374 3576 4427 καὶ
3608 4372 3821 4441 σαφοῦς

2214 4467 2506 4540 ὁμολογίας
2551 4465 2790 4536 φανερὴν
2841 4464 3014 4518 ἅπασι
3056 4463 3422 4529 κατέστησαν,
3454 4463 3538 4516 ὅτι
3581 4461 3678 4525 τὰς
3715 4461 3822 4530 μὲν

2215 4557 2516 4628 Νεστορίου
2549 4555 2811 4626 βεϐήλους
2855 4553 3224 4622 καινοφωνίας
3263 4553 3290 4592 ιλ
3323 4551 3716 4622 κατακρίνουσί
3748 4565 3816 4603 τε

523 4645 618 4701 site
642 4646 1002 4702 Antiochenaa
1030 4649 1293 4718 episcopo
1326 4647 1529 4719 scripta
1573 4645 1932 4713 dilucidaque
1978 4656 2114 4695 con-

2223 4652 2318 4704 καὶ
2341 4649 2801 4717 ἀναθεματίζουσι
2829 4647 2946 4718 μεθ’
2987 4647 3167 4719 ἡμῶν,
3211 4647 3304 4700 καὶ
3327 4644 3542 4708 οὑδενδς
3569 4644 3819 4714 ἠξίωσαν

525 4739 764 4795 fcssionc
796 4740 1058 4795 omnibus
1089 4742 1266 4811 palam
1293 4740 1568 4803 fecerunt,
1609 4754 1668 4794 se
1697 4736 1958 4808 profanas
2001 4733 2111 4788 Ne-

524 4830 682 4884 storii
711 4846 908 4887 vocum
931 4833 1206 4889 novitates
1232 4833 1275 4865 "
1298 4848 1456 4905 asque
1481 4847 1546 4887 ac
1573 4844 1674 4884 nos
1716 4826 2114 4883 condemnasse

521 4921 1119 4989 etanathcmatizasse,
1154 4937 1326 4994 seque
1372 4921 1526 4976 nullo
1568 4931 1813 4987 unquam
1855 4915 1980 4969 loco
2020 4928 2117 4968 eas

522 5013 819 5080 habuisse;
844 5029 1039 5070 verum
1071 5015 1390 5084 evangelica
1413 5023 1471 5067 et
1513 5009 1815 5080 apostolica
1858 5006 2113 5076 dogmata

519 5115 760 5162 sectatos
812 5122 973 5173 esse,
1029 5118 1457 5175 sanctorumque
1522 5103 1747 5158 Patrum
1780 5098 2115 5156 confessioni

520 5198 678 5254 nullo
709 5198 876 5255 modo
921 5198 1227 5255 adversari.
1262 5196 1506 5251 Professi
1530 5195 1677 5249 enim
1725 5200 1856 5248 sunt
1884 5191 2114 5263 perinde

521 5301 586 5342 ac
614 5303 738 5353 nos,
777 5296 1025 5344 sanctam
1049 5287 1334 5356 Virginem
1361 5284 1457 5338 Dei
1479 5283 1802 5355 genitricem
1840 5299 1982 5346 esse,
2009 5299 2114 5338 nec

523 5380 854 5451 adjecerunt
885 5380 1031 5451 quod
1080 5377 1288 5433 Christi
1339 5377 1577 5447 genitrix
1599 5377 1690 5441 sit,
1728 5387 1823 5432 aut
1868 5377 2111 5432 hominis

524 5475 786 5542 genitrix,
817 5469 1289 5543 quemadmodum
1320 5470 1515 5525 dicunt
1547 5469 1641 5540 qui
1670 5469 1924 5524 infelices
1947 5485 2109 5524 exse-

609 5633 630 5664 ⁹
665 5632 866 5701 Ephcs.
911 5631 1088 5697 11,“.
1170 5626 1211 5657 ‘°
1249 5627 1404 5682 Joan.
1440 5644 1492 5690 ιι,
1528 5627 1577 5680 7.

523 5697 614 5753 20.

1685 5627 1723 5657 ¹¹
1777 5627 2074 5688 Joan.x1v,
2127 5625 2179 5680 6.

2215 4739 2386 4802 αὑτὰς
2415 4739 2636 4790 πώποτε
2690 4739 2882 4807 λόγου,
2937 4737 3074 4792 ἀλλὰ
3122 4739 3237 4799 τοῖς
3290 4734 3670 4803 εὑαγγελικοῖς
3717 4737 3818 4790 καὶ

2218 4829 2596 4891 ἁποστολικοῖς
2633 4829 2856 4884 ἕπονται
2907 4829 3162 4900 δόγμασι,
3211 4827 3306 4882 καὶ
3345 4827 3445 4898 τὴν
3481 4825 3591 4878 τῶν
3630 4826 3816 4880 Πατέ-

2220 4935 2330 4991 ρων
2362 4917 2651 4988 ὁμολογίαν
2701 4918 2825 4972 κατ’
2863 4918 3056 4972 οὐδένα
3096 4917 3332 4970 λυποῦσι
3379 4916 3604 4986 τρόπον.
3642 4915 3820 4986 Ὠμο-

2217 5011 2460 5080 λόγησαν
2486 5010 2595 5080 γὰρ
2629 5010 2724 5064 καὶ
2759 5010 2914 5063 αὑτοὶ
2943 5009 3062 5079 μεθ’
3093 5008 3272 5080 ἡμῶν,
3303 5009 3387 5062 ὅτι
3421 5008 3514 5061 καὶ
3546 5005 3821 5074 Θεοτόκος

2219 5102 2370 5156 ἐστὶν
2402 5103 2435 5173 ἡ
2471 5103 2601 5169 άγία
2642 5101 2937 5172 Παρθένος,
2967 5101 3066 5154 καὶ·
3088 5101 3148 5153 οὑ
3175 5100 3536 5172 προσέθεσαν,
3568 5100 3650 5152 ὅτι
3679 5101 3827 5169 Χρι-

2216 5193 2468 5256 στοτόκος
2497 5193 2668 5257 ἐστὶν,
2704 5193 2736 5264 ἢ
2777 5193 3217 5263 ἀνθρωποτόκος,
3251 5192 3397 5246 καθά
3427 5208 3592 5260 φασιν
3629 5192 3681 5243 oi
3711 5192 3825 5244 Νε-

2215 5285 2430 5356 στορίου
2471 5285 2542 5338 τὰ
2572 5285 2810 5353 δύστηνα
2844 5285 2940 5338 καὶ
2997 5285 3322 5338 ἀπόπτυστα
3373 5282 3598 5352 δοξάρια
3650 5281 3821 5350 θερα-

2213 5377 2493 5440 πεύοντες.
2538 5378 2700 5430 Ἀλλὰ
2733 5377 2842 5449 γὰρ
2871 5377 2967 5430 καὶ
2996 5377 3203 5446 ἔφασαν
3233 5374 3502 5446 ἐναργῶς,
3533 5373 3628 5426 ἕνα
3671 5370 3818 5426 εἶναι

2211 5468 2468 5540 Χριστὸν,
2503 5469 2597 5522 καὶ
2632 5468 2780 5533 Υἱὸν,
2812 5469 2905 5522 καὶ
2944 5469 3150 5540 Κύρων
3189 5467 3280 5520 τὸν
3311 5468 3374 5519 ὲκ
3403 5465 3539 5518 Θεοῦ
3574 5465 3672 5534 μὲν
3698 5464 3818 5516 ῐΙας

2280 5623 2554 5679 "Coloss.
2593 5641 2668 5687 ιι,
2705 5624 2758 5678 9.
2872 5625 2912 5656 ¹³
2953 5625 3055 5679 lsa.
3102 5638 3156 5690 ι,
3202 5623 3287 5677 ll.
3389 5623 3430 5654 "
3474 5622 3492 5677 l
3545 5621 3689 5677 Tim.
3739 5638 3818 5686 γι,

1611 5809 1788 5863 Variae
1815 5808 2082 5861 lectiones
2105 5805 2314 5860 codicis
2349 5805 2713 5876 chuieriani.

598 5933 623 5973 ιι
667 5933 946 6006 ἑκάτερον.
1032 5945 1050 5972 ε
1081 5928 1332 5999 θεωρίαν.
1419 5930 1435 5968 τ
1484 5926 1965 5999 ἀποπεμψώμεθα.

2065 5935 2088 5974 8
2123 5925 2282 5998 αὑτῇ.
2360 5925 2384 5964 h
2430 5923 2780 5995 κενοφωνίας.
