4048 6494
394 405 501 463 ‘279

1399 403 1456 461 S.
1496 403 1776 461 CYRlLLl
1814 399 2286 459 ALEXANDRINI
2327 401 2645 459 ARCIIIEP.

3572 406 3687 463 ςιέσ

390 543 543 584 nunc
568 526 960 585 convenientes
987 527 1274 600 apostolici
1298 527 1366 585 de
1390 529 1514 601 ejus
1541 528 1774 585 victoria
1806 538 1989 602 gratu-
2020 532 2062 588 Α
2087 527 2176 598 jus
2202 526 2465 595 agebatur
2490 541 2674 589 causa,
2708 524 2950 579 sentire?
2985 524 3264 579 Statuerat
3286 522 3392 579 hoc
3415 522 3679 580 nimirum

393 604 598 675 lantur.
632 618 678 676 0
712 620 909 676 relatio
948 620 1113 693 digna
1153 621 1431 688 mittente,
1476 620 1642 693 digna
1674 623 1984 677 conventu!

393 706 593 764 Gaudii
616 711 858 768 caelestis
890 711 1155 767 indicium
1186 713 1324 768 tales
1343 713 1550 769 habere
1582 713 1776 771 debuit
1802 715 1989 784 cogni-

396 808 565 856 tores.
598 799 667 855 Et
689 803 819 872 quia
853 816 943 857 res
968 811 1026 857 et
1051 817 1217 859 causa
1249 804 1516 875 deposcit,
1548 804 1731 859 locum
1769 818 1990 876 quoque

395 892 656 947 convenit
675 908 786 947 non
810 894 979 949 taceri
1008 894 1106 967 (l).
1327 894 1332 899 ’

465 983 520 1038 '5.
553 984 636 1039 Ad
670 984 896 1039 beatum
924 985 1231 1055 apostolum
1259 985 1481 1040 Petrum
1516 983 1835 1039 fraternitas
1863 984 1989 1038 uni—

395 1090 557 1132 versa
581 1076 841 1132 convenit
868 1094 881 1130 :
907 1091 1037 1132 ecce
1065 1077 1404 1132 auditorium
1432 1092 1742 1148 congruens
1769 1076 1988 1131 audito-

397 1168 576 1233 ribus,
604 1169 942 1224 conveniens
980 1169 1291 1225 audiendis.
1323 1168 1649 1224 Habuerunt
1677 1168 1988 1240 coepiscopi

396 1262 574 1317 nostri
602 1261 755 1316 illum
777 1261 1268 1333 congratulationis
1291 1269 1509 1327 testem,
1531 1276 1693 1331 quem
1721 1260 1991 1316 habemus

396 1351 635 1409 honoris
651 1351 939 1409 exordium
975 1352 1085 1425 (2);
1117 1361 1319 1406 sancta:
1344 1365 1582 1422 namque
1607 1359 1665 1406 et
1685 1350 1989 1406 venerabili

396 1443 628 1515 synodo,
651 1459 819 1515 quam
846 1444 1045 1499 natalis
1062 1442 1136 1517 (ὅ)
1168 1443 1303 1498 mihi
1332 1443 1470 1507 dies,
1492 1442 1986 1507 favente-Domino,

397 1541 775 1603 congregarat,
807 1533 938 1602 quia
960 1533 1041 1588 sic
1072 1532 1407 1587 credendum
1437 1541 1541 1598 est,
1568 1530 1684 1602 ipse
1706 1531 1985 1603 praesedit,

397 1624 847 1694 quandoquidem
872 1625 1137 1690 probatur
1161 1641 1263 1680 nee
1282 1624 1479 1695 spiritu
1506 1638 1611 1681 nec
1637 1640 1869 1694 corpore
1890 1624 1987 1679 de-

398 1715 587 1770 fuisse.
632 1715 822 1771 Adfuit
864 1716 1078 1788 palmze,
1122 1717 1217 1787 qui
1260 1716 1600 1772 contentioni
1629 1732 1740 1771 non
1774 1716 1988 1785 defuit;

393 1807 540 1877 juvit
564 1807 876 1863 animorum
906 1816 1035 1863 vota
1068 1817 1403 1875 nostrorum,
1433 1808 1527 1879 qui
1553 1807 1704 1862 videt
1738 1806 1813 1879 (4)
1841 1823 1987 1879 sym-

2092 616 2160 671 de
2191 627 2505 673 nostrorum
2534 615 2818 670 desertore
2843 621 3171 679 castrorum,
3197 614 3346 685 quod
3380 630 3411 669 a
3443 614 3686 669 ducibus

2092 709 2217 765 fidei
2248 709 2508 765 suaderet
2541 706 2618 782 (8)
2655 706 2885 778 perﬁdia
2923 706 3180 778 judicari.
3222 705 3516 777 Nunquam
3555 723 3616 762 se
3649 723 3682 762 a

2089 809 2281 856 nostro
2322 815 2559 855 numero
2604 806 2942 870 separasset,
2974 798 3031 853 in
3073 813 3238 869 quem
3272 799 3455 868 potuit
3494 807 3551 855 et
3590 814 3685 852 rc-

2089 892 2252 949 verti.

2159 984 2211 1038 5.
2239 984 2482 1048 Exsulta,
2508 982 2676 1039 frater
2699 982 3044 1047 cbarissime,
3068 988 3125 1036 et
3148 981 3215 1037 ad
3245 998 3344 1039 nos
3370 980 3687 1038 recollectis

2089 1072 2354 1130 fratribus
2384 1074 2560 1130 victor
2581 1075 2815 1129 exsulta.
2838 1072 3130 1140 Quaerebat
3155 1072 3401 1128 Ecclesia
3421 1088 3561 1142 quos
3588 1087 3683 1126 rc-

2088 1167 2255 1235 cepit.
2281 1167 2416 1221 Nam
2448 1165 2493 1220 si
2525 1165 2803 1220 neminem
2842 1166 3025 1235 perire
3053 1164 3308 1219 volumus
3332 1164 3400 1221 de
3427 1165 3646 1234 pusillis
3664 1204 3683 1230 ,

2090 1265 2300 1325 quanto
2341 1255 2513 1327 magis
2541 1256 2889 1327 gaudendum
2915 1256 3078 1311 nobis
3109 1267 3195 1311 est
3220 1255 3455 1312 sanitate
3498 1264 3676 1311 recto-

2089 1350 2251 1403 rum?
2284 1350 2542 1421 Legimus
2572 1366 2679 1406 una
2719 1351 2839 1406 ovis
2880 1358 3148 1421 quantum
3174 1349 3361 1421 gaudii
3399 1356 3689 1420 reportata

2088 1442 2408 1511 praestiterit
2440 1442 2512 1507 ‘°;
2534 1451 2591 1496 et
2616 1442 2823 1497 idcirco
2852 1441 3268 1513 intelligendum
3293 1447 3379 1496 est
3398 1440 3533 1512 quid
3556 1442 3682 1494 lau-

2089 1532 2174 1587 dis
2208 1532 2408 1587 habeat
2443 1542 2623 1589 tantos
2648 1548 2935 1589 revocasse
2976 1544 3243 1604 pastores.
3283 1532 3490 1604 Greges
3531 1531 3682 1602 aspi-

2089 1622 2313 1677 ciuntur
2347 1623 2402 1678 in
2431 1624 2696 1695 singulis;
2733 1640 2837 1680 nec
2872 1624 3037 1679 unius
3071 1624 3160 1679 hic
3195 1639 3361 1679 causa
3390 1631 3682 1687 tractatur,

2091 1714 2308 1785 quoties
2365 1715 2547 1786 agitur
2597 1715 2667 1771 de
2710 1716 2943 1772 sanitate
3008 1717 3305 1772 multorum
3360 1715 3458 1788 (9).
3500 1716 3683 1771 Lenta-

2092 1821 2218 1860 mur
2249 1805 2360 1877 (10)
2395 1807 2487 1862 hic
2521 1807 2658 1861 nihil
2691 1807 2870 1878 egisse
2912 1823 3013 1863 nos
3052 1823 3424 1879 praecoquum,
3459 1807 3688 1879 quando

398 1900 527 1955 bolo
559 1900 799 1969 primum
829 1900 975 1955 inter
1002 1891 1280 1970 apostolos
1313 1899 1515 1955 tradito
1543 1899 1795 1970 derogari
1835 1916 1847 1951 :
1880 1914 1987 1952 non
2024 1895 2063 1948 Β
2091 1897 2275 1953 fructu
2325 1906 2528 1954 nostra:
2568 1899 2854 1955 sententia:
2897 1900 3256 1970 gratulamur.
3306 1898 3693 1956 Sustinuimus

400 2005 592 2059 passus
621 1997 708 2045 est
730 1989 1028 2044 nefandum
1062 2002 1228 2059 caput
1257 1990 1333 2062 (5')
1357 1990 1597 2061 gaudere
1629 1989 1859 2052 solatiis,
1889 2004 1992 2042 nec

401 2080 613 2135 turbari
639 2080 734 2136 diu
778 2080 906 2137 sivit
947 2081 1222 2137 lutulento
1250 2083 1464 2153 gurgite
1493 2081 1660 2136 fontis
1685 2082 1830 2136 illius
1866 2097 1991 2151 per-

400 2173 576 2242 spicui
621 2173 939 2245 puritatem.
981 2173 1066 2229 Ad
1103 2190 1205 2229 nos
1242 2174 1451 2229 reversi
1493 2181 1624 2229 sunt
1666 2173 1885 2239 fratres,
1923 2173 1991 2227 ad

398 2281 522 2329 nos,
566 2265 811 2336 inquam,
842 2267 936 2335 qui
969 2266 1222 2321 morbum
1257 2265 1538 2321 communi
1575 2264 1759 2321 studio
1800 2280 1991 2335 perse-

398 2368 652 2429 quentes,
687 2359 999 2413 animarum
1026 2358 1342 2413 curavimus
1376 2357 1686 2413 sanitatem.

466 2451 522 2504 4.
548 2450 667 2504 Νοη
709 2465 768 2504 se
798 2449 975 2504 exsuli
1016 2449 1093 2521 (6)
1138 2456 1324 2504 vestro
1350 2458 1572 2504 sanctus
1603 2449 1775 2504 frater
1804 2458 1994 2503 noster

396 2544 635 2599 Joannes
658 2542 970 2609 addiderat,
1010 2559 1121 2598 non
1146 2544 1268 2614 ejus
1309 2554 1396 2599 est
1431 2544 1756 2613 blasphema
1791 2543 1991 2612 praedi-

397 2634 615 2690 catione
637 2634 939 2705 deceptus;
974 2648 1125 2698 nam,
1151 2642 1419 2702 quantum
1459 2648 1648 2687 rerum
1676 2634 1857 2687 exitus
1891 2633 1992 2688 do-

397 2731 508 2789 cet,
534 2724 822 2795 suspendit
856 2739 1013 2779 suam
1056 2723 1409 2786 sententiam,
1434 2738 1548 2777 non
1583 2721 1822 2793 negavit.
1853 2721 1989 2776 Nam

398 2817 533 2887 quid
567 2817 624 2871 in
652 2817 999 2873 inventorem
1032 2816 1304 2873 malorum
1329 2826 1515 2888 posset
1539 2817 1688 2872 aliud
1717 2817 1988 2888 judicare,

399 2909 507 2964 nisi
535 2905 610 2981 (7)
641 2908 789 2979 quod
820 2907 1084 2978 probatur
1114 2907 1230 2978 ipse
1260 2923 1359 2977 per
1388 2909 1705 2963 sacerdotes
1737 2923 1868 2965 suos
1892 2926 1990 2964 cu-

477 3066 520 3097 te
541 3066 685 3120 Luc,
712 3080 800 3129 χν,
827 3065 878 3119 6,
965 3064 1008 3096 "
1034 3064 1175 3119 Psal.
1203 3079 1323 3129 cxx,
1352 3066 1403 3119 4.
1503 3066 1544 3095 ’⁸
1568 3065 1725 3121 Joan.
1759 3083 1847 3133 xv,
1875 3068 1926 3123 6.

477 3209 554 3276 (l)
581 3206 737 3277 Apud
766 3207 989 3272 Baron.,
1018 3210 1256 3262 convenit
1283 3208 1497 3261 intueri.

478 3278 553 3349 (2)
604 3276 793 3349 Affinis
835 3286 919 3333 est
967 3278 1059 3334 hic
1102 3279 1257 3333 locus
1305 3279 1383 3333 illi
1431 3278 1614 3333 Siricii
1666 3279 1721 3332 in
1764 3279 1999 3334 exordio

404 3347 574 3431 epist.
601 3350 636 3403 4-
679 3364 693 3400 :
739 3347 959 3431 Gumnin
993 3365 1175 3431 unum
1213 3349 1435 3431 plurimi
1464 3350 1883 3404 eonvenissemus
1919 3351 1999 3431 ,αα

404 3417 574 3475 sancti
605 3417 1003 3502 apostoli‘Petri
1032 3417 1307 3502 reliquias,
1336 3436 1430 3502 per
1460 3435 1630 3502 quem_
1647 3429 1697 3472 et
1726 3419 1995 3491 apostola-

406 3502 487 3545 tus
516 3501 563 3543 et
589 3491 916 3561 episcopatus
942 3491 997 3543 in
1026 3489 1232 3545 Christo
1260 3489 1412 3560 erepit
1448 3489 1745 3561 exordium.

480 3562 555 3630 (5)
592 3560 712 3615 Non
751 3560 800 3614 is
831 3574 943 3630 quo
969 3561 1027 3614 in
1058 3560 1225 3619 terris
1252 3570 1428 3623 ortus,
1459 3560 1554 3614 sed
1590 3574 1701 3629 quo
1741 3561 1999 3617 Ecclesiae

408 3634 668 3689 Ruinanar
693 3630 982 3686 ordinatus
1000 3637 1086 3685 est
1103 3631 1413 3700 episcOpus.
1447 3630 1604 3684 llune
1624 3630 1767 3686 diem
1794 3632 1999 3700 pariter

408 3703 478 3757 ab
505 3700 795 3757 Anastasio
816 3701 841 3756 ι
862 3699 1101 3755 natalem
1128 3699 1560 3755 suum’vocatum
1582 3716 1723 3764 esse,
1751 3699 1816 3756 ad
1845 3719 2001 3757 eum-

406 3788 539 3843 que,
575 3771 747 3826 veluti
772 3787 925 3827 more
946 3771 1058 3843 jam
1090 3777 1334 3843 recepto,
1361 3771 1564 3843 multos
1592 3773 1880 3841 episcopos
1913 3774 1997 3826 in-

407 3839 572 3897 vitari
600 3839 978 3905 eonsuevisse,
1000 3839 1157 3910 Xysti
1182 3856 1466 3895 successor
1488 3841 1599 3896 Leo
1625 3839 1809 3912 plures
1831 3843 1885 3898 in
1909 3860 2027 3898 ρει--

409 3914 546 3969 dein
570 3912 891 3968 celebritate
921 3927 1209 3983 sermones
1233 3912 1445 3968 habuit.
1477 3913 1546 3983 Et
1578 3913 1632 3967 in
1663 3916 1842 3983 primo
1872 3916 2000 3983 qui-

410 3985 560 4048 dem,
593 3998 714 4053 cap.
741 3983 795 4048 3,
830 3982 1101 4052 plurimos
1121 3982 1409 4053 episcopos
1430 3982 1497 4037 ad
1528 3982 1678 4038 illam
1707 3982 2000 4039 convenire

412 4055 607 4110 solitos
636 4051 793 4108 notat
823 4051 911 4108 his
942 4052 1129 4125 verbis
1154 4072 1166 4106 :
1190 4051 1423 4125 Cumque
1452 4055 1589 4108 hanc
1620 4053 2000 4109 venerabilia»:

412 4125 857 4207 consocerdotum.
897 4123 1378 4207 splendidissinwm
1425 4126 1776 4207 frequentiam
1823 4126 1998 4188 video,

413 4194 712 4265 angelicum
739 4195 882 4249 nobis
910 4197 963 4248 in
989 4203 1063 4265 tot
1089 4197 1282 4249 sanctis
1311 4194 1479 4250 sentio
1507 4194 1756 4249 interesse
1780 4211 2003 4248 conven-

414 4264 547 4320 tum.
581 4264 791 4320 Exinde
838 4264 1220 4320 celebritatem
1267 4266 1438 4329 illam,
1486 4265 1653 4336 Xysti
1687 4267 1881 4327 instar,
1933 4265 2001 4319 ad

384 4337 560 4396 .beati
592 4335 737 4391 Petri
774 4336 1003 4405 gloriam
1032 4335 1298 4401 referens,
1338 4335 1576 4406 adjecit:
1604 4335 1712 4406 Nec
1749 4336 1914 4401 abest,
1946 4343 2002 4389 ut

413 4406 640 4476 conﬁdo,
676 4407 743 4477 ab
773 4407 867 4460 hoc
899 4416 1031 4460 coetu
1066 4406 1352 4461 beatissimi
1378 4405 1603 4477 apostoli
1626 4405 1772 4460 Petri
1800 4406 1887 4477 pia
1917 4406 2001 4477 di-

414 4475 593 4534 anatio
623 4486 673 4531 et
712 4476 822 4545 ﬁda
859 4478 1092 4543 devotio,
1129 4494 1222 4532 nec
1261 4475 1492 4531 vestram
1541 4475 1864 4531 deuotionem
1912 4475 2003 4531 ille

416 4548 624 4613 deserit,
674 4548 822 4618 cujus
848 4563 959 4618 (nos
1005 4549 1298 4603 reverentia
1342 4548 1697 4618 congregavit.
1735 4546 2005 4614 Quocirca

415 4617 787 4674 sermonem?)
812 4617 893 4674 sic
920 4619 1130 4675 claudit
1155 4636 1167 4672 :
1190 4618 1281 4673 Illi
1308 4634 1431 4688 ergo
1454 4619 1592 4670 hunc
1619 4618 1881 4672 servitutis
1909 4635 2004 4671 no-

414 4698 542 4744 stra:
580 4704 891 4745 nummum
941 4706 1098 4754 nisu,
1136 4689 1220 4744 illi
1265 4688 1589 4744 ascribamus
1642 4688 1736 4743 hoc
1784 4689 2008 4757 festum,

417 4761 569 4831 cujus
606 4761 898 4832 patrocinio
927 4760 1064 4816 sedis
1107 4761 1272 4832 ipsius
1313 4758 2010 4832 meruimus__esse_consor-

420 4826 515 4885 tes.
535 4826 737 4902 Eadem
762 4847 981 4902 quoque
1007 4826 1222 4887 ratione
1241 4829 1309 4884 dc
1333 4828 1438 4882 hoc
1456 4827 1596 4882 festo
1612 4826 1855 4882 Hilarius
1875 4842 2013 4897 papa

418 4902 582 4972 epist.
623 4900 656 4956 8
688 4900 950 4972 lquitur.

494 4971 570 5043 (4)
599 4970 1015 5043 Apud'Baronq
1051 4972 1140 5042 qui
1172 4970 1389 5043 videret.

495 5038 570 5113 (5)
596 5038 733 5115 (lum
760 5043 963 5115 Xystus
995 5038 1309 5115 Nestorium
1337 5055 1487 5115 nunc
1511 5038 1799 5109 nefandum
1829 5046 2013 5115 caput,

423 5108 1089 5175 inox'exsulem'vestrum,
1109 5109 1346 5166 subinde
1372 5108 1697 5164 inventorem
1727 5108 2014 5171 malorum,

422 5195 615 5254 postea
647 5186 969 5241 desertorem
1004 5191 1302 5254 castrorum
1337 5188 1516 5254 vocet,
1551 5179 1767 5247 aliaque
1806 5179 2018 5233 ratione

425 5249 587 5338 supra
632 5256 906 5338 indigitet,
950 5251 1163 5338 nomini
1198 5250 1360 5338 illius
1400 5249 1621 5338 videtur
1659 5264 1887 5319 parcere
1922 5264 2017 5304 v0-

427 5321 790 5401 luissc,_quod
816 5321 1082 5401 ne'scmel
1117 5321 1631 5401 qnidemﬁpl’euat;
1876 5390 1932 5401 ,η

498 5397 573 5467 (6)
621 5390 883 5454 Rusticus
927 5390 1194 5467 diaconus
1240 5392 1404 5467 paulo
1435 5398 1560 5467 post
1607 5390 1829 5467 initium
1871 5390 2008 5467 Dial.

427 5460 617 5544 contra
648 5468 852 5539 Aceph.
901 5460 1310 5544 proprionstylo
1333 5462 1445 5543 ista
1479 5460 1775 5544 sichreddit
1810 5479 1819 5513 :
1868 5461 2010 5544 Quo—

428 5540 575 5593 niam
604 5528 880 5608 nunquam
903 5528 1110 5608 similia
1135 5528 1376 5587 Nestorio
1412 5533 1610 5608 sapuit,
1642 5532 1787 5608 scd‘a
1817 5532 2015 5600 princi—

428 5610 513 5678 pio
537 5610 699 5680 fuerit
728 5602 1048 5680 orthodoxus
1076 5602 1309 5680 Joannes
1333 5604 1693 5680 sanctissimus
1723 5602 1890 5680 frater
1920 5620 2016 5655 no—

428 5673 554 5743 ster,
593 5680 709 5733 licet
745 5676 872 5729 olim
912 5673 1232 5727 sententiam
1263 5690 1416 5726 suam
1449 5674 1800 5744 suspenderit,
1832 5685 1887 5726 ut
1921 5690 2017 5744 no-

428 5750 628 5803 biscum
661 5745 965 5803 Nestorium
1000 5744 1215 5797 minime
1244 5742 1637 5797 condemnaret.
1664 5742 1799 5797 Cum
1826 5743 2019 5797 ortho-

430 5820 604 5874 doxus
624 5819 694 5872 ab
712 5815 872 5870 initio
892 5814 1059 5868 fuerit
1078 5812 1337 5873 Joannes.
1362 5824 1524 5883 atque
1549 5814 1768 5884 egregia
1790 5814 2020 5883 epistola

428 5885 771 5953 ﬁestorrum,
795 5896 1089 5958 antequam
1119 5883 1496 5949 damnaretur,
1524 5883 1754 5956 arguere
1781 5899 1890 5939 non
1917 5884 2023 5939 due

2090 1991 2310 2057 fratres,
2332 1992 2477 2069 ~certi
2523 2008 2620 2048 eos
2650 2008 2762 2046 non
2805 1993 3012 2063 spinas,
3046 1992 3141 2048 sed
3184 2008 3318 2047 uvas
3347 2007 3469 2048 esse
3503 1990 3688 2045 factu-

2089 2100 2183 2139 ros
2207 2083 2341 2157 (ii).
2368 2085 2428 2139 In
2450 2085 2692 2140 evidenti
2716 2092 2800 2139 est
2820 2094 3134 2139 nostrorum
3159 2084 3434 2140 vindemia
3457 2084 3692 2155 gaudio.

2091 2190 2234 2242 nam,
2262 2191 2385 2247 quas
2413 2183 2658 2230 sanctam
2693 2175 2963 2248 synodum
3008 2176 3258 2247 largitate
3301 2175 3692 2246 gratulationis

2091 2264 2359 2335 implevit.
2391 2267 2619 2322 Vineam
2644 2281 2800 2322 suam
2828 2274 3015 2321 custos
3043 2265 3137 2322 ille
3160 2265 3393 2331 curavit,
3421 2280 3586 2336 quem
3615 2264 3689 2318 ad

2090 2358 2505 2414 custodiendam
2531 2358 2757 2414 domum
2790 2358 2958 2414 Israel
2986 2373 3088 2438 nec
3121 2358 3420 2414 dormitare
3454 2372 3557 2413 nec
3583 2356 3689 2412 ob»

2091 2449 2337 2506 dormire
2361 2450 2534 2506 David
2560 2452 2831 2523 propheta
2868 2460 3103 2508 testatur
3130 2451 3195 2504 ”.
3226 2448 3587 2506 lnfecundum
3617 2448 3689 2501 il~

2090 2540 2185 2597 lud
2215 2541 2438 2599 Christo
2472 2552 2681 2610 nostro,
2725 2560 2830 2599 nec
2871 2544 3110 2599 alferens
3151 2543 3414 2607 fructum,
3443 2540 3695 2611 suscepit

2092 2632 2308 2687 flamma
2348 2645 2686 2691 sarmentum
2719 2635 2782 2690 ίδ.
2812 2636 2919 2691 Sed
2962 2644 3024 2689 ut
3055 2636 3161 2689 hoc
3202 2633 3457 2689 videmus
3480 2647 3692 2687 convc-

2094 2725 2216 2780 nire
2244 2726 2524 2792 damnato,
2554 2727 2627 2782 ita
2652 2728 2720 2782 de
2752 2728 2990 2784 reversis
3027 2728 3095 2782 ad
3136 2743 3238 2782 nos
3264 2726 3528 2781 fratribus
3551 2739 3695 2779 con-

2095 2820 2249 2874 venit
2289 2819 2495 2887 dicere,
2542 2824 2671 2893 quia
2719 2839 2830 2878 non
2869 2825 3050 2894 potuit
3082 2839 3112 2876 a
3154 2822 3374 2879 diabolo
3418 2820 3696 2875 eradicari

2096 2914 2365 2984 plantatio
2395 2930 2559 2985 quam
2590 2916 2933 2987 plantaverat
2960 2916 3120 2969 Pater
3143 2917 3207 2968 η.
3245 2914 3400 2969 Illum
3425 2928 3559 2980 ergo
3582 2910 3696 2966 sibi

2026 3067 2070 3101 "
2099 3068 2291 3123 Matth.
2330 3089 2418 3137 xv,
2458 3071 2543 3125 15.

2021 3216 2064 3273 C
2098 3214 2376 3277 bitaverit,
2405 3229 2506 3268 cur
2537 3209 2888 3282 postmodum
2914 3209 3125 3282 abhoc-
3145 3207 3405 3282 haeretica
3432 3205 3700 3282 condent-

2099 3285 2283 3339 nando
2466 3276 2767 3356 sustinuit?
2799 3281 2916 3356 Hoc
2947 3279 3213 3356 nimirum
3249 3278 3305 3356 in
3349 3292 3513 3331 causa
3539 3276 3657 3356 fuit
3680 3318 3697 3341 ,

2099 3356 2247 3424 quod
2281 3353 2573 3410 Nestorius
2614 3360 2840 3420 accepta
2863 3351 3062 3424 _ip_sius
3104 3348 3335 3424 epistola
3384 3347 3697 3424 rescripsit,

2101 3418 2226 3481 ideo
2251 3432 2461 3483 tantum
2494 3441 2524 3478 a
2549 3439 2607 3479 se
2634 3418 2834 3476 nomen
2862 3418 3109 3490 Deiparaa
3140 3418 3322 3483 vitari,
3352 3434 3423 3473 ne
3448 3418 3574 3490 inde
3600 3434 3706 3472 nos

2098 3512 2346 3567 sequaces
2368 3494 2598 3567 heretici
2620 3490 2939 3567 Apollinarii
2961 3488 3615 3567 :rcprehenderent._l_lnde
3640 3497 3703 3567 et

2098 3558 2340 3621 Joannes
2380 3564 2449 3619 ad
2496 3558 2743 3619 Firmum
2791 3558 3048 3633 Synodici
3084 3575 3225 3633 cap.
3252 3558 3394 3633 {de
3424 3558 3703 3633 _Nestorio

2101 3636 2295 3692 scribit
2325 3655 2337 3690 :
2366 3635 2509 3701 Quia
2530 3650 2652 3689 vero
2674 3643 2723 3688 et
2758 3629 2882 3688 ante
2913 3629 3262 3703 sapuerit(de
3292 3630 3390 3686 Dei
3412 3629 3703 3703 Genitrice

2101 3707 2243 3762 sicut
2271 3699 2413 3775 nos),
2448 3704 2569 3759 inde
2598 3704 2923 3759 convincitur
2951 3699 3163 3775 qiuiauet
3184 3699 3294 3775 cito
3325 3701 3555 3775 constitit
3595 3699 3701 3752 ad-

2103 3770 2431 3852 monentibus
2470 3775 2636 3852 nobis,
2670 3776 2802 3852 sicut
2837 3791 2868 3827 a
2905 3770 3132 3852 propriis
3174 3770 3258 3840 ﬁt,
3295 3779 3343 3824 et
3377 3772 3702 3852 ipsumma-

2103 3864 2222 3901 men
2248 3849 2466 3918 accepit,
2493 3854 2540 3918 et
2576 3845 2631 3898 in
2654 3840 3207 3918 duobusgsermonibus
3240 3840 3429 3918 sanam
3457 3840 3582 3918 ﬁdei
3610 3856 3706 3894 ea:-

2102 3912 2414 3987 positionein
2446 3925 2495 3969 et
2522 3914 3033 3987 irreprehensibilem
3063 3913 3210 3987 nobis
3244 3913 3458 3966 direxit.
3492 3912 3705 3966 Verum

2103 3984 2398 4043 luereticus
2422 3987 2511 4041 ille
2531 3984 2745 4040 etiamsi
2769 3985 3100 4054 quandoque
3121 3984 3705 4054 linguam,nunquam

2105 4066 2288 4112 tamen
2331 4057 2595 4122 animum,
2632 4052 2880 4110 virorum
2933 4052 3267 4125 prudentum
3307 4052 3521 4123 judicio
3570 4067 3706 4104 mn-

2106 4130 2258 4182 tavit.

2177 4197 2253 4270 (7)
2284 4197 2340 4252 Id
2359 4206 2466 4270 est,
2492 4198 2593 4251 nisi
2623 4197 2699 4257 id.
2724 4195 2870 4265 quod
2893 4195 3172 4270 Christus,
3191 4192 3350 4270 cujus
3381 4209 3554 4270 causa
3574 4208 3706 4270 age-

2104 4262 2281 4333 batur,
2309 4268 2562 4339 probatur
2596 4284 2690 4337 per
2715 4262 3013 4339 sacerdotes
3038 4282 3159 4320 suos
3191 4262 3481 4335 in'synodo
3513 4262 3703 4332 Ephe-

2105 4340 2224 4394 sina
2259 4338 2617 4408 cengrcgatos
2649 4338 2877 4391 sentire.

2176 4410 2252 4481 (8)
2282 4401 2535 4481 Labbeiis
2560 4409 2766 4481 malle},
2794 4424 2892 4460 sua
2923 4401 3549 4481 deberetllletinendum
3569 4419 3707 4481 sua-

2105 4475 2249 4535 deret
2266 4481 2370 4535 hoc
2386 4480 2690 4543 intellectu,
2704 4478 2972 4534 Joannem
2991 4476 3046 4530 id
3063 4476 3133 4530 de
3144 4475 3401 4530 Nestorio
3416 4475 3706 4533 statuisse,

2150 4550 2257 4607 uod
2301 4550 2530 4621 perﬁdia
2569 4550 2691 4621 ejus
2730 4555 2861 4603 nota
2896 4546 3155 4602 suaderet
3181 4544 3250 4601 de
3275 4543 3369 4600 illo
3405 4560 3438 4600 a
3465 4544 3706 4600 ducibus

2036 4563 2082 4619 ι)
2150 4563 2257 4607 uod
2301 4563 2523 4620 peruaia

2110 4568 2239 4677 ﬁdei
2264 4619 2523 4691 judicari.

2184 4687 2280 4762 (9f
2316 4691 2443 4762 Non
2480 4689 2738 4762 displicet
2765 4687 2972 4762 Labbei
3013 4688 3354 4762 conjectura,
3389 4702 3501 4757 qua
3529 4693 3707 4740 recto-

2110 4756 2399 4814 rum'fortc
2434 4756 2725 4828 legendum
2752 4773 2873 4813 esse
2907 4756 3185 4814 admonet.
3211 4756 3537 4828 Quanquam
3576 4772 3708 4810 cum

2112 4830 2291 4900 plebis
2322 4827 2619 4900 multitudo
2661 4838 2951 4900 censeatur
2984 4829 3041 4883 in
3084 4827 3417 4893 rectoribus,
3471 4827 3710 4882 rectoris

2113 4898 2381 4970 cujusque
2415 4898 2641 4963 sanitas,
2669 4898 2875 4954 sanitas
2899 4910 2984 4954 cst
3007 4899 3328 4970 multorum.

2188 4968 2305 5042 (10)
2338 4969 2493 5042 lianc
2513 4969 2841 5024 sententiam
2863 4968 3125 5042 Rusticus
3152 4969 3274 5024 loco
3302 4969 3474 5042 citato
3507 4969 3589 5023 sic
3616 4983 3710 5042 re-

2118 5039 2364 5105 tinet,'ut
2382 5041 2549 5095 verba
2576 5056 2802 5110 prorsus
2830 5047 3005 5094 mutet
3027 5039 3083 5094 in
3110 5041 3259 5110 hunc
3279 5040 3549 5110 modum:
3580 5040 3714 5108 quia

2116 5113 2242 5166 bene
2266 5113 2501 5183 fecimus,
2528 5109 2619 5181 qui
2642 5109 2774 5165 nihil
2792 5119 2977 5163 contra
3003 5128 3124 5165 cum
3151 5109 3484 5183 deﬁnivimus
3512 5109 3711 5183 imma-

2117 5179 2333 5249 turum;
2371 5179 2574 5236 clarent
2622 5184 2762 5236 enim
2812 5189 3119 5235 nostrorum
3162 5180 3436 5234 vindemia:
3484 5179 3710 5251 gaudio-

2117 5272 2258 5310 rum.

2190 5324 2301 5396 (ll)
2336 5322 2495 5399 Apud
2525 5322 2749 5399 Baron.,
2768 5320 3029 5377 'lecturos.
3050 5320 3201 5399 ‘Lab.
3229 5321 3298 5377 ad
3336 5336 3534 5399 m_arg._,
3565 5318 3712 5399 latu-

2122 5391 2241 5459 ros;
2276 5391 2483 5450 rectius
2513 5402 2695 5448 tamen
2736 5393 2793 5445 in
2829 5399 3001 5456 textu,
3038 5391 3289 5461 facturos.
3336 5391 3544 5446 Alludit
3583 5391 3711 5461 qui-

2122 5468 2248 5522 dem
2280 5465 2484 5536 Xystus
2511 5464 2579 5518 ad
2618 5463 2751 5536 illud
2784 5462 2972 5536 Matth.
3002 5459 3192 5536 vit,”
3221 5482 3232 5516 :
3262 5462 3533 5536 Numquid
3557 5459 3712 5513 colli—

2116 5547 2246 5609 gunt
2267 5532 2513 5606 de'spinis
2539 5534 2706 5609 uvas
2727 5532 2820 5587 sed
2845 5532 2974 5609 hinc
3000 5534 3199 5609 probat
3224 5534 3412 5603 spinas
3434 5549 3544 5585 non
3565 5546 3711 5590 esse.

2158 5609 2247 5662 uia
2281 5603 2464 5661 certus
2507 5613 2627 5660 erat
2667 5604 2784 5660 fore
2816 5612 2875 5658 ut
2908 5603 3102 5658 facturi
3145 5615 3334 5659 essent
3378 5620 3545 5667 uvas;
3583 5616 3709 5655 cum

2158 5625 2247 5662 uta
2281 5625 2464 5661 certus
2507 5625 2627 5660 erat
2667 5625 2784 5660 lore
2817 5625 2875 5658 ut
2908 5625 3102 5658 laetum
3145 5625 3334 5659 essent
3380 5625 3545 5667 uvas;
3583 5625 3709 5655 cum

2118 5625 2374 5734 ghristus
2396 5675 2542 5730 dicat
2569 5694 2579 5727 :
2608 5674 2725 5728 Non
2755 5683 2919 5744 potest
2955 5674 3112 5727 arbor
3149 5673 3291 5727 mala
3321 5675 3522 5744 {nectus
3552 5671 3712 5726 bono:

2122 5751 2312 5819 facere.
2343 5747 2463 5812 Quo
2497 5746 2551 5798 in
2577 5745 2699 5799 loco
2727 5760 2868 5799 vers.
2901 5745 2985 5807 Π,
3022 5745 3089 5800 18
3112 5750 3169 5800 et
3200 5744 3282 5813 l9,
3320 5744 3472 5798 verbi
3514 5744 3712 5815 facere,

2124 5836 2232 5874 non
2267 5819 2424 5890 ferre,
2455 5824 2713 5871 constans
2736 5825 2998 5870 usus‘est.
