4048 6466
258 273 358 330 239
1688 270 2026 327 EPISTOLA
2067 272 2172 328 LV.
3441 280 3550 338 9.90

254 383 379 440 στοῦ
415 380 627 452 γνῶσις
650 421 666 447 ,
698 382 808 454 οὐχ
834 381 1010 450 οὕτως
1041 383 1175 456 ἔχει.
1221 385 1357 438 "Eva
1404 384 1513 457 γὰρ
1544 385 1704 456 ἴσμεν
1739 387 1852 441 Tibi

1969 390 2088 444 aliae
2121 404 2255 446 vero
2293 390 2457 446 Verbi
2499 391 2617 447 Dei.
2650 394 2719 446 At
2754 391 3063 448 orthodoxa
3085 391 3154 447 de
3176 391 3400 450 Christo
3421 410 3553 453 sen-

248 476 344 531 καὶ
380 474 631 544 Χριστὸν
664 474 771 528 καὶ
802 473 1032 546 Κύριον,
1063 476 1153 528 τὸν
1181 475 1342 528 αὐτὸν
1373 475 1507 529 Θεὸν
1534 477 1628 530 καὶ
1653 477 1846 547 ἀνορω·

1970 480 2143 534 tcutia
2190 495 2301 534 non
2339 481 2416 535 ita
2453 481 2639 536 habet.
2685 483 2866 538 Unum
2902 482 3050 537 enim
3089 485 3438 552 agnoscimus
3460 486 3552 540 Fi-

251 584 344 622 πον
362 580 378 593 ⁸
406 565 506 617 καὶ
535 563 721 617 αὑτοῦ
761 582 949 636 φαμεν
978 561 1117 623 εἶναι
1163 566 1256 619 καὶ
1283 565 1384 637 τὴν
1418 565 1671 640 θεότητα,
1699 567 1849 621 αὐτοί

1969 569 2103 622 lium
2138 577 2194 624 et
2233 569 2514 626 Christum
2555 579 2611 626 et
2644 571 2959 636 Dominum,
2994 571 3088 641 qui
3121 572 3384 628 idemmet
3408 575 3555 631 Deus

246 659 296 716 δὲ
328 657 533 726 ὁμοίως
565 655 674 710 καὶ
696 656 807 728 τὴν
830 657 1249 729 ἀνθρωπότητα.
1271 657 1441 711 Λαλεῖ
1465 659 1576 730 γὰρ
1602 659 1737 713 ποτέ
1768 661 1844 730 μέε

1968 663 2041 717 sit
2076 674 2133 718 et
2154 663 2322 718 homo
2351 681 2364 717 :
2398 663 2558 733 cujus
2588 663 2755 718 etiam
2775 678 2896 718 esse
2918 663 3154 718 dicimus
3180 662 3553 732 divinitatem,

248 750 313 816 ὥς
341 750 476 813 Θεὸς
514 747 908 820 θεοπρεπῶς,
942 749 1073 803 ποτέ
1106 750 1163 804 δέ
1195 752 1223 804 6
1262 750 1424 815 αὐτὸς
1459 749 1534 816 ὡς
1577 751 1846 823 ἄνθρωποί

1968 755 2226 810 similiter
2251 771 2384 810 vero
2422 765 2479 810 et
2517 755 2936 809 humanitatem.
2974 754 3245 824 Loquitur
3268 756 3416 810 enim
3446 758 3551 812 ali-

251 840 781 912 ἀνϐρωποπρεπῶς.
801 840 1293 913 Ὀμολογησάντων
1318 843 1496 898 τοίνυν
1528 844 1704 897 ταῦτα
1725 843 1849 897 ἐκεῖ

1968 847 2189 917 quando
2229 846 2452 917 quidem
2483 853 2541 900 ut
2576 845 2722 900 Deus
2747 844 3023 914 quomodo
3052 844 3225 899 Deum
3251 845 3431 911 decet,
3454 849 3553 903 ali-

250 954 366 997 νων,
403 931 527 996 πῶς
572 931 643 985 οὐ
696 934 972 1005 περιττὸν
1006 933 1073 1005 ἦν
1097 933 1178 988 ἐτι
1223 935 1573 1004 φιλονεικεῖν,
1629 937 1756 1000 τοὺς
1790 936 1848 1007 μει

1968 937 2190 1007 quando
2227 952 2360 992 vero
2409 936 2553 991 idem
2587 937 2702 1006 ipse
2729 942 2790 990 ut
2819 935 3006 1000 homo,
3042 935 3318 1004 quomodo
3340 937 3552 993 homini

248 1027 487 1088 θέλοντας
524 1024 841 1096 κρατῆσαι
876 1024 1084 1096 σχίσμα
1112 1026 1206 1079 καὶ
1227 1027 1307 1090 είς
1336 1027 1552 1098 αἵρεσιν
1577 1026 1843 1080 ἀποκλῖνα

1967 1030 2242 1100 congruit.
2279 1027 2416 1085 Cum
2443 1029 2609 1099 igitur
2633 1027 2708 1081 illi
2731 1027 2850 1082 haec
2871 1026 3105 1081 confessi
3132 1025 3385 1093 fuissent,
3411 1044 3552 1096 quo-

249 1118 337 1180 τὰς
360 1116 501 1170 κατὰ
535 1115 646 1186 τὴν
692 1115 983 1189 ἀνατολὴν
1029 1116 1395 1189 Ἐκκλησίας;
1429 1119 1645 1174 Γένοιτο
1682 1119 1740 1172 δὲ
1771 1120 1847 1175 κα

1967 1120 2134 1175 modo
2169 1135 2276 1174 non
2329 1128 2451 1174 erat
2481 1116 2822 1188 superﬂuum
2862 1125 2923 1171 ut
2954 1115 3338 1186 vitilitigarent
3372 1117 3556 1172 adhuc

249 1210 362 1272 τοὺς
391 1208 593 1270 ἄλλους
626 1207 912 1273 ἅπαντας
949 1207 1094 1263 οὕτω
1123 1208 1456 1284 διατεθῆναι.

1969 1213 2007 1267 ii
2033 1212 2127 1282 qui
2152 1211 2412 1266 nolebant
2437 1221 2496 1264 ut
2517 1209 2838 1279 prtevaleret
2864 1208 3121 1273 schisma,
3150 1217 3207 1263 et
3231 1209 3288 1262 in
3319 1209 3554 1263 hatresin

1133 1316 1138 1317 ’
1969 1304 2388 1375 propendercnt
2439 1302 2738 1356 orientales
2781 1301 3082 1355 Ecclesize?
3118 1300 3339 1356 Utinam
3372 1308 3429 1355 et
3458 1300 3555 1354 alii

1968 1410 2161 1450 omnes
2191 1393 2385 1448 eodem
2418 1393 2583 1447 modo
2607 1391 2787 1446 affecti
2818 1392 2928 1446 sint
2953 1392 2966 1445 l

320 1473 588 1536 Ἐλλάδιος
615 1471 751 1543 γὰρ
789 1474 823 1526 6
851 1473 913 1526 ἐν
943 1475 1009 1546 τῇ
1042 1474 1245 1546 Ταρσὼ
1273 1475 1371 1531 καὶ
1417 1476 1598 1548 ἕτεροί
1640 1496 1786 1544 τινες
1818 1481 1867 1534 εἰ

2041 1483 2326 1540 Ilelladius
2371 1482 2521 1537 enim
2581 1480 2892 1540 Tarsensis,
2941 1487 2997 1534 ct
3032 1479 3123 1534 alii
3151 1478 3554 1544 nonnulli,etsi

262 1567 336 1622 καὶ
360 1567 430 1639 μὴ
454 1564 782 1638 φρονοῦσιν
815 1563 1019 1637 ὀρθῶς,
1049 1566 1200 1620 οὐδὲν
1222 1567 1383 1622 τοῦτο
1411 1568 1549 1640 πρὸς
1580 1571 1707 1634 τοὺς
1733 1571 1860 1642 ὀρθὰ

1969 1585 2119 1633 recte
2161 1591 2274 1630 non
2315 1575 2586 1638 sentiunt,
2623 1573 2764 1628 nihil
2812 1572 2918 1627 hoc
2952 1580 3142 1626 contra
3169 1588 3265 1626 eos
3286 1572 3381 1641 qui
3404 1580 3555 1626 recte

266 1663 452 1732 φρονεῖν
477 1658 824 1730 ὴρομένους
856 1656 908 1712 i.
934 1658 1284 1728 Οῖχέσθωσαν
1315 1659 1425 1730 γὰρ
1453 1662 1502 1714 εἰ
1541 1661 1822 1733 βούλονται
1850 1702 1864 1728 ,

1970 1666 2178 1721 sentire
2207 1665 2439 1720 malunt.
2466 1664 2761 1719 Facessant
2783 1662 2956 1726 enim,
3001 1662 3047 1717 si
3075 1662 3286 1726 volunt,
3327 1661 3438 1715 duo
3467 1659 3553 1717 vel

261 1752 338 1806 δύο
358 1751 444 1805 καὶ
467 1752 643 1823 τρεῖς,
682 1748 817 1803 τῶν
869 1748 1196 1820 ἁπανταχοῦ
1239 1750 1584 1821 Ἐκκλησιῶν
1617 1752 1750 1823 μίαν
1773 1753 1859 1806 καὶ

1969 1767 2104 1824 tres,
2127 1759 2257 1813 dum
2281 1773 2475 1813 omnes
2495 1756 2701 1826 ubique
2723 1754 2982 1810 Ecclesiae
3007 1769 3171 1808 unam
3191 1753 3551 1823 eamdemque

264 1844 346 1912 τὴν
383 1843 544 1914 αὐτὴν
587 1841 870 1912 ἐχουσῶν
921 1839 1124 1896 πίστιν.
1179 1840 1273 1912 Μὴ
1318 1838 1583 1912 ἀγνοείτω
1626 1843 1684 1898 δὲ
1729 1847 1862 1916 μηδέ

1969 1849 2133 1905 ﬁdem
2177 1849 2442 1905 retinent.
2485 1847 2636 1904 Istud
2669 1861 2888 1918 quoque
2913 1861 3023 1900 non
3050 1845 3268 1916 ignoret
3287 1843 3555 1900 sanctitas

265 1935 455 2008 τοῦτοὴ
487 1935 554 2007 σὴ
600 1933 951 1988 θεοσέϐεια.
999 1932 1198 1988 Ἐλθὼν
1227 1934 1336 2007 γὰρ
1367 1937 1448 1999 είς
1474 1936 1576 2007 τὴν
1619 1936 1863 2003 Ἀλεξάν-

1968 1950 2081 1997 tua.
2114 1940 2252 1997 Cum
2283 1941 2431 1996 enim
2460 1939 2702 1996 venisset
2730 1937 3112 1994 Alexandriam
3145 1937 3256 2006 jam
3283 1950 3552 1990 memora-

272 2029 431 2098 δρειαν
453 2029 479 2081 ὁ
503 2023 946 2097 μνημονευθεὶς
982 2023 1284 2089 ἐπίσκοπος
1317 2025 1534 2090 Παῦλος
1562 2027 1663 2098 τῆς
1700 2030 1865 2099 Ἐμε-

1969 2037 2059 2085 tus
2107 2030 2401 2100 episcopus
2437 2029 2642 2084 Paulus
2683 2028 3008 2092 Emesenus,
3038 2025 3256 2081 dicebat
3290 2023 3554 2078 mentitos

289 2119 463 2188 σηνῶν,
488 2117 729 2188 ἐφασκεν
773 2116 873 2170 ὅτι
906 2114 1318 2185 κατεψεύσαντὸ
1340 2133 1489 2179 τινες
1516 2116 1620 2187 τῆς
1651 2119 1751 2188 σῆς
1772 2118 1864 2171 εὑ-

1968 2121 2139 2176 l‘uisse
2171 2121 2439 2192 quosdam
2477 2120 2545 2174 de
2568 2119 2881 2174 reverentia
2919 2127 3032 2184 tua,
3060 2117 3207 2188 quod
3237 2116 3549 2188 passibilcm

294 2206 489 2272 hﬁeh;
514 2248 528 2274 ,
573 2209 641 2272 ὼς
675 2205 966 2278 παθητὴν
1005 2205 1276 2276 λεγούσης
1315 2205 1413 2278 τὴν
1457 2207 1562 2278 τῆς
1611 2207 1868 2278 Θεότητος

1968 2212 2183 2268 diceres
2225 2211 2533 2268 divinitatis
2566 2219 2843 2276 naturam,
2885 2226 2950 2265 ac
2982 2211 3050 2265 de
3093 2209 3246 2265 cmlis
3289 2209 3550 2265 detulisse

304 2299 575 2368 φύσιν,καὶ
601 2301 679 2354 ὅτι
743 2299 818 2366 ἐξ
871 2296 1116 2370 οὐρανοῦ
1159 2297 1469 2370 κατήνεγκε
1517 2298 1618 2370 τὴν
1664 2298 1864 2353 ἑαυτοῦ

1968 2319 2191 2359 carnem
2235 2319 2390 2358 suam
2431 2301 2696 2366 Verbum,
2721 2309 3023 2370 posteaque
3050 2315 3272 2370 passum
3298 2298 3469 2355 fuisse
3492 2300 3550 2354 in

297 2393 443 2464 σάρκα
463 2394 488 2447 ὁ
508 2393 696 2462 Λόγος,
733 2390 851 2446 καὶ
869 2392 958 2445 ὅτι
995 2391 1114 2461 μετ’
1148 2389 1279 2444 αὐτὸ
1306 2389 1604 2461 ὑπέμεινεν
1631 2393 1712 2455 εἰς
1765 2391 1864 2462 τὴν

1967 2403 2166 2450 natura
2203 2393 2405 2448 carnis.
2448 2391 2748 2462 Oportebat
2769 2391 2937 2462 igitur
2956 2391 3373 2461 falsiloquorum
3400 2405 3552 2444 erro-

288 2485 369 2556 τῆς
389 2484 565 2556 σαρκὸς
596 2484 810 2555 φύσιν.
857 2481 1015 2535 Ἔδει
1036 2481 1218 2534 τοίνυν
1252 2480 1351 2545 τὰς
1373 2481 1482 2535 τῶν
1509 2482 1866 2554 ψευδηγόρων

1967 2504 2058 2544 res
2082 2486 2200 2541 ﬁeri
2222 2485 2542 2541 manifestos
2560 2483 3010 2554 simplicioribus,
3032 2492 3093 2537 ut
3112 2497 3183 2537 ne
3211 2481 3548 2538 scandaliza-

280 2577 460 2640 ἀπάτας
494 2575 769 2645 γενέσθαι
817 2571 1074 2643 φανερὰς
1122 2574 1235 2636 τοῖς
1265 2572 1696 2645 ἐπιεικεστέροις
1724 2613 1741 2641 ,
1777 2574 1866 2629 ἵνα

1969 2586 2184 2644 rentur,
2218 2578 2327 2632 illis
2354 2577 2542 2631 isthaec
2572 2575 2946 2646 crepantibus.
2979 2576 3278 2645 Propterea
3303 2573 3555 2630 scribens

271 2668 335 2739 μὴ
359 2667 510 2722 ταῦτα
546 2666 968 2740 θρυλλούντων
996 2664 1223 2720 ἐκείνων
1253 2665 1735 2730 σκανδαλίζωνται.
1767 2668 1868 2722 Διὰ

1968 2669 2036 2724 ad
2069 2666 2546 2739 religiosissimum
2570 2665 2999 2720 Antiochensem
3038 2665 3357 2736 episcopum
3388 2665 3551 2720 Joan-

263 2758 401 2812 τοῦτο
428 2760 663 2830 γράφων
695 2757 862 2830 πρὸς
884 2755 984 2810 τὸν
1030 2754 1454 2809 θεοσεϐέστατον
1500 2755 1603 2826 τῆς
1659 2757 1861 2810 Ἀντιο-

1967 2776 2116 2825 nem,
2157 2760 2325 2814 derisi
2364 2774 2558 2813 corum
2606 2752 2930 2814 calumnias.
2963 2757 3153 2828 Neque
3185 2757 3337 2812 enim
3369 2773 3437 2812 ex
3464 2757 3549 2813 in-

253 2849 380 2920 χέων
408 2851 725 2904 ἐπίσκοπον
768 2846 1069 2918 Ἰωάννην,
1103 2846 1345 2915 ἐγέλασα
1369 2845 1468 2910 τὰς
1495 2845 1720 2900 ἐκείνων
1745 2847 1851 2901 δια-

1969 2852 2275 2908 constantia
2315 2851 2512 2906 deveni
2546 2858 2609 2905 ut
2646 2850 2727 2906 sic
2749 2850 3011 2905 sentirem
3039 2867 3054 2902 :
3085 2865 3264 2920 neque
3301 2849 3357 2904 in
3382 2857 3552 2917 torno,

251 2941 414 3008 ϐολάς.
449 2942 592 2998 Οὔτε
613 2941 744 3014 γὰρ
776 2939 855 2993 ἐκ
887 2937 1198 3011 μεταϐολῆς
1224 2937 1364 3009 πρὸς
1389 2939 1450 2990 τὺ
1475 2936 1618 2992 οὕτω
1646 2940 1849 3008 φρονεῖς

1970 2953 2067 2998 aut
2105 2943 2361 3013 epistola,
2403 2951 2498 2996 aut
2534 2942 2677 2996 libro
2711 2941 2963 2996 invenior
2999 2941 3282 3011 quidpiam
3317 2942 3426 2996 tale
3453 2958 3553 2997 un-

249 3037 496 3107 ἁφῐγμιιιῗ,
527 3033 666 3089 οὔτε
698 3033 770 3088 δὲ
797 3032 866 3084 ἐν
894 3030 1051 3102 τόμῳ
1081 3029 1116 3101 ἢ
1148 3030 1432 3102 ἐπιστολῇ,
1461 3029 1584 3084 οὗτε
1610 3031 1668 3084 ἐν
1698 3031 1847 3102 βίϐλιί

1970 3049 2136 3104 quam
2173 3034 2397 3088 dixisse.
2428 3033 2641 3088 Nomen
2663 3048 2794 3087 vero
2825 3033 3302 3098 cocssentiationis,
3328 3047 3398 3087 ne
3420 3032 3553 3103 quid

245 3125 556 3198 εὑρίσκομαί
595 3142 657 3178 τι
712 3120 959 3176 τοιοῦτο
996 3120 1221 3173 πώποτε
1265 3119 1525 3192 εἰρηκώς.
1555 3120 1629 3174 Τὸ
1675 3120 1731 3192 δέ
1767 3119 1838 3190 τῆ

1973 3123 2194 3192 quidem
2215 3121 2441 3176 omnino
2464 3121 2537 3176 sit
2561 3120 2836 3174 novimus.
2863 3120 3190 3176 Verosimile
3233 3129 3319 3176 est
3339 3137 3434 3177 eos
3457 3121 3555 3192 qui

243 3214 719 3280 aurovaubaewc
759 3212 976 3281 ὄνομα,
1027 3208 1148 3263 οὒδέ
1191 3209 1220 3263 ὅ
1249 3208 1304 3266 τί
1333 3209 1466 3263 ποτέ
1511 3211 1660 3265 ἐστιν
1708 3209 1837 3281 ῐσμε

1971 3213 2049 3267 ibi
2074 3214 2193 3268 haec
2227 3212 2500 3276 scribunt,
2523 3211 2654 3265 dum
2684 3211 2940 3265 nituntur
2960 3227 3194 3281 purgare
3221 3227 3280 3266 se
3313 3213 3382 3267 ab
3415 3229 3554 3270 ausu

237 3308 377 3372 ὅλως.
406 3308 578 3372 Εἰκὸς
610 3307 678 3360 δὲ
712 3305 864 3367 τοὺς
899 3302 1130 3357 τοιαῦτα
1163 3302 1479 3374 γράφοντας
1507 3303 1644 3370 ἐκεῖ,
1669 3304 1835 3357 ac:vo

1971 3303 2287 3368 temerario,
2318 3317 2428 3372 quo
2449 3300 2715 3356 adversus
2753 3316 2855 3355 nos
2888 3302 2970 3355 usi
2998 3309 3128 3356 sunt
3159 3302 3384 3371 Ephesi,
3416 3303 3556 3358 cﬂ‘u—

235 3398 524 3467 γουμένους
561 3395 714 3467 περὶ
762 3392 879 3462 τῆς
926 3390 1270 3461 προπετείας
1307 3390 1410 3461 τῆς
1442 3392 1500 3444 ἐν
1546 3393 1614 3462 τῇ
1659 3391 1833 3460 Ἐφέσ‹

1971 3395 2076 3449 tire
2099 3393 2348 3466 quaedam
2375 3393 2525 3458 talia,
2553 3401 2615 3448 ut
2635 3408 2746 3446 non
2767 3391 3061 3447 videantur
3088 3393 3362 3448 incassum
3384 3393 3556 3450 fuisse

232 3490 346 3543 καθ’
398 3489 572 3561 ἡμῶν
615 3483 966 3556 γενομένης
992 3522 1008 3548 ,
1044 3483 1414 3554 εὑρεσιλογεῖν
1448 3481 1676 3537 τοιαῦτά
1707 3501 1830 3537 τινα

1967 3493 2268 3557 permotos.
2282 3485 2477 3556 Arguit
2498 3485 2644 3539 enim
2664 3484 2786 3538 illos
2809 3483 3172 3539 conscientia.
3203 3485 3557 3554 Respondeat

233 3581 313 3633 ἵνα
352 3581 429 3652 μὴ
455 3581 698 3634 δοκοῖεν
730 3573 1085 3643 κεκινῆσθαι
1122 3574 1321 3646 μάτην.
1361 3574 1482 3628 Ἐλέ
1495 3593 1608 3646 γχει
1635 3577 1745 3644 γὰρ
1771 3577 1831 3630 ac

1975 3577 2144 3646 igitur
2170 3576 2486 3632 reverentia
2525 3585 2617 3630 tua
2657 3575 2725 3630 iis
2769 3574 2866 3646 qui
2898 3575 3004 3629 alia
3038 3591 3140 3646 pro
3173 3575 3297 3631 aliis
3321 3576 3559 3646 loquun-

225 3673 341 3736 τοὺς
366 3673 430 3725 τὸ
449 3668 752 3734 συνειδός.
791 3665 1216 3735 Ἀπολογείσοω
1243 3665 1427 3720 τοίνυν
1454 3668 1488 3738 ἡ
1518 3667 1585 3738 σὴ
1618 3666 1823 3722 εὐλάὸει

1976 3676 2065 3720 tur
2095 3685 2108 3720 :
2133 3667 2318 3722 omnia
2343 3668 2490 3722 enim
2514 3666 2633 3722 sine
2659 3666 2982 3722 discrimine
3001 3673 3229 3736 tutoque
3248 3666 3390 3722 facta
3403 3675 3553 3722 sunt.

224 3765 328 3826 τοῖς
369 3763 548 3834 ἕτερα
583 3760 723 3817 ἀνθ’
778 3757 1002 3829 ετέρων
1036 3759 1218 3812 ἐκεῖσε
1266 3757 1518 3811 λαλοῦσι·
1554 3759 1735 3813 πάντα
1763 3759 1822 3828 γδ

1974 3759 2220 3814 Dilectus
2269 3774 2403 3813 vero
2452 3758 2648 3813 Casius
2693 3758 2983 3824 diaconus,
3028 3773 3174 3812 unus
3217 3773 3411 3813 eorum
3461 3759 3557 3828 qui

222 3856 439 3926 γέγονεν
465 3851 793 3925 ἀσφαλῶς.
839 3849 905 3904 '0
936 3848 995 3902 δέ
1025 3849 1310 3920 ἀγαπητὸς
1333 3851 1542 3915 Κάσιος
1570 3852 1599 3904 6
1628 3851 1820 3906 διάκονε

1977 3849 2326 3904 Antiochiam
2366 3850 2643 3915 abierunt,
2673 3858 2855 3920 potest
2876 3850 3042 3906 etiam
3066 3851 3253 3906 dicere
3283 3858 3418 3922 quot
3440 3850 3559 3908 dies

223 3941 296 4010 εἷς
325 3949 446 4000 ἐστι
478 3946 605 4000 τῶν
658 3939 1044 3998 ἀπελθόντων
1076 3941 1134 3992 ἐν
1176 3941 1480 4014 Ἀντιοχείᾳ
1499 3979 1514 4005 ,
1570 3943 1664 3995 καὶ
1695 3943 1821 3994 εἰπε

1977 3939 2055 3993 ibi
2100 3940 2296 4012 egerit,
2345 3957 2456 3996 non
2500 3941 2739 3996 reddens
2784 3943 2835 3997 ei
2873 3941 3278 3996 communionis
3324 3941 3557 4008 litteras,

218 4038 438 4095 δύναται
478 4038 634 4101 ὅσας
682 4033 932 4107 ἡμέρας
963 4033 1084 4086 ἐκεῖ
1108 4033 1430 4104 πεποίηκεν,
1459 4034 1560 4087 οὐκ
1585 4032 1816 4087 ἀποδιδοί

1849 4051 1869 4097 ς
1977 4031 2085 4087 nisi
2115 4033 2271 4103 prius
2294 4033 2362 4089 de
2393 4032 2478 4087 his
2501 4033 2759 4088 omnibus
2785 4032 3212 4104 chirographum
3237 4032 3447 4091 fecerit.

222 4131 365 4203 αὐτῷ
389 4131 469 4185 τὰ
501 4132 620 4200 τῆς
667 4124 991 4189 κοινωνίας
1019 4125 1328 4198 γράμματα
1351 4166 1366 4190 ,
1403 4128 1452 4180 εί
1489 4127 1564 4198 μὴ
1607 4127 1868 4199 πρότερον

221 4224 691 4298 ἐχειρογράφησε
740 4217 891 4290 περὶ
922 4217 1142 4272 πάντων
1177 4217 1404 4272 τούτων.

1495 4578 1831 4635 EPISTOLA
1870 4577 1958 4633 Lv
2001 4580 2092 4651 (οι.
2127 4576 2359 4651 xm").

285 4769 424 4824 Cum
459 4784 536 4823 ea:
571 4765 726 4829 ﬁdis
768 4761 962 4816 amicis
997 4761 1334 4832 comperia_aet
1372 4759 1613 4832 Cyriltus
1651 4758 2008 4832 Orientalium
2034 4755 2294 4832 quosdam
2426 4747 3278 4832 perperam:uensum‘tegendum
3333 4746 3564 4832 exuite:

219 4813 319 4908 qu;
893 4813 1012 4908 ipso
1032 4813 1739 4908 ειίἶικιδῂρηὺοῗοΝῖὲιεπο
1752 4813 1924 4896 abuti,
1970 4813 2698 4885 ad'earcludendaa'subdotaa
2736 4813 3225 4893 interpretationes.
3269 4833 3390 4871 vero
3432 4813 3569 4869 iuuit

222 4902 366 4978 atque
410 4905 728 4964 catholico
770 4917 933 4956 sensu
970 4902 1313 4972 interpretari
1333 4917 1611 4973 aggressus
1646 4907 1744 4955 est.
3415 4909 3420 4912 '

225 5088 541 5154 Κιφίλλου
607 5076 1129 5154 ἀρχιεξισκόθξογ
1161 5074 1622 5154 ξμεξανδρείας
1667 5075 1758 5144 εις
1804 5091 1823 5129 1

1978 5071 2168 5145 Cyrilli
2203 5069 2585 5144 archiepiscopi
2630 5069 2985 5154 Αίεαξοηάτὶκὲ
3028 5068 3085 5120 in
3121 5073 3367 5121 sanctum
3404 5057 3563 5130 Syro-

818 5145 993 5214 ἄγισν
1019 5145 1354 5216 Σύμϐολον.
1449 5140 1465 5144 ’
1596 5140 1609 5142 “
1731 5140 1744 5144 ⁷
2022 5140 2042 5145 ⁷
2385 5140 2394 5144 ⁷

1286 5162 1354 5200 ιν.
1449 5140 1465 5144 ’
1596 5140 1609 5142 “
1731 5140 1744 5144 ⁷
2022 5140 2042 5145 ⁷
2385 5140 2394 5144 ⁷
2530 5140 2537 5141 ί
2687 5140 2884 5194 bolum.

279 5271 410 5335 Τοῖς
474 5261 844 5338 ἀγαπητοῖς
893 5257 993 5313 καὶ
1052 5258 1457 5322 ποθεινοτάτοις
1515 5257 1873 5328 ’Λναστασίῳ,

2052 5253 2281 5309 Dilectis
2323 5262 2380 5308 et
2427 5249 2822 5333 amantissimis
2869 5241 3178 5307 Anastasio,
3231 5236 3565 5304 Alexandro,

219 5328 634 5433 11955591,),
702 5328 718 5335 ν
743 5349 1144 5423 Μαρτινιανῷ,
1205 5353 1454 5423 Ἰωάννῃ,
1542 5351 1817 5422 Παρηγορὲ

1981 5344 2331 5410 Martiniano,
2376 5328 2594 5407 Joanni,
2628 5339 2924 5410 Paregorio
2948 5333 3290 5406 presbytero,
3315 5338 3372 5385 et
3394 5328 3565 5384 Maxi—

215 5422 641 5524 πρεσὲυτέρξρ,
699 5443 810 5498 καὶ
838 5422 1082 5513 Μαξίμῳ
1118 5441 1372 5512 διακόνῳ,
1409 5422 1504 5495 καὶ
1548 5441 1756 5504 λοιποῖς
1781 5440 1811 5494 6

1982 5453 2074 5493 mo
2103 5437 2370 5502 diacono,
2399 5434 2722 5502 ueterisque
2769 5427 3090 5518 orthodoxa:
3136 5423 3264 5479 ﬁdei
3310 5422 3569 5478 l‘atribm

213 5514 460 5612 οοδόξοις
515 5514 818 5611 ᾖατράσι
876 5535 1152 5606 μοναχῶν,
1201 5536 1298 5589 καὶ
1349 5535 1464 5598 τοῖς
1498 5534 1596 5588 σὺν
1627 5533 1756 5605 ὑμῖν
1784 5549 1811 5586 τ

1983 5528 2402 5594 monachorum,
2423 5534 2479 5583 et
2509 5523 2795 5578 vobiscum
2827 5514 3186 5574 monasticam
3205 5514 3372 5570 vitam
3399 5526 3564 5582 agen—

290 5704 306 5756 i
356 5705 554 5762 Forte
591 5695 960 5772 ᾑρημένους,
995 5697 1080 5752 vel
1110 5697 1450 5770 ἡρωμένους.
1488 5697 1639 5752 Ευιτ.
