2024 3218
257 135 309 164 ⁸331

261 192 346 224 tibus,
362 199 393 218 ac
408 190 435 217 in
459 190 512 218 fide
526 191 574 218 Dei
590 191 724 223 solidatis,
738 192 866 228 Cyrillus.
894 194 920 220 in
936 193 1050 220 Domino
1070 198 1091 225 Α

262 238 391 264 salutem.

294 288 423 316 Studium
444 297 477 317 ac
505 289 676 325 diligentiam
694 295 792 318 vestra:
813 291 957 318 charitatis
982 299 1055 318 nunc

257 341 367 369 quoque
382 334 457 361 haud
474 335 653 362 mediocriter
670 335 864 362 commendare
887 343 1009 370 possum,
1027 339 1056 362 et

257 379 368 407 maximi
397 380 549 407 faciendam
566 388 627 408 esse
655 380 726 408 dico.
748 381 856 408 Etenim
881 380 988 407 divinas
1004 380 1054 407 do-

256 425 360 453 etrinas
372 425 542 458 desiderare,
560 430 588 453 et
605 434 746 454 sacrorum
763 426 921 461 dogmatum
938 426 1053 453 rectitu-

257 472 351 499 dinem
364 471 487 499 studiose
498 473 636 507 persequi,
648 472 711 507 quis
723 480 778 499 non
791 472 870 500 valde
884 472 1055 499 admiretur?

257 517 321 545 Haec
331 517 405 545 enim
416 525 461 545 res
476 518 562 545 vitam
583 518 643 545 sine
658 518 777 545 termino
790 526 822 545 ac
839 518 948 545 beatam
959 518 1053 546 conci-

257 563 316 594 liat,
329 571 420 598 neque
435 564 669 591 irremuneratum
686 564 740 590 erit
760 564 794 591 iis
806 564 834 591 in
850 564 933 591 rebus
945 564 1053 599 impen-

257 617 318 636 sum
340 609 472 637 studium.
493 609 565 636 Dicit
586 609 661 636 enim
676 609 710 636 ad
725 610 866 637 caelestem
892 610 1003 637 Patrem
1026 615 1054 637 et

256 654 343 682 Deum
360 655 493 682 Dominus
511 658 607 681 noster
630 654 709 682 Jesus
729 654 877 682 Christus:
895 665 904 681 ι
928 655 992 682 Haec
1011 659 1054 682 est

256 705 347 728 autem
364 701 421 728 vita
441 705 555 733 aeterna,
581 708 612 728 ut
627 705 794 735 cognoscant
804 706 832 728 te
851 701 940 728 solum
955 709 1053 729 verum

255 745 352 778 Deum,
371 750 399 773 et
414 754 496 780 quem
515 746 613 773 misisti
626 746 719 774 Jesum
734 746 876 774 Christum
888 746 921 773 ".
941 756 949 772 ι
968 746 1053 774 Recta

255 799 321 818 sane
339 796 368 818 ct
380 792 632 826 irreprehensibilis
651 792 729 824 fides,
744 800 826 827 quam
844 792 934 827 fulgor
948 800 982 819 ex
1001 792 1052 819 bo-

253 836 298 863 nis
314 837 445 871 operibus
462 837 619 869 comitatur,
641 836 716 864 omni
734 837 808 864 bono
830 844 880 864 nos
903 836 1009 872 implet,
1025 842 1053 865 et

254 865 414 916 praeclaram
430 887 525 909 nactos
542 865 656 917 gloriam
674 882 805 909 ostendit.
821 882 857 909 At
869 865 985 918 operum
996 883 1050 910 ful-
1068 865 1089 893 Β

255 935 315 962 gor,
327 927 349 955 si
370 935 469 962 expers
492 928 620 955 videatur
644 936 705 956 esse
727 932 866 956 rectorum
881 929 1050 965 dogmatum,

255 973 455 1007 inculpataeque
471 973 544 1005 ﬁdei,
564 974 692 1001 humana:
707 974 805 1001 animae
820 974 895 1002 nullo
912 975 1003 1007 modo,
1023 980 1053 1002 ut

254 1018 385 1051 arbitror,
406 1019 484 1046 utilis
498 1019 592 1046 fuerit.
610 1019 678 1046 Nam
692 1020 765 1047 sicut
785 1020 851 1048 fides
867 1021 970 1056 absque
984 1029 1051 1056 ope-

255 1064 335 1092 ribus
345 1070 452 1093 mortua
464 1070 505 1093 est
515 1066 550 1098 ¹³;
565 1065 602 1092 ita
612 1067 684 1100 quod
695 1074 711 1094 e
722 1067 862 1094 contrario
868 1067 1049 1100 convertitur,

253 1118 350 1138 verum
363 1116 414 1138 est.
432 1111 517 1146 Igitur
534 1112 615 1140 simul
638 1112 740 1147 fulgeat
756 1120 817 1140 cum
841 1112 964 1140 honestae
988 1113 1051 1140 vita:

253 1156 339 1191 gloria
359 1156 443 1183 etiam
466 1157 610 1192 integritas
622 1156 695 1184 fidei.
716 1157 755 1185 Ita
777 1158 851 1185 enim
870 1158 975 1185 erimus
989 1165 1051 1193 per-

253 1201 416 1237 fecti,ju.\'ta
428 1202 626 1237 sapientissimi
639 1203 740 1237 Moys‘is
754 1203 842 1238 legem
857 1212 863 1230 :
882 1213 891 1229 ι
910 1204 1052 1232 Perfectus

252 1247 339 1280 enim,
354 1247 454 1282 inquit,
473 1248 529 1275 eris
550 1256 644 1276 coram
664 1249 781 1276 Domino
792 1249 848 1276 Deo
867 1254 915 1276 tuo
925 1249 957 1276 ”.
975 1259 983 1274 ι
999 1249 1051 1283 Qui

251 1299 320 1320 vero
340 1301 375 1321 ex
387 1294 505 1321 stultitia
526 1298 756 1329 contempserunt
775 1300 878 1323 rectam
902 1296 1005 1324 habere
1019 1296 1051 1323 ti-

253 1338 327 1370 dem,
339 1339 465 1373 quamvis
476 1339 593 1367 honesta
610 1340 667 1368 vita
689 1347 717 1368 se
730 1345 841 1374 ornent,
857 1347 1052 1377 comparantur

252 1382 455 1418 quodammodo
472 1384 539 1411 viris
564 1385 683 1420 ingenua
712 1385 822 1420 quidem
847 1385 926 1413 faciei
944 1387 1029 1413 forma
1042 1407 1050 1419 ,

252 1428 341 1456 oculis
352 1436 419 1457 vero
429 1430 587 1457 errantibus
598 1438 630 1457 ac
641 1430 766 1458 distortis
778 1440 784 1458 ε
800 1431 879 1467 175
890 1437 972 1467 atque
983 1433 1051 1461 adeo

253 1474 386 1508 competit
401 1474 429 1501 in
441 1482 489 1502 eos
501 1474 574 1509 quod
592 1483 608 1502 a
621 1475 738 1503 Domino
751 1484 799 1511 per
811 1477 939 1505 Ieremia;
954 1486 1050 1505 vocem

253 1519 288 1546 ad
298 1519 451 1547 Jerusalem
462 1520 620 1548 Iudaeorum
636 1525 753 1549 matrem
764 1522 868 1549 dictum
881 1527 923 1550 est
937 1531 944 1550 :
960 1533 968 1549 ι
980 1524 1050 1551 Ecce
1065 1530 1086 1559 (ζ

252 1573 309 1592 non
318 1569 381 1592 sunt
391 1566 464 1593 oeuli
478 1566 517 1593 tui
532 1567 610 1599 recti,
625 1575 714 1602 neque
724 1572 858 1595 cortuum
874 1568 977 1596 bonum
988 1569 1020 1595 ³⁸.
1036 1579 1045 1594 ι

252 1611 368 1647 Oportet
385 1612 478 1647 igitur,
493 1617 525 1640 ut
545 1617 608 1640 ante
625 1614 677 1640 alia
694 1621 787 1641 sanam
801 1614 829 1641 in
839 1614 918 1642 vobis
930 1620 1050 1642 utentem

252 1657 419 1692 possideatis
431 1661 458 1684 et
475 1663 576 1685 sanctae
595 1658 745 1693 Scripturaa
763 1667 899 1687 memores
912 1660 972 1688 sitis
985 1661 1051 1688 allo-

252 1700 363 1735 quentis
375 1705 404 1728 et
423 1701 542 1729 dicentis
557 1710 563 1729 :
580 1711 588 1727 ι
608 1701 686 1729 Oculi
709 1703 749 1730 tui
771 1707 846 1731 recta
863 1704 977 1731 videant
987 1705 1019 1732 ⁸⁸.
1037 1715 1046 1731 ι

251 1746 335 1775 Visus
346 1751 438 1775 autem
460 1752 554 1776 rectus
571 1749 715 1776 oculorum
730 1749 805 1777 intus
825 1750 1050 1778 absconditorum

252 1796 304 1824 est,
319 1800 400 1827 posse
417 1801 561 1821 sermones
573 1814 580 1826 ,
598 1795 805 1830 qualescunque
831 1795 866 1823 de
890 1796 947 1823 Deo
971 1796 1050 1829 fiant,

253 1846 303 1872 pro
322 1845 355 1865 eo
381 1843 464 1873 atque
486 1847 649 1867 concessum
669 1845 728 1873 est,
759 1841 854 1869 videre
869 1842 1008 1878 subtiliter
1022 1849 1051 1872 ct

252 1887 357 1910 exacte.
373 1883 505 1911 Videmus
524 1885 598 1911 enim
621 1885 650 1912 in
670 1887 782 1921 speculo
799 1892 828 1915 et
842 1889 998 1924 aenigmate,
1022 1894 1050 1917 et

253 1927 446 1963 cognoscimus
461 1936 495 1956 ex
517 1933 594 1964 parte
604 1930 641 1957 "z
659 1931 707 1958 sed
725 1932 771 1966 qui
788 1941 821 1960 ex
838 1934 961 1962 tenebris
984 1943 1049 1969 pro-

252 1973 337 2000 funda
357 1973 461 2001 revelat
471 1973 510 2005 ³⁸,
535 1975 629 2003 lumen
653 1978 778 2005 veritatis
797 1979 918 2006 infundit
942 1980 985 2007 his
1001 1981 1049 2015 qui

254 2018 341 2052 ipsius
354 2018 542 2055 cognitionem
568 2025 671 2048 rectam
688 2030 786 2058 capere
813 2024 919 2052 volunt.
936 2024 1050 2059 Oportet

253 2063 337 2099 igitur
354 2069 385 2091 ut
397 2072 491 2092 coram
501 2065 558 2092 Deo
569 2067 782 2101 procumbentes
799 2069 924 2097 dicamus
937 2079 944 2097 :
964 2081 972 2096 ι
986 2071 1050 2098 lllu-

253 2109 327 2136 mina
339 2110 435 2137 oculos
446 2118 533 2143 meos,
547 2119 581 2139 ne
594 2120 713 2147 unquam
732 2114 906 2143 obdormiam
928 2116 956 2143 in
975 2124 1048 2143 mor-

252 2159 278 2182 te
290 2155 312 2171 "
328 2166 337 2181 ι
359 2165 365 2183 :
380 2157 606 2193 quandoquidem
622 2166 636 2186 a
650 2160 817 2188 rectitudine
830 2168 972 2189 sacrorum
996 2162 1047 2190 do-

251 2207 372 2236 gmatum
385 2202 513 2231 excidere
526 2204 595 2231 nihil
613 2204 689 2232 aliud
700 2210 752 2238 est,
764 2214 847 2241 quam
857 2208 1001 2235 manifeste
1019 2208 1046 2235 in
1063 2211 1085 2238 D

251 2250 340 2273 morte
366 2247 524 2275 obdormire
551 2257 557 2275 ε
584 2256 600 2276 a
624 2257 678 2283 qua
698 2251 865 2278 rectitudine
892 2253 1047 2280 excidimus

250 2290 361 2325 quando
380 2291 538 2327 Seripturas
552 2294 686 2322 divinitus
705 2295 853 2330 inspiratas
870 2305 926 2324 non
952 2298 1046 2332 sequi-

250 2345 323 2368 mur,
340 2337 386 2364 sed
399 2338 441 2365 vel
457 2340 632 2374 pmsumptis
648 2340 761 2368 minime
774 2341 891 2369 laudatis
907 2343 1046 2377 opinioni—

250 2380 312 2411 bus,
324 2381 366 2408 vel
377 2381 469 2409 stndio
480 2387 507 2410 et
520 2383 706 2418 propcnsionc
720 2384 748 2411 in
756 2392 804 2413 eos
815 2386 862 2420 qui
876 2386 949 2414 circa
964 2387 1046 2414 fidem

248 2433 303 2451 non
323 2431 396 2454 recte
413 2427 553 2460 incedunt,
572 2428 673 2455 mentis
685 2433 786 2457 nostra:
805 2435 944 2458 momenta
961 2432 1042 2459 incli-

247 2479 324 2503 nare,
341 2476 369 2498 et
384 2478 493 2500 nostras
509 2474 536 2500 in
558 2473 655 2508 primis
669 2475 775 2502 animas
788 2476 888 2504 laedere
900 2478 1043 2506 convinci-

247 2525 319 2543 .vnur.
335 2517 550 2546 Assentiendum
568 2518 654 2554 igitur
671 2519 705 2547 iis
724 2525 766 2547 est
776 2521 823 2556 qui
843 2526 945 2550 rectam
959 2523 1042 2552 fidem

245 2563 280 2590 ad
293 2572 432 2591 sacrarum
449 2565 673 2599 prredicationum
705 2568 870 2594 sententiam
896 2569 1042 2605 diligenter

246 2611 413 2641 examinant,
426 2618 495 2645 quas
506 2615 533 2638 et
550 2618 599 2645 per
617 2611 750 2646 Spiritum
774 2618 898 2640 sanctum
922 2615 1043 2644 tradide-

283 2686 471 2729 3’13a31.‘xt'ii.
487 2686 530 2729 ἔξέῖ
553 2687 641 2729 ’δέος
656 2696 684 2729 ιιι,
702 2688 744 2715 20.
771 2690 896 2729 .“Deut.
911 2701 983 2726 xviu,
998 2694 1042 2721 15.

1102 2695 1220 2724 ‘Jcrem.
1235 2705 1301 2729 xxu,
1319 2697 1361 2724 l7.

246 2720 288 2748 l2,
328 2721 350 2737 ³³
361 2721 411 2748 Job
435 2729 483 2753 an,
496 2721 540 2747 2'2.
580 2722 601 2738 ’θ
618 2723 688 2749 Psal.
704 2732 750 2757 xu,
764 2724 790 2751 4.

776 135 805 163 S.
825 134 962 162 CYRILLI
983 135 1217 164 ALEXANDRINI
1233 136 1394 165 AllClllEP.

1841 140 1897 167 292

1110 197 1213 230 μονήρη
1228 194 1284 228 βίον
1299 195 1423 226 ἀσκοῦσι,
1440 195 1485 221 καὶ
1504 196 1532 220 ὲν
1546 195 1632 222 πίστει
1651 195 1717 222 Θεοῦ
1732 195 1895 231 ἱδρυμένοις,

1107 239 1240 275 Κύμιλλος
1256 241 1285 266 ἐν
1300 240 1394 275 Κυρίῳ
1409 241 1525 276 χαίρειν.
1726 275 1729 278 _

1141 287 1177 312 Τὸ
1195 285 1342 320 φιλομαθὲς
1356 287 1403 312 καὶ
1415 286 1558 320 φιλόπονον
1573 287 1622 322 τῆς
1635 287 1771 322 ὑμετέρας
1786 287 1899 322 ἀγάπης

1106 332 1152 358 καὶ
1170 332 1216 358 νῦν
1231 332 1261 358 οὐ
1279 333 1397 368 μετρίως
1417 334 1558 360 ἐπαινέσαι
1579 334 1644 369 ἔχω,
1667 334 1715 360 καὶ
1733 328 1813 367 ἄξιονΔ
1826 332 1899 361 εἶναί

1106 386 1177 412 φημι
1195 378 1240 404 τοῦ
1257 378 1358 410 παντὸς
1378 378 1469 412 λόγου.
1488 379 1525 404 Τὸ
1545 379 1598 413 γάρ
1618 388 1659 405 τοι
1677 379 1756 406 θείων
1772 379 1900 414 ἐφίεσθαι

1107 423 1286 458 μαθημάτων,
1302 424 1349 450 καὶ
1364 423 1413 459 τῆς
1430 424 1483 451 τῶν
1497 424 1577 459 ἱερῶν
1590 424 1735 460 δογμάτων
1750 425 1900 461 ὀρθότητος

1107 468 1315 502 μεταποιεῖσθαι
1329 469 1427 503 φιλεῖν,
1441 470 1500 501 πῶς
1507 470 1558 496 οὑκ
1573 470 1604 496 ἀν
1619 470 1823 506 ὑπεραγάσαιτό
1836 480 1880 501 τις
1892 480 1899 502 ;

1105 515 1160 541 Καὶ
1172 515 1227 550 γάρ
1244 516 1302 541 ἐστι
1317 515 1390 550 ζωῆς
1406 516 1456 550 τῆς
1476 515 1629 550 ἀπεράντου
1650 515 1697 542 καὶ
1714 516 1854 552 μακαρίας
1869 516 1902 541 τὸ

1104 559 1200 594 χρῆμα
1224 559 1364 595 πρόξενον,
1391 560 1437 586 καὶ
1452 559 1502 586 οὐκ
1523 560 1638 594 ἄμισθος
1659 561 1676 595 ἡ
1692 560 1720 587 ἐν
1742 569 1773 594 γε
1791 559 1902 591 τούτοις

1105 607 1218 641 σπουδή.
1237 606 1306 641 Φησὶ
1320 605 1374 641 γάρ
1389 614 1441 632 που
1459 605 1528 641 πρὸς
1544 606 1589 632 τὸν
1600 606 1629 632 ὲν
1645 605 1768 642 οὐρανοῖς
1785 606 1901 640 Πατέρα

1104 654 1150 679 καὶ
1167 653 1233 679 Θεὸν
1248 653 1263 678 ὀ
1279 652 1381 688 Κύριος
1409 652 1488 687 ἡμῶν
1509 651 1613 686 Ἰησοῦς
1638 652 1765 687 Χριστός·
1782 661 1792 678 ‹
1820 651 1900 686 Αὕτη

1103 698 1131 724 δέ
1149 700 1222 725 ἐστιν
1239 700 1256 733 ή
1270 698 1378 730 αἰώνιος
1395 698 1463 733 ζωὴ,
1477 698 1519 725 ἵνα
1535 698 1690 732 γινώσκωσὶ
1708 707 1737 724 σε
1754 698 1799 725 τὴν
1815 699 1902 734 μόνον

1104 743 1229 778 ἀληθινὸν
1246 743 1322 775 Θεόν,
1342 744 1389 770 καὶ
1402 743 1432 770 ὃν
1447 744 1610 775 ἀπέστειλας
1630 744 1734 778 Ἰησοῦν
1749 744 1898 779 Χριστόν.-

1110 789 1192 825 Ὀρθὴ
1208 789 1263 824 γὰρ
1287 789 1389 821 πίστις,
1414 789 1461 816 καὶ
1488 789 1718 822 ἀκατάσκωπτος,
1746 789 1901 825 σύνδρομον

1103 835 1203 870 ἔχουσα
1222 836 1271 870 τὴν
1297 835 1327 869 ἐξ
1355 835 1444 871 ἔργων
1467 834 1577 869 ἀγαθῶν
1604 834 1779 871 φαιδρότητα,
1795 835 1901 867 παντὸς

1103 881 1178 916 ἡμᾶς
1201 880 1371 916 ἐμπίπλησιν
1388 880 1503 915 ἀγαθοῦ,
1531 881 1577 907 καὶ
1600 881 1738 916 διαπρεπῆ
1764 881 1902 916 λαχόντας

1102 926 1151 961 τὴν
1176 925 1255 958 δόξαν
1283 926 1438 961 ἀποφαίνει.
1465 926 1594 961 Πράξεων
1619 926 1647 953 δὲ
1672 926 1841 962 λαμπρότης,
1875 929 1901 953 εἰ

1103 970 1255 1006 ἀμοιροῦσα
1271 972 1391 1005 φαίνοιτο
1405 970 1549 1006 δογμάτων
1562 971 1650 1006 ὀρθῶν
1667 972 1715 998 καὶ
1733 972 1900 1007 ἀδιαὸλήτου

1103 1015 1233 1048 πίστεως,
1247 1017 1370 1051 ὀνήσειεν
1384 1016 1427 1048 ἂν,
1445 1016 1483 1048 ὥς
1498 1025 1528 1050 γε
1544 1015 1632 1051 οἶμαι,
1650 1017 1710 1043 κατ’
1726 1017 1821 1044 οὐδένα
1835 1018 1901 1054 τρό-

1104 1070 1154 1088 πον
1166 1061 1216 1096 τὴν
1230 1061 1276 1088 τοῦ
1292 1061 1438 1098 ἀνθρώπου
1459 1061 1559 1097 ψυχήν.
1580 1062 1684 1097 Ὥσπερ
1699 1062 1753 1098 γὰρ
1768 1063 1784 1098 ή
1803 1064 1901 1094 πίστις

1103 1108 1188 1143 χωρὶς
1206 1108 1261 1134 τῶν
1284 1107 1371 1143 ἔργων
1394 1107 1481 1142 νεκρά
1505 1108 1588 1140 ἐστιν,
1612 1107 1700 1140 οὕτως
1717 1106 1786 1135 εἶναί
1803 1117 1901 1143 φαμεν

1103 1152 1213 1188 ἀληθὲς,
1228 1155 1275 1181 καὶ
1286 1153 1316 1179 τὸ
1330 1153 1459 1188 ἔμπαλιν.
1472 1153 1577 1180 Οὐκοῦν
1589 1154 1822 1189 ωναναλαμπέτω
1837 1154 1901 1185 τοῖς

1102 1197 1153 1232 τῆς
1164 1198 1282 1230 εὐζωῒας
1303 1198 1456 1234 αὐχήμασι,
1477 1199 1524 1225 καὶ
1539 1198 1568 1225 τὸ
1583 1198 1732 1235 ἀμώμητον
1747 1200 1775 1226 ἐν
1791 1199 1897 1226 πίστει.

1105 1243 1212 1277 Ἀρτιοι
1229 1242 1282 1279 γὰρ
1292 1243 1378 1274 οὕτως
1399 1244 1529 1278 ἐσόμεθα,
1547 1244 1617 1270 κατά
1632 1244 1676 1270 τὸν
1690 1244 1736 1270 τοῦ
1752 1245 1898 1279 πανσόφου

1102 1289 1242 1321 Μωῦσέως
1268 1290 1358 1324 νόμον-
1376 1299 1384 1315 ‹
1401 1289 1510 1321 Τέλειος
1535 1289 1588 1325 γὰρ
1603 1290 1664 1325 ἔσῃ,
1694 1290 1787 1325 φησὶν,
1803 1290 1899 1317 ἔναντι

1102 1336 1207 1371 Κυρίου
1224 1336 1248 1361 k.
1265 1345 1274 1362 ι
1288 1336 1320 1362 Oi
1335 1335 1364 1362 δὲ
1378 1336 1425 1363 τοῦ
1439 1337 1530 1363 πίστιν
1545 1336 1616 1372 ἔχειν
1632 1336 1715 1373 ὀρθὴν
1731 1336 1760 1369 ἐξ
1772 1337 1899 1372 ἀμαθίας

1102 1380 1329 1416 ὀλιγωρήσαντες,
1353 1379 1413 1408 εἶτα
1438 1383 1499 1413 ταῖς
1531 1382 1691 1414 ὲπιεικείαις
1719 1382 1764 1408 τὸν
1788 1383 1899 1409 ἑαυτῶν

1102 1426 1327 1462 ὲπισεμνύνοντες
1353 1427 1421 1463 βίον,
1448 1427 1553 1454 ἐοίκασί
1574 1436 1632 1460 πως
1655 1428 1785 1465 ἀνδράσιν
1803 1429 1900 1463 εὐφυᾶ

1105 1473 1154 1507 μὲν
1165 1472 1278 1508 λαχοῦσι
1293 1473 1340 1500 τοῦ
1364 1472 1510 1509 προσώπου
1535 1473 1580 1501 τὸν
1597 1475 1770 1510 χαρακτῆρα.
1787 1475 1898 1502 πεπλα-

1103 1518 1224 1554 νημένην
1243 1520 1270 1546 δὲ
1285 1520 1331 1546 καὶ
1344 1520 1507 1556 διάστροφον
1524 1521 1577 1547 τῶν
1593 1521 1726 1556 ὀμμάτων
1741 1521 1789 1557 τὴν
1801 1521 1897 1562 βολήν·

1103 1564 1174 1592 ὥστε
1199 1566 1248 1593 καὶ
1274 1567 1389 1601 πρέπειν
1404 1567 1497 1599 αὐτοῖς
1518 1567 1549 1594 τὸ
1570 1568 1613 1595 διὰ
1640 1567 1732 1603 φωνῆς
1760 1567 1898 1603 Ἰερεμίου

1102 1612 1170 1647 πρὸς
1185 1612 1234 1647 τὴν
1247 1613 1302 1640 τῶν
1319 1613 1455 1639 Ἰουδαίων
1471 1613 1586 1649 μητέρα,
1604 1613 1675 1649 φημὶ
1690 1613 1722 1648 δὴ
1738 1612 1898 1648 τὴνἸερου-

1103 1657 1202 1693 σαλὴμ,
1221 1658 1366 1695 εἰρημένον
1381 1659 1457 1694 παρά
1482 1659 1529 1685 τοῦ
1546 1658 1625 1685 Θεοῦ·
1646 1669 1655 1684 ι
1667 1659 1732 1685 Ἰδοὺ
1756 1658 1807 1685 οῦκ
1824 1660 1899 1685 εἰσιν

1102 1703 1126 1729 οί
1146 1702 1280 1738 ὀφθαλμοί
1306 1712 1353 1730 σου
1369 1703 1454 1739 ὀρθοὶ,
1472 1704 1519 1731 καὶ
1545 1705 1562 1739 ἡ
1590 1704 1689 1739 καρδία
1714 1712 1760 1730 σου
1780 1704 1865 1739 καλή.
1886 1714 1896 1730 ι

1101 1748 1162 1783 Χρὴ
1175 1749 1264 1775 τοίνυν
1280 1749 1352 1784 ὑμᾶς
1368 1749 1434 1784 ὑγιᾶ
1457 1750 1504 1776 καὶ
1527 1749 1579 1784 πρό
1598 1757 1629 1783 γε
1644 1749 1696 1776 τῶν
1713 1749 1800 1777 ἄλλων
1822 1749 1898 1784 ἔχειν

1102 1794 1131 1820 ὲν
1148 1794 1255 1827 ἑαυτοῖς
1278 1795 1322 1821 τὸν
1339 1795 1412 1827 νοῦν,
1435 1796 1482 1822 καὶ
1505 1795 1706 1830 διαμεμνῆσθαι
1728 1795 1896 1830 Γράμματος

1103 1840 1176 1875 ἱεροῦ
1203 1841 1428 1876 προσφωνοῦντος
1445 1841 1493 1868 καὶ
1519 1841 1655 1875 λέγοντος·
1676 1851 1685 1865 ι
1705 1842 1736 1868 Oi
1759 1842 1897 1877 ὀφθαλμοί

1102 1894 1149 1913 σου
1163 1886 1231 1922 ὀρθὰ
1249 1887 1433 1922 βλεπέτωσαν.
1450 1898 1459 1913 ι
1489 1887 1571 1923 Ὀρθὴ
1595 1888 1623 1914 δὲ
1649 1887 1741 1923 βὶὲψις
1760 1888 1898 1922 ὀμμάτων

1101 1932 1155 1958 τῶν
1169 1933 1223 1959 ἓσω
1247 1933 1447 1968 κεκρυμμένων
1463 1933 1493 1960 τὸ
1510 1933 1618 1969 ἰσχνῶς,
1640 1934 1686 1960 καὶ
1700 1933 1897 1969 ἀπεξεσμένως

1101 1978 1262 2013 περιαθρεῖν
1284 1978 1426 2011 δύνασθαι,
1451 1979 1523 2006 κατά
1552 1988 1584 2014 γε
1608 1980 1638 2006 τὸ
1662 1980 1812 2015 ἐγχωροῦν,
1832 1979 1892 2009 τοὺς

1100 2023 1179 2058 εἴπερ
1198 2022 1207 2042 1
1225 2023 1258 2050 ἂν
1271 2023 1384 2057 γένοιτο,
1402 2025 1465 2059 περὶ
1481 2024 1549 2050 Θεοῦ
1566 2025 1671 2058 λόγους.
1684 2024 1825 2060 Βλέπομεν
1840 2024 1895 2060 γὰρ

1101 2069 1129 2095 ὲν
1150 2069 1276 2105 ἐσόπτρῳ
1299 2071 1345 2097 καὶ
1364 2070 1516 2105 αἰνίγματι,
1537 2071 1585 2097 καὶ
1604 2070 1774 2106 γινώσκομεν
1793 2071 1824 2096 ἐκ
1844 2070 1896 2105 μέν

1102 2123 1175 2150 ρους·
1191 2115 1205 2141 ὃ
1221 2124 1253 2149 γε
1270 2116 1323 2151 μὴν
1346 2116 1377 2142 ὲκ
1393 2116 1505 2147 σκότους
1526 2116 1727 2143 ἀποκαλύπτων
1747 2115 1842 2151 βαθέα,
1863 2115 1896 2141 τὺ

1099 2161 1148 2195 τῆς
1164 2160 1294 2196 ἀληθείας
1315 2161 1403 2195 ἐνίησι
1423 2161 1480 2196 φῶς
1505 2164 1561 2194 τοῖς
1582 2162 1720 2189 ἐθέλουσιν
1735 2161 1823 2197 ὀρθῶς
1842 2162 1895 2196 τὴν

1100 2208 1164 2242 περὶ
1179 2207 1261 2234 αὑτοῦ
1284 2207 1386 2241 γνῶσιν
1399 2208 1479 2235 ἑλεῖν.
1502 2208 1562 2244 Χρὴ
1581 2207 1725 2243 τοιγαροῦν
1742 2208 1813 2243 ἡμᾶς
1830 2207 1895 2242 Θεῷ

1098 2254 1293 2290 προσπίπτειν,
1319 2254 1458 2288 λέγοντας·
1476 2264 1485 2280 ι
1505 2255 1626 2281 Φώτισον
1650 2255 1713 2286 τοὺς
1732 2254 1894 2288 ὀφθαλμούς

1100 2307 1162 2333 μου,
1186 2300 1222 2333 μή
1252 2308 1317 2326 ποτε
1344 2299 1460 2326 ὑπνώσω
1476 2301 1517 2331 είς
1541 2299 1670 2327 θάνατον·
1692 2310 1700 2326 t
1725 2299 1755 2326 τὸ
1770 2300 1825 2334 γὰρ
1840 2299 1895 2333 τῆς

1097 2344 1244 2378 ὀρθότητος
1270 2345 1325 2371 τῶν
1346 2345 1427 2380 ίερῶν
1449 2345 1591 2381 δογμάτων
1608 2345 1764 2372 ἀπολισθεῖν
1788 2345 1831 2379 εἴη
1857 2344 1893 2370 ἂν
1915 2353 1923 2360 “

1097 2388 1189 2423 ἕτερον
1201 2389 1288 2422 οὐδὲν,
1300 2390 1369 2425 πλὴν
1382 2391 1423 2417 ὃτι
1439 2391 1532 2425 σαφῶς
1548 2392 1577 2418 τὸ
1593 2391 1692 2418 ὑπνοῦν
1707 2392 1745 2421 εἰς
1760 2390 1890 2417 θάνατον·

1097 2434 1269 2469 ἐκπίπτομεν
1284 2435 1312 2462 δὲ
1328 2436 1378 2471 τῆς
1396 2436 1551 2471 ὀρθότητος⁷
1571 2437 1614 2462 ὅτε
1633 2436 1669 2471 μὴ
1684 2437 1744 2467 ταῖς
1757 2435 1891 2462 θεοπνεύά

1097 2489 1169 2512 στοις
1183 2481 1305 2517 ἑπόμεθα
1318 2482 1448 2518 Γραφαῖς,
1462 2482 1519 2509 ἀλλ’
1532 2483 1548 2518 ἢ
1568 2482 1735 2517 προλήψεσιν
1747 2481 1795 2508 οὐκ
1810 2482 1892 2508 ἐπαι-

1096 2525 1248 2561 νωμέναις,
1275 2527 1292 2562 ἢ
1319 2528 1390 2553 κατὰ
1415 2527 1576 2563 πρόσκλισιν
1592 2527 1642 2562 τὴν
1665 2527 1734 2562 πρός
1757 2526 1790 2560 γέ
1811 2534 1894 2558 τινας

1095 2573 1145 2598 οὐκ
1162 2573 1377 2607 ὀρθοποδοῦντας
1391 2574 1455 2609 περὶ
1469 2573 1519 2608 τὴν
1535 2573 1637 2606 πίστιν,
1653 2572 1703 2604 τὰς
1717 2572 1766 2607 τῆς
1781 2572 1893 2598 ἑαυτῶν

1095 2617 1215 2650 διανοίας
1236 2619 1420 2654 ἀπονέμοντες
1437 2620 1534 2655 ῥοπὰς,
1548 2619 1595 2646 καὶ
1616 2619 1668 2655 πρό
1680 2627 1711 2654 γε
1728 2619 1782 2646 τῶν
1798 2618 1893 2646 ἄλλων

1414 2698 1436 2714 ³⁸
1449 2698 1530 2726 Prov.
1543 2705 1582 2731 tv,
1597 2698 1642 2726 25.
1681 2698 1702 2714 ³⁷
1719 2698 1729 2724 l
1747 2697 1811 2725 Cor.
1824 2704 1888 2728 xm,

792 2780 879 2809 Varia:
892 2781 1025 2809 lectiones
1040 2783 1142 2811 codicis
1158 2784 1340 2820 Seguieriani.
1356 2802 1360 2804 ~

280 2838 293 2858 ιι
307 2836 355 2864 τοῦ
371 2836 438 2863 Θεοῦ
451 2845 508 2864 σου,
548 2836 555 2856 ἶ
573 2837 615 2865 ῖσ.
629 2838 719 2873 οἵπερ.
