  <div class='ocr_page' id='page_1' title='image "/cluster/home/n/w/nwhite01/storage/ocr_20150623/77:no.10/coo.31924054869783/155.png"; bbox 0 0 4048 6466; ppageno 0'>
   <div class='ocr_carea' id='block_1_1' title="bbox 454 300 566 361">
    <p class='ocr_par' dir='ltr' id='par_1_1' title="bbox 454 300 566 361">
     <span class='ocr_line' id='line_1_1' title="bbox 454 300 566 361; baseline 0 -4"><span class='ocrx_word' id='word_1_1' title='bbox 454 300 566 361; x_wconf 69' lang='lat'><strong>995</strong></span> 
     </span>
    </p>
   </div>
   <div class='ocr_carea' id='block_1_2' title="bbox 1426 290 2685 354">
    <p class='ocr_par' dir='ltr' id='par_1_2' title="bbox 1426 290 2685 354">
     <span class='ocr_line' id='line_1_2' title="bbox 1426 290 2685 354; baseline 0.001 -1"><span class='ocrx_word' id='word_1_2' title='bbox 1426 296 1482 353; x_wconf 85' lang='lat' dir='ltr'><strong>S.</strong></span> <span class='ocrx_word' id='word_1_3' title='bbox 1539 295 1814 354; x_wconf 66' lang='lat' dir='ltr'><strong>C‘i’RlLLl</strong></span> <span class='ocrx_word' id='word_1_4' title='bbox 1854 290 2324 349; x_wconf 69' lang='lat' dir='ltr'><strong>ALEXANDle</strong></span> <span class='ocrx_word' id='word_1_5' title='bbox 2367 295 2685 354; x_wconf 73' lang='lat' dir='ltr'><strong>ARCHIEP.</strong></span> 
     </span>
    </p>
   </div>
   <div class='ocr_carea' id='block_1_3' title="bbox 3618 299 3728 355">
    <p class='ocr_par' dir='ltr' id='par_1_3' title="bbox 3618 299 3728 355">
     <span class='ocr_line' id='line_1_3' title="bbox 3618 299 3728 355; baseline -0.045 -2"><span class='ocrx_word' id='word_1_6' title='bbox 3618 299 3728 355; x_wconf 69' lang='lat' dir='ltr'><strong>251i</strong></span> 
     </span>
    </p>
   </div>
   <div class='ocr_carea' id='block_1_4' title="bbox 458 410 2054 497">
    <p class='ocr_par' dir='ltr' id='par_1_4' title="bbox 458 411 2048 487">
     <span class='ocr_line' id='line_1_4' title="bbox 458 411 2048 487; baseline -0.008 -9"><span class='ocrx_word' id='word_1_7' title='bbox 458 418 757 483; x_wconf 84' lang='lat' dir='ltr'><strong>calumnia,</strong></span> <span class='ocrx_word' id='word_1_8' title='bbox 805 431 969 487; x_wconf 85' lang='lat' dir='ltr'><strong>quam</strong></span> <span class='ocrx_word' id='word_1_9' title='bbox 1016 422 1207 471; x_wconf 89' lang='lat' dir='ltr'><strong>contra</strong></span> <span class='ocrx_word' id='word_1_10' title='bbox 1227 414 1321 485; x_wconf 87' lang='lat' dir='ltr'><strong>pia</strong></span> <span class='ocrx_word' id='word_1_11' title='bbox 1360 414 1620 471; x_wconf 77' lang='lat' dir='ltr'><strong>Ecclesiae</strong></span> <span class='ocrx_word' id='word_1_12' title='bbox 1661 415 1914 485; x_wconf 76' lang='lat' dir='ltr'><strong>dogmata</strong></span> <span class='ocrx_word' id='word_1_13' title='bbox 1950 411 2048 466; x_wconf 82' lang='lat' dir='ltr'><strong>ﬁn-</strong></span> 
     </span>
    </p>
   </div>
   <div class='ocr_carea' id='block_1_5' title="bbox 2157 410 3729 497">
    <p class='ocr_par' dir='ltr' id='par_1_5' title="bbox 2157 410 3729 497">
     <span class='ocr_line' id='line_1_5' title="bbox 2157 410 3729 497; baseline 0.003 -30"><span class='ocrx_word' id='word_1_14' title='bbox 2157 430 2311 478; x_wconf 89' lang='grc' dir='ltr'>σεως,</span> <span class='ocrx_word' id='word_1_15' title='bbox 2342 414 2461 485; x_wconf 76' lang='grc' dir='ltr'>ἦτοι</span> <span class='ocrx_word' id='word_1_16' title='bbox 2487 418 2587 487; x_wconf 85' lang='grc' dir='ltr'>τῆς</span> <span class='ocrx_word' id='word_1_17' title='bbox 2615 414 2999 485; x_wconf 75' lang='grc' dir='ltr'><strong>συκοφαντίας,</strong></span> <span class='ocrx_word' id='word_1_18' title='bbox 3027 410 3095 488; x_wconf 75' lang='grc' dir='ltr'>ἧς</span> <span class='ocrx_word' id='word_1_19' title='bbox 3119 416 3440 497; x_wconf 81' lang='grc' dir='ltr'>πεποίηνται</span> <span class='ocrx_word' id='word_1_20' title='bbox 3457 416 3598 471; x_wconf 76' lang='grc' dir='ltr'>κατὰ</span> <span class='ocrx_word' id='word_1_21' title='bbox 3619 417 3729 471; x_wconf 82' lang='grc' dir='ltr'><strong>τῶν</strong></span> 
     </span>
    </p>
   </div>
   <div class='ocr_carea' id='block_1_6' title="bbox 462 505 2044 583">
    <p class='ocr_par' dir='ltr' id='par_1_6' title="bbox 462 505 2044 583">
     <span class='ocr_line' id='line_1_6' title="bbox 462 505 2044 583; baseline -0.005 -17"><span class='ocrx_word' id='word_1_22' title='bbox 462 520 620 582; x_wconf 84' lang='lat' dir='ltr'><strong>gunt,</strong></span> <span class='ocrx_word' id='word_1_23' title='bbox 643 510 775 564; x_wconf 87' lang='lat' dir='ltr'><strong>dum</strong></span> <span class='ocrx_word' id='word_1_24' title='bbox 823 508 1124 579; x_wconf 63' lang='lat' dir='ltr'><strong>praedicant</strong></span> <span class='ocrx_word' id='word_1_25' title='bbox 1170 507 1311 562; x_wconf 90' lang='lat' dir='ltr'><strong>duos</strong></span> <span class='ocrx_word' id='word_1_26' title='bbox 1344 505 1488 561; x_wconf 86' lang='lat' dir='ltr'><strong>ﬁlios</strong></span> <span class='ocrx_word' id='word_1_27' title='bbox 1510 547 1525 571; x_wconf 93' lang='lat'><strong>,</strong></span> <span class='ocrx_word' id='word_1_28' title='bbox 1556 516 1614 561; x_wconf 88' lang='lat' dir='ltr'><strong>et</strong></span> <span class='ocrx_word' id='word_1_29' title='bbox 1656 505 2044 583; x_wconf 76' lang='lat' dir='ltr'><strong>impartibilem</strong></span> 
     </span>
    </p>
   </div>
   <div class='ocr_carea' id='block_1_7' title="bbox 460 597 2045 669">
    <p class='ocr_par' dir='ltr' id='par_1_7' title="bbox 460 597 2045 669">
     <span class='ocr_line' id='line_1_7' title="bbox 460 597 2045 669; baseline -0.004 -13"><span class='ocrx_word' id='word_1_30' title='bbox 460 602 737 666; x_wconf 88' lang='lat' dir='ltr'><strong>dividunt,</strong></span> <span class='ocrx_word' id='word_1_31' title='bbox 766 600 1076 669; x_wconf 67' lang='lat' dir='ltr'><strong>cretamque</strong></span> <span class='ocrx_word' id='word_1_32' title='bbox 1097 614 1162 655; x_wconf 89' lang='lat' dir='ltr'><strong>ac</strong></span> <span class='ocrx_word' id='word_1_33' title='bbox 1181 607 1386 654; x_wconf 85' lang='lat' dir='ltr'><strong>terram</strong></span> <span class='ocrx_word' id='word_1_34' title='bbox 1412 599 1561 669; x_wconf 91' lang='lat' dir='ltr'><strong>quod</strong></span> <span class='ocrx_word' id='word_1_35' title='bbox 1581 598 1859 652; x_wconf 85' lang='lat' dir='ltr'><strong>hominem</strong></span> <span class='ocrx_word' id='word_1_36' title='bbox 1885 597 2045 651; x_wconf 85' lang='lat' dir='ltr'><strong>latria</strong></span> 
     </span>
    </p>
   </div>
   <div class='ocr_carea' id='block_1_8' title="bbox 461 690 2048 756">
    <p class='ocr_par' dir='ltr' id='par_1_8' title="bbox 461 690 2048 756">
     <span class='ocr_line' id='line_1_8' title="bbox 461 690 2048 756; baseline -0.002 -7"><span class='ocrx_word' id='word_1_37' title='bbox 461 692 667 756; x_wconf 83' lang='lat' dir='ltr'><strong>colant,</strong></span> <span class='ocrx_word' id='word_1_38' title='bbox 690 690 923 748; x_wconf 85' lang='lat' dir='ltr'><strong>crimine</strong></span> <span class='ocrx_word' id='word_1_39' title='bbox 950 690 1236 746; x_wconf 86' lang='lat' dir='ltr'><strong>denotant.</strong></span> <span class='ocrx_word' id='word_1_40' title='bbox 1266 691 1446 746; x_wconf 85' lang='lat' dir='ltr'><strong>Unum</strong></span> <span class='ocrx_word' id='word_1_41' title='bbox 1471 690 1617 745; x_wconf 90' lang='lat' dir='ltr'><strong>enim</strong></span> <span class='ocrx_word' id='word_1_42' title='bbox 1645 690 1937 745; x_wconf 87' lang='lat' dir='ltr'><strong>Dominum</strong></span> <span class='ocrx_word' id='word_1_43' title='bbox 1959 690 2048 746; x_wconf 84' lang='lat' dir='ltr'><strong>Je-</strong></span> 
     </span>
    </p>
   </div>
   <div class='ocr_carea' id='block_1_9' title="bbox 464 781 2048 858">
    <p class='ocr_par' dir='ltr' id='par_1_9' title="bbox 464 781 2048 858">
     <span class='ocr_line' id='line_1_9' title="bbox 464 781 2048 858; baseline -0.001 -20"><span class='ocrx_word' id='word_1_44' title='bbox 464 798 588 838; x_wconf 87' lang='lat' dir='ltr'><strong>sum</strong></span> <span class='ocrx_word' id='word_1_45' title='bbox 607 782 891 838; x_wconf 77' lang='lat' dir='ltr'><strong>Christum</strong></span> <span class='ocrx_word' id='word_1_46' title='bbox 919 790 978 837; x_wconf 91' lang='lat' dir='ltr'><strong>et</strong></span> <span class='ocrx_word' id='word_1_47' title='bbox 1001 781 1350 858; x_wconf 73' lang='lat' dir='ltr'><strong>superiorum</strong></span> <span class='ocrx_word' id='word_1_48' title='bbox 1378 781 1672 852; x_wconf 79' lang='lat' dir='ltr'><strong>spirituum</strong></span> <span class='ocrx_word' id='word_1_49' title='bbox 1704 789 1890 837; x_wconf 89' lang='lat' dir='ltr'><strong>sancta</strong></span> <span class='ocrx_word' id='word_1_50' title='bbox 1907 781 2048 836; x_wconf 88' lang='lat' dir='ltr'><strong>mul-</strong></span> 
     </span>
    </p>
   </div>
   <div class='ocr_carea' id='block_1_10' title="bbox 466 871 2047 942">
    <p class='ocr_par' dir='ltr' id='par_1_10' title="bbox 466 871 2047 942">
     <span class='ocr_line' id='line_1_10' title="bbox 466 871 2047 942; baseline 0.001 -16"><span class='ocrx_word' id='word_1_51' title='bbox 466 871 646 926; x_wconf 87' lang='lat' dir='ltr'><strong>titudo</strong></span> <span class='ocrx_word' id='word_1_52' title='bbox 688 871 979 927; x_wconf 89' lang='lat' dir='ltr'><strong>nobiscum</strong></span> <span class='ocrx_word' id='word_1_53' title='bbox 1019 872 1234 928; x_wconf 84' lang='lat' dir='ltr'><strong>adorat.</strong></span> <span class='ocrx_word' id='word_1_54' title='bbox 1277 872 1358 928; x_wconf 87' lang='lat' dir='ltr'><strong>Ne</strong></span> <span class='ocrx_word' id='word_1_55' title='bbox 1401 880 1585 927; x_wconf 88' lang='lat' dir='ltr'><strong>autem</strong></span> <span class='ocrx_word' id='word_1_56' title='bbox 1637 887 1668 926; x_wconf 90' lang='lat' dir='ltr'><strong>a</strong></span> <span class='ocrx_word' id='word_1_57' title='bbox 1717 872 2047 942; x_wconf 89' lang='lat' dir='ltr'><strong>quibusdam</strong></span> 
     </span>
    </p>
   </div>
   <div class='ocr_carea' id='block_1_11' title="bbox 465 962 2049 1034">
    <p class='ocr_par' dir='ltr' id='par_1_11' title="bbox 465 962 2049 1034">
     <span class='ocr_line' id='line_1_11' title="bbox 465 962 2049 1034; baseline 0.001 -17"><span class='ocrx_word' id='word_1_58' title='bbox 465 963 755 1032; x_wconf 78' lang='lat' dir='ltr'><strong>ignoretur</strong></span> <span class='ocrx_word' id='word_1_59' title='bbox 794 963 879 1018; x_wconf 87' lang='lat' dir='ltr'><strong>vis</strong></span> <span class='ocrx_word' id='word_1_60' title='bbox 907 962 1172 1034; x_wconf 86' lang='lat' dir='ltr'><strong>Symboli,</strong></span> <span class='ocrx_word' id='word_1_61' title='bbox 1203 963 1351 1033; x_wconf 92' lang='lat' dir='ltr'><strong>quod</strong></span> <span class='ocrx_word' id='word_1_62' title='bbox 1399 963 1455 1018; x_wconf 87' lang='lat' dir='ltr'><strong>in</strong></span> <span class='ocrx_word' id='word_1_63' title='bbox 1495 963 1754 1018; x_wconf 85' lang='lat' dir='ltr'><strong>omnibus</strong></span> <span class='ocrx_word' id='word_1_64' title='bbox 1786 963 2049 1019; x_wconf 88' lang='lat' dir='ltr'><strong>Eeclesiis</strong></span> 
     </span>
    </p>
   </div>
   <div class='ocr_carea' id='block_1_12' title="bbox 464 1054 2047 1125">
    <p class='ocr_par' dir='ltr' id='par_1_12' title="bbox 464 1054 2047 1125">
     <span class='ocr_line' id='line_1_12' title="bbox 464 1054 2047 1125; baseline 0 -16"><span class='ocrx_word' id='word_1_65' title='bbox 464 1056 563 1110; x_wconf 79' lang='lat' dir='ltr'><strong>Dei</strong></span> <span class='ocrx_word' id='word_1_66' title='bbox 587 1055 974 1112; x_wconf 87' lang='lat' dir='ltr'><strong>auctoritatem</strong></span> <span class='ocrx_word' id='word_1_67' title='bbox 998 1056 1215 1110; x_wconf 81' lang='lat' dir='ltr'><strong>obtinet</strong></span> <span class='ocrx_word' id='word_1_68' title='bbox 1239 1063 1295 1109; x_wconf 87' lang='lat' dir='ltr'><strong>et</strong></span> <span class='ocrx_word' id='word_1_69' title='bbox 1318 1054 1672 1125; x_wconf 59' lang='lat' dir='ltr'><strong>praedicatum</strong></span> <span class='ocrx_word' id='word_1_70' title='bbox 1696 1063 1801 1119; x_wconf 86' lang='lat' dir='ltr'><strong>est,</strong></span> <span class='ocrx_word' id='word_1_71' title='bbox 1826 1062 2047 1111; x_wconf 83' lang='lat' dir='ltr'><strong>sancto-</strong></span> 
     </span>
    </p>
   </div>
   <div class='ocr_carea' id='block_1_13' title="bbox 466 1144 2050 1216">
    <p class='ocr_par' dir='ltr' id='par_1_13' title="bbox 466 1144 2050 1216">
     <span class='ocr_line' id='line_1_13' title="bbox 466 1144 2050 1216; baseline 0 -17"><span class='ocrx_word' id='word_1_72' title='bbox 466 1162 589 1200; x_wconf 86' lang='lat' dir='ltr'><strong>rum</strong></span> <span class='ocrx_word' id='word_1_73' title='bbox 621 1147 777 1216; x_wconf 82' lang='lat'><strong>177</strong></span> <span class='ocrx_word' id='word_1_74' title='bbox 812 1147 1035 1201; x_wconf 84' lang='lat' dir='ltr'><strong>Patrum</strong></span> <span class='ocrx_word' id='word_1_75' title='bbox 1067 1145 1389 1211; x_wconf 85' lang='lat' dir='ltr'><strong>sententias,</strong></span> <span class='ocrx_word' id='word_1_76' title='bbox 1417 1144 1526 1199; x_wconf 90' lang='lat' dir='ltr'><strong>hoc</strong></span> <span class='ocrx_word' id='word_1_77' title='bbox 1546 1151 1650 1209; x_wconf 86' lang='lat' dir='ltr'><strong>est,</strong></span> <span class='ocrx_word' id='word_1_78' title='bbox 1677 1144 2050 1213; x_wconf 79' lang='lat' dir='ltr'><strong>expositiones</strong></span> 
     </span>
    </p>
   </div>
   <div class='ocr_carea' id='block_1_14' title="bbox 468 1234 2048 1301">
    <p class='ocr_par' dir='ltr' id='par_1_14' title="bbox 468 1234 2048 1301">
     <span class='ocr_line' id='line_1_14' title="bbox 468 1234 2048 1301; baseline -0.001 -10"><span class='ocrx_word' id='word_1_79' title='bbox 468 1239 525 1291; x_wconf 90' lang='lat' dir='ltr'><strong>in</strong></span> <span class='ocrx_word' id='word_1_80' title='bbox 554 1238 978 1292; x_wconf 86' lang='lat' dir='ltr'><strong>commentarios</strong></span> <span class='ocrx_word' id='word_1_81' title='bbox 1022 1237 1136 1291; x_wconf 91' lang='lat' dir='ltr'><strong>illic</strong></span> <span class='ocrx_word' id='word_1_82' title='bbox 1191 1235 1365 1291; x_wconf 84' lang='lat' dir='ltr'><strong>factos</strong></span> <span class='ocrx_word' id='word_1_83' title='bbox 1396 1234 1591 1301; x_wconf 88' lang='lat' dir='ltr'><strong>retuli;</strong></span> <span class='ocrx_word' id='word_1_84' title='bbox 1632 1243 1695 1289; x_wconf 89' lang='lat' dir='ltr'><strong>ut</strong></span> <span class='ocrx_word' id='word_1_85' title='bbox 1746 1236 1952 1290; x_wconf 86' lang='lat' dir='ltr'><strong>scirent</strong></span> <span class='ocrx_word' id='word_1_86' title='bbox 1990 1235 2048 1289; x_wconf 89' lang='lat' dir='ltr'><strong>hi</strong></span> 
     </span>
    </p>
   </div>
   <div class='ocr_carea' id='block_1_15' title="bbox 466 1327 2051 1399">
    <p class='ocr_par' dir='ltr' id='par_1_15' title="bbox 466 1327 2051 1399">
     <span class='ocr_line' id='line_1_15' title="bbox 466 1327 2051 1399; baseline -0.002 -15"><span class='ocrx_word' id='word_1_87' title='bbox 466 1329 562 1397; x_wconf 88' lang='lat' dir='ltr'><strong>qui</strong></span> <span class='ocrx_word' id='word_1_88' title='bbox 586 1344 678 1384; x_wconf 89' lang='lat' dir='ltr'><strong>eas</strong></span> <span class='ocrx_word' id='word_1_89' title='bbox 696 1330 903 1399; x_wconf 89' lang='lat' dir='ltr'><strong>legunt,</strong></span> <span class='ocrx_word' id='word_1_90' title='bbox 938 1327 1216 1399; x_wconf 86' lang='lat' dir='ltr'><strong>quomodo</strong></span> <span class='ocrx_word' id='word_1_91' title='bbox 1243 1335 1559 1382; x_wconf 89' lang='lat' dir='ltr'><strong>sanctorum</strong></span> <span class='ocrx_word' id='word_1_92' title='bbox 1588 1327 1810 1381; x_wconf 87' lang='lat' dir='ltr'><strong>Patrum</strong></span> <span class='ocrx_word' id='word_1_93' title='bbox 1835 1327 2051 1397; x_wconf 85' lang='lat' dir='ltr'><strong>exposi-</strong></span> 
     </span>
    </p>
   </div>
   <div class='ocr_carea' id='block_1_16' title="bbox 466 1416 2052 1488">
    <p class='ocr_par' dir='ltr' id='par_1_16' title="bbox 466 1416 2052 1488">
     <span class='ocr_line' id='line_1_16' title="bbox 466 1416 2052 1488; baseline -0.001 -16"><span class='ocrx_word' id='word_1_94' title='bbox 466 1420 694 1482; x_wconf 81' lang='lat' dir='ltr'><strong>tionem,</strong></span> <span class='ocrx_word' id='word_1_95' title='bbox 724 1420 828 1474; x_wconf 89' lang='lat' dir='ltr'><strong>boc</strong></span> <span class='ocrx_word' id='word_1_96' title='bbox 860 1427 965 1483; x_wconf 89' lang='lat' dir='ltr'><strong>est,</strong></span> <span class='ocrx_word' id='word_1_97' title='bbox 987 1419 1265 1473; x_wconf 86' lang='lat' dir='ltr'><strong>sincerum</strong></span> <span class='ocrx_word' id='word_1_98' title='bbox 1289 1425 1455 1473; x_wconf 72' lang='lat' dir='ltr'><strong>rectae</strong></span> <span class='ocrx_word' id='word_1_99' title='bbox 1470 1416 1597 1472; x_wconf 88' lang='lat' dir='ltr'><strong>ﬁdei</strong></span> <span class='ocrx_word' id='word_1_100' title='bbox 1627 1416 1944 1488; x_wconf 77' lang='lat' dir='ltr'><strong>Symbolum</strong></span> <span class='ocrx_word' id='word_1_101' title='bbox 1969 1418 2052 1471; x_wconf 90' lang='lat' dir='ltr'><strong>in-</strong></span> 
     </span>
    </p>
   </div>
   <div class='ocr_carea' id='block_1_17' title="bbox 467 1508 2048 1581">
    <p class='ocr_par' dir='ltr' id='par_1_17' title="bbox 467 1508 2048 1581">
     <span class='ocr_line' id='line_1_17' title="bbox 467 1508 2048 1581; baseline -0.002 -16"><span class='ocrx_word' id='word_1_102' title='bbox 467 1511 639 1581; x_wconf 87' lang='lat' dir='ltr'><strong>telligi</strong></span> <span class='ocrx_word' id='word_1_103' title='bbox 673 1510 984 1565; x_wconf 81' lang='lat' dir='ltr'><strong>conveniat.</strong></span> <span class='ocrx_word' id='word_1_104' title='bbox 1002 1508 1215 1579; x_wconf 87' lang='lat' dir='ltr'><strong>Opinor</strong></span> <span class='ocrx_word' id='word_1_105' title='bbox 1243 1515 1429 1563; x_wconf 86' lang='lat' dir='ltr'><strong>autem</strong></span> <span class='ocrx_word' id='word_1_106' title='bbox 1451 1515 1511 1563; x_wconf 91' lang='lat' dir='ltr'><strong>et</strong></span> <span class='ocrx_word' id='word_1_107' title='bbox 1538 1515 1775 1563; x_wconf 80' lang='lat' dir='ltr'><strong>vestram</strong></span> <span class='ocrx_word' id='word_1_108' title='bbox 1806 1508 2048 1563; x_wconf 89' lang='lat' dir='ltr'><strong>charita--</strong></span> 
     </span>
    </p>
   </div>
   <div class='ocr_carea' id='block_1_18' title="bbox 471 1599 2050 1669">
    <p class='ocr_par' dir='ltr' id='par_1_18' title="bbox 471 1599 2050 1669">
     <span class='ocr_line' id='line_1_18' title="bbox 471 1599 2050 1669; baseline -0.001 -13"><span class='ocrx_word' id='word_1_109' title='bbox 471 1612 580 1657; x_wconf 88' lang='lat' dir='ltr'><strong>tem</strong></span> <span class='ocrx_word' id='word_1_110' title='bbox 617 1602 672 1656; x_wconf 90' lang='lat' dir='ltr'><strong>in</strong></span> <span class='ocrx_word' id='word_1_111' title='bbox 705 1616 832 1656; x_wconf 88' lang='lat' dir='ltr'><strong>eum</strong></span> <span class='ocrx_word' id='word_1_112' title='bbox 859 1601 1106 1656; x_wconf 88' lang='lat' dir='ltr'><strong>libellum</strong></span> <span class='ocrx_word' id='word_1_113' title='bbox 1141 1599 1421 1664; x_wconf 83' lang='lat' dir='ltr'><strong>incidisse,</strong></span> <span class='ocrx_word' id='word_1_114' title='bbox 1461 1614 1625 1669; x_wconf 85' lang='lat' dir='ltr'><strong>quem</strong></span> <span class='ocrx_word' id='word_1_115' title='bbox 1660 1600 1733 1653; x_wconf 86' lang='lat' dir='ltr'><strong>de</strong></span> <span class='ocrx_word' id='word_1_116' title='bbox 1763 1599 1852 1655; x_wconf 86' lang='lat' dir='ltr'><strong>bis</strong></span> <span class='ocrx_word' id='word_1_117' title='bbox 1882 1600 2050 1656; x_wconf 83' lang='lat' dir='ltr'><strong>rebus</strong></span> 
     </span>
    </p>
   </div>
   <div class='ocr_carea' id='block_1_19' title="bbox 464 1686 2048 1761">
    <p class='ocr_par' dir='ltr' id='par_1_19' title="bbox 464 1686 2048 1761">
     <span class='ocr_line' id='line_1_19' title="bbox 464 1686 2048 1761; baseline -0.003 -15"><span class='ocrx_word' id='word_1_118' title='bbox 464 1689 919 1761; x_wconf 87' lang='lat' dir='ltr'><strong>conscripsimus.</strong></span> <span class='ocrx_word' id='word_1_119' title='bbox 936 1689 1058 1759; x_wconf 89' lang='lat' dir='ltr'><strong>Ipso</strong></span> <span class='ocrx_word' id='word_1_120' title='bbox 1075 1703 1224 1743; x_wconf 88' lang='lat' dir='ltr'><strong>nunc</strong></span> <span class='ocrx_word' id='word_1_121' title='bbox 1238 1702 1480 1759; x_wconf 87' lang='lat' dir='ltr'><strong>quoque,</strong></span> <span class='ocrx_word' id='word_1_122' title='bbox 1493 1698 1556 1741; x_wconf 91' lang='lat' dir='ltr'><strong>ut</strong></span> <span class='ocrx_word' id='word_1_123' title='bbox 1576 1686 1709 1752; x_wconf 84' lang='lat' dir='ltr'><strong>dixi,</strong></span> <span class='ocrx_word' id='word_1_124' title='bbox 1734 1687 1801 1743; x_wconf 89' lang='lat' dir='ltr'><strong>ad</strong></span> <span class='ocrx_word' id='word_1_125' title='bbox 1817 1687 2048 1743; x_wconf 88' lang='lat' dir='ltr'><strong>verbum</strong></span> 
     </span>
    </p>
   </div>
   <div class='ocr_carea' id='block_1_20' title="bbox 466 1779 2052 1854">
    <p class='ocr_par' dir='ltr' id='par_1_20' title="bbox 466 1779 2052 1854">
     <span class='ocr_line' id='line_1_20' title="bbox 466 1779 2052 1854; baseline 0 -19"><span class='ocrx_word' id='word_1_126' title='bbox 466 1782 754 1854; x_wconf 82' lang='lat' dir='ltr'><strong>proposito</strong></span> <span class='ocrx_word' id='word_1_127' title='bbox 821 1781 1102 1853; x_wconf 86' lang='lat' dir='ltr'><strong>Symbolo,</strong></span> <span class='ocrx_word' id='word_1_128' title='bbox 1165 1780 1314 1837; x_wconf 84' lang='lat' dir='ltr'><strong>illico</strong></span> <span class='ocrx_word' id='word_1_129' title='bbox 1372 1779 1470 1835; x_wconf 88' lang='lat' dir='ltr'><strong>Dei</strong></span> <span class='ocrx_word' id='word_1_130' title='bbox 1534 1794 1636 1850; x_wconf 90' lang='lat' dir='ltr'><strong>ope</strong></span> <span class='ocrx_word' id='word_1_131' title='bbox 1701 1780 1770 1835; x_wconf 91' lang='lat' dir='ltr'><strong>ad</strong></span> <span class='ocrx_word' id='word_1_132' title='bbox 1836 1780 2052 1852; x_wconf 87' lang='lat' dir='ltr'><strong>singula</strong></span> 
     </span>
    </p>
   </div>
   <div class='ocr_carea' id='block_1_21' title="bbox 467 1869 2049 1945">
    <p class='ocr_par' dir='ltr' id='par_1_21' title="bbox 467 1869 2049 1945">
     <span class='ocr_line' id='line_1_21' title="bbox 467 1869 2049 1945; baseline -0.001 -17"><span class='ocrx_word' id='word_1_133' title='bbox 467 1889 592 1945; x_wconf 68' lang='lat' dir='ltr'><strong>quae</strong></span> <span class='ocrx_word' id='word_1_134' title='bbox 654 1874 710 1927; x_wconf 86' lang='lat' dir='ltr'><strong>in</strong></span> <span class='ocrx_word' id='word_1_135' title='bbox 771 1887 840 1927; x_wconf 92' lang='lat' dir='ltr'><strong>eo</strong></span> <span class='ocrx_word' id='word_1_136' title='bbox 892 1871 1229 1935; x_wconf 84' lang='lat' dir='ltr'><strong>traduntur,</strong></span> <span class='ocrx_word' id='word_1_137' title='bbox 1285 1869 1579 1940; x_wconf 86' lang='lat' dir='ltr'><strong>perspicue</strong></span> <span class='ocrx_word' id='word_1_138' title='bbox 1639 1869 2049 1939; x_wconf 84' lang='lat' dir='ltr'><strong>interpretanda</strong></span> 
     </span>
    </p>
   </div>
   <div class='ocr_carea' id='block_1_22' title="bbox 466 1959 2054 2019">
    <p class='ocr_par' dir='ltr' id='par_1_22' title="bbox 466 1959 2054 2019">
     <span class='ocr_line' id='line_1_22' title="bbox 466 1959 2054 2019; baseline -0.002 0"><span class='ocrx_word' id='word_1_139' title='bbox 466 1971 779 2019; x_wconf 84' lang='lat' dir='ltr'><strong>convertar.</strong></span> <span class='ocrx_word' id='word_1_140' title='bbox 837 1961 966 2018; x_wconf 91' lang='lat' dir='ltr'><strong>Scio</strong></span> <span class='ocrx_word' id='word_1_141' title='bbox 1016 1961 1165 2015; x_wconf 88' lang='lat' dir='ltr'><strong>enim</strong></span> <span class='ocrx_word' id='word_1_142' title='bbox 1219 1959 1595 2016; x_wconf 87' lang='lat' dir='ltr'><strong>beatissimum</strong></span> <span class='ocrx_word' id='word_1_143' title='bbox 1651 1960 1874 2015; x_wconf 83' lang='lat' dir='ltr'><strong>Petrum</strong></span> <span class='ocrx_word' id='word_1_144' title='bbox 1917 1961 2054 2016; x_wconf 83' lang='lat' dir='ltr'><strong>scri—</strong></span> 
     </span>
    </p>
   </div>
   <div class='ocr_carea' id='block_1_23' title="bbox 467 2050 2051 2125">
    <p class='ocr_par' dir='ltr' id='par_1_23' title="bbox 467 2050 2051 2125">
     <span class='ocr_line' id='line_1_23' title="bbox 467 2050 2051 2125; baseline -0.014 1"><span class='ocrx_word' id='word_1_145' title='bbox 467 2057 644 2125; x_wconf 72' lang='lat' dir='ltr'><strong>PSiSSe</strong></span> <span class='ocrx_word' id='word_1_146' title='bbox 680 2072 695 2111; x_wconf 73' lang='grc' dir='ltr'><strong>ε</strong></span> <span class='ocrx_word' id='word_1_147' title='bbox 726 2073 745 2106; x_wconf 74' lang='grc' dir='ltr'>ί</span> <span class='ocrx_word' id='word_1_148' title='bbox 774 2053 956 2110; x_wconf 72' lang='lat' dir='ltr'><strong>Parati</strong></span> <span class='ocrx_word' id='word_1_149' title='bbox 983 2067 1201 2122; x_wconf 74' lang='lat' dir='ltr'><strong>semper</strong></span> <span class='ocrx_word' id='word_1_150' title='bbox 1223 2050 1293 2107; x_wconf 86' lang='lat' dir='ltr'><strong>ad</strong></span> <span class='ocrx_word' id='word_1_151' title='bbox 1319 2050 1744 2107; x_wconf 81' lang='lat' dir='ltr'><strong>satisfactionem</strong></span> <span class='ocrx_word' id='word_1_152' title='bbox 1770 2052 1919 2107; x_wconf 91' lang='lat' dir='ltr'><strong>omni</strong></span> <span class='ocrx_word' id='word_1_153' title='bbox 1952 2069 2051 2124; x_wconf 86' lang='lat' dir='ltr'><strong>po-</strong></span> 
     </span>
    </p>
   </div>
   <div class='ocr_carea' id='block_1_24' title="bbox 466 2144 2046 2217">
    <p class='ocr_par' dir='ltr' id='par_1_24' title="bbox 466 2144 2046 2217">
     <span class='ocr_line' id='line_1_24' title="bbox 466 2144 2046 2217; baseline -0.002 -13"><span class='ocrx_word' id='word_1_154' title='bbox 466 2148 644 2204; x_wconf 87' lang='lat' dir='ltr'><strong>scenti</strong></span> <span class='ocrx_word' id='word_1_155' title='bbox 678 2162 778 2204; x_wconf 86' lang='lat' dir='ltr'><strong>vos</strong></span> <span class='ocrx_word' id='word_1_156' title='bbox 802 2148 1072 2204; x_wconf 86' lang='lat' dir='ltr'><strong>rationem</strong></span> <span class='ocrx_word' id='word_1_157' title='bbox 1099 2146 1169 2201; x_wconf 89' lang='lat' dir='ltr'><strong>de</strong></span> <span class='ocrx_word' id='word_1_158' title='bbox 1190 2160 1256 2201; x_wconf 88' lang='lat' dir='ltr'><strong>ea</strong></span> <span class='ocrx_word' id='word_1_159' title='bbox 1284 2160 1408 2217; x_wconf 69' lang='lat' dir='ltr'><strong>qua:</strong></span> <span class='ocrx_word' id='word_1_160' title='bbox 1428 2145 1485 2199; x_wconf 91' lang='lat' dir='ltr'><strong>in</strong></span> <span class='ocrx_word' id='word_1_161' title='bbox 1516 2144 1677 2200; x_wconf 82' lang='lat' dir='ltr'><strong>vobis</strong></span> <span class='ocrx_word' id='word_1_162' title='bbox 1696 2152 1783 2201; x_wconf 88' lang='lat' dir='ltr'><strong>est</strong></span> <span class='ocrx_word' id='word_1_163' title='bbox 1807 2161 1903 2217; x_wconf 86' lang='lat' dir='ltr'><strong>spe</strong></span> <span class='ocrx_word' id='word_1_164' title='bbox 1924 2146 1991 2201; x_wconf 72' lang='lat'><strong>”.</strong></span> <span class='ocrx_word' id='word_1_165' title='bbox 2027 2167 2046 2201; x_wconf 77' lang='grc' dir='ltr'><strong>ι</strong></span> 
     </span>
    </p>
   </div>
   <div class='ocr_carea' id='block_1_25' title="bbox 925 2428 1586 2504">
    <p class='ocr_par' dir='ltr' id='par_1_25' title="bbox 925 2428 1586 2504">
     <span class='ocr_line' id='line_1_25' title="bbox 925 2428 1586 2504; baseline -0.009 -15"><span class='ocrx_word' id='word_1_166' title='bbox 925 2430 1233 2504; x_wconf 76' lang='lat' dir='ltr'><strong>Symbolum</strong></span> <span class='ocrx_word' id='word_1_167' title='bbox 1281 2428 1335 2484; x_wconf 84' lang='grc' dir='ltr'><strong><em>Ν</em></strong></span> <span class='ocrx_word' id='word_1_168' title='bbox 1339 2430 1586 2484; x_wconf 77' lang='lat' dir='ltr'><strong>icwnum.</strong></span> 
     </span>
    </p>
   </div>
   <div class='ocr_carea' id='block_1_26' title="bbox 533 2537 2055 2610">
    <p class='ocr_par' dir='ltr' id='par_1_26' title="bbox 533 2537 2055 2610">
     <span class='ocr_line' id='line_1_26' title="bbox 533 2537 2055 2610; baseline -0.007 -8"><span class='ocrx_word' id='word_1_169' title='bbox 533 2545 826 2603; x_wconf 88' lang='lat' dir='ltr'><strong>Credimus</strong></span> <span class='ocrx_word' id='word_1_170' title='bbox 841 2544 896 2600; x_wconf 89' lang='lat' dir='ltr'><strong>in</strong></span> <span class='ocrx_word' id='word_1_171' title='bbox 921 2559 1095 2599; x_wconf 90' lang='lat' dir='ltr'><strong>unum</strong></span> <span class='ocrx_word' id='word_1_172' title='bbox 1127 2543 1323 2607; x_wconf 87' lang='lat' dir='ltr'><strong>Deum,</strong></span> <span class='ocrx_word' id='word_1_173' title='bbox 1355 2541 1574 2597; x_wconf 84' lang='lat' dir='ltr'><strong>Patrem</strong></span> <span class='ocrx_word' id='word_1_174' title='bbox 1599 2537 2055 2610; x_wconf 85' lang='lat' dir='ltr'><strong>omnipotentem,</strong></span> 
     </span>
    </p>
   </div>
   <div class='ocr_carea' id='block_1_27' title="bbox 468 2629 2056 2691">
    <p class='ocr_par' dir='ltr' id='par_1_27' title="bbox 468 2629 2056 2691">
     <span class='ocr_line' id='line_1_27' title="bbox 468 2629 2056 2691; baseline -0.005 0"><span class='ocrx_word' id='word_1_175' title='bbox 468 2637 718 2691; x_wconf 85' lang='lat' dir='ltr'><strong>omnium</strong></span> <span class='ocrx_word' id='word_1_176' title='bbox 744 2635 1046 2690; x_wconf 88' lang='lat' dir='ltr'><strong>visibilium</strong></span> <span class='ocrx_word' id='word_1_177' title='bbox 1072 2641 1129 2689; x_wconf 91' lang='lat' dir='ltr'><strong>et</strong></span> <span class='ocrx_word' id='word_1_178' title='bbox 1153 2631 1518 2687; x_wconf 89' lang='lat' dir='ltr'><strong>invisibilium</strong></span> <span class='ocrx_word' id='word_1_179' title='bbox 1548 2629 1813 2686; x_wconf 86' lang='lat' dir='ltr'><strong>factorem</strong></span> <span class='ocrx_word' id='word_1_180' title='bbox 1859 2648 1874 2685; x_wconf 90' lang='lat'><strong>:</strong></span> <span class='ocrx_word' id='word_1_181' title='bbox 1906 2639 1966 2687; x_wconf 92' lang='lat' dir='ltr'><strong>et</strong></span> <span class='ocrx_word' id='word_1_182' title='bbox 1997 2629 2056 2684; x_wconf 92' lang='lat' dir='ltr'><strong>in</strong></span> 
     </span>
    </p>
   </div>
   <div class='ocr_carea' id='block_1_28' title="bbox 471 2720 2055 2788">
    <p class='ocr_par' dir='ltr' id='par_1_28' title="bbox 471 2720 2055 2788">
     <span class='ocr_line' id='line_1_28' title="bbox 471 2720 2055 2788; baseline -0.005 -5"><span class='ocrx_word' id='word_1_183' title='bbox 471 2744 644 2783; x_wconf 86' lang='lat' dir='ltr'><strong>unum</strong></span> <span class='ocrx_word' id='word_1_184' title='bbox 662 2726 951 2781; x_wconf 89' lang='lat' dir='ltr'><strong>Dominum</strong></span> <span class='ocrx_word' id='word_1_185' title='bbox 975 2724 1161 2780; x_wconf 89' lang='lat' dir='ltr'><strong>Jesum</strong></span> <span class='ocrx_word' id='word_1_186' title='bbox 1176 2722 1482 2788; x_wconf 85' lang='lat' dir='ltr'><strong>Christum,</strong></span> <span class='ocrx_word' id='word_1_187' title='bbox 1501 2721 1700 2775; x_wconf 88' lang='lat' dir='ltr'><strong>Filium</strong></span> <span class='ocrx_word' id='word_1_188' title='bbox 1724 2720 1844 2788; x_wconf 82' lang='lat' dir='ltr'><strong>Dei,</strong></span> <span class='ocrx_word' id='word_1_189' title='bbox 1867 2728 2055 2777; x_wconf 90' lang='lat' dir='ltr'><strong>natum</strong></span> 
     </span>
    </p>
   </div>
   <div class='ocr_carea' id='block_1_29' title="bbox 470 2812 2058 2885">
    <p class='ocr_par' dir='ltr' id='par_1_29' title="bbox 470 2812 2058 2885">
     <span class='ocr_line' id='line_1_29' title="bbox 470 2812 2058 2885; baseline -0.003 -12"><span class='ocrx_word' id='word_1_190' title='bbox 470 2835 541 2874; x_wconf 76' lang='lat' dir='ltr'><strong>ex</strong></span> <span class='ocrx_word' id='word_1_191' title='bbox 569 2818 750 2881; x_wconf 86' lang='lat' dir='ltr'><strong>Patre,</strong></span> <span class='ocrx_word' id='word_1_192' title='bbox 779 2815 1149 2885; x_wconf 78' lang='lat' dir='ltr'><strong>unigenitum,</strong></span> <span class='ocrx_word' id='word_1_193' title='bbox 1196 2813 1304 2868; x_wconf 90' lang='lat' dir='ltr'><strong>hoc</strong></span> <span class='ocrx_word' id='word_1_194' title='bbox 1335 2820 1441 2878; x_wconf 90' lang='lat' dir='ltr'><strong>est,</strong></span> <span class='ocrx_word' id='word_1_195' title='bbox 1469 2827 1538 2867; x_wconf 82' lang='lat' dir='ltr'><strong>ex</strong></span> <span class='ocrx_word' id='word_1_196' title='bbox 1563 2813 1681 2884; x_wconf 85' lang='lat' dir='ltr'><strong>ejus</strong></span> <span class='ocrx_word' id='word_1_197' title='bbox 1706 2812 2058 2880; x_wconf 85' lang='lat' dir='ltr'><strong>substantia;</strong></span> 
     </span>
    </p>
   </div>
   <div class='ocr_carea' id='block_1_30' title="bbox 473 2902 2062 2971">
    <p class='ocr_par' dir='ltr' id='par_1_30' title="bbox 473 2902 2062 2971">
     <span class='ocr_line' id='line_1_30' title="bbox 473 2902 2062 2971; baseline -0.005 -4"><span class='ocrx_word' id='word_1_198' title='bbox 473 2912 647 2967; x_wconf 83' lang='lat' dir='ltr'><strong>Deum</strong></span> <span class='ocrx_word' id='word_1_199' title='bbox 670 2906 739 2963; x_wconf 87' lang='lat' dir='ltr'><strong>de</strong></span> <span class='ocrx_word' id='word_1_200' title='bbox 754 2906 888 2971; x_wconf 89' lang='lat' dir='ltr'><strong>Deo,</strong></span> <span class='ocrx_word' id='word_1_201' title='bbox 913 2904 1099 2959; x_wconf 90' lang='lat' dir='ltr'><strong>lumen</strong></span> <span class='ocrx_word' id='word_1_202' title='bbox 1118 2904 1187 2959; x_wconf 85' lang='lat' dir='ltr'><strong>de</strong></span> <span class='ocrx_word' id='word_1_203' title='bbox 1205 2902 1434 2969; x_wconf 86' lang='lat' dir='ltr'><strong>lumine,</strong></span> <span class='ocrx_word' id='word_1_204' title='bbox 1451 2903 1624 2960; x_wconf 89' lang='lat' dir='ltr'><strong>Deum</strong></span> <span class='ocrx_word' id='word_1_205' title='bbox 1647 2919 1842 2959; x_wconf 89' lang='lat' dir='ltr'><strong>verum</strong></span> <span class='ocrx_word' id='word_1_206' title='bbox 1858 2904 1928 2959; x_wconf 90' lang='lat' dir='ltr'><strong>de</strong></span> <span class='ocrx_word' id='word_1_207' title='bbox 1946 2902 2062 2959; x_wconf 86' lang='lat' dir='ltr'><strong>Deo</strong></span> 
     </span>
    </p>
   </div>
   <div class='ocr_carea' id='block_1_31' title="bbox 474 2991 2058 3066">
    <p class='ocr_par' dir='ltr' id='par_1_31' title="bbox 474 2991 2058 3066">
     <span class='ocr_line' id='line_1_31' title="bbox 474 2991 2058 3066; baseline -0.003 -14"><span class='ocrx_word' id='word_1_208' title='bbox 474 3012 606 3052; x_wconf 77' lang='lat' dir='ltr'><strong>vero</strong></span> <span class='ocrx_word' id='word_1_209' title='bbox 624 3013 639 3064; x_wconf 89' lang='lat'><strong>;</strong></span> <span class='ocrx_word' id='word_1_210' title='bbox 658 2995 924 3066; x_wconf 87' lang='lat' dir='ltr'><strong>genitum,</strong></span> <span class='ocrx_word' id='word_1_211' title='bbox 946 3008 1060 3048; x_wconf 87' lang='lat' dir='ltr'><strong>non</strong></span> <span class='ocrx_word' id='word_1_212' title='bbox 1081 2993 1309 3059; x_wconf 81' lang='lat' dir='ltr'><strong>factum,</strong></span> <span class='ocrx_word' id='word_1_213' title='bbox 1336 2993 1858 3050; x_wconf 86' lang='lat' dir='ltr'><strong>consubstantialem</strong></span> <span class='ocrx_word' id='word_1_214' title='bbox 1886 2991 2058 3059; x_wconf 87' lang='lat' dir='ltr'><strong>Patri;</strong></span> 
     </span>
    </p>
   </div>
   <div class='ocr_carea' id='block_1_32' title="bbox 2148 506 3734 580">
    <p class='ocr_par' dir='ltr' id='par_1_32' title="bbox 2148 506 3734 580">
     <span class='ocr_line' id='line_1_32' title="bbox 2148 506 3734 580; baseline 0.003 -21"><span class='ocrx_word' id='word_1_215' title='bbox 2148 506 2390 560; x_wconf 77' lang='grc' dir='ltr'>εὐσεϐῶν</span> <span class='ocrx_word' id='word_1_216' title='bbox 2438 506 2539 576; x_wconf 80' lang='grc' dir='ltr'>τῆς</span> <span class='ocrx_word' id='word_1_217' title='bbox 2580 506 2910 578; x_wconf 85' lang='grc' dir='ltr'>Ἐκκλησίας</span> <span class='ocrx_word' id='word_1_218' title='bbox 2938 506 3245 578; x_wconf 83' lang='grc' dir='ltr'><strong>δογμάτων,</strong></span> <span class='ocrx_word' id='word_1_219' title='bbox 3276 507 3371 563; x_wconf 87' lang='grc' dir='ltr'><strong>δύο</strong></span> <span class='ocrx_word' id='word_1_220' title='bbox 3400 509 3734 580; x_wconf 74' lang='grc' dir='ltr'>πρεσϐεύον-</span> 
     </span>
    </p>
   </div>
   <div class='ocr_carea' id='block_1_33' title="bbox 2149 599 3738 674">
    <p class='ocr_par' dir='ltr' id='par_1_33' title="bbox 2149 599 3738 674">
     <span class='ocr_line' id='line_1_33' title="bbox 2149 599 3738 674; baseline 0.003 -22"><span class='ocrx_word' id='word_1_221' title='bbox 2149 617 2238 662; x_wconf 88' lang='grc' dir='ltr'><strong>τες</strong></span> <span class='ocrx_word' id='word_1_222' title='bbox 2268 599 2441 663; x_wconf 81' lang='grc' dir='ltr'>υἱοὺς,</span> <span class='ocrx_word' id='word_1_223' title='bbox 2475 599 2568 653; x_wconf 72' lang='grc' dir='ltr'>καὶ</span> <span class='ocrx_word' id='word_1_224' title='bbox 2606 600 2983 670; x_wconf 82' lang='grc' dir='ltr'>διατέμνοντες</span> <span class='ocrx_word' id='word_1_225' title='bbox 3015 601 3106 655; x_wconf 88' lang='grc' dir='ltr'><strong>τὸν</strong></span> <span class='ocrx_word' id='word_1_226' title='bbox 3139 600 3457 674; x_wconf 80' lang='grc' dir='ltr'>ἀμέριστον,</span> <span class='ocrx_word' id='word_1_227' title='bbox 3515 604 3607 656; x_wconf 74' lang='grc' dir='ltr'>καὶ</span> <span class='ocrx_word' id='word_1_228' title='bbox 3637 603 3738 656; x_wconf 87' lang='grc' dir='ltr'>ἀν-</span> 
     </span>
    </p>
   </div>
   <div class='ocr_carea' id='block_1_34' title="bbox 2150 688 3740 763">
    <p class='ocr_par' dir='ltr' id='par_1_34' title="bbox 2150 688 3740 763">
     <span class='ocr_line' id='line_1_34' title="bbox 2150 688 3740 763; baseline 0.003 -21"><span class='ocrx_word' id='word_1_229' title='bbox 2150 688 2567 761; x_wconf 87' lang='grc' dir='ltr'>θρωπολατρίας</span> <span class='ocrx_word' id='word_1_230' title='bbox 2615 689 2866 759; x_wconf 75' lang='grc' dir='ltr'>ἔγκλημα</span> <span class='ocrx_word' id='word_1_231' title='bbox 2919 691 3367 762; x_wconf 81' lang='grc' dir='ltr'><strong>καταγράφοντες</strong></span> <span class='ocrx_word' id='word_1_232' title='bbox 3411 691 3643 763; x_wconf 87' lang='grc' dir='ltr'>οὐρανοῦ</span> <span class='ocrx_word' id='word_1_233' title='bbox 3669 709 3740 746; x_wconf 80' lang='grc' dir='ltr'><strong>τε</strong></span> 
     </span>
    </p>
   </div>
   <div class='ocr_carea' id='block_1_35' title="bbox 2150 778 3743 853">
    <p class='ocr_par' dir='ltr' id='par_1_35' title="bbox 2150 778 3743 853">
     <span class='ocr_line' id='line_1_35' title="bbox 2150 778 3743 853; baseline 0 -19"><span class='ocrx_word' id='word_1_234' title='bbox 2150 780 2246 834; x_wconf 75' lang='grc' dir='ltr'>καὶ</span> <span class='ocrx_word' id='word_1_235' title='bbox 2276 780 2399 851; x_wconf 83' lang='grc' dir='ltr'>γῆς.</span> <span class='ocrx_word' id='word_1_236' title='bbox 2430 782 2734 852; x_wconf 76' lang='grc' dir='ltr'>Προσκυνεί</span> <span class='ocrx_word' id='word_1_237' title='bbox 2767 780 2877 853; x_wconf 76' lang='grc' dir='ltr'>γὰρ</span> <span class='ocrx_word' id='word_1_238' title='bbox 2905 779 3026 851; x_wconf 90' lang='grc' dir='ltr'>μεθ’</span> <span class='ocrx_word' id='word_1_239' title='bbox 3049 778 3208 851; x_wconf 81' lang='grc' dir='ltr'>ἡμῶν</span> <span class='ocrx_word' id='word_1_240' title='bbox 3234 782 3268 852; x_wconf 80' lang='grc' dir='ltr'>ἠ</span> <span class='ocrx_word' id='word_1_241' title='bbox 3299 780 3409 834; x_wconf 84' lang='grc' dir='ltr'><strong>τῶν</strong></span> <span class='ocrx_word' id='word_1_242' title='bbox 3435 780 3548 837; x_wconf 81' lang='grc' dir='ltr'><strong>ἀνω</strong></span> <span class='ocrx_word' id='word_1_243' title='bbox 3565 798 3743 835; x_wconf 85' lang='grc' dir='ltr'>πνευ-</span> 
     </span>
    </p>
   </div>
   <div class='ocr_carea' id='block_1_36' title="bbox 2153 871 3744 944">
    <p class='ocr_par' dir='ltr' id='par_1_36' title="bbox 2153 871 3744 944">
     <span class='ocr_line' id='line_1_36' title="bbox 2153 871 3744 944; baseline -0.001 -18"><span class='ocrx_word' id='word_1_244' title='bbox 2153 872 2338 943; x_wconf 88' lang='grc' dir='ltr'>μάτων</span> <span class='ocrx_word' id='word_1_245' title='bbox 2371 872 2501 941; x_wconf 85' lang='grc' dir='ltr'>ἁγία</span> <span class='ocrx_word' id='word_1_246' title='bbox 2553 872 2762 944; x_wconf 80' lang='grc' dir='ltr'>πληθὺς</span> <span class='ocrx_word' id='word_1_247' title='bbox 2794 872 2883 926; x_wconf 87' lang='grc' dir='ltr'><strong>τὸν</strong></span> <span class='ocrx_word' id='word_1_248' title='bbox 2933 871 3029 926; x_wconf 70' lang='grc' dir='ltr'>ἕνα</span> <span class='ocrx_word' id='word_1_249' title='bbox 3072 872 3279 944; x_wconf 84' lang='grc' dir='ltr'><strong>Κύριον</strong></span> <span class='ocrx_word' id='word_1_250' title='bbox 3324 871 3534 943; x_wconf 82' lang='grc' dir='ltr'>Ἰησοῦν</span> <span class='ocrx_word' id='word_1_251' title='bbox 3590 873 3744 942; x_wconf 81' lang='grc' dir='ltr'>Χρι-</span> 
     </span>
    </p>
   </div>
   <div class='ocr_carea' id='block_1_37' title="bbox 2151 961 3745 1036">
    <p class='ocr_par' dir='ltr' id='par_1_37' title="bbox 2151 961 3745 1036">
     <span class='ocr_line' id='line_1_37' title="bbox 2151 961 3745 1036; baseline 0.001 -20"><span class='ocrx_word' id='word_1_252' title='bbox 2151 964 2297 1017; x_wconf 87' lang='grc' dir='ltr'>στόν.</span> <span class='ocrx_word' id='word_1_253' title='bbox 2341 963 2515 1036; x_wconf 84' lang='grc' dir='ltr'>’Υπὲρ</span> <span class='ocrx_word' id='word_1_254' title='bbox 2560 962 2617 1016; x_wconf 85' lang='grc' dir='ltr'><strong>δὲ</strong></span> <span class='ocrx_word' id='word_1_255' title='bbox 2668 963 2762 1017; x_wconf 88' lang='grc' dir='ltr'><strong>τοῦ</strong></span> <span class='ocrx_word' id='word_1_256' title='bbox 2799 962 2876 1034; x_wconf 76' lang='grc' dir='ltr'>μὴ</span> <span class='ocrx_word' id='word_1_257' title='bbox 2926 961 3239 1032; x_wconf 79' lang='grc' dir='ltr'>ἀγνοεῖσθαι</span> <span class='ocrx_word' id='word_1_258' title='bbox 3282 965 3435 1034; x_wconf 87' lang='grc' dir='ltr'><strong>παρά</strong></span> <span class='ocrx_word' id='word_1_259' title='bbox 3469 980 3584 1016; x_wconf 88' lang='grc' dir='ltr'>τισι</span> <span class='ocrx_word' id='word_1_260' title='bbox 3633 964 3745 1018; x_wconf 79' lang='grc' dir='ltr'>τυῦ</span> 
     </span>
    </p>
   </div>
   <div class='ocr_carea' id='block_1_38' title="bbox 2150 1048 3750 1121">
    <p class='ocr_par' dir='ltr' id='par_1_38' title="bbox 2150 1048 3750 1121">
     <span class='ocr_line' id='line_1_38' title="bbox 2150 1048 3750 1121; baseline 0 -20"><span class='ocrx_word' id='word_1_261' title='bbox 2150 1048 2430 1120; x_wconf 76' lang='grc' dir='ltr'>Συμϐόλου</span> <span class='ocrx_word' id='word_1_262' title='bbox 2455 1049 2553 1121; x_wconf 81' lang='grc' dir='ltr'>τὴν</span> <span class='ocrx_word' id='word_1_263' title='bbox 2585 1050 2836 1121; x_wconf 88' lang='grc' dir='ltr'>δύναμιν,</span> <span class='ocrx_word' id='word_1_264' title='bbox 2868 1050 2896 1104; x_wconf 83' lang='grc' dir='ltr'><strong>ὃ</strong></span> <span class='ocrx_word' id='word_1_265' title='bbox 2922 1049 3015 1104; x_wconf 75' lang='grc' dir='ltr'>καὶ</span> <span class='ocrx_word' id='word_1_266' title='bbox 3046 1051 3104 1105; x_wconf 81' lang='grc' dir='ltr'>ὲν</span> <span class='ocrx_word' id='word_1_267' title='bbox 3129 1050 3369 1114; x_wconf 88' lang='grc' dir='ltr'>ἀπάσαις</span> <span class='ocrx_word' id='word_1_268' title='bbox 3395 1053 3517 1115; x_wconf 83' lang='grc' dir='ltr'>ταῖς</span> <span class='ocrx_word' id='word_1_269' title='bbox 3545 1051 3750 1120; x_wconf 81' lang='grc' dir='ltr'>ἁγίαις</span> 
     </span>
    </p>
   </div>
   <div class='ocr_carea' id='block_1_39' title="bbox 2152 1140 3746 1214">
    <p class='ocr_par' dir='ltr' id='par_1_39' title="bbox 2152 1140 3746 1214">
     <span class='ocr_line' id='line_1_39' title="bbox 2152 1140 3746 1214; baseline 0.001 -19"><span class='ocrx_word' id='word_1_270' title='bbox 2152 1140 2247 1195; x_wconf 90' lang='grc' dir='ltr'><strong>τοῦ</strong></span> <span class='ocrx_word' id='word_1_271' title='bbox 2274 1141 2408 1195; x_wconf 84' lang='grc' dir='ltr'><strong>Θεοῦ</strong></span> <span class='ocrx_word' id='word_1_272' title='bbox 2460 1141 2810 1212; x_wconf 86' lang='grc' dir='ltr'>Ἐκκλησίαις</span> <span class='ocrx_word' id='word_1_273' title='bbox 2849 1142 2945 1196; x_wconf 82' lang='grc' dir='ltr'>καὶ</span> <span class='ocrx_word' id='word_1_274' title='bbox 2989 1142 3204 1214; x_wconf 83' lang='grc' dir='ltr'>κρατεῖ,</span> <span class='ocrx_word' id='word_1_275' title='bbox 3242 1142 3336 1196; x_wconf 76' lang='grc' dir='ltr'>καὶ</span> <span class='ocrx_word' id='word_1_276' title='bbox 3365 1143 3746 1213; x_wconf 81' lang='grc' dir='ltr'>κεκήρυκται,</span> 
     </span>
    </p>
   </div>
   <div class='ocr_carea' id='block_1_40' title="bbox 2151 1216 3750 1304">
    <p class='ocr_par' dir='ltr' id='par_1_40' title="bbox 2151 1216 3750 1304">
     <span class='ocr_line' id='line_1_40' title="bbox 2151 1216 3750 1304; baseline 0.001 -19"><span class='ocrx_word' id='word_1_277' title='bbox 2151 1232 2412 1304; x_wconf 86' lang='grc' dir='ltr'>Πατέρων</span> <span class='ocrx_word' id='word_1_278' title='bbox 2438 1233 2609 1302; x_wconf 82' lang='grc' dir='ltr'>ἁγίων</span> <span class='ocrx_word' id='word_1_279' title='bbox 2637 1233 2816 1300; x_wconf 81' lang='grc' dir='ltr'>δόξας,</span> <span class='ocrx_word' id='word_1_280' title='bbox 2849 1216 3017 1304; x_wconf 71' lang='grc' dir='ltr'>ἤγουν</span> <span class='ocrx_word' id='word_1_281' title='bbox 3047 1232 3315 1299; x_wconf 70' lang='grc' dir='ltr'>ἐκθέσεις,</span> <span class='ocrx_word' id='word_1_282' title='bbox 3357 1232 3583 1300; x_wconf 79' lang='grc' dir='ltr'>ὲνέταξα</span> <span class='ocrx_word' id='word_1_283' title='bbox 3619 1235 3750 1297; x_wconf 73' lang='grc' dir='ltr'>τοῖς</span> 
     </span>
    </p>
   </div>
   <div class='ocr_carea' id='block_1_41' title="bbox 2151 1322 3749 1395">
    <p class='ocr_par' dir='ltr' id='par_1_41' title="bbox 2151 1322 3749 1395">
     <span class='ocr_line' id='line_1_41' title="bbox 2151 1322 3749 1395; baseline -0.001 -19"><span class='ocrx_word' id='word_1_284' title='bbox 2151 1323 2340 1377; x_wconf 81' lang='grc' dir='ltr'><strong>αὐτόθι</strong></span> <span class='ocrx_word' id='word_1_285' title='bbox 2370 1324 2781 1395; x_wconf 80' lang='grc' dir='ltr'><strong>πεπραγμένοις</strong></span> <span class='ocrx_word' id='word_1_286' title='bbox 2815 1323 3228 1395; x_wconf 81' lang='grc' dir='ltr'>ὑπομνήμασιν·</span> <span class='ocrx_word' id='word_1_287' title='bbox 3262 1322 3329 1376; x_wconf 79' lang='grc' dir='ltr'><strong>ἶν’</strong></span> <span class='ocrx_word' id='word_1_288' title='bbox 3362 1323 3554 1378; x_wconf 71' lang='grc' dir='ltr'>εἰδεῖεν</span> <span class='ocrx_word' id='word_1_289' title='bbox 3580 1325 3629 1378; x_wconf 68' lang='lat' dir='ltr'><strong>oi</strong></span> <span class='ocrx_word' id='word_1_290' title='bbox 3652 1324 3749 1375; x_wconf 78' lang='grc' dir='ltr'><strong>ὲν-</strong></span> 
     </span>
    </p>
   </div>
   <div class='ocr_carea' id='block_1_42' title="bbox 2150 1414 3746 1487">
    <p class='ocr_par' dir='ltr' id='par_1_42' title="bbox 2150 1414 3746 1487">
     <span class='ocr_line' id='line_1_42' title="bbox 2150 1414 3746 1487; baseline 0.001 -19"><span class='ocrx_word' id='word_1_291' title='bbox 2150 1414 2511 1485; x_wconf 87' lang='grc' dir='ltr'>τυγχάνοντες</span> <span class='ocrx_word' id='word_1_292' title='bbox 2556 1416 2768 1479; x_wconf 81' lang='grc' dir='ltr'>αὐταῖς,</span> <span class='ocrx_word' id='word_1_293' title='bbox 2802 1415 2924 1469; x_wconf 88' lang='grc' dir='ltr'>τίνα</span> <span class='ocrx_word' id='word_1_294' title='bbox 2964 1415 3232 1487; x_wconf 81' lang='grc' dir='ltr'>προσήκει</span> <span class='ocrx_word' id='word_1_295' title='bbox 3264 1415 3503 1469; x_wconf 78' lang='grc' dir='ltr'>νοεῖσθαι</span> <span class='ocrx_word' id='word_1_296' title='bbox 3532 1416 3746 1486; x_wconf 78' lang='grc' dir='ltr'>τρόπον</span> 
     </span>
    </p>
   </div>
   <div class='ocr_carea' id='block_1_43' title="bbox 2150 1505 3747 1579">
    <p class='ocr_par' dir='ltr' id='par_1_43' title="bbox 2150 1505 3747 1579">
     <span class='ocr_line' id='line_1_43' title="bbox 2150 1505 3747 1579; baseline 0.001 -20"><span class='ocrx_word' id='word_1_297' title='bbox 2150 1506 2261 1560; x_wconf 84' lang='grc' dir='ltr'><strong>τῶν</strong></span> <span class='ocrx_word' id='word_1_298' title='bbox 2293 1507 2462 1575; x_wconf 85' lang='grc' dir='ltr'>ἁγίων</span> <span class='ocrx_word' id='word_1_299' title='bbox 2488 1506 2747 1578; x_wconf 86' lang='grc' dir='ltr'>Πατέρων</span> <span class='ocrx_word' id='word_1_300' title='bbox 2775 1507 2873 1578; x_wconf 83' lang='grc' dir='ltr'>τὴν</span> <span class='ocrx_word' id='word_1_301' title='bbox 2902 1505 3136 1573; x_wconf 75' lang='grc' dir='ltr'>ἔκθεσιν,</span> <span class='ocrx_word' id='word_1_302' title='bbox 3169 1507 3293 1577; x_wconf 73' lang='grc' dir='ltr'>ἦτοι</span> <span class='ocrx_word' id='word_1_303' title='bbox 3337 1508 3401 1560; x_wconf 90' lang='grc' dir='ltr'><strong>τὸ</strong></span> <span class='ocrx_word' id='word_1_304' title='bbox 3432 1509 3747 1579; x_wconf 80' lang='grc' dir='ltr'>ἀκραιφνὲς</span> 
     </span>
    </p>
   </div>
   <div class='ocr_carea' id='block_1_44' title="bbox 2152 1595 3746 1670">
    <p class='ocr_par' dir='ltr' id='par_1_44' title="bbox 2152 1595 3746 1670">
     <span class='ocr_line' id='line_1_44' title="bbox 2152 1595 3746 1670; baseline 0 -18"><span class='ocrx_word' id='word_1_305' title='bbox 2152 1599 2251 1668; x_wconf 84' lang='grc' dir='ltr'>τῆς</span> <span class='ocrx_word' id='word_1_306' title='bbox 2278 1597 2448 1669; x_wconf 85' lang='grc' dir='ltr'><strong>ὀρθῆς</strong></span> <span class='ocrx_word' id='word_1_307' title='bbox 2478 1599 2714 1662; x_wconf 87' lang='grc' dir='ltr'>πίστεως</span> <span class='ocrx_word' id='word_1_308' title='bbox 2753 1597 3047 1667; x_wconf 79' lang='grc' dir='ltr'>Σύμϐολον.</span> <span class='ocrx_word' id='word_1_309' title='bbox 3084 1595 3250 1670; x_wconf 75' lang='grc' dir='ltr'>Οἶμαι</span> <span class='ocrx_word' id='word_1_310' title='bbox 3290 1598 3346 1652; x_wconf 80' lang='grc' dir='ltr'><strong>δὲ</strong></span> <span class='ocrx_word' id='word_1_311' title='bbox 3379 1599 3478 1670; x_wconf 81' lang='grc' dir='ltr'>τὴν</span> <span class='ocrx_word' id='word_1_312' title='bbox 3510 1600 3746 1669; x_wconf 73' lang='grc' dir='ltr'>ἀγάπην</span> 
     </span>
    </p>
   </div>
   <div class='ocr_carea' id='block_1_45' title="bbox 2148 1688 3746 1762">
    <p class='ocr_par' dir='ltr' id='par_1_45' title="bbox 2148 1688 3746 1762">
     <span class='ocr_line' id='line_1_45' title="bbox 2148 1688 3746 1762; baseline -0.001 -19"><span class='ocrx_word' id='word_1_313' title='bbox 2148 1689 2311 1761; x_wconf 81' lang='grc' dir='ltr'>’ὐμῶν</span> <span class='ocrx_word' id='word_1_314' title='bbox 2331 1690 2429 1743; x_wconf 74' lang='grc' dir='ltr'>καὶ</span> <span class='ocrx_word' id='word_1_315' title='bbox 2458 1691 2703 1762; x_wconf 83' lang='grc' dir='ltr'><strong>ἐντυχεῖν</strong></span> <span class='ocrx_word' id='word_1_316' title='bbox 2730 1690 2810 1761; x_wconf 82' lang='grc' dir='ltr'>τῷ</span> <span class='ocrx_word' id='word_1_317' title='bbox 2840 1689 3053 1761; x_wconf 73' lang='grc' dir='ltr'>βιϐλίῳ,</span> <span class='ocrx_word' id='word_1_318' title='bbox 3084 1688 3113 1743; x_wconf 79' lang='grc' dir='ltr'><strong>ὃ</strong></span> <span class='ocrx_word' id='word_1_319' title='bbox 3158 1689 3287 1760; x_wconf 74' lang='grc' dir='ltr'>περὶ</span> <span class='ocrx_word' id='word_1_320' title='bbox 3317 1689 3524 1743; x_wconf 84' lang='grc' dir='ltr'>τούτων</span> <span class='ocrx_word' id='word_1_321' title='bbox 3551 1690 3746 1743; x_wconf 83' lang='grc' dir='ltr'>αὐτῶν</span> 
     </span>
    </p>
   </div>
   <div class='ocr_carea' id='block_1_46' title="bbox 2158 1781 3745 1855">
    <p class='ocr_par' dir='ltr' id='par_1_46' title="bbox 2158 1781 3745 1855">
     <span class='ocr_line' id='line_1_46' title="bbox 2158 1781 3745 1855; baseline -0.002 -19"><span class='ocrx_word' id='word_1_322' title='bbox 2158 1783 2643 1855; x_wconf 82' lang='grc' dir='ltr'>συγγεγράφαμεν.</span> <span class='ocrx_word' id='word_1_323' title='bbox 2666 1782 2808 1837; x_wconf 79' lang='grc' dir='ltr'>Αὐτὸ</span> <span class='ocrx_word' id='word_1_324' title='bbox 2845 1782 2900 1836; x_wconf 87' lang='grc' dir='ltr'><strong>δὲ</strong></span> <span class='ocrx_word' id='word_1_325' title='bbox 2933 1784 3028 1837; x_wconf 74' lang='grc' dir='ltr'>καὶ</span> <span class='ocrx_word' id='word_1_326' title='bbox 3068 1781 3184 1849; x_wconf 84' lang='grc' dir='ltr'>νῦν,</span> <span class='ocrx_word' id='word_1_327' title='bbox 3224 1783 3300 1847; x_wconf 82' lang='grc' dir='ltr'><strong>ὡς</strong></span> <span class='ocrx_word' id='word_1_328' title='bbox 3333 1781 3489 1852; x_wconf 76' lang='grc' dir='ltr'>ἔφην,</span> <span class='ocrx_word' id='word_1_329' title='bbox 3517 1781 3613 1834; x_wconf 73' lang='grc' dir='ltr'><strong>ἐπὶ</strong></span> <span class='ocrx_word' id='word_1_330' title='bbox 3643 1781 3745 1833; x_wconf 69' lang='grc' dir='ltr'><strong>λὲο</strong></span> 
     </span>
    </p>
   </div>
   <div class='ocr_carea' id='block_1_47' title="bbox 2160 1869 3748 1945">
    <p class='ocr_par' dir='ltr' id='par_1_47' title="bbox 2160 1869 3748 1945">
     <span class='ocr_line' id='line_1_47' title="bbox 2160 1869 3748 1945; baseline -0.002 -19"><span class='ocrx_word' id='word_1_331' title='bbox 2160 1870 2293 1938; x_wconf 79' lang='grc' dir='ltr'>ξεως</span> <span class='ocrx_word' id='word_1_332' title='bbox 2330 1872 2501 1943; x_wconf 83' lang='grc' dir='ltr'>αὐτῆς</span> <span class='ocrx_word' id='word_1_333' title='bbox 2537 1872 2810 1945; x_wconf 74' lang='grc' dir='ltr'>παραθεὶς</span> <span class='ocrx_word' id='word_1_334' title='bbox 2842 1871 2904 1925; x_wconf 92' lang='grc' dir='ltr'><strong>τὸ</strong></span> <span class='ocrx_word' id='word_1_335' title='bbox 2941 1870 3238 1943; x_wconf 76' lang='grc' dir='ltr'>Σύμϐολον,</span> <span class='ocrx_word' id='word_1_336' title='bbox 3262 1870 3602 1942; x_wconf 76' lang='grc' dir='ltr'>τετράψομαι</span> <span class='ocrx_word' id='word_1_337' title='bbox 3637 1869 3748 1923; x_wconf 70' lang='grc' dir='ltr'><strong>σὺν</strong></span> 
     </span>
    </p>
   </div>
   <div class='ocr_carea' id='block_1_48' title="bbox 2155 1959 3748 2033">
    <p class='ocr_par' dir='ltr' id='par_1_48' title="bbox 2155 1959 3748 2033">
     <span class='ocr_line' id='line_1_48' title="bbox 2155 1959 3748 2033; baseline -0.001 -19"><span class='ocrx_word' id='word_1_338' title='bbox 2155 1961 2278 2033; x_wconf 82' lang='grc' dir='ltr'>Θεῷ</span> <span class='ocrx_word' id='word_1_339' title='bbox 2308 1964 2444 2033; x_wconf 86' lang='grc' dir='ltr'>πρός</span> <span class='ocrx_word' id='word_1_340' title='bbox 2476 1977 2541 2029; x_wconf 87' lang='grc' dir='ltr'><strong>γε</strong></span> <span class='ocrx_word' id='word_1_341' title='bbox 2568 1962 2631 2015; x_wconf 90' lang='grc' dir='ltr'><strong>τὸ</strong></span> <span class='ocrx_word' id='word_1_342' title='bbox 2665 1962 2774 2016; x_wconf 86' lang='grc' dir='ltr'>δεῖν</span> <span class='ocrx_word' id='word_1_343' title='bbox 2804 1960 3012 2015; x_wconf 74' lang='grc' dir='ltr'>ἕκαστα</span> <span class='ocrx_word' id='word_1_344' title='bbox 3038 1959 3146 2014; x_wconf 84' lang='grc' dir='ltr'><strong>τῶν</strong></span> <span class='ocrx_word' id='word_1_345' title='bbox 3178 1961 3236 2015; x_wconf 83' lang='grc' dir='ltr'>ὲν</span> <span class='ocrx_word' id='word_1_346' title='bbox 3269 1959 3420 2030; x_wconf 89' lang='grc' dir='ltr'>αὐτῷ</span> <span class='ocrx_word' id='word_1_347' title='bbox 3466 1959 3748 2030; x_wconf 80' lang='grc' dir='ltr'>κειμένων</span> 
     </span>
    </p>
   </div>
   <div class='ocr_carea' id='block_1_49' title="bbox 2159 2047 3749 2126">
    <p class='ocr_par' dir='ltr' id='par_1_49' title="bbox 2159 2047 3749 2126">
     <span class='ocr_line' id='line_1_49' title="bbox 2159 2047 3749 2126; baseline -0.003 -17"><span class='ocrx_word' id='word_1_348' title='bbox 2159 2053 2557 2126; x_wconf 86' lang='grc' dir='ltr'>διερμηνεῦσαι</span> <span class='ocrx_word' id='word_1_349' title='bbox 2594 2054 2805 2123; x_wconf 80' lang='grc' dir='ltr'>σαφῶς.</span> <span class='ocrx_word' id='word_1_350' title='bbox 2829 2052 3155 2124; x_wconf 84' lang='grc' dir='ltr'>Γεγραφότα</span> <span class='ocrx_word' id='word_1_351' title='bbox 3197 2051 3307 2122; x_wconf 88' lang='grc' dir='ltr'>γὰρ</span> <span class='ocrx_word' id='word_1_352' title='bbox 3336 2047 3452 2106; x_wconf 79' lang='grc' dir='ltr'>οἶδα</span> <span class='ocrx_word' id='word_1_353' title='bbox 3480 2052 3571 2106; x_wconf 90' lang='grc' dir='ltr'><strong>τὸν</strong></span> <span class='ocrx_word' id='word_1_354' title='bbox 3599 2069 3749 2106; x_wconf 73' lang='grc' dir='ltr'>πανο</span> 
     </span>
    </p>
   </div>
   <div class='ocr_carea' id='block_1_50' title="bbox 2162 2143 3750 2220">
    <p class='ocr_par' dir='ltr' id='par_1_50' title="bbox 2162 2143 3750 2220">
     <span class='ocr_line' id='line_1_50' title="bbox 2162 2143 3750 2220; baseline -0.003 -18"><span class='ocrx_word' id='word_1_355' title='bbox 2162 2149 2409 2220; x_wconf 77' lang='grc' dir='ltr'>ἀοίδιμον</span> <span class='ocrx_word' id='word_1_356' title='bbox 2453 2146 2695 2219; x_wconf 60' lang='grc' dir='ltr'>ζΠέτρονο</span> <span class='ocrx_word' id='word_1_357' title='bbox 2739 2166 2757 2199; x_wconf 79' lang='grc' dir='ltr'><strong>ι</strong></span> <span class='ocrx_word' id='word_1_358' title='bbox 2810 2149 3057 2219; x_wconf 88' lang='grc' dir='ltr'>Ἔτοιμοι</span> <span class='ocrx_word' id='word_1_359' title='bbox 3108 2146 3197 2202; x_wconf 78' lang='grc' dir='ltr'>ἀεὶ</span> <span class='ocrx_word' id='word_1_360' title='bbox 3261 2145 3401 2217; x_wconf 86' lang='grc' dir='ltr'>πρὸς</span> <span class='ocrx_word' id='word_1_361' title='bbox 3443 2143 3750 2214; x_wconf 80' lang='grc' dir='ltr'>ἀπολογίαν</span> 
     </span>
    </p>
   </div>
   <div class='ocr_carea' id='block_1_51' title="bbox 2160 2235 3747 2313">
    <p class='ocr_par' dir='ltr' id='par_1_51' title="bbox 2160 2235 3747 2313">
     <span class='ocr_line' id='line_1_51' title="bbox 2160 2235 3747 2313; baseline -0.004 -19"><span class='ocrx_word' id='word_1_362' title='bbox 2160 2241 2327 2294; x_wconf 77' lang='grc' dir='ltr'>παντὶ</span> <span class='ocrx_word' id='word_1_363' title='bbox 2363 2239 2442 2311; x_wconf 82' lang='grc' dir='ltr'>τῷ</span> <span class='ocrx_word' id='word_1_364' title='bbox 2473 2240 2712 2295; x_wconf 87' lang='grc' dir='ltr'>αἰτοῦντι</span> <span class='ocrx_word' id='word_1_365' title='bbox 2754 2241 2900 2313; x_wconf 76' lang='grc' dir='ltr'>ὑμᾶς</span> <span class='ocrx_word' id='word_1_366' title='bbox 2937 2239 3094 2308; x_wconf 88' lang='grc' dir='ltr'>λόγον</span> <span class='ocrx_word' id='word_1_367' title='bbox 3145 2236 3276 2310; x_wconf 71' lang='grc' dir='ltr'>περὶ</span> <span class='ocrx_word' id='word_1_368' title='bbox 3325 2235 3425 2309; x_wconf 81' lang='grc' dir='ltr'><strong>τῆς</strong></span> <span class='ocrx_word' id='word_1_369' title='bbox 3488 2235 3547 2289; x_wconf 79' lang='grc' dir='ltr'>ὲν</span> <span class='ocrx_word' id='word_1_370' title='bbox 3607 2235 3747 2305; x_wconf 81' lang='grc' dir='ltr'>ὑμῖν</span> 
     </span>
    </p>
   </div>
   <div class='ocr_carea' id='block_1_52' title="bbox 2155 2329 2635 2400">
    <p class='ocr_par' dir='ltr' id='par_1_52' title="bbox 2155 2329 2635 2400">
     <span class='ocr_line' id='line_1_52' title="bbox 2155 2329 2635 2400; baseline -0.008 -15"><span class='ocrx_word' id='word_1_371' title='bbox 2155 2330 2325 2400; x_wconf 77' lang='grc' dir='ltr'>οὔσης</span> <span class='ocrx_word' id='word_1_372' title='bbox 2347 2329 2582 2393; x_wconf 74' lang='grc' dir='ltr'>ἐλπίδος.</span> <span class='ocrx_word' id='word_1_373' title='bbox 2617 2349 2635 2381; x_wconf 79' lang='grc' dir='ltr'><strong>ι</strong></span> 
     </span>
    </p>
   </div>
   <div class='ocr_carea' id='block_1_53' title="bbox 2326 2415 3556 2492">
    <p class='ocr_par' dir='ltr' id='par_1_53' title="bbox 2326 2415 3556 2492">
     <span class='ocr_line' id='line_1_53' title="bbox 2326 2415 3556 2492; baseline -0.008 -14"><span class='ocrx_word' id='word_1_374' title='bbox 2326 2422 2399 2478; x_wconf 88' lang='grc' dir='ltr'>Τὸ</span> <span class='ocrx_word' id='word_1_375' title='bbox 2433 2422 2745 2492; x_wconf 75' lang='grc' dir='ltr'>Σύμϐολον</span> <span class='ocrx_word' id='word_1_376' title='bbox 2772 2418 2892 2473; x_wconf 77' lang='grc' dir='ltr'><strong>τῶν</strong></span> <span class='ocrx_word' id='word_1_377' title='bbox 2918 2418 2989 2472; x_wconf 81' lang='grc' dir='ltr'>ὲν</span> <span class='ocrx_word' id='word_1_378' title='bbox 3015 2418 3230 2485; x_wconf 73' lang='grc' dir='ltr'>Νίκαια</span> <span class='ocrx_word' id='word_1_379' title='bbox 3261 2415 3556 2485; x_wconf 83' lang='grc' dir='ltr'>Πατέρων.</span> 
     </span>
    </p>
   </div>
   <div class='ocr_carea' id='block_1_54' title="bbox 2228 2530 3744 2609">
    <p class='ocr_par' dir='ltr' id='par_1_54' title="bbox 2228 2530 3744 2609">
     <span class='ocr_line' id='line_1_54' title="bbox 2228 2530 3744 2609; baseline -0.009 -15"><span class='ocrx_word' id='word_1_380' title='bbox 2228 2538 2565 2609; x_wconf 88' lang='grc' dir='ltr'>Πιστεύομεν</span> <span class='ocrx_word' id='word_1_381' title='bbox 2596 2537 2675 2600; x_wconf 87' lang='grc' dir='ltr'><strong>είς</strong></span> <span class='ocrx_word' id='word_1_382' title='bbox 2706 2534 2806 2591; x_wconf 74' lang='grc' dir='ltr'>ἕνα</span> <span class='ocrx_word' id='word_1_383' title='bbox 2839 2533 2994 2600; x_wconf 84' lang='grc' dir='ltr'>Θεὸν,</span> <span class='ocrx_word' id='word_1_384' title='bbox 3040 2533 3264 2603; x_wconf 79' lang='grc' dir='ltr'>Πατέρα</span> <span class='ocrx_word' id='word_1_385' title='bbox 3294 2530 3744 2601; x_wconf 80' lang='grc' dir='ltr'>παντοκράτορα,</span> 
     </span>
    </p>
   </div>
   <div class='ocr_carea' id='block_1_55' title="bbox 2159 2622 3748 2703">
    <p class='ocr_par' dir='ltr' id='par_1_55' title="bbox 2159 2622 3748 2703">
     <span class='ocr_line' id='line_1_55' title="bbox 2159 2622 3748 2703; baseline -0.006 -15"><span class='ocrx_word' id='word_1_386' title='bbox 2159 2633 2377 2688; x_wconf 80' lang='grc' dir='ltr'>πάντων</span> <span class='ocrx_word' id='word_1_387' title='bbox 2405 2629 2620 2703; x_wconf 82' lang='grc' dir='ltr'>ὁρατῶν</span> <span class='ocrx_word' id='word_1_388' title='bbox 2645 2646 2707 2682; x_wconf 85' lang='grc' dir='ltr'><strong>τε</strong></span> <span class='ocrx_word' id='word_1_389' title='bbox 2735 2628 2829 2682; x_wconf 76' lang='grc' dir='ltr'>καὶ</span> <span class='ocrx_word' id='word_1_390' title='bbox 2851 2625 3101 2698; x_wconf 80' lang='grc' dir='ltr'>ἀοράτων</span> <span class='ocrx_word' id='word_1_391' title='bbox 3126 2626 3379 2697; x_wconf 66' lang='grc' dir='ltr'>ποιητήνς</span> <span class='ocrx_word' id='word_1_392' title='bbox 3406 2622 3502 2678; x_wconf 79' lang='grc' dir='ltr'>καὶ</span> <span class='ocrx_word' id='word_1_393' title='bbox 3529 2623 3613 2687; x_wconf 81' lang='grc' dir='ltr'><strong>εις</strong></span> <span class='ocrx_word' id='word_1_394' title='bbox 3638 2622 3748 2678; x_wconf 74' lang='grc' dir='ltr'>ἕνα</span> 
     </span>
    </p>
   </div>
   <div class='ocr_carea' id='block_1_56' title="bbox 2158 2713 3748 2798">
    <p class='ocr_par' dir='ltr' id='par_1_56' title="bbox 2158 2713 3748 2798">
     <span class='ocr_line' id='line_1_56' title="bbox 2158 2713 3748 2798; baseline -0.009 -19"><span class='ocrx_word' id='word_1_395' title='bbox 2158 2724 2365 2798; x_wconf 79' lang='grc' dir='ltr'>Κύριον</span> <span class='ocrx_word' id='word_1_396' title='bbox 2404 2721 2617 2795; x_wconf 83' lang='grc' dir='ltr'>Ἰησοῦν</span> <span class='ocrx_word' id='word_1_397' title='bbox 2646 2719 2905 2791; x_wconf 85' lang='grc' dir='ltr'>Χριστὸν,</span> <span class='ocrx_word' id='word_1_398' title='bbox 2948 2717 3041 2771; x_wconf 90' lang='grc' dir='ltr'><strong>τὸν</strong></span> <span class='ocrx_word' id='word_1_399' title='bbox 3073 2716 3203 2770; x_wconf 87' lang='grc' dir='ltr'>Υίὸν</span> <span class='ocrx_word' id='word_1_400' title='bbox 3227 2714 3322 2769; x_wconf 90' lang='grc' dir='ltr'><strong>τοῦ</strong></span> <span class='ocrx_word' id='word_1_401' title='bbox 3351 2713 3511 2779; x_wconf 88' lang='grc' dir='ltr'>Θεοῦ,</span> <span class='ocrx_word' id='word_1_402' title='bbox 3542 2731 3748 2785; x_wconf 81' lang='grc' dir='ltr'>γεννη-</span> 
     </span>
    </p>
   </div>
   <div class='ocr_carea' id='block_1_57' title="bbox 2160 2805 3749 2885">
    <p class='ocr_par' dir='ltr' id='par_1_57' title="bbox 2160 2805 3749 2885">
     <span class='ocr_line' id='line_1_57' title="bbox 2160 2805 3749 2885; baseline -0.008 -13"><span class='ocrx_word' id='word_1_403' title='bbox 2160 2816 2322 2873; x_wconf 82' lang='grc' dir='ltr'>θέντα</span> <span class='ocrx_word' id='word_1_404' title='bbox 2349 2816 2415 2870; x_wconf 83' lang='grc' dir='ltr'>ὲκ</span> <span class='ocrx_word' id='word_1_405' title='bbox 2439 2814 2534 2870; x_wconf 91' lang='grc' dir='ltr'><strong>τοῦ</strong></span> <span class='ocrx_word' id='word_1_406' title='bbox 2563 2812 2779 2885; x_wconf 81' lang='grc' dir='ltr'>Πατρὸς</span> <span class='ocrx_word' id='word_1_407' title='bbox 2805 2811 2898 2865; x_wconf 84' lang='grc' dir='ltr'><strong>τὸν</strong></span> <span class='ocrx_word' id='word_1_408' title='bbox 2922 2808 3212 2882; x_wconf 85' lang='grc' dir='ltr'>μονογενῆ,</span> <span class='ocrx_word' id='word_1_409' title='bbox 3239 2806 3519 2862; x_wconf 85' lang='grc' dir='ltr'>τουτέστιν</span> <span class='ocrx_word' id='word_1_410' title='bbox 3544 2808 3610 2860; x_wconf 75' lang='grc' dir='ltr'>ὲκ</span> <span class='ocrx_word' id='word_1_411' title='bbox 3636 2805 3749 2875; x_wconf 78' lang='grc' dir='ltr'>τῆς</span> 
     </span>
    </p>
   </div>
   <div class='ocr_carea' id='block_1_58' title="bbox 2159 2896 3749 2972">
    <p class='ocr_par' dir='ltr' id='par_1_58' title="bbox 2159 2896 3749 2972">
     <span class='ocr_line' id='line_1_58' title="bbox 2159 2896 3749 2972; baseline -0.008 -9"><span class='ocrx_word' id='word_1_412' title='bbox 2159 2907 2346 2972; x_wconf 79' lang='grc' dir='ltr'>οὐσίας</span> <span class='ocrx_word' id='word_1_413' title='bbox 2379 2904 2580 2961; x_wconf 86' lang='grc' dir='ltr'>αὐτοῦ·</span> <span class='ocrx_word' id='word_1_414' title='bbox 2621 2904 2758 2959; x_wconf 86' lang='grc' dir='ltr'>Θεὸν</span> <span class='ocrx_word' id='word_1_415' title='bbox 2807 2903 2874 2956; x_wconf 79' lang='grc' dir='ltr'>ὲκ</span> <span class='ocrx_word' id='word_1_416' title='bbox 2906 2900 3063 2965; x_wconf 86' lang='grc' dir='ltr'>Θεοῦ,</span> <span class='ocrx_word' id='word_1_417' title='bbox 3114 2899 3233 2970; x_wconf 81' lang='grc' dir='ltr'><strong>φῶς</strong></span> <span class='ocrx_word' id='word_1_418' title='bbox 3270 2899 3338 2952; x_wconf 78' lang='grc' dir='ltr'>ὲκ</span> <span class='ocrx_word' id='word_1_419' title='bbox 3377 2896 3574 2967; x_wconf 84' lang='grc' dir='ltr'>φωτὸς,</span> <span class='ocrx_word' id='word_1_420' title='bbox 3603 2896 3749 2951; x_wconf 87' lang='grc' dir='ltr'>Θεὸν</span> 
     </span>
    </p>
   </div>
   <div class='ocr_carea' id='block_1_59' title="bbox 2162 2989 3749 3071">
    <p class='ocr_par' dir='ltr' id='par_1_59' title="bbox 2162 2989 3749 3071">
     <span class='ocr_line' id='line_1_59' title="bbox 2162 2989 3749 3071; baseline -0.009 -15"><span class='ocrx_word' id='word_1_421' title='bbox 2162 2999 2418 3071; x_wconf 86' lang='grc' dir='ltr'>ἀληθινὸν</span> <span class='ocrx_word' id='word_1_422' title='bbox 2446 3002 2511 3067; x_wconf 74' lang='grc' dir='ltr'>ὲκ</span> <span class='ocrx_word' id='word_1_423' title='bbox 2560 2998 2698 3053; x_wconf 85' lang='grc' dir='ltr'>Θεοῦ</span> <span class='ocrx_word' id='word_1_424' title='bbox 2735 2994 2993 3068; x_wconf 80' lang='grc' dir='ltr'>ἀληθινοῦ</span> <span class='ocrx_word' id='word_1_425' title='bbox 3017 3011 3029 3024; x_wconf 93' lang='grc'><strong>·</strong></span> <span class='ocrx_word' id='word_1_426' title='bbox 3076 2991 3425 3062; x_wconf 82' lang='grc' dir='ltr'>γεννηθέντα,</span> <span class='ocrx_word' id='word_1_427' title='bbox 3479 2989 3543 3044; x_wconf 91' lang='grc' dir='ltr'>οὐ</span> <span class='ocrx_word' id='word_1_428' title='bbox 3576 3005 3749 3060; x_wconf 87' lang='grc' dir='ltr'>ποιη-</span> 
     </span>
    </p>
   </div>
   <div class='ocr_carea' id='block_1_60' title="bbox 474 3078 2054 3164">
    <p class='ocr_par' dir='ltr' id='par_1_60' title="bbox 474 3084 2054 3159">
     <span class='ocr_line' id='line_1_60' title="bbox 474 3084 2054 3159; baseline 0 -18"><span class='ocrx_word' id='word_1_429' title='bbox 474 3104 574 3159; x_wconf 88' lang='lat' dir='ltr'><strong>per</strong></span> <span class='ocrx_word' id='word_1_430' title='bbox 595 3102 758 3157; x_wconf 89' lang='lat' dir='ltr'><strong>quem</strong></span> <span class='ocrx_word' id='word_1_431' title='bbox 784 3086 969 3141; x_wconf 88' lang='lat' dir='ltr'><strong>omnia</strong></span> <span class='ocrx_word' id='word_1_432' title='bbox 995 3085 1137 3143; x_wconf 82' lang='lat' dir='ltr'><strong>facta</strong></span> <span class='ocrx_word' id='word_1_433' title='bbox 1158 3091 1364 3139; x_wconf 87' lang='lat' dir='ltr'><strong>suntet</strong></span> <span class='ocrx_word' id='word_1_434' title='bbox 1387 3100 1507 3156; x_wconf 68' lang='lat' dir='ltr'><strong>qua:</strong></span> <span class='ocrx_word' id='word_1_435' title='bbox 1530 3086 1588 3142; x_wconf 91' lang='lat' dir='ltr'><strong>in</strong></span> <span class='ocrx_word' id='word_1_436' title='bbox 1611 3089 1752 3143; x_wconf 67' lang='lat' dir='ltr'><strong>caelo</strong></span> <span class='ocrx_word' id='word_1_437' title='bbox 1775 3095 1833 3142; x_wconf 88' lang='lat' dir='ltr'><strong>et</strong></span> <span class='ocrx_word' id='word_1_438' title='bbox 1855 3102 1979 3157; x_wconf 70' lang='lat' dir='ltr'><strong>qua:</strong></span> <span class='ocrx_word' id='word_1_439' title='bbox 2003 3084 2054 3141; x_wconf 87' lang='lat' dir='ltr'><strong>in</strong></span> 
     </span>
    </p>
   </div>
   <div class='ocr_carea' id='block_1_61' title="bbox 2157 3078 3751 3164">
    <p class='ocr_par' dir='ltr' id='par_1_61' title="bbox 2167 3078 3751 3164">
     <span class='ocr_line' id='line_1_61' title="bbox 2167 3078 3751 3164; baseline -0.009 -16"><span class='ocrx_word' id='word_1_440' title='bbox 2167 3093 2349 3148; x_wconf 81' lang='grc' dir='ltr'>θέντα⁶</span> <span class='ocrx_word' id='word_1_441' title='bbox 2388 3091 2672 3164; x_wconf 84' lang='grc' dir='ltr'>ὀμοούσιον</span> <span class='ocrx_word' id='word_1_442' title='bbox 2719 3088 2798 3160; x_wconf 84' lang='grc' dir='ltr'>τῷ</span> <span class='ocrx_word' id='word_1_443' title='bbox 2844 3086 3052 3158; x_wconf 87' lang='grc' dir='ltr'>Πατρί·</span> <span class='ocrx_word' id='word_1_444' title='bbox 3109 3084 3177 3138; x_wconf 85' lang='grc' dir='ltr'>δι’</span> <span class='ocrx_word' id='word_1_445' title='bbox 3221 3078 3281 3139; x_wconf 79' lang='grc' dir='ltr'>οὐ</span> <span class='ocrx_word' id='word_1_446' title='bbox 3306 3083 3377 3137; x_wconf 84' lang='grc' dir='ltr'>τὰ</span> <span class='ocrx_word' id='word_1_447' title='bbox 3415 3082 3595 3137; x_wconf 84' lang='grc' dir='ltr'>πάντα</span> <span class='ocrx_word' id='word_1_448' title='bbox 3622 3081 3751 3151; x_wconf 82' lang='grc' dir='ltr'><strong>ὲγὲ-</strong></span> 
     </span>
    </p>
   </div>
   <div class='ocr_carea' id='block_1_62' title="bbox 477 3151 2054 3253">
    <p class='ocr_par' dir='ltr' id='par_1_62' title="bbox 477 3151 2054 3249">
     <span class='ocr_line' id='line_1_62' title="bbox 477 3151 2054 3249; baseline 0.001 -17"><span class='ocrx_word' id='word_1_449' title='bbox 477 3151 631 3232; x_wconf 73' lang='lat' dir='ltr'><strong>terra</strong></span> <span class='ocrx_word' id='word_1_450' title='bbox 651 3194 665 3230; x_wconf 89' lang='lat'><strong>:</strong></span> <span class='ocrx_word' id='word_1_451' title='bbox 690 3176 786 3247; x_wconf 86' lang='lat' dir='ltr'><strong>qui</strong></span> <span class='ocrx_word' id='word_1_452' title='bbox 809 3184 1034 3248; x_wconf 89' lang='lat' dir='ltr'><strong>propter</strong></span> <span class='ocrx_word' id='word_1_453' title='bbox 1055 3188 1156 3231; x_wconf 83' lang='lat' dir='ltr'><strong>nos</strong></span> <span class='ocrx_word' id='word_1_454' title='bbox 1187 3151 1442 3231; x_wconf 70' lang='lat' dir='ltr'><strong>homines</strong></span> <span class='ocrx_word' id='word_1_455' title='bbox 1469 3185 1525 3233; x_wconf 92' lang='lat' dir='ltr'><strong>et</strong></span> <span class='ocrx_word' id='word_1_456' title='bbox 1558 3186 1785 3249; x_wconf 89' lang='lat' dir='ltr'><strong>propter</strong></span> <span class='ocrx_word' id='word_1_457' title='bbox 1815 3151 2054 3234; x_wconf 76' lang='lat' dir='ltr'><strong>nostram</strong></span> 
     </span>
    </p>
   </div>
   <div class='ocr_carea' id='block_1_63' title="bbox 2157 3151 3752 3253">
    <p class='ocr_par' dir='ltr' id='par_1_63' title="bbox 2166 3151 3752 3253">
     <span class='ocr_line' id='line_1_63' title="bbox 2166 3151 3752 3253; baseline -0.008 -12"><span class='ocrx_word' id='word_1_458' title='bbox 2166 3202 2308 3250; x_wconf 90' lang='grc' dir='ltr'>νετο,</span> <span class='ocrx_word' id='word_1_459' title='bbox 2342 3151 2496 3239; x_wconf 53' lang='lat' dir='ltr'><strong>ea};</strong></span> <span class='ocrx_word' id='word_1_460' title='bbox 2522 3183 2580 3235; x_wconf 81' lang='grc' dir='ltr'>ἐν</span> <span class='ocrx_word' id='word_1_461' title='bbox 2612 3181 2691 3253; x_wconf 84' lang='grc' dir='ltr'>τῷ</span> <span class='ocrx_word' id='word_1_462' title='bbox 2735 3151 2979 3253; x_wconf 67' lang='grc' dir='ltr'>οὐρανῷ,</span> <span class='ocrx_word' id='word_1_463' title='bbox 3001 3178 3098 3233; x_wconf 70' lang='grc' dir='ltr'>καὶ</span> <span class='ocrx_word' id='word_1_464' title='bbox 3138 3176 3209 3232; x_wconf 79' lang='grc' dir='ltr'><strong>τὰ</strong></span> <span class='ocrx_word' id='word_1_465' title='bbox 3242 3178 3301 3229; x_wconf 83' lang='grc' dir='ltr'>ὲν</span> <span class='ocrx_word' id='word_1_466' title='bbox 3327 3176 3394 3247; x_wconf 71' lang='grc' dir='ltr'><strong>τῇ</strong></span> <span class='ocrx_word' id='word_1_467' title='bbox 3423 3176 3514 3245; x_wconf 59' lang='lat' dir='ltr'><strong>ﬁ&#39;</strong></span> <span class='ocrx_word' id='word_1_468' title='bbox 3551 3173 3645 3228; x_wconf 88' lang='grc' dir='ltr'><strong>τὸν</strong></span> <span class='ocrx_word' id='word_1_469' title='bbox 3678 3173 3752 3229; x_wconf 78' lang='grc' dir='ltr'><strong>δι’</strong></span> 
     </span>
    </p>
   </div>
   <div class='ocr_carea' id='block_1_64' title="bbox 474 3266 2057 3335">
    <p class='ocr_par' dir='ltr' id='par_1_64' title="bbox 474 3266 2057 3335">
     <span class='ocr_line' id='line_1_64' title="bbox 474 3266 2057 3335; baseline 0 -11"><span class='ocrx_word' id='word_1_470' title='bbox 474 3270 708 3325; x_wconf 84' lang='lat' dir='ltr'><strong>salutem</strong></span> <span class='ocrx_word' id='word_1_471' title='bbox 738 3267 1044 3333; x_wconf 84' lang='lat' dir='ltr'><strong>descendit,</strong></span> <span class='ocrx_word' id='word_1_472' title='bbox 1099 3273 1156 3324; x_wconf 89' lang='lat' dir='ltr'><strong>et</strong></span> <span class='ocrx_word' id='word_1_473' title='bbox 1204 3266 1528 3324; x_wconf 87' lang='lat' dir='ltr'><strong>incarnatus</strong></span> <span class='ocrx_word' id='word_1_474' title='bbox 1555 3275 1661 3335; x_wconf 90' lang='lat' dir='ltr'><strong>est,</strong></span> <span class='ocrx_word' id='word_1_475' title='bbox 1686 3277 1742 3324; x_wconf 89' lang='lat' dir='ltr'><strong>et</strong></span> <span class='ocrx_word' id='word_1_476' title='bbox 1774 3269 1942 3324; x_wconf 94' lang='lat' dir='ltr'><strong>homo</strong></span> <span class='ocrx_word' id='word_1_477' title='bbox 1973 3269 2057 3324; x_wconf 84' lang='lat' dir='ltr'><strong>fa-</strong></span> 
     </span>
    </p>
   </div>
   <div class='ocr_carea' id='block_1_65' title="bbox 472 3359 2063 3432">
    <p class='ocr_par' dir='ltr' id='par_1_65' title="bbox 472 3359 2063 3432">
     <span class='ocr_line' id='line_1_65' title="bbox 472 3359 2063 3432; baseline 0.001 -17"><span class='ocrx_word' id='word_1_478' title='bbox 472 3369 618 3425; x_wconf 87' lang='lat' dir='ltr'><strong>ctus,</strong></span> <span class='ocrx_word' id='word_1_479' title='bbox 646 3374 843 3432; x_wconf 86' lang='lat' dir='ltr'><strong>passus</strong></span> <span class='ocrx_word' id='word_1_480' title='bbox 867 3368 970 3424; x_wconf 89' lang='lat' dir='ltr'><strong>est,</strong></span> <span class='ocrx_word' id='word_1_481' title='bbox 997 3367 1055 3413; x_wconf 89' lang='lat' dir='ltr'><strong>et</strong></span> <span class='ocrx_word' id='word_1_482' title='bbox 1073 3359 1380 3414; x_wconf 79' lang='lat' dir='ltr'><strong>resurrexit</strong></span> <span class='ocrx_word' id='word_1_483' title='bbox 1399 3360 1562 3416; x_wconf 87' lang='lat' dir='ltr'><strong>tertia</strong></span> <span class='ocrx_word' id='word_1_484' title='bbox 1589 3361 1701 3428; x_wconf 91' lang='lat' dir='ltr'><strong>die,</strong></span> <span class='ocrx_word' id='word_1_485' title='bbox 1729 3369 1786 3417; x_wconf 90' lang='lat' dir='ltr'><strong>et</strong></span> <span class='ocrx_word' id='word_1_486' title='bbox 1814 3362 2063 3417; x_wconf 87' lang='lat' dir='ltr'><strong>ascendit</strong></span> 
     </span>
    </p>
   </div>
   <div class='ocr_carea' id='block_1_66' title="bbox 474 3447 2057 3520">
    <p class='ocr_par' dir='ltr' id='par_1_66' title="bbox 474 3447 2057 3520">
     <span class='ocr_line' id='line_1_66' title="bbox 474 3447 2057 3520; baseline 0 -14"><span class='ocrx_word' id='word_1_487' title='bbox 474 3451 531 3506; x_wconf 89' lang='lat' dir='ltr'><strong>in</strong></span> <span class='ocrx_word' id='word_1_488' title='bbox 564 3452 763 3517; x_wconf 72' lang='lat' dir='ltr'><strong>oculos;</strong></span> <span class='ocrx_word' id='word_1_489' title='bbox 786 3459 845 3505; x_wconf 88' lang='lat' dir='ltr'><strong>et</strong></span> <span class='ocrx_word' id='word_1_490' title='bbox 860 3458 1132 3505; x_wconf 88' lang='lat' dir='ltr'><strong>venturus</strong></span> <span class='ocrx_word' id='word_1_491' title='bbox 1151 3456 1237 3503; x_wconf 89' lang='lat' dir='ltr'><strong>est</strong></span> <span class='ocrx_word' id='word_1_492' title='bbox 1253 3447 1502 3520; x_wconf 85' lang='lat' dir='ltr'><strong>judicare</strong></span> <span class='ocrx_word' id='word_1_493' title='bbox 1526 3450 1680 3507; x_wconf 90' lang='lat' dir='ltr'><strong>vivos</strong></span> <span class='ocrx_word' id='word_1_494' title='bbox 1698 3460 1755 3506; x_wconf 89' lang='lat' dir='ltr'><strong>et</strong></span> <span class='ocrx_word' id='word_1_495' title='bbox 1776 3459 2057 3508; x_wconf 89' lang='lat' dir='ltr'><strong>mortuos:</strong></span> 
     </span>
    </p>
   </div>
   <div class='ocr_carea' id='block_1_67' title="bbox 472 3542 2055 3614">
    <p class='ocr_par' dir='ltr' id='par_1_67' title="bbox 472 3542 2055 3614">
     <span class='ocr_line' id='line_1_67' title="bbox 472 3542 2055 3614; baseline -0.001 -17"><span class='ocrx_word' id='word_1_496' title='bbox 472 3553 531 3598; x_wconf 85' lang='lat' dir='ltr'><strong>et</strong></span> <span class='ocrx_word' id='word_1_497' title='bbox 560 3543 620 3597; x_wconf 89' lang='lat' dir='ltr'><strong>in</strong></span> <span class='ocrx_word' id='word_1_498' title='bbox 666 3542 938 3612; x_wconf 87' lang='lat' dir='ltr'><strong>Spiritum</strong></span> <span class='ocrx_word' id='word_1_499' title='bbox 995 3551 1270 3598; x_wconf 86' lang='lat' dir='ltr'><strong>sanctum.</strong></span> <span class='ocrx_word' id='word_1_500' title='bbox 1318 3543 1428 3600; x_wconf 89' lang='lat' dir='ltr'><strong>Eos</strong></span> <span class='ocrx_word' id='word_1_501' title='bbox 1459 3549 1645 3599; x_wconf 85' lang='lat' dir='ltr'><strong>autem</strong></span> <span class='ocrx_word' id='word_1_502' title='bbox 1672 3543 1767 3614; x_wconf 90' lang='lat' dir='ltr'><strong>qui</strong></span> <span class='ocrx_word' id='word_1_503' title='bbox 1819 3542 2012 3598; x_wconf 91' lang='lat' dir='ltr'><strong>dicunt</strong></span> <span class='ocrx_word' id='word_1_504' title='bbox 2043 3560 2055 3596; x_wconf 91' lang='lat'>:</span> 
     </span>
    </p>
   </div>
   <div class='ocr_carea' id='block_1_68' title="bbox 475 3633 2060 3705">
    <p class='ocr_par' dir='ltr' id='par_1_68' title="bbox 475 3633 2060 3705">
     <span class='ocr_line' id='line_1_68' title="bbox 475 3633 2060 3705; baseline -0.003 -13"><span class='ocrx_word' id='word_1_505' title='bbox 475 3636 609 3692; x_wconf 82' lang='lat' dir='ltr'><strong>Erat</strong></span> <span class='ocrx_word' id='word_1_506' title='bbox 633 3633 955 3704; x_wconf 89' lang='lat' dir='ltr'><strong>aliquando,</strong></span> <span class='ocrx_word' id='word_1_507' title='bbox 991 3634 1213 3704; x_wconf 87' lang='lat' dir='ltr'><strong>quando</strong></span> <span class='ocrx_word' id='word_1_508' title='bbox 1238 3650 1349 3690; x_wconf 90' lang='lat' dir='ltr'><strong>non</strong></span> <span class='ocrx_word' id='word_1_509' title='bbox 1378 3643 1527 3702; x_wconf 85' lang='lat' dir='ltr'><strong>erat;</strong></span> <span class='ocrx_word' id='word_1_510' title='bbox 1558 3641 1615 3690; x_wconf 87' lang='lat' dir='ltr'><strong>ct</strong></span> <span class='ocrx_word' id='word_1_511' title='bbox 1633 3643 1929 3705; x_wconf 87' lang='lat' dir='ltr'><strong>antequam</strong></span> <span class='ocrx_word' id='word_1_512' title='bbox 1956 3650 2060 3688; x_wconf 88' lang='lat' dir='ltr'><strong>na-</strong></span> 
     </span>
    </p>
   </div>
   <div class='ocr_carea' id='block_1_69' title="bbox 476 3718 2058 3796">
    <p class='ocr_par' dir='ltr' id='par_1_69' title="bbox 476 3718 2058 3796">
     <span class='ocr_line' id='line_1_69' title="bbox 476 3718 2058 3796; baseline 0 -16"><span class='ocrx_word' id='word_1_513' title='bbox 476 3735 727 3780; x_wconf 86' lang='lat' dir='ltr'><strong>sceretur</strong></span> <span class='ocrx_word' id='word_1_514' title='bbox 748 3740 860 3780; x_wconf 88' lang='lat' dir='ltr'><strong>non</strong></span> <span class='ocrx_word' id='word_1_515' title='bbox 885 3734 1037 3786; x_wconf 86' lang='lat' dir='ltr'><strong>erat:</strong></span> <span class='ocrx_word' id='word_1_516' title='bbox 1088 3734 1145 3781; x_wconf 88' lang='lat' dir='ltr'><strong>et</strong></span> <span class='ocrx_word' id='word_1_517' title='bbox 1183 3724 1330 3796; x_wconf 89' lang='lat' dir='ltr'><strong>quod</strong></span> <span class='ocrx_word' id='word_1_518' title='bbox 1358 3725 1534 3780; x_wconf 86' lang='lat' dir='ltr'><strong>factus</strong></span> <span class='ocrx_word' id='word_1_519' title='bbox 1563 3734 1649 3781; x_wconf 90' lang='lat' dir='ltr'><strong>est</strong></span> <span class='ocrx_word' id='word_1_520' title='bbox 1682 3740 1751 3780; x_wconf 84' lang='lat' dir='ltr'><strong>ex</strong></span> <span class='ocrx_word' id='word_1_521' title='bbox 1773 3718 1885 3780; x_wconf 85' lang='lat' dir='ltr'><strong>non</strong></span> <span class='ocrx_word' id='word_1_522' title='bbox 1911 3726 2058 3781; x_wconf 82' lang='lat' dir='ltr'><strong>exsi-</strong></span> 
     </span>
    </p>
   </div>
   <div class='ocr_carea' id='block_1_70' title="bbox 475 3814 2061 3884">
    <p class='ocr_par' dir='ltr' id='par_1_70' title="bbox 475 3814 2061 3884">
     <span class='ocr_line' id='line_1_70' title="bbox 475 3814 2061 3884; baseline 0.001 -14"><span class='ocrx_word' id='word_1_523' title='bbox 475 3814 776 3881; x_wconf 77' lang='lat' dir='ltr'><strong>stentibus,</strong></span> <span class='ocrx_word' id='word_1_524' title='bbox 823 3825 920 3871; x_wconf 89' lang='lat' dir='ltr'><strong>aut</strong></span> <span class='ocrx_word' id='word_1_525' title='bbox 940 3833 1011 3873; x_wconf 79' lang='lat' dir='ltr'><strong>ex</strong></span> <span class='ocrx_word' id='word_1_526' title='bbox 1052 3817 1158 3872; x_wconf 89' lang='lat' dir='ltr'><strong>alia</strong></span> <span class='ocrx_word' id='word_1_527' title='bbox 1204 3817 1511 3873; x_wconf 89' lang='lat' dir='ltr'><strong>substantia</strong></span> <span class='ocrx_word' id='word_1_528' title='bbox 1544 3817 1630 3871; x_wconf 91' lang='lat' dir='ltr'><strong>vel</strong></span> <span class='ocrx_word' id='word_1_529' title='bbox 1663 3817 1933 3884; x_wconf 87' lang='lat' dir='ltr'><strong>essentia;</strong></span> <span class='ocrx_word' id='word_1_530' title='bbox 1965 3826 2061 3872; x_wconf 89' lang='lat' dir='ltr'><strong>aut</strong></span> 
     </span>
    </p>
   </div>
   <div class='ocr_carea' id='block_1_71' title="bbox 475 3905 2061 3977">
    <p class='ocr_par' dir='ltr' id='par_1_71' title="bbox 475 3905 2061 3977">
     <span class='ocr_line' id='line_1_71' title="bbox 475 3905 2061 3977; baseline 0.001 -16"><span class='ocrx_word' id='word_1_531' title='bbox 475 3906 575 3977; x_wconf 88' lang='lat' dir='ltr'><strong>qui</strong></span> <span class='ocrx_word' id='word_1_532' title='bbox 602 3905 801 3962; x_wconf 79' lang='lat' dir='ltr'><strong>Filium</strong></span> <span class='ocrx_word' id='word_1_533' title='bbox 855 3907 952 3962; x_wconf 87' lang='lat' dir='ltr'><strong>Dei</strong></span> <span class='ocrx_word' id='word_1_534' title='bbox 997 3906 1321 3963; x_wconf 86' lang='lat' dir='ltr'><strong>mutabilem</strong></span> <span class='ocrx_word' id='word_1_535' title='bbox 1351 3907 1440 3963; x_wconf 89' lang='lat' dir='ltr'><strong>vel</strong></span> <span class='ocrx_word' id='word_1_536' title='bbox 1470 3907 1887 3962; x_wconf 86' lang='lat' dir='ltr'><strong>convertibilem</strong></span> <span class='ocrx_word' id='word_1_537' title='bbox 1939 3922 2061 3962; x_wconf 90' lang='lat' dir='ltr'><strong>esse</strong></span> 
     </span>
    </p>
   </div>
   <div class='ocr_carea' id='block_1_72' title="bbox 476 3996 2057 4068">
    <p class='ocr_par' dir='ltr' id='par_1_72' title="bbox 476 3996 2057 4068">
     <span class='ocr_line' id='line_1_72' title="bbox 476 3996 2057 4068; baseline 0.001 -17"><span class='ocrx_word' id='word_1_538' title='bbox 476 3997 673 4052; x_wconf 88' lang='lat' dir='ltr'><strong>dicunt</strong></span> <span class='ocrx_word' id='word_1_539' title='bbox 706 4015 736 4062; x_wconf 55' lang='grc' dir='ltr'><strong>ε,</strong></span> <span class='ocrx_word' id='word_1_540' title='bbox 758 3996 861 4053; x_wconf 87' lang='lat' dir='ltr'><strong>hos</strong></span> <span class='ocrx_word' id='word_1_541' title='bbox 891 3998 1322 4054; x_wconf 83' lang='lat' dir='ltr'><strong>anathematizat</strong></span> <span class='ocrx_word' id='word_1_542' title='bbox 1347 3997 1620 4055; x_wconf 88' lang='lat' dir='ltr'><strong>catholica</strong></span> <span class='ocrx_word' id='word_1_543' title='bbox 1661 4008 1718 4054; x_wconf 91' lang='lat' dir='ltr'><strong>et</strong></span> <span class='ocrx_word' id='word_1_544' title='bbox 1755 3998 2057 4068; x_wconf 88' lang='lat' dir='ltr'><strong>apostolica</strong></span> 
     </span>
    </p>
   </div>
   <div class='ocr_carea' id='block_1_73' title="bbox 476 4088 743 4145">
    <p class='ocr_par' dir='ltr' id='par_1_73' title="bbox 476 4088 743 4145">
     <span class='ocr_line' id='line_1_73' title="bbox 476 4088 743 4145; baseline -0.011 0"><span class='ocrx_word' id='word_1_545' title='bbox 476 4088 743 4145; x_wconf 86' lang='lat' dir='ltr'><strong>Ecclesia.</strong></span> 
     </span>
    </p>
   </div>
   <div class='ocr_carea' id='block_1_74' title="bbox 548 4176 2062 4245">
    <p class='ocr_par' dir='ltr' id='par_1_74' title="bbox 548 4176 2062 4245">
     <span class='ocr_line' id='line_1_74' title="bbox 548 4176 2062 4245; baseline 0 -12"><span class='ocrx_word' id='word_1_546' title='bbox 548 4176 790 4235; x_wconf 83' lang='lat' dir='ltr'><strong>Credere</strong></span> <span class='ocrx_word' id='word_1_547' title='bbox 820 4193 879 4235; x_wconf 86' lang='lat' dir='ltr'><strong>se</strong></span> <span class='ocrx_word' id='word_1_548' title='bbox 899 4178 1159 4237; x_wconf 76' lang='lat' dir='ltr'><strong>dixerunt</strong></span> <span class='ocrx_word' id='word_1_549' title='bbox 1191 4179 1247 4234; x_wconf 90' lang='lat' dir='ltr'><strong>in</strong></span> <span class='ocrx_word' id='word_1_550' title='bbox 1276 4194 1448 4234; x_wconf 87' lang='lat' dir='ltr'><strong>unum</strong></span> <span class='ocrx_word' id='word_1_551' title='bbox 1478 4178 1671 4245; x_wconf 90' lang='lat' dir='ltr'><strong>Deum,</strong></span> <span class='ocrx_word' id='word_1_552' title='bbox 1709 4189 1771 4234; x_wconf 93' lang='lat' dir='ltr'><strong>ut</strong></span> <span class='ocrx_word' id='word_1_553' title='bbox 1812 4177 2062 4233; x_wconf 82' lang='lat' dir='ltr'><strong>funditus</strong></span> 
     </span>
    </p>
   </div>
   <div class='ocr_carea' id='block_1_75' title="bbox 474 4269 2065 4343">
    <p class='ocr_par' dir='ltr' id='par_1_75' title="bbox 474 4269 2065 4343">
     <span class='ocr_line' id='line_1_75' title="bbox 474 4269 2065 4343; baseline 0.001 -19"><span class='ocrx_word' id='word_1_554' title='bbox 474 4269 884 4340; x_wconf 84' lang='lat' dir='ltr'><strong>quodammodo</strong></span> <span class='ocrx_word' id='word_1_555' title='bbox 923 4270 1167 4343; x_wconf 88' lang='lat' dir='ltr'><strong>ipsorum</strong></span> <span class='ocrx_word' id='word_1_556' title='bbox 1201 4269 1486 4342; x_wconf 83' lang='lat' dir='ltr'><strong>gentilium</strong></span> <span class='ocrx_word' id='word_1_557' title='bbox 1523 4270 1812 4342; x_wconf 89' lang='lat' dir='ltr'><strong>opiniones</strong></span> <span class='ocrx_word' id='word_1_558' title='bbox 1849 4279 2065 4326; x_wconf 89' lang='lat' dir='ltr'><strong>everte-</strong></span> 
     </span>
    </p>
   </div>
   <div class='ocr_carea' id='block_1_76' title="bbox 476 4361 2059 4435">
    <p class='ocr_par' dir='ltr' id='par_1_76' title="bbox 476 4361 2059 4435">
     <span class='ocr_line' id='line_1_76' title="bbox 476 4361 2059 4435; baseline 0.001 -19"><span class='ocrx_word' id='word_1_559' title='bbox 476 4369 644 4417; x_wconf 87' lang='lat' dir='ltr'><strong>rent:</strong></span> <span class='ocrx_word' id='word_1_560' title='bbox 686 4382 704 4413; x_wconf 78' lang='grc' dir='ltr'><strong>ι</strong></span> <span class='ocrx_word' id='word_1_561' title='bbox 730 4362 836 4429; x_wconf 83' lang='lat' dir='ltr'><strong>Qui</strong></span> <span class='ocrx_word' id='word_1_562' title='bbox 870 4377 996 4418; x_wconf 88' lang='lat' dir='ltr'><strong>cum</strong></span> <span class='ocrx_word' id='word_1_563' title='bbox 1031 4377 1091 4417; x_wconf 90' lang='lat' dir='ltr'><strong>se</strong></span> <span class='ocrx_word' id='word_1_564' title='bbox 1129 4361 1383 4418; x_wconf 89' lang='lat' dir='ltr'><strong>dicerent</strong></span> <span class='ocrx_word' id='word_1_565' title='bbox 1420 4377 1541 4418; x_wconf 89' lang='lat' dir='ltr'><strong>esse</strong></span> <span class='ocrx_word' id='word_1_566' title='bbox 1574 4364 1871 4435; x_wconf 87' lang='lat' dir='ltr'><strong>sapientes,</strong></span> <span class='ocrx_word' id='word_1_567' title='bbox 1906 4364 2059 4419; x_wconf 88' lang='lat' dir='ltr'><strong>stulti</strong></span> 
     </span>
    </p>
   </div>
   <div class='ocr_carea' id='block_1_77' title="bbox 2163 3269 3756 3348">
    <p class='ocr_par' dir='ltr' id='par_1_77' title="bbox 2163 3269 3756 3348">
     <span class='ocr_line' id='line_1_77' title="bbox 2163 3269 3756 3348; baseline -0.008 -18"><span class='ocrx_word' id='word_1_568' title='bbox 2163 3278 2311 3348; x_wconf 75' lang='grc' dir='ltr'>ἡμᾶς</span> <span class='ocrx_word' id='word_1_569' title='bbox 2333 3277 2456 3339; x_wconf 84' lang='grc' dir='ltr'>τούς</span> <span class='ocrx_word' id='word_1_570' title='bbox 2491 3272 2834 3346; x_wconf 83' lang='grc' dir='ltr'>ἀνθρώπους,</span> <span class='ocrx_word' id='word_1_571' title='bbox 2868 3272 2965 3326; x_wconf 71' lang='grc' dir='ltr'>καὶ</span> <span class='ocrx_word' id='word_1_572' title='bbox 3000 3271 3091 3326; x_wconf 85' lang='grc' dir='ltr'><strong>διά</strong></span> <span class='ocrx_word' id='word_1_573' title='bbox 3123 3270 3223 3342; x_wconf 82' lang='grc' dir='ltr'>τὴν</span> <span class='ocrx_word' id='word_1_574' title='bbox 3255 3269 3532 3340; x_wconf 76' lang='grc' dir='ltr'>ἡμετέραν</span> <span class='ocrx_word' id='word_1_575' title='bbox 3568 3282 3756 3336; x_wconf 77' lang='grc' dir='ltr'>σωτηο</span> 
     </span>
    </p>
   </div>
   <div class='ocr_carea' id='block_1_78' title="bbox 2164 3357 3752 3440">
    <p class='ocr_par' dir='ltr' id='par_1_78' title="bbox 2164 3357 3752 3440">
     <span class='ocr_line' id='line_1_78' title="bbox 2164 3357 3752 3440; baseline -0.009 -17"><span class='ocrx_word' id='word_1_576' title='bbox 2164 3368 2287 3440; x_wconf 89' lang='grc' dir='ltr'>ρίαν</span> <span class='ocrx_word' id='word_1_577' title='bbox 2321 3366 2674 3431; x_wconf 73' lang='grc' dir='ltr'>κατελθόντα,</span> <span class='ocrx_word' id='word_1_578' title='bbox 2711 3365 2808 3418; x_wconf 76' lang='grc' dir='ltr'>καὶ</span> <span class='ocrx_word' id='word_1_579' title='bbox 2858 3362 3237 3436; x_wconf 81' lang='grc' dir='ltr'>σαρκωθέντα,</span> <span class='ocrx_word' id='word_1_580' title='bbox 3271 3359 3365 3415; x_wconf 73' lang='grc' dir='ltr'>καὶ</span> <span class='ocrx_word' id='word_1_581' title='bbox 3388 3357 3752 3429; x_wconf 76' lang='grc' dir='ltr'>ὲνανθρωπή-</span> 
     </span>
    </p>
   </div>
   <div class='ocr_carea' id='block_1_79' title="bbox 2165 3449 3747 3527">
    <p class='ocr_par' dir='ltr' id='par_1_79' title="bbox 2165 3449 3747 3527">
     <span class='ocr_line' id='line_1_79' title="bbox 2165 3449 3747 3527; baseline -0.008 -15"><span class='ocrx_word' id='word_1_582' title='bbox 2165 3476 2356 3527; x_wconf 85' lang='grc' dir='ltr'>σαντα,</span> <span class='ocrx_word' id='word_1_583' title='bbox 2397 3459 2659 3522; x_wconf 79' lang='grc' dir='ltr'>παθόντα,</span> <span class='ocrx_word' id='word_1_584' title='bbox 2720 3457 2816 3512; x_wconf 68' lang='grc' dir='ltr'>καὶ</span> <span class='ocrx_word' id='word_1_585' title='bbox 2844 3454 3161 3511; x_wconf 72' lang='grc' dir='ltr'>ἀναστάντα</span> <span class='ocrx_word' id='word_1_586' title='bbox 3204 3456 3272 3525; x_wconf 79' lang='grc' dir='ltr'>τῇ</span> <span class='ocrx_word' id='word_1_587' title='bbox 3326 3452 3484 3523; x_wconf 72' lang='grc' dir='ltr'>τρίτῃ</span> <span class='ocrx_word' id='word_1_588' title='bbox 3515 3449 3747 3520; x_wconf 70' lang='grc' dir='ltr'>ἡμέρα·</span> 
     </span>
    </p>
   </div>
   <div class='ocr_carea' id='block_1_80' title="bbox 2161 3541 3752 3619">
    <p class='ocr_par' dir='ltr' id='par_1_80' title="bbox 2161 3541 3752 3619">
     <span class='ocr_line' id='line_1_80' title="bbox 2161 3541 3752 3619; baseline -0.007 -16"><span class='ocrx_word' id='word_1_589' title='bbox 2161 3549 2452 3604; x_wconf 84' lang='grc' dir='ltr'>ἀνελθόντα</span> <span class='ocrx_word' id='word_1_590' title='bbox 2496 3550 2577 3611; x_wconf 85' lang='grc' dir='ltr'><strong>είς</strong></span> <span class='ocrx_word' id='word_1_591' title='bbox 2619 3547 2884 3619; x_wconf 87' lang='grc' dir='ltr'>οὐρανούς</span> <span class='ocrx_word' id='word_1_592' title='bbox 2905 3568 2919 3578; x_wconf 89' lang='grc'><strong>·</strong></span> <span class='ocrx_word' id='word_1_593' title='bbox 2973 3546 3271 3617; x_wconf 78' lang='grc' dir='ltr'>ἐρχόμενον</span> <span class='ocrx_word' id='word_1_594' title='bbox 3308 3545 3490 3615; x_wconf 84' lang='grc' dir='ltr'>κρῖναι</span> <span class='ocrx_word' id='word_1_595' title='bbox 3532 3541 3752 3606; x_wconf 79' lang='grc' dir='ltr'>ζῶντας</span> 
     </span>
    </p>
   </div>
   <div class='ocr_carea' id='block_1_81' title="bbox 2162 3628 3752 3710">
    <p class='ocr_par' dir='ltr' id='par_1_81' title="bbox 2162 3628 3752 3710">
     <span class='ocr_line' id='line_1_81' title="bbox 2162 3628 3752 3710; baseline -0.007 -17"><span class='ocrx_word' id='word_1_596' title='bbox 2162 3639 2257 3694; x_wconf 78' lang='grc' dir='ltr'>καὶ</span> <span class='ocrx_word' id='word_1_597' title='bbox 2289 3638 2534 3710; x_wconf 87' lang='grc' dir='ltr'>νεκρούς·</span> <span class='ocrx_word' id='word_1_598' title='bbox 2571 3638 2666 3690; x_wconf 77' lang='grc' dir='ltr'><strong>καὶ</strong></span> <span class='ocrx_word' id='word_1_599' title='bbox 2696 3638 2778 3701; x_wconf 83' lang='grc' dir='ltr'><strong>είς</strong></span> <span class='ocrx_word' id='word_1_600' title='bbox 2813 3636 2874 3689; x_wconf 91' lang='grc' dir='ltr'><strong>τὸ</strong></span> <span class='ocrx_word' id='word_1_601' title='bbox 2923 3634 3148 3705; x_wconf 84' lang='grc' dir='ltr'>Πνεῦμα</span> <span class='ocrx_word' id='word_1_602' title='bbox 3197 3632 3260 3685; x_wconf 83' lang='grc' dir='ltr'><strong>τὸ</strong></span> <span class='ocrx_word' id='word_1_603' title='bbox 3314 3632 3487 3704; x_wconf 75' lang='grc' dir='ltr'>ἅγιον.</span> <span class='ocrx_word' id='word_1_604' title='bbox 3520 3629 3663 3692; x_wconf 75' lang='grc' dir='ltr'>Τοὺς</span> <span class='ocrx_word' id='word_1_605' title='bbox 3691 3628 3752 3683; x_wconf 72' lang='grc' dir='ltr'><strong>δὲ</strong></span> 
     </span>
    </p>
   </div>
   <div class='ocr_carea' id='block_1_82' title="bbox 2160 3723 3751 3800">
    <p class='ocr_par' dir='ltr' id='par_1_82' title="bbox 2160 3723 3751 3800">
     <span class='ocr_line' id='line_1_82' title="bbox 2160 3723 3751 3800; baseline -0.008 -14"><span class='ocrx_word' id='word_1_606' title='bbox 2160 3733 2439 3800; x_wconf 82' lang='grc' dir='ltr'>λέγοντας,</span> <span class='ocrx_word' id='word_1_607' title='bbox 2465 3731 2548 3785; x_wconf 83' lang='grc' dir='ltr'>ὅτι</span> <span class='ocrx_word' id='word_1_608' title='bbox 2568 3726 2679 3785; x_wconf 84' lang='grc' dir='ltr'>Ἦν</span> <span class='ocrx_word' id='word_1_609' title='bbox 2702 3747 2856 3795; x_wconf 88' lang='grc' dir='ltr'>ποτε,</span> <span class='ocrx_word' id='word_1_610' title='bbox 2886 3729 2979 3783; x_wconf 80' lang='grc' dir='ltr'>ὅτε</span> <span class='ocrx_word' id='word_1_611' title='bbox 3001 3729 3099 3783; x_wconf 87' lang='grc' dir='ltr'>οὐκ</span> <span class='ocrx_word' id='word_1_612' title='bbox 3125 3723 3224 3797; x_wconf 81' lang='grc' dir='ltr'><strong>ἦν’</strong></span> <span class='ocrx_word' id='word_1_613' title='bbox 3267 3725 3362 3781; x_wconf 73' lang='grc' dir='ltr'>καὶ</span> <span class='ocrx_word' id='word_1_614' title='bbox 3390 3723 3521 3795; x_wconf 72' lang='grc' dir='ltr'>πρὶν</span> <span class='ocrx_word' id='word_1_615' title='bbox 3552 3738 3751 3794; x_wconf 86' lang='grc' dir='ltr'>γεννη-</span> 
     </span>
    </p>
   </div>
   <div class='ocr_carea' id='block_1_83' title="bbox 2163 3813 3748 3896">
    <p class='ocr_par' dir='ltr' id='par_1_83' title="bbox 2163 3813 3748 3896">
     <span class='ocr_line' id='line_1_83' title="bbox 2163 3813 3748 3896; baseline -0.008 -17"><span class='ocrx_word' id='word_1_616' title='bbox 2163 3825 2345 3896; x_wconf 78' lang='grc' dir='ltr'>θῆναι,</span> <span class='ocrx_word' id='word_1_617' title='bbox 2375 3824 2476 3878; x_wconf 85' lang='grc' dir='ltr'>οὐκ</span> <span class='ocrx_word' id='word_1_618' title='bbox 2501 3819 2600 3895; x_wconf 77' lang='grc' dir='ltr'><strong>ἦν·</strong></span> <span class='ocrx_word' id='word_1_619' title='bbox 2648 3822 2744 3877; x_wconf 74' lang='grc' dir='ltr'>καὶ</span> <span class='ocrx_word' id='word_1_620' title='bbox 2788 3824 2871 3876; x_wconf 83' lang='grc' dir='ltr'>ὅτι</span> <span class='ocrx_word' id='word_1_621' title='bbox 2903 3820 2963 3887; x_wconf 69' lang='grc' dir='ltr'><strong>ἐξ</strong></span> <span class='ocrx_word' id='word_1_622' title='bbox 3003 3821 3106 3874; x_wconf 87' lang='grc' dir='ltr'>οὐκ</span> <span class='ocrx_word' id='word_1_623' title='bbox 3147 3819 3317 3873; x_wconf 75' lang='grc' dir='ltr'>όντων</span> <span class='ocrx_word' id='word_1_624' title='bbox 3345 3816 3583 3886; x_wconf 75' lang='grc' dir='ltr'>ἐγένετο,</span> <span class='ocrx_word' id='word_1_625' title='bbox 3616 3815 3653 3885; x_wconf 81' lang='grc' dir='ltr'>ἢ</span> <span class='ocrx_word' id='word_1_626' title='bbox 3687 3813 3748 3881; x_wconf 70' lang='grc' dir='ltr'>ἐξ</span> 
     </span>
    </p>
   </div>
   <div class='ocr_carea' id='block_1_84' title="bbox 2163 3903 3742 3987">
    <p class='ocr_par' dir='ltr' id='par_1_84' title="bbox 2163 3903 3742 3987">
     <span class='ocr_line' id='line_1_84' title="bbox 2163 3903 3742 3987; baseline -0.006 -18"><span class='ocrx_word' id='word_1_627' title='bbox 2163 3917 2357 3987; x_wconf 82' lang='grc' dir='ltr'>ἐτέρας</span> <span class='ocrx_word' id='word_1_628' title='bbox 2409 3915 2782 3978; x_wconf 78' lang='grc' dir='ltr'>ὑποστάσεως,</span> <span class='ocrx_word' id='word_1_629' title='bbox 2835 3914 2868 3985; x_wconf 82' lang='grc' dir='ltr'>ἤ</span> <span class='ocrx_word' id='word_1_630' title='bbox 2923 3913 3110 3977; x_wconf 82' lang='grc' dir='ltr'>οὐσίας</span> <span class='ocrx_word' id='word_1_631' title='bbox 3156 3912 3465 3981; x_wconf 81' lang='grc' dir='ltr'>φάσκοντας</span> <span class='ocrx_word' id='word_1_632' title='bbox 3508 3903 3742 3977; x_wconf 71' lang='grc' dir='ltr'>εἷναι,ἧ</span> 
     </span>
    </p>
   </div>
   <div class='ocr_carea' id='block_1_85' title="bbox 2162 3997 3744 4079">
    <p class='ocr_par' dir='ltr' id='par_1_85' title="bbox 2162 3997 3744 4079">
     <span class='ocr_line' id='line_1_85' title="bbox 2162 3997 3744 4079; baseline -0.007 -18"><span class='ocrx_word' id='word_1_633' title='bbox 2162 4006 2416 4077; x_wconf 87' lang='grc' dir='ltr'>τρεπτὸν,</span> <span class='ocrx_word' id='word_1_634' title='bbox 2455 4007 2489 4079; x_wconf 82' lang='grc' dir='ltr'>ἢ</span> <span class='ocrx_word' id='word_1_635' title='bbox 2539 4006 2830 4062; x_wconf 84' lang='grc' dir='ltr'>ἀλλοιωτὸν</span> <span class='ocrx_word' id='word_1_636' title='bbox 2862 4005 2953 4060; x_wconf 88' lang='grc' dir='ltr'><strong>τὸν</strong></span> <span class='ocrx_word' id='word_1_637' title='bbox 2996 4005 3126 4058; x_wconf 86' lang='grc' dir='ltr'>Υἱὸν</span> <span class='ocrx_word' id='word_1_638' title='bbox 3174 4002 3268 4056; x_wconf 87' lang='grc' dir='ltr'><strong>τοῦ</strong></span> <span class='ocrx_word' id='word_1_639' title='bbox 3320 3997 3481 4065; x_wconf 85' lang='grc' dir='ltr'>Θεοῦ,</span> <span class='ocrx_word' id='word_1_640' title='bbox 3520 3997 3744 4061; x_wconf 78' lang='grc' dir='ltr'>τούτους</span> 
     </span>
    </p>
   </div>
   <div class='ocr_carea' id='block_1_86' title="bbox 2163 4083 3751 4166">
    <p class='ocr_par' dir='ltr' id='par_1_86' title="bbox 2163 4083 3751 4166">
     <span class='ocr_line' id='line_1_86' title="bbox 2163 4083 3751 4166; baseline -0.005 -17"><span class='ocrx_word' id='word_1_641' title='bbox 2163 4094 2550 4166; x_wconf 75' lang='grc' dir='ltr'>ἀναθεματίζει</span> <span class='ocrx_word' id='word_1_642' title='bbox 2578 4097 2612 4166; x_wconf 81' lang='grc' dir='ltr'>ἡ</span> <span class='ocrx_word' id='word_1_643' title='bbox 2640 4092 2974 4164; x_wconf 81' lang='grc' dir='ltr'>ἀποστολικὴ</span> <span class='ocrx_word' id='word_1_644' title='bbox 3003 4092 3099 4145; x_wconf 78' lang='grc' dir='ltr'>καὶ</span> <span class='ocrx_word' id='word_1_645' title='bbox 3126 4088 3390 4159; x_wconf 81' lang='grc' dir='ltr'>καθολικὴ</span> <span class='ocrx_word' id='word_1_646' title='bbox 3422 4083 3751 4155; x_wconf 83' lang='grc' dir='ltr'>Ἐκκλησία.</span> 
     </span>
    </p>
   </div>
   <div class='ocr_carea' id='block_1_87' title="bbox 2234 4177 3751 4257">
    <p class='ocr_par' dir='ltr' id='par_1_87' title="bbox 2234 4177 3751 4257">
     <span class='ocr_line' id='line_1_87' title="bbox 2234 4177 3751 4257; baseline -0.009 -15"><span class='ocrx_word' id='word_1_647' title='bbox 2234 4188 2527 4243; x_wconf 88' lang='grc' dir='ltr'>Πιστεύειν</span> <span class='ocrx_word' id='word_1_648' title='bbox 2560 4186 2772 4257; x_wconf 75' lang='grc' dir='ltr'>ἔφασαν</span> <span class='ocrx_word' id='word_1_649' title='bbox 2805 4187 2886 4250; x_wconf 85' lang='grc' dir='ltr'><strong>είς</strong></span> <span class='ocrx_word' id='word_1_650' title='bbox 2914 4185 3012 4240; x_wconf 86' lang='grc' dir='ltr'>’ἐνα</span> <span class='ocrx_word' id='word_1_651' title='bbox 3037 4184 3191 4250; x_wconf 88' lang='grc' dir='ltr'>Θεὸν,</span> <span class='ocrx_word' id='word_1_652' title='bbox 3214 4182 3280 4236; x_wconf 79' lang='grc' dir='ltr'>ὲκ</span> <span class='ocrx_word' id='word_1_653' title='bbox 3306 4179 3523 4252; x_wconf 79' lang='grc' dir='ltr'>βάθρων</span> <span class='ocrx_word' id='word_1_654' title='bbox 3552 4177 3751 4246; x_wconf 82' lang='grc' dir='ltr'>ὥσπερ</span> 
     </span>
    </p>
   </div>
   <div class='ocr_carea' id='block_1_88' title="bbox 2162 4268 3741 4346">
    <p class='ocr_par' dir='ltr' id='par_1_88' title="bbox 2162 4268 3741 4346">
     <span class='ocr_line' id='line_1_88' title="bbox 2162 4268 3741 4346; baseline -0.009 -12"><span class='ocrx_word' id='word_1_655' title='bbox 2162 4280 2341 4334; x_wconf 85' lang='grc' dir='ltr'>αὐτῶν</span> <span class='ocrx_word' id='word_1_656' title='bbox 2378 4279 2761 4342; x_wconf 84' lang='grc' dir='ltr'>κατασείοντες</span> <span class='ocrx_word' id='word_1_657' title='bbox 2803 4278 2902 4341; x_wconf 82' lang='grc' dir='ltr'><strong>τὰς</strong></span> <span class='ocrx_word' id='word_1_658' title='bbox 2930 4276 3197 4346; x_wconf 82' lang='grc' dir='ltr'>Ἑλλήνων</span> <span class='ocrx_word' id='word_1_659' title='bbox 3235 4271 3420 4337; x_wconf 77' lang='grc' dir='ltr'>δόξας·</span> <span class='ocrx_word' id='word_1_660' title='bbox 3470 4290 3489 4322; x_wconf 75' lang='grc' dir='ltr'><strong>ι</strong></span> <span class='ocrx_word' id='word_1_661' title='bbox 3522 4268 3585 4322; x_wconf 84' lang='grc' dir='ltr'><strong>Οἳ</strong></span> <span class='ocrx_word' id='word_1_662' title='bbox 3636 4268 3741 4337; x_wconf 81' lang='grc' dir='ltr'>φά-</span> 
     </span>
    </p>
   </div>
   <div class='ocr_carea' id='block_1_89' title="bbox 2168 4359 3750 4438">
    <p class='ocr_par' dir='ltr' id='par_1_89' title="bbox 2168 4359 3750 4438">
     <span class='ocr_line' id='line_1_89' title="bbox 2168 4359 3750 4438; baseline -0.008 -13"><span class='ocrx_word' id='word_1_663' title='bbox 2168 4388 2401 4433; x_wconf 89' lang='grc' dir='ltr'>σκοντες</span> <span class='ocrx_word' id='word_1_664' title='bbox 2445 4366 2586 4424; x_wconf 81' lang='grc' dir='ltr'>εἶναι</span> <span class='ocrx_word' id='word_1_665' title='bbox 2635 4369 2809 4438; x_wconf 76' lang='grc' dir='ltr'>σοφοὶ,</span> <span class='ocrx_word' id='word_1_666' title='bbox 2840 4365 3261 4438; x_wconf 73' lang='grc' dir='ltr'>ὲμωράνθησαν,</span> <span class='ocrx_word' id='word_1_667' title='bbox 3305 4363 3399 4418; x_wconf 78' lang='grc' dir='ltr'>καὶ</span> <span class='ocrx_word' id='word_1_668' title='bbox 3443 4359 3750 4433; x_wconf 69' lang='grc' dir='ltr'>ἠλλάξαντο</span> 
     </span>
    </p>
   </div>
   <div class='ocr_carea' id='block_1_90' title="bbox 477 4450 2054 4545">
    <p class='ocr_par' dir='ltr' id='par_1_90' title="bbox 477 4454 2054 4530">
     <span class='ocr_line' id='line_1_90' title="bbox 477 4454 2054 4530; baseline 0.003 -21"><span class='ocrx_word' id='word_1_669' title='bbox 477 4454 608 4510; x_wconf 80' lang='lat' dir='ltr'><strong>facti</strong></span> <span class='ocrx_word' id='word_1_670' title='bbox 649 4462 800 4521; x_wconf 87' lang='lat' dir='ltr'><strong>sunt,</strong></span> <span class='ocrx_word' id='word_1_671' title='bbox 853 4463 910 4513; x_wconf 83' lang='lat' dir='ltr'><strong>et</strong></span> <span class='ocrx_word' id='word_1_672' title='bbox 953 4463 1308 4510; x_wconf 85' lang='lat' dir='ltr'><strong>mutaverunt</strong></span> <span class='ocrx_word' id='word_1_673' title='bbox 1347 4456 1575 4528; x_wconf 76' lang='lat' dir='ltr'><strong>gloriam</strong></span> <span class='ocrx_word' id='word_1_674' title='bbox 1620 4457 2054 4530; x_wconf 85' lang='lat' dir='ltr'><strong>incorruptibilis</strong></span> 
     </span>
    </p>
   </div>
   <div class='ocr_carea' id='block_1_91' title="bbox 2157 4450 3750 4545">
    <p class='ocr_par' dir='ltr' id='par_1_91' title="bbox 2163 4450 3750 4545">
     <span class='ocr_line' id='line_1_91' title="bbox 2163 4450 3750 4545; baseline -0.008 -29"><span class='ocrx_word' id='word_1_675' title='bbox 2163 4461 2264 4535; x_wconf 81' lang='grc' dir='ltr'>τὴν</span> <span class='ocrx_word' id='word_1_676' title='bbox 2298 4461 2455 4527; x_wconf 78' lang='grc' dir='ltr'>δόξαν</span> <span class='ocrx_word' id='word_1_677' title='bbox 2486 4461 2581 4515; x_wconf 89' lang='grc' dir='ltr'><strong>τοῦ</strong></span> <span class='ocrx_word' id='word_1_678' title='bbox 2620 4460 2901 4530; x_wconf 84' lang='grc' dir='ltr'>ἀφθάρτου</span> <span class='ocrx_word' id='word_1_679' title='bbox 2940 4458 3076 4526; x_wconf 81' lang='grc' dir='ltr'>Θεοῦ</span> <span class='ocrx_word' id='word_1_680' title='bbox 3113 4457 3171 4509; x_wconf 83' lang='grc' dir='ltr'>ὲν</span> <span class='ocrx_word' id='word_1_681' title='bbox 3203 4454 3507 4527; x_wconf 78' lang='grc' dir='ltr'>ὁμοιώματι</span> <span class='ocrx_word' id='word_1_682' title='bbox 3536 4450 3750 4545; x_wconf 77' lang='grc' dir='ltr'>εἰκόνος</span> 
     </span>
    </p>
   </div>
   <div class='ocr_carea' id='block_1_92' title="bbox 479 4544 2060 4620">
    <p class='ocr_par' dir='ltr' id='par_1_92' title="bbox 479 4544 2060 4620">
     <span class='ocr_line' id='line_1_92' title="bbox 479 4544 2060 4620; baseline 0.003 -20"><span class='ocrx_word' id='word_1_683' title='bbox 479 4545 577 4600; x_wconf 74' lang='lat' dir='ltr'><strong>Dei</strong></span> <span class='ocrx_word' id='word_1_684' title='bbox 611 4545 667 4600; x_wconf 87' lang='lat' dir='ltr'><strong>in</strong></span> <span class='ocrx_word' id='word_1_685' title='bbox 708 4545 1131 4602; x_wconf 81' lang='lat' dir='ltr'><strong>similitudinem</strong></span> <span class='ocrx_word' id='word_1_686' title='bbox 1170 4544 1423 4619; x_wconf 86' lang='lat' dir='ltr'><strong>imaginis</strong></span> <span class='ocrx_word' id='word_1_687' title='bbox 1474 4549 1850 4620; x_wconf 87' lang='lat' dir='ltr'><strong>corruptibilis</strong></span> <span class='ocrx_word' id='word_1_688' title='bbox 1882 4549 2060 4605; x_wconf 90' lang='lat' dir='ltr'><strong>homi-</strong></span> 
     </span>
    </p>
   </div>
   <div class='ocr_carea' id='block_1_93' title="bbox 478 4635 2055 4712">
    <p class='ocr_par' dir='ltr' id='par_1_93' title="bbox 478 4635 2055 4712">
     <span class='ocr_line' id='line_1_93' title="bbox 478 4635 2055 4712; baseline 0.002 -21"><span class='ocrx_word' id='word_1_689' title='bbox 478 4635 590 4701; x_wconf 86' lang='lat' dir='ltr'><strong>nis,</strong></span> <span class='ocrx_word' id='word_1_690' title='bbox 608 4644 666 4691; x_wconf 89' lang='lat' dir='ltr'><strong>et</strong></span> <span class='ocrx_word' id='word_1_691' title='bbox 684 4636 1014 4704; x_wconf 89' lang='lat' dir='ltr'><strong>volatilium,</strong></span> <span class='ocrx_word' id='word_1_692' title='bbox 1043 4646 1100 4694; x_wconf 91' lang='lat' dir='ltr'><strong>et</strong></span> <span class='ocrx_word' id='word_1_693' title='bbox 1123 4638 1562 4711; x_wconf 84' lang='lat' dir='ltr'><strong>quadrupedum,</strong></span> <span class='ocrx_word' id='word_1_694' title='bbox 1582 4648 1639 4695; x_wconf 91' lang='lat' dir='ltr'><strong>et</strong></span> <span class='ocrx_word' id='word_1_695' title='bbox 1659 4641 1940 4712; x_wconf 90' lang='lat' dir='ltr'><strong>reptilium</strong></span> <span class='ocrx_word' id='word_1_696' title='bbox 1958 4643 2023 4697; x_wconf 72' lang='grc'><strong>⁸⁸.</strong></span> <span class='ocrx_word' id='word_1_697' title='bbox 2037 4661 2055 4694; x_wconf 78' lang='grc' dir='ltr'><strong>ι</strong></span> 
     </span>
    </p>
   </div>
   <div class='ocr_carea' id='block_1_94' title="bbox 476 4725 2064 4801">
    <p class='ocr_par' dir='ltr' id='par_1_94' title="bbox 476 4725 2064 4801">
     <span class='ocr_line' id='line_1_94' title="bbox 476 4725 2064 4801; baseline 0.005 -20"><span class='ocrx_word' id='word_1_698' title='bbox 476 4725 780 4784; x_wconf 77' lang='lat' dir='ltr'><strong>Colum-unt</strong></span> <span class='ocrx_word' id='word_1_699' title='bbox 810 4734 993 4784; x_wconf 87' lang='lat' dir='ltr'><strong>autem</strong></span> <span class='ocrx_word' id='word_1_700' title='bbox 1021 4736 1079 4784; x_wconf 91' lang='lat' dir='ltr'><strong>et</strong></span> <span class='ocrx_word' id='word_1_701' title='bbox 1106 4737 1418 4785; x_wconf 90' lang='lat' dir='ltr'><strong>creaturam</strong></span> <span class='ocrx_word' id='word_1_702' title='bbox 1447 4731 1634 4801; x_wconf 90' lang='lat' dir='ltr'><strong>potius</strong></span> <span class='ocrx_word' id='word_1_703' title='bbox 1653 4747 1817 4801; x_wconf 88' lang='lat' dir='ltr'><strong>quam</strong></span> <span class='ocrx_word' id='word_1_704' title='bbox 1838 4730 2064 4789; x_wconf 84' lang='lat' dir='ltr'><strong>Creato-</strong></span> 
     </span>
    </p>
   </div>
   <div class='ocr_carea' id='block_1_95' title="bbox 478 4817 2066 4891">
    <p class='ocr_par' dir='ltr' id='par_1_95' title="bbox 478 4817 2066 4891">
     <span class='ocr_line' id='line_1_95' title="bbox 478 4817 2066 4891; baseline 0.006 -21"><span class='ocrx_word' id='word_1_705' title='bbox 478 4830 617 4881; x_wconf 87' lang='lat' dir='ltr'><strong>rem,</strong></span> <span class='ocrx_word' id='word_1_706' title='bbox 644 4817 1044 4889; x_wconf 88' lang='lat' dir='ltr'><strong>elementisque</strong></span> <span class='ocrx_word' id='word_1_707' title='bbox 1070 4819 1264 4876; x_wconf 89' lang='lat' dir='ltr'><strong>mundi</strong></span> <span class='ocrx_word' id='word_1_708' title='bbox 1302 4818 1467 4891; x_wconf 86' lang='lat' dir='ltr'><strong>h&#39;ujus</strong></span> <span class='ocrx_word' id='word_1_709' title='bbox 1502 4820 1832 4887; x_wconf 87' lang='lat' dir='ltr'><strong>servierunt,</strong></span> <span class='ocrx_word' id='word_1_710' title='bbox 1862 4823 2066 4879; x_wconf 87' lang='lat' dir='ltr'><strong>multos</strong></span> 
     </span>
    </p>
   </div>
   <div class='ocr_carea' id='block_1_96' title="bbox 477 4907 2061 4985">
    <p class='ocr_par' dir='ltr' id='par_1_96' title="bbox 477 4907 2061 4985">
     <span class='ocr_line' id='line_1_96' title="bbox 477 4907 2061 4985; baseline 0.004 -23"><span class='ocrx_word' id='word_1_711' title='bbox 477 4918 536 4963; x_wconf 88' lang='lat' dir='ltr'><strong>et</strong></span> <span class='ocrx_word' id='word_1_712' title='bbox 566 4907 1002 4966; x_wconf 85' lang='lat' dir='ltr'><strong>innumerabiles</strong></span> <span class='ocrx_word' id='word_1_713' title='bbox 1045 4925 1169 4966; x_wconf 85' lang='lat' dir='ltr'><strong>esse</strong></span> <span class='ocrx_word' id='word_1_714' title='bbox 1208 4909 1343 4966; x_wconf 90' lang='lat' dir='ltr'><strong>deos</strong></span> <span class='ocrx_word' id='word_1_715' title='bbox 1378 4911 1756 4967; x_wconf 80' lang='lat' dir='ltr'><strong>existimantes</strong></span> <span class='ocrx_word' id='word_1_716' title='bbox 1777 4913 1845 4967; x_wconf 70' lang='grc' dir='ltr'><strong>δ’.</strong></span> <span class='ocrx_word' id='word_1_717' title='bbox 1888 4913 2061 4985; x_wconf 87' lang='lat' dir='ltr'><strong>Igitur</strong></span> 
     </span>
    </p>
   </div>
   <div class='ocr_carea' id='block_1_97' title="bbox 477 4999 2058 5071">
    <p class='ocr_par' dir='ltr' id='par_1_97' title="bbox 477 4999 2058 5071">
     <span class='ocr_line' id='line_1_97' title="bbox 477 4999 2058 5071; baseline 0.004 -18"><span class='ocrx_word' id='word_1_718' title='bbox 477 4999 547 5054; x_wconf 86' lang='lat' dir='ltr'><strong>ad</strong></span> <span class='ocrx_word' id='word_1_719' title='bbox 572 4999 1010 5056; x_wconf 87' lang='lat' dir='ltr'><strong>subvertendum</strong></span> <span class='ocrx_word' id='word_1_720' title='bbox 1051 5015 1323 5065; x_wconf 89' lang='lat' dir='ltr'><strong>errorem,</strong></span> <span class='ocrx_word' id='word_1_721' title='bbox 1345 5000 1441 5071; x_wconf 90' lang='lat' dir='ltr'><strong>qui</strong></span> <span class='ocrx_word' id='word_1_722' title='bbox 1481 4999 1685 5055; x_wconf 91' lang='lat' dir='ltr'><strong>multos</strong></span> <span class='ocrx_word' id='word_1_723' title='bbox 1712 5000 1844 5056; x_wconf 90' lang='lat' dir='ltr'><strong>deos</strong></span> <span class='ocrx_word' id='word_1_724' title='bbox 1868 5002 2058 5071; x_wconf 88' lang='lat' dir='ltr'><strong>tradit,</strong></span> 
     </span>
    </p>
   </div>
   <div class='ocr_carea' id='block_1_98' title="bbox 481 5089 2062 5157">
    <p class='ocr_par' dir='ltr' id='par_1_98' title="bbox 481 5089 2062 5157">
     <span class='ocr_line' id='line_1_98' title="bbox 481 5089 2062 5157; baseline 0.003 -11"><span class='ocrx_word' id='word_1_725' title='bbox 481 5105 653 5146; x_wconf 84' lang='lat' dir='ltr'><strong>unum</strong></span> <span class='ocrx_word' id='word_1_726' title='bbox 706 5089 879 5153; x_wconf 84' lang='lat' dir='ltr'><strong>Deum</strong></span> <span class='ocrx_word' id='word_1_727' title='bbox 929 5090 1239 5157; x_wconf 85' lang='lat' dir='ltr'><strong>nominant,</strong></span> <span class='ocrx_word' id='word_1_728' title='bbox 1282 5099 1344 5146; x_wconf 90' lang='lat' dir='ltr'><strong>ut</strong></span> <span class='ocrx_word' id='word_1_729' title='bbox 1373 5090 1546 5147; x_wconf 87' lang='lat' dir='ltr'><strong>sacris</strong></span> <span class='ocrx_word' id='word_1_730' title='bbox 1567 5089 1792 5148; x_wconf 86' lang='lat' dir='ltr'><strong>Litteris</strong></span> <span class='ocrx_word' id='word_1_731' title='bbox 1835 5094 2062 5150; x_wconf 88' lang='lat' dir='ltr'><strong>omnino</strong></span> 
     </span>
    </p>
   </div>
   <div class='ocr_carea' id='block_1_99' title="bbox 480 5182 2058 5257">
    <p class='ocr_par' dir='ltr' id='par_1_99' title="bbox 480 5182 2058 5257">
     <span class='ocr_line' id='line_1_99' title="bbox 480 5182 2058 5257; baseline 0.004 -20"><span class='ocrx_word' id='word_1_732' title='bbox 480 5182 851 5249; x_wconf 87' lang='lat' dir='ltr'><strong>consentiant,</strong></span> <span class='ocrx_word' id='word_1_733' title='bbox 886 5191 943 5238; x_wconf 90' lang='lat' dir='ltr'><strong>et</strong></span> <span class='ocrx_word' id='word_1_734' title='bbox 976 5182 1228 5238; x_wconf 84' lang='lat' dir='ltr'><strong>veritatis</strong></span> <span class='ocrx_word' id='word_1_735' title='bbox 1269 5183 1510 5253; x_wconf 88' lang='lat' dir='ltr'><strong>speciem</strong></span> <span class='ocrx_word' id='word_1_736' title='bbox 1550 5182 1825 5241; x_wconf 89' lang='lat' dir='ltr'><strong>universis</strong></span> <span class='ocrx_word' id='word_1_737' title='bbox 1870 5187 1966 5257; x_wconf 91' lang='lat' dir='ltr'><strong>qui</strong></span> <span class='ocrx_word' id='word_1_738' title='bbox 2001 5189 2058 5244; x_wconf 92' lang='lat' dir='ltr'><strong>in</strong></span> 
     </span>
    </p>
   </div>
   <div class='ocr_carea' id='block_1_100' title="bbox 481 5271 2058 5349">
    <p class='ocr_par' dir='ltr' id='par_1_100' title="bbox 481 5271 2058 5349">
     <span class='ocr_line' id='line_1_100' title="bbox 481 5271 2058 5349; baseline 0.004 -20"><span class='ocrx_word' id='word_1_739' title='bbox 481 5282 598 5329; x_wconf 83' lang='lat' dir='ltr'><strong>toto</strong></span> <span class='ocrx_word' id='word_1_740' title='bbox 622 5275 830 5329; x_wconf 87' lang='lat' dir='ltr'><strong>mundo</strong></span> <span class='ocrx_word' id='word_1_741' title='bbox 863 5280 1013 5340; x_wconf 90' lang='lat' dir='ltr'><strong>sunt,</strong></span> <span class='ocrx_word' id='word_1_742' title='bbox 1041 5271 1309 5329; x_wconf 87' lang='lat' dir='ltr'><strong>indicent.</strong></span> <span class='ocrx_word' id='word_1_743' title='bbox 1347 5271 1465 5330; x_wconf 84' lang='lat' dir='ltr'><strong>Hoc</strong></span> <span class='ocrx_word' id='word_1_744' title='bbox 1485 5271 1662 5345; x_wconf 89' lang='lat' dir='ltr'><strong>ipsum</strong></span> <span class='ocrx_word' id='word_1_745' title='bbox 1686 5282 1743 5333; x_wconf 89' lang='lat' dir='ltr'><strong>et</strong></span> <span class='ocrx_word' id='word_1_746' title='bbox 1766 5278 2058 5349; x_wconf 84' lang='lat' dir='ltr'><strong>sapientis-</strong></span> 
     </span>
    </p>
   </div>
   <div class='ocr_carea' id='block_1_101' title="bbox 551 5426 2055 5495">
    <p class='ocr_par' dir='ltr' id='par_1_101' title="bbox 551 5426 2055 5495">
     <span class='ocr_line' id='line_1_101' title="bbox 551 5426 2055 5495; baseline 0.006 -12"><span class='ocrx_word' id='word_1_747' title='bbox 551 5427 598 5460; x_wconf 74' lang='lat'><strong>&quot;</strong></span> <span class='ocrx_word' id='word_1_748' title='bbox 626 5428 648 5483; x_wconf 89' lang='lat' dir='ltr'><strong>l</strong></span> <span class='ocrx_word' id='word_1_749' title='bbox 679 5429 825 5483; x_wconf 76' lang='lat' dir='ltr'><strong>l’etr.</strong></span> <span class='ocrx_word' id='word_1_750' title='bbox 856 5442 937 5490; x_wconf 82' lang='lat' dir='ltr'><strong>Ill,</strong></span> <span class='ocrx_word' id='word_1_751' title='bbox 962 5426 1049 5480; x_wconf 75' lang='grc'><strong>15.</strong></span> <span class='ocrx_word' id='word_1_752' title='bbox 1125 5426 1173 5457; x_wconf 77' lang='grc'>⁸⁸</span> <span class='ocrx_word' id='word_1_753' title='bbox 1196 5426 1352 5482; x_wconf 81' lang='lat' dir='ltr'><strong>Rom.</strong></span> <span class='ocrx_word' id='word_1_754' title='bbox 1389 5444 1426 5495; x_wconf 87' lang='lat' dir='ltr'><strong>l,</strong></span> <span class='ocrx_word' id='word_1_755' title='bbox 1452 5428 1542 5486; x_wconf 73' lang='lat'><strong>2‘2.</strong></span> <span class='ocrx_word' id='word_1_756' title='bbox 1564 5430 1652 5486; x_wconf 73' lang='grc'><strong>25.</strong></span> <span class='ocrx_word' id='word_1_757' title='bbox 1727 5434 1771 5463; x_wconf 69' lang='grc'><strong>⁸⁷</strong></span> <span class='ocrx_word' id='word_1_758' title='bbox 1801 5434 1941 5490; x_wconf 86' lang='lat' dir='ltr'><strong>Ibid.</strong></span> <span class='ocrx_word' id='word_1_759' title='bbox 1964 5435 2055 5492; x_wconf 76' lang='lat'><strong>25.</strong></span> 
     </span>
    </p>
   </div>
   <div class='ocr_carea' id='block_1_102' title="bbox 2161 4540 3751 4625">
    <p class='ocr_par' dir='ltr' id='par_1_102' title="bbox 2161 4540 3751 4625">
     <span class='ocr_line' id='line_1_102' title="bbox 2161 4540 3751 4625; baseline -0.01 -17"><span class='ocrx_word' id='word_1_760' title='bbox 2161 4553 2404 4625; x_wconf 85' lang='grc' dir='ltr'>φθαρτοῦ</span> <span class='ocrx_word' id='word_1_761' title='bbox 2418 4550 2731 4624; x_wconf 81' lang='grc' dir='ltr'>ἀνθρώπου,</span> <span class='ocrx_word' id='word_1_762' title='bbox 2750 4551 2842 4605; x_wconf 80' lang='grc' dir='ltr'>καὶ</span> <span class='ocrx_word' id='word_1_763' title='bbox 2860 4547 3145 4615; x_wconf 83' lang='grc' dir='ltr'>πετεινῶν,</span> <span class='ocrx_word' id='word_1_764' title='bbox 3161 4546 3257 4601; x_wconf 80' lang='grc' dir='ltr'>καὶ</span> <span class='ocrx_word' id='word_1_765' title='bbox 3266 4543 3630 4614; x_wconf 83' lang='grc' dir='ltr'>τετραπόδων,</span> <span class='ocrx_word' id='word_1_766' title='bbox 3648 4540 3751 4594; x_wconf 70' lang='grc' dir='ltr'>καὶ.</span> 
     </span>
    </p>
   </div>
   <div class='ocr_carea' id='block_1_103' title="bbox 2162 4630 3750 4715">
    <p class='ocr_par' dir='ltr' id='par_1_103' title="bbox 2162 4630 3750 4715">
     <span class='ocr_line' id='line_1_103' title="bbox 2162 4630 3750 4715; baseline -0.008 -18"><span class='ocrx_word' id='word_1_767' title='bbox 2162 4644 2460 4715; x_wconf 76' lang='grc' dir='ltr'>ἑρπετῶν.»</span> <span class='ocrx_word' id='word_1_768' title='bbox 2496 4642 2921 4715; x_wconf 85' lang='grc' dir='ltr'>Προσεκύνησαν</span> <span class='ocrx_word' id='word_1_769' title='bbox 2944 4641 3002 4695; x_wconf 81' lang='grc' dir='ltr'><strong>δὲ</strong></span> <span class='ocrx_word' id='word_1_770' title='bbox 3030 4641 3123 4694; x_wconf 79' lang='grc' dir='ltr'>καὶ</span> <span class='ocrx_word' id='word_1_771' title='bbox 3154 4640 3221 4710; x_wconf 77' lang='grc' dir='ltr'><strong>τῇ</strong></span> <span class='ocrx_word' id='word_1_772' title='bbox 3256 4637 3433 4691; x_wconf 80' lang='grc' dir='ltr'>κτίσει</span> <span class='ocrx_word' id='word_1_773' title='bbox 3463 4631 3617 4705; x_wconf 85' lang='grc' dir='ltr'><strong>παρά</strong></span> <span class='ocrx_word' id='word_1_774' title='bbox 3652 4630 3750 4685; x_wconf 84' lang='grc' dir='ltr'><strong>τὸν</strong></span> 
     </span>
    </p>
   </div>
   <div class='ocr_carea' id='block_1_104' title="bbox 2162 4724 3752 4805">
    <p class='ocr_par' dir='ltr' id='par_1_104' title="bbox 2162 4724 3752 4805">
     <span class='ocr_line' id='line_1_104' title="bbox 2162 4724 3752 4805; baseline -0.005 -18"><span class='ocrx_word' id='word_1_775' title='bbox 2162 4734 2445 4798; x_wconf 82' lang='grc' dir='ltr'>κτίσαντα,</span> <span class='ocrx_word' id='word_1_776' title='bbox 2477 4735 2571 4788; x_wconf 80' lang='grc' dir='ltr'><strong>καὶ</strong></span> <span class='ocrx_word' id='word_1_777' title='bbox 2592 4737 2704 4799; x_wconf 84' lang='grc' dir='ltr'>τοῖς</span> <span class='ocrx_word' id='word_1_778' title='bbox 2722 4734 2817 4789; x_wconf 86' lang='grc' dir='ltr'><strong>τοῦ</strong></span> <span class='ocrx_word' id='word_1_779' title='bbox 2846 4734 3055 4805; x_wconf 86' lang='grc' dir='ltr'>κόσμου</span> <span class='ocrx_word' id='word_1_780' title='bbox 3084 4731 3370 4803; x_wconf 82' lang='grc' dir='ltr'>στοιχείοις</span> <span class='ocrx_word' id='word_1_781' title='bbox 3395 4724 3752 4784; x_wconf 81' lang='grc' dir='ltr'>δεδουλεύκα-</span> 
     </span>
    </p>
   </div>
   <div class='ocr_carea' id='block_1_105' title="bbox 2164 4812 3751 4899">
    <p class='ocr_par' dir='ltr' id='par_1_105' title="bbox 2164 4812 3751 4899">
     <span class='ocr_line' id='line_1_105' title="bbox 2164 4812 3751 4899; baseline -0.004 -21"><span class='ocrx_word' id='word_1_782' title='bbox 2164 4843 2240 4892; x_wconf 86' lang='grc' dir='ltr'><strong>σι,</strong></span> <span class='ocrx_word' id='word_1_783' title='bbox 2271 4825 2500 4891; x_wconf 77' lang='grc' dir='ltr'>πολλοὺς</span> <span class='ocrx_word' id='word_1_784' title='bbox 2523 4828 2614 4881; x_wconf 70' lang='grc' dir='ltr'>καὶ</span> <span class='ocrx_word' id='word_1_785' title='bbox 2634 4827 3042 4899; x_wconf 79' lang='grc' dir='ltr'>ἀναριθμήτους</span> <span class='ocrx_word' id='word_1_786' title='bbox 3074 4824 3518 4895; x_wconf 80' lang='grc' dir='ltr'>ὑποτοπήσαντες</span> <span class='ocrx_word' id='word_1_787' title='bbox 3545 4827 3573 4856; x_wconf 72' lang='grc' dir='ltr'>η</span> <span class='ocrx_word' id='word_1_788' title='bbox 3601 4812 3751 4872; x_wconf 75' lang='grc' dir='ltr'>εἶναι</span> 
     </span>
    </p>
   </div>
   <div class='ocr_carea' id='block_1_106' title="bbox 2142 4907 3750 4987">
    <p class='ocr_par' dir='ltr' id='par_1_106' title="bbox 2142 4907 3750 4987">
     <span class='ocr_line' id='line_1_106' title="bbox 2142 4907 3750 4987; baseline -0.004 -17"><span class='ocrx_word' id='word_1_789' title='bbox 2142 4916 2289 4980; x_wconf 82' lang='grc' dir='ltr'>’τοὺς</span> <span class='ocrx_word' id='word_1_790' title='bbox 2317 4914 2492 4980; x_wconf 88' lang='grc' dir='ltr'>θεούς.</span> <span class='ocrx_word' id='word_1_791' title='bbox 2515 4915 2726 4973; x_wconf 81' lang='grc' dir='ltr'>υύκοῦν</span> <span class='ocrx_word' id='word_1_792' title='bbox 2760 4917 2842 4980; x_wconf 83' lang='grc' dir='ltr'>εἰς</span> <span class='ocrx_word' id='word_1_793' title='bbox 2870 4916 3152 4987; x_wconf 89' lang='grc' dir='ltr'>ἀναίρεσιν</span> <span class='ocrx_word' id='word_1_794' title='bbox 3180 4915 3279 4985; x_wconf 82' lang='grc' dir='ltr'>τῆς</span> <span class='ocrx_word' id='word_1_795' title='bbox 3311 4908 3578 4967; x_wconf 83' lang='grc' dir='ltr'>πολυθέου</span> <span class='ocrx_word' id='word_1_796' title='bbox 3601 4907 3750 4964; x_wconf 79' lang='grc' dir='ltr'>πλά-</span> 
     </span>
    </p>
   </div>
   <div class='ocr_carea' id='block_1_107' title="bbox 2162 4998 3752 5081">
    <p class='ocr_par' dir='ltr' id='par_1_107' title="bbox 2162 4998 3752 5081">
     <span class='ocr_line' id='line_1_107' title="bbox 2162 4998 3752 5081; baseline -0.008 -18"><span class='ocrx_word' id='word_1_797' title='bbox 2162 5025 2261 5079; x_wconf 86' lang='grc' dir='ltr'><strong>νης</strong></span> <span class='ocrx_word' id='word_1_798' title='bbox 2298 5008 2395 5063; x_wconf 74' lang='grc' dir='ltr'>ἕνα</span> <span class='ocrx_word' id='word_1_799' title='bbox 2435 5009 2568 5063; x_wconf 83' lang='grc' dir='ltr'>Θεὸν</span> <span class='ocrx_word' id='word_1_800' title='bbox 2606 5008 2988 5081; x_wconf 82' lang='grc' dir='ltr'>ὀνομάζουσιν,</span> <span class='ocrx_word' id='word_1_801' title='bbox 3023 5008 3284 5078; x_wconf 74' lang='grc' dir='ltr'>ἑπόμενοι</span> <span class='ocrx_word' id='word_1_802' title='bbox 3324 4998 3604 5071; x_wconf 83' lang='grc' dir='ltr'>πανταχοῦ</span> <span class='ocrx_word' id='word_1_803' title='bbox 3631 5001 3752 5062; x_wconf 81' lang='grc' dir='ltr'>τοῖς</span> 
     </span>
    </p>
   </div>
   <div class='ocr_carea' id='block_1_108' title="bbox 2162 5090 3753 5171">
    <p class='ocr_par' dir='ltr' id='par_1_108' title="bbox 2162 5090 3753 5171">
     <span class='ocr_line' id='line_1_108' title="bbox 2162 5090 3753 5171; baseline 0 -19"><span class='ocrx_word' id='word_1_804' title='bbox 2162 5099 2328 5170; x_wconf 81' lang='grc' dir='ltr'>ίεροῖς</span> <span class='ocrx_word' id='word_1_805' title='bbox 2358 5098 2681 5171; x_wconf 80' lang='grc' dir='ltr'>Γράμμασι,</span> <span class='ocrx_word' id='word_1_806' title='bbox 2732 5100 2828 5155; x_wconf 73' lang='grc' dir='ltr'>καὶ</span> <span class='ocrx_word' id='word_1_807' title='bbox 2870 5099 2971 5169; x_wconf 80' lang='grc' dir='ltr'>τῆς</span> <span class='ocrx_word' id='word_1_808' title='bbox 3005 5096 3266 5168; x_wconf 87' lang='grc' dir='ltr'>ἀληθείας</span> <span class='ocrx_word' id='word_1_809' title='bbox 3308 5093 3369 5147; x_wconf 92' lang='grc' dir='ltr'><strong>τὸ</strong></span> <span class='ocrx_word' id='word_1_810' title='bbox 3412 5091 3607 5153; x_wconf 80' lang='grc' dir='ltr'>κάλλος</span> <span class='ocrx_word' id='word_1_811' title='bbox 3634 5090 3753 5152; x_wconf 80' lang='grc' dir='ltr'>τοῖς</span> 
     </span>
    </p>
   </div>
   <div class='ocr_carea' id='block_1_109' title="bbox 2160 5180 3755 5267">
    <p class='ocr_par' dir='ltr' id='par_1_109' title="bbox 2160 5180 3755 5267">
     <span class='ocr_line' id='line_1_109' title="bbox 2160 5180 3755 5267; baseline -0.008 -22"><span class='ocrx_word' id='word_1_812' title='bbox 2160 5191 2264 5245; x_wconf 84' lang='grc' dir='ltr'><strong>ἀνὰ</strong></span> <span class='ocrx_word' id='word_1_813' title='bbox 2301 5192 2484 5247; x_wconf 79' lang='grc' dir='ltr'>πᾶσαν</span> <span class='ocrx_word' id='word_1_814' title='bbox 2526 5193 2626 5267; x_wconf 78' lang='grc' dir='ltr'>τὴν</span> <span class='ocrx_word' id='word_1_815' title='bbox 2663 5193 2755 5262; x_wconf 73' lang='grc' dir='ltr'><strong>ὐφ’</strong></span> <span class='ocrx_word' id='word_1_816' title='bbox 2798 5191 2953 5263; x_wconf 75' lang='grc' dir='ltr'>ἥλιον</span> <span class='ocrx_word' id='word_1_817' title='bbox 3001 5186 3527 5261; x_wconf 86' lang='grc' dir='ltr'>κατασημαίνοντες.</span> <span class='ocrx_word' id='word_1_818' title='bbox 3575 5180 3755 5235; x_wconf 86' lang='grc' dir='ltr'>Τοῦτο</span> 
     </span>
    </p>
   </div>
   <div class='ocr_carea' id='block_1_110' title="bbox 2163 5274 3750 5356">
    <p class='ocr_par' dir='ltr' id='par_1_110' title="bbox 2163 5274 3750 5356">
     <span class='ocr_line' id='line_1_110' title="bbox 2163 5274 3750 5356; baseline -0.007 -19"><span class='ocrx_word' id='word_1_819' title='bbox 2163 5283 2261 5337; x_wconf 72' lang='grc' dir='ltr'>καὶ</span> <span class='ocrx_word' id='word_1_820' title='bbox 2290 5284 2320 5336; x_wconf 85' lang='grc' dir='ltr'><strong>ό</strong></span> <span class='ocrx_word' id='word_1_821' title='bbox 2353 5283 2630 5355; x_wconf 81' lang='grc' dir='ltr'>πάνσοφος</span> <span class='ocrx_word' id='word_1_822' title='bbox 2687 5284 2818 5356; x_wconf 80' lang='grc' dir='ltr'>ἔδρα</span> <span class='ocrx_word' id='word_1_823' title='bbox 2862 5282 3126 5354; x_wconf 79' lang='grc' dir='ltr'>Μωύσῆς,</span> <span class='ocrx_word' id='word_1_824' title='bbox 3181 5279 3501 5350; x_wconf 77' lang='grc' dir='ltr'>σαφέστατα</span> <span class='ocrx_word' id='word_1_825' title='bbox 3536 5274 3750 5346; x_wconf 77' lang='grc' dir='ltr'>λέγων’</span> 
     </span>
    </p>
   </div>
   <div class='ocr_carea' id='block_1_111' title="bbox 1576 5589 2653 5665">
    <p class='ocr_par' dir='ltr' id='par_1_111' title="bbox 1576 5589 2653 5665">
     <span class='ocr_line' id='line_1_111' title="bbox 1576 5589 2653 5665; baseline 0.004 -20"><span class='ocrx_word' id='word_1_826' title='bbox 1576 5589 1749 5646; x_wconf 69' lang='lat' dir='ltr'><strong>Varia:</strong></span> <span class='ocrx_word' id='word_1_827' title='bbox 1776 5591 2040 5648; x_wconf 86' lang='lat' dir='ltr'><strong>lectiones</strong></span> <span class='ocrx_word' id='word_1_828' title='bbox 2062 5592 2269 5649; x_wconf 80' lang='lat' dir='ltr'><strong>codicis</strong></span> <span class='ocrx_word' id='word_1_829' title='bbox 2290 5593 2653 5665; x_wconf 84' lang='lat' dir='ltr'><strong>Seguieriani.</strong></span> 
     </span>
    </p>
   </div>
   <div class='ocr_carea' id='block_1_112' title="bbox 558 5694 1094 5756">
    <p class='ocr_par' dir='ltr' id='par_1_112' title="bbox 558 5694 1094 5756">
     <span class='ocr_line' id='line_1_112' title="bbox 558 5694 1094 5756; baseline 0 -10"><span class='ocrx_word' id='word_1_830' title='bbox 558 5700 591 5733; x_wconf 71' lang='grc' dir='ltr'><strong>τι</strong></span> <span class='ocrx_word' id='word_1_831' title='bbox 624 5694 1094 5756; x_wconf 78' lang='grc' dir='ltr'>ὐποτυπὼσαντες.</span> 
     </span>
    </p>
   </div>
  </div>
