4048 6442
142 302 346 369 ’997

1709 321 2047 381 EPISTOLA
2082 326 2173 384 LV

3485 329 3593 385 298
3656 406 3661 411 Α

242 449 264 484 ι
295 431 522 506 Ἄκουε
570 430 861 502 Ἰσραήλ*
897 431 1107 505 Κύριος
1157 432 1189 485 ό
1244 433 1376 497 Θεός
1420 451 1514 491 σου
1560 437 1767 508 Κύριος
1812 435 1891 504 εἷς

1997 442 2171 500 simus
2205 442 2417 516 Moyses
2433 444 2584 512 fecit,
2626 462 2751 503 cum
2786 449 3130 518 apertissime
3151 449 3292 505 dixit
3330 469 3343 505 :
3379 471 3396 503 ι
3420 452 3588 522 Audi,

237 521 379 576 ἔστι.
426 540 450 573 ι
489 522 623 575 Καὶ
666 522 853 586 αὐτὸς
900 524 959 578 δέ
995 523 1099 579 πού
1134 540 1297 597 φησιν
1323 525 1352 578 ό
1380 526 1489 580 τῶν
1517 526 1652 582 ὅλων
1682 545 1893 599 γενεσι-

243 612 445 684 ουργδς
474 614 588 667 καὶ
611 614 960 687 Aean-:6th
998 634 1016 668 ι
1047 616 1164 671 Οὐκ
1195 615 1411 672 ἔσονταί
1453 634 1535 673 σοι
1572 619 1687 674 θεοὶ
1715 621 1895 692 ἕτεροι

253 704 379 776 πλὴν
432 702 623 774 ἐμοῦ.
681 723 708 757 ι
751 706 876 760 Καὶ
918 706 1027 779 μὴν
1076 708 1169 761 καὶ¹
1207 707 1298 763 διὰ
1334 711 1523 782 φωνῆς
1562 713 1671 767 τῶν
1722 713 1896 782 ἁγίων

250 795 593 869 προφητῶν
641 815 668 848 σ
718 798 878 866 Ἐγὼ
915 797 1125 871 Κύριος
1170 792 1425 871 πρῶτοςῖ
1465 802 1562 856 καὶ
1609 802 1722 873 ἐγὼ
1756 805 1896 875 μετὰ

241 888 437 956 ταῦτα,
470 889 584 942 καὶ
619 888 745 943 οὐκ
791 888 916 944 ἐστι
951 891 1131 963 πάρεξ
1163 890 1321 962 ἐμοῦ.
1369 908 1391 944 ι
1443 893 1677 965 Ἀριστα
1709 895 1773 968 δὴ
1801 891 1897 950 οὖν

240 985 287 1038 at
314 980 713 1055 πανεύφημοι
743 982 1009 1055 Πατὲρες
1034 983 1279 1057 κρηπῖδα
1307 986 1376 1056 τῇ
1403 985 1586 1040 πίστει
1618 987 1895 1043 καταϐαλ-

240 1074 459 1147 λόμενοι
494 1074 566 1128 τὸ
619 1074 856 1145 χρῆναι
901 1078 1122 1148 φρονεῖν
1172 1076 1270 1132 καὶ
1305 1075 1510 1146 λέγειν,
1555 1078 1633 1143 ὡς
1681 1073 1762 1144 εἷς
1801 1080 1896 1134 καὶ

246 1167 400 1241 μόνος
429 1166 563 1221 ἐστὶ
602 1166 825 1235 φύσει,
857 1166 959 1222 καὶ
990 1166 1222 1239 ἀληθείᾳ
1252 1168 1407 1235 Θεὸς,
1438 1169 1722 1228 πιστεύειν
1757 1171 1894 1241 ἔφα-

248 1278 337 1315 σαν
361 1262 446 1324 είς
472 1258 584 1313 ἕνα
621 1258 812 1316 Θεόν.
859 1260 1344 1333 Προσονομάζουσι
1376 1262 1434 1319 δὲ
1464 1262 1628 1320 αὑτὸν
1656 1265 1752 1321 καὶ
1783 1266 1895 1319 Πα-

251 1354 373 1425 τέρα
419 1353 926 1425 παντοκράτορα,
976 1354 1065 1409 ἵνα
1114 1356 1539 1430 συνεισφέρηται
1589 1357 1669 1430 τῷ
1717 1357 1896 1431 Πατρὶ

257 1446 473 1519 δήλωσις
514 1442 695 1511 Υιοῦ,
740 1444 821 1498 δι’
867 1446 931 1499 ὃν
969 1446 1089 1499 ἐστι
1134 1446 1352 1520 Πατὴρ,
1383 1448 1799 1518 συνυφεστῶτός
1834 1466 1895 1504 τε

265 1541 343 1596 καὶ
367 1538 866 1610 συνυπάρχοντος
918 1537 1027 1593 ἀεί.
1073 1537 1212 1593 Οὐδὲ
1241 1537 1353 1611 γὰρ
1377 1539 1602 1611 γέγονεν
1627 1543 1686 1595 ὲν
1714 1541 1895 1615 χρόνῳ

266 1632 456 1705 Πατὴρ,
486 1631 615 1687 ἀλλ’
651 1627 738 1703 ἦν
788 1631 847 1699 ὃ.
868 1632 1020 1684 ἐστιν
1050 1630 1161 1695 ἀεὶ,
1196 1631 1445 1687 τουτέστι
1478 1630 1694 1705 Πατὴρ,
1757 1649 1896 1687 παν-

263 1728 343 1792 τὸς
371 1728 647 1798 ὑπάρχων
680 1720 1296 1795 ἐπέκειναγεννητοῦ,
1340 1725 1436 1779 καὶ
1473 1725 1532 1779 ὲν
1564 1725 1893 1796 ὑπερτάτοις

1997 536 2163 592 Israel
2198 553 2213 590 :
2243 538 2509 595 Dominus
2546 540 2692 595 Deus
2716 552 2863 607 tuus,
2889 542 3157 613 Dominus
3184 559 3333 600 unus
3362 554 3449 601 est
3464 545 3534 605 ⁸⁸⁸.
3569 568 3586 598 ι

1998 627 2066 682 Et
2095 626 2241 686 idem
2265 633 2382 699 ipse
2422 629 2668 699 profecto
2689 631 2938 686 omnium
2966 632 3274 689 nativitatis
3306 644 3503 691 auctor
3529 651 3594 690 ac

1997 719 2262 775 Dominus
2284 722 2496 792 inquit:
2538 723 2700 795 1'78
2726 742 2744 775 ι
2772 722 2893 780 Non
2912 735 3077 782 erunt
3097 726 3199 781 tibi
3221 725 3298 782 dii
3327 727 3421 782 alii
3455 744 3591 798 prte-

1966 858 1977 863 -
1998 822 2083 868 ter
2106 827 2195 868 me
2214 813 2279 867 ⁸³.
2293 833 2310 866 ι
2337 813 2609 870 Praeterea
2624 822 2680 870 et
2694 830 2793 884 per
2810 830 3002 872 vocem
3018 825 3336 873 sanctorum
3354 819 3594 889 prophe-

1998 914 2179 961 tarum
2206 924 2219 960 :
2262 925 2281 959 ι
2309 907 2425 978 Ego
2444 907 2711 964 Dominus
2735 909 2967 979 primus,
3002 917 3059 965 et
3091 924 3193 981 ego
3231 911 3494 981 posthac;
3536 921 3594 966 et

1997 1014 2110 1054 non
2145 1008 2231 1056 est
2270 1008 2427 1056 extra
2481 1016 2568 1057 me
2584 1001 2651 1054 ³ο.
2692 1021 2710 1054 ι
2749 1000 2969 1073 Optime
3016 1002 3187 1073 igitur
3236 1003 3588 1059 celeberrimi

1998 1090 2208 1155 Patres,
2234 1105 2358 1145 cum
2389 1089 2517 1146 fidei
2537 1090 2961 1147 fundamentum
2983 1091 3092 1173 h‘oc
3113 1093 3295 1163 ipsum
3318 1092 3588 1164 jacerent.

1998 1198 2197 1254 nempe
2216 1182 2570 1239 sentiendum
2586 1192 2642 1240 et
2664 1184 3024 1240 asserendum
3048 1200 3170 1241 esse
3193 1184 3341 1256 quod
3371 1202 3513 1241 unus
3536 1196 3594 1242 et

1996 1275 2149 1332 solus
2169 1275 2242 1331 sit
2266 1284 2464 1332 natura
2492 1293 2733 1349 vereque
2765 1278 2931 1344 Deus,
2963 1278 3223 1334 dixerunt
3261 1279 3491 1335 credere
3532 1295 3593 1336 se

1997 1366 2056 1422 in
2096 1383 2266 1423 unum
2312 1369 2508 1425 Deum.
2542 1370 2812 1426 Eumdem
2848 1378 2904 1427 et
2945 1371 3445 1443 agnominaverunt
3487 1372 3590 1426 Pa-

1996 1466 2139 1517 trem
2174 1462 2635 1533 omnipotentem,
2661 1472 2723 1519 ut
2748 1479 2872 1519 cum
2901 1463 3061 1521 Patre
3084 1463 3253 1519 simul
3273 1463 3443 1519 etiam
3468 1464 3593 1520 Filii

1998 1551 2326 1624 signiﬁcatio
2375 1553 2698 1621 inferretur,
2754 1554 2826 1611 ob
2864 1570 3029 1627 quem
3067 1562 3155 1611 est
3197 1555 3384 1621 Pater,
3427 1557 3592 1612 simul

1996 1644 2349 1702 subsistentis
2373 1655 2432 1702 et
2452 1661 2671 1719 semper
2691 1648 3095 1705 coexsistentis.
3123 1648 3314 1723 Neque
3343 1649 3492 1704 enim
3539 1650 3593 1705 in

1998 1744 2247 1807 tempore
2278 1737 2458 1795 factus
2481 1748 2567 1795 est
2593 1741 2778 1807 Pater,
2802 1740 2901 1796 sed
2932 1740 3081 1811 quod
3106 1750 3191 1797 est
3223 1752 3441 1813 semper
3467 1740 3590 1808 fuit,

264 1792 662 1895 ὑψώμασιΪΤὸ
704 1806 979 1892 γὰρ”τοι
1037 1792 1263 1893 κρατεῖν
1317 1819 1414 1874 καὶ
1456 1792 1735 1892 κυριεύειν
1780 1821 1891 1876 τῶν

2111 1792 2130 1807 .
2228 1792 2237 1793 κ
2593 1792 2901 1807 -πη-,η-
2937 1792 3081 1811 γη
3112 1792 3189 1797 ---
3224 1792 3432 1813 um.--
3468 1792 3590 1808 --ηι

1996 1829 2103 1887 hoc
2120 1839 2206 1886 est
2227 1831 2411 1899 Pater,
2430 1832 2578 1888 ultra
2597 1848 2762 1889 omne
2782 1833 3057 1890 exsistens
3074 1834 3223 1905 quod
3252 1833 3459 1889 factum
3485 1847 3591 1898 est,

268 1913 418 1979 ὅλων,
431 1910 708 1984 λαμπρὰν
743 1909 937 1976 οὕτω,
968 1909 1062 1965 καὶ
1107 1909 1499 1983 ἀπαράϐλητον
1541 1909 1692 1982 αὐτῷ
1718 1927 1893 1982 προσ-

138 2074 167 2089 κ
275 2003 433 2077 νέμει-
461 2003 557 2075 dp
586 2002 792 2068 δόξαν.
861 2001 1008 2072 Παρ’
1037 1999 1204 2061 αὐτοῦ
1243 2001 1302 2055 δέ
1327 2019 1460 2072 φασι
1489 2002 1895 2074 δεδημιουργῆ-

294 2093 411 2149 σθαι
432 2093 501 2149 τὰ.
519 2093 721 2160 πάντα,
752 2093 838 2147 τά
892 2109 959 2145 τε
1008 2095 1068 2147 ὲν
1108 2095 1222 2157 τοῖς
1266 2094 1517 2166 οὐρανοῖς
1561 2094 1657 2151 καὶ
1700 2094 1769 2148 τὰ
1800 2095 1893 2148 ἐπὶ

308 2187 399 2256 τῆς
442 2185 693 2257 τῆς-ἶνα
734 2183 1047 2241 κάνταῦθα
1094 2185 1158 2239 τὸ
1203 2186 1492 2258 ἀσυμφυὲς
1530 2187 1695 2243 αὑτοῦ
1755 2187 1895 2259 πρὸς

252 2286 264 2291 “
310 2278 489 2334 πᾶσαν.
521 2275 691 2332 κτίσιν
738 2278 961 2331 νοοῖτο.
999 2277 1358 2349 ’Δσύγκριτος
1407 2280 1519 2350 γὰρ
1569 2281 1604 2349 ἡ
1658 2278 1894 2351 διαφορὰ

304 2370 507 2442 mror?
530 2370 616 2424 ul
643 2370 1008 2442 ποιήματος,
1055 2370 1323 2441 ἀγενήτου
1351 2372 1447 2426 καὶ
1477 2371 1763 2443 γεννητοῦ,
1791 2372 1893 2441 φύ-

298 2459 495 2526 σεώςτε
521 2459 615 2532 τῆς
644 2459 768 2514 ὑπὸ
835 2459 991 2528 ζυγὰ
1043 2460 1141 2515 καὶ
1188 2460 1459 2528 δουλείας,
1492 2463 1589 2517 καὶ
1641 2463 1741 2534 τῆς
1780 2468 1893 2535 τοῖς

246 2568 258 2581 ’
288 2554 594 2619 ᾂσποτικοίς
639 2551 994 2624 ἀξιώμασιν
1044 2551 1483 2627 ἐξωραῖσμὲνης,
1517 2554 1799 2627 θεοπρεπῆ
1830 2573 1891 2610 τε

282 2645 361 2697 καὶ
383 2642 777 2716 ὁπερκόσμιον
812 2641 1107 2717 λαχούσης
1137 2644 1238 2717 τὴν
1269 2643 1448 2710 δόξαν.

326 2852 447 2908 Υίοῦ
480 2869 548 2923 γε
590 2851 719 2925 μὴν
753 2850 1375 2921 διαμνημονεύσαντα,
1431 2851 1519 2909 ἵνα
1569 2851 1646 2927 μὴ
1682 2852 1893 2909 δοκοῖεν

256 2945 412 3018 bona
451 2946 645 3002 κοινὸν
705 2942 1076 3018 προσνέμειν
1122 2943 1296 3016 αὐτῷ,
1323 2944 1464 3017 ὅπερ
1503 2943 1572 2999 ἂν
1604 2944 1734 3012 ἴσως
1762 2946 1894 3003 τάτ-

255 3054 384 3093 rem
410 3040 509 3094 καὶ
536 3039 633 3108 ἐφ’
668 3035 866 3109 ἡμῶν
895 3034 1081 3090 αὐτῶν
1111 3036 1455 3108 (κεκλήμεθα
1483 3035 1594 3109 γὰρ
1614 3039 1708 3093 καὶ
1730 3039 1892 3111 ἡμεῖς

1994 1932 2051 1982 et
2093 1939 2310 1981 summa
2344 1925 2676 1982 celsitudine
2719 1925 2995 1982 sublimis.
3021 1926 3158 1982 Nam
3179 1941 3302 1981 esse
3343 1926 3593 1982 omnium

1990 2027 2276 2089 potentem
2296 2033 2360 2074 ac
2375 2014 2691 2084 Dominum,
2720 2017 2995 2074 illustrem
3015 2017 3153 2075 adeo
3173 2027 3230 2074 et
3251 2018 3596 2091 incompara-

1994 2111 2162 2167 bilem
2190 2111 2241 2185 ei
2278 2110 2374 2167 dat
2409 2110 2663 2182 gloriam.
2711 2111 2794 2167 Ab
2823 2112 2943 2182 ipso
2986 2120 3172 2168 autem
3209 2113 3433 2169 condita
3471 2130 3595 2170 esse

1993 2202 2188 2258 dicunt
2208 2202 2392 2259 omnia
2417 2218 2540 2275 quae
2561 2203 2619 2258 in
2651 2204 2828 2271 caelis,
2857 2213 2912 2259 et
2938 2220 3060 2276 quae
3092 2205 3151 2261 in
3171 2206 3354 2272 terris,
3381 2214 3442 2261 ut
3466 2206 3597 2263 hinc

1992 2298 2215 2366 quoque
2237 2295 2445 2350 nullam
2463 2294 2514 2351 ei
2535 2310 2660 2350 cum
2678 2296 2865 2366 aliqua
2888 2305 3143 2353 creatura
3166 2305 3381 2354 natura:
3396 2313 3598 2370 cogna-

1992 2387 2201 2443 tionem
2234 2402 2356 2443 esse
2394 2395 2780 2458 cognoscatur.
2826 2388 3263 2459 Incomparabile
3305 2389 3453 2445 enim
3484 2390 3597 2444 dis-

1994 2477 2204 2535 crimen
2252 2486 2338 2535 est
2368 2478 2596 2535 factoris
2633 2488 2691 2535 et
2728 2477 2976 2543 factum,
3024 2478 3253 2553 ingeniti
3303 2487 3361 2534 et
3400 2480 3593 2563 geniti,

1993 2580 2315 2643 naturaeque
2351 2572 2456 2627 sub
2489 2572 2635 2644 iugo;
2671 2586 2737 2629 ac
2760 2570 3031 2627 servitute
3074 2572 3297 2643 positae,
3343 2582 3403 2629 et
3444 2573 3595 2629 illius

1994 2678 2118 2735 qua:
2157 2662 2390 2719 dominii
2413 2662 2682 2735 dignitate
2703 2661 3021 2730 decoratur,
3056 2670 3113 2719 ct
3135 2662 3379 2719 divinant
3411 2665 3595 2719 omni-

1994 2771 2104 2827 que
2143 2754 2352 2812 mundo
2381 2755 2744 2811 excelsiorem
2776 2754 3010 2826 gloriam
3036 2754 3232 2811 sortita
3272 2763 3380 2812 est.

2065 2847 2239 2903 Porro
2263 2862 2387 2903 cum
2419 2847 2543 2902 Filii
2574 2847 2915 2903 mentionem
2934 2836 3324 2931 fecissentnne
3339 2848 3601 2906 videren-

1998 2951 2087 2997 tur
2110 2944 2312 2997 nomen
2334 2954 2630 2997 commune
2650 2940 2758 3012 ipsi
2789 2939 3101 2997 attribuere
3124 2981 3139 3006 ,
3172 2940 3318 3013 quod
3353 2940 3495 2997 forte
3542 2953 3601 2997 et

1994 3031 2159 3088 nobis
2193 3046 2417 3104 quoque
2449 3032 2858 3090 accommodari
2882 3040 3071 3104 posset
3099 3032 3299 3106 (vocati
3325 3035 3475 3091 enim
3505 3050 3600 3092 sn-

255 3133 390 3205 υίοὶ),
426 3131 877 3204 ωυνεχέστατα
936 3129 1353 3201 προσεπάγουσι
1397 3129 1468 3185 τὰ
1518 3131 1586 3186 δι’
1639 3124 1715 3188 ὧν
1742 3130 1891 3187 ἔστιν

1997 3140 2121 3182 mus
2147 3136 2204 3182 et
2226 3140 2330 3181 nos
2359 3124 2572 3195 filii“),
2610 3122 3043 3196 prudentissime
3079 3125 3349 3197 adjiciunt
3382 3143 3448 3183 ea
3497 3143 3598 3199 per

253 3222 372 3277 ίδοίν
395 3223 497 3295 τῆς
527 3221 798 3294 ἐνούσης
823 3218 986 3290 αὐτῷ
1007 3219 1369 3291 φαιδρότητος
1397 3222 1638 3293 φυσικῆς
1664 3223 1728 3279 τὸ
1755 3224 1895 3295 ὑπὲρ

248 3315 415 3370 κτίσιν
446 3306 727 3387 ἀξίωμα..
759 3310 1155 3382 Γεγεννῆσθαι
1176 3311 1311 3384 γὰρ,
1340 3313 1435 3367 καὶ
1466 3315 1528 3368 οὐ
1560 3314 1896 3388 πεποιῆσθαί

245 3425 420 3479 φασιν,
460 3407 860 3462 ἀσύντακτον
920 3404 1024 3474 μὲν
1065 3404 1349 3469 οὑσιωδῶς
1392 3408 1458 3477 τῇ
1513 3405 1690 3460 κτίσει
1716 3405 1808 3460 διὰ
1834 3407 1896 3462 τὸ

243 3504 314 3574 μὴ
341 3500 715 3572 πεποιῆσθαι
761 3495 1036 3560 νοοῦντες
1069 3497 1254 3565 αὐτὸν,
1304 3497 1535 3567 ἐκφῦναι
1583 3499 1642 3554 δὲ
1693 3499 1895 3571 μᾶλλον

238 3590 737 3665 διισχυριζόμενοι
796 3584 912 3658 τῆς
966 3586 1157 3650 οὐσίας
1202 3584 1298 3641 τοῦ
1346 3587 1486 3643 Θεοῦ
1531 3590 1629 3644 καὶ
1676 3589 1893 3662 Πατρὸς

239 3682 484 3754 ὰχρόνως
514 3699 583 3736 τε
631 3682 746 3736 καὶ
790 3677 1210 3748 ἀπερινοήτωςο
1245 3697 1264 3731 ι
1290 3674 1402 3733 Ἦν
1428 3679 1540 3750 γὰρ
1571 3682 1601 3735 ὁ
1628 3682 1804 3750 Λόγος
1836 3685 1893 3736 ὲν

237 3777 398 3847 ἀρχῇ,
435 3794 456 3827 ι
500 3771 663 3829 Εἶτα
696 3772 815 3843 τῆς
842 3770 1038 3835 ὠδῖνος
1061 3769 1122 3823 τὸ
1147 3771 1375 3843 γνήσιον
1419 3770 1808 3842 (ἀνθρωπίνως
1833 3775 1891 3829 δὲ

236 3868 514 3923 καὶτοῦτο
539 3864 857 3940 εἰρήσθω,
886 3862 981 3917 διὰ
1011 3861 1072 3916 τὸ
1098 3863 1397 3935 χρήσιμον)
1448 3857 1509 3917 εὖ
1546 3863 1693 3936 μάλα
1723 3882 1894 3921 κατα-

238 3960 639 4033 σημαίνοντες,
679 3956 841 4013 Θεὸν
878 3954 1095 4024 ἔφασαν
1131 3956 1195 4009 ἐκ
1224 3954 1376 4009 Θεοῦ
1397 3956 1767 4028 γεγεννῆσθαι
1799 3958 1891 4012 τὸν

235 4051 377 4108 Υἰόν.
413 4051 610 4107 Ἔνθα
671 4047 805 4118 γὰρ
849 4045 995 4110 ὅλως
1047 4047 1307 4116 γέννησις
1356 4045 1585 4117 ἀληθὴς,
1633 4050 1752 4103 ἐκεῖ
1785 4065 1890 4101 που

235 4145 451 4208 πάντως
502 4143 727 4197 ἕποιτο
764 4138 846 4193 ἃν
890 4137 956 4191 τὸ
982 4132 1206 4208 ίχρῆναι
1238 4140 1381 4194 νοεῖν
1424 4140 1521 4194 καὶ
1574 4140 1757 4209 λέγειν
1789 4144 1891 4197 οὐκ

235 4237 523 4311 ἀλλότριον
557 4233 682 4306 τῆς
731 4229 943 4293 οὐσίας
976 4228 1070 4283 τοῦ
1119 4230 1376 4295 τεκόντος
1422 4232 1487 4285 τὸ
1530 4233 1746 4305 τεχθὲν,
1773 4236 1888 4290 ἀλλ’

238 4328 359 4383 ιδιον
385 4328 609 4399 αὐτῆς,
672 4325 773 4379 ὅτι
813 4322 920 4377 καὶ
958 4320 1021 4387 ἐξ
1051 4321 1223 4394 αὐτῆς
1262 4323 1407 4378 κατὰ
1445 4323 1540 4378 τὸν
1566 4326 1705 4397 αὐτῇ
1755 4327 1891 4399 πρέ-

237 4421 399 4475 ποντά
439 4437 508 4473 τε
553 4418 667 4472 καὶ
703 4411 947 4469 ἐοικότα
988 4411 1167 4481 λόγον.
1197 4413 1279 4467 Οὑ
1306 4412 1416 4485 γὰρ
1443 4413 1588 4469 κατὰ
1610 4415 1771 4487 σῶμα
1796 4417 1887 4471 τέ.

1998 3236 2121 3291 quae
2145 3218 2337 3276 videre
2381 3218 2513 3278 licet
2543 3217 2870 3290 dignitatem
2921 3219 3195 3275 naturalis
3241 3220 3432 3291 gloriae
3473 3237 3599 3293 quae

1998 3314 2055 3371 in
2080 3315 2197 3385 ipso
2219 3321 2325 3379 est,
2349 3326 2518 3383 supra
2538 3325 2762 3366 omnem
2779 3320 3112 3366 creaturam.
3137 3309 3399 3367 Genitum
3412 3313 3592 3378 enim,
3616 3314 3621 3317 ’

1996 3415 2053 3461 et
2088 3420 2199 3461 non
2224 3403 2433 3460 factum
2462 3418 2586 3461 esse
2617 3402 2813 3458 dicunt
2850 3420 2862 3456 :
2895 3402 2950 3457 in
2976 3417 3045 3459 eo
3070 3402 3219 3472 quod
3240 3418 3354 3458 non
3391 3413 3477 3460 est
3507 3404 3593 3460 fa-

1997 3481 2142 3563 ctus:
2201 3496 2595 3568 intelligentes,
2649 3510 2778 3551 eum
2829 3494 3135 3551 secundum
3187 3495 3485 3551 essentiam
3537 3498 3597 3552 in

1995 3597 2377 3647 creaturarum
2427 3586 2622 3643 ordine
2656 3586 2883 3653 minime
2906 3587 3141 3653 censeri,
3176 3586 3273 3643 sed
3315 3587 3595 3646 exstitisse

1996 3682 2153 3737 illum
2177 3680 2514 3737 afﬁrmantes
2544 3696 2612 3736 ex
2639 3680 2754 3752 ipsa
2777 3680 2875 3737 Dei
2901 3688 2958 3738 et
2985 3681 3165 3738 Patris
3187 3683 3449 3749 essentia,
3475 3683 3595 3740 sine

1998 3782 2266 3845 tempore,
2287 3782 2343 3830 et
2371 3774 3049 3845 incomprehensibiliter:
3084 3794 3103 3827 ι
3132 3775 3265 3832 Erat
3284 3775 3434 3830 enim
3460 3776 3596 3832 Ver-

1995 3866 2128 3922 bum
2184 3867 2241 3921 in
2287 3866 2646 3938 principio”.
2684 3887 2702 3919 ι
2735 3868 2933 3939 Postea
2988 3882 3141 3933 vero,
3189 3878 3252 3923 ut
3282 3868 3592 3924 naturalem

1994 3974 2118 4015 esse
2186 3967 2410 4030 partum
2463 3958 2843 4031 significanter
2897 3960 3277 4030 exprimerent
3332 3959 3594 4032 (dicatur

1992 4051 2146 4107 enim
2183 4051 2238 4105 id
2286 4066 2528 4122 quoque,
2566 4051 2698 4122 quia
2731 4051 2812 4107 sic
2833 4061 3072 4121 oportet,
3116 4051 3359 4106 humano
3389 4051 3590 4122 more),

1995 4141 2176 4214 ipsum
2225 4142 2447 4209 Filium,
2495 4144 2671 4199 Deum
2699 4143 2959 4203 dixerunt
2998 4145 3066 4200 dc
3092 4145 3206 4200 Deo
3242 4152 3457 4200 natum.
3485 4146 3589 4202 Ubi

1992 4234 2140 4291 enim
2168 4235 2396 4291 omnino
2425 4250 2556 4291 vera
2585 4236 2866 4300 nativitas,
2914 4236 3028 4291 illic
3070 4237 3298 4292 omnino
3335 4238 3590 4308 sequitur

1994 4339 2055 4384 ut
2087 4327 2505 4400 intelligendum
2547 4336 2604 4384 et
2642 4328 2939 4384 dicendum
2991 4328 3083 4392 sit,
3114 4327 3169 4383 id
3214 4329 3396 4398 ipsum
3439 4315 3587 4400 quod

1991 4421 2242 4492 genitum
2273 4430 2396 4485 est,
2461 4419 2533 4475 ab
2562 4421 2684 4491 ejus
2740 4419 2835 4489 qui
2879 4421 3071 4491 genuit
3128 4420 3436 4478 substantia
3476 4440 3588 4477 non

236 4510 377 4577 ξεται
406 4512 477 4567 τὺ
516 4508 890 4581 ἀσώματον,
918 4504 1065 4560 οὕτω
1094 4502 1152 4560 δὲ
1177 4506 1400 4578 μᾶλλον,
1429 4508 1506 4572 ὡς
1537 4509 1653 4578 φῶς
1683 4510 1748 4563 ὲκ
1777 4528 1886 4581 φω-

1994 4527 2113 4568 esse
2147 4510 2412 4576 alienum,
2462 4511 2560 4568 sed
2597 4513 2719 4583 ejus
2745 4511 3053 4582 pr0prium,
3101 4512 3233 4582 quia
3272 4521 3330 4568 et
3366 4529 3435 4569 ex
3469 4514 3585 4586 ipsa

232 4604 456 4670 τὸς,ἴνα
506 4605 579 4659 ὲν
626 4599 725 4672 τῷ
759 4596 1196 4670 ἀπαπράψαντι
1245 4600 1389 4668 φωτὶ
1417 4600 1481 4654 τὸ
1527 4603 1886 4671 ἀπαυγασθὲν

236 4694 378 4751 ενθεν
406 4698 605 4751 νοοῖτο
641 4691 809 4764 φῶς,
848 4690 943 4743 καὶ
976 4689 1038 4754 ἐξ
1068 4689 1236 4744 αὑτοῦ
1269 4691 1414 4746 κατὰ
1461 4693 1685 4766 πρόοδον
1712 4695 1885 4767 ἀπόρ-

238 4789 389 4859 ῥητόν
415 4807 488 4844 τε
531 4787 654 4841 καὶ
711 4781 1033 4854 ἄφραστον,
1084 4782 1180 4836 καὶ
1214 4784 1273 4835 ὲν
1313 4782 1464 4855 αὐτῷ
1509 4783 1633 4841 καθ’
1667 4785 1884 4851 ἕνωσιν,

237 4882 323 4934 καὶ
344 4882 707 4950 ταοτότητα
767 4872 1037 4946 ᾠυσικήν.
1083 4873 1243 4930 Οὕτω
1273 4876 1386 4949 γὰρ
1414 4873 1555 4934 εἷναί
1608 4898 1791 4951 φαμεν
1829 4883 1887 4934 ὲν

247 4972 327 5040 μὲν
349 4974 435 5047 τῷ
465 4972 685 5043 Harp}.
723 4967 828 5022 τὸν
872 4965 1025 5030 Υἱὸν,
1050 4966 1112 5020 ὲν
1153 4966 1212 5020 δὲ
1241 4965 1320 5038 τῷ
1353 4968 1469 5042 Υίῷ
1512 4968 1605 5023 τὸν
1636 4971 1880 5043 Πατέρα.

253 5064 608 5140 Two-{parpar
655 5061 787 5135 γὰρ
824 5060 856 5114 ὁ
909 5060 1038 5124 Υίὸς
1083 5060 1143 5113 ὲν
1179 5061 1288 5133 ἰδίᾳ
1328 5061 1490 5131 φύσει
1521 5080 1585 5117 τε
1633 5066 1726 5119 καὶ
1754 5064 1882 5138 δόξῃ

233 5159 316 5214 τὸν
334 5159 550 5216 ἑαυτοῦ
585 5153 954 5225 Γεννήτορα.
983 5155 1095 5209 Καὶ
1119 5154 1252 5223 γοῦν
1271 5154 1374 5228 ἔφη
1402 5156 1592 5226 σαφῶς
1620 5158 1760 5230 πρὸς
1786 5159 1903 5213 ἕνα

231 5252 334 5308 τῶν
359 5254 554 5324 ἁγίων
597 5246 891 5323 μαθητῶν
939 5233 1229 5319 (δίλιππος
1283 5248 1342 5302 δὲ
1392 5243 1548 5323 οὗτος
1574 5244 1665 5321 ἦν)
1694 5267 1706 5279 ·
1747 5252 1881 5306 ε,οῠ

233 5349 544 5414 πιστεύεις,
583 5346 686 5400 ὅτι
729 5339 849 5409 ἐγὼ
880 5342 942 5393 ὲν
994 5339 1075 5411 τῷ
1106 5341 1309 5412 Πατρὶ,
1357 5341 1454 5394 καὶ
1508 5344 1542 5412 ό
1587 5342 1778 5415 Πατὴρ
1824 5345 1883 5397 ὲν

233 5436 353 5509 ἔμοι
382 5443 597 5505 tum;
653 5436 725 5489 '0
774 5432 1047 5506 ἑωρακὼς
1077 5433 1200 5504 ἐμὲ,
1252 5431 1470 5505 ἑώρακε
1507 5434 1601 5493 τὸν
1631 5434 1879 5507 Πατέρα.

243 5529 385 5599 Ἐγὼ
416 5529 527 5584 vol.
554 5531 590 5583 ὁ
631 5522 844 5595 Πατὴρ
872 5522 934 5576 ἐν
967 5524 1155 5594 ἐσμεν.
1187 5543 1207 5576 ›
1259 5524 1475 5579 Οὐκοῦν
1521 5523 1809 5597 όμοούσιος
1852 5529 1881 5581 ὁ

233 5617 363 5688 Υίδς
383 5622 474 5693 τῷ
533 5617 763 5689 Πατρί.
806 5615 999 5690 Ταύτῃ
1051 5633 1154 5682 τοι,
1189 5619 1284 5673 καὶ
1337 5618 1475 5683 Θεὸς
1525 5619 1778 5691 ἀληθινὸς
1812 5622 1876 5675 ἐκ

1985 4614 2072 4659 est
2106 4604 2265 4674 juxta
2315 4592 2588 4661 rationem
2622 4603 2726 4675 ipsi
2770 4604 3193 4661 convenientem
3245 4614 3412 4678 atque
3450 4623 3587 4664 con—

1987 4704 2297 4768 gruentem.
2329 4697 2723 4768 lncorporeum
2746 4697 2894 4752 enim
2928 4713 3040 4755 non
3066 4698 3240 4771 gignit
3268 4707 3330 4755 ut
3356 4715 3583 4773 corpus.
3610 4702 3614 4727 ⁷

1987 4791 2085 4846 sed
2107 4790 2282 4862 magis
2312 4791 2456 4847 sicut
2488 4790 2675 4847 lumen
2712 4806 2781 4847 ex
2805 4791 3048 4858 lumine;
3082 4801 3141 4847 ut
3174 4792 3231 4848 in
3259 4804 3590 4851 coruscante

1988 4882 2197 4939 lumine
2241 4882 2371 4939 inde
2417 4882 2778 4954 resplendens
2806 4877 2996 4939 lumen
3029 4883 3475 4957 intelligatur,et
3518 4903 3588 4943 ex

1992 4975 2089 5031 illo
2120 4989 2242 5031 esse
2268 4976 2575 5032 secundum
2610 4976 2953 5033 ineffabilem
2984 4984 3041 5032 et
3066 4976 3410 5040 indicibilem
3450 4993 3587 5048 pro-

1991 5070 2319 5136 cessionem,
2349 5078 2405 5125 et
2424 5069 2480 5123 in
2501 5070 2620 5140 ipso
2636 5070 2941 5126 secundum
2963 5069 3224 5127 unionem
3242 5078 3301 5124 et
3323 5069 3588 5129 identita-

1990 5173 2104 5219 tem
2120 5163 2454 5220 naturalem.
2477 5163 2641 5235 179
2655 5162 2748 5220 Sic
2766 5163 2917 5221 enim
2938 5176 3061 5218 esse
3087 5160 3325 5216 dicimus
3346 5161 3404 5218 in
3425 5162 3587 5218 Patre

1992 5254 2218 5325 quidem
2242 5255 2465 5322 Filium,
2494 5255 2551 5310 in
2589 5254 2730 5330 Filio
2751 5265 2936 5311 autem
2970 5255 3210 5310 Patrem.
3242 5248 3383 5309 Nam
3413 5251 3587 5309 Filius

1990 5347 2050 5402 in
2088 5348 2312 5420 propria
2348 5358 2546 5405 natura
2581 5358 2639 5404 et
2660 5349 2837 5420 gloria
2860 5348 3079 5403 Patrem
3101 5361 3267 5402 suum
3296 5345 3585 5403 describit.

1992 5438 2229 5495 Proinde
2252 5452 2441 5512 aperte
2471 5439 2607 5496 dicit
2637 5438 2706 5493 ad
2732 5454 2903 5493 unum
2933 5446 3252 5495 sanctorum
3278 5438 3585 5512 discipulo-
3613 5422 3620 5439 ⁵

1990 5514 2112 5585 τιίιη
2148 5519 2460 5604 (Philippus
2492 5530 2536 5585 is
2564 5529 2706 5600 erat)
2746 5547 2757 5582 :
2786 5548 2804 5579 ι
2842 5528 2963 5584 Non
2998 5529 3183 5586 credis
3214 5529 3363 5601 quod
3383 5544 3487 5603 ego
3527 5530 3585 5588 in

1985 5623 2169 5689 Patre,
2194 5630 2251 5677 et
2277 5623 2438 5678 Pater
2464 5624 2519 5675 in
2549 5636 2637 5677 me
2668 5630 2752 5675 est
2770 5621 2793 5673 ?
2814 5621 2919 5687 Qui
2947 5621 3084 5676 vidit
3110 5638 3219 5687 mc,
3244 5621 3383 5677 vidit
3403 5629 3457 5678 et
3476 5621 3586 5677 Pa-

321 5794 370 5828 ⁸⁸
400 5798 562 5853 Dent
621 5811 703 5861 vr,
728 5793 785 5848 ό.
868 5794 915 5825 ⁸³
941 5792 1117 5848 Exod.
1154 5810 1241 5860 xx,
1268 5796 1323 5851 5.
1392 5798 1438 5830 ⁸ο
1471 5799 1585 5854 Ιειια
1618 5815 1760 5867 xuv,
1792 5799 1844 5854 6.

1996 5800 2173 5857 Galat.
2204 5816 2279 5867 tv,
2313 5799 2367 5855 6.
2446 5801 2491 5832 ⁸²
2529 5799 2688 5856 Joan.
2721 5816 2757 5864 ι,
2795 5799 2845 5853 1.

492 5894 793 5955 PATROL.
845 5892 964 5952 Gn.
1008 5890 1298 5955 LXXVII.

3101 5888 3172 5953 10
