4048 6456
490 352 601 408 εἰᾨὶ)

1518 343 1575 398 S.
1618 341 1895 398 CYRILLI
1933 339 2405 397 ALEXANDRINI
2446 340 2765 396 ARCIIIEP.

3671 329 3829 395 ποθ’

490 479 631 523 trem
651 467 716 521 ⁵³.
735 466 848 537 Ego
870 473 926 519 et
948 466 1111 519 Pater
1130 477 1300 515 unum
1322 475 1515 515 sumus
1540 460 1607 512 5‘.
1635 459 1835 530 nlgitur
1856 456 2075 513 consub

2199 457 2335 511 Θεοῦ
2369 458 2625 529 ἀληθινοῦ
2663 458 3023 529 γεγεννῆσθαι
3060 458 3392 511 πιστεύεται.
3444 457 3553 510 Kui
3581 457 3642 511 τὸ
3675 461 3773 526 μὲν

488 558 762 615 stantialis
789 565 873 611 est
898 556 1071 610 Filius
1099 553 1270 609 Patri.
1312 550 1671 607 Proindehac
1712 549 1923 604 ratione
1947 549 2091 603 Deus
2118 620 2129 635 I

486 668 653 709 verus
666 668 732 706 ex
749 652 862 706 Deo
878 665 1011 705 vero
1034 655 1330 703 natuscsse
1349 645 1613 700 creditur.
1638 644 1707 697 Et
1719 640 2091 715 generationis

387 769 394 775 ·
487 744 714 815 quidem
756 757 958 797 nomen
989 741 1157 795 etiam
1186 739 1243 793 in
1265 737 1537 792 creaturis
1573 737 1812 806 positum
1839 733 2087 788 invenie-

486 850 629 899 mus,
650 835 803 905 juxta
826 831 879 897 id
892 829 1041 901 quod
1068 830 1136 901 de
1152 828 1240 883 his
1258 828 1352 898 qui
1366 835 1524 882 erant
1544 842 1612 880 ex
1637 825 1903 896 sanguine
1920 821 2087 878 Israel

485 944 515 980 a
543 927 655 980 Deo
679 924 891 979 dictum
923 931 1042 977 est:
1077 940 1095 972 ι
1128 920 1299 975 Filios
1323 918 1487 990 genui
1513 926 1569 973 et
1582 916 1901 972 exaltavi".
1932 933 1951 965 ι
1981 913 2087 969 Sed

484 1016 912 1089 appellationem
934 1015 1075 1068 hanc
1095 1012 1285 1083 gratiae
1302 1011 1423 1064 loco
1458 1016 1709 1064 creatura
1733 1008 2000 1061 lucratur.
2018 1005 2088 1060 At

484 1112 552 1165 de
576 1108 815 1164 naturali
841 1107 979 1161 Filio
1008 1104 1147 1158 nihil
1171 1104 1277 1157 tale
1294 1118 1392 1172 per
1408 1100 1733 1155 abusionem
1752 1098 1960 1152 dictum
1978 1107 2082 1159 est,

485 1204 579 1258 sed
600 1202 786 1257 omnia
803 1214 958 1260 vera,
986 1206 1043 1251 et
1075 1202 1299 1266 propter
1325 1194 1429 1247 hoc
1453 1191 1604 1246 solus
1624 1206 1693 1246 ex
1718 1188 1977 1243 omnibus
1998 1186 2085 1241 di-

485 1297 562 1350 cit
597 1314 609 1347 :
649 1314 666 1345 (
705 1294 818 1364 Ego
835 1306 957 1346 sum
976 1289 1179 1344 veritas
1205 1288 1269 1339 εδ.
1295 1306 1313 1336 ι
1340 1284 1689 1353 Quapropter
1720 1282 1835 1337 sive
1852 1294 2083 1351 genera-

487 1390 717 1454 tionem,
732 1387 847 1441 sive
863 1383 1182 1439 ﬁliationcm
1197 1380 1263 1435 de
1277 1379 1394 1449 ipso
1411 1378 1536 1448 quis
1550 1376 1717 1440 dicat,
1734 1387 2084 1444 nequaquam

486 1481 811 1536 mentietur:
835 1478 950 1548 ipse
968 1476 1115 1531 enim
1129 1470 1450 1529 estveritas.
1470 1469 1660 1539 Itaque
1685 1468 1946 1522 muniunt
1967 1464 2085 1519 ani-

484 1588 603 1627 mas
619 1580 836 1625 nostras
860 1563 1210 1623 celeberrimi
1228 1562 1310 1616 illi
1334 1560 1477 1616 sacri
1501 1560 1778 1623 doctores,
1794 1557 2011 1611 Patrem
2029 1562 2085 1608 et

486 1663 685 1717 Filium
702 1660 908 1730 ubique
925 1673 989 1712 ac
1005 1652 1419 1727 generationem
1440 1650 1813 1713 nominantes,
1832 1656 1890 1703 et
1908 1648 2083 1701 Deum

488 1767 682 1809 verum
708 1766 776 1806 ex
822 1750 934 1804 Deo
963 1761 1119 1810 vero,
1138 1746 1438 1813 lumenque
1462 1758 1530 1797 ex
1564 1740 1774 1796 lumine
1810 1738 2082 1794 eﬂulsisse

2193 548 2290 617 τῆς
2320 550 2629 621 γεννήσεως
2654 549 2825 620 ὄνομα
2856 549 3013 602 τεθὲν
3042 549 3370 619 εὑρήσομεν,
3413 548 3508 602 καί
3542 549 3634 601 ἐπὶ
3668 548 3778 603 τῶν

2194 640 2532 709 κτισμάτων,
2576 641 2719 695 κατά
2768 656 2854 708 γε,
2903 641 3068 710 φημὶ,
3101 640 3198 693 τό·
3236 657 3254 690 ι
3287 636 3450 701 Υἱοὺς
3488 638 3775 709 ἐγέννησα,

2192 732 2284 784 xui
2315 731 2528 801 ὕψωσα,
2573 750 2590 782 ι
2633 731 2763 802 περὶ
2806 729 2911 784 τῶν
2944 730 3012 802 ἐξ,
3036 731 3269 802 αἵματος
3305 730 3524 801 Ἰσραὴλ
3553 728 3779 800 εἰρημέ-

2190 840 2295 878 νων
2331 824 2483 896 παρά
2510 822 2670 877 Θεοῦ.
2711 801 2850 881 Ἇλλ’
2880 824 2938 876 ἐν
2987 801 3210 894 χάριτος
3252 820 3405 887 τάξει
3432 820 3532 892 τὴν
3569 821 3778 875 τοιάνδε

2191 916 2382 987 κλῆσιν
2407 914 2794 986 ἀποκερδαίνει
2824 914 2885 968 τὸ
2914 914 3157 986 ποιηθέν.
3176 915 3300 967 Ἑπὶ
3332 913 3388 967 δέ
3417 930 3482 983 γε
3509 912 3604 968 τοῦ
3634 912 3780 967 κατά

2190 1009 2353 1078 φύσιν
2387 1007 2519 1061 Υἰοῦ
2546 1007 3006 1079 καταχρηστικῶς
3045 1006 3143 1077 μὲν
3172 1005 3283 1059 τῶν
3309 1004 3568 1059 τοιούτων
3599 1004 3779 1068 οὐδὲν,

2187 1101 2362 1173 ἀληθῆ
2399 1101 2456 1154 δὲ
2496 1101 2695 1155 πάντα’
2732 1102 2826 1153 xui
2860 1099 2947 1156 διὰ
2994 1098 3154 1153 τοῦτο
3192 1098 3354 1169 μόνος
3403 1098 3468 1151 ἐκ
3529 1097 3777 1159 πάντων,

2193 1212 2211 1245 ι
2258 1191 2402 1261 Ἐγώ
2436 1194 2573 1263 εἰμι,
2611 1191 2797 1262 φησὶν,
2832 1193 2867 1263 ἡ
2910 1191 3158 1263 ἀλήθεια.
3198 1209 3217 1241 ι
3242 1190 3413 1249 ,Ὥστε
3455 1190 3560 1243 κᾶν
3582 1190 3781 1261 γέννη-

2189 1303 2294 1350 σιν,
2326 1284 2430 1338 κᾶν
2460 1285 2687 1354 υἰότητά
2710 1302 2797 1347 τις
2826 1286 2912 1338 ἐπ’
2932 1282 3082 1354 αὐτῷ
3100 1282 3257 1355 λέγῃ,
3279 1282 3477 1352 ψεῦδος
3500 1284 3775 1354 ποιήσειεν

2185 1377 2251 1430 ἂν
2295 1376 2581 1442 οὐδαμῶς·
2633 1376 2796 1440 αὐτὸς
2823 1375 2932 1447 γάρ
2960 1377 3107 1428 ἐστιν
3144 1376 3178 1445 ἠ
3232 1372 3480 1443 ἀλήθεια.
3526 1372 3776 1443 Ἀσφαλί-

2186 1468 2369 1535 ζονται
2416 1468 2598 1522 τοίνυν
2645 1468 2745 1532 τὰς
2789 1466 3069 1539 ἡμετέρας
3095 1466 3275 1536 ψυχὰς
3323 1466 3375 1518 οἱ
3423 1464 3774 1536 πανεύφημοι

2189 1559 2565 1630 μυσταγωγοὶ,
2598 1558 2817 1629 Πατέρα
2845 1558 2940 1613 xui
2973 1557 3102 1610 Υίὸν
3130 1555 3430 1626 πανταχοῦ,
3463 1557 3558 1609 xui
3587 1557 3777 1626 γέννη-

2186 1668 2270 1704 σιν
2295 1651 2672 1723 ὀνομάζοντες,
2692 1650 2788 1704 xui
2804 1650 2936 1704 Θεὸν
2962 1648 3214 1745 uinitva
3230 1649 3305 1701 ὲκ
3333 1646 3469 1701 Θεοῦ
3497 1647 3771 1718 ἀληθινοῦ,

2184 1746 2279 1798 xui
2304 1744 2420 1814 φῶς
2445 1746 2508 1797 ὲκ
2545 1743 2724 1815 φωτὸς
2752 1740 3111 1813 ἀπαστράψαῐ
3143 1741 3431 1812 λέγοντες·
3472 1740 3560 1795 ἵνα
3591 1740 3680 1795 xui
3706 1742 3773 1793 τὸ

486 1830 752 1908 dicentes,
774 1849 834 1895 ut
850 1841 941 1894 illa
958 1837 1238 1909 generatio
1258 1844 1313 1890 et
1336 1835 1662 1905 incorporea
1674 1833 1745 1888 sit
1764 1831 2075 1901 etsimplex,

2186 1838 2477 1908 ἀσώματον
2508 1839 2605 1891 xui
2633 1838 2695 1890 τὸ
2728 1835 2936 1890 ἁπλοῦν
2976 1837 3010 1906 ἡ
3047 1834 3302 1906 γέννησις
3341 1833 3462 1905 ἔχῃ,
3490 1833 3584 1888 xui
3619 1833 3677 1886 τὸ
3709 1833 3774 1899 ἐξ

484 1945 542 1991 et
576 1934 861 1989 notionem
888 1947 954 1986 ex
984 1932 1102 2001 ipso
1134 1928 1489 2000 procedentis
1518 1926 1643 1982 etin
1664 1925 1784 1995 ipso
1808 1923 2082 1979 manentis

487 2032 707 2095 habeat,
737 2037 793 2083 et
826 2035 1061 2097 uterque
1085 2024 1354 2079 exsistere
1389 2023 1445 2076 in
1479 2019 1700 2092 propria
1734 2033 1969 2090 persona
1994 2018 2080 2071 in-

485 2121 777 2191 telligatur.
807 2118 969 2172 Pater
1009 2104 1158 2171 enim
1197 2122 1282 2169 est
1312 2114 1496 2177 Pater,
1537 2119 1595 2166 et
1637 2126 1748 2165 non
1782 2110 1982 2175 Filius;
2027 2115 2083 2163 et

483 2214 654 2269 Filius
685 2219 769 2267 est
800 2210 891 2265 ille
939 2218 1123 2274 natus,
1160 2216 1216 2263 et
1245 2222 1353 2261 non
1377 2206 1568 2272 Pater;
1598 2212 1655 2259 et
1685 2203 1742 2257 in
1791 2202 2080 2257 identitate

484 2313 691 2362 natura:
715 2302 1002 2375 proprium
1031 2309 1116 2356 est
1137 2299 1431 2369 utriusque
1456 2297 1511 2351 id
1546 2312 1668 2351 esse
1691 2295 1838 2365 quod
1862 2302 1949 2350 est

546 2397 821 2453 Caeterum
842 2408 967 2449 cum
999 2391 1248 2447 omnium
1273 2396 1384 2443 tam
1416 2386 1721 2442 visibilium
1743 2399 1907 2455 quam
1939 2383 2081 2438 invi-

481 2482 725 2537 sibilium
763 2481 979 2535 Patrem
1008 2494 1133 2533 esse
1174 2477 1438 2532 factorem
1474 2464 1951 2545 pronuntiassent,
1981 2487 2080 2541 per

482 2574 681 2629 Filium
706 2571 893 2631 omnia
943 2570 1085 2624 facta
1123 2583 1243 2625 esse
1274 2567 1495 2631 dicunt,
1535 2581 1648 2621 non
1690 2572 1753 2618 ut
1809 2562 2076 2617 minorem

480 2663 731 2734 gloriam,
770 2661 930 2731 quasi
956 2670 1162 2715 sortem
1197 2658 1491 2729 quamdam
1523 2656 1628 2727 ipsi
1657 2654 2075 2710 convenientem

485 2757 831 2821 tribuerent;
861 2752 1092 2811 minime
1122 2751 1347 2822 quidem
1378 2767 1391 2803 :
1428 2749 1524 2804 ubi
1548 2749 1696 2804 enim
1722 2748 1949 2803 omnino
1976 2748 2076 2802 mi-

482 2863 607 2913 nus,
630 2848 717 2903 vel
739 2847 907 2902 etiam
934 2850 1112 2917 majus
1134 2845 1190 2900 in
1216 2844 1505 2899 identitate
1536 2842 1858 2899 substantiis
1897 2841 2073 2896 videri

481 2936 708 3007 potest?
732 2935 830 2991 sed
853 2935 1005 3005 quod
1045 2935 1158 2989 Deo
1187 2943 1243 2989 et
1285 2935 1434 2989 Patri
1473 2942 1671 2988 natura
1719 2934 1789 2987 sit
1821 2932 2070 2997 insitum,

482 3016 594 3084 nun
647 3028 767 3093 aliQ
810 3026 975 3081 modo
1003 3025 1207 3095 aliquid
1240 3016 1458 3096 operari
1510 3033 1569 3079 et
1613 3038 1812 3078 vocare
1863 3032 1926 3078 ut
1976 3023 2067 3088 sit,

482 3136 647 3193 quzm
674 3136 773 3191 per
802 3119 1001 3174 Filium
1033 3119 1089 3172 in
1131 3118 1363 3189 Spiritu,
1400 3124 1656 3188 tanquam
1685 3133 1783 3187 per
1803 3116 2067 3172 virtutem

482 3184 547 3267 3.}.
585 3184 909 3282 sapientiam
941 3225 1115 3265 suam.
1165 3184 1444 3280 Scriptum
1471 3184 1555 3265 est
1598 3184 1748 3264 enim
1780 3227 1792 3262 :
1838 3230 1855 3260 ι
1885 3209 2068 3264 Verbo
2099 3184 2144 3246 ο

482 3299 697 3355 Domini
722 3300 845 3355 coeli
882 3298 1082 3354 ﬁrmati
1112 3309 1260 3365 sunt,
1290 3310 1346 3354 et
1377 3300 1577 3370 Spiritu
1600 3300 1715 3356 oris
1738 3301 1858 3371 ejus
1880 3300 2071 3361 omnis

481 3391 656 3445 virtus
694 3405 887 3445 eorum
913 3390 980 3443 '97.
1020 3409 1038 3441 ›
1078 3389 1159 3443 Ad
1195 3390 1311 3445 haec
1356 3390 1801 3460 sapientissimus
1832 3390 2072 3445 Joannes

478 3496 603 3537 cum
634 3483 898 3538 dixisset:
938 3502 956 3533 ι
990 3482 1049 3536 ln
1079 3483 1355 3553 principio
1389 3491 1512 3537 erat
1536 3482 1798 3547 Verbum,
1826 3492 1905 3536 -et
1936 3478 2071 3538 Ver-

482 3575 611 3629 bum
634 3582 754 3629 erat
769 3573 915 3645 apud
941 3573 1137 3639 Deum,
1161 3584 1217 3628 et
1245 3575 1391 3629 Deus
1417 3582 1537 3628 erat
1556 3573 1800 3628 Verbum
1817 3573 1895 3639 ’3;
1932 3593 1948 3623 ι
1968 3573 2068 3628 ad-

475 3668 608 3738 jecit
635 3667 950 3723 necessario
979 3685 990 3720 :
1033 3686 1050 3717 ι
1089 3667 1285 3722 Omnia
1315 3682 1415 3737 per
1448 3667 1628 3738 ipsum
1668 3668 1810 3722 facta
1838 3676 1986 3734 sunt,
2013 3675 2069 3722 et

479 3762 598 3815 sine
636 3760 756 3830 ipso
780 3760 985 3815 factum
1007 3768 1091 3814 est
1112 3759 1249 3813 nihil
1270 3762 1337 3813 διδ.
1366 3779 1382 3810 ι
2030 3764 2033 3767 ’

555 3853 716 3921 180
777 3852 949 3923 Igitur
997 3860 1286 3922 postquam
1332 3854 1783 3909 demonstrarunt
1826 3853 2067 3910 consub-

479 3944 825 4007 stantialem,
878 3943 1237 4014 ejusdemque
1300 3946 1521 4016 gloriaa,
1590 3954 1647 4001 et
1706 3947 1955 4017 ejusdem
2011 3948 2068 4002 in

478 4035 763 4105 operando
818 4034 1075 4091 ellicaciae
1123 4052 1249 4091 cum
1276 4037 1435 4092 Patre
1484 4038 1716 4105 Filium;
1754 4050 2067 4109 opportune

477 4136 917 4183 commemorant
938 4127 1118 4198 ipsum
1143 4129 1418 4185 hominem
1438 4130 1666 4196 factum,
1697 4138 1753 4186 et
1776 4131 1925 4186 illius
1940 4147 2067 4186 cum

477 4238 643 4278 carne
682 4222 1115 4293 dispensationis
1165 4234 1578 4279 sacramentum
1626 4224 1931 4290 declarant,
1977 4241 2066 4281 re-

474 4315 721 4369 ctissime
743 4315 1250 4371 animadvertentes
1277 4316 1420 4371 hanc
1446 4316 1564 4372 fore
1597 4316 2066 4373 absolutissimam

476 4408 604 4463 ﬁdei
638 4408 1015 4463 traditionem.
1066 4409 1188 4463 Non
1212 4410 1359 4464 enim
1393 4408 1449 4463 in
1487 4409 1668 4481 ipsum
1709 4409 2067 4466 credentibus

474 4498 611 4554 satis
631 4508 716 4554 est
732 4499 983 4554 solum'id
1006 4514 1329 4569 persuasum
1350 4500 1554 4557 habere
1582 4517 1647 4557 ac
1665 4502 1895 4568 sentire,
1913 4502 2061 4573 quod

475 4594 620 4647 Deus
639 4592 707 4646 de
730 4592 842 4647 Deo
876 4593 1037 4648 Patre
1067 4594 1138 4647 sit
1163 4603 1349 4658 natus,
1373 4604 1430 4648 et
1452 4594 1531 4648 illi
1554 4595 2059 4659 consubstantialis,

473 4691 530 4738 et
552 4682 840 4739 character
883 4685 1205 4740 substantiae
1233 4687 1353 4757 ejus
1408 4684 1481 4740 sit
1505 4686 1548 4718 ⁶⁰
1581 4703 1594 4738 :
1629 4685 1729 4740 sed
1768 4686 1936 4740 etiam
1965 4701 2062 4739 ne-

473 4775 773 4829 cessarium
806 4783 891 4830 est
919 4775 989 4830 ad
1017 4775 1135 4831 haec
1173 4776 1317 4831 scire
1366 4774 1514 4845 quod
1565 4785 1794 4845 propter
1824 4775 2061 4829 salutem

471 4880 537 4920 ac
589 4864 760 4920 vitam
800 4866 1047 4920 omnium
1073 4866 1360 4921 demiserit
1382 4882 1443 4921 se
1487 4866 1553 4920 ad
1601 4865 2058 4932 exinanitionem,

470 4966 690 5029 sumpta
731 4959 880 5014 servi
922 4958 1185 5023 forma“,
1221 4967 1275 5014 et
1312 4959 1645 5029 processerit
1683 4958 1849 5012 homo
1898 4968 2062 5014 natus

468 5051 775 5107 secundum
797 5065 1023 5106 carnem
1035 5065 1101 5106 ex
1118 5050 1427 5105 muliere“.
1457 5050 1690 5120 Propter
1710 5050 1816 5104 hoc
1836 5050 2058 5109 dicunt:

469 5141 574 5207 Qui
599 5150 826 5212 propter
849 5156 954 5195 nos
990 5139 1263 5204 homines,
1291 5148 1347 5195 et
1380 5149 1606 5210 propter
1628 5151 1873 5195 nostram
1915 5143 2061 5198 salu-

470 5244 580 5287 tem
611 5232 921 5297 descendit,
956 5231 1295 5293 incarnatus,
1321 5238 1377 5285 et
1402 5231 1567 5285 homo
1598 5230 1775 5287 factus
1790 5243 1892 5289 est.
1922 5234 2058 5290 Vide

471 5337 635 5390 quam
665 5322 851 5379 debita
882 5318 1245 5390 dispositione
1274 5330 1331 5376 et
1366 5336 1531 5391 quam
1578 5324 1932 5379 convenienti
1964 5326 2067 5380 or-'

542 5479 589 5511 ⁸³
611 5480 770 5535 Joan.
806 5494 887 5538 ιγ,
911 5477 960 5537 8,
1000 5476 1054 5530 9.
1140 5477 1186 5510 ⁵⁸⁵
1218 5478 1372 5534 Joan.
1407 5495 1459 5541 κ,
1487 5480 1574 5535 50.
1666 5480 1712 5511 "
1744 5482 1843 5536 lsa.
1872 5499 1908 5545 ι,
1933 5483 1986 5536 ἓ.

2080 5482 2129 5548 ’ἢ
2154 5483 2311 5539 Joan.
2348 5501 2454 5551 xw,
2486 5488 2571 5543 16.

2185 1930 2351 1983 αὐτοῦ
2382 1947 2448 1999 γε
2488 1933 2582 1985 xui
2618 1933 2676 1984 ὲν
2723 1931 2894 2003 αὐτῷ,
2931 1931 3027 1985 xui
3059 1930 3322 2003 ἑκάτερος
3352 1931 3615 2002 ὑπάρχων
3643 1931 3774 1985 ἰδιο-

2187 2020 2498 2094 προσώπως
2546 2025 2756 2094 νοῆται.
2798 2022 2990 2093 Πατὴρ
3025 2023 3136 2095 γάρ
3182 2024 3330 2076 ἐστιν
3358 2025 3385 2076 ὁ
3427 2023 3638 2095 Πατὴρ,
3674 2023 3770 2076 καὶ

2182 2116 2280 2186 οὐχ
2323 2116 2483 2180 Υἱός⁸
2516 2116 2612 2170 xui
2660 2116 2789 2181 Υἱὸς
2822 2119 2850 2170 ὁ
2888 2114 3123 2185 τεχθεὶς,
3161 2114 3255 2169 καὶ
3284 2115 3344 2168 οὐ
3397 2115 3625 2186 Πατήρ“
3672 2114 3774 2168 xui.

2182 2209 2243 2261 ὲν
2290 2209 2580 2280 ταυτότητι
2644 2207 2862 2279 φύσεως
2917 2207 3045 2262 ῐδιον
3100 2207 3363 2279 ἐκατέρου
3416 2207 3478 2260 τὸ
3531 2201 3684 2272 εἶναι,
3740 2206 3772 2259 ὅ

2183 2303 2350 2357 ἐστιν.

2266 2394 2548 2448 Ἁπάντων
2576 2392 2634 2446 δὲ
2662 2392 2893 2465 ποιητὴν
2920 2391 3137 2464 ὁρατῶν
3158 2410 3218 2445 τε
3243 2393 3338 2445 xui
3362 2391 3609 2465 ἀοράτων
3637 2391 3773 2445 ἀπο-

2182 2484 2455 2555 φήναντες
2482 2482 2575 2535 τὺν
2605 2482 2850 2552 Πατέρα,
2874 2482 2942 2535 δι’
2969 2480 3099 2535 Υἱοῦ
3135 2482 3202 2536 τά
3235 2479 3413 2534 πάντα
3443 2479 3771 2549 δεδημιουρ-

2180 2574 2384 2646 γῆσθαι
2441 2591 2628 2646 φασιν,
2674 2574 2736 2627 οὐ
2768 2573 2828 2627 τὸ
2861 2577 3014 2644 μεῖον
3057 2574 3116 2627 ὲν
3160 2573 3310 2647 δόξῃ,
3353 2571 3604 2644 καθάπερ
3643 2574 3769 2628 τινὰ

2179 2666 2380 2738 κλῆρον
2407 2665 2557 2737 αὐτῷ
2591 2667 2872 2738 πρέποντα
2908 2666 3437 2739 προσνενεμηκότες,
3470 2664 3667 2719 πολλοῦ
3696 2681 3767 2733 γε

2178 2758 2387 2813 καὶ·δεῖ
2407 2772 2422 2786 ·
2461 2758 2565 2813 ποῦ
2598 2758 2709 2830 γὰρ
2735 2757 2872 2822 ὅλως
2915 2758 3034 2811 ἐστὶ
3059 2757 3121 2811 τὸ
3153 2756 3396 2821 ἔλαττον,
3433 2755 3465 2827 ἢ
3494 2754 3626 2823 γοῦν
3655 2762 3682 2791 ο
3700 2754 3769 2809 τὸ

2181 2851 2367 2923 μεῖζον
2392 2853 2525 2923 ὁρᾷν
2572 2853 2631 2905 ὲν
2659 2850 2953 2923 ταυτότητι
2996 2851 3097 2922 τῆς
3134 2848 3364 2915 οὐσίας;
3418 2846 3534 2902 ἀλλ’
3562 2847 3637 2911 ὡς
3667 2847 3768 2902 τοῦ

2175 2943 2314 3000 Θεοῦ
2344 2946 2440 2999 xui
2466 2944 2685 3016 Πατρὸς
2706 2944 2766 2997 οὑ
2796 2942 3109 3014 πεφυκότος
3134 2943 3339 3015 ἑτέρως
3356 2941 3682 3013 ἐργάζεσθαί
3708 2958 3767 2996 τι

2177 3038 2273 3092 xui
2306 3038 2386 3103 εἰς
2433 3036 2494 3108 τὸ
2539 3031 2678 3091 εἶναι
2710 3034 2916 3099 καλεῖν,
2943 3033 3085 3105 πλὴν
3124 3035 3206 3088 ὅτι
3243 3034 3312 3088 δι’
3343 3032 3475 3087 Υίοῦ
3500 3036 3557 3087 ὲν
3591 3032 3763 3087 ΙΙνεύο

2184 3145 2337 3197 ματι,
2389 3127 2465 3192 ὡς
2522 3127 2612 3181 διὰ
2659 3126 2941 3196 δυνάμεως
2991 3124 3086 3178 xui
3137 3124 3328 3193 σοφίας
3385 3124 3487 3194 τῆς
3543 3122 3761 3179 ἑαυτοῦ.

2174 3220 2491 3291 Γέγραπται
2524 3218 2654 3290 γὰρ,
2689 3218 2771 3271 ὅτι
2812 3236 2830 3270 ι
2867 3216 2959 3288 Τῷ
3003 3208 3147 3286 λόγῳ
3195 3215 3407 3288 Κυρίου
3451 3217 3498 3269 οἱ
3545 3217 3766 3287 οὐρανοὶ

2174 3312 2294 3363 ὲστε
2305 3309 2609 3382 ρεώθησαν,
2637 3310 2731 3363 καὶ
2758 3309 2837 3380 τῷ
2867 3310 3142 3380 πνεύματι
3170 3308 3265 3361 τοῦ
3298 3308 3567 3379 στόματος
3597 3308 3764 3363 αὑτοῦ

2174 3401 2382 3468 πᾶσαὴ
2416 3398 2645 3469 δύναμις
2675 3397 2873 3452 αὐτῶν.
2917 3418 2936 3450 ι
2968 3396 3075 3453 Ναὶ
3114 3398 3242 3470 μὴν,
3278 3399 3376 3453 καὶ
3418 3401 3447 3452 ὁ
3486 3400 3766 3469 πάνσοφικ

2186 3492 2467 3563 ’1ωάννης’
2500 3513 2518 3544 ι
2563 3492 2655 3545 Ἐν
2683 3494 2826 3563 ἀρχῇ
2856 3486 2926 3562 ἦν
2953 3493 2982 3545 ὁ
3015 3492 3209 3560 Λόγος,
3250 3490 3444 3552 εἰπὼν,
3487 3492 3582 3545 xui
3608 3493 3639 3543 ὁ
3664 3492 3763 3544 Λό-

2172 3600 2266 3651 γος
2294 3574 2364 3654 ἦν
2398 3582 2536 3652 πρὸς
2558 3583 2654 3637 τὸν
2681 3582 2838 3648 Θεὸν,
2867 3583 2963 3657 xui
2984 3582 3118 3646 Θεὸς
3144 3579 3212 3654 ἦν
3240 3584 3281 3657 ὁ.
3298 3583 3489 3651 Λόγος,
3538 3602 3559 3633 ι
3594 3600 3764 3654 προσ.

2171 3677 2477 3746 επήνεγκεν
2514 3674 2871 3743 ἀναγκαίως·
2913 3654 2942 3725 ι’
2985 3673 3176 3729 Πάντα
3220 3654 3289 3730 διλ
3319 3674 3487 3730 αὐτοῦ
3519 3675 3762 3744 ἐγένετο,

2172 3769 2267 3821 xui
2289 3768 2457 3838 χωρὶς
2491 3765 2658 3821 αὐτοῦ
2691 3766 2912 3835 ἐγένετο
2935 3766 3111 3820 οὐδενί
3147 3786 3167 3819 ι

2255 3858 2575 3927 Ὀμοούσιον
2620 3857 2820 3922 τοίνυν,
2874 3858 3096 3911 ἱσοκλεᾶ
3149 3874 3208 3911 τε
3253 3858 3348 3911 xui
3392 3855 3646 3929 ίσουργδν
3688 3859 3766 3930 τῷ

2171 3949 2349 4021 Πατρὶ
2380 3949 2470 4003 τὸν
2511 3948 2641 4003 Υἱὺν
2672 3948 3110 4019 ἀποδεδειχότες,
3134 3949 3535 4021 διαμέμνηνται
3570 3951 3758 4022 χρησί-

2174 4060 2291 4114 μως
2322 4042 2422 4106 τῆς
2455 4040 2930 4112 ὲνανθρωπήσεως
2961 4040 3151 4109 αὐτοῦ,
3195 4042 3291 4095 xui
3319 4041 3419 4112 τῆς
3452 4041 3593 4113 μετά
3631 4058 3762 4114 σαρ-

2170 4136 2266 4198 κὸς
2299 4133 2616 4204 οἰκονομίας
2655 4133 3009 4206 διατρανοῦσι
3038 4134 3100 4186 τὸ
3138 4134 3457 4205 μυστήριον,
3491 4133 3767 4187 τελειοτά-

2167 4244 2266 4299 την
2294 4227 2515 4282 ἔσεσθαι
2546 4227 2641 4281 xui
2692 4224 2974 4299 ἀπροσδεᾶ
3021 4225 3109 4279 διὰ
3156 4225 3350 4279 τούτου
3393 4225 3492 4297 τῆς
3521 4225 3767 4290 πίστεως

2166 4317 2266 4389 τὴν
2316 4317 2621 4389 παράδοσιν
2676 4312 2736 4370 εὖ
2783 4317 2930 4388 μάλα
2963 4316 3338 4383 διεγνωκότες.
3396 4316 3470 4369 Οὐ
3527 4317 3637 4387 γάρ
3677 4333 3768 4371 τοι

2173 4411 2334 4482 μόνον
2359 4411 2580 4482 ἀπόχρη
2607 4413 2722 4474 τοῖς
2756 4409 3109 4463 πιστεύουσιν
3144 4406 3223 4474 εις
3260 4408 3423 4463 αὐτὸν
3454 4409 3516 4462 τὸ
3552 4408 3768 4463 διακεῖ-

2170 4504 2316 4569 σθαι,
2359 4504 2453 4557 καὶ
2500 4506 2739 4574 φρονεῖν,
2771 4502 2849 4567 ὡς
2877 4503 3007 4566 Θεὸς
3041 4484 3269 4555 ὲκΘεοῦ
3297 4502 3622 4573 γεγέννηται
3660 4502 3766 4555 τοῦ

2170 4597 2405 4668 Πατρὸς,
2435 4596 2724 4667 ὁμοούσιός
2756 4611 2816 4648 τε
2845 4594 3016 4665 αὐτῷ,
3055 4595 3159 4653 καὶ,
3179 4594 3468 4666 χαρακτὴρ
3496 4594 3769 4667 ὑπάρχων

2169 4688 2270 4758 τῆς
2301 4687 2653 4752 ὑποστάσεως
2698 4686 2863 4741 αὐτοῦ
2890 4702 2902 4714 ·
2947 4686 3065 4740 ἀλλ’
3103 4682 3171 4758 ἧν
3204 4688 3505 4756 ἀναγκαῖον
3552 4686 3770 4741 ειδέναι

2171 4779 2308 4849 πρὸς
2338 4780 2577 4843 τούτοις,
2610 4781 2687 4844 ὡς
2712 4781 2814 4852 τῆς
2848 4778 3107 4833 ἁπάντων
3137 4780 3302 4832 ἕνεκα
3334 4778 3630 4850 σωτηρίας,
3664 4764 3773 4834 καὶ

2172 4869 2547 4941 ζωῆςπκαθεὶς
2576 4872 2770 4926 ἑαυτὸν
2809 4874 2890 4936 εἰς
2928 4872 3181 4939 κένωσιν,
3208 4870 3368 4925 ἔλαϐε
3397 4871 3586 4925 δούλου
3622 4889 3773 4943 μορ-

2173 4962 2301 5033 φὴν,
2332 4963 2426 5015 xui
2461 4962 2733 5034 προῆλθεν
2757 4963 3066 5035 ἄνθρωπος,
3099 4962 3380 5032 γεννηθεὶς
3404 4961 3547 5016 κατά
3578 4962 3775 5033 σάρκα

2171 5054 2235 5105 ἐκ
2267 5053 2549 5121 γυναικός.
2606 5054 2708 5107 Διά
2750 5053 2909 5107 τοῦτό
2963 5068 3137 5124 φασι·
3195 5053 3299 5107 Τὸν
3341 5053 3410 5107 δι’
3448 5054 3598 5125 ἡμᾶς
3628 5054 3779 5132 ⁸ῖοὺς

2170 5141 2515 5215 ἀνθρώπους,
2559 5145 2654 5198 xui.
2683 5144 2772 5199 διὰ
2796 5146 2897 5217 τὴν
2932 5142 3216 5216 ἡμετέραν
3258 5145 3536 5216 σωτηρίαν
3567 5145 3782 5199 κατελ-

2170 5236 2352 5301 θόντα,
2405 5236 2779 5308 σαρκωθέντα,
2843 5237 3363 5309 ὲνανθρωπήσαντα.
3414 5236 3605 5310 Ἀθρει
3668 5238 3780 5310 δὴ,

2160 5328 2315 5409 ῥπως
2343 5328 2400 5382 ἐν
2432 5330 2623 5400 κόσμῳ
2666 5328 2745 5400 τῷ
2785 5329 2980 5394 δέοντι,
3026 5328 3122 5383 xui
3154 5330 3214 5383 ἐν
3245 5327 3398 5393 τάξει
3432 5331 3499 5400 τῇ
3531 5344 3791 5400 πρεπω-

2676 5486 2720 5517 ⁵τ
2748 5486 2892 5542 Psal.
2924 5502 3092 5555 χχχιι,
3128 5487 3183 5543 6.
3269 5487 3315 5519 ⁸⁸
3341 5485 3500 5542 Joan.
3545 5458 3679 5555 1,71,
3703 5492 3782 5546 ‘2.

471 5531 515 5564 ’³
544 5531 766 5604 Ibid-.3,
811 5531 818 5532 ﬁ
840 5531 887 5580 ⁸⁵
920 5531 1085 5602 Hebr.
1119 5563 1155 5613 ι,
1194 5531 1315 5605 5.5i
1341 5531 1589 5623 il‘h’ilip-p'.
1633 5568 1689 5615 ιι,
1938 5531 1990 5584 ἷί
2011 5552 2075 5607 G:

2178 5531 2374 5619 (Τί-ξιξ

1565 5690 1735 5745 Varia:
1762 5690 2027 5746 lectiones
2051 5691 2258 5748 codicis
2288 5692 2674 5762 chuierianio

547 5810 570 5837 ο
601 5794 790 5867 ῆγουν.
