2024 3217
141 187 193 214 30]

850 186 1019 214 EPISTOLA
1038 186 1092 213 LV.

1733 186 1787 216 302

139 245 264 279 853.1623;
285 243 444 282 πρόεισινξό
466 243 549 277 Ἇόγκ
576 244 678 274 αὐτοῖς.
707 243 856 271 Κατελοείν
890 245 940 279 γὰρ

995 245 1060 272 dine
1077 251 1168 271 seruio
1193 244 1301 272 illorum
1317 245 1502 281 progreditur.
1519 243 1698 275 Dcsccndt'sse
1711 250 1787 275 enim

140 292 260 326 ἔφασαν,
278 290 322 316 ἵνα
337 289 381 315 διὰ
407 289 503 315 τούτου
523 290 569 316 τὸν
585 289 679 315 ἐπάνω
702 289 812 315 πάντων
836 289 940 324 Κύριον

146 337 282 370 ἐννοῶμεν
301 336 381 370 φύσει
397 344 425 361 τε
441 335 490 361 καὶ
503 335 577 371 δόξῃ,
589 337 636 362 καὶ
650 335 732 361 πάλιν
743 335 838 362 τοῦτον
853 344 940 362 κατα-

144 384 316 418 ςοιτήσαντα
346 382 381 407 δι’
404 382 491 416 ἡμᾶς,
508 382 549 413 εις
570 382 601 407 τὸ
628 381 767 416 ἐθελῆσαι,
788 382 871 416 φημὶ,
891 381 941 417 τὴν

140 429 207 464 πρὸς
223 429 305 464 ἡμᾶς
318 427 451 462 ὁμοίωσιν
467 427 591 453 ἐπελθεῖν
608 432 632 460 P,
653 424 700 454 καὶ
723 427 877 462 ἐπιλάμψαι
903 426 942 462 τῷ

137 475 238 509 κόσμῳ
255 473 327 509 μετὰ
350 472 463 508 σαρκός.
485 472 643 508 Γέγραπται
656 472 711 508 γὰρ
723 474 752 499 ἐν
769 472 853 508 βίϐλῳ
865 472 941 499 Ψαλ-

98 525 104 530 “
136 520 213 555 μῶψ
230 529 241 546 ι
266 520 296 546 Ὀ
313 519 381 550 Θεὸς
401 518 534 554 ἐμφανῶς
547 518 618 554 ἥξει,
631 520 646 545 ό
661 519 728 550 Θεὸς
744 518 835 554 ἡμῶν,
851 518 897 545 καὶ
910 519 941 544 οὑ

136 566 404 601 παρασιωπήσεται.
426 574 436 590 ι
456 564 577 600 Νοηθείη
591 565 613 591 δ’
627 565 671 598 ἂν,
691 566 771 601 εῐπερ
786 565 873 592 ἓλοιτό
887 573 941 597 τις,

135 613 185 638 καὶ
202 612 270 638 καθ’
285 612 382 647 ἕτερον
398 611 501 646 τρόπον
513 611 530 646 ή
544 611 657 643 κάθοδος
669 619 675 626 ·
694 608 760 643 οἷον,
772 610 803 643 ἐξ
813 610 940 646 οὐρανοῦ,

139 660 183 684 καὶ
200 658 321 687 ἀνωθεν,
338 658 355 692 ἦ
374 659 420 683 καὶ
436 658 483 683 ἀπ’
511 657 595 684 αὐτοῦ
620 657 668 684 τοῦ
692 657 812 692 Πατρός.
836 658 942 689 Φωναῖς

138 705 190 739 γὰρ
209 706 273 735 ταῖς
297 704 361 729 καθ’
383 705 460 738 ἡμᾶς
480 703 528 730 καὶ
547 703 582 730 τὰ
597 703 668 739 ὑπὲρ
681 703 744 730 νοῦν
760 704 940 739 καταδηλοῦν,

141 752 195 782 ξίςος
209 752 269 781 τοῖς
288 752 375 785 ἱεροῖς
391 750 551 784 Γράμμασι.
568 749 623 776 Καὶ
637 749 703 784 γοῦν
713 749 842 785 ἐφη,τοϊς
854 751 942 785 ἁγίοις

142 797 409 831 προσδιαλεγόμενος
440 796 594 831 μαθηταῖς·
623 804 633 821 ι
663 795 792 831 Ἐξῆλθον
813 796 868 822 ἀπὸ
893 796 941 823 τοῦ

139 844 254 876 Πιτῃὲς,
273 844 323 869 καὶ
338 843 458 877 ἐλήλυθα
474 843 515 874 εἰς
536 841 582 868 τὸν
597 841 718 876 κόσμον·
742 842 825 869 πάλιν
838 842 940 878 ἀφ’ίημι

137 890 179 915 τὸν
197 890 315 924 κόσμον,
342 890 390 915 καὶ
407 888 560 923 πορεύομαι
576 888 645 924 πρὸς
658 889 703 914 τὸν
717 888 843 924 Πατέρα·
864 898 873 915 ι
891 890 940 916 καὶ

135 938 232 963 πάλιγ
254 946 263 961 ι
287 937 385 970 Ὑμεῖς
405 936 436 961 ἐκ
451 935 506 961 τῶν
518 936 593 961 κάτω
612 935 685 967 ἐστὲ,
699 934 755 969 ἐγὼ
769 936 802 961 ἐκ
814 935 869 961 τῶν
884 936 940 963 ἀνω

137 983 205 1016 εἰμί·
226 992 234 1007 ι
257 983 297 1007 ἑτι
320 990 348 1007 τε
370 981 440 1016 πρὸς
459 980 582 1012 τούτοις·
602 991 611 1006 ‹
636 980 706 1016 Ἐγὼ
722 981 755 1007 ἐκ
769 981 815 1008 τοῦ
834 982 940 1018 Πατρὺς

142 1029 267 1062 ὲξῇθον,
282 1029 329 1054 1.1".
344 1029 415 1062 ἥκω.
439 1037 447 1052 ι
464 1027 571 1062 Γράφει
585 1027 613 1053 δὲ
629 1027 676 1054 καὶ
693 1029 707 1054 ὁ
722 1028 866 1060 Θεσπέσιος
885 1029 941 1055 Ὶω-

152 1076 236 1108 ἁννης
246 1083 252 1089 -
270 1074 317 1099 «Ὀ
335 1074 433 1100 ἂνωοΞί
448 1073 608 1109 ἐρχόμενος,
623 1073 716 1100 ἐπάνω
726 1074 837 1101 πάντων
854 1074 937 1101 ἐστι.»

155 1121 254 1146 Καίτοι
271 1120 324 1154 γὰρ
338 1120 464 1154 ὑπάρχων
491 1120 520 1145 ὲν
535 1119 703 1155 ὑπερτάταις
717 1119 878 1155 ὑπεροχαῖς,
893 1120 940 1147 καὶ

151 1167 243 1193 ἐπάνω
259 1167 361 1192 πάντων
379 1167 407 1192 οὑ
415 1165 519 1200 πιωδῶς
536 1166 605 1201 μετὰ
617 1166 664 1192 τοῦ
682 1166 748 1193 ἰδίου
764 1166 880 1201 Πατρὺς,
892 1167 940 1193 ἆτε

145 1213 176 1248 δὴ
195 1213 240 1238 καὶ
252 1214 281 1237 ἐν
296 1213 440 1246 ταυτότητι
459 1211 569 1246 φύσεως
583 1212 632 1247 τῆς
647 1212 716 1247 πρὸς
734 1211 817 1239 αὑτὸν
840 1221 938 1247 στεφα-

143 1259 280 1292 witty/9;,
296 1267 306 1284 σ
322 1259 373 1292 οὑχ
387 1257 537 1293 ἁρπαγμὸν
549 1258 671 1293 ἡγήσατο
683 1258 713 1284 τὸ
727 1256 798 1284 εἶναι
812 1257 857 1284 ἴσα
868 1258 938 1293 Θεῷ,

140 1305 195 1330 ἀλλ’
208 1305 306 1331 ἑαυτὸν
320 1305 454 1333 ἐκένωσε.
468 1304 575 1340 μορφὴν
586 1303 681 1330 δούλου
692 1303 792 1335 λαϐὼν,
805 1304 834 1330 ἐν
843 1304 941 1339 ὁμοιώ-

138 1361 201 1385 ματι
219 1351 380 1386 ἀνθρώπων
395 1352 552 1386 γενόμενος,
569 1350 616 1376 καὶ
632 1351 752 1384 σχήματι
765 1349 889 1385 εὑρεθεὶς
903 1350 941 1382 ὡς

135 1399 290 1432 ἑνθρωπος,
310 1398 499 1423 ἐταπείνωσεν
522 1396 627 1423 ἑαυτόν.
646 1405 654 1421 ι
676 1396 787 1431 Ἐπειδὴ
803 1396 856 1432 γὰρ
874 1396 940 1428 Θεὸς

133 1444 172 1469 ὢν
190 1444 204 1469 ὁ
222 1445 312 1477 Λόγος
335 1444 387 1478 τὴν
413 1442 494 1478 ἡμῶν
512 1442 672 1478 ἠμπέσχετο
687 1442 789 1478 σάρκα,
802 1442 941 1478 μεμένηκε

134 1490 160 1515 r3":
182 1490 228 1515 καὶ
240 1489 317 1515 οὕτω
332 1490 412 1520 Θεὲς,
429 1488 516 1524 ταύτῃ
534 1496 575 1515 τοι
591 1488 658 1515 Θεὸν
676 1489 689 1515 ό
707 1488 855 1524 ἱερώτατος
868 1488 941 1514 Παῦ-

135 1536 178 1566 λος
195 1537 223 1561 ἐν
246 1535 407 1570 ὁμοιώματι
435 1534 588 1570 ἀνθρώπων
601 1534 729 1568 γενέσθαι
753 1535 846 1570 φησὶν,
861 1534 941 1568 εὑρε-

136 1581 214 1615 ίῆνειί
235 1590 265 1607 τε
284 1581 324 1611 ὡς
344 1580 489 1614 ἄνθρωπον
515 1580 644 1615 σχήματι.
670 1580 738 1612 Θεὸς
756 1579 812 1615 γὰρ
834 1578 879 1616 ἦν,
903 1580 941 1612 ὡς

136 1626 214 1662 Egry,
230 1628 259 1653 ἐν
275 1627 342 1652 εἴδει
357 1626 397 1660 τῷ
414 1626 475 1652 καθ’
490 1626 576 1661 ἡμᾶς,
593 1627 639 1652 καὶ
657 1627 708 1653 οὑκ
721 1626 826 1662 ἄψυχόν
846 1635 878 1660 γε
891 1627 941 1662 τὴν

137 1674 228 1706 σάρκα.
242 1673 349 1702 λαϐὼν,
374 1672 444 1698 καθά
461 1673 572 1707 φρονεῖν
592 1671 665 1704 ἐδοξέ
682 1681 740 1698 τισι
765 1673 819 1699 τῶν
838 1673 942 1708 αἱρετι-

135 1718 206 1749 κῶν,
221 1718 408 1753 ὲψυχωμένην
428 1718 456 1744 δὲ
475 1717 576 1752 μᾶλλον
591 1718 666 1753 ψυχῇ
681 1719 772 1753 νοερᾷ.
794 1718 881 1746 Αὑτὸν
895 1716 942 1745 οὖν

136 1764 192 1798 ἄρα
204 1763 250 1790 τὸν
265 1763 298 1789 ὲκ
309 1763 361 1798 τῆς
372 1762 468 1794 οὐσίας
481 1762 529 1789 τοῦ
545 1763 654 1798 Πατρός
666 1763 832 1798 προελθόντα
843 1764 940 1799 Λόγον,

137 1810 186 1835 καὶ
201 1809 267 1835 Υἰδν
282 1807 431 1843 μονογενῆ,
453 1808 500 1834 τὸν
513 1807 580 1834 Θεὸν
594 1808 722 1843 ἀληθινὸν
739 1809 771 1834 ὲκ
787 1808 856 1835 Θεοῦ
876 1809 943 1844 ἀλη-

137 1854 225 1886 θινοῦ,
238 1855 271 1881 τὸ
285 1854 346 1889 φῶς
362 1854 394 1880 τὸ
410 1854 443 1880 ἐκ
457 1854 505 1881 τοῦ
525 1855 626 1888 φωτὸς,
638 1856 684 1881 τὸν
703 1855 737 1882 δι’
756 1852 787 1882 οὗ
800 1857 836 1882 τὰ
853 1856 943 1883 πάντα

138 1901 263 1935 ἐγένετο,
289 1900 435 1927 κατελθεῖν
449 1900 554 1935 ἔφασαν
570 1902 595 1927 οἱ
616 1901 749 1938 Πατέρες,
766 1902 943 1937 σαρκωθῆναί

138 1955 168 1973 τε
183 1947 232 1973 καὶ
247 1946 477 1982 ὲνανθρωπῆσαι,
501 1946 642 1973 τουτέστιν
656 1947 801 1982 ὑπομεῖναι
815 1947 943 1983 γέννησιν

138 1991 188 2027 τὴν
202 1991 277 2018 κατὰ
291 1992 384 2027 σάρκα
400 1992 433 2017 ὲκ
453 1990 593 2024 γυναικὸς,
609 1991 656 2017 καὶ
676 1991 820 2027 προελθεῖν
835 1993 863 2018 ἐν
877 1993 942 2019 εῖδει

138 2039 177 2074 τῷ
193 2039 257 2065 καθ’
276 2039 352 2074 ἡμᾶς
363 2047 369 2052 ·
386 2038 467 2064 τοῦτο
477 2038 532 2073 γὰρ
543 2038 573 2064 τὸ
586 2038 798 2075 ὲνανθρωπῆσαι
816 2040 902 2067 ἐστιν.

174 2083 224 2117 Εἷς
236 2082 286 2111 οὖν
302 2085 357 2119 ἄρα
375 2084 477 2120 Κύριος
496 2083 600 2119 Ἰησοῦς
618 2084 748 2120 Χριστος,
767 2085 848 2116 αὑτὸς
865 2087 879 2112 ὁ
895 2095 944 2121 μο-

141 2131 256 2166 νογενὴς
269 2130 317 2157 τοῦ
334 2130 440 2165 Πατρὺς
455 2130 542 2164 Λόγος
560 2130 707 2166 γενόμενος
721 2131 876 2167 ἄνθρωπος,
894 2132 944 2158 οὐκ

143 2176 344 2213 ἀποσεὸληκὼς
362 2176 396 2203 τὸ
410 2174 482 2203 εἶναι
505 2176 519 2203 ὂ
538 2174 584 2212 ἦν·
608 2177 807 2213 ἁπομεμὲνηκε
827 2178 881 2214 γὰρ
898 2178 944 2204 καὶ

144 2224 170 2249 ὲν
194 2222 392 2259 ἀνθρωπότητι
407 2222 491 2255 Θεδς,
512 2223 558 2250 καὶ
572 2224 600 2249 ὲν
620 2225 712 2259 μορφῇ
728 2223 822 2250 δούλου
841 2224 944 2251 Δεσπό-

995 291 1135 323 dixerunt,
1152 295 1181 318 nt
1194 299 1243 326 per
1260 291 1311 318 hoc
1325 300 1408 327 super
1420 292 1512 319 omnia
1526 293 1672 320 Dominum
1684 294 1771 321 intelli

993 342 1089 369 gamus
1103 342 1164 362 esse
1179 340 1207 362 et
1224 340 1322 363 natura
1335 341 1361 363 et
1375 337 1476 372 gloria;
1492 330 1676 373 canitiemque
1690 346 1788 367 rursus

993 386 1106 416 propter
1117 389 1167 409 nos
1176 381 1493 416 hominesdescendisse,
1505 388 1535 410 ut
1548 384 1652 417 volens,
1663 384 1786 419 inquam,

993 431 1116 454 nostram
1127 427 1337 456 similitudinem
1351 428 1467 461 subiret,
1478 434 1506 456 et
1518 437 1581 456 cum
1589 438 1672 457 carne
1684 431 1788 458 mundo

993 473 1147 508 all‘ulgeret.
1161 474 1302 509 Scriptum
1317 480 1359 502 est
1373 475 1447 502 enim
1461 475 1490 502 in
1505 476 1575 503 libro
1590 476 1761 504 Psalmornm
1779 487 1785 504 :

997 529 1005 544 ι
1026 520 1098 547 Deus
1112 520 1255 548 manifeste
1268 522 1371 554 veniet,
1388 522 1462 549 Deus
1480 526 1585 555 noster,
1605 527 1634 550 et
1649 531 1704 550 non
1721 524 1787 551 silc—

993 565 1033 593 bit
1047 567 1080 594 ".
1099 575 1107 592 ι
1132 566 1249 602 lntelligi
1268 572 1360 595 autem
1388 569 1492 603 poterit
1510 569 1671 603 descensus,
1686 570 1708 597 si
1724 571 1788 606 quis

992 612 1122 645 voluerit,
1137 612 1221 640 etiam
1234 613 1288 640 alio
1305 607 1401 646 modo,
1413 622 1512 649 nempe
1529 622 1563 642 ex
1577 615 1646 642 ccelo
1657 623 1787 651 superne,

992 660 1035 688 uel
1045 659 1128 687 etiam
1145 660 1179 688 ab
1188 660 1247 695 ipso
1260 660 1349 688 Patre.
1363 660 1437 688 Solet
1451 662 1525 688 enim
1537 667 1631 689 saneta
1646 662 1788 698 Scriptura

992 706 1076 733 etiam
1096 706 1143 733 illa
1164 714 1226 741 qua:
1248 706 1459 741 intelligentiam
1476 712 1608 742 superant
1622 707 1714 736 verbis
1727 716 1789 744 quae

993 752 1074 780 nobis
1086 758 1253 788 congruunt,
1265 753 1421 788 signiﬁcare
1435 763 1441 780 :
1458 754 1532 782 unde
1545 762 1607 782 cum
1622 760 1732 783 sanctos
1743 756 1788 783 di-

993 798 1114 833 scipulos
1132 806 1197 826 suos
1214 799 1420 835 alloquerctur,
1435 799 1505 827 dixit
1522 809 1528 826 :
1544 810 1553 825 ί
1571 800 1648 828 Exivi
1666 809 1682 828 a
1697 801 1787 834 Patre.

993 848 1022 871 et
1039 844 1103 871 veni
1119 844 1147 872 in
1164 845 1297 872 mundum
1312 854 1318 872 :
1332 846 1432 873 iterum
1456 846 1581 881 relinquo
1598 847 1743 880 mundum,
1761 852 1789 875 et

993 891 1064 918 vado
1076 891 1110 919 ad
1127 892 1285 925 Patrem“;
1305 902 1314 918 ι
1327 897 1355 919 et
1374 893 1492 920 iterum:
1508 903 1516 919 ‹
1539 894 1593 920 Vos
1609 893 1643 921 de
1657 894 1788 922 deorsum

991 938 1068 970 estis,
1082 945 1133 973 ego
1150 938 1184 965 de
1200 939 1330 973 supernis
1351 946 1412 966 sum
1423 939 1456 972 ";
1473 949 1481 965 ι
1503 939 1537 966 ad
1555 939 1613 967 hmc
1629 944 1763 975 praeterea
1780 949 1787 968 ε

996 992 1004 1008 ι
1017 983 1073 1019 Ego
1085 991 1100 1010 a
1114 984 1193 1012 Patre
1210 984 1292 1017 exivi,
1311 989 1339 1011 et
1353 984 1459 1011 veni“.
1479 994 1489 1010 ›
1506 984 1608 1013 Scribit
1626 986 1709 1013 etiam
1725 994 1789 1014 san-

992 1033 1053 1056 ctus
1074 1029 1193 1057 Joannes
1206 1038 1212 1055 :
1234 1039 1243 1054 ‹
1255 1029 1306 1063 Qui
1320 1030 1354 1057 de
1370 1038 1479 1058 sursum
1493 1031 1579 1064 venit,
1593 1039 1677 1067 supra
1692 1040 1790 1060 omnes

991 1074 1077 1101 est".
1101 1084 1109 1099 ι
1126 1074 1195 1101 Nam
1222 1083 1286 1102 cum
1306 1075 1333 1102 in
1352 1084 1460 1104 summa
1478 1076 1643 1105 celsitudine
1665 1083 1748 1110 esset,
1761 1084 1790 1107 et

992 1127 1055 1147 cum
1075 1120 1155 1148 Patre
1167 1129 1217 1148 suo
1227 1121 1381 1149 secundum
1390 1122 1573 1150 substantiam
1588 1131 1672 1159 super
1683 1125 1787 1158 omnia,

992 1169 1087 1200 utpote
1111 1166 1258 1194 identitate
1280 1167 1363 1195 unius
1383 1175 1447 1195 cum
1470 1169 1531 1203 ipso
1553 1175 1659 1197 natura:
1682 1171 1787 1203 clarus,

995 1221 1005 1237 ‹
1020 1219 1075 1239 non
1094 1212 1217 1247 rapinam
1237 1213 1389 1242 arbitratus
1404 1219 1447 1242 est
1463 1222 1492 1242 se
1505 1222 1566 1242 esse
1577 1216 1710 1250 mqualem
1719 1217 1787 1248 Deo,

991 1256 1038 1284 sed
1052 1256 1174 1291 seipsum
1195 1257 1357 1290 exinanivit,
1371 1257 1488 1285 formam
1508 1258 1580 1286 servi
1595 1258 1744 1294 accipiens,
1760 1260 1788 1287 in

992 1301 1202 1329 similitudinem
1221 1301 1365 1329 hominum
1384 1302 1484 1335 factus,
1502 1307 1531 1329 et
1545 1302 1642 1329 habitu
1660 1302 1790 1330 inventus

992 1353 1022 1375 ut
1040 1348 1133 1381 homo,
1156 1348 1312 1376 humiliavit
1334 1348 1456 1384 seipsum
1474 1349 1507 1376 σε.
1526 1358 1534 1374 ι
1555 1349 1704 1376 Enimvero
1721 1357 1790 1385 quo-

992 1395 1066 1422 niam
1082 1394 1214 1427 Verbum,
1237 1395 1310 1429 quod
1341 1395 1415 1422 Deus
1429 1399 1499 1427 erat,
1524 1395 1651 1430 quamvis
1667 1399 1789 1422 nostram

993 1448 1104 1468 carnem
1121 1440 1268 1472 induisset,
1291 1440 1393 1468 mansit
1406 1445 1498 1468 tamen
1514 1441 1555 1468 sic
1566 1448 1677 1476 quoque
1697 1441 1789 1468 Deus:

992 1486 1138 1522 propterea
1164 1486 1369 1514 sacratissimus
1386 1486 1487 1513 Paulus
1506 1486 1584 1521 181
1603 1486 1690 1514 Deum
1708 1486 1735 1514 in
1751 1487 1790 1514 εἰσ

993 1533 1178 1560 militudinem
1190 1532 1335 1560 hominum
1353 1532 1456 1560 factum
1472 1531 1534 1560 esse
1552 1532 1630 1565 dicit,
1652 1537 1679 1568 et
1694 1533 1790 1561 habitu

994 1579 1136 1607 inventum
1153 1583 1184 1606 ut
1195 1579 1347 1606 hominem.
1362 1579 1429 1606 Erat
1442 1579 1528 1611 enim,
1541 1582 1573 1606 ut
1588 1578 1656 1612 dixi,
1675 1580 1749 1608 Deus
1760 1580 1791 1608 in

994 1629 1087 1653 nostra
1108 1625 1199 1660 specie
1214 1634 1220 1651 :
1233 1633 1288 1653 non
1304 1632 1427 1657 sumens,
1441 1625 1514 1652 sicut
1529 1625 1666 1654 haereticis
1677 1626 1791 1661 quibus-

994 1670 1057 1697 dam
1076 1670 1180 1697 sentire
1201 1669 1316 1704 placuit,
1333 1669 1513 1697 inanimatam
1527 1677 1651 1703 carnem,
1663 1671 1712 1699 sed
1728 1672 1790 1699 ani-

994 1724 1037 1743 ma
1053 1715 1223 1751 intelligente
1241 1715 1395 1751 praeditam.
1410 1715 1502 1750 Ipsum
1524 1715 1608 1751 igitur
1618 1724 1651 1745 ex
1660 1717 1790 1745 substan-

995 1762 1031 1789 tia
1049 1762 1139 1789 Patris
1157 1769 1334 1797 progressum
1352 1761 1473 1789 Verbum
1493 1766 1522 1790 et
1541 1762 1642 1790 Filium
1662 1763 1790 1799 unigeni-

995 1812 1063 1840 tum,
1086 1808 1163 1835 illum
1185 1808 1272 1835 Deum
1293 1814 1390 1836 verum
1409 1808 1444 1836 de
1462 1808 1519 1835 Deo
1541 1816 1619 1842 vero,
1640 1809 1734 1837 lumen
1755 1811 1791 1840 de

994 1854 1109 1885 lumine,
1125 1854 1215 1889 ipsum
1231 1862 1279 1889 per
1292 1862 1375 1889 quem
1386 1854 1479 1881 omnia
1496 1854 1567 1882 facta
1580 1859 1657 1887 sunt,
1676 1855 1792 1883 descen-

994 1901 1068 1928 disse
1081 1901 1212 1928 dixerunt
1226 1901 1335 1933 Patres,
1350 1900 1579 1937 incarnatumque
1592 1907 1689 1929 esseet
1701 1903 1792 1929 homi—

995 1955 1057 1974 nem
1071 1947 1184 1979 factum,
1202 1947 1254 1973 hoc
1273 1951 1325 1978 est,
1339 1947 1458 1975 subiisse
1469 1947 1676 1983 generationem
1694 1956 1793 1976 secun-

995 1994 1060 2020 dum
1086 2001 1197 2020 carnem
1214 2001 1247 2020 ex
1263 1993 1388 2025 muliere,
1409 1999 1438 2021 et
1460 1994 1630 2028 processisse
1649 1995 1678 2022 in
1700 1995 1793 2030 specie

996 2040 1077 2066 simili
1094 2039 1175 2067 nobis
1192 2039 1264 2066 :hoc
1279 2039 1354 2066 enim
1376 2044 1419 2067 est
1437 2040 1580 2068 hominem
1597 2048 1659 2068 esse
1677 2040 1791 2069 factum.

1032 2087 1108 2114 Unus
1133 2090 1176 2113 est
1196 2086 1280 2120 igitur
1296 2086 1430 2113 Dominus
1448 2086 1530 2113 Jcsus
1552 2086 1691 2119 Christus,
1701 2087 1792 2122 ipsum

997 2132 1170 2167 unigenitum
1201 2131 1248 2158 Dei
1281 2131 1372 2159 Patris
1397 2132 1529 2164 Verbum,
1560 2132 1644 2160 homo
1672 2133 1791 2166 factum;

995 2186 1051 2205 non
1085 2178 1245 2213 relinquens
1276 2185 1337 2205 esse
1362 2177 1436 2212 quod
1467 2182 1528 2205 erat
1554 2187 1559 2204 :
1584 2179 1686 2206 mansit
1717 2180 1791 2207 enim

996 2224 1078 2251 etiam
1100 2223 1127 2250 in
1145 2223 1317 2251 humanitate
1337 2223 1424 2256 Deus,
1444 2228 1472 2251 et
1496 2223 1522 2250 in
1541 2224 1613 2251 servi
1635 2224 1723 2253 forma
1740 2225 1793 2254 D0—

143 2278 201 2305 της,
222 2270 272 2297 καὶ
293 2270 324 2296 ὲν
338 2269 453 2296 κενώσει
477 2270 510 2305 τῇ
527 2269 588 2296 καθ’
606 2271 679 2305 ἡμᾶς
702 2270 732 2297 τὸ
755 2270 858 2306 πλῆρες
873 2270 940 2305 ἔχων

998 2269 1100 2301 minus,
1118 2275 1146 2296 ct
1164 2269 1191 2296 in
1208 2269 1397 2296 exiuanitione
1414 2274 1509 2297 nostra
1529 2270 1732 2305 plenitudinem
1749 2271 1796 2299 ha-

143 2315 253 2348 θεῖκῶς,
266 2316 315 2342 καὶ
328 2316 357 2341 ἐν
368 2314 495 2351 ἀσθενείᾳ
506 2315 607 2351 σαρκὸς
614 2316 669 2342 τῶν
678 2316 819 2351 δυνάμεων
830 2316 943 2352 Κύριος,

143 2363 188 2389 καὶ
204 2364 233 2389 ὲν
245 2363 305 2393 τοῖς
320 2361 370 2397 τῆς
391 2361 602 2396 ἆνθρωπότητος
620 2362 730 2397 μέτροις
751 2362 815 2388 ἴδιον
830 2361 900 2397 ἔχων
915 2362 945 2388 τὸ

138 2409 212 2445 ὑπὲρ
226 2409 323 2436 πᾶσαν
343 2407 392 2443 τὴν
414 2408 513 2435 κτίσιν.
534 2407 568 2434 Ἀ
586 2408 634 2443 μὲν
650 2408 705 2443 γὰρ
718 2405 751 2443 ἦν
765 2408 818 2443 πρὸ
832 2409 943 2443 σαρκὸς,

146 2454 349 2490 ἁναποὸλήτως
368 2453 435 2488 ἔχειν
453 2454 520 2485 Θεὸς
534 2453 588 2489 γὰρ
601 2452 646 2489 ἦν,
664 2454 711 2480 καὶ
724 2454 789 2486 Υἱὸς
807 2454 944 2490 ἀληθινὸς,

148 2500 298 2534 μονογενής
313 2507 344 2525 τε
360 2499 406 2525 καὶ
423 2498 481 2533 φῶς
491 2518 498 2530 ,
513 2498 585 2534 ζωὴ,
604 2499 651 2525 καὶ
664 2497 789 2534 δύναμις,
806 2500 839 2526 Ἃ
852 2499 882 2525 δὲ
896 2499 946 2525 οὑκ

144 2543 185 2581 ἦν,
200 2546 292 2574 ταῦτα
305 2544 501 2581 προσειληφὼς
524 2545 620 2580 ὁρᾶται
643 2544 688 2572 διὰ
701 2545 750 2581 τὴν
769 2546 925 2581 οἰκονομίαν
936 2554 943 2561 ’

142 2592 196 2620 ἴδια
207 2593 265 2629 γὰρ
280 2592 431 2626 ἐποιήσατο
444 2591 479 2618 τὰ
489 2591 539 2626 τῆς
553 2592 662 2627 σαρκός.
676 2592 713 2618 υὺ
730 2592 784 2628 γὰρ
799 2591 833 2628 ἦν
850 2592 944 2628 ἑτέρου

141 2639 225 2672 τινὸς,
243 2638 330 2665 αὑτοῦ
343 2637 371 2664 δὲ
387 2637 487 2673 μᾶλλον
502 2637 677 2673 ὴὰφράστως
694 2638 781 2673 αὐτῷ,
796 2639 843 2664 καὶ
859 2639 945 2673 ἀττορ-

143 2686 234 2721 ῥήτως
260 2684 395 2711 ὲνωθεῖσα
418 2684 497 2719 σάρξ.
514 2683 593 2711 Οὕτω
607 2685 654 2711 καὶ
678 2684 692 2709 ό
717 2684 797 2718 σοφὸς
817 2684 944 2726 Ἰωαννης

143 2800 159 2827 6
178 2765 205 2829 ';
219 2764 294 2793 Psal.
310 2771 382 2796 nix,
394 2764 422 2790 5.

462 2763 485 2778 ⁸⁸
497 2763 575 2792 Joan.
589 2771 643 2795 χιιι,
657 2763 701 2790 ‘38.
741 2764 763 2779 ⁸⁵
774 2764 852 2791 Joan.
870 2769 940 2795 vnt,‘

1023 2763 1136 2790 “Joan.
1151 2771 1205 2794 xvi,
1221 2761 1265 2789 28.
1305 2759 1416 2788 "Joan.
1437 2768 1475 2793 Ill,
1501 2760 1545 2788 5i.

997 2316 1066 2343 hens
1089 2315 1255 2348 divinitatis,
1277 2319 1305 2342 et
1325 2315 1353 2342 in
1375 2315 1535 2343 inﬁrmitate
1546 2316 1638 2345 carnis
1658 2317 1794 2346 virtutum

997 2362 1148 2394 Dominus,
1168 2367 1196 2389 et
1221 2362 1248 2388 in
1276 2362 1413 2389 mensuris
1445 2363 1626 2392 humanitatis
1651 2365 1795 2400 proprium

997 2408 1114 2440 habens,
1135 2408 1210 2443 quod
1217 2416 1299 2443 super
1315 2415 1424 2435 omnem
1439 2413 1481 2436 est
1496 2414 1664 2437 creaturam.
1685 2411 1796 2439 Etenim

997 2463 1058 2490 quae
1070 2455 1092 2482 is
1107 2460 1172 2482 ante
1188 2462 1300 2482 carnem
1317 2459 1392 2487 erat,
1411 2455 1631 2484 inamissibiliter
1645 2456 1744 2488 habet,
1765 2461 1795 2484 ut

997 2501 1072 2536 quod
1084 2502 1157 2528 Deus
1165 2504 1236 2533 erat,
1249 2505 1277 2527 et
1285 2501 1372 2528 Filius
1383 2508 1468 2529 verus
1478 2505 1506 2528 et
1514 2502 1686 2536 unigenitus,
1696 2507 1724 2529 et
1736 2502 1795 2534 lux.

998 2551 1026 2574 et
1034 2546 1101 2578 vita,
1109 2549 1138 2574 et
1147 2546 1245 2573 virtus.
1262 2545 1328 2579 Quae
1338 2554 1406 2573 vero
1419 2553 1473 2573 non
1483 2550 1553 2577 erat,
1561 2554 1593 2573 ea
1605 2549 1720 2580 propter
1737 2546 1797 2574 dis-

999 2591 1189 2626 pensationem
1210 2591 1392 2625 assumpsisse
1413 2590 1537 2618 cernitur
1554 2599 1561 2616 :
1577 2598 1640 2617 nam
1654 2598 1716 2624 qua
1733 2598 1796 2619 car-

998 2638 1042 2665 nis
1057 2642 1147 2670 erant,
1162 2637 1215 2665 sibi
1231 2639 1343 2672 propria
1358 2637 1433 2664 fecit.
1450 2636 1510 2663 Non
1522 2635 1596 2663 enim
1609 2643 1674 2663 caro
1687 2636 1740 2673 ipsi
1753 2638 1797 2665 in-

998 2683 1145 2711 ell'abiliter
1155 2688 1184 2711 et
1196 2682 1417 2710 inenarrabiliter
1431 2681 1796 2718 unita,alteriuseujusptam

1585 2761 1608 2777 ⁶¹¹
1625 2760 1745 2797 Philipp.
1765 2769 1796 2796 ti,

707 2865 793 2893 Varise
806 2865 939 2894 lectiones
954 2867 1057 2895 codicis
1074 2866 1256 2902 Seguieriani.

181 2931 197 2952 ι’
210 2926 257 2954 lar.
274 2926 407 2953 ὑπελθεῖν.
