4048 6504
363 473 482 533 m
539 469 546 474 _

1787 468 2127 526 EPISTOLA
2164 469 2272 526 LV.

3558 467 3667 524 505

367 583 517 649 εἶδος
539 585 633 639 τοῦ
656 582 815 638 Θεοῦ.
858 584 1058 639 Ἰακὼϐ
1080 583 1137 638 δὲ
1161 584 1433 651 ὲπέσκαζε
1461 585 1539 658 τῷ
1565 584 1726 657 μηρῷ
1753 585 1940 641 αὑτοῦ.
1957 606 1974 637 ι

2085 599 2187 640 suo
2215 584 2280 637 ⁷⁸.
2306 602 2323 634 ι
2372 582 2510 638 ham
2545 581 2874 653 patriarcha
2916 582 3064 639 Deus
3092 581 3483 653 portendebat,
3519 587 3668 653 quod

377 676 778 750 Προανεδείκνυ
805 678 917 748 γὰρ
939 677 1020 748 τῷ
1045 679 1361 750 πατριάρχῃ
1392 678 1524 742 Θεὸς
1543 719 1557 743 ,
1590 679 1674 732 ὄτι
1701 679 1796 732 καὶ
1824 680 1980 732 ὲναν-

376 773 671 844 θρωπήσει
723 770 868 824 κατά
898 761 1130 843 καιροῦς
1171 771 1204 822 δ
1238 770 1534 841 μονογενὴς
1578 771 1743 825 αὑτοῦ
1772 772 1977 840 Λόγος,

373 864 471 917 καὶ
510 861 816 916 ἀντίπαλον
861 859 976 927 ἔξει
1003 862 1098 914 τὸν
1144 861 1380 933 Ἰσραήλ·
1415 862 1511 916 καὶ
1553 863 1634 916 ὅτι
1668 863 1794 934 περὶ
1819 861 1981 915 αὐτὸν

369 955 474 1007 οὐκ
507 951 968 1025 ὁρθοποδήσουσι,
999 952 1301 1023 χωλανοῦσι
1323 952 1382 1006 δὲ
1401 952 1612 1024 ὥσπερ,
1642 953 1787 1007 καθά
1814 969 1980 1024 φησιν

371 1045 548 1108 αὐτὸς
575 1044 670 1098 διὰ
697 1046 799 1115 τῆς
826 1041 921 1096 τοῦ
943 1043 1253 1108 Ψάλλοντος
1286 1044 1476 1117 λύραςο
1512 1065 1530 1098 ι
1556 1046 1679 1100 Υἱοὶ
1709 1046 1982 1118 ἀλλότριοι

369 1136 688 1205 ὲψεύσαντό
739 1152 869 1206 μοι,
925 1136 1035 1189 υἱοὶ
1077 1136 1354 1208 ἀλλότριοι
1399 1137 1846 1210 ὲπαλαιώθησαν,
1891 1138 1984 1192 καὶ

368 1227 668 1296 ἐχὼλαναν
698 1227 811 1280 ἀπὸ
843 1227 954 1279 τῶν
981 1228 1187 1297 τρίϐων
1215 1229 1416 1283 αὐτῶν.
1451 1248 1470 1282 ι
1506 1230 1668 1284 Τουτὶ
1688 1231 1797 1300 γὰρ
1829 1229 1982 1300 οἶμαι

370 1311 727 1388 καταδηλοῦν
748 1317 810 1370 τὸ
838 1315 1138 1371 ὲπισκάσαι
1165 1318 1258 1372 τὸν
1291 1318 1489 1372 Ἰακὼϐ
1508 1319 1588 1390 τῷ
1614 1319 1776 1392 μηρῷ
1795 1318 1980 1372 αὐτοῦ.

371 1409 528 1478 Πλὴν
546 1407 735 1461 ἐκεῖνο
761 1407 940 1479 ἄθρεν
975 1407 1266 1480 ἀνθρώπου
1287 1410 1611 1474 παλαίοντος
1633 1411 1769 1482 πρὸς
1797 1407 1980 1474 αὐτὸν,

375 1501 694 1566 ἑωρακέναι
729 1499 866 1569 φησὶ
897 1500 1030 1553 Θεδν
1054 1501 1347 1572 πρόσωπον
1378 1497 1518 1572 πρὸς
1547 1502 1860 1571 πρόσωπον·
1892 1499 1984 1554 καὶ

375 1590 513 1657 εἶδος
548 1593 727 1648 αὐτὸν
768 1591 1024 1662 ὀνομάζει
1046 1589 1202 1646 Θεοῦ.
1245 1593 1664 1664 ’Δπομεμένηκε
1692 1593 1802 1663 γὰρ
1830 1595 1858 1646 ὁ
1890 1590 1982 1646 τοῦ

371 1685 510 1738 Θεοῦ
559 1684 770 1752 Λόγος,
807 1684 903 1736 καὶ
939 1682 1230 1754 ἄνθρωπος
1257 1683 1500 1753 γεγονὼς
1525 1722 1542 1748 ,
1576 1686 1634 1736 ὲν
1680 1686 1861 1756 μορφῇ
1889 1683 1984 1737 τοῦ

371 1773 612 1844 Πατρὸς,
653 1773 800 1826 κατά
833 1788 898 1840 γε
925 1813 940 1837 ,
977 1773 1143 1843 φημὶ,
1184 1773 1284 1845 τὴν
1322 1773 1518 1845 νοητὴν
1549 1775 1755 1838 εἰκόνα,
1787 1770 1881 1827 καὶ
1924 1775 1985 1828 τὸ

2084 676 2251 730 homo
2273 674 2494 730 futurus
2527 683 2674 730 esset
2695 674 2992 744 aliquando
3020 673 3365 745 unigenitum
3390 677 3511 746 ejus
3536 675 3673 730 Ver-

2083 767 2238 833 bum,
2267 775 2324 822 et
2362 767 2735 822 obluctantem
2789 766 3081 822 habiturus
3115 773 3264 821 esset
3307 767 3584 832 lsraelem,
3617 778 3672 824 ct

2084 860 2230 930 quod
2271 859 2418 914 circa
2451 860 2604 914 illum
2649 876 2761 915 non
2805 869 2990 916 essent
3039 868 3188 914 recte
3235 859 3528 928 incessuri,
3574 860 3670 916 sed

2086 953 2446 1014 claudicaturi
2493 954 2652 1024 183
2690 952 3116 1024 quodam-modo,
3153 953 3296 1007 sicut
3333 953 3450 1023 ipse
3492 954 3674 1024 inquit

2083 1062 2185 1115 per
2207 1046 2502 1101 Psallentis
2532 1046 2738 1116 lyram:
2779 1065 2796 1095 ι
2817 1045 2940 1099 Filii
2967 1045 3131 1099 alieni
3164 1047 3385 1100 mentiti
3406 1054 3535 1105 sunt
3563 1048 3672 1102 mi~

2085 1139 2166 1203 hi,
2194 1138 2292 1192 ﬁlii
2325 1139 2503 1209 :alieni
2548 1138 2839 1192 ini-'eterati
2884 1147 3033 1202 sunt,
3070 1146 3126 1193 et
3157 1138 3609 1194 claudicaverunt
3641 1154 3672 1193 a

2087 1229 2297 1283 semitis
2320 1229 2434 1284 suis
2464 1229 2532 1281 ".
2557 1247 2575 1280 ›
2611 1223 2725 1283 iloc
2769 1228 2919 1282 enim
2950 1230 3147 1299 opinor
3165 1229 3494 1300 signiﬁcare,
3525 1233 3671 1301 quod

2085 1319 2254 1380 Iacob
2301 1319 2510 1373 femore
2547 1333 2647 1373 suo
2707 1318 3052 1374 claudicarit.
3096 1320 3490 1375 Verumtamen
3535 1321 3671 1376 illud

2087 1408 2396 1474 considera,
2428 1409 2576 1478 quod
2602 1424 2727 1462 cum
2750 1408 2916 1472 homo
2959 1410 3200 1465 luctatus
3228 1409 3300 1465 sit
3327 1425 3452 1465 cum
3477 1425 3565 1478 eo,
3586 1413 3672 1466 vi-

2087 1497 2234 1553 disse
2260 1511 2319 1552 se
2345 1497 2665 1552 dicitDeum
2698 1497 2836 1552 facie
2859 1499 2926 1552 ad
2953 1497 3168 1564 faciem,
3206 1499 3499 1570 ipsumque
3545 1506 3674 1571 s‘pe-

2086 1585 2227 1642 ciem
2260 1589 2358 1643 Dei
2412 1595 2590 1642 vocat.
2621 1588 2820 1644 Mansit
2865 1591 3012 1644 enim
3060 1591 3302 1648 Verbum
3343 1593 3462 1660 Dei,
3502 1593 3669 1648 etiam

2087 1680 2254 1736 homo
2278 1676 2502 1746 factum,
2522 1682 2577 1736 in
2601 1682 2776 1737 forma
2804 1681 3001 1749 Patris,
3020 1683 3324 1738 secundum
3342 1685 3674 1755 spiritalem,

2089 1774 2335 1844 inquam,
2369 1773 2685 1846 imaginem,
2712 1783 2770 1830 et
2811 1775 3114 1830 secundum
3131 1786 3386 1831 naturam
3421 1779 3573 1832 omni
3605 1794 3676 1832 ex

370 1865 520 1918 κατά
550 1862 850 1918 πανοτιοῦν
886 1863 1323 1929 ἀπαραλλάκτως
1344 1863 1467 1933 ἔχον
1496 1873 1546 1917 ιι.
1584 1863 1693 1916 Καὶ¹
1723 1862 1852 1931 γοῦν
1875 1863 1978 1936 ἔφη

2089 1874 2245 1934 parte
2281 1862 2812 1922 incommutabilem.
2865 1865 3102 1921 Proinde
3155 1865 3376 1928 dicebat
3414 1867 3482 1921 ad
3542 1866 3670 1922 Phi-

370 1955 514 2024 πρὸς
541 1953 839 2017 Φίλιππον,
872 1924 1198 2025 χαρακτῆρα
1227 1924 1328 2025 τῆς
1357 1924 1710 2019 ῦποστάσεως
1735 1924 1834 2009 τοῦ
1869 1924 1980 2010 Ila:

2086 1924 2318 2027 iippum,
2369 1957 2745 2014 characterem
2783 1959 3102 2014 substantiae
3143 1958 3323 2015 Patris
3346 1960 3390 1990 ⁷³
3428 1961 3672 2029 scipsum

380 2048 516 2118 τρδς
535 2046 728 2100 tantbs
754 2045 1098 2113 ἀποφαίνων,
1129 2047 1224 2099 καὶ
1252 2047 1394 2117 μετά
1415 2047 1638 2115 σαρκός
1673 2065 1691 2100 ι
1730 2048 1788 2102 ὐ
1808 2049 1983 2119 ὲωρα-

396 2135 515 2198 κὼς
536 2136 663 2206 tui,
684 2134 890 2206 ἑώρακε
923 2136 1016 2188 τὸν
1042 2136 1283 2208 Πατέρα.
1321 2155 1342 2189 ι
1385 2138 1604 2209 Ἐπειδὴ
1637 2137 1694 2191 δέ
1719 2155 1842 2191 τινα
1874 2138 1983 2192 τῶν

405 2229 474 2279 ὲκ
499 2226 726 2297 γενετῆς
746 2227 1111 2298 τεθεράπευκε
1147 2228 1367 2298 τυφλὸν,
1410 2227 1590 2301 εὑρὼν
1623 2229 1785 2284 αὐτὸν
1815 2231 1874 2282 ὲν
1903 2227 1983 2300 τῷ

397 2317 556 2390 ίεριῖν
614 2337 639 2372 ι
670 2319 738 2373 Σὺ
767 2319 1087 2387 πιστεύεις,
1133 2320 1393 2390 ἔφασκεν,
1446 2324 1527 2385 είς
1571 2320 1664 2374 τὸν
1707 2321 1837 2375 Υἰδν
1885 2321 1981 2376 τοῦ

386 2409 563 2476 Θεοῦς
598 2427 620 2463 ι
677 2406 913 2465 Ἐκείνου
942 2428 1011 2480 γε
1041 2411 1150 2483 μὴν
1184 2412 1322 2484 πρὸς
1348 2411 1505 2467 τοῦτο
1525 2411 1797 2481 λέγοντος·
1836 2431 1854 2464 ι
1889 2411 1982 2476 Ἰίς

381 2509 522 2572 ἐστι,
551 2503 726 2575 Κύριε
746 2547 764 2571 ,
797 2505 887 2557 ἵνα
919 2503 1199 2557 πιστεύσω
1226 2502 1307 2568 είς
1336 2504 1537 2572 αὐτόν;
1576 2523 1596 2555 ι
1629 2504 1723 2558 καὶ
1749 2504 1983 2575 ἀπεκρί-

375 2613 506 2652 νατο
529 2598 732 2666 λέγων·
765 2617 786 2650 ι
819 2598 932 2650 Καὶ
966 2595 1221 2667 ἑώρακας
1245 2596 1430 2662 αὐτὸν,
1458 2597 1554 2650 καὶ
1575 2598 1603 2652 ό
1636 2594 1814 2650 λαλῶν
1844 2597 1981 2666 μετά

372 2689 490 2752 σοῦ,
521 2689 741 2752 ἐκεῖνός
769 2691 912 2744 ἐστι.
949 2705 968 2741 ι
999 2687 1264 2742 Τεθέαται
1287 2689 1346 2743 δὲ
1377 2692 1404 2743 ὁ
1429 2687 1630 2759 τυφλὸς
1658 2690 1718 2743 οὐ
1750 2690 1978 2762 γυμνὸν,

366 2785 401 2852 ἢ
435 2784 690 2851 ἀσαρκον
711 2782 906 2846 αὐτὸν,
938 2782 1054 2848 ἀλλ’
1078 2779 1137 2836 ἐν
1161 2783 1294 2836 εἴδει
1328 2783 1530 2853 μᾶλλον
1557 2782 1636 2853 τῷ
1664 2783 1789 2836 καθ’
1810 2783 1978 2855 ἡμᾶς’

367 2876 465 2929 καὶ
489 2873 878 2930 πεπίστευκεν
904 2877 985 2938 είς
1006 2875 1099 2930 τὸν
1129 2876 1466 2947 ἑωραμένον,
1494 2876 1592 2947 οὐχ
1618 2876 1695 2941 ὡς
1724 2878 1850 2930 Υίδν
1877 2875 1981 2947 υἱῷ

369 2965 736 3036 συνημμένον
767 2964 964 3036 ἑτέρῳ,
996 2964 1114 3020 ἀλλ’
1149 2964 1225 3028 ὡς
1245 2964 1326 3028 είς
1355 2965 1452 3018 ἕνα
1480 2965 1572 3019 τὸν
1611 2964 1771 3034 φύσει
1800 2983 1858 3018 τε
1888 2965 1981 3020 καὶ

368 3054 594 3127 ἀληθῶς
635 3058 706 3110 οὐ
747 3055 878 3127 δίχα
909 3057 1114 3126 σαρκὸς
1161 3055 1554 3127 ὲπιλάμψαντα
1588 3059 1704 3121 τοῖς
1745 3058 1839 3110 ἐπὶ
1879 3057 1982 3122 τῆς

368 3147 494 3218 γῆς.
536 3147 796 3218 Μωῦσῆς
826 3163 893 3216 γε
920 3147 1028 3220 μὴν
1052 3149 1082 3200 ὁ
1113 3148 1400 3213 Θεσπέσιος
1425 3151 1484 3203 ὲν
1513 3149 1790 3218 εὐλογίαις
1820 3149 1977 3220 φησί’

374 3258 395 3289 ι
433 3240 570 3293 Δότε
618 3237 764 3294 Λευῗ
809 3241 910 3311 τὴν
949 3241 1182 3310 δήλωσιν
1225 3240 1414 3305 αὐτοῦ,
1456 3242 1551 3296 καὶ
1578 3243 1677 3315 τὴν
1721 3243 1980 3314 ἀλήθειαν

371 3331 541 3385 αὐτοῦ
581 3330 666 3402 τῷ
693 3331 854 3402 ἀνδρὶ
882 3331 959 3402 τῷ
989 3329 1154 3403 ὁσίῳο
1188 3331 1248 3387 ὃν
1276 3332 1636 3403 ἐξεπείρασαν
1677 3332 1737 3386 ὲν
1775 3333 1974 3404 πείρᾳ.-

370 3420 733 3492 ἐλοιδόρησαν
762 3421 928 3476 αὐτδν
967 3423 1054 3492 ἐφ’
1087 3421 1279 3488 ὓδατος
1309 3423 1642 3493 ἀντιλογίας.
1702 3425 1761 3478 '0
1804 3425 1980 3493 λέγων

368 3510 452 3580 τῷ
495 3513 683 3584 ﬂat-91
728 3512 824 3566 καὶ
852 3514 918 3584 τῇ
946 3513 1134 3584 μητρί·
1171 3514 1283 3584 Οὐχ
1327 3513 1551 3586 ἑώρακὰ
1586 3531 1668 3568 σε·
1715 3515 1811 3570 καὶ
1852 3515 1980 3579 τοὺς

367 3603 645 3672 ὣδελφοῦς
667 3602 836 3657 αὑτοῦ
859 3603 960 3657 οὐκ
984 3604 1220 3672 ἐπέγνω.
1253 3623 1270 3657 ι
1303 3606 1650 3678 Προστέταχε
1685 3607 1782 3676 μὲν
1813 3607 1922 3676 γὰρ
1951 3607 1979 3659 ὁ

368 3693 482 3752 τῶν
503 3695 650 3750 ὅλων
688 3695 827 3759 Θεὸς
853 3695 948 3750 τὸν
974 3697 1186 3768 τωδήρη
1227 3697 1484 3766 γενέσθαι
1509 3698 1588 3768 τῷ
1623 3699 1834 3770 Ἀαρὼν
1863 3716 1980 3754 ποι-

371 3789 544 3852 κίλως
572 3788 975 3858 ἐξυφασμένον·
1007 3789 1235 3860 φόρημα
1256 3790 1312 3844 δὲ
1334 3789 1496 3844 τοῦτο
1528 3790 1667 3863 μόνῃ
1694 3794 1760 3862 τῇ
1789 3791 1980 3862 ἀρχιε-

374 3879 604 3954 ρωσύνη
641 3879 882 3952 πρέπον,
925 3883 1023 3935 καὶ
1055 3883 1359 3953 ὲκνεμηθὲν
1382 3884 1540 3955 αὐτῇ.
1567 3883 1711 3955 Πρὸς
1733 3883 1789 3936 δέ
1815 3901 1877 3953 γε
1902 3884 1981 3955 τῷ

373 3966 568 4042 στήθει
594 3973 694 4024 τοῦ
715 3973 1022 4043 ἀρχιερέως
1052 3973 1191 4027 λίθοι
1217 3974 1364 4037 τινὲς
1389 3969 1531 4045 ἦσαν
1574 3973 1976 4047 ἀπηρτημένοι,

371 4063 466 4116 τὸν
492 4061 736 4133 ἀριθμὸν
764 4061 995 4127 δώδεκα,
1031 4056 1107 4118 ὧν
1154 4063 1212 4118 ἐν
1264 4065 1414 4136 μέσῳ
1444 4066 1706 4136 τετάχατο
1747 4065 1980 4139 δήλωσις

369 4171 432 4206 τε
462 4155 562 4208 καὶ
599 4153 860 4224 ἀλήθεια,
894 4151 988 4208 δύο
1025 4154 1191 4210 πάλιν
1231 4155 1410 4227 ἕτεροι
1445 4155 1600 4210 λίθοι.
1631 4158 1980 4226 Λίνιγματω-

371 4244 481 4307 δῶς
505 4245 567 4298 δὲ
596 4244 689 4298 διὰ
703 4245 908 4298 τούτων
931 4247 959 4298 ὁ
980 4244 1090 4300 τῶν
1112 4245 1284 4314 ἀγίων
1303 4246 1620 4300 ἀποστόλων
1653 4237 1982 4300 διεδείκνυτο

373 4334 558 4405 χορὴς,
595 4328 711 4387 οἷον
738 4335 798 4387 ὲν
830 4333 1016 4404 κύκλῳ
1056 4334 1328 4406 περιέχων
1363 4335 1454 4388 τὸν
1499 4335 1850 4405 Ἐμμανουήλ
1879 4376 1894 4401 ,
1922 4336 1982 4400 ὃς

374 4429 495 4480 ἔστι
521 4425 769 4497 δήλωσις
801 4427 899 4479 καὶ
945 4426 1194 4497 ἀλήθεια·
1248 4427 1518 4499 δεδήλωκε
1549 4427 1660 4500 γὰρ
1701 4429 1834 4498 ἡμῖν
1883 4428 1984 4501 τὴν

374 4520 669 4590 ἀλήθειαν,
697 4519 801 4590 τὴν
828 4521 890 4573 ὲν
915 4523 1118 4584 σκιαῖς,
1150 4520 1245 4574 καὶ
1286 4519 1479 4584 τύποις
1519 4521 1842 4592 ἀποστήσας
1879 4521 1980 4575 λα-

2081 2049 2382 2104 ostendens
2407 2048 2576 2104 etiam
2621 2064 2747 2104 cum
2779 2065 2979 2105 carne:
3034 2067 3052 2102 ι
3074 2048 3178 2116 Qui
3216 2050 3356 2105 vidit
3389 2065 3498 2115 me,
3531 2049 3674 2106 vidit

2081 2147 2138 2193 et
2164 2139 2380 2195 Patrem
2411 2139 2521 2193 ".3
2557 2142 2694 2196 Cum
2741 2149 2926 2195 autem
2953 2141 3248 2212 quemdam
3287 2157 3492 2196 caecum
3524 2157 3672 2197 ana-

2083 2229 2316 2295 tivitate,
2341 2245 2506 2302 quem
2530 2240 2842 2296 curaverat,
2869 2231 3171 2287 invenisset
3194 2231 3248 2285 in
3288 2232 3522 2301 templo:
3561 2231 3677 2286 «Τιι-

2083 2317 2282 2386 credis,
2314 2320 2513 2390 inquit,
2538 2322 2594 2375 in
2607 2322 2806 2376 Filium
2836 2322 3008 2376 Dei?»
3043 2323 3142 2376 illo
3156 2330 3340 2376 autem
3364 2322 3432 2376 ad
3461 2322 3568 2378 hoc
3592 2322 3677 2377 di-

2083 2419 2267 2466 cente:
2304 2430 2322 2461 ι
2342 2411 2477 2478 Quis
2503 2421 2608 2476 est,
2646 2410 2898 2475 Domine,
2929 2411 3229 2465 utcredam
3259 2411 3316 2465 in
3349 2413 3518 2466 eum?
3542 2431 3559 2463 ι
3588 2428 3676 2467 re-

2083 2499 2306 2570 spondit
2341 2500 2561 2556 dicens:
2591 2520 2609 2552 ι
2632 2501 2700 2555 Ει
2719 2499 2908 2554 vidisti
2938 2515 3087 2565 eum,
3115 2509 3170 2556 et
3196 2502 3290 2571 qui
3320 2502 3568 2571 loquitur
3596 2511 3679 2557 tc-

2083 2607 2232 2659 cum,
2274 2593 2364 2648 ille
2405 2603 2490 2649 est
2515 2595 2589 2657 "._
2635 2613 2652 2646 ι
2687 2593 2838 2649 Vidit
2884 2604 3068 2649 autem
3115 2595 3295 2665 ipsum
3336 2611 3514 2651 caecus
3560 2611 3674 2651 non

2051 2746 2054 2747 ν
2083 2684 2316 2750 nudum,
2346 2685 2433 2740 vel
2457 2686 2576 2741 sine
2603 2700 2789 2752 carne,
2820 2685 2918 2741 sed
2944 2687 2999 2740 in
3022 2687 3207 2756 specie
3268 2687 3437 2741 simili
3478 2689 3674 2755 nobis;

2082 2787 2140 2835 et
2165 2779 2400 2835 credidit
2420 2780 2478 2834 in
2505 2795 2633 2834 eum
2659 2796 2824 2851 quem
2851 2780 3012 2846 vidit,
3044 2797 3158 2836 non
3182 2789 3442 2852 tanquam
3465 2784 3521 2838 in
3545 2799 3683 2839 eum.

2083 2886 2248 2943 quem
2271 2871 2431 2938 vidit,
2458 2887 2571 2927 non
2606 2881 2868 2942 tanquam
2896 2873 2952 2929 in
2976 2873 3178 2928 Filium
3201 2889 3328 2930 cum
3355 2875 3529 2930 altero
3559 2874 3674 2930 ﬁlio

2083 2964 2460 3034 conjunctum,
2506 2962 2601 3018 sed
2635 2973 2894 3034 tanquam
2949 2963 3007 3018 in
3032 2978 3226 3030 unum,
3259 2964 3354 3035 qui
3398 2974 3594 3020 natura
3620 2973 3679 3021 et

2083 3068 2214 3110 vere
2239 3069 2350 3110 non
2382 3056 2591 3126 absque
2619 3068 2787 3111 carne
2820 3056 2888 3111 iis
2911 3056 3005 3126 qui
3039 3064 3202 3111 erant
3224 3057 3282 3113 in
3328 3067 3474 3114 terra
3512 3058 3675 3115 aﬁ‘ul-

2084 3148 2266 3203 sisset.
2293 3148 2468 3202 Porro
2511 3148 2708 3203 beatus
2734 3142 2946 3220 Moyses
2975 3149 3044 3202 in
3083 3147 3565 3205 benedictionibus
3586 3151 3676 3206 in-

2010 3271 2052 3330 c
2086 3239 2237 3308 quit:
2299 3257 2316 3289 ι
2339 3240 2474 3294 Date
2501 3239 2634 3294 Levi
2662 3237 3159 3294 manifestationem
3189 3241 3330 3310 ejus,
3370 3248 3427 3295 et
3464 3241 3673 3296 verita-

2090 3337 2200 3386 tem
2227 3333 2347 3403 ejus
2370 3331 2492 3386 viro
2524 3341 2734 3396 saneto,
2759 3341 2923 3400 quem
2953 3338 3304 3386 tentaverunt
3346 3333 3672 3399 tentatione,

2087 3431 2144 3478 et
2192 3423 2241 3477 ei
2270 3422 2552 3477 convitiati
2593 3429 2722 3476 sunt
2763 3422 2909 3492 apud
2955 3435 3156 3492 aquam
3199 3422 3680 3480 contradictionis.

2089 3514 2193 3580 Qui
2215 3513 2351 3568 dicit
2378 3514 2522 3583 patri
2543 3520 2599 3568 et
2630 3514 2792 3567 matri
2818 3531 2829 3566 :
2859 3513 2978 3568 Non
3001 3512 3116 3568 vidi
3138 3520 3194 3568 te
3215 3531 3229 3579 ;
3249 3520 3304 3578 et
3329 3513 3529 3568 tratres
3545 3528 3676 3570 suos

2087 3620 2199 3658 non
2228 3605 2450 3675 agnovit
2475 3604 2543 3658 "°.
2571 3621 2588 3656 ι
2631 3604 2996 3661 Ordinavcrat
3027 3606 3249 3676 quidem
3289 3607 3676 3663 universorum

2089 3697 2236 3751 Deus
2257 3695 2362 3765 ipsi
2401 3696 2608 3762 Aaron,
2637 3704 2699 3751 ut
2719 3697 2984 3767 poderem
3008 3694 3216 3752 faceret
3238 3698 3391 3753 varie
3444 3705 3676 3754 contex-

2089 3795 2208 3842 tum
2241 3806 2254 3841 :
2288 3788 2514 3843 habitus
2536 3788 2584 3844 is
2615 3795 2738 3844 erat
2772 3789 2872 3844 soli
2915 3798 3132 3844 summo
3169 3791 3438 3846 sacerdoti
3478 3805 3680 3847 conve-

2089 3879 2267 3944 niens,
2296 3879 2511 3950 ipsique
2538 3880 2859 3940 attributus.
2899 3881 2958 3935 In
2991 3889 3217 3951 pectore
3251 3885 3680 3938 autem‘summi

2090 3971 2391 4026 sacerdotis
2416 3971 2571 4028 fuere
2594 3973 2804 4042 lapides
2827 3973 3052 4043 quidam
3105 3975 3417 4043 pendentes
3443 3980 3681 4029 numero

2089 4053 2403 4128 duodecim,
2429 4065 2487 4118 in
2514 4079 2753 4136 quorum
2779 4065 2964 4121 medio
3002 4065 3270 4136 disposita
3297 4075 3416 4122 erat
3443 4067 3678 4122 manife-

2089 4155 2254 4212 statio
2282 4163 2338 4211 et
2366 4157 2592 4222 veritas,
2617 4157 2729 4212 duo
2757 4157 2887 4212 item
2916 4158 3009 4212 alii
3053 4158 3266 4230 lapides
3299 4160 3364 4212 ⁷⁷.
3401 4158 3676 4214 (Στειρηιιῐι

2087 4262 2188 4318 per
2219 4248 2319 4302 hos
2338 4248 2627 4304 duodecim
2650 4248 3024 4319 apostolorum
3042 4252 3088 4282 ⁷⁸
3111 4252 3314 4306 chorus
3337 4251 3679 4320 aenigmatice

2089 4340 2572 4395 demonstrabatur
2591 4340 2747 4410 quasi
2771 4341 2826 4394 in
2853 4341 3045 4396 orbem
3070 4341 3299 4412 cingens
3338 4343 3677 4398 Emmanue-

2088 4433 2220 4496 lem,
2249 4432 2344 4502 qui
2381 4438 2466 4486 est
2494 4429 2868 4487 manifestatio
2920 4438 2977 4487 et
3003 4433 3208 4488 veritas
3245 4451 3258 4487 :
3304 4433 3680 4489 manifestavit

2087 4526 2237 4598 enim
2278 4525 2440 4580 nobis
2471 4525 2782 4590 veritatem,
2816 4525 2991 4580 cultui
3029 4525 3121 4600 illi
3163 4526 3256 4597 qui
3293 4525 3348 4580 in
3373 4525 3586 4582 umbris
3621 4532 3679 4581 et

369 4615 588 4683 τρείαν.
628 4612 757 4666 Ὅτι
787 4611 847 4665 δὲ
866 4611 1090 4681 γέγονεν
1117 4614 1150 4682 ἡ
1161 4611 1278 4682 μῶν
1305 4613 1599 4684 ἀρχιερεὺς
1623 4614 1652 4665 ὁ
1685 4613 1980 4686 μονογενὴς

2089 4616 2280 4688 ﬁguris
2311 4624 2431 4671 erat
2456 4616 2620 4672 ﬁnem
2661 4617 2969 4687 imponens.
2996 4617 3152 4684 Quod
3201 4626 3392 4674 autem
3426 4618 3675 4690 pontifex

372 4706 466 4760 τοῦ
490 4703 636 4760 Θεοῦ
667 4705 863 4774 Λόγος,
891 4703 980 4758 ὅτε
999 4705 1098 4758 καὶ
1127 4704 1415 4773 ἄνθρωπος
1444 4703 1656 4773 γέγονε,
1686 4706 1804 4771 πῶς
1833 4705 1982 4761 ἔστιν

372 4797 772 4869 ἀμφιϐάλλειν,
803 4797 1141 4868 γεγραφότος
1167 4796 1263 4850 ὡδὶ
1292 4797 1386 4851 τοῦ
1414 4796 1704 4852 θεσπεσίου
1739 4787 1976 4853 Παῦλον·

377 4911 396 4942 ι
461 4890 872 4960 Κατανοήσατε
918 4889 1014 4944 τὸν
1075 4889 1377 4944 ἀπόστολον
1423 4891 1520 4944 καὶ
1565 4891 1834 4963 ἀρχιερέα
1876 4891 1978 4962 τῆς

373 4984 674 5055 ὁμολογίας
705 4983 866 5053 ήμῶν
919 4980 1151 5053 Ἰησοῦν,
1185 4982 1378 5037 πιστὸν
1417 4979 1548 5037 ὄντα
1585 4982 1663 5054 τῷ
1691 4984 1977 5053 ποιήσαντι

370 5079 575 5143 adadv;
613 5094 632 5127 ι
679 5075 756 5128 Τὸ
777 5073 887 5146 γάρ
919 5090 1003 5127 τοι
1027 5072 1124 5145 τῆς
1157 5075 1459 5146 ἱερωσύνης
1481 5075 1701 5147 ἀξίωμα
1731 5076 1846 5140 τοῖς
1875 5076 1975 5147 τῆς

366 5166 806 5238 ἁνθρωτεότητος
849 5165 1070 5238 μέτροις
1103 5167 1204 5220 οὐκ
1246 5167 1506 5232 ἀπεοικὸς
1541 5171 1701 5223 νοοῖτ⁴
1735 5168 1810 5223 ἂν
1837 5169 1977 5222 εἰκό-

363 5278 498 5323 τως,
536 5261 641 5313 καὶ
688 5261 839 5329 μεῖον
887 5258 1007 5328 μὲν,
1050 5258 1083 5327 ἢ
1123 5257 1268 5312 κατά
1316 5259 1416 5330 τὴν
1465 5259 1560 5313 τοῦ
1602 5259 1739 5314 Θεοῦ
1797 5261 1974 5329 Λόγου

365 5353 536 5421 φύσιν
565 5367 629 5404 τε
668 5338 962 5415 καὶδόξαν,
986 5350 1087 5404 οὐκ
1112 5349 1456 5422 ἀνάρμοστον
1482 5352 1540 5406 δὲ
1569 5354 1636 5424 τῇ
1669 5352 1807 5419 μετά
1842 5369 1977 5424 σαρ-

363 5445 464 5508 κὸς
508 5443 802 5515 οἰκονομίᾳ
825 5459 839 5474 ο
873 5442 1134 5512 γεγόνασι
1173 5442 1282 5515 γὰρ
1323 5443 1490 5498 αὑτοῦ
1533 5445 1602 5498 τὰ
1634 5443 1973 5517 ἀνθρώπινα.

2082 4710 2286 4766 factum
2319 4710 2390 4766 sit
2413 4709 2576 4765 nobis
2620 4709 2969 4781 unigenitum
3011 4711 3109 4765 Dei
3143 4711 3406 4775 Verbum,
3452 4711 3675 4782 quando

2080 4813 2137 4859 et
2159 4803 2326 4857 homo
2351 4802 2556 4857 factum
2581 4810 2686 4866 est,
2717 4803 2997 4872 quomodo
3025 4802 3272 4858 dubitari
3321 4811 3524 4874 potest,
3545 4815 3673 4860 Cum

2081 4895 2304 4950 divinus
2334 4894 2538 4948 Paulus
2560 4893 2616 4947 in
2651 4894 2801 4950 hunc
2833 4893 3059 4949 modum
3089 4895 3330 4950 scribat:
3365 4918 3380 4946 ι
3403 4891 3675 4951 Conside-

2080 4999 2196 5044 rate
2240 4988 2549 5058 apostolum
2590 4993 2647 5041 et
2693 4986 3012 5057 pontiﬁcem
3053 4982 3421 5041 confessionis
3471 4992 3677 5039 nostra:

2088 5079 2413 5150 Jcsum,qui
2445 5078 2623 5134 ﬁdelis
2642 5087 2728 5134 cst
2754 5079 2806 5133 ei
2837 5077 2999 5149 184
3022 5077 3117 5147 qui
3160 5075 3290 5132 fecit
3317 5074 3497 5144 ipsum
3535 5074 3622 5127 ’9?
3647 5092 3666 5124 ι

2080 5175 2217 5229 Nam
2244 5171 2537 5227 sacerdotii
2561 5171 2800 5243 dignitas
2833 5168 3194 5225 humanitatis
3223 5165 3502 5222 mensuris
3535 5179 3671 5222 con-

2079 5262 2271 5334 venire
2301 5271 2450 5316 recte
2479 5261 2840 5333 intelligitur;
2872 5270 2928 5315 et
2946 5259 3127 5313 minor
3159 5255 3386 5325 quidem
3417 5269 3582 5326 quam
3612 5263 3672 5309 ut

2081 5353 2179 5408 Dei
2197 5353 2362 5408 Verbi
2380 5363 2592 5409 naturae
2613 5369 2678 5408 ac
2692 5353 2880 5423 gloriae
2903 5355 3201 5420 competat,
3223 5355 3334 5402 non
3353 5355 3537 5402 tamen
3561 5345 3666 5416 ipsi

2083 5459 2210 5501 cum
2252 5459 2420 5502 carne
2456 5441 2862 5514 dispensationi
2887 5441 3152 5497 indecens
3187 5439 3472 5495 :humana
3516 5437 3666 5494 enim

433 5602 483 5635 '"
509 5601 661 5659 Gen.
687 5616 855 5663 nm.
890 5597 982 5664 50,
1010 5601 1099 5655 51.
1179 5603 1222 5634 ⁷²
1249 5601 1390 5657 Psal.
1422 5619 1551 5669 xvn,
1581 5603 1670 5659 46.
1748 5604 1795 5636 ⁷³
1831 5599 1980 5658 Hebr

2100 5605 2154 5660 5.
2231 5601 2278 5634 ⁷⁵
2303 5602 2459 5657 Joan.
2487 5616 2596 5666 xw,
2626 5599 2680 5654 9.
2757 5597 2802 5628 ⁷⁵
2834 5594 2990 5651 Joan.
3026 5613 3101 5662 Ix,
3132 5595 3222 5662 56,
3255 5595 3344 5650 57.
3425 5593 3472 5627 ⁷⁸
3502 5592 3665 5648 Deut.

361 5688 560 5739 xm",
587 5671 639 5738 8,
667 5672 720 5726 9.
798 5673 841 5705 ⁷⁷
875 5671 1054 5727 Exod.
1089 5688 1271 5738 xxvm,
1304 5674 1338 5728 ό
1359 5689 1510 5745 seqq.

1590 5674 1636 5706 ⁷⁸
1669 5673 1833 5730 Zach.
1869 5689 1942 5740 rx,
1970 5674 2056 5730 16.
2135 5672 2180 5706 ⁷⁹
2204 5671 2372 5728 Hebr.
2398 5687 2476 5736 ιιι,
2509 5670 2561 5723 1.

1479 5811 1655 5867 Varia:
1682 5812 1950 5870 lectiones
1971 5812 2178 5870 codicis
2207 5807 2572 5883 Seguieriani.

441 5919 473 5960 ει
514 5906 680 5978 ἔχειν.
