4048 6442
469 425 576 510 307

1494 437 1549 493 S.
1592 438 1869 493 CYRILLI
1908 439 2379 496 ALEXANDRINI
2420 442 2736 498 ARCHIEP.

3649 447 3768 504 5138

473 559 593 628 ejus
612 555 856 609 fuerunt.
885 550 1076 622 Igitur,
1099 570 1115 602 ι
1140 552 1296 616 Date,
1322 569 1338 602 ν
1366 551 1569 622 inquit,
1601 573 1618 602 ‹
1641 552 1794 616 Levi,
1819 572 1836 602 ι
1860 552 1967 606 hoc
1983 561 2065 606 est

2179 574 2194 604 ι
2224 554 2352 608 Δότε
2375 574 2391 606 ι
2415 557 2618 622 τοίνυν,
2651 555 2805 625 φησὶ,
2840 575 2857 607 ‹
2887 555 2959 626 τῷ
2988 556 3143 622 Λευῒ,
3171 543 3460 612 ἱτευτέστι
3494 559 3769 634 τῷἰεοεῖ,

470 645 770 709 sacerdoti,
809 665 826 696 ι
874 643 1382 698 manifestationem
1422 650 1478 696 et
1513 643 1824 697 veritatem.
1854 662 1870 693 ι
1907 642 2064 709 Quali

471 749 657 796 autem
688 739 825 794 dicit
871 738 1024 802 Levi,
1070 753 1167 792 seu
1192 737 1487 801 sacerdoti,
1517 737 1816 790 declaravit
1837 735 2060 790 dicens:

480 831 652 887 cViro
695 838 954 886 sanctou
985 846 1094 884 non
1123 829 1272 883 enim
1296 829 1428 883 fecit
1467 839 1756 898 peccatum
1795 828 2064 882 Dominus

472 930 663 979 noster
685 922 847 978 Jesus
867 921 1122 976 Christus
1145 922 1213 973 ⁸ο.
1243 920 1395 976 Unde
1427 919 1630 975 Paulus
1649 919 1717 973 de
1744 934 1811 973 eo
1837 919 2060 986 scribit:

482 1015 660 1069 «Talis
682 1015 828 1068 enim
849 1013 1080 1067 decebat
1099 1019 1158 1066 ut
1180 1019 1326 1066 esset
1347 1011 1505 1064 nobis
1531 1010 1795 1080 pontifex,
1816 1019 2062 1078 sanctus,

475 1105 764 1170 innocens,
792 1105 1134 1174 impollutus,
1163 1109 1486 1173 segregatus
1511 1116 1543 1154 a
1572 1101 1979 1170 peccatoribus,
2009 1109 2065 1155 et

475 1193 913 1251 cxcelsiorcmlis
925 1191 1151 1248 factus“
1163 1231 1177 1244 .
1190 1211 1312 1244 ›-‹
1325 1191 1480 1246 lllum
1502 1199 1854 1246 tentaverunt
1871 1192 1925 1246 in
1941 1203 2064 1247 ten-

477 1288 685 1342 tatione
711 1303 725 1340 :
744 1286 950 1358 jurgati
971 1292 1101 1340 sunt
1126 1292 1316 1338 contra
1338 1298 1464 1338 eum
1487 1283 1631 1353 apud
1650 1299 1822 1352 aquas
1839 1291 2064 1338 contra-

476 1381 754 1436 dictionis.
784 1399 800 1431 ι
836 1379 880 1433 Ο
905 1395 1022 1434 rem
1046 1377 1456 1432 admirabilem!
1484 1377 1676 1430 Virum
1702 1376 1894 1432 dicens
1913 1392 2062 1441 eum,

477 1473 662 1528 statim
691 1474 861 1527 Deum
897 1470 1216 1533 declaravit,
1240 1485 1406 1539 quem
1429 1468 1786 1523 exacerbavit
1808 1477 1864 1522 et
1889 1478 2064 1524 tenta-

478 1569 557 1621 vit
582 1566 747 1621 Israel
771 1572 828 1620 et
864 1564 918 1618 in
943 1578 1154 1627 eremo,
1187 1570 1243 1616 et
1267 1562 1334 1615 ad
1359 1576 1556 1630 aquam
1587 1561 2060 1617 contradictionis.

479 1660 718 1731 Eiusque
750 1659 831 1714 rei
876 1657 1037 1712 tidem
1074 1657 1238 1711 faciet
1291 1657 1504 1711 Psaltcs
1541 1657 1760 1712 dicens:
1808 1678 1824 1707 ι
1848 1659 2066 1728 Dirupit

478 1761 690 1819 petram
739 1750 795 1803 in
819 1762 1029 1810 eremo,
1066 1755 1123 1800 et
1154 1746 1366 1816 potavit
1412 1761 1509 1801 eos
1554 1747 1706 1801 velut
1761 1747 1817 1802 in
1867 1748 2066 1819 abysso

477 1844 648 1896 multa
674 1860 691 1911 ;
718 1849 773 1895 et
801 1839 992 1895 eduxit
1023 1855 1221 1909 aquam
1245 1839 1313 1893 de
1366 1847 1544 1908 petra,
1578 1839 1880 1894 etdeduxit
1908 1839 2063 1909 quasi

2169 646 2266 715 τὴν
2297 645 2530 715 δήλωσιν
2563 647 2658 699 καὶ
2689 645 2786 716 τὴν
2818 645 3098 716 ἀλήθειαν.
3135 667 3154 698 ι
3204 649 3350 719 Ποίῳ
3382 649 3440 702 δέ
3472 650 3580 720 ἄρα
3623 650 3767 721 φησὶ

2168 735 2322 801 Λευῒ,
2346 737 2512 806 ἤγουν
2537 739 2704 810 ἱερεῖ,
2729 738 3057 809 διεσάφησεν
3087 740 3278 793 εἰπὼν·
3318 760 3336 791 ι
3374 740 3466 809 Τῷ
3493 742 3648 813 ἀνδρὶ
3688 742 3770 811 τῷ

2167 830 2318 899 ὁσίῳ.
2369 849 2388 881 ι
2432 832 2507 884 Οὐ
2534 831 2643 901 γὰρ
2670 831 2925 902 ἐποίησεν
2955 833 3232 902 ἁμαρτίαν
3271 835 3301 885 6
3344 835 3549 905 Κύριος
3602 834 3764 903 ήμῶτ

2181 919 2388 991 Ἰησοῦς
2415 923 2668 993 Χριστός.
2721 924 2927 993 Γράφει
2961 919 3054 977 οὖν
3084 926 3112 977 6
3144 923 3360 988 Παῦλος
3407 924 3538 996 περὶ
3565 925 3765 978 αὐτοῦ·
3791 944 3806 956 ε

2177 1034 2194 1065 ι
2250 1015 2504 1080 Τοιοῦτος
2557 1018 2690 1087 ήμῖν
2735 1016 2978 1087 ἔπρεπεν
3031 1017 3359 1086 ἀρχιερεὺς,
3392 1017 3569 1078 ὅσιος,
3621 1017 3772 1070 ἄκα-

2169 1125 2294 1173 κος,
2327 1108 2590 1177 ἀμίαντος
2614 1151 2630 1174 ,
2670 1109 3074 1180 κεχωρισμένος
3114 1108 3223 1161 ἀπὸ
3254 1108 3362 1161 τῶν
3393 1108 3770 1179 ἁμαρτωλῶν,

2169 1199 2627 1271 καὶ-ὑψηλότερος
2669 1201 2778 1254 τῶν
2805 1199 3052 1270 οὐρανῶν
3079 1199 3386 1271 γενόμενος.
3422 1219 3441 1252 ι
3472 1231 3544 1241 -
3570 1219 3588 1252 ς
3621 1200 3769 1252 Τοῦ-

2167 1308 2259 1345 τον
2310 1291 2671 1362 ἐξεπείρασαν
2715 1295 2773 1345 ἐν
2821 1294 3008 1365 πείρᾳ·
3065 1291 3414 1362 ἐλοιδόρησαν
3466 1292 3626 1346 αὐτὸν
3671 1293 3766 1359 ἐφ’

2171 1381 2360 1447 ὓδατος
2381 1385 2710 1452 ἀντιλογίας.
2727 1404 2744 1436 ι
2773 1386 2838 1438 Ὢ
2858 1385 3158 1458 παραδόξου
3179 1385 3525 1455 πράγματος.
3551 1385 3765 1455 Ἀνδρα

2167 1476 2342 1545 λέγων
2363 1477 2548 1540 αὑτὸν,
2581 1477 2714 1530 Θεὸν
2748 1478 3030 1549 ἀπέφηνεν
3051 1478 3212 1541 εὐθύς
3234 1496 3247 1509 ·
3280 1478 3340 1532 ὃν
3367 1478 3432 1547 δὴ
3467 1477 3763 1548 παρώξυνὲ

2167 1585 2224 1621 τε
2274 1570 2369 1620 καὶ
2412 1567 2764 1638 ἐξεπείρασεν
2806 1570 2836 1621 6
2877 1568 3094 1640 Ἰσραὴλ
3131 1569 3189 1621 ἐν
3229 1586 3289 1621 τε
3314 1571 3378 1638 τῇ
3404 1569 3626 1638 ἐρήμῳ,
3665 1569 3768 1620 καὶ

2169 1657 2261 1710 ἐπ)⁵
2310 1658 2502 1723 ὓδατος
2566 1657 2899 1728 ἀντιλογίας.
2960 1660 3072 1713 Καὶ
3125 1659 3460 1712 πιστώσεται
3504 1659 3677 1727 λέγων
3731 1660 3768 1711 6

2173 1742 2495 1820 Ψαλμῳδός·
2537 1768 2554 1801 ι
2595 1750 2892 1823 Διέῤῥηξεν
2931 1752 2989 1803 ἐν
3022 1751 3216 1822 ἐρήμῳ
3243 1750 3474 1817 πέτραν,
3509 1751 3601 1802 καὶ
3631 1750 3770 1802 ἐπό-

2169 1860 2318 1896 τισεν
2367 1842 2567 1905 αὐτοὺς
2613 1841 2689 1906 ὼς
2735 1843 2793 1894 ἐν
2824 1841 3048 1912 ἁδύσσῳ
3091 1839 3292 1911 πολλῇ’
3341 1839 3436 1893 καὶ
3487 1839 3770 1908 ἐξήγαγεν

475 1907 701 1987 flumina
725 1948 894 2002 aquas
921 1934 985 1984 ⁸².
1009 1951 1026 1982 ι
1067 1907 1288 2000 Ειιιιιίιὶ
1315 1907 1443 2000 post
1480 1932 1622 1985 hoc?
1655 1951 1671 1982 ε
1695 1932 1763 1986 Et
1816 1907 2064 1987 teut—ave-

2172 1934 2314 2006 ὕδωρ
2344 1937 2408 1988 ἐκ
2440 1935 2665 2006 πέτρας,
2703 1934 2799 1987 καὶ
2831 1907 3146 2003 κατήγαγεν
3315 1907 3592 2001 ποταμοὺς
3628 1930 3767 1984 ὓδα-

477 2035 628 2087 runt,
653 2025 852 2095 inquit,
886 2041 1012 2079 eum
1046 2025 1101 2078 in
1135 2023 1303 2078 corde
1328 2039 1450 2087 suo,
1480 2031 1535 2078 et
1561 2025 1702 2078 male
1736 2024 1901 2078 locuti
1939 2032 2068 2077 sunt

477 2117 546 2172 de
576 2117 709 2180 Deo,
745 2116 1128 2170 etdixerunt:
1161 2114 1442 2185 Numquid
1490 2115 1696 2184 poterit
1731 2115 1876 2167 Deus
1924 2131 2066 2183 pra:-

479 2226 677 2282 pararc
712 2225 956 2265 mensam
1002 2209 1056 2264 in
1107 2207 1351 2272 deserto,
1379 2207 1641 2278 quoniam
1681 2207 1950 2276 percussit
1973 2222 2069 2275 pe-

481 2307 642 2362 tram,
690 2307 746 2354 et
778 2299 1059 2353 ﬂuxerunt
1105 2314 1281 2368 aquae,
1335 2306 1393 2352 et
1446 2305 1721 2352 torrentes
1760 2297 2066 2352 inundave-

478 2392 644 2445 runt?
671 2391 953 2461 Numquid
992 2398 1049 2446 ct
1082 2406 1282 2461 panem
1310 2389 1516 2460 poterit
1547 2390 1699 2454 dare,
1743 2399 1838 2444 aut
1869 2405 2068 2460 parare

478 2499 724 2538 mensam
752 2484 958 2554 populo
1008 2498 1110 2538 suo
1135 2482 1254 2536 ⁸³2»
1293 2483 1557 2553 lntelligis
1586 2482 1753 2552 igitur
1789 2483 2070 2551 quomodo

472 2577 675 2648 jurgati
704 2577 912 2632 fuerint
930 2576 1199 2632 adversus
1222 2575 1398 2630 Deum
1443 2574 1712 2630 miracula
1753 2574 2066 2641 facientem,

477 2675 818 2739 quem'sane
843 2669 1084 2738 appellat
1104 2668 1286 2722 virum
1315 2667 1547 2739 Moyses.
1578 2667 1714 2721 Nam
1758 2676 1816 2721 et
1846 2667 2071 2721 divinus

478 2761 682 2816 Paulus
703 2760 786 2814 sic
828 2759 1142 2830 intelligens
1183 2759 1410 2813 scribit:
1451 2778 1468 2808 ι
1498 2758 1771 2813 Bibebant
1812 2758 1961 2813 enim
2003 2775 2070 2813 ex

481 2851 716 2921 spiritali
754 2857 1023 2920 sequente
1073 2858 1262 2920 petra:
1311 2857 1468 2919 petra
1515 2859 1701 2905 autem
1747 2859 1868 2905 erat
1912 2850 2072 2905 Chri-

479 2949 602 2996 stus
625 2941 690 2994 ".
718 2960 735 2992 ι
771 2939 869 2995 Vir
899 2940 1067 3011 igitur
1101 2948 1295 2994 centra
1324 2955 1490 3010 quem
1525 2939 1908 3011 jurgabantur,
1953 2941 2069 3010 ipse

478 3041 603 3087 erat
646 3031 738 3086 ille
793 3031 890 3101 qui
942 3029 1191 3085 nondum
1252 3029 1573 3086 incarnatus
1629 3030 1948 3084 tentabatur
2000 3030 2070 3084 ab

480 3123 768 3178 lsraelitis.
797 3122 919 3177 Non
945 3122 1096 3176 enim
1125 3121 1293 3176 alium
1311 3119 1481 3175 fuisse
1527 3119 1727 3174 Filium
1775 3128 1903 3188 ante
1945 3135 2070 3174 car-

2168 2045 2255 2081 τα.
2294 2047 2312 2078 ι
2347 2029 2456 2080 Καὶ
2483 2027 2537 2079 τί
2567 2026 2706 2097 μετὰ
2733 2026 2926 2092 τοῦτο;
2961 2044 2979 2076 ι
3018 2025 3130 2078 Καὶ
3156 2023 3542 2094 ἐξεπείρασαν,
3573 2022 3769 2092 φησὶν,

2169 2119 2332 2174 αὑτὸν
2358 2120 2414 2172 ἐν
2435 2122 2502 2190 τῇ
2525 2118 2720 2190 καρδίᾳ.
2743 2117 2940 2170 αὐτῶν·
2969 2118 3064 2170 καὶ
3079 2115 3456 2186 κατελάλησαν
3475 2112 3571 2166 τοῦ
3600 2111 3768 2177 Θεοῦ,

2171 2211 2265 2265 καὶ
2291 2207 2464 2264 εἷπον·
2494 2211 2587 2282 Μὴ
2621 2211 2911 2280 δυνήσεται
2939 2211 2967 2262 6
2993 2209 3123 2273 Θεὸς
3158 2209 3448 2278 ἑτοιμάσαι
3479 2205 3771 2278 τράπεζαν

2170 2302 2230 2354 ἐν
2257 2301 2470 2372 ἐρήμῳ,
2505 2301 2587 2354 ὅτι
2609 2300 2850 2366 ἐπάταξε
2879 2300 3108 2371 πέτραν,
3137 2299 3234 2353 καὶ
3264 2299 3541 2371 ἐρρύησαν
3567 2297 3766 2359 ὕδατα,

2171 2390 2268 2444 καὶ
2296 2391 2591 2462 χείμαρροι
2615 2389 3068 2460 κατεκλύσθησαν
3094 2407 3109 2456 ;
3154 2390 3247 2460 Μὴ
3279 2390 3374 2442 καὶ
3402 2389 3567 2461 άρτον
3597 2388 3770 2454 δυνή-

2174 2500 2327 2536 σεται
2361 2493 2382 2519 τ
2419 2483 2637 2548 δοῦναι,
2669 2483 2702 2553 ἢ
2751 2483 3046 2554 ἑτοιμάσαι
3083 2481 3364 2554 τράπεζαν
3393 2481 3469 2552 τῷ
3504 2479 3618 2547 λαῷ
3659 2479 3769 2533 αὖα

2170 2574 2265 2628 τοῦ
2293 2592 2307 2640 ;
2346 2595 2363 2626 ι
2391 2574 2554 2640 Σύνες
2585 2571 2699 2640 οῦν,
2728 2577 2877 2639 ὅπως
2905 2574 3401 2646 διαλελοιδόρηνται
3424 2573 3773 2644 θαυματουρ-

2172 2666 2360 2736 γοῦντι
2389 2667 2466 2739 τῷ
2491 2667 2633 2738 Θεῷ,
2663 2669 2722 2722 δν
2744 2668 2808 2738 δὴ
2835 2668 3002 2738 ἄνδρα
3029 2670 3194 2737 φησὶν
3221 2670 3250 2722 6
3277 2666 3541 2734 Μωῦσῆς.
3575 2665 3773 2726 Συνεὶς

2171 2760 2282 2832 γὰρ
2305 2759 2448 2824 οῦτω
2489 2762 2583 2815 καὶ
2619 2763 2648 2814 6
2679 2759 2966 2823 θεσπέσιος
2997 2759 3209 2823 Παῦλος
3233 2799 3248 2823 ,
3276 2759 3500 2830 γράφει·
3539 2757 3776 2812 Ἐπινον

2171 2854 2281 2924 γὰρ
2298 2856 2362 2906 ἐκ
2383 2854 2761 2924 πνευματικῆς
2783 2852 3184 2922 ἀκολουθούσης
3208 2851 3432 2924 πέτρας·
3460 2853 3495 2922 ή
3513 2851 3570 2904 δέ
3589 2851 3779 2919 πέτρα

2171 2942 2238 3018 ἦν
2266 2949 2294 2998 6
2326 2947 2580 3018 Χριστός.
2614 2965 2634 2998 ι
2670 2945 2878 3000 Οὐκοῦν
2905 2949 2932 2999 6
2959 2944 3292 3014 λοιδορηθεὶς
3324 2944 3483 3014 ἀνὴρ,
3511 2942 3678 3005 αὐτὸς
3703 2937 3778 3010 ἦν

2172 3040 2398 3104 ἐκεῖνος,
2426 3037 2485 3101 ὃς
2513 3036 2666 3091 οῦπω
2694 3036 3114 3107 σεσαρκωμένος
3137 3033 3460 3106 ἐπειράζετο
3481 3033 3633 3104 παρὰ
3658 3033 3776 3087 τῶν

2173 3131 2232 3198 ἐξ
2258 3130 2494 3202 Ἰσραήλ.
2520 3131 2644 3184 "Ott
2665 3131 2776 3201 γὰρ
2794 3129 2891 3200 οὐχ
2913 3130 3101 3199 ἐτερος
3122 3123 3191 3198 ἦν
3212 3128 3342 3191 Υἱὸς
3363 3130 3390 3182 6
3413 3127 3519 3198 πρὸ
3542 3127 3774 3198 σαρκὸς,

481 3226 630 3278 nem,
682 3213 851 3267 alium
875 3227 1012 3267 vero
1045 3211 1113 3266 ab
1139 3211 1258 3282 ipso
1308 3209 1592 3264 diversum
1615 3225 1684 3264 ex
1721 3209 1932 3264 semine
1961 3209 2068 3263 Da-

2173 3224 2360 3294 ἕτερος
2388 3223 2445 3276 δέ
2471 3225 2603 3294 παρ’
2626 3221 2788 3276 αὐτὸν
2809 3223 2836 3275 ὁ
2863 3224 2928 3275 ἐκ
2952 3223 3270 3294 σπέρματος
3291 3220 3384 3274 τοῦ
3411 3217 3596 3284 Δαυῒδ,
3623 3218 3776 3274 καθὰ

481 3303 594 3368 vid,
617 3303 763 3360 sicut
791 3303 997 3359 audent
1016 3303 1241 3374 quidam
1267 3303 1486 3368 dicere;
1514 3301 1611 3357 sed
1643 3317 1813 3355 unum
1839 3309 1897 3356 et
1915 3316 2072 3356 eum-

481 3395 628 3460 dem,
681 3403 809 3450 ante
864 3375 1302 3450 incarnat‘ionem
1352 3392 1578 3463 quidem
1630 3391 1841 3445 nudum
1889 3390 2071 3445 adhuc

481 3488 747 3552 Verbum,
773 3496 898 3558 post
931 3495 1148 3558 partum
1183 3493 1368 3540 autem
1419 3500 1486 3538 ex
1517 3492 1704 3539 sancta
1733 3484 1956 3554 Virgine
1984 3483 2070 3537 in-

482 3588 770 3634 carnatum
814 3586 872 3634 et
917 3579 1200 3633 hominem
1256 3578 1484 3641 factum,
1541 3575 1687 3630 sicut
1729 3576 2072 3646 scripserunt

481 3669 658 3724 sancti
687 3669 765 3722 illi
793 3683 859 3730 ac
890 3668 1065 3723 divini
1096 3669 1308 3732 Patres,
1337 3667 1443 3722 alio
1479 3683 1699 3737 quoque
1741 3668 1896 3738 signo
1917 3682 2071 3721 com-

482 3759 981 3831 probavitMoyses.
994 3758 1130 3813 Nam
1149 3757 1306 3829 quasi
1322 3757 1995 3829 interrogaretquispiam,
2015 3764 2073 3813 et

481 3849 697 3904 discere
714 3847 1039 3918 cuperet,de
1050 3863 1289 3918 quonam
1311 3847 1432 3903 viro
1457 3848 1793 3903 mentionem
1824 3847 2067 3912 fecisset,

451 3957 651 4012 [quem
701 3956 832 3994 sane
872 3946 931 3994 et
985 3947 1256 3994 tentatum
1299 3939 1470 3994 fuisse
1507 3950 1564 3995 et
1605 3940 1953 4011 objurgatum
2002 3939 2071 3994 ab

485 4033 750 4090 lsraelitis
777 4033 1012 4098 diceret,
1043 4032 1203 4103 185
1245 4041 1456 4088 tantum
1484 4050 1594 4088 non
1637 4034 1852 4088 intento
1897 4032 2072 4104 digito

481 4127 669 4182 Jesum
695 4125 1058 4191 demonstrat,
1085 4134 1142 4179 et
1167 4126 1344 4196 inquit
1367 4145 1410 4180 ε(
1430 4126 1534 4192 Qui
1555 4124 1845 4195 dicitpatri
1869 4135 1925 4180 et
1953 4140 2071 4179 ma-

485 4219 586 4274 tri:
629 4219 748 4274 Non
780 4218 895 4273 vidi
933 4229 985 4274 te
1023 4235 1036 4272 :
1087 4227 1143 4274 et
1172 4219 1374 4275 fratres
1396 4235 1528 4274 suos
1570 4235 1682 4274 non
1705 4219 1930 4290 agnovit
1951 4218 2018 4272 ⁸⁸.
2046 4237 2064 4270 ι

481 4311 833 4366 Meminimus
877 4319 1062 4366 autem
1103 4327 1275 4366 unum
1332 4321 1650 4367 sanctorum
1708 4311 2074 4383 evangelista-

482 4419 604 4458 rum
629 4404 917 4474 scripsisse
934 4403 1106 4474 quod,
1135 4403 1369 4460 docente
1398 4404 1696 4476 aliquando
1719 4413 1776 4459 et
1802 4405 2070 4476 quosdam

481 4494 774 4550 erudiente
790 4494 1035 4560 Christo,
1063 4496 1362 4551 astiterunt
1395 4505 1573 4552 mater
1602 4496 1724 4566 ejus
1748 4504 1805 4551 et
1837 4496 2068 4563 fratres;

2175 3315 2343 3384 φάναι
2373 3313 2614 3384 τολμῶσί
2642 3330 2789 3377 τινες
2812 3354 2828 3380 ,
2873 3313 2989 3366 ἀλλ’
3019 3310 3100 3376 εἷς
3142 3331 3202 3366 τε
3247 3312 3345 3366 καὶ
3375 3312 3405 3364 6
3432 3309 3596 3374 αὐτὸς
3617 3353 3631 3376 ,
3661 3310 3781 3382 πρὸ

2177 3408 2275 3478 μὲν
2311 3406 2412 3476 τῆς
2456 3403 2789 3475 σαρκώσεως
2842 3402 3051 3474 γυμνὸς
3079 3403 3161 3456 ἐτι
3189 3402 3363 3470 Λόγος
3387 3441 3402 3465 ,
3436 3399 3578 3471 μετὰ
3607 3399 3668 3452 δέ
3709 3417 3778 3469 γε

2172 3498 2271 3570 τὴν
2301 3495 2554 3562 ἀπότεξιν
2596 3497 2694 3566 τὴν
2730 3497 2794 3548 ἐκ
2823 3497 2923 3567 τῆς
2967 3495 3130 3560 ἁγίας
3173 3493 3456 3564 Παρθένου
3494 3509 3782 3563 σεσαρκω-

2177 3591 2358 3660 μένος,
2386 3595 2480 3643 καὶ
2508 3589 2955 3660 ἐνανθρωπήσας,
2997 3586 3142 3640 καθὰ
3173 3585 3513 3656 γεγράφασιν
3545 3586 3595 3636 οἱ
3624 3584 3777 3652 ἅγιοι

2173 3683 2267 3734 καὶ
2298 3680 2578 3733 θεσπέσιοι
2617 3680 2890 3750 Πατέρες,
2925 3677 3139 3748 σημείῳ
3172 3676 3334 3730 πάλιν
3359 3675 3530 3746 ἑτέρῳ
3558 3675 3779 3745 πεπλη-

2175 3773 2484 3845 ροφόρηκεν
2520 3773 2548 3825 6
2597 3769 2860 3840 Μωῦσῆς.
2905 3769 3115 3840 Ὥσπερ
3153 3767 3260 3840 γὰρ
3301 3767 3566 3838 ἐρομένου
3599 3766 3774 3831 τινὸς,

2175 3863 2272 3916 καὶ⁵
2291 3861 2594 3932 άναμαθείν
2624 3860 2921 3924 ἐθέλοντος,
2956 3859 3089 3930 περὶ
3136 3857 3289 3910 ποίου
3317 3857 3542 3926 γέγονεν
3574 3854 3775 3925 ἀνδρὸς

2173 3957 2202 4008 6
2225 3955 2396 4022 Λόγος
2420 3953 2590 4024 αὐτῷ,
2622 3953 2680 4006 ὃν
2706 3953 2771 4024 δὴ
2801 3953 2896 4006 καὶ
2924 3950 3390 4021 ἐκπεπειρᾶσθαι,
3423 3949 3519 4002 καὶ
3542 3947 3767 4000 λελοιδο-

2176 4044 2377 4117 ρῆσθαί
2422 4061 2556 4116 φησι
2595 4043 2749 4113 παρὰ
2787 4043 2896 4095 τῶν
2949 4042 3008 4108 ἐξ
3066 4039 3321 4112 Ἰσραὴλ,
3361 4037 3648 4108 μονονουχὶ
3679 4037 3773 4088 καὶ

2175 4139 2333 4208 χεῖρα
2357 4134 2656 4206 προτείνων
2679 4133 3062 4187 καταδέίκνυσι
3081 4132 3173 4186 τὸν
3206 4129 3438 4203 Ἰησοῦν,
3462 4129 3556 4183 καί
3582 4145 3774 4198 φησιν·

2182 4249 2200 4282 ι
2247 4230 2306 4284 '0
2328 4225 2502 4298 λέγων
2526 4227 2604 4298 τῷ
2636 4227 2805 4299 πατρὶ
2833 4227 2929 4280 καὶ¹
2961 4229 3028 4298 τῇ
3065 4226 3255 4297 μητρί·
3289 4224 3400 4294 Οὐχ
3427 4221 3652 4292 ἐώρακά
3688 4238 3774 4285 σε,

2175 4323 2270 4377 καὶ
2299 4323 2424 4385 τοὺς
2454 4321 2718 4389 ἀδελφοὺς
2745 4319 2908 4372 αὑτοῦ
2935 4320 3037 4373 οὐκ
3077 4319 3311 4386 ἐπέγνω.
3367 4335 3385 4367 ›
3425 4313 3778 4384 Μεμνήμεοα

2175 4414 2284 4486 γὰρ
2332 4412 2672 4484 γεγραφότος
2714 4411 2831 4475 ἐνὸς
2869 4410 2976 4464 τῶν
3008 4410 3181 4478 ἁγίων
3225 4405 3648 4476 εὐαγγελιστῶν,
3689 4404 3772 4468 ὡς

2173 4505 2518 4568 διδάσκοντός
2563 4521 2693 4557 ποτε
2730 4503 2825 4556 τοῦ
2871 4501 3108 4575 Χριστοῦ
3153 4501 3245 4554 καὶ
3281 4496 3774 4570 μυσταγωγοῦντός

481 4588 686 4643 deinde
708 4596 1032 4644 accurrente
1064 4589 1303 4658 quodam
1328 4604 1395 4642 ex
1429 4587 1796 4658 discipulis,et
1818 4589 2068 4644 dicente:

2177 4615 2352 4661 τινας,
2379 4597 2685 4668 ἐπέστησαν
2711 4598 2744 4666 ή
2774 4597 2958 4666 μήτηρ
2979 4593 3145 4648 αὐτοῦ
3175 4594 3270 4648 καὶ
3309 4594 3366 4646 οἱ-
3383 4590 3623 4659 ἀδελφοὶ,
3651 4583 3777 4642 εἶτα

493 4700 509 4731 ι
531 4681 672 4736 Ecce
699 4690 876 4737 mater
917 4690 1007 4737 tua
1028 4692 1085 4736 et
1112 4681 1314 4735 fratres
1351 4679 1431 4733 tui
1457 4688 1608 4758 stant
1632 4680 1788 4743 foris,
1826 4681 2074 4734 volentes

485 4785 538 4829 te
562 4773 786 4840 Videre;
830 4792 848 4826 ›
877 4782 1101 4829 extensa
1124 4789 1288 4839 manu
1317 4787 1413 4826 sua
1438 4772 1493 4826 in
1517 4770 1821 4840 discipulos
1834 4787 1963 4826 suos
1986 4771 2073 4825 di-

484 4870 596 4924 xit:
645 4868 857 4923 «Mater
901 4884 1024 4924 mea
1059 4876 1115 4923 et
1160 4867 1363 4936 fratres
1387 4867 1494 4921 mei
1542 4866 1598 4919 hi
1635 4872 1765 4920 sunt
1816 4865 1910 4934 qui
1952 4881 2077 4920 ver-

485 4961 616 5015 bum
659 4960 756 5015 Dei
781 4959 1016 5015 audiunt
1043 4946 1096 5012 et
1125 4958 1336 5012 faciunt
1357 4955 1422 5010 ⁸⁵.
1451 4956 1553 5024 Qui
1578 4955 1725 5010 enim
1752 4955 1948 5011 fecerit
1974 4973 2076 5010 vo-

486 5054 754 5108 luntatem
775 5052 956 5108 Patris
969 5050 1081 5105 mei
1104 5051 1198 5120 qui
1225 5051 1279 5104 in
1295 5050 1451 5104 caelis
1471 5058 1576 5114 est,
1592 5048 1684 5104 hic
1700 5047 1870 5104 frater
1894 5065 2071 5114 meus,

489 5153 546 5198 et
568 5159 748 5207 soror,
776 5153 833 5198 et
871 5151 1047 5199 mater
1081 5149 1167 5195 est
1193 5143 1258 5196 ⁸⁷.
1287 5161 1303 5192 ι
1332 5142 1468 5208 lloc,
1488 5142 1708 5214 opinor,
1737 5151 1820 5196 cst
1858 5142 1910 5197 id
1926 5143 2074 5213 quod

492 5235 702 5308 Moyses
742 5235 909 5290 dixit:
955 5255 972 5285 ι
997 5233 1101 5300 Qui
1127 5233 1262 5288 dicit
1293 5235 1434 5304 patri
1464 5243 1520 5290 et
1553 5235 1713 5288 matri
1750 5253 1760 5286 :
1794 5235 1914 5289 Non
1962 5236 2073 5290 vidi

488 5336 570 5395 te;
600 5337 656 5383 et
677 5329 877 5383 fratres
921 5341 1050 5382 suos
1081 5340 1191 5380 non
1219 5327 1460 5396 agnovit.
1484 5347 1500 5378 ι
1531 5328 1801 5382 Ρτωιθνθει
1854 5330 2074 5398 sapien-

490 5419 742 5475 tissimus
763 5434 986 5494 quoque
1027 5417 1216 5473 Daniel
1263 5418 1318 5472 in
1353 5421 1536 5487 specie
1576 5428 1778 5476 nostrae
1819 5421 1984 5476 simili
2019 5439 2076 5478 se

2173 4689 2621 4761 προσδραμόντος
2666 4689 2812 4752 τινὸς
2857 4687 2968 4741 τῶν
3005 4686 3289 4758 μαθητῶν,
3336 4684 3432 4737 καὶ
3479 4682 3774 4751 λέγοντοςο

2181 4799 2200 4832 σ
2251 4780 2384 4834 Ἰδοὺ
2418 4783 2451 4851 ή
2500 4783 2684 4853 μήτηρ
2714 4799 2830 4845 σου,
2861 4781 2956 4834 καὶ
3000 4780 3050 4832 οἱ
3081 4776 3302 4846 ἀδελφοί
3346 4793 3441 4829 σου
3476 4775 3777 4845 ἑστήκασιν

2161 4869 2300 4936 ἔξω,
2323 4871 2452 4924 ἰδεῖν
2473 4887 2532 4922 σε
2555 4870 2821 4935 θέλοντες,
2846 4891 2864 4924 ο
2888 4869 3136 4932 ἐκτείνας
3169 4869 3268 4939 τήν
3289 4869 3448 4938 χεῖρα
3482 4863 3648 4918 αὑτοῦ
3680 4866 3778 4917 ἐπὶ

2175 4964 2303 5026 τοὺς
2337 4962 2622 5034 μαθητὰς,
2660 4960 2803 5016 εἶπε·
2851 4981 2870 5013 t
2907 4962 3110 5032 Μήτηρ
3147 4977 3248 5030 μου
3281 4959 3376 5012 mi.
3406 4955 3628 5024 ἀδελφοί
3667 4973 3776 5026 μου

2175 5047 2322 5109 οῦτοι
2365 5056 2522 5121 εἰσιν,
2571 5057 2620 5109 οἱ
2665 5055 2957 5117 ἀκούοντες
2999 5052 3091 5105 τὸν
3141 5051 3299 5119 λόγον
3333 5048 3428 5102 τοῦ
3468 5045 3605 5099 Θεοῦ
3630 5087 3644 5110 ,
3678 5048 3779 5098 καὶ

2176 5147 2479 5210 ποιοῦντες.
2523 5151 2619 5210 Ὃς
2647 5149 2754 5218 γὰρ
2782 5148 2847 5202 ἂν
2878 5147 3083 5218 ποιήσῃ
3104 5145 3166 5198 τὸ
3202 5143 3416 5212 θέλημα
3436 5139 3529 5194 τοῦ
3561 5138 3782 5207 Πατρός

2159 5229 2278 5310 μου
2307 5238 2404 5292 τοῦ
2435 5241 2494 5292 ἐν
2537 5243 2651 5303 τοῖς
2688 5242 2973 5312 οὐρανοῖς,
3025 5230 3183 5300 οὗτος
3230 5233 3460 5302 ἁδελφός
3509 5249 3610 5301 μου
3632 5270 3645 5292 ς
3679 5231 3782 5281 καὶ

2175 5334 2402 5404 ἀδελφὴ,
2433 5334 2528 5387 καὶ
2559 5335 2744 5406 μήτηρ
2779 5333 2916 5387 ἐστί.
2956 5351 2974 5384 ι
3011 5331 3202 5396 Τοῦτο,
3231 5324 3388 5400 οἶμαι
3410 5369 3424 5392 ,
3459 5327 3606 5379 ἐστιν
3636 5325 3782 5393 ὅπερ

2176 5423 2279 5494 ἔφη
2315 5425 2589 5494 Μωῦσῆς⁶
2648 5443 2664 5475 ι
2721 5421 2783 5477 Ὀ
2809 5423 2997 5492 Λέγων
3029 5422 3108 5492 τῷ
3143 5419 3312 5489 πατρῖ
3354 5417 3446 5470 καὶ
3476 5417 3538 5484 τῇ
3579 5413 3777 5484 μητρίο

560 5577 607 5609 ⁸⁸
635 5578 654 5632 l
683 5577 919 5644 Petr.iu,
944 5574 1033 5627 2‘2.
1113 5572 1155 5604 ‘“
1183 5575 1350 5630 Ilcbr.
1381 5593 1474 5641 vn,
1500 5577 1589 5631 26.
1663 5575 1708 5606 θ’
1741 5577 1882 5631 Psal.
1907 5593 2068 5631 Lxxvr

2173 5579 2224 5644 5,
2251 5578 2334 5631 l6.
2412 5576 2457 5608 ⁸³
2491 5579 2634 5633 Psal.
2667 5594 2816 5643 xvnl,
2849 5577 2936 5632 ‘20.
3015 5576 3062 5608 ⁸³
3104 5576 3122 5630 l
3163 5574 3293 5630 Cor.
3330 5588 3383 5637 κ,
3407 5571 3458 5625 4.
3533 5569 3576 5598 ⁸⁵
3609 5565 3780 5622 Deut.

490 5659 678 5713 1x31",
707 5646 760 5701 9.
839 5643 885 5675 ⁸⁸
919 5645 1050 5698 Luc.
1075 5661 1185 5711 vm,
1224 5647 1402 5701 19-21.
1483 5650 1526 5680 ⁸⁷
1549 5648 1742 5702 Matth.
1769 5663 1862 5706 xu.
1901 5649 1986 5702 50.

1583 5782 1756 5835 Varim
1786 5782 2050 5836 lectiones
2085 5778 2289 5836 codicis
2313 5779 2674 5850 Seguieriani.

563 5901 586 5933 τ
614 5893 862 5950 δύναται.
