4048 6504
306 501 419 566 ³,,
1128 492 1167 527 ν

1711 501 2048 559 EPISTOLA
2086 503 2194 560 LV.

3501 509 3607 565 5ἱο

304 623 445 694 Οὐχὶ
487 619 709 693 ἑώρακά
734 636 815 674 σε·
847 620 944 675 καὶ
979 620 1107 685 τοὺς
1134 619 1398 691 ἀδελφοὺς
1439 619 1605 675 αὐτοῦ
1654 619 1755 672 οὐκ
1800 621 1902 672 ἐπ·-

2029 617 2212 673 ridisse
2251 617 2390 673 dicit
2412 628 2754 690 unigenitum
2783 619 2880 674 Dei
2906 619 3169 676 Verbum.
3198 619 3415 677 Vidisse
3463 623 3612 676 enim

310 714 470 782 ἔγνω.
504 733 524 765 ι
561 713 669 766 Καὶ
692 722 716 751 ⁸
749 712 882 784 μὴν,
903 715 997 767 καὶ
1019 713 1049 765 6
1076 712 1351 783 πάνσοφος
1375 712 1576 784 Δανιὴλ
1601 712 1659 764 ὲν
1682 709 1813 764 εἴδει
1835 710 1914 781 τῷ

309 806 426 860 καθ’
476 806 630 877 ἡμᾶς
674 805 970 860 τεθεᾶσθαι
1012 822 1148 878 φησι
1190 805 1283 859 τὸν
1330 805 1595 877 μονογενῆ
1640 803 1736 858 τοῦ
1776 802 1912 857 Θεοῦ

302 898 498 967 Λόγον.
542 897 699 951 Ἰδεῖν
739 898 837 968 μὲν
880 897 992 969 γὰρ
1029 897 1133 968 ἔφη
1170 897 1411 951 Παλαιὸν
1453 895 1681 969 ἡμερῶν
1707 936 1722 959 ,
1777 895 1914 949 καθ-

303 992 511 1062 ήμενον
549 990 647 1042 ἐπὶ
680 989 909 1060 θρόνου,
960 989 1161 1060 μυρίας
1197 1007 1256 1044 τε
1291 989 1558 1061 μυριάδας
1594 989 1700 1043 τῶν
1734 1005 1915 1057 παρα-

304 1077 575 1141 στάντων,
612 1077 708 1130 καὶ
743 1076 924 1154 χιλίας
972 1077 1217 1148 χιλιάδας
1252 1078 1362 1133 τῶν
1398 1078 1735 1151 λειτουργῶν
1761 1094 1773 1108 ·
1817 1078 1912 1132 καὶ

302 1166 391 1220 διὰ
424 1166 602 1236 μέσου
638 1164 766 1220 τινὰ
817 1168 1146 1238 παρενθὲὶς,
1191 1168 1355 1239 ἕτερα
1403 1168 1616 1231 τούτοις
1668 1167 1865 1235 ἐπάγει
1892 1182 1907 1196 ⁸

307 1277 328 1309 ι
376 1258 688 1330 Ἐθεώρουν
739 1258 849 1329 γὰρ
886 1261 945 1312 ὲν
984 1261 1221 1331 ὁράματι
1254 1261 1357 1331 τῆς
1405 1259 1598 1325 νυκτὸς
1621 1300 1636 1326 ,
1672 1261 1766 1314 καὶ
1801 1261 1911 1315 ίδοὺ

304 1349 443 1418 μετὰ
470 1347 588 1402 τῶν
636 1348 880 1418 νεφελῶν
920 1348 1017 1403 τοῦ
1060 1351 1293 1421 οὐρανοῦ
1316 1351 1400 1415 ὡς
1447 1351 1578 1415 Υἱὸς
1620 1350 1910 1422 ἀνθρώπου

304 1442 629 1513 ἐρχόμενος,
660 1442 759 1496 καὶ
789 1441 898 1507 ἓως
918 1443 1014 1498 τοῦ
1040 1443 1276 1499 Παλαιοῦ
1300 1444 1412 1499 τῶν
1438 1444 1662 1516 ἡμερῶν
1688 1442 1908 1513 ἔφθασε,

305 1539 393 1591 καί
431 1535 677 1591 ἐνώπιον
724 1535 891 1589 αὑτοῦ
940 1537 1287 1609 προσηνέχθη
1310 1578 1325 1602 ,
1352 1537 1449 1592 καὶ
1496 1537 1647 1608 αὐτῷ
1690 1535 1908 1607 ὲδόθηή

284 1629 430 1699 κτιμὴ
462 1628 565 1682 καὶ
616 1631 650 1698 ή
685 1627 957 1698 βασιλεία·
995 1629 1089 1682 καὶ
1124 1630 1297 1682 πᾶσαι
1328 1631 1383 1683 αἱ
1411 1628 1576 1698 φυλαὶ⁴
1604 1629 1699 1682 καὶ
1736 1627 1911 1695 γλῶσ-

307 1740 387 1776 σαι
416 1720 575 1792 αύτῷ
619 1720 1032 1775 δουλεύσουσιν.
1072 1741 1092 1774 ι
1140 1721 1272 1775 Ἰδοὺ
1307 1721 1372 1793 δὴ
1419 1721 1581 1775 πάλιν
1629 1720 1817 1789 σαφῶς
1849 1736 1910 1772 τε

302 1815 393 1870 καὶ
420 1814 683 1887 ἐναργῶς
717 1814 1085 1870 ἀναϐαίνοντα
1115 1815 1252 1886 πρὸς
1285 1815 1380 1868 τὸν
1408 1815 1467 1869 ὲν
1494 1814 1750 1885 ούρανοίτς
1794 1813 1908 1865 Παλ

300 1907 433 1977 τέρα
467 1907 566 1960 καὶ
595 1907 733 1960 θεὸν
752 1906 1113 1961 τεθέαταιτὸν
1149 1905 1522 1978 Ἐμμανουήλ.
1555 1905 1772 1974 Νεφέλη
1800 1904 1910 1975 γὰρ

2015 726 2075 766 se
2098 711 2238 767 dixit
2256 712 2554 783 Antiquum
2578 712 2795 768 dierum
2812 713 3094 769 sedentem
3122 729 3288 783 super
3316 714 3604 777 thronum,

1966 796 1979 803 ἱ
2014 813 2072 860 et
2096 805 2281 860 decies
2332 805 2533 863 miliics
2589 816 2823 861 centena
2877 806 3049 859 millia
3096 805 3474 860 assistentium
3518 817 3614 860 :et

2016 897 2189 951 millia
2228 897 2465 951 millium
2494 897 2927 951 ministrantium
2949 913 2962 950 :
2986 907 3042 951 et
3072 896 3400 966 quibusdam
3436 896 3612 951 inter-

2017 989 2212 1060 positis
2238 989 2356 1043 haac
2394 988 2581 1042 addit:
2617 1008 2634 1038 ι
2657 987 2923 1043 Videbam
2948 1003 3050 1058 ego
3084 988 3138 1041 in
3170 987 3382 1042 visione
3406 988 3607 1049 noctis,

2015 1089 2072 1137 et
2095 1096 2223 1137 cccc
2252 1096 2379 1135 cum
2407 1080 2654 1135 nubibus
2684 1080 2809 1135 caeli
2855 1080 3012 1150 quasi
3044 1079 3216 1135 Filius
3253 1079 3495 1134 hominis
3519 1093 3614 1133 ve-

2014 1174 2195 1238 niens,
2227 1180 2474 1242 etusque
2514 1172 2582 1226 ad
2609 1172 2911 1241 Antiquum
2958 1170 3175 1226 dierum
3231 1172 3524 1241 pervenit:
3557 1180 3614 1226 et

2014 1280 2201 1319 coram
2248 1265 2368 1335 ipso
2412 1263 2688 1319 adductus
2713 1272 2818 1327 est,
2857 1271 2914 1318 et
2940 1262 2991 1317 ei
3022 1263 3184 1317 datus
3220 1263 3399 1317 honor
3424 1272 3481 1317 ct
3523 1278 3612 1317 re-

2013 1373 2214 1427 gnum:
2246 1364 2302 1411 et
2337 1372 2531 1411 omnes
2570 1357 2749 1411 tribus
2796 1366 2852 1412 et
2882 1356 3081 1427 lingua:
3125 1355 3369 1411 servient
3406 1356 3458 1410 ei
3491 1352 3558 1407 ⁸⁸.
3587 1374 3605 1405 ι

2012 1451 2155 1505 Ecce
2182 1452 2292 1521 jam
2322 1449 2523 1503 iterum
2566 1448 2862 1504 manifeste
2894 1457 2948 1503 et
2981 1448 3270 1503 evidenter
3312 1447 3452 1502 vidit
3479 1447 3613 1500 Em-

2011 1542 2325 1596 manuelem
2356 1537 2748 1596 ascendentem
2785 1539 2854 1594 ad
2874 1554 3022 1603 eum,
3063 1539 3157 1609 qui
3206 1539 3263 1593 in
3314 1538 3469 1593 caelis
3498 1546 3608 1601 est,

2010 1634 2234 1688 Patrem
2287 1640 2344 1687 et
2396 1632 2591 1687 Deum.
2644 1632 2830 1686 Nubes
2867 1632 3017 1687 enim
3075 1630 3318 1701 suscepit
3364 1646 3493 1686 eum
3539 1630 3609 1691 “9,

2014 1741 2179 1797 quem
2200 1733 2473 1796 praeterea
2500 1741 2613 1779 non
2656 1725 2941 1779 hominem
2975 1723 3319 1793 simpliciter,
3358 1724 3453 1777 sed
3490 1731 3611 1777 tan-

2012 1835 2179 1889 quam
2209 1819 2406 1874 Filium
2432 1818 2677 1872 hominis
2705 1817 2861 1872 dicit.
2887 1817 3034 1873 Deus
3053 1816 3200 1869 enim
3223 1823 3340 1870 erat
3371 1815 3613 1870 Verbum

2016 1914 2071 1967 in
2129 1920 2323 1967 nostra
2390 1909 2755 1965 similitudine
2813 1907 3039 1963 factum.
3083 1908 3143 1962 ln
3194 1907 3344 1960 hunc
3384 1905 3611 1960 modum

304 1996 579 2051 ὑπέλαϐεν
614 1997 815 2051 αὐτόν’
854 1997 916 2052 ὃν
957 1998 1021 2070 δὴ
1042 2038 1057 2060 ,
1089 1984 1184 2052 καὶ
1228 2000 1329 2053 οὐκ
1361 1997 1648 2069 ἄνθρωπον
1686 1996 1910 2061 ἁπλῶς,

2029 2006 2185 2060 atiam
2221 2001 2881 2075 sapientissimusPaulus
2912 2000 3241 2070 intelligens,
3273 1997 3327 2051 in
3355 1996 3614 2051 similitu-

313 2090 425 2143 ἀλλ’
450 2089 525 2154 ὼς
547 2090 679 2144 Υἱὸν
703 2088 998 2159 ἀνθρώπου
1028 2089 1180 2161 φησί.
1216 2090 1349 2155 Θεὸς
1385 2089 1499 2160 γὰρ
1527 2085 1595 2161 ἦν
1622 2091 1681 2143 ὲν
1712 2088 1914 2160 ὁμοιώ⁹

333 2198 417 2233 σει
460 2183 536 2252 τῇ
564 2181 694 2252 πρὸς
720 2183 870 2254 ἡμᾶς
899 2181 1143 2251 γεγονὼς
1189 2183 1218 2236 6
1253 2181 1446 2251 Λόγος.
1499 2179 1660 2235 Οὕτω
1715 2180 1915 2243 συνεὶς,

340 2274 436 2325 καὶ
468 2273 501 2326 ὁ
523 2274 775 2343 πάνσοφος
805 2273 1027 2339 Παῦλος
1050 2276 1110 2329 ὲν
1141 2273 1454 2345 ὁμοιώματι
1485 2272 1793 2345 ἀνθρώπων
1823 2289 1920 2341 γε-

337 2364 525 2419 νέσθαι
566 2366 722 2437 φησιν
755 2365 947 2431 αὑτὸν,
997 2364 1288 2436 εὑρεθῆναι
1319 2365 1376 2419 δὲ
1417 2364 1495 2428 ῶς
1527 2364 1815 2434 ἄνθρωπον
1863 2365 1920 2414 ὲν

327 2458 598 2529 σχήματι,
628 2459 718 2512 καὶ
758 2460 818 2513 ὲν
847 2458 1163 2530 ὁμοιώματι
1200 2457 1404 2528 σαρκὸς
1436 2456 1712 2529 ἁμαρτίας
1742 2449 1920 2524 ὦφθαι

318 2552 431 2613 τοῖς
461 2550 556 2603 ἐπὶ
597 2551 698 2621 τῆς
730 2551 861 2620 γῆς.
907 2550 969 2604 Εἰ
1005 2550 1062 2604 δὲ
1106 2550 1395 2622 ἄνθρωπος
1427 2545 1518 2621 ἦν,
1555 2546 1821 2618 συναφείᾳ
1853 2548 1920 2618 τῇ

318 2642 451 2715 πρὸς
478 2644 574 2698 τὸν
600 2643 765 2708 Θεὸν,
791 2645 871 2708 ὡς
888 2644 1044 2711 Θεὸς,
1066 2643 1401 2714 τιμώμενος,
1431 2641 1536 2713 ἔφη
1559 2641 1606 2695 δ’
1640 2640 1708 2695 ἂν
1735 2641 1764 2693 6
1791 2655 1922 2709 προ-

311 2739 512 2810 φήτης,
540 2737 624 2801 ὡς
653 2737 814 2805 Θεὸν,
840 2736 875 2808 ἢ
907 2736 984 2801 ὼς
1016 2736 1147 2790 Υίὸν
1171 2732 1309 2789 Θεοῦ
1341 2731 1636 2787 τεθεᾶσθαι
1663 2732 1757 2785 τὸν
1785 2729 1925 2801 μετὰ

304 2830 412 2883 τῶν
432 2830 685 2899 νεφελῶν
716 2817 1035 2901 ἐρχόμενον·
1086 2828 1202 2883 ἀλλ’
1232 2827 1294 2882 ού
1324 2825 1483 2881 τοῦτό
1514 2841 1701 2896 φησιν,
1739 2825 1922 2877 ἐκεῖνο

303 2920 360 2974 δὲ
391 2921 599 2991 μᾶλλον
620 2920 708 2984 τὸ,
742 2939 763 2972 ‹
794 2919 872 2982 ὡς
898 2919 1029 2973 Υίὸν
1057 2918 1369 2990 ἀνθρώπου.
1403 2937 1422 2970 ι
1462 2912 1618 2971 Οἶδεν
1649 2915 1760 2987 ἄρα
1788 2915 1924 2968 Θεὸν

301 3012 455 3077 εντα,
478 3012 579 3065 καὶ
610 3009 1123 3081 ὲνανθρωπήσαντα
1143 3009 1236 3062 τὸν
1266 3009 1421 3075 Υἰὸν,
1446 3008 1615 3078 ἤγουν
1637 3008 1695 3059 ὲν
1725 3004 1926 3077 ὁμοιώ-
1961 3042 1963 3044 -

311 3119 442 3171 ματι
500 3100 810 3173 ἀνθρώπου
859 3099 1172 3171 γενόμενον,
1212 3099 1356 3154 κατὰ
1403 3098 1503 3169 τὴν
1549 3095 1644 3151 τοῦ
1708 3094 1926 3151 Παύλου

310 3195 518 3265 ςωνήν.
557 3193 715 3265 Πλὴν
746 3194 843 3249 καὶ
883 3195 941 3246 ὲν
970 3193 1134 3265 σοιριι)⁸
1166 3190 1445 3261 πεφηνὼς,
1483 3209 1502 3240 ι
1534 3189 1643 3252 ἕως
1679 3188 1774 3241 τοῦ
1818 3190 1929 3242 Παο

2018 2098 2147 2153 dine
2174 2097 2466 2152 hominum
2498 2096 2681 2165 ipsum
2710 2093 2917 2147 factum
2957 2107 3079 2147 esse
3129 2090 3297 2156 dicit;
3328 2090 3611 2145 inventum
3646 2140 3663 2157 η

2020 2200 2208 2247 autem
2249 2197 2312 2244 ut
2355 2188 2642 2243 hominem
2686 2185 2880 2239 habitu
2921 2185 3000 2249 ’°,
3039 2192 3095 2239 et
3132 2184 3189 2238 in
3244 2182 3613 2238 similitudine

2022 2284 2207 2340 carnis
2234 2281 2449 2353 peccati
2485 2280 2665 2335 visum
2695 2276 2783 2332 his
2805 2277 2900 2347 qui
2932 2287 3094 2331 erant
3118 2292 3285 2346 super
3319 2285 3523 2330 terram
3541 2276 3610 2329 ’¹.

2030 2378 2087 2434 Si
2142 2386 2329 2431 autem
2402 2375 2571 2427 homo
2616 2370 2851 2433 fuisset,
2896 2368 2968 2423 ob
3018 2368 3427 2438 copulationem
3487 2380 3615 2421 cum

2024 2472 2137 2526 Deo
2168 2476 2430 2538 tanquam
2454 2467 2602 2521 Deus
2659 2464 2998 2526 honoratus,
3031 2461 3263 2516 dixisset
3315 2458 3612 2528 propheta,
3695 2446 3698 2451 ’

2024 2562 2187 2635 quasi
2241 2562 2436 2624 Deum,
2488 2557 2575 2613 vel
2630 2558 2789 2627 quasi
2833 2555 3035 2610 Filium
3071 2554 3187 2618 Dei,
3217 2551 3619 2621 cumquicum

2024 2654 2271 2710 nubibus
2296 2653 2471 2717 venit,
2495 2665 2555 2706 se
2588 2649 2831 2704 vidisse:
2861 2647 2961 2703 sed
3002 2647 3110 2701 hoc
3138 2660 3248 2701 non
3291 2643 3447 2709 dicit,
3477 2641 3613 2697 illud

2025 2759 2161 2798 vero
2187 2740 2376 2813 potius
2419 2739 2577 2803 dicit,
2612 2757 2630 2790 ι
2656 2737 2803 2793 sicut
2848 2736 3048 2791 Filium
3098 2734 3359 2789 hominis‘.
3388 2753 3405 2784 ι
3450 2732 3617 2788 Novit

2025 2850 2158 2908 ergo
2186 2833 2368 2905 ipsum
2396 2832 2598 2886 Filium
2624 2831 2798 2886 Deum
2820 2845 2963 2893 esse,
2992 2837 3050 2883 et
3070 2826 3355 2882 hominem
3384 2824 3613 2889 factum,

2029 2930 2136 2984 hoc
2180 2936 2288 2990 est,
2319 2927 2375 2980 in
2425 2923 2793 2979 similitudine
2841 2922 3131 2977 hominum
3189 2918 3425 2989 factum,
3464 2917 3620 2988 juxta

2028 3019 2186 3077 Pauli
2209 3031 2426 3073 vocem.
2477 3016 2897 3079 Verumtamen,
2933 3012 3191 3083 quamvis
3226 3011 3283 3065 in
3317 3023 3485 3065 carne
3522 3022 3621 3079 ap-

2030 3110 2303 3182 paruerit,
2351 3127 2368 3160 ι
2391 3123 2568 3178 usque
2594 3106 2993 3174 adAntiquum
3029 3098 3248 3158 dierum
3292 3098 3570 3171 pervenit,
3598 3116 3616 3150 ι

2035 3204 2142 3257 hoc
2195 3208 2318 3265 est,
2387 3199 2455 3254 ad
2514 3200 2709 3253 :eterni
2766 3197 2949 3253 Patris
3011 3195 3263 3251 ascendit
3310 3194 3621 3248 thronum:

309 3285 468 3341 λαιοῦ
502 3286 619 3341 τῶν
660 3285 891 3357 ἡμερῶν
924 3285 1148 3354 ἔφθασε.
1182 3304 1200 3335 ι
1235 3283 1550 3353 Τρυτέστιν,
1588 3282 1668 3344 είς
1698 3281 1790 3334 τὸν
1833 3278 1928 3333 τοῦ

2040 3292 2201 3363 136
2233 3290 2287 3364 [ι
2325 3300 2383 3345 et
2427 3290 2479 3345 ei
2512 3289 2673 3343 datus
2705 3288 2887 3342 honor
2931 3296 2987 3341 et
3019 3300 3288 3376 regnum:
3324 3290 3382 3337 et
3428 3295 3626 3365 omnes

308 3376 487 3451 ῥῖδίου
517 3378 746 3448 Πατρὸς
770 3373 1181 3445 άναπεφοίτηκε
1210 3372 1421 3443 θρόνον·
1458 3390 1475 3424 ι
1508 3370 1618 3424 Καὶ
1638 3369 1788 3441 αὺτῷ
1816 3368 1933 3422 ὲδόδ

316 3469 385 3539 θη
417 3471 451 3539 ἠ
493 3468 638 3540 τιμὴ
679 3467 778 3521 καὶ
804 3469 839 3538 ἡ
884 3465 1165 3536 βασιλεία*
1197 3466 1297 3518 καὶ
1333 3464 1508 3518 πᾶσαι
1541 3463 1597 3516 αἱ
1637 3461 1804 3533 φυλαὶ
1838 3460 1933 3515 καὶ

315 3560 568 3629 γλῶσσαι
600 3558 759 3631 αὐτῷ
796 3557 1167 3612 δουλεύσουσι.
1208 3577 1227 3609 ι
1266 3555 1378 3611 Καὶ
1424 3552 1584 3609 τοῦτο
1621 3550 1690 3626 ἦν
1727 3554 1837 3626 ἄρα
1874 3551 1936 3606 τὸ

317 3651 619 3723 εἰρημένον
655 3649 794 3720 παρ’
815 3647 1005 3702 αὐτοῦ·
1037 3666 1057 3701 ι
1091 3648 1295 3719 Πάτερ,
1321 3644 1548 3712 δόξασόν
1581 3661 1649 3715 με
1685 3647 1751 3716 τῇ
1781 3642 1932 3715 δόξῃ,

319 3738 354 3815 ᾗ
389 3737 544 3813 εἶχον
570 3743 685 3812 πρὸ
719 3740 816 3794 τοῦ
865 3740 959 3795 τὸν
998 3740 1207 3811 κόσμον
1242 3734 1417 3805 εἶναι,
1439 3737 1592 3808 παρὰ
1619 3736 1723 3791 σοί.
1759 3755 1779 3788 ι
1813 3736 1937 3789 Ὅτι

318 3834 376 3886 δὲ
424 3832 743 3906 σαρκωθεὶς
789 3834 819 3886 ὁ
856 3833 950 3886 τοῦ
978 3830 1116 3886 Θεοῦ
1141 3831 1316 3901 Λόγος
1365 3829 1621 3902 σύνεδρός
1649 3830 1768 3883 ἐστι
1791 3868 1806 3893 ,
1841 3829 1938 3882 καὶ

326 3925 584 3997 ἰσοκλεὴς
601 3923 686 3995 τῷ
710 3924 834 3995 Θεῷ
860 3925 957 3978 καὶ
985 3924 1184 3995 Πατρὶ,
1213 3924 1308 3977 καὶ
1336 3923 1474 3993 μετὰ
1506 3921 1729 3993 σαρκὸς,
1753 3920 1830 3984 ὡς
1858 3916 1939 3984 εἷς

324 4019 598 4090 ὑπάρχων
629 4018 765 4081 Υἱὸς
789 4057 804 4083 ,
841 4018 938 4072 καὶ
962 4017 1052 4071 ὅτε
1091 4017 1316 4086 γέγονεν
1345 4014 1656 4087 ἅνθρωπος,
1683 4013 1940 4084 σαφηνιεϊ

323 4109 564 4181 γράφων
587 4110 619 4163 6
649 4110 929 4178 πάνσοφος
968 4108 1198 4172 Παῦλοςο
1239 4125 1259 4159 ι
1285 4106 1540 4161 Τοιοῦτον
1571 4102 1768 4177 ἔχομεν
1802 4105 1939 4175 ἀρχα

330 4203 512 4273 ιερὲα,
552 4201 617 4266 ὃς
665 4200 926 4254 ἐκάθισεν
953 4202 1011 4255 ἐν
1039 4200 1190 4271 δεξιᾷ
1218 4198 1310 4253 τοῦ
1346 4198 1539 4270 θρόνου
1566 4199 1664 4268 τῆς
1695 4199 1942 4269 μεγαλω-

334 4294 508 4367 σύνης
528 4297 594 4349 ἐν
616 4298 735 4361 τοῖς
759 4293 1003 4367 ὑψηλοῖς.
1035 4311 1054 4344 ι
1085 4293 1195 4348 Ναὶ
1224 4294 1349 4364 μὴν.
1379 4294 1475 4347 καὶ
1499 4293 1661 4357 αὐτὸς
1689 4296 1717 4347 6
1739 4293 1943 4364 Κύριος

333 4386 493 4455 ἡμῶν
553 4384 770 4458 Ἰησοῦς
816 4386 1110 4456 Χριστὸς,
1136 4383 1409 4455 ἐρομένων
1449 4384 1614 4438 αὑτὸν
1645 4384 1754 4439 τῶν
1815 4384 1945 4436 Ἰου-

336 4481 530 4547 δαίων,
573 4481 738 4551 εἷπερ
772 4480 922 4534 ἐστὶν
955 4480 1120 4544 αὐτὸς
1152 4477 1369 4549 ἀληθῶς
1391 4478 1420 4530 6
1446 4477 1706 4548 Χριστὸς,
1751 4497 1769 4528 ι
1817 4477 1944 4529 Ἐὰν

336 4572 513 4640 εἴπω,
545 4572 744 4644 φησιν,
777 4572 926 4643 ὑμῖν,
962 4571 1024 4626 ού
1058 4571 1132 4643 μὴ
1164 4570 1495 4640 πιστεύσητε
1516 4585 1529 4601 ·
1573 4569 1670 4622 καὶ
1716 4568 1814 4621 ἐὰν
1844 4569 1944 4619 ὲπ-

2039 3386 2219 3439 tribus
2283 3391 2340 3437 et
2387 3384 2590 3453 linguae
2657 3381 2903 3437 servient
2986 3379 3059 3433 ei.
3092 3398 3110 3430 ›
3153 3377 3174 3450 ]
3214 3358 3303 3432 Ἰά
3355 3360 3622 3430 nimirum

2034 3485 2156 3532 erat
2184 3474 2321 3530 illud
2361 3475 2431 3529 ab
2484 3473 2605 3544 ipso
2643 3472 2853 3527 dictum
2900 3489 2911 3524 :
2976 3490 2998 3556 ε
3013 3470 3200 3534 Pater,
3246 3465 3485 3523 clarifica
3538 3480 3625 3519 me

2037 3569 2324 3633 claritate,
2373 3572 2538 3636 quam
2574 3564 2767 3629 habui,
2812 3571 3112 3632 antequam
3171 3558 3413 3614 mundus
3454 3564 3624 3620 esset,

2038 3660 2186 3731 apud
2237 3668 2289 3714 te
2340 3660 2453 3712 ³⁸.»
2494 3657 2654 3724 Quod
2713 3662 2897 3710 autem
2948 3652 3294 3707 incarnatum
3340 3649 3437 3704 Dei
3490 3648 3628 3703 Ver-

2040 3754 2176 3809 bum
2229 3751 2537 3816 consideat,
2594 3757 2651 3805 et
2715 3747 2944 3818 aequalis
2993 3745 3179 3817 gloriae
3227 3743 3302 3797 sit
3348 3754 3475 3796 cum
3515 3740 3630 3794 Deo

2041 3854 2098 3901 et
2131 3847 2292 3900 Patre
2310 3843 2477 3897 etiam
2517 3857 2641 3897 eum
2670 3855 2860 3905 carne,
2892 3848 3150 3908 tanquam
3180 3849 3327 3889 unus
3357 3830 3632 3888 exsistens

2042 3940 2218 3995 Filius
2247 3938 2414 3993 etiam
2456 3935 2679 4006 quando
2729 3933 2937 3988 factum
2968 3940 3055 3986 est
3081 3929 3273 3993 homo,
3312 3924 3633 3980 manifestat

2043 4028 2487 4100 sapientissimus
2512 4025 2739 4087 Paulus,
2766 4022 3052 4078 scribens:
3102 4040 3118 4069 ι
3141 4018 3329 4073 Talem
3361 4014 3633 4070 habemus

2045 4120 2389 4192 pontiﬁcem,
2412 4118 2508 4189 qui
2539 4116 2697 4173 sedet
2722 4116 2778 4170 in
2809 4114 3036 4169 dextera
3073 4110 3259 4165 throni
3293 4105 3632 4178 magnitudi-

2038 4215 2135 4271 nis
2159 4214 2216 4268 in
2260 4211 2496 4268 excelsis
2526 4210 2591 4262 ⁰³.
2622 4228 2639 4260 υ
2683 4208 2958 4263 Praeterea
2993 4212 3049 4258 et
3084 4203 3200 4271 ipse
3235 4200 3504 4254 Dominus
3530 4212 3634 4251 no-

2049 4313 2166 4360 ster
2187 4304 2348 4359 Jesus
2368 4301 2643 4364 Christus,
2686 4295 3160 4365 interrogantibus
3200 4292 3381 4361 ipsum
3429 4288 3636 4342 Judaeis

2048 4411 2180 4451 num
2204 4396 2320 4465 ipse
2346 4401 2493 4450 esset
2512 4376 2918 4446 vereChristus
2946 4405 2959 4440 :
2995 4406 3014 4436 ‹
3050 4384 3108 4439 Si
3131 4382 3323 4439 dixero
3348 4379 3525 4445 vobis,
3550 4378 3637 4432 in-

2049 4488 2201 4558 quit,
2219 4501 2329 4541 non
2357 4482 2585 4541 creditis
2614 4500 2626 4535 :
2656 4490 2713 4536 et
2738 4480 2783 4535 si
2812 4480 3248 4548 interrogavero,
3281 4489 3390 4527 non
3410 4488 3641 4543 respon-

2000 4645 2021 4652 _
2050 4578 2272 4634 debitis.
2306 4575 2517 4631 Amodo
2564 4572 2673 4629 erit
2696 4572 2842 4626 ﬁlius
2878 4569 3117 4625 hominis
3146 4568 3344 4623 sedens
3367 4582 3398 4621 a
3448 4566 3644 4621 dexte-

339 4670 632 4742 ερωτήσω,
656 4667 719 4722 οὐ
746 4668 822 4740 μὴ
842 4666 1201 4738 ἀποκριθῆτε.
1247 4665 1381 4720 Ἀπὸ
1402 4666 1498 4719 τοῦ
1526 4665 1622 4721 νῦν
1648 4666 1708 4721 δὲ
1734 4664 1888 4719 ἔσται
1919 4669 1930 4712 c‘

2056 4672 2133 4726 ris
2158 4670 2381 4725 virtutis
2413 4666 2510 4722 Dei
2540 4666 2606 4719 9‘.
2640 4684 2658 4717 ι
2687 4664 2861 4736 Igitur
2879 4662 3048 4717 etiam
3077 4662 3424 4716 incarnatum
3442 4658 3645 4713 Filium

344 4761 471 4825 Υἱὸς
505 4759 608 4815 τοῦ
654 4758 947 4831 ἀνθρώπου
994 4759 1311 4830 καθήμενος
1348 4759 1414 4811 ὲκ
1447 4756 1639 4824 δεξιῶν
1663 4757 1761 4827 τῆς
1791 4756 1949 4811 δυνά-

345 4868 492 4920 μεως
524 4848 628 4905 τοῦ
670 4848 833 4903 Θεοῦ.
866 4869 886 4901 ι
919 4848 1130 4929 Ούκοῦν
1159 4849 1219 4903 ὲν
1257 4850 1374 4912 τοῖς
1398 4847 1498 4918 τῆς
1532 4847 1789 4920 θεότητος
1822 4847 1949 4919 θρό-

344 4959 455 5007 νοις
482 4942 585 4997 καὶ
615 4940 1123 5012 ἐνανθρωπήσαντα
1153 4941 1244 4997 τὸν
1269 4942 1398 4996 Υἱὸν
1420 4943 1449 4996 6
1475 4940 1582 4995 τῶν
1623 4938 1795 5009 ἁγίων
1820 4956 1953 5010 προ-

2056 4767 2112 4820 in
2145 4761 2451 4818 divinitatis
2474 4761 2612 4817 solio
2644 4767 2963 4815 sanctorum
3007 4754 3405 4826 prophetarum
3444 4751 3651 4805 chorus

2058 4856 2461 4925 contemplatus
2485 4860 2589 4909 est.
2644 4851 2941 4907 Videamus
2963 4856 3149 4903 autem
3192 4854 3250 4902 et
3283 4846 3421 4902 Novi
3454 4844 3648 4899 Testa-

2057 4949 2231 5004 menti
2271 4961 2573 5018 praecones,
2613 4944 2782 4999 totius
2802 4943 2956 4998 orbis
2985 4941 3263 5001 doctores,
3294 4938 3499 5008 quibus
3533 4936 3652 5005 ipse
3726 4978 3741 4987 .

350 5038 535 5108 ᾳητῶν
576 5034 776 5090 ἐθεᾶτο
799 5034 980 5104 χορός.
1031 5036 1263 5105 ’Ῐδωμεν
1291 5035 1346 5088 δὲ
1380 5034 1476 5088 καὶ
1520 5036 1646 5097 τοὺς
1684 5033 1784 5104 τῆς
1829 5032 1930 5085 νέαι

2061 5038 2318 5093 Christus
2350 5036 2609 5091 diccbat:
2648 5055 2667 5085 ‹
2718 5034 2837 5089 Νοη
2875 5047 2975 5086 vos
3013 5030 3149 5086 eStis
3195 5028 3288 5098 qui
3336 5025 3651 5095 loquimini,

345 5128 631 5200 Διαθήκης
659 5128 933 5198 κήρυκας,
959 5128 1087 5191 τοὺς
1108 5127 1206 5197 τῆς
1237 5127 1327 5196 ὑφ’
1352 5127 1504 5197 ἥλιον
1534 5125 1951 5196 μυσταγωγοὺς,

340 5215 425 5284 οἷς
451 5220 626 5284 αὐτὸς
657 5218 764 5290 ἔφη
791 5221 819 5271 6
844 5218 1100 5290 Χριστός·
1135 5237 1152 5270 ι
1189 5219 1304 5289 Οὐχ
1330 5221 1489 5290 ὑμεῖς
1524 5221 1646 5272 ἐστε
1668 5220 1716 5271 0i
1741 5215 1959 5269 λαλοῦν-

341 5331 460 5379 τες,
496 5312 641 5368 ἀλλὰ
675 5312 736 5365 τὸ
765 5311 994 5383 Πνεῦμα
1025 5312 1120 5365 τοῦ
1160 5312 1376 5383 Πατρὸς
1408 5310 1561 5382 ὑμῶν
1587 5310 1648 5363 τὸ
1674 5309 1867 5363 λαλοῦν
1898 5310 1957 5362 ἐν

347 5407 504 5476 ὑμῖν.
539 5425 560 5459 ι
596 5404 920 5475 Εύρήσομεν
953 5405 1134 5457 τοίνυν
1163 5404 1391 5472 λέγοντα
1414 5404 1507 5457 τὸν
1530 5402 1817 5457 θεσπέσιον
1853 5400 1960 5456 Βα-

2066 5128 2162 5184 sed
2189 5128 2430 5199 Spiritus
2457 5127 2635 5181 Patris
2664 5124 2837 5180 vestri
2854 5122 2948 5193 qui
2971 5121 3219 5197 loquitur
3242 5118 3298 5170 in
3322 5116 3483 5171 vobis
3505 5116 3575 5167 ³³.
3632 5133 3651 5165 ι

2063 5222 2416 5277 Inveniemus
2474 5222 2644 5291 igitur
2686 5218 2959 5273 dicentem
2997 5212 3244 5266 divinum
3291 5208 3591 5277 Baptistam
3641 5225 3656 5261 :

2076 5333 2093 5365 ι
2116 5315 2247 5369 Post
2279 5328 2367 5367 me
2402 5312 2553 5366 venit
2584 5312 2690 5375 vir,
2741 5308 2834 5377 qui
2870 5313 2996 5359 ante
3052 5316 3141 5355 me
3162 5299 3340 5354 factus
3396 5307 3500 5364 est,
3528 5300 3658 5369 quia

2065 5406 2218 5477 prior
2239 5421 2325 5461 me
2343 5405 2541 5460 erat".
2558 5426 2574 5454 υ
2599 5401 2773 5471 Atqui
2796 5393 3075 5467 quomodo
3089 5392 3185 5464 qui
3199 5391 3526 5463 postﬁpsum
3547 5391 3664 5446 ibat

349 5500 614 5585 πξιστήνο
655 5517 675 5550 ι
723 5497 930 5551 Ὀπίσω
961 5514 1062 5568 μου
1102 5498 1323 5568 ἔρχεται
1363 5497 1525 5569 ἀνὴρ,
1559 5496 1618 5561 ὃς
1648 5496 1926 5567 ἔμπροσθὲ

2068 5497 2220 5567 prior
2250 5498 2368 5566 ipso
2401 5495 2542 5551 fuit?
2567 5509 2693 5549 nam
2708 5489 2990 5547 Christum
3015 5497 3166 5542 certe
3191 5483 3497 5541 secundum
3525 5492 3664 5538 tem-

422 5662 476 5695 ⁸³
505 5663 650 5718 Dan.
676 5676 771 5727 vn,
800 5614 959 5716 9—H.
1042 5657 1086 5690 '9
1109 5657 1230 5713 Act.
1254 5674 1291 5722 ι,
1322 5658 1374 5713 9.
1453 5658 1497 5689 “
1520 5656 1739 5727 Philipp

1784 5673 1842 5719 ll,
1876 5657 1930 5723 6,

2095 5638 2143 5691 ’ί
2169 5659 2329 5714 Rom.
2355 5672 2470 5722 vm,
2499 5655 2553 5709 5.
2629 5654 2675 5684 θ’
2702 5652 2857 5708 Joan.
2891 5664 3019 5713 xvu,
3055 5648 3081 5701 ί
3188 5644 3424 5702 "Hebr.
3454 5657 3570 5707 VIII,
3600 5640 3654 5695 l.

348 5735 400 5765 ⁵⁸
430 5732 581 5791 Luc.
609 5748 738 5799 xm,
771 5729 967 5787 67-7l.
1049 5729 1096 5761 ⁸⁵
1126 5728 1316 5783 Matth.
1352 5744 1402 5796 τ,
1435 5728 1523 5781 20.
1602 5729 1647 5759 ³³⁸
1673 5728 1828 5821 J/oan.
1864 5742 1903 5792 ι,
1926 5728 2015 5781 27.

1486 5870 1663 5927 Variae
1694 5871 1961 5927 lcctiones
1996 5867 2204 5927 codicis
2234 5857 2575 5935 Seguieriani

445 5982 470 6011 ⁶
507 5972 629 6028 ναί.
