4048 6492
295 475 413 532 513

1722 436 2063 543 EPISTOLA
2101 485 2209 543 LV.
2252 486 2261 493 ³

3491 496 3603 558 314

295 593 401 645 καὶ
436 589 613 644 αὑτὸν
652 588 903 644 δεδόσθαι
957 592 1096 664 φησὶ
1153 595 1401 668 κεφαλὴν
1456 600 1523 671 τῇ
1589 600 1894 673 Ἐκκλησία

2029 611 2213 669 terra;
2237 612 2294 658 et
2322 601 2438 674 ipse
2459 612 2547 660 est
2568 609 2695 659 ante
2724 594 2929 671 omnia,
2962 613 3019 660 et
3039 605 3223 659 omnia
3257 604 3311 660 in
3338 606 3459 678 ipso
3478 624 3610 666 con-

307 681 568 752 χενὲσοαι
613 680 674 735 δὲ
725 682 823 735 καὶ
871 683 1138 757 ἀπαρχὴν
1178 686 1288 740 τῶν
1335 692 1788 762 κεκοιμημένων,
1818 692 1916 747 καὶ

285 773 664 843 ,πρωτότοκον
687 773 796 826 τῶν
831 776 1065 846 νεκρῶν.
1104 778 1297 833 Καίτοι
1334 780 1470 853 ζωὴ,
1510 785 1607 836 καὶ
1650 782 1915 849 ζωοποιὺς

282 870 329 920 ’ὁ
363 868 431 921 ἐκ
466 865 615 921 Θεοῦ
658 869 876 939 Πατρός
925 871 1047 923 ἐστι
1086 873 1279 940 Λόγος,
1306 873 1404 929 ατε
1441 875 1507 946 δὴ
1555 880 1651 931 καὶ
1678 880 1744 932 ἐκ
1769 880 1914 952 ζωῆς

290 960 545 1030 mag.
569 960 672 1014 τοῦ
700 961 960 1026 τεκόντος
978 962 1164 1019 αὐτόν.
1193 960 1327 1020 Εἶτα
1359 966 1478 1031 πῶς
1506 966 1734 1037 γέγονεν
1762 986 1915 1041 πρωι-

286 1048 531 1113 τότοκος
556 1053 626 1104 ὲκ
654 1050 896 1121 νεκρῶν,
924 1052 1022 1106 καὶ
1048 1054 1270 1127 ἀπαρχὴ
1309 1055 1422 1110 τῶν
1450 1059 1909 1131 κεκοιμημένωνς

301 1142 544 1214 Ἐπειδὴ
575 1142 690 1214 γὰρ
720 1143 824 1214 τὴν
850 1143 948 1198 τοῦ
981 1141 1217 1201 θανάτου
1245 1147 1504 1219 δεκτικὴν
1549 1151 1686 1206 ίδίαν
1718 1152 1913 1223 ἐποιή-

291 1251 437 1288 σατο
461 1236 676 1306 σάρκα,
714 1253 736 1287 ι
776 1236 965 1314 χάριτι
998 1236 1339 1305 Θεοῦ,.καθάι
1382 1256 1551 1315 φησιν
1578 1246 1609 1299 ό
1634 1244 1913 1315 πάνσοφος

291 1326 537 1394 Παῦλος,
570 1328 719 1402 ὑπὲρ
752 1328 958 1394 παντὸς
994 1330 1260 1399 ἐγεύσατο
1289 1333 1523 1389 θανάτου
1559 1353 1582 1388 ι
1620 1339 1687 1409 τῇ
1718 1336 1912 1392 παθεῖν

293 1419 460 1475 αὑτὸν
484 1421 779 1493 δυναμένῃ
808 1414 1133 1496 Eupatoria:
1165 1425 1458 1481 ἀποϐαλὼν
1486 1428 1651 1494 αὐτὸς
1678 1429 1741 1483 τὺ
1770 1424 1912 1484 εἶναι

301 1513 430 1583 ζωή.
456 1512 683 1569 οὐκοῦν
712 1515 825 1570 κᾶν
859 1512 911 1571 εί
937 1514 1154 1587 λέγοιτο
1197 1521 1376 1593 σαρκὶ⁸
1406 1522 1623 1587 παθεῖν,
1658 1524 1722 1578 οὐ
1748 1523 1911 1594 φύσει

300 1607 558 1679 θεότητος
585 1608 900 1677 εισδέξεται
922 1609 988 1663 τὸ
1016 1611 1229 1677 ⁸παθεῖν,
1266 1613 1383 1668 ἀλλ’
1421 1614 1498 1679 ὡς
1517 1614 1659 1687 ἔφην
1683 1616 1908 1686 ἀρτίως,

298 1700 406 1771 ἰδίᾳ
439 1701 621 1772 σαρκὶ
644 1704 717 1773 τῇ
748 1697 845 1755 τοῦ
887 1702 1099 1768 πάθους
1137 1704 1385 1778 δεκτικῇ.
1417 1707 1531 1761 Καὶ
1570 1707 1705 1773 γοῦν
1733 1710 1764 1762 ὁ
1802 1724 1905 1780 μα-

293 1794 493 1863 κάριος
515 1796 820 1866 προφήτης
857 1790 1086 1862 Ἡσαΐας
1116 1797 1619 1872 ὲνανθρωπήσαντα
1650 1801 1784 1856 Θεδν
1818 1802 1911 1857 τὸν

290 1885 466 1954 σαρκὶ
498 1885 757 1941 παθόντα
780 1883 1089 1956 γινώσκω,
1116 1889 1222 1961 ἔφη
1254 1908 1359 1945 που
1388 1893 1518 1965 περὶ
1554 1893 1783 1949 αὐτοῦ’(
1822 1894 1909 1960 Ὠς

292 1976 577 2047 πρόϐατον
626 1980 722 2033 ἐπὶ
774 1981 997 2052 σφαγὴν
1034 1981 1208 2053 ἤχθη,
1252 1983 1349 2037 καὶ
1389 1983 1467 2048 ὡς
1498 1985 1670 2058 ἀμνὸς
1702 1987 1909 2054 ἄκακος

304 2067 556 2123 ἐναντίον
600 2069 693 2124 τοῦ
750 2071 1032 2144 κείροντος
1082 2074 1265 2139 αὐτὸν,
1304 2075 1542 2146 ἄφωνος,
1588 2076 1763 2144 οὕτως
1807 2079 1911 2134 οὐκ

324 2158 539 2227 ὸνοὶγει
562 2159 631 2214 ἰδ
660 2160 822 2235 στόμα
848 2165 1045 2219 αὐτοῦ.
1085 2167 1176 2221 Ἐν
1207 2167 1273 2239 τῇ
1306 2168 1634 2225 ταπεινώσει
1669 2167 1836 2226 αὑτοῦ
1871 2170 1904 2244 ἡ

329 2249 519 2321 κρίσις
546 2250 710 2307 αὐτοῦ
739 2253 894 2327 ῆρθη·
942 2255 1045 2329 τὴν
1089 2257 1146 2312 δὲ
1176 2260 1371 2329 γενεὰν
1406 2261 1572 2317 αὐτοῦ
1599 2265 1684 2327 τίς
1710 2262 1906 2336 διηγή-

325 2358 519 2411 σεταις
554 2343 673 2399 Ὅτι
707 2345 917 2418 αἴρεται
958 2350 1071 2403 ἀπὸ
1107 2351 1210 2422 τῆς
1248 2350 1354 2424 γῆς
1387 2354 1422 2423 ἡ
1477 2354 1591 2427 ζωὴ
1639 2353 1827 2411 αὐτοῦ.
1883 2374 1903 2410 ι

312 2433 507 2490 Καίτοι
528 2437 687 2508 εἴπερ
711 2456 799 2504 τις
823 2436 897 2512 ἦν
933 2442 1244 2515 ἄνθρωπος,
1277 2447 1373 2500 καὶ
1398 2444 1581 2512 ίδικῶς
1615 2447 1737 2502 νοού
1746 2462 1909 2520 μενος

306 2525 442 2589 υίὸς,
485 2529 838 2600 συνημμένος
891 2531 951 2585 δὲ
998 2532 1142 2605 Θεῷ,
1182 2535 1329 2593 καθά
1365 2548 1533 2607 φασιν
1569 2540 1618 2591 οἱ
1656 2539 1769 2593 τῶν
1814 2540 1909 2595 ἀνε-

299 2620 461 2674 οσίων
478 2619 778 2692 δογμάτων
796 2624 1119 2696 εἰσηγηταὶ,
1140 2627 1259 2692 πῶς
1289 2628 1371 2682 ἔτι
1397 2628 1721 2700 δυσεύρετος
1746 2631 1776 2685 ό
1808 2630 1906 2705 τὴν

292 2708 487 2777 γενεὰν
507 2712 686 2766 αὑτοῦ
704 2714 1082 2785 διηγήσασθαι
1108 2718 1436 2789 δυνάμενοςς
1473 2716 1673 2791 Γέγονε
1704 2723 1816 2796 γὰρ
1838 2724 1905 2778 ὲκ

289 2802 615 2875 σπέρματος
680 2807 889 2862 Ἰεσσαὶ⁵
943 2809 1041 2862 καὶ
1089 2796 1273 2866 Δαυῖδ.
1320 2810 1432 2885 Τὴν
1468 2812 1526 2867 δέ
1553 2831 1617 2884 γε
1641 2813 1735 2869 τοῦ
1765 2810 1903 2870 Θεοῢ

285 2896 463 2965 Λόγου
488 2898 784 2970 γέννησιν,
812 2900 934 2972 ἦτοι
963 2901 1058 2956 τὸν
1096 2903 1197 2974 τῆς
1219 2906 1533 2977 γεννήσεως
1562 2905 1786 2979 τρόπον,
1818 2909 1903 2973 τίς

284 2988 315 3040 δ
348 2987 517 3056 φάναι
543 2990 900 3063 δυνάμεως
941 3012 960 3045 ι
1013 2994 1238 3065 Ατρεται
1276 2996 1388 3069 γὰρ
1437 2998 1547 3052 ἀπὸ
1590 2994 1692 3069 τῆς
1731 2994 1901 3071 γῆςή

288 3079 401 3150 ζωὴ
444 3079 647 3147 αὑτοῦ,
682 3100 705 3134 ι
732 3082 1019 3138 τουτέστιν
1048 3087 1082 3156 ὴ
1104 3085 1363 3159 ὖπαρξιςο
1391 3086 1607 3142 τέθεικε
1634 3089 1745 3159 γὰρ
1777 3090 1901 3144 ἀντὶ

287 3171 386 3241 τῆς
423 3171 728 3245 ὑπάρξεως
782 3174 891 3247 τήν
946 3175 1118 3247 ζωήν.
1173 3175 1341 3249 ’Υψοῦ
1405 3178 1462 3234 δὲ
1521 3181 1749 3252 διᾴττει,
1805 3183 1902 3238 καὶ

290 3263 667 3337 ὑπερνήχεται
711 3266 842 3331 τοὺς
905 3266 1000 3321 ἐπὶ
1027 3264 1131 3341 τῆς
1179 3271 1305 3342 γῆς.
1354 3268 1736 3345 ’Ᾱπερινόητος
1766 3274 1897 3346 γὰρ,

288 3356 384 3408 καὶ
407 3355 804 3428 ἀπρόσόλητος
836 3358 1121 3425 παντελῶς
1150 3360 1274 3427 ταῖς
1300 3362 1610 3434 ἀνθρώπων
1639 3364 1907 3430 διανοίαις

288 3447 317 3499 ό
344 3446 473 3520 περὶ
488 3451 595 3521 τῆς
626 3451 880 3523 ἀρρήτου
928 3452 1147 3522 φύσεως
1171 3454 1367 3524 Λόγος.
1405 3451 1763 3527 Προσεποίσω
1790 3463 1904 3524 τοῖς

290 3540 633 3612 εἰρημένοις,
676 3540 775 3596 καὶ
820 3543 963 3598 τόδεο
1001 3563 1019 3596 ι
1065 3540 1163 3610 Εἷς
1202 3546 1428 3619 Κύριος,
1478 3549 1577 3618 μία
1613 3550 1820 3616 πίστις,
1844 3551 1903 3605 ἓν

292 3632 603 3707 βάπτισμα,
646 3651 667 3687 ι
704 3637 854 3691 καθα
881 3651 1047 3707 φησιν
1070 3639 1098 3694 ὁ
1132 3639 1428 3713 ίερώτατος
1468 3641 1702 3708 Παῦλος.
1752 3645 1905 3710 Ένὸς

289 3720 382 3779 οὖν
410 3722 570 3791 ὄντος
609 3728 850 3800 Κυρίου,
902 3729 1143 3796 πίστεώς
1185 3742 1247 3786 τε
1295 3735 1446 3805 μιᾶς,
1494 3736 1591 3789 καὶ
1624 3737 1771 3801 ἑνὸς
1808 3738 1905 3809 βα-

291 3821 626 3891 πτίσματος,
643 3822 730 3885 τίς
761 3824 790 3876 δ
820 3822 1049 3895 Κύριος,
1073 3825 1166 3878 καὶ
1190 3826 1271 3889 είς
1304 3825 1425 3880 τίνα
1456 3828 1904 3900 πεπιστεύκαμεν

290 3926 349 3964 τε
381 3915 478 3966 καὶ
505 3913 957 3986 βεϐαπτίσμεθιη
1014 3916 1157 3971 Ἀλλ’
1194 3916 1326 3983 ἴσως
1365 3918 1600 3990 πρέπειν
1630 3920 1711 3974 ὅτι
1741 3922 1901 3993 μάλι-

292 4019 395 4056 στα
423 4004 561 4074 φαίη
602 4016 690 4069 τις
718 4005 808 4072 ἂν,
840 4006 921 4077 τῷ
950 4008 1015 4060 ὲκ
1045 4006 1181 4062 Θεοῦ
1225 4009 1440 4082 [ἰατρὸς
1471 4009 1585 4065 ὄντι
1608 4011 1768 4084 Λόγῳ
1804 4014 1904 4086 τήν

290 4110 349 4150 τε
380 4098 709 4170 κυριότητα,
763 4100 861 4152 καὶ
896 4098 997 4171 τὴν
1041 4101 1225 4155 πίστιν
1270 4103 1370 4174 τὴν
1413 4103 1550 4174 πρὸς
1597 4102 1780 4176 ἡμῶν,
1812 4107 1901 4160 ἐπ’

292 4188 442 4261 αὖτῷ
471 4187 533 4243 δὲ
560 4188 861 4255 τελεῖσθαι,
897 4192 993 4244 καὶ
1017 4191 1078 4245 τὸ
1113 4193 1383 4265 σωτήριον
1403 4192 1714 4267 βάπτισμα.
1741 4195 1901 4252 Οὕτω

295 4280 402 4351 γάρ
455 4295 566 4333 που
627 4281 742 4344 τοῖς
779 4280 959 4349 ἁγίοις
1002 4281 1321 4347 ἀποστόλοις
1362 4284 1666 4339 ἐνετείλατο
1702 4286 1897 4363 λέγων·

301 4391 319 4424 ι
352 4372 728 4444 Πορευθέντες
778 4374 1162 4447 μαθητεύσατε
1193 4377 1373 4432 πάντα
1418 4378 1486 4431 τὰ
1523 4378 1674 4451 ἔθνη,
1700 4378 1900 4451 βαπτί-

297 4466 478 4532 ζοντες
528 4467 734 4530 αὐτοὺς
773 4467 855 4530 είς
902 4467 965 4521 τὸ
1013 4467 1183 4540 ὄνομα
1240 4469 1335 4523 τοῦ
1387 4469 1621 4542 Πατρδς,
1660 4471 1755 4525 καὶ
1804 4469 1899 4524 τοῦ

293 4556 447 4625 Υίοῦ,
489 4557 595 4611 καὶ
624 4555 725 4610 τοῦ
757 4557 914 4626 ἁγίου
953 4553 1297 4631 Πνεῦματος.
1335 4580 1354 4613 ι
1389 4560 1456 4615 Ὅ
1475 4579 1538 4630 γε
1564 4561 1674 4633 μὴν
1699 4561 1901 4616 θεσπὲ-

2016 692 2224 750 stant":
2263 710 2280 746 ι
2314 702 2372 750 et
2400 695 2578 767 ipsum
2606 696 2795 773 datum
2827 709 2949 750 esse
2967 694 3045 750 ait
3070 705 3235 767 caput
3276 697 3537 757 Ecclesia
3560 699 3606 768 ⁸,

2016 784 2334 858 facturaque
2357 803 2481 844 esse
2516 787 2797 859 primitias
2820 787 3216 842 dormientium
3244 790 3291 857 ⁸,
3315 800 3370 845 et
3393 791 3605 862 primo-

2016 879 2265 951 genitum
2295 896 2363 936 ex
2394 880 2632 936 mortuis
2657 880 2720 934 ¹⁰.
2757 878 2924 950 Atqui
2954 881 3068 935 vita
3092 887 3149 935 et
3178 879 3469 938 viviﬁcans
3517 892 3607 940 est

2015 970 2152 1026 illud
2186 985 2253 1028 ex
2277 973 2391 1027 Deo
2416 973 2581 1027 Patre
2617 971 2883 1038 Verbum,
2922 980 3115 1042 utpote
3131 987 3200 1027 ex
3226 974 3339 1028 vita
3390 985 3602 1044 natum,

2014 1077 2081 1119 ex
2104 1078 2172 1120 eo
2194 1076 2395 1134 nempe
2418 1063 2512 1134 qui
2543 1063 2735 1135 genuit
2760 1076 2909 1133 eum.
2943 1062 3102 1130 Quod
3129 1063 3177 1117 si
3221 1061 3298 1116 ita
3338 1073 3442 1129 est,
3471 1080 3609 1135 quo-

2013 1156 2181 1213 modo
2208 1156 2413 1213 factum
2437 1163 2522 1211 est
2575 1155 2978 1227 primogenitus
3009 1170 3078 1209 ex
3116 1155 3371 1220 mortuis,
3417 1167 3473 1212 et
3490 1157 3606 1227 pri-

2014 1250 2184 1305 mitiaa
2235 1247 2673 1304 dormientium?
2724 1246 2997 1302 Nimirum
3053 1245 3182 1317 quia
3246 1255 3608 1319 posteaquam

2012 1338 2210 1396 mortis
2239 1340 2610 1411 susceptivam
2637 1351 2862 1395 carnem
2896 1337 3178 1409 propriam
3218 1336 3371 1403 fecit,
3408 1356 3427 1391 ι
3465 1336 3637 1408 ειη-η

2014 1428 2089 1485 tia
2142 1425 2273 1495 Dei,
2318 1429 2461 1486 sicut
2510 1426 2649 1485 dicit
2693 1428 3141 1499 sapientissimus
3189 1427 3434 1496 Paulus,
3503 1443 3607 1499 pro

2011 1520 2275 1576 omnibus
2314 1522 2555 1593 gustavit
2590 1532 2825 1576 mortem
2860 1520 2926 1586 “,
2967 1534 3112 1592 iper
3174 1536 3420 1588 carnem,
3474 1536 3600 1593 quas

2012 1619 2247 1667 mortem
2278 1612 2391 1682 pati
2418 1610 2618 1682 potuit,
2646 1626 2758 1666 non
2789 1611 2969 1681 ipsum
2998 1609 3260 1666 amittens
3296 1612 3598 1684 quominus

2011 1712 2159 1761 esset
2211 1705 2344 1760 vita.
2393 1705 2587 1776 Itaque
2608 1704 2826 1760 etiamsi
2874 1700 3095 1759 dicatur
3142 1716 3311 1759 carne
3378 1719 3603 1774 passum

2012 1811 2156 1863 esse,
2192 1806 2303 1851 non
2328 1795 2776 1851 natura-deitatis
2799 1795 3066 1865 suscipiet
3108 1794 3444 1864 passionem,
3481 1794 3600 1860 sed,

2014 1894 2077 1940 ut
2105 1885 2219 1959 jam
2241 1880 2399 1952 dixi,
2441 1880 2606 1956 188
2643 1884 2870 1955 propria
2897 1896 3090 1949 carne,
3137 1894 3261 1954 qua:
3316 1882 3606 1953 passiones

1942 1964 1982 2052 Β
2013 1979 2180 2051 capit.
2205 1976 2364 2035 Unde
2409 1986 2467 2034 et
2497 1979 2695 2033 beatus
2750 1974 2941 2040 Isaias,
2997 1975 3153 2047 illum
3179 1988 3347 2030 carne
3382 1989 3606 2045 passum

2014 2084 2317 2143 agnoscens
2357 2065 2534 2126 Deum
2582 2082 2706 2125 esse
2756 2067 3143 2133 humanattnn,
3182 2064 3251 2121 de
3285 2065 3381 2120 illo
3408 2065 3550 2120 dixit
3586 2082 3602 2123 :

2020 2185 2041 2218 ι
2068 2165 2225 2222 Sicut
2247 2167 2368 2222 ovis
2381 2165 2450 2221 ad
2474 2163 2813 2221 occisionem
2832 2165 3034 2219 ductus
3056 2171 3161 2229 est,
3185 2169 3243 2218 et
3264 2162 3409 2218 sicut
3429 2177 3627 2234 agnus

2012 2259 2280 2314 innocens
2330 2270 2520 2312 coram
2575 2255 2844 2311 tondente
2895 2270 2977 2322 se,
3034 2255 3155 2310 sine
3179 2268 3337 2318 voce,
3383 2254 3463 2309 sic
3490 2268 3603 2309 non

2010 2348 2232 2420 aperuit
2255 2363 2319 2404 os
2342 2362 2523 2404 suum.
2552 2348 2614 2403 ln
2640 2344 2956 2402 humilitate
2980 2347 3446 2419 ipsiusjudicium
3480 2348 3605 2418 ejus

2009 2442 2286 2499 sublatum
2312 2449 2397 2497 est
2426 2457 2440 2495 ι
2472 2440 2974 2511 etgenerationem
3002 2439 3123 2510 ejus
3139 2439 3265 2509 quis
3286 2438 3604 2493 enarrabit?

2008 2534 2149 2603 Quia
2205 2534 2420 2589 tollitur
2447 2528 2517 2588 de
2572 2541 2721 2588 terra
2746 2531 2861 2587 vita
2895 2532 3018 2602 ejus
3045 2529 3162 2584 η.»
3202 2529 3369 2601 Atqui
3398 2531 3445 2585 si
3501 2530 3606 2585 ali-

2007 2628 2136 2699 quis
2157 2626 2353 2682 fuisset
2381 2626 2568 2691 homo,
2597 2631 2655 2679 et
2687 2623 2919 2679 seorsim
2949 2621 3352 2693 intelligeretur
3403 2621 3599 2688 Filius,

2006 2714 2105 2774 sed
2134 2716 2466 2789 conjunctus
2497 2715 2633 2780 Deo,
2658 2714 2805 2769 sicut
2830 2713 3028 2768 dicunt
3052 2712 3349 2782 impiorum
3377 2711 3602 2784 dogma-

2008 2817 2125 2865 tum
2150 2816 2427 2873 auctores,
2455 2806 2736 2877 quomodo
2763 2805 2878 2876 jam
2903 2802 3125 2860 dimcile
3149 2803 3602 2879 invenieturgjui

2005 2902 2420 2973 generationem
2446 2900 2570 2970 ejus
2597 2908 2860 2954 enarrare
2881 2895 3105 2967 possit?
3122 2894 3326 2950 Factus
3344 2895 3492 2952 enim
3516 2901 3603 2951 est

2004 3009 2073 3050 ex
2091 2993 2302 3051 semine
2324 2986 2493 3049 Iessee
2515 2997 2571 3047 et
2596 2990 2770 3047 David
2793 2989 2857 3044 “.
2887 2989 2986 3045 Dei
3012 2998 3200 3044 autem
3221 2984 3391 3045 Verbi
3422 3004 3598 3062 gene—

2003 3087 2299 3151 rationem,
2354 3085 2471 3141 sive
2516 3081 2893 3155 generationis
2934 3080 3185 3146 modum,
3238 3081 3365 3151 quis
3413 3080 3601 3138 dicere

2003 3177 2250 3250 poterit?
2276 3196 2296 3229 ι
2333 3176 2571 3231 Tollitur
2608 3174 2760 3230 enim
2803 3188 2836 3229 a
2870 3180 3023 3229 terra
3062 3172 3177 3228 vita
3233 3173 3377 3244 ejus,
3415 3191 3433 3224 ι
3492 3172 3602 3228 hoc

2003 3277 2090 3327 est
2113 3268 2431 3326 exsistentia
2459 3285 2471 3322 :
2514 3266 2701 3338 posuit
2739 3266 2889 3320 enim
2921 3278 3024 3336 pro
3053 3265 3376 3321 exsistentia
3405 3266 3598 3320 vitam.

2004 3362 2067 3419 ln
2094 3361 2331 3417 sublime
2375 3368 2559 3413 autem
2585 3355 2802 3411 tollitur
2825 3362 2882 3411 et
2939 3353 3308 3425 superfertur,
3358 3355 3600 3410 eminet-

2006 3464 2115 3526 que
2162 3451 2423 3510 omnibus
2468 3449 2563 3521 qui
2605 3447 2818 3517 suntin
2869 3454 3019 3501 terra
3045 3446 3110 3501 ¹⁶.
3145 3446 3285 3501 Nam
3344 3447 3602 3503 humana:

2005 3548 2181 3605 menti
2215 3554 2400 3617 neque
2425 3538 2950 3613 comprehensibilis
2975 3545 3080 3604 est,
3133 3548 3316 3609 neque
3371 3553 3603 3608 prorsus

2004 3638 2364 3702 accessibilis,
2393 3634 2485 3690 illa
2512 3631 2810 3688 ineﬁabilis
2831 3638 3046 3707 natura;
3069 3629 3237 3684 ratio.
3281 3626 3602 3695 Quinetiam

2005 3730 2143 3786 illud
2161 3732 2272 3803 jam
2314 3728 2480 3784 dictis
2510 3725 2767 3797 adjiciam
2806 3741 2819 3777 :
2880 3742 2899 3775 ι
2962 3720 3119 3778 Unus
3151 3722 3441 3786 Dominus,
3492 3738 3603 3778 una

2006 3821 2163 3889 fides,
2178 3835 2349 3877 unum
2368 3819 2660 3890 baptisma,
2685 3834 2703 3867 ι
2728 3815 2872 3871 sicut
2886 3813 3024 3870 dicit
3043 3813 3605 3870 sacratissimusPau-

2004 3916 2093 3971 lus
2124 3914 2189 3968 ".
2215 3914 2407 3983 Itaque
2435 3920 2565 3967 cum
2592 3924 2736 3964 unus
2771 3907 2844 3963 sit
2863 3902 3154 3973 Dominus,
3181 3914 3239 3961 et
3262 3921 3436 3960 unum
3469 3904 3605 3975 bap-

2008 4001 2191 4067 tisma,
2213 4000 2339 4071 quis
2360 3999 2452 4054 ille
2479 4005 2564 4054 est
2583 3994 2945 4069 Dominusjet
2968 3996 3024 4050 in
3047 3993 3600 4085 quem’credidimus,

2006 4107 2063 4156 et
2080 4095 2345 4168 baptizati
2370 4093 2607 4150 sumus?
2626 4092 2788 4162 Atqui
2809 4090 3047 4146 maxime
3072 4089 3374 4147 convenire
3399 4087 3604 4143 dixerit

2009 4190 2283 4263 quispiam
2300 4188 2380 4243 illi
2393 4204 2462 4243 ex
2484 4186 2596 4241 Deo
2617 4186 2775 4240 Patre
2791 4184 2971 4240 Verbo
2994 4191 3109 4237 tum
3143 4180 3600 4246 dominationem,
3692 4234 3707 4255 ί

2009 4291 2126 4337 tum
2157 4280 2320 4352 tidem
2357 4292 2387 4332 a
2422 4276 2585 4331 nobis
2613 4273 2934 4345 praestitam,
2965 4272 3020 4326 in
3054 4271 3176 4342 ipso
3211 4271 3378 4326 etiam
3411 4270 3602 4341 peragi
3688 4319 3699 4325 -

2005 4374 2246 4429 salutare
2263 4365 2657 4438 baptisma.Sic
2679 4365 2830 4418 enim
2843 4363 3049 4417 sanctis
3061 4359 3328 4432 apostolis
3339 4360 3603 4430 praecepit

2002 4466 2227 4521 dicens:
2263 4481 2281 4514 ι
2304 4461 2515 4516 Euntes
2554 4454 2748 4514 docete
2775 4470 2967 4510 omnes
3002 4462 3214 4526 gentes,
3261 4451 3602 4523 baptizantes

2005 4573 2103 4615 eos
2129 4556 2186 4611 in
2211 4552 2441 4611 nomine
2457 4550 2661 4615 Patris,
2685 4555 2742 4604 et
2765 4547 2913 4613 Filii,
2948 4546 3260 4617 etSpiritus
3276 4544 3452 4601 sancti
3476 4544 3540 4599 ³⁸.
3573 4563 3592 4597 ι

295 4666 405 4715 ato;
438 4649 665 4714 Παῦλος
691 4650 790 4721 τὴν
829 4654 928 4722 τῆς
971 4651 1293 4725 κυριότητος
1332 4652 1514 4720 δόξαν,
1554 4655 1650 4708 καὶ
1691 4655 1791 4727 τῆς
1819 4655 1904 4708 πί-

2007 4648 2283 4706 Caeterum
2314 4643 2536 4700 divinus
2581 4639 2787 4696 Paulus
2836 4636 3232 4694 dominationis
3262 4635 3517 4709 gloriam,
3545 4643 3603 4692 et

297 4754 469 4805 στεως
494 4742 601 4813 τὴν
624 4740 941 4812 ὁμολογίαν,
983 4743 1076 4796 καὶ
1113 4743 1215 4813 τὴν
1260 4741 1354 4796 τοῦ
1394 4743 1554 4812 ἁγίου
1585 4743 1902 4815 βαπτίσμα-

292 4851 379 4899 τος
410 4834 654 4906 δύναμιν
695 4834 913 4906 ἐμφανῆ
959 4834 1274 4906 καθίστησι,
1309 4835 1517 4903 λέγων’
1551 4856 1570 4887 ι
1608 4835 1700 4908 Μὴ
1740 4837 1904 4908 εἴπῃς

297 4927 350 4978 ἐν
379 4929 447 4997 τῇ
496 4924 707 4997 καρδίᾳ
738 4942 853 4978 σουο
896 4926 993 4991 Τίς
1033 4926 1368 4997 ἀναδήσεται
1397 4928 1478 4990 εἰς
1514 4927 1604 4981 τὸν
1640 4928 1899 5000 οὐρανόν;

296 5017 539 5070 τουτέστι
559 5015 800 5087 Χριστὸν
817 5019 1179 5085 καταγαγεῖνο
1208 5016 1264 5089 ἢ,
1292 5017 1390 5080 Τίς
1417 5016 1791 5088 καταϐήσεται
1823 5019 1904 5083 εἰς

290 5107 385 5176 τὴν
408 5104 693 5171 ἄϐυσσονς
716 5107 966 5161 τουτέστι
992 5096 1229 5179 Χριστὸν
1253 5109 1554 5178 ἀναγαγεῖν
1578 5113 1645 5162 ἐκ
1663 5109 1896 5183 νεκρῶν.

301 5198 464 5255 Ἀλλὰ
498 5197 557 5253 τί
589 5198 799 5271 λέγειὴ
838 5196 1063 5274 Γραφής
1111 5196 1311 5270 Ἐγγύς
1345 5218 1437 5254 σου
1471 5201 1534 5256 τὸ
1562 5200 1717 5273 ῥῆμά
1749 5204 1901 5257 ἐστιν

288 5289 342 5341 ὲν
372 5288 454 5361 τῷ
484 5282 723 5361 στόματί
766 5306 884 5352 σου,
917 5289 1012 5344 καὶ
1054 5289 1112 5343 ὲν
1141 5292 1209 5362 τῇ
1258 5290 1460 5363 καρδία
1501 5308 1616 5348 σου.
1646 5290 1772 5347 ’Ότι
1804 5293 1900 5346 ἐὰν

289 5383 472 5454 εἴπῃς·
509 5379 724 5452 Κύριος
765 5380 1000 5452 Ἰησοῦς,
1032 5383 1127 5437 καὶ
1155 5383 1455 5456 πιστεύσῃς
1501 5384 1561 5439 ὲν
1592 5382 1659 5457 τῇ
1702 5385 1900 5458 καρδίᾳ

290 5493 409 5537 σου,
443 5476 539 5530 ὅτι
563 5476 593 5528 ὁ
620 5474 754 5540 Θεὸς
792 5473 1018 5546 ῆγειρεν
1046 5472 1211 5532 αὑτὸν
1246 5478 1312 5553 ἐκ
1344 5477 1578 5549 νεκρῶν,
1613 5477 1892 5552 σωθήσῃ.»

289 5568 505 5640 Γράφει
536 5567 596 5623 δὲ
628 5567 815 5623 πάλιν
859 5586 878 5619 ι
919 5570 1034 5623 Οὐκ
1064 5569 1267 5634 οἴδατε,
1295 5572 1379 5625 ὅτι
1416 5571 1530 5624 ὅσοι
1560 5570 1898 5643 ἐϐαπτίσθη-

293 5680 395 5733 μεν
428 5663 515 5728 είς
560 5663 803 5732 Χριστὸν
876 5662 1108 5734 Ἰησοῦν,
1154 5665 1237 5728 είς
1297 5663 1391 5717 τὸν
1447 5661 1677 5720 θάνατον
1732 5664 1897 5719 αὑτοῦ

443 5794 656 5855 Coloss.
712 5815 752 5865 l,
814 5798 1007 5855 15-17.
1110 5798 1133 5832 ⁸
1172 5801 1311 5856 Ibid.
1357 5801 1443 5856 18.

296 5867 432 5943 Lg.
550 5870 724 5943 ulsa.
761 5885 837 5936 ιιι,
871 5869 923 5925 1.
1029 5871 1298 5943 “Ephes.
1350 5889 1424 5939 ιν,
1477 5871 1631 5927 8-10.

301 5938 343 5973 ⁸⁸
376 5939 539 5995 Rom.
557 5956 630 6009 vi,
651 5940 705 5996 5.

1548 5802 1569 5833 θ
1604 5801 1780 5857 lCor.
1819 5801 1905 5861 15,
1942 5800 2030 5854 90.

1548 5871 1631 5927 10.
1736 5872 1945 5927 "Ibid.
1999 5872 2050 5926 5.

2008 4738 2139 4795 ﬁdei
2188 4733 2614 4798 confessionem,
2682 4738 2740 4788 et
2783 4729 2959 4786 sancti
3012 4726 3275 4799 baptismi
3333 4727 3602 4783 virtutem

2007 4830 2358 4903 perspicuam
2391 4824 2542 4888 facit,
2589 4822 2824 4877 dicens:
2859 4837 2879 4870 ι
2916 4818 2996 4874 Ne
3026 4816 3249 4902 dixeris
3278 4815 3335 4872 in
3385 4816 3555 4873 corde
3585 4835 3599 4871 :

2006 4922 2141 4990 Quis
2168 4916 2431 4976 ascendet
2452 4916 2508 4970 in
2526 4913 2775 4970 caelum?
2815 4913 2922 4967 hoc
2952 4919 3040 4967 est
3091 4904 3378 4966 Christum
3423 4908 3604 4965 dedu-

2006 5032 2174 5081 cere;
2229 5020 2323 5068 aut
2360 5029 2372 5065 :
2422 5008 2557 5077 Quis
2594 5005 2895 5063 descendet
2932 5004 2989 5058 in
3030 5002 3330 5075 abyssum?
3372 5002 3480 5056 hoc
3520 5009 3613 5085 est

2007 5107 2290 5164 Christum
2319 5117 2388 5159 ex
2410 5101 2645 5157 mortuis
2672 5098 2960 5154 reducere.
2986 5092 3096 5152 Sed
3122 5093 3255 5165 quid
3293 5092 3432 5146 dicit
3450 5091 3603 5147 Scri-

2009 5209 2171 5272 ptura
2193 5198 2218 5252 ’ί
2244 5196 2422 5267 Prope
2477 5200 2563 5248 est
2594 5191 2826 5247 verbum
2857 5188 2912 5242 in
2940 5196 3040 5240 ore
3080 5192 3197 5248 tuo,
3228 5186 3286 5237 et
3326 5182 3383 5235 in
3433 5180 3605 5272 corde

2009 5271 2123 5348 tuo.
2150 5286 2306 5358 Quod
2330 5288 2374 5344 si
2410 5284 2619 5342 dixeris
2659 5301 2671 5338 :
2700 5278 2970 5337 Dominus
2998 5275 3193 5339 Jesus;
3221 5278 3279 5327 et
3341 5271 3601 5327 credide-

2006 5386 2085 5441 ris
2112 5384 2165 5440 in
2194 5381 2362 5439 corde
2393 5390 2488 5436 tuo
2513 5375 2665 5449 quod
2690 5373 2837 5429 Deus
2864 5370 3043 5440 ipsum
3072 5364 3336 5422 excitavit
3357 5381 3426 5422 ex
3454 5381 3604 5422 mor-

2005 5480 2136 5545 tuis,
2168 5477 2352 5533 salvus
2379 5473 2492 5529 eris
2516 5471 2581 5524 ".
2610 5487 2629 5519 ι
2664 5462 2871 5521 Scribit
2893 5461 3060 5516 etiam
3086 5458 3290 5513 iterum
3319 5475 3331 5512 :
3367 5476 3384 5510 ι
3412 5455 3605 5512 Nesci-

2006 5552 2078 5629 tis
2111 5569 2260 5641 quod
2303 5568 2621 5639 quicunque
2674 5553 2939 5627 baptizati
2985 5564 3179 5609 sumus
3222 5551 3278 5605 in
3316 5548 3603 5641 Christum

2006 5640 2217 5729 Jcsum,
2247 5661 2303 5716 in
2338 5662 2573 5714 mortem
2610 5652 2730 5724 ejus
2768 5647 3035 5720 baptizati
3075 5660 3268 5703 sumus
3296 5640 3373 5697 '3?
3408 5661 3426 5693 ι
3460 5640 3605 5698 Ecca

2726 5785 2768 5817 ¹¹
2802 5784 2973 5840 Hebr.
3013 5800 3071 5848 η,
3108 5783 3160 5837 9.
3263 5780 3303 5811 "
3344 5776 3448 5832 Isa.
3485 5791 3599 5848 tri}.

2134 5800 2175 5831 ¹⁰
2208 5796 2419 5854 Coloss.
2451 5809 2492 5859 ι,
2528 5789 2615 5844 18.
2726 5789 2768 5817 ¹¹
2802 5789 2973 5840 Hebr.
3013 5800 3071 5848 η,
3108 5789 3160 5837 9.
3263 5789 3303 5811 "
3345 5789 3448 5832 Isa.
3485 5791 3598 5832 Lm.

2168 5871 2209 5901 ιε
2258 5866 2447 5916 Matth.
2520 5874 2706 5916 mm.
2778 5855 2989 5916 18.19.
3100 5852 3307 5908 "Rom
3373 5863 3430 5916 ι,
3471 5845 3598 5903 6-9-

2168 5871 2209 5901 ”
2255 5866 2447 5922 Matth.
2479 5855 2485 5859 ⁷
2520 5874 2706 5924 xxwtt,
2778 5855 2868 5922 18,
2902 5855 2989 5911 19.
