4048 6446
1515 411 1570 470 S.
1613 414 1887 475 CYRILLI
1925 421 2397 512 ALEXANDBINI
2433 435 2753 497 ARCHIEP.

3669 460 3777 518 5m

492 515 605 587 jam
638 515 923 571 manifeste
960 512 1077 571 tum
1107 516 1521 590 dominationis,
1553 531 1668 583 tum
1702 529 1830 585 ﬁdei
1865 532 2062 590 confes-

498 606 706 639 ιῖηηοπνὶ
763 608 924 639 ὀη
954 609 1237 639 ἔηηηωη-..α
1270 616 1442 639 ...η-,ιιι
1478 617 1819 639 L-_‘:__A_.o,
1957 626 1990 639 --

2187 538 2627 618 ὲῦαπτίσθημεν;
2683 571 2702 604 ι
2766 553 2897 609 ’ῐδοὺ
2939 555 3003 627 δὴ
3036 560 3224 629 σαφῶς
3255 565 3598 639 περιΐστησιν
3621 572 3779 629 εὐτέ-

497 606 730 672 sionem,
761 608 924 680 189
954 609 1239 683 ipsamque
1270 616 1442 670 sancti
1478 617 1823 688 baptismatis
1853 626 2086 694 gratiam

495 697 555 753 in
576 714 703 753 eum
732 701 1142 770 sapientissime
1171 706 1474 777 restringit,
1503 710 1596 778 qui
1622 726 1816 781 passus
1837 723 1921 770 est
1942 732 2088 773 mor-

493 794 629 853 tem,
654 797 711 845 et
750 793 1057 848 resurrexit
1099 810 1131 849 a
1177 797 1431 852 mortuis.
1469 799 1614 855 Num
1657 803 1824 873 igitur
1857 807 1914 860 in
1947 807 2085 865 duos

494 878 777 935 credimus
822 882 1001 938 ﬁlios?
1044 885 1188 939 Num
1236 886 1440 953 Verbo,
1480 891 1627 959 quod
1671 908 1739 947 ex
1771 895 1885 951 Deo
1924 897 2083 955 Patre

491 968 725 1036 eﬁulsit,
766 974 1157 1041 praetermisso,
1199 978 1250 1031 ei
1296 979 1390 1048 qui
1430 996 1625 1051 passus
1669 994 1774 1049 est,
1822 992 2083 1059 tanquam

492 1059 653 1115 alteri
691 1062 806 1118 ﬁlio
837 1064 907 1119 ab
943 1082 1011 1121 eo
1046 1067 1293 1135 diverso,
1318 1070 1711 1130 dominationis
1740 1077 1990 1147 gloriam,
2026 1089 2083 1137 et

493 1150 668 1222 ipsius
690 1170 911 1227 quoque
936 1157 1061 1212 ﬁdei
1087 1160 1510 1228 confessionem,
1536 1173 1591 1220 et
1634 1168 1856 1225 caeleste
1899 1170 2080 1242 bapti-

494 1257 611 1298 sma
637 1247 1045 1303 attribnemus?
1068 1250 1240 1321 ‘Atqui
1266 1256 1542 1323 quomodo
1570 1273 1680 1313 non
1705 1260 1777 1315 sit
1796 1262 2078 1331 stolidum,

492 1334 606 1390 imo
630 1353 762 1393 vero
788 1339 955 1395 etiam
985 1341 1366 1400 indubitanter
1395 1346 1645 1417 impium,
1669 1351 1749 1406 sic
1775 1367 1967 1423 sapere
1992 1357 2080 1412 vel

376 1452 379 1457 ν
490 1423 710 1481 dicere?
737 1427 882 1495 Quid
905 1430 1074 1501 igitur
1097 1432 1379 1491 dicemus?
1409 1456 1428 1487 ι
1462 1438 1615 1493 Unus
1638 1440 1908 1498 Dominus
1924 1459 2075 1511 vere,

458 1530 710 1588 -unaque
750 1520 906 1589 ﬁdes,
939 1532 998 1579 et
1044 1541 1218 1580 unum
1263 1526 1536 1598 baptisma
1570 1531 1634 1587 ¹⁹.
1669 1552 1689 1584 ι
1732 1533 1949 1590 Etenim
1993 1545 2079 1592 est

488 1624 635 1666 unus
658 1613 831 1671 Filius
854 1624 911 1670 et
934 1616 1220 1684 Dominus,
1252 1636 1362 1675 non
1396 1623 1546 1693 quod
1575 1625 1856 1683 hominem
1880 1644 2078 1685 secun-

485 1701 617 1759 dum
660 1707 1064 1776 copulationem
1107 1714 1416 1782 susceperit
1456 1716 1720 1785 Verbum,
1752 1728 1809 1775 et
1848 1723 2075 1791 partici-

482 1808 609 1865 pem
638 1796 795 1851 illum
831 1813 1058 1855 suarum
1091 1800 1421 1873 dignitatum
1459 1806 1728 1876 effecerit,
1758 1818 1815 1866 et
1850 1810 2074 1870 ﬁliatio-

482 1901 611 1941 nem
656 1903 723 1943 ac
770 1889 1205 1949 dominationem
1254 1896 1334 1950 illi
1384 1900 1897 1969 communicaverit,
1933 1905 2076 1960 sicut

482 1974 677 2031 dicunt
706 1987 764 2033 et
786 1980 1129 2050 scripserunt
1153 1984 1381 2055 quidam
1409 1987 1736 2059 delirantes;
1769 1994 1866 2050 sed
1893 1994 2072 2065 ipsum

480 2082 551 2121 ex
574 2067 687 2123 Deo
710 2069 974 2138 Verbum,
998 2072 1136 2130 illud
1161 2076 1348 2134 lumen
1371 2079 1438 2135 de
1464 2081 1694 2149 lumine,
1723 2085 2072 2143 incarnatum

479 2168 537 2215 et
560 2159 727 2217 homo
750 2161 976 2219 factum.
1004 2163 1066 2221 In
1098 2167 1267 2239 hujus
1294 2179 1529 2227 mortem
1567 2175 1828 2246 baptizati
1858 2194 2068 2247 sumus,

478 2248 575 2318 qui
602 2266 798 2319 passus
830 2254 1056 2324 quidem
1090 2257 1208 2329 ipse
1231 2270 1316 2316 est
1336 2265 1644 2321 secundum
1668 2268 2070 2329 humanitatem

477 2336 536 2392 in
584 2342 809 2411 propria
858 2359 1054 2414 carne;
1102 2351 1305 2406 mansit
1347 2365 1533 2410 autem
1586 2356 1944 2429 impassibilis
1980 2379 2069 2419 se-

475 2431 721 2487 cundum
750 2433 1034 2505 deitatem,
1059 2448 1118 2495 et
1136 2440 1273 2497 vivit
1298 2459 1538 2518 semper.
1568 2449 1690 2505 Vita
1712 2452 1860 2507 enim
1884 2464 1970 2509 est
2002 2472 2069 2511 ex

474 2519 611 2586 vita,
652 2538 719 2577 ex
759 2524 870 2580 Deo
900 2543 1101 2599 nempe
1154 2538 1212 2586 et
1253 2533 1434 2591 Patre.
1477 2536 1568 2593 Sic
1591 2540 1735 2595 victa
1774 2552 1859 2597 est
1895 2560 2065 2611 mors,

473 2625 598 2680 qua:
634 2612 689 2669 in
722 2617 851 2671 vita:
883 2634 1090 2689 corpus
1125 2622 1335 2680 insilire
1368 2641 1499 2682 ausa
1532 2638 1618 2685 est
1651 2649 1663 2684 :
1696 2633 1777 2688 sic
1806 2634 1971 2690 etiam
2010 2637 2068 2694 in

472 2701 637 2757 nobis
686 2708 972 2776 corruptio
1020 2709 1350 2782 destruitur,
1398 2726 1456 2774 et
1504 2720 1818 2780 inﬁrmatur
1872 2732 2069 2787 mortis

468 2788 648 2861 ipsius
670 2793 984 2865 imperium.
1011 2801 1249 2861 Proinde
1271 2806 1491 2864 dicebat
1509 2810 1797 2872 Christus:
1827 2838 1843 2871 ι
1866 2820 2062 2889 Amen,

471 2896 635 2939 amen
665 2885 791 2943 dico
819 2890 997 2958 vobis,
1032 2893 1140 2949 nisi
1184 2900 1648 2962 manducaveritis
1685 2924 1905 2967 carnem
1941 2915 2064 2971 Filii

472 2971 735 3043 hominis,
759 2985 817 3032 et
841 2978 1098 3040 biberitis
1124 2986 1242 3058 ejus
1271 2991 1615 3063 sanguinem,
1645 3014 1757 3055 non
1789 3002 2064 3065 habebitis

471 3063 644 3121 vitam
679 3068 736 3123 in
775 3072 932 3128 vobis
964 3074 1100 3145 ipsis
1125 3078 1191 3159 '°.
1232 3100 1251 3133 ι
1292 3082 1522 3141 Viviﬁca
1561 3088 1732 3159 igitur
1765 3102 1895 3149 sunt
1933 3113 2062 3152 san-

470 3162 622 3212 ctum
654 3175 857 3234 corpus
881 3175 937 3221 et
964 3171 1188 3241 sanguis
1217 3172 1444 3233 Christi.
1472 3179 1687 3252 Corpus
1716 3187 1886 3255 enim,
1920 3193 2062 3248 sicut

471 3246 606 3315 dixi,
632 3260 718 3307 est
742 3269 853 3310 non
884 3256 1126 3316 hominis
1158 3266 1445 3337 cujusdam
1483 3273 1577 3343 qui
1609 3275 1737 3333 vita;
1777 3278 1849 3334 sit
1885 3285 2058 3353 parti-

469 3355 628 3410 ceps;
659 3344 770 3401 imo
797 3362 928 3404 vero
959 3355 1249 3424 proprium
1276 3359 1426 3417 illius
1448 3374 1534 3420 est
1558 3371 1862 3428 secundum
1894 3388 2061 3433 natu-

468 3448 586 3488 ram
630 3436 788 3505 vitm,
841 3440 1019 3512 ipsius
1055 3447 1318 3505 nimirum
1368 3454 1669 3527 Unigeniti.
1712 3462 1839 3521 Haac
1891 3471 2060 3526 sentit

466 3524 756 3584 nobiscum
792 3536 1207 3596 amantissimus
1239 3542 1443 3601 Christi
1484 3524 1799 3611 sanctorum
1831 3558 2058 3618 Patrum

464 3617 690 3687 chorus,
716 3632 774 3679 et
815 3624 954 3696 ipse,
990 3629 1086 3699 qui
1118 3647 1267 3688 nunc
1309 3647 1511 3696 sancta:
1549 3641 2057 3722 Constantinopoli-

466 3717 608 3766 tanae
637 3713 900 3772 Ecclesia;
945 3720 1209 3777 thronum
1235 3738 1484 3795 exornat,
1515 3734 1962 3807 religiosissimus
2002 3753 2059 3801 et

463 3798 845 3867 pientissimus
871 3806 1046 3863 frater
1073 3819 1129 3866 et
1165 3816 1523 3889 coepiscopus
1551 3798 1797 3895 Proclus.
1825 3798 2058 3903 Scripsit

465 3888 616 3945 enim
647 3899 704 3946 et
737 3894 853 3964 ipse
898 3899 967 3954 ad
1010 3903 1310 3962 orientales
1349 3910 1631 3980 piissimos
1668 3921 1959 3992 episcopos
1999 3926 2056 3980 in

464 3981 584 4037 haec
621 3986 793 4042 verba
828 4007 840 4041 :
877 3990 946 4045 Et
986 3992 1308 4053 incarnatur
1351 4002 1560 4074 absque
1604 4013 1967 4071 conversione
2010 4018 2057 4072 is

462 4073 558 4141 qui
599 4077 803 4145 speciei
844 4090 929 4136 est
967 4098 1196 4156 expers;
1245 4094 1492 4149 nascitur
1526 4105 1711 4153 autem
1747 4106 2054 4161 secundum

461 4179 685 4223 carnem
718 4172 813 4241 qui
844 4176 1120 4249 principio
1144 4193 1327 4252 caret;
1358 4187 1578 4256 proﬁcit
1612 4207 1744 4248 vero
1775 4212 1872 4266 per
1906 4199 2052 4257 illam

461 4259 766 4316 secundum
810 4279 1014 4336 corpus
1050 4279 1288 4340 :etatem,
1334 4278 1431 4346 qui
1471 4289 1669 4339 natura
1715 4289 2054 4357 perfectissi-

458 4363 582 4405 mus
608 4360 725 4422 est;
765 4364 821 4410 et
852 4361 1138 4428 passiones
1164 4367 1422 4437 sustinet,
1454 4374 1548 4442 qui
1587 4378 1940 4445 passionibus
1968 4395 2053 4440 est

457 4442 745 4511 superior;
776 4462 886 4502 non
918 4466 986 4505 eo
1011 4454 1159 4523 quod
1188 4466 1329 4525 erat,
1358 4463 1637 4523 sustinens
1662 4475 2048 4543 contumelias,

456 4532 555 4586 sed
595 4534 652 4589 in
684 4551 753 4591 eo
783 4541 930 4607 quod
966 4543 1148 4602 factus
1174 4558 1280 4615 est,
1312 4555 1620 4626 suscipiens
1652 4565 1901 4634 corporis
1924 4583 2050 4636 pas-

457 4622 661 4680 siones.
697 4626 1029 4703 Coarguitur
1057 4637 1227 4710 igitur
1258 4622 1488 4714 perﬁdia
1516 4622 1825 4721 hominum,
1857 4622 1951 4725 qui
1983 4660 2052 4715 ab

457 4712 546 4770 his
572 4716 791 4776 diversa
822 4725 907 4779 vel
941 4729 1185 4798 sapiunt,
1219 4712 1304 4790 vel
1337 4738 1704 4809 scripserunt,
1736 4712 1889 4814 quod.
1924 4748 2050 4802 ubi-

378 4842 391 4849 ρ
456 4822 565 4876 que
598 4811 827 4879 profana
859 4817 1181 4889 impuritate
1224 4826 1458 4897 laboret,
1490 4842 1547 4887 et
1579 4848 1611 4888 a
1655 4811 1904 4893 veritatis
1953 4839 2051 4895 do-

455 4900 732 4967 gmatibus
763 4904 1030 4965 dissonet.

527 4991 688 5064 190
724 4996 1025 5071 Postquam
1054 5013 1241 5062 autem
1279 5009 1584 5073 beatissimi
1611 5016 1802 5073 Patres
1831 5036 2045 5077 sermo-

453 5095 580 5136 nem
616 5083 684 5141 de
715 5085 936 5147 Christo
977 5092 1355 5165 absolverunt,
1395 5102 1636 5172 Spiritus
1673 5111 1848 5165 sancti
1889 5130 2043 5169 men-

454 5171 660 5229 tionem
694 5178 922 5239 faciunt.
955 5183 1197 5243 Credere
1232 5205 1468 5262 namque
1510 5212 1566 5251 se
1607 5198 1660 5252 in
1699 5201 1850 5258 illum
1882 5204 2037 5262 dixe-

414 5284 431 5293 -
453 5274 602 5333 runt,
635 5268 800 5327 simili
834 5274 1001 5330 modo
1034 5277 1293 5334 videlicet
1320 5291 1381 5337 ut
1415 5286 1467 5340 in
1494 5288 1710 5346 Patrem
1732 5303 1788 5348 et
1813 5296 2030 5353 Filium.
2093 5349 2103 5361 .

451 5355 548 5413 Est
571 5362 718 5415 enim
748 5363 881 5433 ipsis
910 5367 1424 5443 consubstantialis;
1453 5386 1507 5432 et
1538 5382 1891 5450 profunditur
1912 5390 2034 5458 qui-

448 5447 597 5517 dem,
627 5452 733 5508 hoc
762 5462 849 5510 est
880 5458 1131 5527 procedit
1169 5462 1311 5519 sicut
1349 5484 1380 5523 a
1407 5447 1557 5527 fonte
1591 5473 1703 5531 Deo
1741 5487 1797 5532 et
1840 5447 2031 5548 Patre;

450 5541 718 5598 tribuitur
735 5554 921 5600 autem
945 5558 1210 5610 creaturae
1235 5573 1334 5627 per
1362 5562 1580 5619 Filium.
1609 5568 1765 5624 Unde
1796 5541 2037 5629 insuma;

450 5629 530 5685 vit
561 5632 618 5687 in
661 5645 881 5693 sanctos
915 5644 1215 5713 apostolos,
1247 5649 1436 5709 dicens
1473 5674 1485 5710 :
1524 5676 1542 5707 ι
1580 5656 1826 5731 Accipite
1858 5662 2033 5733 Spiri-

531 5826 571 5859 "
596 5825 793 5898 Ephcs.
826 5850 897 5891 iv.
934 5838 968 5893 5
1066 5842 1109 5873 ²⁰
1135 5843 1290 5903 Joan.
1329 5867 1400 5918 γι,
1433 5852 1519 5907 54.

2189 651 2333 703 χνως
2355 637 2455 708 τῆς
2486 657 2545 693 τε
2580 645 2917 715 κυριότητος,
2948 650 3042 701 καὶ
3071 650 3171 719 τῆς
3197 653 3435 721 πίστεως
3460 637 3559 732 τὴν
3578 664 3781 735 ὁμολο-

2186 729 2333 798 γίαν,
2356 733 2453 787 καὶ
2484 737 2655 808 αὐτὴν
2681 739 2739 792 δὲ
2767 741 2866 811 τὴν
2907 744 3002 797 τοῦ
3049 746 3209 815 ἁγίου
3257 729 3635 826 βαπτίσματος
3669 760 3778 828 χά-

2186 835 2293 889 ριν,
2316 822 2399 885 είς
2416 823 2508 914 τόν
2530 826 2772 914 παθόντα
2792 830 2887 886 τὸν
2907 832 3138 888 θάνατον
3168 839 3262 891 καὶ
3302 822 3781 914 ἐγηγερμένον-*ὲκ

2182 998 2275 1052 τὸν
2315 1001 2380 1055 ὲκ
2410 1001 2547 1057 Θεοῦ
2594 1006 2808 1079 Πατρὸς
2847 1010 3282 1085 ἀπαπράψαντα
3313 998 3783 1094 παραδραμόντες

2181 1090 2377 1160 Λόγον,
2415 1094 2492 1158 ὡς
2528 1097 2628 1168 υἱῷ
2658 1100 2790 1172 παρ’
2815 1102 2979 1157 αὑτὸν
3002 1105 3197 1179 ἑτέρῳ,
3235 1109 3313 1180 τῷ
3339 1090 3784 1189 παθόντι-προσ-

2182 1183 2392 1256 άῲομεν
2428 1189 2527 1261 τὴν
2554 1192 2653 1262 τῆς
2685 1196 3007 1267 κυριότητος
3032 1198 3342 1276 δόξανλκαὶ
3374 1205 3547 1275 αὐτῆς
3578 1183 3650 1259 δὲ·
3666 1209 3783 1276 τῆς

2183 1277 2422 1343 πίστεως
2453 1280 2552 1353 τὴν
2585 1284 2900 1355 ὁμολογίαν,
2930 1289 3026 1343 καὶ
3056 1289 3118 1343 τὸ
3145 1272 3400 1364 οὐράνιον
3436 1272 3779 1369 βάπτισμαῠὶ

2180 1362 2317 1422 Εἶτα
2350 1371 2468 1435 πῶς
2499 1373 2599 1428 οὐκ
2637 1373 2852 1447 εὔηθες,
2903 1381 3103 1450 μᾶλλον
3140 1362 3225 1449 δὲ,
3253 1387 3348 1438 καὶ
3378 1362 3783 1458 ἀναμφιλόγως

2179 1460 2469 1529 δυσσεϐὲς,
2513 1466 2576 1518 τὸ
2623 1467 2766 1522 οὕτω
2794 1475 3013 1543 φρονεῖν
3045 1475 3078 1544 ἢ
3114 1476 3333 1546 λέγειν;
3385 1479 3450 1534 Τί
3480 1475 3780 1553 οὗν·ὲροῦ-

2182 1571 2316 1623 μεν;
2356 1575 2375 1607 ι
2412 1549 2506 1621 Εἲς
2550 1559 2756 1630 Κύριος
2807 1563 3047 1634 ἀληθῶς,
3100 1568 3201 1638 μία
3242 1586 3304 1623 τε
3345 1571 3549 1640 πίστις,
3579 1549 3675 1627 καὶ
3713 1576 3783 1628 ἓν

2180 1643 2488 1725 βάπτισμα.
2538 1668 2557 1700 ι
2597 1652 2709 1706 Καὶ
2751 1655 2861 1725 γάρ
2903 1658 3053 1714 ἐστιν
3098 1658 3182 1726 εἷς
3235 1665 3378 1731 Υἱὸς,
3415 1668 3510 1720 καὶ
3538 1669 3776 1740 Κύριος,

2177 1736 2280 1801 οὐκ
2319 1736 2608 1811 ἄνθρωπον
2641 1744 2787 1798 κατὰ
2833 1751 3131 1820 συνάφειαν
3166 1753 3346 1811 λαϐὼν
3375 1758 3404 1810 6
3436 1736 3640 1828 Λόγος,
3670 1762 3780 1815 καὶ

2182 1827 2407 1898 μέτοχον
2448 1831 2616 1887 αὑτὸν
2649 1834 2936 1908 ἀποφήνας
2977 1844 3074 1896 καὶ
3110 1844 3254 1900 ἰδίων
3294 1827 3643 1921 ἀξιωμάτων,
3671 1853 3776 1907 καὶ

2181 1918 2445 1988 μεταδοὺς
2494 1923 2745 1997 υἱότητός
2786 1946 2847 1982 τε
2899 1932 2995 1986 καὶ
3047 1936 3369 2007 κυριότητος
3409 1918 3579 2011 αὐτῷ,
3614 1918 3771 1997 καθά

2177 2028 2310 2080 φασι
2352 2013 2448 2067 καὶ
2491 2018 2803 2089 γεγράφασι
2856 2021 3153 2094 ληροῦντές
3214 2044 3381 2092 τινεςο
3431 2030 3548 2084 ἀλλ’
3601 2033 3770 2097 αὐτὸς

2175 2103 2609 2178 ὲνανθρωπήσας
2653 2110 3098 2183 καὶ·σαρκωθεὶς
3143 2119 3171 2170 6
3213 2120 3278 2172 ὲκ
3318 2120 3452 2174 Θεοῦ
3478 2119 3675 2191 Λόγος,
3705 2124 3777 2178 τὸ

2176 2198 2290 2266 φῶς
2323 2198 2384 2251 τὸ
2433 2201 2499 2253 ὲκ
2544 2203 2742 2271 φωτός.
2776 2205 2872 2267 Εἰς
2896 2206 2989 2260 τὸν
3017 2207 3210 2262 τούτου
3242 2209 3473 2266 θάνατον
3504 2214 3776 2284 βεὸαπτί-

2175 2288 2374 2357 σμεθα,
2414 2291 2681 2358 παθόντος
2714 2293 2815 2360 μὲν
2848 2296 3207 2368 ἀνθρωπίνως
3230 2302 3397 2357 αὐτοῦ
3431 2304 3538 2376 ἰδίᾳ
3567 2308 3775 2377 σαρκὶ,

2174 2381 2549 2453 μεμενηκότος
2595 2384 2654 2439 δὲ
2700 2386 2948 2452 ἀπαθοῦς
2995 2389 3217 2458 θεῖκῶς,
3275 2395 3369 2447 καὶ
3416 2394 3617 2460 ζῶντος
3649 2397 3769 2454 ἀεί.

2172 2474 2294 2545 Ζωὴ
2323 2475 2430 2547 γάρ
2453 2478 2602 2530 ἐστιν
2631 2478 2697 2531 ὲκ
2740 2476 2889 2550 ζωῆς
2916 2480 3010 2535 τοῦ
3050 2482 3186 2536 Θεοῦ
3220 2485 3314 2538 καὶ
3338 2485 3571 2558 Πατρός.
3599 2485 3773 2542 Οὕτω

2171 2563 2451 2637 νενίκηται
2478 2567 2727 2634 θάνατος,
2761 2571 3099 2643 ὲπιπηδῆσαι
3132 2573 3409 2648 τολμήσας
3434 2578 3513 2649 τῷ
3546 2577 3773 2651 σώματι

2170 2650 2269 2721 τῆς
2290 2649 2455 2723 ζωῆς·
2488 2659 2844 2727 καταργεῖται
2864 2660 2922 2713 δὲ
2947 2660 3110 2729 οὕτω,
3136 2664 3229 2717 καὶ
3252 2665 3312 2719 ὲν
3339 2667 3471 2737 ἡμῖν
3490 2669 3523 2737 ἡ
3556 2649 3769 2741 φθορὰ,

2169 2745 2264 2798 καὶ
2302 2745 2469 2799 αὐτοῦ
2510 2748 2604 2802 τοῦ
2639 2750 2873 2805 θανάτου
2905 2752 2967 2807 τὸ
2999 2755 3202 2826 κράτος
3233 2756 3472 2812 ἀσθενεῖ.
3508 2761 3618 2814 Καὶ
3652 2764 3773 2834 μὴν

2170 2836 2272 2909 ἔφη
2307 2840 2563 2912 Χριστόςο
2601 2861 2621 2895 ι
2681 2844 2876 2917 Ἀμὴν,
2923 2848 3094 2918 ἀμὴν,
3142 2848 3286 2917 λέγω
3332 2850 3493 2922 ὑμῖν,
3540 2853 3640 2908 ἐὰν
3685 2854 3771 2927 μὴ

2169 2929 2381 3001 φάγητε
2408 2932 2508 3005 τὴν
2532 2934 2712 3007 σάρκα
2727 2938 2821 2990 τοῦ
2848 2938 2978 2995 Υίοῦ
2999 2939 3094 2994 τοῦ
3127 2938 3438 3014 ἀνθρώπου,
3466 2946 3562 2999 καὶ
3593 2947 3767 3018 πίητε

2167 3022 2333 3075 αὐτοῦ
2370 3024 2431 3078 τὸ
2477 3021 2638 3098 αἷμα,
2675 3028 2778 3083 οὐκ
2821 3029 2974 3101 ἔχετε
3018 3032 3163 3104 ζωὴν
3191 3036 3249 3089 ὲν
3286 3035 3518 3100 ἑαυτοῖς.
3556 3056 3575 3090 ι
3607 3040 3765 3093 Ζωοο

2167 3111 2319 3166 ποιὸν
2341 3107 2435 3169 οῦν
2453 3115 2561 3188 ἄρα
2590 3117 2652 3170 τὸ
2675 3116 2831 3187 ἁγιον
2859 3120 3041 3190 σῶμα,
3076 3122 3170 3175 καὶ⁵
3198 3116 3340 3194 αἷμα
3368 3123 3464 3178 τοῦ
3493 3126 3763 3196 Χριστοῦ.

2166 3201 2335 3271 Σῶμα
2357 3204 2487 3276 γὰρ,
2523 3203 2599 3269 ὡς
2624 3204 2782 3277 ἔφην,
2824 3208 2973 3262 ἐστὶν
3001 3209 3103 3262 οὐκ
3127 3208 3417 3282 ἀνθρώπου
3441 3212 3590 3277 τινὸς
3623 3232 3768 3284 μετ-

2163 3293 2289 3363 όχου
2315 3295 2461 3365 ζωῆς
2486 3336 2500 3361 ,
2545 3298 2675 3352 ἴδιον
2702 3299 3011 3370 δὲκμᾶλλον,
3056 3302 3156 3374 τῆς
3192 3303 3335 3357 κατὰ
3379 3305 3541 3374 φύσιν
3583 3304 3764 3378 ζωῆς,

2158 3384 2318 3449 δῆλον
2370 3387 2427 3442 δὲ
2470 3389 2554 3442 ὅτι
2606 3390 2702 3443 τοῦ
2757 3393 3121 3462 Μονογενοῦς.
3164 3393 3349 3465 Ταῦςτα
3396 3400 3589 3468 φρονεῖ
3633 3400 3764 3469 μεθ’

2158 3475 2317 3546 ἡμῶν
2345 3479 2373 3531 6
2402 3477 2747 3550 φιλόχριστος
2780 3481 2891 3535 τῶν
2940 3482 3109 3554 ἁγίων
3160 3485 3421 3558 Πατέρων
3451 3487 3633 3559 χορὸς,
3663 3493 3765 3544 καὶ
3824 3480 3837 3491 ’

2158 3568 2321 3632 αὐτὸς
2351 3568 2408 3622 δὲ
2441 3571 2471 3623 6
2505 3573 2623 3645 νυνὶ
2652 3573 2742 3627 τὸν
2769 3574 2869 3645 τῆς
2904 3575 3064 3644 ἁγίας
3095 3576 3762 3636 Κωνσταντινουπολιτῶν

2171 3658 2501 3733 Ἐκκλησίας
2561 3644 2993 3737 κατακοσμήσας
3044 3667 3273 3738 θρόνον,
3320 3669 3619 3735 ὁσιώτατος
3659 3676 3761 3728 καὶ

2159 3750 2585 3820 θεοσεϐέστατος
2631 3757 2880 3825 ἁδελφὸς,
2920 3760 3015 3813 καὶ
3054 3761 3457 3826 συνεπίσκοπος
3487 3764 3757 3836 Πρόκλος.

2157 3841 2407 3914 Γέγραφε
2453 3845 2587 3918 γὰρ,
2626 3848 2718 3901 καὶ
2749 3849 2913 3913 αὐτὸς
2940 3850 3077 3920 πρὸς
3105 3853 3233 3916 τοὺς
3265 3853 3365 3923 τῆς
3395 3853 3537 3924 ἑῴας
3572 3855 3755 3927 θεοφι-

2156 3931 2447 4001 λεστάτους
2482 3938 2820 4003 ἐπισκόπους
2861 3940 3051 4005 αὐταῖς
3080 3941 3287 4007 λέξεσιν
3316 3936 3440 3996 ὧδεο
3469 3946 3583 3999 Καὶ
3619 3962 3748 4016 σαρ-

2157 4024 2345 4078 κοῦται
2368 4026 2467 4095 μὲν
2484 4028 2770 4098 ἀτρέπτως
2796 4034 2824 4085 6
2850 4031 3106 4097 ἀνείδεος·
3138 4034 3382 4089 τίκτεται
3406 4036 3464 4090 δὲ
3494 4038 3757 4092 καὶκατὰ

2158 4115 2336 4187 σάρκα
2381 4119 2410 4171 6
2456 4120 2711 4191 ἄναρχος
2750 4124 3051 4193 προκόπτει
3086 4125 3143 4179 δὲ
3188 4129 3254 4197 τῇ
3303 4118 3449 4182 κατὰ(
3485 4127 3546 4182 τὸ
3591 4129 3759 4201 σῶμα

2154 4206 2345 4279 ἡλικίᾳ
2392 4211 2420 4263 6
2470 4211 2632 4279 φύσει
2675 4214 2991 4280 παντέλειος
3014 4232 3043 4245 ’-
3076 4219 3171 4271 καὶ
3223 4220 3414 4289 παθῶν
3440 4222 3699 4293 ἀνέχεται
3727 4225 3758 4276 6

2155 4298 2343 4352 παθῶν
2392 4301 2683 4375 ὰνώτερος,
2713 4306 2812 4377 οὐχ
2857 4299 2901 4375 ᾧ
2939 4302 3008 4379 ἦν
3050 4309 3352 4381 ὑπομείνας
3396 4315 3496 4379 τὰς
3537 4314 3755 4386 ὕϐρεις,

2155 4390 2269 4443 ἀλλ’
2305 4384 2349 4458 ᾦ
2381 4393 2578 4462 γέγονε
2614 4397 3056 4470 καταδεξάμενος
3076 4402 3144 4456 τὰ
3168 4404 3262 4458 τοῦ
3290 4406 3543 4476 σώματος
3566 4384 3752 4481 παθη.

2167 4482 2486 4554 Ἐλέγχεται
2532 4487 2711 4541 τοίνυν
2741 4489 2852 4544 τῶν
2893 4492 3059 4564 ἔτερα
3092 4497 3244 4565 παρὰ
3275 4498 3447 4551 ταῦτα
3483 4501 3755 4570 φρονοῦν-

2085 4571 2128 4626 Ι)
2156 4591 2264 4627 των
2297 4575 2329 4643 ἢ
2371 4579 2729 4647 γεγραφότων
2760 4583 2792 4652 ἡ
2820 4586 3173 4655 κακοπιστία,
3208 4588 3484 4659 πανταχοῦ
3514 4590 3757 4647 νοσοῦσα

2155 4666 2217 4718 τὸ
2256 4667 2514 4739 βέϐηλον,
2561 4672 2656 4726 καὶ
2688 4674 2749 4727 τὸ
2792 4677 2906 4740 τοῖς
2946 4676 3047 4747 τῆς
3080 4678 3336 4752 ἀληθείας
3379 4682 3585 4753 ἀπᾷδον
3622 4683 3757 4755 δόγ-

2156 4773 2310 4827 μασμ

2225 5021 2670 5093 Διαπερὰναντες
2697 5025 2754 5079 δὲ
2788 5028 2880 5079 τὸν
2914 5044 2980 5080 πε
2992 5026 3046 5096 pi.
3067 5028 3305 5100 Χριστοῦ
3328 5029 3485 5099 λόγον
3512 5031 3562 5085 οἱ
3590 5049 3757 5104 τρισ-

2154 5112 2431 5185 μακάριοιι
2455 5115 2718 5186 Πατέρες,
2762 5116 2856 5169 τοῦ
2890 5117 3046 5186 ἁγίου
3086 5119 3407 5190 Πνεύματος
3433 5113 3757 5193 διαμνημο-

2149 5204 2381 5259 νεύουσι.
2434 5207 2717 5261 Πιστεύειν
2754 5209 2861 5281 γὰρ
2911 5210 3122 5279 ἔφασαν
3166 5212 3246 5276 εἰς
3303 5213 3456 5278 αὐτὸ,
3488 5214 3755 5290 καθάπερ

2143 5295 2334 5365 ἀμέλει
2374 5297 2453 5359 είς
2475 5296 2564 5349 τὸν
2596 5297 2817 5370 Πατέρα
2845 5299 2940 5352 καὶ
2978 5299 3070 5354 τὸν
3096 5300 3244 5353 Υἱόν.
3278 5301 3595 5372 Ὀμοούσιον
3630 5307 3753 5378 γάρ

2141 5390 2289 5439 ἐστιν
2325 5388 2529 5450 αὐτοῖς·
2561 5389 2654 5442 καὶ
2685 5393 2968 5462 προχεῖται
3011 5392 3131 5462 μὲν,
3155 5393 3323 5462 ἤγουν
3355 5394 3748 5467 ἐκπορεύεται,

2145 5480 2396 5549 καθάπερ
2435 5480 2543 5534 ἀπὸ
2604 5483 2787 5551 πηγῆς
2842 5481 2937 5534 τοῦ
2980 5482 3116 5535 Θεοῦ
3165 5483 3261 5535 κα)⁵
3318 5485 3567 5556 Πατρὸς,
3609 5504 3749 5557 χορ-

2146 5579 2360 5646 ηγεῖται
2401 5574 2458 5629 δὲ
2496 5579 2563 5648 τῇ
2605 5579 2778 5660 κτίσει
2811 5578 2900 5633 διὰ
2924 5578 3018 5632 τοῦ
3054 5579 3203 5640 Υἰοῦ.
3236 5580 3569 5653 Ἐνεφύσησε
3606 5583 3745 5650 γοῦν

2143 5670 2253 5731 τοῖς
2295 5668 2474 5736 ἁγίοις
2520 5669 2840 5734 ἀποστόλοις
2882 5670 3086 5740 λέγων’
3144 5690 3163 5723 ι
3230 5671 3441 5727 Λάϐετε
3504 5672 3741 5745 Πνεῦμα
