4048 6434
270 453 381 509 Si?
442 502 471 513 κ

1694 441 2033 500 EPISTOLA
2069 441 2159 497 LV

3468 422 3576 489 518

276 574 457 638 ἅγιον.
507 586 527 618 ι
575 566 788 620 Οὐκοῦν
820 565 887 619 ὲκ
920 564 1073 619 Θεοῦ.
1096 565 1192 618 καὶ⁵
1221 564 1352 628 Θεὸς
1381 562 1443 617 τὸ
1487 562 1715 635 Πνεῦμα
1743 564 1881 626 ἐστι,

2002 574 2108 616 tum
2154 566 2405 616 sanctum
2431 561 2495 613 ²¹.
2530 576 2549 609 ι
2583 554 2755 627 Igitur
2798 570 2866 609 ex
2910 554 3022 609 Deo
3067 560 3123 607 et
3161 546 3308 607 Deus
3337 549 3578 621 Spiritus

292 662 377 716 ta‘t
401 660 511 713 οὐκ
546 658 837 730 άλλάτριον
870 656 973 727 τῆς
1004 657 1267 711 ἀνωτάτω
1306 656 1496 711 πασῶν
1524 655 1736 721 οὐσίας,
1767 654 1881 710 ἁλλ’

290 755 343 819 ἐξ
368 751 547 821 αὐτῆς
567 767 631 803 τε
665 751 761 803 καὶ
792 752 852 803 ὲν
882 750 1025 821 αὐτῇ
1048 750 1143 803 καὶ
1162 749 1295 802 ἴδιον
1332 750 1526 819 αὐτῆς.

348 842 505 914 Δῦτη
547 842 652 913 μὲν
702 835 798 894 οῦν
846 839 958 894 τῶν
1004 839 1175 909 ἁγίων
1218 840 1478 911 Πατέρων
1520 843 1553 911 ἡ
1595 838 1887 911 εὐθυτενὴς

277 936 375 991 καὶ
403 931 808 1002 ἁπλανεστάτη
844 931 1053 997 πίστις,
1086 932 1204 1003 ἦτοι
1251 932 1352 1002 τῆς
1396 933 1635 996 πίστεως
1679 932 1712 1002 ή
1752 933 1885 1001 ὁμο-

274 1028 461 1096 λογία.
510 1025 657 1079 Ἀλλ’
681 1023 759 1088 ὡς
783 1026 813 1076 ὁ
838 1023 1051 1086 Παῦλός
1082 1040 1270 1093 φησιν,
1299 1042 1318 1075 ‹
1365 1024 1423 1078 Ὀ
1453 1024 1586 1089 Θεὸς
1619 1022 1719 1078 τοῦ
1754 1022 1889 1078 αίῶ-

273 1137 368 1181 νος
395 1116 600 1171 τούτου
648 1113 934 1185 ἐτύφλωσε
983 1114 1052 1183 τᾲ
1092 1115 1344 1185 νοήματα
1386 1115 1497 1168 τῶν
1529 1115 1775 1170 ἀπίστων
1808 1117 1889 1180 είς

271 1213 338 1265 τὸ
367 1209 456 1294 ’μὴ
496 1209 750 1278 αὐγάσαι
801 1207 895 1260 τὸν
939 1205 1223 1277 φωτισμὸν
1269 1206 1367 1261 τοῦ
1412 1207 1748 1277 Εὑαγγελίου
1787 1209 1889 1278 τῆς

274 1302 441 1371 δόξης
471 1297 750 1371 Χριστοῦ.
806 1316 825 1350 ι
892 1296 1151 1365 Ἀφέντες
1182 1295 1316 1366 γοῦν
1343 1298 1405 1350 τὸ
1437 1297 1568 1352 εὐθὺ
1610 1299 1710 1370 τῆς
1756 1298 1892 1369 ἁλη-

279 1393 433 1457 θείας
468 1392 617 1445 ἱέναι
646 1389 816 1452 τινὲς,
842 1387 1064 1461 ᾄττουσι
1101 1386 1243 1442 κατὰ
1266 1387 1508 1459 πετρῶν,
1535 1409 1553 1440 ι
1597 1390 1672 1460 μὴ
1709 1389 1891 1445 νοοῦν-

282 1501 369 1548 τες
391 1484 538 1555 μήτε
567 1482 608 1536 ἃ
630 1482 875 1549 λέγουσι,
894 1480 1038 1550 μήτε
1060 1480 1189 1551 περὶ
1209 1479 1371 1535 τίνων
1385 1480 1845 1536 διαϐεϐαιοῦνται.
1863 1501 1880 1533 ι

288 1575 685 1648 Περιιστάντες
735 1574 847 1644 γὰρ
874 1572 974 1644 τὴν
1002 1572 1103 1643 τῆς
1143 1573 1390 1645 υίότητος
1419 1573 1575 1640 δόξαν
1621 1575 1701 1640 εἰς
1731 1574 1892 1645 μόνον

282 1668 371 1721 τὸν
416 1670 487 1720 ὲκ
532 1663 677 1721 Θεοῦ
739 1664 956 1735 Πατρὺς
989 1662 1163 1733 φύντα
1197 1664 1390 1734 Λόγον,
1435 1665 1510 1730 ὡς
1540 1667 1669 1720 Υέὸν
1705 1665 1893 1738 ἕτερον

278 1759 370 1812 τὸν
392 1760 463 1812 ὲκ
495 1758 828 1829 σπέρματος
858 1753 1043 1819 Δαυῒδ,
1069 1756 1169 1808 καὶ
1205 1755 1407 1811 Ἰεσσαὶ
1436 1758 1704 1828 συνῆφθαι
1728 1775 1894 1827 φασιν

276 1850 455 1922 αὐτῷ,
487 1850 590 1904 καὶ
631 1848 887 1921 μετέχειν
922 1848 1191 1918 υίότητος.
1220 1849 1314 1900 καὶ
1342 1848 1507 1919 τιμῆς
1530 1848 1891 1921 θεοπρεποῦς,

1985 660 2073 706 est
2098 652 2165 715 ",
2196 659 2253 706 et
2277 665 2389 705 non
2418 648 2632 704 alienus
2660 645 2729 701 ab
2758 644 3005 699 omnium
3040 656 3297 712 suprema
3318 640 3578 696 substan-

1987 743 2083 807 tia,
2113 742 2210 797 sed
2237 741 2472 811 emt/ipsa,
2493 747 2550 795 et
2573 739 2628 793 in
2655 738 2794 808 ipsa,
2821 742 2879 790 et
2902 733 3163 805 pr0prius
3184 732 3323 802 ejus.

2060 834 2188 889 Haec
2225 840 2312 888 est
2344 833 2516 903 igitur
2562 838 2879 886 sanctorum
2916 826 3144 880 Patrum
3177 822 3483 878 rectissima
3520 825 3580 876 et

1989 922 2058 979 ab
2097 923 2249 979 omni
2296 936 2490 978 errore
2536 921 2717 977 aliena
2762 916 2921 981 ﬁdes,
2956 915 3072 971 sive
3111 912 3241 967 ﬁdei
3283 911 3575 967 confessio.

1987 1015 2216 1081 Verum,
2253 1014 2534 1069 utPaulus
2565 1010 2701 1067 dicit
2726 1028 2738 1063 :
2769 1028 2787 1060 ι
2816 1009 2965 1063 Deus
2998 1005 3182 1061 saeculi
3212 1004 3377 1074 hujus
3402 1017 3579 1057 excae-

1990 1106 2135 1163 cavit
2162 1114 2378 1161 mentes
2408 1104 2736 1168 infidelium,
2765 1109 2829 1155 ut
2854 1114 2969 1154 non
3012 1096 3219 1168 fulgeat
3256 1095 3339 1149 eis
3376 1092 3583 1147 illumi-

1990 1199 2142 1254 natio
2168 1197 2450 1269 Evangelii
2481 1195 2670 1269 gloria:
2706 1191 2913 1248 Christi
2942 1191 3009 1243 ⁸³.
3051 1208 3071 1241 ι
3111 1188 3302 1256 Itaque
3328 1184 3582 1240 nonnulli

1990 1292 2185 1347 relicta
2202 1290 2452 1345 veritatis
2467 1289 2557 1344 via
2579 1295 2750 1343 ruunt
2770 1287 2826 1341 in
2851 1300 3001 1349 saxa,
3043 1301 3062 1333 Ι
3085 1296 3196 1337 non
3214 1279 3585 1350 intelligentes

1991 1398 2172 1455 neque
2199 1399 2321 1453 quae
2355 1381 2569 1445 dicunt,
2605 1394 2787 1450 neque
2826 1378 2897 1433 de
2928 1374 3131 1446 quibus
3167 1370 3440 1426 afﬁrmant
3456 1369 3525 1423 “.
3557 1386 3576 1420 ι

1996 1475 2328 1547 Redigentes
2355 1474 2505 1530 enim
2536 1471 2822 1526 ﬁliationis
2862 1467 3094 1539 gloriam
3134 1465 3192 1519 in
3229 1463 3409 1518 solum
3445 1460 3584 1516 Ver-

1993 1568 2125 1624 bum
2153 1583 2221 1622 ex
2250 1568 2363 1623 Deo
2390 1567 2552 1621 Patre
2581 1572 2795 1627 natum,
2822 1560 2980 1631 quasi
3011 1559 3184 1613 lilium
3210 1557 3401 1620 alium,
3427 1554 3586 1608 illum
3698 1612 3699 1615 η

1995 1662 2089 1732 qui
2113 1660 2327 1716 exstitit
2356 1676 2424 1714 ex
2453 1658 2663 1714 semine
2687 1657 2855 1723 Jessge
2879 1660 2936 1708 et
2960 1649 3154 1715 David,
3189 1647 3505 1718 copulatum
3532 1642 3586 1697 ei

1995 1754 2210 1816 dicunt,
2234 1751 2673 1823 participemque
2697 1761 2818 1802 esse
2849 1742 3130 1798 ﬁliationis
3158 1754 3222 1794 ac
3244 1737 3447 1793 divina:
3473 1735 3588 1806 glo-

1997 1846 2113 1910 riae,
2137 1854 2193 1901 et
2226 1842 2650 1899 inhabitationis
2691 1838 2860 1894 Verbi
2910 1836 3103 1907 ipsius,
3136 1840 3192 1888 et
3223 1831 3291 1885 ab
3328 1830 3447 1899 ipso
3486 1827 3587 1881 ha-

278 1943 379 1997 καὶ
433 1943 540 2013 τῆς
591 1942 926 2010 ἐνοικήσεως
973 1938 1140 1992 αὐτοῦ
1191 1938 1307 2003 τοῦ⁸
1335 1939 1533 2008 Λόγου,
1573 1941 1670 1995 καὶ
1718 1940 1894 1997 πάντα

2002 1935 2184 1990 buisse
2231 1933 2451 1997 omnia,
2502 1929 2796 2002 pr0prium
2848 1941 2983 1982 vero
3037 1920 3265 1979 omnino
3308 1915 3468 1972 nihil.
3513 1915 3589 1969 De

293 2034 505 2103 μόλλον
552 2032 857 2103 ἐσχηκέναι
912 2032 1045 2100 παρ’
1086 2031 1288 2095 αὐτοῦ,
1329 2030 1460 2085 ίδιον
1496 2031 1569 2093 ,δὲ
1616 2032 1896 2098 παντελῶς

304 2124 494 2179 οῦδὲν.
533 2126 671 2201 ἷξερὶ
708 2123 813 2177 τῶν
860 2121 1143 2186 τοιούτων,
1170 2122 1245 2187 ὥς
1284 2140 1349 2192 γε
1382 2118 1559 2194 οἶμαι,
1584 2125 1897 2195 γεγράφασι

312 2217 417 2271 τοῦ
468 2217 714 2287 Συτῆρος
734 2218 777 2269 oi
807 2214 1077 2288 μαθηταί.
1119 2235 1138 2268 t
1166 2215 1579 2287 Παρεισέδυσαν
1606 2216 1717 2288 γάρ
1751 2234 1899 2280 τινες

308 2311 615 2383 ἄνθρωποι,
659 2312 705 2364 οί
742 2310 832 2364 καὶ
877 2310 1052 2365 πάλαι
1095 2310 1590 2382 προγεγραμμένοι
1631 2314 1713 2375 είς
1739 2311 1898 2364 τοῦτο

303 2403 366 2457 τὸ
399 2404 601 2472 κρῖμα,
626 2400 862 2466 ἀσεϐεῖς,
895 2400 996 2472 τὴν
1015 2401 1112 2454 τοῦ
1142 2399 1278 2454 Θεοῦ
1316 2403 1476 2471 χάριν
1513 2400 1898 2471 μετατιθέντες

294 2496 375 2559 εἰς
404 2494 723 2560 ἀσέλγειαν,
761 2494 857 2548 καὶ
898 2492 991 2548 τὸν
1025 2491 1184 2564 μόνον
1225 2493 1505 2563 Δεσπότην
1551 2493 1644 2547 καὶ
1690 2490 1897 2565 Κύριον

293 2588 449 2659 ἡμῶν
493 2585 708 2658 Ἰησοῦν
738 2584 978 2658 Χριστὸν
997 2582 1344 2659 ἀρνούμενοι·
1381 2602 1400 2638 ι
1445 2584 1656 2655 Ἰησοῦς
1677 2584 1735 2638 δὲ
1763 2585 1899 2655 Χρι-

287 2677 411 2742 στὸς
464 2678 803 2749 ὀνομάζοιτο
864 2676 933 2730 ἂν
984 2675 1211 2740 εἰκότως
1264 2675 1324 2728 ὲν
1374 2673 1667 2746 ἀνθρώπου
1713 2676 1895 2746 μορφῇ

282 2767 548 2839 πεφηνὼς
579 2769 611 2820 ὁ
630 2769 835 2836 Λόγος.
870 2764 1026 2820 Ἐπεὶ
1056 2766 1419 2837 φραζέτωσαν
1440 2766 1725 2836 ἐρομένοις
1750 2766 1800 2819 οί
1828 2765 1896 2818 δι’

280 2860 561 2925 ἐναντίας,
596 2860 652 2913 οἱ
694 2857 770 2912 τὰ
798 2857 1104 2928 Νεπορίου
1133 2874 1195 2910 τε
1237 2857 1336 2912 καὶ
1364 2855 1642 2928 Θεοδώρου
1678 2857 1897 2927 φρονεῖν

280 2953 380 3006 καὶ
408 2951 601 3006 λαλεῖν
640 2952 710 3005 ὲκ
754 2950 961 3021 πολλῆς
987 2950 1131 3018 ἄγαν
1173 2948 1466 3013 ἀσυνεσίας
1507 2949 1567 3001 οὐ
1603 2946 1900 3019 παραιτού-

287 3063 460 3116 μενοιο
498 3044 842 3100 Ἐκϐάλλετε
878 3044 974 3099 τοῦ
1005 3041 1146 3098 εἶναι
1178 3042 1332 3110 Θεὸν,
1358 3043 1456 3097 καὶ
1493 3043 1622 3097 Υίὸν
1646 3041 1900 3112 ἀληθινὸν

282 3134 377 3188 τοῦ
410 3134 553 3189 Θεοῦ
591 3135 693 3189 καὶ
724 3132 941 3201 Πατρὸς
966 3132 1060 3187 τὸν
1093 3134 1158 3187 ἐκ
1185 3132 1285 3203 τῆς
1313 3132 1476 3202 ἁγίας
1504 3131 1806 3204 Παρθένου,
1838 3131 1901 3185 τὸ

1999 2026 2335 2090 istiusmodi,
2369 2032 2430 2080 ut
2458 2024 2673 2095 opinor,
2709 2020 3055 2090 scripserunt
3082 2011 3380 2070 Salvatoris
3417 2006 3590 2063 disci-

1997 2119 2151 2189 puli:
2187 2136 2205 2169 ι
2237 2115 2695 2172 Subintroierunt
2722 2111 2873 2167 enim
2907 2108 3131 2181 quidam
3173 2101 3454 2165 homines,
3494 2096 3590 2189 qui

1998 2182 2131 2266 olim
2172 2205 2479 2279 praescripti
2520 2212 2650 2261 sunt
2693 2204 2753 2258 in
2798 2203 2905 2257 hoc
2944 2199 3238 2273 judicium,
3280 2192 3458 2264 impii,
3492 2182 3593 2245 Dei

1997 2300 2175 2356 nostri
2200 2300 2434 2370 gratiam
2467 2295 2865 2352 transferentes
2902 2292 2960 2346 in
2995 2287 3291 2353 luxuriam,
3326 2294 3385 2341 et
3412 2283 3591 2339 solum

1998 2391 2399 2447 dominatorem
2421 2398 2479 2444 et
2500 2387 2798 2443 Dominum
2821 2390 3074 2439 nostrum
3100 2381 3288 2436 Iesum
3309 2376 3590 2432 Christum

1997 2491 2265 2555 negantes
2290 2484 2357 2536 ³⁸.
2391 2502 2408 2534 ι
2443 2481 2605 2537 Jesus
2639 2487 2827 2555 autem
2867 2475 3125 2532 Christus
3167 2470 3368 2527 merito
3408 2466 3592 2523 nomi-

1999 2582 2167 2631 natur
2208 2575 2389 2644 ipsum
2424 2554 2675 2629 Verbum,
2713 2570 2771 2625 in
2815 2568 3057 2624 humana
3089 2565 3265 2619 forma
3300 2574 3592 2632 apparens.

1997 2668 2137 2723 Nam
2188 2663 2661 2735 interrogantibus
2707 2658 3009 2716 adversarii
3058 2654 3466 2726 respondeant,
3499 2651 3595 2721 qui
3702 2676 3708 2683 α
3796 2666 3809 2679 ί

1998 2775 2112 2831 pra:
2155 2759 2325 2813 multa
2374 2755 2692 2829 insipientia
2735 2755 2893 2827 juxta
2931 2749 3171 2807 Nestorii
3216 2756 3274 2804 et
3316 2745 3595 2801 Theodori

1999 2858 2310 2908 commenta
2335 2857 2393 2905 et
2420 2863 2613 2919 sapere
2646 2857 2703 2903 et
2733 2845 2921 2915 eloqui
2956 2859 3068 2899 non
3106 2850 3372 2898 verentur
3403 2856 3417 2893 :
3454 2839 3597 2894 Eum

1999 2945 2095 3016 qui
2134 2954 2296 3000 natus
2324 2948 2410 2998 est
2437 2957 2503 2996 ex
2541 2947 2729 2996 sancta
2752 2937 2978 3008 Virgine
3006 2950 3119 2990 non
3148 2930 3439 2988 admittitis
3474 2943 3599 2985 esse

2001 3038 2218 3102 Deum,
2270 3043 2328 3091 et
2386 3033 2588 3090 Filium
2640 3044 2837 3085 verum
2887 3026 2985 3082 Dei
3037 3033 3095 3081 et
3143 3024 3354 3087 Patris;
3407 3020 3601 3090 illique

2005 3129 2108 3184 soli
2141 3127 2218 3199 (l)
2261 3113 2938 3193 tribuitispassioneshet
2975 3115 3320 3172 submovetis
3352 3114 3531 3184 ipsum
3568 3128 3598 3165 a

284 3224 486 3279 παθεῖν
535 3222 697 3293 αὐτῷ
741 3224 1144 3295 προσνέμοντες
1179 3223 1326 3295 μόνῳ
1359 3226 1407 3285 ί,
1441 3223 1537 3277 καὶ
1567 3221 1898 3276 ἀποσοϐοῦν-

2004 3224 2119 3279 Deo
2141 3220 2344 3285 Verbo,
2370 3234 2439 3273 ne
2462 3218 2606 3271 Deus
2626 3214 2846 3269 dicatur
2865 3227 2989 3267 esse
3011 3208 3312 3279 passibilis.
3337 3207 3431 3260 [lae
3449 3204 3599 3260 enim

2956 3299 3241 3320 ,ηεμμεμ
3332 3296 3567 3320 ,λεηυη

280 3334 378 3380 τες
405 3317 575 3370 αὐτὸν
598 3314 701 3370 τοῦ
734 3315 873 3370 Θεοῦ
896 3317 1094 3386 Λόγου,
1139 3316 1231 3371 ἵνα
1268 3315 1343 3387 μὴ
1379 3314 1514 3380 Θεὸς
1547 3314 1760 3384 λέγοιτο
1792 3330 1901 3369 πα-

285 3407 472 3478 θητός.
508 3408 708 3461 Ταῦτα
741 3407 853 3479 γάρ
874 3408 975 3479 τῆς
1004 3407 1231 3463 ἐκείνων
1262 3406 1677 3479 ὲθελακριϐείας
1706 3407 1777 3461 τὰ
1808 3409 1902 3462 εὐ-

288 3500 542 3571 ρήματα,
585 3500 688 3553 καὶ
731 3501 766 3572 ἡ
810 3499 921 3552 τῶν
966 3499 1188 3554 ἐννοιῶν
1226 3498 1540 3570 χυδαιότης.
1578 3499 1788 3553 Οὐκοῦν
1824 3500 1900 3572 μὴ

285 3591 652 3664 ὀνομαζέσθω
701 3591 966 3662 Χριστὸς,
1009 3591 1217 3657 ίδικῶς,
1249 3592 1346 3646 καὶ
1394 3591 1538 3646 κατὰ
1578 3591 1747 3664 μόνας
1781 3594 1810 3645 ό
1838 3593 1903 3645 ὲκ

287 3683 429 3737 Θεοῦ
470 3683 696 3754 [ἰατρὸς
726 3683 922 3752 Λόγος.
953 3682 1166 3755 ’Ὠσπερ
1192 3683 1303 3754 γάρ
1332 3685 1481 3743 ἐστιν
1509 3684 1768 3748 ἀπεοικὸς
1801 3685 1901 3736 αὐ-

287 3774 368 3844 τῷ
413 3775 477 3828 τὸ
516 3774 741 3842 παθεῖν,
783 3775 912 3828 ὅταν
982 3773 1088 3839 ἔξω
1114 3777 1288 3829 νοοῖτο
1325 3774 1552 3846 σαρκὸς,
1575 3774 1721 3830 οὕτω
1750 3776 1902 3845 καὶὴ

289 3866 477 3936 χρίσις
508 3865 861 3937 ἀνάρμοστόν
889 3883 942 3919 τι
967 3866 1157 3938 χρῆμα
1186 3868 1280 3920 καὶ
1322 3865 1609 3944 ἀλλότριον
1646 3865 1836 3923 αὐτοῦ.
1879 3885 1898 3918 ι

297 3975 317 4008 ι
381 3955 600 4027 Ἰησοῦν
647 3955 761 4026 γὰρ
807 3955 902 4008 τὸν
957 3955 1065 4009 ἀπὸ
1110 3952 1369 4026 Ναζαρὲτ
1425 3953 1645 4025 ἔχρισεν
1696 3955 1724 4008 ὁ
1772 3953 1906 4017 Θεὸς

291 4047 588 4118 Πνεῦματι
634 4044 799 4117 ἁγίῳο
855 4064 873 4095 ι
913 4044 1209 4117 αὐτοτελὴς
1248 4045 1307 4099 δὲ
1355 4044 1575 4108 πάντως
1603 4046 1631 4098 ό
1668 4047 1733 4098 ὲκ
1766 4042 1902 4097 Θεοῦ

294 4136 495 4205 Λόγος,
518 4137 620 4189 καὶ
650 4135 752 4188 οὐκ
784 4133 852 4188 ἂν
881 4133 1077 4204 ἐδεήθη
1108 4133 1346 4205 χρίσεως
1374 4133 1477 4203 τῆς
1508 4132 1598 4186 διὰ
1628 4133 1720 4186 τοῦ
1746 4132 1904 4201 ἁγίου

295 4228 653 4299 Πνεῦμα-τος.
678 4226 889 4280 Οὐκοῦν
919 4225 1235 4297 ἀρνήσασθε
1268 4225 1368 4296 τὴν
1403 4224 1736 4297 οἰκονομίαν·
1764 4216 1916 4281 ἁποῗ

298 4323 544 4394 στήσατε
585 4318 683 4373 τὸν
718 4319 1004 4390 Μονογενῆ
1035 4319 1137 4391 τῆς
1165 4320 1246 4383 εἰς
1295 4320 1388 4373 τὸν
1418 4319 1624 4389 κόσμον
1658 4319 1902 4391 ἀγάπης.

304 4412 376 4481 μὴ
402 4408 768 4481 ὀνομαζέσθω
803 4409 1043 4481 Χριστὸς
1083 4413 1215 4483 παρ’
1252 4411 1432 4482 ὑμῶν.
1470 4413 1540 4464 Ἢ
1577 4413 1640 4466 οὐ
1671 4413 1906 4484 σμικρὸν

299 4502 449 4575 αὐτῷ
471 4503 540 4557 τὸ
569 4504 631 4556 ὲν
666 4504 779 4565 τοῖς
811 4501 933 4555 καθ’
957 4504 1104 4573 ἡμᾶς
1128 4503 1386 4572 γενέσθαι
1410 4503 1657 4576 μέτροις;
1696 4502 1906 4558 Οὐκοῦν

2005 3321 2135 3370 sunt
2189 3321 2614 3382 supervacaneae
2668 3304 2890 3358 illorum
2946 3299 3278 3371 diligentiae,
3332 3296 3601 3351 adiuven-

2005 3405 2209 3466 tiones,
2238 3409 2300 3457 et
2328 3399 2518 3454 futiles
2547 3395 2933 3467 cogitationes.
2964 3391 3137 3461 Igitur
3164 3400 3270 3441 nec
3295 3383 3604 3455 appelletur

2003 3495 2279 3558 Christus,
2318 3491 2434 3547 sive
2479 3497 2703 3552 unctus,
2743 3482 3057 3556 specialiter
3099 3487 3154 3534 et
3189 3476 3424 3533 seorsim
3465 3474 3603 3529 illud

2005 3604 2072 3643 ex
2104 3587 2219 3642 Deo
2261 3585 2424 3640 Patre
2462 3581 2723 3637 Verbum.
2758 3571 3237 3644 Quemadmodum
3276 3568 3425 3624 enim
3466 3566 3603 3621 alie-

2004 3693 2138 3733 num
2180 3677 2251 3731 ab
2287 3690 2354 3730 eo
2379 3681 2464 3730 est
2491 3673 2602 3743 pati
2636 3668 2859 3741 quando
2892 3675 3048 3722 extra
3086 3676 3307 3718 carnem
3339 3656 3601 3728 intelligi-

2007 3781 2119 3836 tur,
2164 3767 2245 3823 sic
2285 3773 2344 3822 et
2379 3764 2570 3819 unctio
2610 3761 2915 3831 incongrua
2951 3753 3200 3826 quaedam
3233 3766 3331 3831 res,
3359 3749 3513 3819 191
3547 3755 3606 3801 et

2005 3863 2185 3918 aliena
2224 3860 2294 3914 ab
2333 3873 2402 3914 eo
2441 3864 2570 3913 est:
2607 3875 2625 3906 ι
2659 3854 2848 3910 Jesum
2891 3848 3041 3904 enim
3081 3863 3112 3901 a
3144 3842 3416 3900 Nazareth
3446 3840 3607 3895 unxit

2004 3953 2153 4008 Deus
2178 3950 2390 4022 Spiritu
2417 3956 2611 4003 sancto
2632 3945 2714 4012 ¹⁶;
2748 3963 2766 3994 ι
2797 3958 2865 3998 ex
2889 3956 2949 3996 se
2972 3946 3155 3994 autem
3180 3924 3486 4006 perfectum
3518 3935 3605 3985 est

2006 4021 2268 4100 omnibus
2314 4039 2497 4096 modis
2535 4037 2784 4094 Verbum
2828 4032 2948 4098 Dei,
2988 4038 3045 4085 et
3081 4043 3221 4099 opus
3256 4041 3368 4081 non
3406 4021 3607 4077 habuit

2006 4136 2270 4192 unctione
2312 4148 2435 4203 quae
2476 4146 2573 4201 per
2611 4128 2881 4199 Spiritum
2919 4132 3171 4180 sanctum
3206 4118 3388 4173 datur.
3433 4114 3608 4186 Igitur

2005 4232 2204 4297 negate
2246 4218 2740 4292 dispensationem,
2768 4213 3000 4269 avertite
3042 4207 3399 4278 Unigenitum
3437 4218 3469 4258 a
3505 4218 3607 4257 sua

2006 4295 2138 4388 erga
2182 4314 2455 4377 mundum
2495 4310 2787 4372 charitate,
2819 4321 2891 4360 ne
2928 4302 3248 4358 nominetur
3282 4295 3535 4353 Christus
3574 4306 3609 4348 a

2006 4409 2186 4463 vobis.
2221 4407 2419 4460 Annon
2451 4403 2738 4472 indignum
2767 4399 2901 4469 ipsi,
2930 4394 3079 4466 quod
3114 4393 3171 4447 in
3208 4388 3417 4444 nostris
3449 4401 3608 4441 men-

2009 4500 2154 4556 suris
2178 4497 2355 4554 factus
2377 4496 2500 4552 est?
2522 4493 2696 4564 Igitur
2724 4491 2855 4560 quia
2883 4495 2940 4543 et
2965 4486 3071 4541 hoc
3097 4483 3384 4553 indignum
3409 4484 3494 4535 est
3516 4492 3606 4541 eo,

300 4568 635 4665 ὲπιδήπερ,
673 4592 770 4646 καὶ
800 4591 957 4646 τοῦτό
978 4568 1151 4648 -έστινν
1183 4568 1445 4659 ἀπεοικὸς
1475 4568 1659 4667 αῦτῷ,
1711 4594 1898 4666 ὁμολο-

2010 4606 2175 4647 nemo
2219 4586 2550 4645 confiteatur
2593 4582 2742 4653 quod
2788 4580 2969 4636 factus
3016 4576 3091 4633 sit
3130 4576 3326 4639 homo;
3371 4578 3432 4627 ut
3477 4568 3615 4640 ipsis

298 4687 467 4755 γείτω
515 4685 715 4760 μηδεὶς
745 4685 828 4739 ὅτι
871 4684 1097 4755 γέγονεν
1135 4686 1448 4757 ἄνθρωπος·
1490 4687 1579 4742 ἵνα
1606 4688 1701 4741 καὶ
1721 4687 1906 4752 αὐτοῖς

302 4779 431 4851 εἴπῃ
460 4777 731 4852 Χριστός·
765 4796 784 4829 t
821 4777 1130 4839 Πλανᾶσθε,
1174 4780 1251 4851 μὴ
1286 4779 1492 4844 εἰδότες
1523 4779 1623 4845 τὰς
1654 4780 1901 4852 Γραφὰς,

307 4872 439 4941 μηδὲ
479 4871 589 4943 τὴν
627 4870 863 4940 δύναμιν
885 4871 981 4924 τοῦ
1011 4870 1169 4925 Θεοῦ.
1209 4891 1228 4924 ι
1273 4871 1504 4936 Οὐκοῦν,
1537 4872 1613 4937 ὡς
1642 4872 1741 4943 τῆς
1771 4872 1905 4943 ἁλη-

310 4963 450 5029 eam
478 4963 744 5035 ἐχθροὺς,
777 4963 906 5027 τοὺς
928 4955 1032 5016 ὧδε
1064 4966 1282 5034 φρονεῖν
1327 4964 1641 5036 ᾑρημένους
1666 4963 1905 5034 ἡγούμε·

309 5071 405 5118 νοι,
439 5055 748 5125 φεύγωμεν
778 5052 962 5108 αὐτῶν
999 5054 1113 5116 τὰς
1137 5054 1422 5126 ὀλεθρίους
1461 5055 1830 5123 καινοφωνίας
1853 5063 1903 5092 α’

301 5147 395 5197 καὶ
429 5142 709 5216 ὲπώμεθα
732 5142 932 5215 μᾶλλον
960 5144 1080 5206 ταῖς
1108 5143 1289 5210 δόξαις
1310 5144 1420 5196 τῶν
1439 5144 1608 5213 ἁγίων
1623 5143 1907 5214 Πατέρων,

298 5236 397 5290 καὶ
434 5238 507 5308 τῇ
535 5234 841 5308 παραδόσει
867 5234 978 5288 τῶν
1009 5234 1180 5303 ἁγίων
1212 5235 1528 5289 ἀποστόλων
1557 5236 1653 5290 καὶ
1676 5235 1910 5305 εὐαγγε-

2011 4696 2233 4753 quoque
2278 4679 2429 4734 dicat
2473 4674 2773 4732 Christus;
2822 4690 2840 4722 ι
2885 4668 3119 4733 Erratis,
3150 4680 3333 4735 neque
3374 4663 3616 4718 scientes

2011 4773 2349 4844 Scripturas,
2380 4784 2561 4840 neque
2584 4767 2849 4823 virtutem
2878 4761 2977 4817 Dei
3004 4761 3069 4813 ’⁷.
3105 4779 3123 4811 ι
3170 4758 3343 4830 Igitur
3381 4770 3479 4810 eos
3517 4753 3612 4824 qui

2012 4867 2093 4921 sic
2141 4865 2350 4921 sentire
2403 4868 2755 4925 statuerunt,
2818 4864 3079 4926 tanquam
3132 4853 3320 4906 hostes
3368 4846 3619 4903 veritatis

2014 4959 2316 5022 habentes,
2368 4954 2646 5026 fugiamus
2695 4952 2942 5021 ipsorqu
2994 4943 3366 5015 perniciosam
3419 4952 3616 4992 vocum

2012 5051 2318 5107 novitatem
2346 5047 2455 5119 (2);
2483 5058 2782 5117 sequamur
2821 5050 3005 5095 autem
3036 5043 3353 5091 sanctorum
3393 5029 3618 5083 Patrum

2017 5141 2372 5205 sententiam,
2406 5147 2462 5195 et
2494 5146 2811 5193 sanctorum
2849 5129 3228 5201 apostolorum
3256 5118 3618 5188 evangelista-

2018 5251 2255 5305 rumque
2304 5231 2682 5288 traditionem.
2724 5225 2966 5282 Verbum
2998 5219 3148 5297 enim
3190 5216 3353 5269 homo
3389 5208 3616 5271 factum,

277 5328 293 5415 ί
369 5380 418 5412 ἰ
443 5379 611 5435 Joan.
636 5395 727 5445 xx,
752 5377 841 5433 22.
870 5394 873 5397 ·
919 5380 966 5411 ’⁸
998 5380 1158 5436 Joan.
1180 5395 1254 5448 tv,
1277 5381 1366 5437 24.
1442 5382 1490 5414 ’³
1514 5382 1559 5437 Il
1585 5380 1711 5437 Cor.
1748 5397 1820 5449 tv,
1845 5382 1898 5436 4.

2003 5381 2023 5412 ⁸⁵
2056 5381 2336 5437 lTimoth.
2366 5396 2404 5445 ι,
2433 5380 2483 5432 7.
2538 5377 2585 5410 ’⁸
2610 5373 2765 5433 Iuda:
2791 5371 2844 5424 4.
2902 5368 2948 5401 ’³
2974 5366 3096 5423 Act.
3127 5377 3181 5429 κ,
3213 5358 3305 5414 58.
3362 5356 3405 5388 ’⁷
3422 5350 3623 5410 Matth.

302 5463 441 5517 xm,
463 5450 560 5505 29.

1424 5541 1600 5599 Variae
1630 5543 1899 5599 lectiones
1923 5544 2133 5600 codicis
2158 5541 2530 5613 Seguteriani.

387 5659 411 5700 ι
442 5659 636 5732 μόνον.
706 5673 735 5701 ἰ
761 5660 1123 5732 κενοφωνίας.

1882 5753 2106 5814 ΝΟΤΔΕ.

385 5872 467 5945 (Ι)
502 5868 712 5932 Solum.

2108 5868 2191 5943 (2)
2222 5863 2719 5938 Vaniloquentiam.
