4048 6442
270 330 373 388 5‘3!

1638 314 1977 374 EPISTOLA
2014 316 2194 377 LVIII.

3479 328 3586 394 523

268 436 687 513 παρελθόντων.
740 429 1062 502 Βουλόμεθα
1108 427 1219 500 γὰρ
1265 426 1472 499 μᾶλλον
1516 428 1885 501 ἀρνουμένους

1989 430 2155 489 ﬁdem
2185 448 2482 492 conversos
2505 436 2715 506 videas,
2742 441 3015 499 malorum
3038 448 3450 516 praeteritorum
3470 470 3586 512 me-

265 529 467 591 ιύτοὺς
498 528 664 598 ὀρᾷν,
714 524 750 596 ἢ
794 521 1146 593 ἀναισχύντῳ
1189 518 1388 593 γνώμῃ
1442 519 1883 591 συνηγοροῦντας

266 624 378 685 ταῖς
407 617 730 687 Νεσωρίου
764 614 1013 678 κακίαις
1038 613 1126 665 ἵνα
1151 612 1209 664 δὲ
1243 610 1319 683 μὴ
1350 610 1601 683 δοκῶμεν
1631 615 1797 684 τιμᾷν
1822 613 1883 669 τὸ

258 724 263 735 .
278 710 604 784 φιλόνεικον,
631 704 1022 776 ἀσπασώμεθα,
1048 703 1149 774 τὴν
1191 703 1328 774 πρὸς
1365 702 1458 756 τὸν
1487 702 1883 759 εύλαϐέστατον

270 803 572 858 ἐπίσκοπον
617 800 883 869 Ἰωάννην
915 795 1225 860 κοινωνίαν,
1259 796 1672 869 συγχωροῦντες
1710 795 1882 866 αὐτῷ*

270 897 360 949 καὶ
391 891 744 964 οἰκονομίας
787 891 955 943 ἕνεκα
995 887 1072 960 μὴ
1122 886 1642 959 ἀκριϐολογούμενοι
1676 888 1884 965 σφόδρα

262 984 391 1055 περὶ
446 983 591 1046 τοὺς
645 976 1193 1053 μεταγινώσκοντας.
1246 977 1576 1050 Οίκονομίας
1618 977 1761 1049 γὰρ,
1806 977 1884 1044 ὡς

249 1078 418 1151 ιφην,
452 1076 644 1131 δεῖται
678 1076 745 1131 τὸ
778 1075 1022 1147 πρᾶγμα
1050 1072 1276 1146 πολλῆς.

1990 524 2224 580 moriam
2245 524 2482 596 depone.
2516 529 2787 588 Malumus
2810 536 2958 589 enim
2986 553 3091 594 nos
3111 540 3303 597 videre
3322 550 3586 615 negantes

1989 628 2155 683 quam
2205 613 2570 673 defendentes
2607 619 2851 678 Nestorii
2880 626 3035 681 vitia.
3066 627 3363 697 Caeterum,
3402 613 3474 689 ne
3498 636 3584 690 vi-

1990 703 2222 760 deamur
2267 708 2642 766 contentionis
2682 714 2894 783 cupidi,
2930 718 3332 789 religiosissimi
3356 724 3585 783 Joannis

1991 798 2442 857 communionem
2481 804 2902 874 amplectamur,
2938 809 3289 883 indulgentes
3312 816 3387 882 ei,
3416 824 3585 890 atque

1991 896 2054 944 ut
2099 891 2500 951 convenienter
2546 894 2606 950 in
2646 896 2736 953 bis
2770 890 2938 957 rebus
2962 902 3272 961 moderatio
3300 911 3580 974 teneatur,

1988 996 2103 1038 non
2147 981 2387 1038 nimium
2427 984 2724 1058 diligenter
2752 990 2813 1046 in
2838 1006 2936 1048 eos
2966 994 3062 1064 qui
3109 995 3463 1067 resipiscunt,
3492 998 3581 1054 in-
3682 990 3687 1003 ’

1986 1072 2296 1177 quirentes.
2332 1076 2444 1134 Res
2479 1078 2652 1150 enim,
2697 1091 2762 1139 ut
2806 1083 2943 1153 dixi,
2989 1101 3201 1160 magnae
3240 1096 3364 1161 eget
3386 1087 3579 1147 mode-

1986 1174 2236 1221 rationis.

1664 1525 2000 1632 IiPI§TOLA
2035 1528 2218 1585 LVIII.

1764 1703 1831 1739 ΑΙ)
1864 1700 2101 1740 EUMDEII.

1412 1839 1668 1908 Ejusdem
1695 1856 1811 1895 cum
1836 1857 2108 1912 supenore
2129 1841 2451 1913 argumenti.

335 1993 420 2068 II)
462 1992 819 2066 Κεκόμισται
851 1990 1020 2047 πάλιν
1034 1991 1116 2047 διὰ
1140 1990 1291 2066 παρὰ
1316 1991 1418 2065 τῆς
1445 1994 1546 2065 σῆς
1576 1992 1885 2058 θεοσεϐείας

2061 1997 2256 2053 Allatas
2303 1998 2508 2055 iterum
2552 2006 2683 2059 sunt
2720 1995 2944 2069 pietatis
2966 2006 3074 2055 tum
3098 1997 3297 2059 litterae
3316 2014 3351 2059 a
3372 1998 3578 2061 dilecto

274 2092 595 2161 γράμματα
617 2087 703 2141 διὰ
724 2085 822 2140 τοῦ
849 2084 1143 2158 ἀγαπητοῦ
1173 2084 1498 2158 μονάζοντος
1517 2085 1755 2150 Παύλου,
1781 2086 1878 2140 καὶ

288 2178 475 2252 ἣσθην
521 2178 658 2248 ἄγαν
683 2175 910 2248 ὶντυχὼν
953 2177 1161 2241 αὐτοῖς,
1204 2176 1297 2231 τόν
1329 2194 1389 2232 τε
1442 2175 1605 2251 ζῆλον
1632 2177 1879 2248 ἐπέγνων

293 2271 623 2343 ἀκμάζοντα
658 2271 744 2325 καί
785 2269 911 2337 νῦν,
965 2268 1026 2324 δν
1073 2270 1214 2341 ὑπὲρ
1262 2270 1365 2343 τῆς
1415 2269 1583 2343 ὀρθῆς
1638 2269 1879 2339 πίστεως

285 2363 532 2433 ἐποιήσω
559 2362 661 2432 μὲν
686 2360 807 2427 ἀεὶ,
839 2360 989 2432 ἔχεις
1018 2359 1075 2414 δὲ
1105 2360 1201 2421 καὶ
1234 2359 1357 2426 νῦν,
1394 2360 1493 2415 καὶ
1522 2359 1665 2425 ἕξεις
1695 2360 1776 2425 είς
1818 2359 1879 2413 τὸ

278 2448 497 2524 ρῗέλλον.
543 2451 868 2523 Γέγραπται
915 2451 1049 2523 γάρ·
1110 2451 1279 2507 «Ὅτι
1328 2453 1359 2509 ὁ
1400 2449 1772 2523 ἐναρξάμενος
1819 2451 1878 2505 ὲν

277 2546 402 2616 ὑμῖν
444 2543 613 2615 ἔργον
655 2544 869 2614 ἀγαθὸν
893 2587 909 2612 ,
954 2544 1346 2603 ὲπιτελεσάτω.
1388 2564 1408 2598 ι
1459 2546 1880 2614 Καταλαὸὁντος

270 2618 325 2687 δὲ
355 2633 450 2687 τοῦ
486 2634 904 2689 εὐλαϐεστάτου
935 2633 1314 2708 πρεσϐυτέρου
1360 2636 1717 2708 Πρεσεντίνου
1737 2677 1753 2703 ,
1781 2637 1879 2692 καὶ

261 2726 585 2795 διδάξαντός
626 2744 793 2788 τινα.
834 2726 1097 2798 γέγραφα
1131 2726 1278 2798 ἀπερ
1310 2722 1380 2799 ἦν
1424 2728 1573 2793 εἰκὸς
1606 2728 1743 2802 πρὸς
1784 2729 1880 2783 τὸν

260 2820 677 2876 εὖλαῦέστατον
698 2820 797 2875 καὶ
819 2818 1241 2879 θεοσεϐέστατον
1263 2819 1561 2875 ἐπίσκοπον
1600 2821 1876 2893 Ἰωάννην,

263 2913 359 2969 καὶ
395 2913 539 2987 πρὸς
573 2911 676 2977 οὓς
709 2912 984 2986 ἠθέλησεν
1021 2911 1476 2985 ἀρχιμανδρίτας·
1508 2913 1602 2969 καὶ
1641 2912 1741 2985 τὴν
1768 2913 1880 2967 τῶν

265 3005 598 3081 γραφέντων
628 3004 868 3078 δύναμιν
896 3006 932 3076 ἡ
969 3004 1038 3075 σὴ
1068 3002 1325 3061 εὐλάϐεια
1355 3001 1626 3073 γνώσεται
1645 3044 1659 3069 ,
1691 3005 1884 3075 αὐταῖς

270 3096 573 3169 ἐντυχοῦσα
621 3098 751 3163 ταῖς
788 3095 1124 3161 ἐπιστολαῖς,
1166 3095 1313 3167 Πλὴν
1353 3095 1532 3149 ἐκεῖνό
1579 3110 1744 3171 φημιο
1784 3094 1883 3167 τῆς

272 3188 365 3260 μὲν
389 3187 506 3259 γὰρ
537 3186 647 3257 σῆς
674 3184 966 3249 εὐλαϐείας
992 3183 1153 3257 ἔργον
1173 3180 1258 3270 ἧνκ
1274 3184 1335 3238 τὸ
1366 3184 1574 3256 μηδένα
1598 3184 1707 3239 τῶν
1735 3185 1884 3258 ἑχόν-

268 3296 375 3333 των
397 3277 843 3340 ύποσκὰζουσαν
874 3277 977 3347 τὴν
1010 3275 1275 3340 διάνοιαν,
1302 3274 1336 3346 ἢ
1370 3276 1449 3338 εἰς
1481 3274 1769 3329 κοινωνίαν
1796 3273 1883 3328 δέ·

272 3373 497 3444 χεσθαι,
553 3372 591 3446 ἢ
626 3373 713 3435 εἰς
751 3369 978 3441 ἀγάπην
1023 3368 1125 3441 τὴν
1152 3370 1211 3423 ὲν
1257 3365 1503 3439 Χριστῷ.
1554 3367 1621 3420 Ἥ
1668 3367 1727 3421 δὲ
1770 3365 1882 3421 τῶν

272 3468 655 3539 ἰνεστηκότων
704 3465 1058 3536 πραγμάτων
1113 3462 1276 3533 φύσις
1298 3502 1313 3528 ,
1370 3462 1467 3516 καὶ
1512 3463 1612 3534 οὐχ
1655 3463 1884 3526 ἑκόντας

273 3560 419 3632 ἡμᾶς
450 3559 571 3612 ἐσθ’
607 3560 704 3614 ὅτε
740 3556 1147 3629 πραῦιάζεται
1196 3555 1293 3609 καὶ
1327 3554 1437 3608 τῶν
1482 3555 1634 3627 παρά
1678 3554 1882 3610 σκοπὸν

275 3651 369 3704 καὶ
397 3650 639 3722 γνώμην
666 3648 987 3720 ἀνέχεσθαι.
1018 3646 1241 3719 Συνορῶ
1275 3646 1385 3720 γὰρ
1414 3647 1499 3701 ὃτι
1527 3647 1623 3700 καὶ
1661 3646 1828 3710 αὐτὸς
1852 3645 1882 3700 ὁ

277 3741 689 3809 εὖλιϐέστατος
730 3740 1032 3804 ἐπίσκοπος
1074 3740 1333 3810 Ἰωάννης
1359 3737 1676 3808 οἰκονομίας
1712 3737 1882 3793 δεῖται

281 3835 502 3907 πολλῆς,
547 3834 644 3890 ⁴ίνα
662 3833 796 3897 τοὺς
822 3829 1175 3902 ἀφηνιῶντας
1199 3830 1457 3901 κερδὰνῃ.
1484 3828 1553 3883 Αἰ
1579 3828 1688 3900 γὰρ
1718 3828 1885 3900 σκλη-

283 3929 370 3999 ραὶ
414 3926 693 3991 πολλάκις
731 3924 1052 3985 ἀντιτυπίαι
1091 3921 1321 3987 πολλοὺς
1374 3920 1731 3977 ἐκϐάλλουσιν
1774 3921 1884 3976 ἀτι-

282 4019 961 4092 αναισχυντήσανντας·καί
980 4016 1206 4089 ἄμεινον
1220 4014 1505 4079 κολακίαις
1535 4012 1738 4088 μᾶλλον
1761 4013 1886 4067 ὑπο·

282 4113 467 4186 φέρειν
505 4113 639 4176 τοὺς
667 4109 1093 4181 ἀνθεστηκότας,
1128 4108 1164 4180 ἢ
1194 4109 1328 4178 γοῦν
1367 4110 1435 4178 τῇ
1464 4107 1566 4178 τῆς
1597 4106 1886 4180 ἀκριϐείας

284 4204 567 4275 ἰσχνότητι
609 4203 824 4263 λυπεῖν.
876 4202 1088 4273 Ὠσπερ
1124 4201 1236 4272 γὰρ
1286 4202 1335 4256 εἰ
1384 4200 1447 4255 τὸ
1499 4199 1660 4273 σῶμα
1701 4200 1885 4266 αὐτοῖς

281 4296 721 4369 ἀρῤωπήσειεν.
774 4292 939 4366 χείρά
965 4311 1071 4348 που
1112 4292 1332 4357 πάντως
1357 4292 1547 4365 ὀρέξαι
1580 4292 1710 4366 χρὴ,
1742 4290 1886 4346 οὕτω

282 4387 628 4451 πεπονθυίας
655 4386 755 4457 τῆς
780 4384 961 4457 ψυχῆς
978 4384 1060 4438 δεῖ
1084 4401 1228 4448 τινος
1242 4384 1589 4455 οἰκονομίας,
1619 4378 1707 4439 οἷα
1742 4383 1888 4454 φάρ-

281 4499 459 4552 μακον
526 4479 991 4553 προσφερομένης
1047 4480 1255 4544 αὐτοῖς.
1327 4478 1488 4535 Κατά
1538 4477 1715 4550 βραχὺ
1776 4477 1885 4548 γὰρ

276 4575 468 4646 ἥξουσι
510 4573 612 4626 καὶ
641 4571 798 4625 αὐτοὶ
836 4572 974 4643 πρὸς
1007 4571 1276 4643 εἰλικρινῆ
1303 4570 1565 4625 διάθεσιν⁹
1598 4570 1697 4625 καὶ
1721 4564 1899 4624 αὗταί

1978 2089 2255 2144 monacho
2299 2090 2506 2157 Paulo;
2557 2097 2615 2149 et
2640 2090 2865 2162 gavisus
2886 2105 3009 2147 sum
3048 2090 3181 2148 dum
3199 2107 3295 2149 eas
3314 2091 3575 2164 legerem,

1978 2177 2051 2233 de
2075 2185 2170 2233 tuo
2194 2195 2344 2235 nunc
2363 2180 2547 2235 adhuc
2571 2180 2823 2237 fervente
2845 2181 2985 2249 zelo,
3001 2197 3167 2253 quem
3183 2197 3284 2252 pro
3303 2192 3453 2239 recta
3469 2183 3579 2240 ﬁde

1979 2279 2037 2326 et
2060 2270 2304 2327 habuisti
2344 2287 2586 2344 semper,
2616 2282 2675 2328 et
2710 2288 2861 2329 nunc
2880 2274 3048 2335 etiam
3078 2274 3308 2341 retines,
3341 2282 3400 2333 et
3425 2276 3577 2335 omni

1980 2359 2170 2423 futuro
2217 2370 2469 2431 tempore
2514 2361 2890 2417 conservabis.
2943 2361 3224 2432 Scriptum
3252 2370 3339 2419 est
3373 2365 3522 2421 enim
3560 2381 3574 2421 :

1988 2473 2006 2506 ι
2034 2453 2138 2521 Qui
2162 2454 2332 2525 erepit
2357 2454 2415 2509 in
2438 2453 2599 2510 vobis
2617 2469 2758 2524 opus
2777 2453 3006 2521 bonum,
3035 2453 3183 2510 idem
3202 2454 3456 2523 perﬁciet
3471 2457 3570 2509 ³⁸.»

1978 2544 2099 2601 Jam
2142 2560 2270 2600 cum
2314 2544 2425 2629 huc
2468 2544 2758 2600 advenerit
2798 2545 3088 2618 piissimus
3113 2545 3405 2617 presbyter
3427 2546 3576 2603 Prte-
3614 2598 3621 2609 .

1980 2635 2252 2702 sentinus,
2276 2643 2332 2690 et
2350 2635 2601 2707 quadam
2622 2635 2956 2702 narraverit,
2980 2636 3177 2707 scripsi
3193 2636 3341 2707 quod
3355 2652 3578 2709 mquam
3631 2698 3638 2705 ,

1979 2734 2100 2787 erat
2131 2727 2202 2782 ad
2233 2727 2645 2800 pientissimum
2670 2734 2729 2782 et
2753 2726 3233 2799 religiosissimum
3253 2728 3578 2799 episcopum

1980 2819 2273 2885 Joannem,
2308 2828 2365 2875 et
2405 2820 2477 2875 ad
2524 2835 2666 2892 quos
2706 2821 2798 2877 ille
2840 2820 3019 2876 voluit
3063 2820 3574 2877 archimandritas:

1983 2911 2142 2981 cujus
2163 2910 2357 2981 scripti
2380 2910 2489 2967 mei
2515 2911 2912 2969 continentiam
2938 2911 3120 2982 pietas
3141 2919 3235 2966 tua
3261 2917 3576 2983 cognoscet,

1978 3017 2111 3063 .cum
2135 3002 2284 3075 ipsas
2303 3003 2519 3059 litteras
2547 3003 2715 3075 leget.
2746 3002 2864 3060 Hoc
2888 3018 3060 3061 unum
3086 3004 3176 3063 aio
3212 3020 3226 3057 :
3265 3000 3580 3074 oportuisse

1984 3094 2211 3167 quidem
2249 3103 2313 3152 ut
2358 3102 2451 3152 tua
2486 3095 2666 3167 pietas
2717 3095 3000 3152 neminem
3026 3095 3273 3163 illorum,
3298 3094 3395 3165 qui
3421 3093 3578 3150 clau-

1984 3187 2202 3243 dicante
2225 3196 2411 3243 mente
2435 3196 2614 3254 erant,
2632 3188 2719 3244 vel
2742 3189 2799 3243 in
2816 3187 3267 3244 communionem
3280 3187 3576 3257 reciperet,

1984 3278 2072 3337 vel
2098 3277 2167 3333 ad
2188 3277 2396 3334 Christi
2419 3279 2769 3335 eharitatem.
2805 3280 3201 3336 Verumtamen
3226 3279 3577 3349 negotiorum

1985 3372 2342 3442 praesentium
2366 3379 2564 3427 natura
2584 3372 2671 3427 vel
2701 3372 2859 3429 inviti
2882 3372 3256 3444 pertrahimur
3278 3371 3346 3426 ad
3368 3371 3579 3442 agenda

1983 3461 2230 3533 quaedam
2273 3470 2478 3532 praeter
2519 3461 2884 3518 intentionem
2944 3470 3189 3517 nostram
3255 3477 3320 3517 ac
3376 3462 3578 3516 volun-

1983 3562 2173 3609 tatem.
2212 3553 2387 3610 Simul
2429 3554 2596 3609 etiam
2641 3555 2809 3611 video
2834 3544 3039 3627 Tpsum
3077 3569 3297 3625 quoque
3343 3553 3578 3624 pientis-

1983 3648 2185 3703 simum
2229 3648 2553 3718 episcopum
2586 3647 2855 3703 Joannem
2896 3647 3069 3707 multa
3096 3648 3176 3701 uti
3208 3646 3413 3705 debere
3440 3662 3578 3718 pru-

1984 3739 2192 3807 dentia,
2240 3746 2303 3794 ut
2342 3750 2699 3802 contumaces
2744 3740 3015 3801 lucretur.
3068 3740 3207 3796 Nam
3255 3739 3408 3794 durae
3435 3754 3581 3809 saepe

1985 3832 2301 3888 collisiones
2331 3833 2536 3889 multos
2569 3833 2639 3888 ad
2670 3832 3072 3904 impudentiam
3098 3831 3390 3902 impellunt
3420 3848 3433 3884 :
3460 3845 3581 3885 met

1983 3924 2205 3995 liusque
2227 3932 2315 3981 est
2332 3924 2533 3980 blande
2548 3928 2736 3995 potius
2755 3925 3030 3981 sustinere
3050 3924 3395 3987 resistentes,
3415 3936 3582 3991 quam

1981 4017 2126 4089 juris
2171 4018 2427 4073 acumine
2467 4018 2777 4073 molestiam
2822 4017 2958 4089 ipsis
2995 4032 3205 4073 creare.
3254 4015 3412 4081 Nam,
3438 4015 3584 4069 sicut

1986 4112 2034 4167 si
2064 4126 2269 4181 corpus
2309 4110 2419 4166 illis
2444 4103 2814 4181 agrotaverit,
2846 4125 3015 4165 manu
3052 4118 3287 4178 prorsus
3310 4104 3581 4162 tractandi
3649 4138 3655 4153 ι

1987 4201 2206 4258 forent:
2241 4202 2318 4257 ita
2340 4202 2616 4261 laboranti
2641 4202 2840 4258 animae
2865 4199 3160 4271 prudentia
3187 4197 3424 4270 quadam
3452 4211 3581 4251 suc-
3684 4204 3687 4207 '

1987 4293 2323 4349 currendum
2351 4300 2456 4358 est,
2495 4293 2725 4348 medelas
2745 4292 2920 4346 instar
2941 4290 3209 4344 adhibita.
3232 4286 3581 4343 Pedetentim

1987 4383 2137 4439 enim
2189 4383 2296 4454 ipsi
2324 4397 2547 4453 quoque
2568 4408 2569 4417 ι
2588 4383 2657 4439 ad
2680 4382 2960 4437 sincerum
2992 4381 3162 4435 animi
3185 4387 3389 4435 statum
3409 4378 3580 4434 deveo

1987 4473 2144 4530 nieut
2169 4489 2185 4528 :
2209 4482 2376 4544 atque
2405 4473 2490 4527 hae
2510 4479 2642 4532 sunt
2670 4468 3066 4541 Opitulationes
3079 4476 3137 4525 et
3151 4468 3581 4541 gubernationes

1988 4580 2127 4636 quas
2179 4565 2377 4621 beatus
2424 4565 2674 4620 nominat
2713 4564 2918 4619 Paulus
2933 4562 2999 4617 ³ο.
3034 4561 3117 4618 Ne
3150 4562 3335 4632 itaque
3358 4568 3579 4633 pertur-

276 4666 416 4718 εἰσιν
451 4664 518 4717 αἱ
559 4660 886 4733 ἀντιλήψεις
908 4650 1006 4716 καὶ
1040 4660 1419 4735 κυϐερνήσεις,
1447 4662 1515 4726 ἃς
1544 4662 1573 4715 ὁ
1613 4661 1885 4733 μακάριος

1992 4655 2157 4711 betur
2181 4664 2277 4711 tua
2302 4654 2656 4726 religiositas,
2679 4652 2897 4710 etiamsi
2928 4667 3041 4707 non
3071 4650 3368 4706 admodum
3389 4664 3583 4707 severe

279 4756 539 4829 ὠνόμασε
587 4753 825 4818 Παῦλος.
874 4752 970 4825 Μὴ
997 4753 1353 4827 ταραττέσθω
1381 4753 1561 4811 τοίνυν
1595 4754 1630 4826 ἡ
1676 4752 1745 4826 σὴ
1772 4752 1890 4807 θεο-

282 4848 508 4913 σέϐεια,
550 4844 662 4899 κᾶν
701 4843 778 4916 μὴ
809 4845 930 4901 λίαν
964 4844 1212 4916 ἀκριϐῶς
1242 4844 1591 4916 διοικούμενα
1633 4843 1706 4899 τὰ
1745 4844 1891 4917 πρά-

285 4956 469 5010 γματα
505 4937 715 5011 βλέπῃ,
746 4936 888 4991 κατά
917 4936 1010 4990 τὸν
1033 4937 1364 5010 ἐνεστηκότα
1407 4937 1643 5008 μάλιστα
1675 4937 1887 5007 καιρόν.

288 5033 352 5085 οδ
376 5031 497 5105 γὰρ
530 5028 769 5100 θέλομεν
803 5029 1012 5099 τεμεῖν,
1040 5027 1177 5082 ἀλλά
1218 5027 1475 5099 συνάψαι,
1503 5030 1618 5093 τοῖς
1648 5028 1745 5085 τοῦ
1777 5029 1891 5083 Σω-

284 5119 448 5193 sipo;
508 5117 780 5189 ἑπόμενοι
820 5116 1021 5187 λόγοις
1074 5136 1093 5173 ι
1138 5117 1211 5172 Οὐ
1248 5118 1357 5189 γὰρ
1416 5117 1605 5190 χρείαν
1653 5116 1890 5189 ἔχουσιν,

279 5214 473 5285 φησιν,
501 5212 556 5266 οἰ
587 5210 929 5281 ὑγιαίνοντες
954 5209 1165 5283 ἰατροῦ,
1189 5210 1305 5264 ἀλλ’
1327 5211 1380 5263 oi
1407 5212 1596 5275 κακῶς
1620 5210 1855 5281 ἔχοντες.
1871 5228 1891 5262 ›

278 5307 342 5363 Εἰ
368 5307 471 5362 καί⁵
517 5306 631 5368 ὅτι,
662 5302 785 5357 καθ’
825 5302 862 5357 ἀ
896 5301 1061 5359 πάλιν
1092 5286 1255 5367 αὐτος
1295 5319 1484 5375 φησιν·
1527 5321 1546 5354 ι
1584 5303 1697 5357 Οὐκ
1734 5298 1897 5375 ἦλθον

284 5399 520 5454 καλέσαι
554 5395 831 5464 δικαίους,
862 5393 1000 5449 ἀλλὰ
1031 5393 1395 5469 ἁμαρτωλοὺς
1424 5395 1503 5458 εἰς
1531 5393 1844 5467 μετάνοιαν.
1874 5413 1895 5447 ι

354 5588 403 5623 ”
442 5587 691 5657 Philipp.
722 5600 760 5653 ι,
795 5582 851 5639 6.
930 5579 979 5615 ³³
1000 5579 1175 5639 I'Cor.
1208 5598 1306 5650 xu,
1341 5579 1431 5639 28.
1511 5581 1554 5614 ³⁸
1579 5581 1717 5637 Luc.
1744 5599 1800 5650 v,
1827 5580 1916 5637 51.

1990 4748 2212 4823 negotia
2233 4747 2610 4803 administrari
2632 4746 2838 4810 videat,
2861 4745 2967 4807 hoc
2985 4742 3296 4816 praesertim
3311 4749 3580 4813 tempore.

1989 4841 2129 4897 Nam
2176 4839 2324 4895 haud
2371 4846 2659 4911 amputare
2700 4837 2978 4902 volumus,
3012 4834 3109 4890 sed
3131 4832 3412 4905 colligare,
3452 4829 3588 4888 εει-ο·

1988 4931 2200 4989 vatoris
2218 4930 2406 4987 verbis
2425 4929 2874 5000 obtemperantes
2902 4945 2915 4981 :
2949 4943 2969 4978 ι
2994 4926 3116 4981 Non
3140 4924 3287 4981 enim
3312 4922 3581 4993 indigent,

1991 5024 2196 5093 inquit,
2213 5020 2429 5078 medico
2442 5020 2582 5087 sani,
2596 5019 2694 5077 sed
2710 5018 2853 5074 male
2867 5016 3136 5074 habentes
3153 5014 3217 5067 ".
3231 5032 3249 5065 ι
3273 5011 3582 5082 Siquidem,

2001 5112 2166 5169 sicuti
2200 5110 2346 5169 idem
2389 5124 2586 5169 rursus
2624 5108 2704 5165 ait
2733 5125 2747 5162 :
2790 5125 2810 5163 ι
2834 5106 2957 5163 Non
2997 5104 3128 5161 veni
3158 5115 3355 5159 vocare
3380 5100 3601 5185 iustos,

1954 5262 1962 5271 ,
1997 5201 2094 5257 sed
2115 5210 2440 5273 peccatores
2470 5198 2539 5256 ad
2559 5196 2942 5273 pmnitentiam
2962 5194 3009 5229 ³⁸
3040 5213 3061 5245 ι

1994 5581 2041 5613 ³²
2080 5580 2220 5637 Ibid.
2267 5580 2356 5636 52.

364 5724 444 5846 (ll
480 5773 560 5830 Ex
587 5772 721 5831 edit.
755 5770 901 5844 Ang.
940 5768 1067 5826 Mai.
1103 5769 1427 5827 Bibliotheca
1466 5786 1601 5827 nova
1639 5767 1888 5835 Patrum,
1927 5774 1967 5823 t.
1995 5766 2062 5834 li,
2103 5766 2290 5823 Romae
2322 5764 2478 5829 1844,
2503 5778 2557 5835 p.
2591 5760 2714 5818 I08.
