4048 6454
287 313 400 368 325

1675 325 2012 383 EPISTOLA
2052 329 2186 386 LXI.

3480 352 3593 421 5³6

282 432 354 487 Et
388 429 632 484 orabam
659 430 884 501 quidem
923 441 986 486 ut
1019 449 1214 490 omnes
1234 450 1333 506 per
1370 436 1652 495 Orientem
1676 442 1896 513 religio-
1922 448 1969 505 Α
2000 456 2238 502 renuam
2261 446 2423 513 ﬁlios,
2457 448 2553 502 sed
2582 448 2638 504 in
2661 467 2829 507 unum
2857 454 3161 527 Christum,
3191 460 3245 516 id
3267 472 3371 530 est,
3396 468 3590 532 unige-

280 521 501 577 sissimi
540 521 793 592 episc0pi
842 538 948 578 nec
976 526 1222 595 suspecti
1257 542 1288 580 a
1320 527 1591 599 principio
1621 532 1897 599 ullatenus

287 616 487 669 ﬁerent
516 614 592 668 de
619 614 764 668 malo
788 630 959 670 sensu
983 617 1249 685 Nestorii,
1280 621 1377 675 sed
1402 623 1677 679 sinceram
1700 633 1757 681 et
1781 641 1898 680 om-

298 709 348 761 ni
378 702 819 776 inquinamento
859 708 1095 765 liberam
1137 711 1457 782 Opinionem
1500 725 1556 771 et
1597 716 1776 787 ipsum
1801 734 1898 774 cor

296 797 646 852 habuissent.
691 797 786 854 Sic
824 800 978 855 enim
1016 803 1248 858 verbum
1295 806 1550 862 veritatis
1584 819 1735 865 recte
1781 818 1898 865 tra-

288 896 502 943 ctantes
527 889 599 953 ³³,
634 903 830 945 curam
853 890 1147 948 decentem
1166 895 1546 964 probatissimi
1564 899 1895 957 induissent.

285 978 411 1043 Sed,
449 987 515 1033 ut
547 980 806 1047 addisco,
844 983 1093 1054 linguam
1118 982 1342 1057 quidem
1368 990 1643 1055 nonnulli,
1668 1000 1725 1047 et
1750 990 1899 1062 quod

283 1071 489 1125 attinet
537 1088 725 1143 usque
764 1074 833 1128 ad
869 1090 1207 1143 sermonem,
1245 1080 1711 1136 anathematizant
1739 1098 1897 1137 vesa-

283 1163 431 1217 niam
472 1163 749 1229 Nestorii,
787 1166 999 1222 audent
1034 1183 1167 1224 vero
1209 1187 1405 1228 rursus
1433 1189 1499 1228 ea
1523 1182 1579 1229 et
1621 1189 1816 1245 sapere
1843 1184 1901 1230 et

285 1258 440 1328 loqui
487 1274 622 1327 qua:
657 1260 785 1331 ejus
827 1261 1086 1315 sunt.'Et
1114 1262 1443 1320 incredibile
1476 1265 1702 1336 quidem
1730 1274 1815 1321 est
1852 1266 1900 1321 si

284 1351 393 1405 sint
423 1350 666 1421 quidam
708 1352 851 1407 tales
887 1353 1166 1409 ullatenus
1198 1370 1391 1410 eorum
1429 1357 1525 1427 qui
1564 1357 1746 1413 sortiti
1769 1364 1901 1412 sunt

282 1442 698 1497 sacerdotium.
729 1442 871 1510 Quia
894 1459 1031 1499 vero
1060 1446 1231 1501 multa
1256 1456 1343 1502 est
1365 1449 1806 1514 consusurratio,
1843 1455 1900 1504 et

280 1548 389 1588 non
414 1533 830 1605 despicienda,
854 1536 968 1591 imo
985 1547 1043 1594 et
1063 1539 1214 1593 omni
1232 1542 1547 1596 reverentia
1571 1541 1747 1614 digna:
1771 1555 1901 1601 sunt

285 1641 545 1696 personae
604 1626 732 1681 haec
776 1629 1127 1695 testantium,
1179 1629 1440 1701 dignetur
1469 1644 1562 1687 tua
1591 1634 1770 1688 virtus
1806 1649 1898 1689 se-

287 1718 585 1788 metipsam
631 1718 753 1773 Deo
797 1721 1293 1777 commendandam
1329 1738 1463 1778 cura
1498 1725 1781 1780 attentiori
1816 1725 1899 1785 in-

1996 539 2179 594 nitum
2217 540 2314 594 Dei
2350 540 2595 596 Verbum
2632 544 3056 603 inhumanatum
3101 559 3157 606 et
3188 552 3537 613 incarnatum
3566 573 3582 623 ;

1998 640 2062 685 ut
2110 631 2184 685 sit
2227 631 2375 687 idem
2427 633 2544 704 ipse
2577 634 2725 690 Deus
2768 638 2933 693 simul
2974 650 3031 696 et
3050 642 3217 700 homo
3246 664 3260 713 ;
3286 656 3345 703 ut
3375 664 3442 704 ex
3472 650 3587 707 Deo

1998 722 2223 791 quidem
2254 723 2415 779 Patre
2462 726 2651 796 genito
2693 728 2808 783 Deo
2848 730 3032 799 unico,
3092 751 3161 790 ex
3213 747 3399 795 sancta
3452 755 3587 796 vero

1999 814 2223 886 Virgine
2266 816 2461 871 eodem
2502 819 2808 875 secundum
2850 826 3093 880 carnem.
3143 828 3264 883 Non
3297 830 3464 901 igitur
3485 818 3585 902 pa-

2001 904 2169 959 tiatur
2200 905 2600 964 admirabilitas
2630 918 2723 966 tua
2754 928 2850 967 eos
2890 915 2985 984 qui
3012 916 3117 978 alia
3154 920 3375 988 sapiunt
3405 930 3462 977 et
3489 937 3587 978 ne-

1999 996 2297 1066 quidquam
2317 1000 2567 1070 garriunt
2596 1002 2728 1058 illic.
2759 1004 2912 1061 Unus
2959 1016 3043 1062 est
3074 1009 3245 1075 enim,
3277 1011 3420 1068 sicut
3447 1013 3582 1081 dixi,

1998 1085 2158 1140 Jesus
2200 1086 2456 1145 Christus
2485 1090 2771 1160 Dominus,
2795 1102 2853 1149 et
2872 1097 2992 1166 ejus
3015 1114 3124 1153 una
3150 1115 3387 1169 persona
3419 1103 3585 1158 inhu-

2000 1177 2227 1242 manati,
2271 1179 2392 1249 ejus
2421 1180 2520 1250 qui
2544 1189 2742 1237 natura
2776 1193 2834 1239 et
2863 1201 2994 1242 vere
3019 1196 3106 1243 est
3127 1187 3292 1244 ﬁlius.
3317 1190 3587 1247 Eumdem

1998 1284 2135 1324 vero
2172 1269 2415 1326 dicimus
2461 1272 2855 1343 impassibilem
2890 1280 3112 1347 quidem
3136 1295 3257 1335 esse
3281 1282 3586 1337 secundum

2000 1360 2373 1428 divinitatem,
2428 1364 2544 1434 pati
2595 1381 2729 1421 vero
2775 1369 3002 1439 propria
3058 1385 3228 1426 carne
3280 1374 3586 1435 secundum

2000 1449 2337 1521 Scripturas.
2378 1452 2548 1525 Cujus
2573 1456 2722 1526 enim
2747 1459 3033 1528 proprium
3061 1470 3146 1517 est
3174 1475 3397 1532 corpus,
3436 1464 3587 1519 illius

1997 1557 2122 1598 esse
2170 1543 2437 1598 dicuntur
2490 1553 2548 1601 et
2596 1563 2719 1617 quae
2756 1551 2908 1604 carni
2942 1552 3063 1623 ejus
3086 1553 3585 1625 contigeruntpas-

1998 1632 2202 1687 siones.
2270 1633 2631 1704 Impassibilis
2697 1653 2831 1709 ergo
2886 1642 3190 1697 secundum
3239 1643 3586 1700 divinitatem

2001 1719 2328 1789 subsistens,
2369 1723 2423 1778 in
2450 1725 2678 1796 propria
2706 1743 2868 1785 carne
2893 1732 3125 1801 pertulit
3149 1741 3376 1803 propter
3398 1750 3500 1790 nos
3527 1743 3587 1790 et

284 1809 537 1877 tendere,
572 1818 643 1865 ιιι
681 1811 968 1881 praecipue
995 1812 1093 1882 qui
1120 1813 1176 1868 in
1203 1814 1681 1884 suspicionelsunt
1704 1817 1899 1888 hujus-
1936 1827 1975 1882 Β
2000 1824 2101 1879 pro
2124 1811 2308 1867 nobis.
2360 1812 2453 1868 Sic
2495 1824 2552 1869 et
2586 1816 2843 1873 universa
2876 1820 3157 1890 dicuntur,
3193 1832 3253 1877 ut
3272 1824 3584 1883 viviﬁcante

282 1901 433 1955 modi
446 1901 612 1967 mali,
631 1903 1109 1960 anathematizent
1124 1907 1561 1963 contaminatum
1578 1908 1895 1964 Nestorium

280 2001 516 2063 propter
552 1994 766 2049 multas
797 1994 1178 2064 blasphemiae
1207 1997 1347 2068 ejus.
1373 1997 1496 2052 Non
1515 1988 1665 2053 enim
1695 1999 1752 2053 id
1779 2006 1896 2054 tan-

295 2092 423 2138 tum
456 2084 603 2140 dixit
631 2079 761 2158 quia
791 2096 987 2142 sancta
1014 2088 1179 2159 Virgo
1200 2104 1311 2143 non
1335 2099 1487 2149 esset
1513 2090 1611 2145 Dei
1634 2091 1890 2162 genitrix,

308 2174 413 2231 sed
432 2185 493 2230 et
516 2176 627 2232 alia
641 2194 794 2249 super
818 2180 943 2235 haec
968 2181 1266 2250 adjiciebat
1287 2183 1564 2238 mendacii
1585 2185 1893 2255 patrocinia

309 2275 507 2322 contra
550 2274 749 2324 rectam
783 2282 841 2326 et
895 2272 1258 2342 apostolicam
1308 2274 1684 2331 traditionem.
1737 2276 1887 2332 Duos

298 2357 448 2412 enim
488 2358 806 2415 nominabat
849 2361 1107 2418 Christos
1138 2362 1312 2429 ﬁlios,
1356 2381 1527 2419 unum
1550 2365 1773 2436 quidem
1796 2381 1885 2421 se-

288 2448 478 2503 motim
508 2465 579 2504 ex
615 2450 731 2507 Deo
772 2452 938 2508 Patre
974 2453 1239 2520 Verbum,
1271 2455 1504 2511 alterum
1528 2472 1663 2512 vero
1685 2466 1889 2527 praeter

285 2556 407 2595 eum
428 2542 718 2609 semotim;
743 2544 903 2598 illum
926 2561 995 2599 ex
1020 2547 1231 2602 semine
1259 2547 1452 2613 David,
1482 2556 1540 2603 et
1557 2564 1724 2618 quem
1750 2548 1891 2603 divi-

280 2634 466 2693 nitatis
484 2651 770 2707 organum
796 2639 1147 2707 nominabat,
1187 2650 1243 2697 et
1275 2641 1530 2698 dividens
1567 2643 1797 2713 ubique,
1833 2652 1889 2698 et

270 2727 425 2797 quasi
449 2727 673 2803 oblitus
708 2729 864 2785 beati
888 2732 1047 2787 Pauli
1070 2732 1343 2789 dicentis:
1380 2754 1399 2785 ‹
1421 2733 1577 2790 Unus
1596 2735 1884 2801 Dominus,

266 2831 373 2870 una
410 2816 581 2883 ﬁdes,
602 2808 807 2875 unum
840 2820 1117 2892 baptisma
1149 2822 1217 2879 ".
1249 2843 1268 2875 ι
1304 2824 1427 2880 Νοη
1451 2824 1603 2880 enim
1627 2824 1686 2879 in
1709 2825 1883 2880 Deum

263 2914 321 2962 et
343 2905 641 2973 hominem
672 2909 949 2985 baptizati
986 2928 1199 2980 sumus,
1246 2922 1307 2969 ut
1340 2915 1397 2969 in
1428 2915 1570 2971 duos
1592 2930 1691 2987 per
1718 2915 1880 2971 diﬁc-

1998 1899 2113 1956 Deo
2134 1904 2346 1958 unitam
2377 1904 2484 1961 sibi
2510 1922 2736 1964 carnem
2760 1918 2817 1965 et
2838 1913 3118 1982 propriam
3150 1915 3291 1986 ejus,
3321 1922 3379 1969 et
3397 1931 3501 1971 nos
3526 1918 3584 1973 in

1996 1993 2117 2064 ipso
2142 2003 2200 2050 et
2224 2006 2403 2053 morte
2428 2005 2486 2053 et
2517 2001 2874 2071 corruptione
2907 2005 3153 2073 potiores
3173 2003 3495 2061 efﬁciamur.
3523 2005 3584 2061 Si

1994 2098 2128 2139 vero
2169 2093 2228 2140 et
2269 2088 2736 2146 anathematizant
2780 2092 3013 2162 quidem-
3040 2100 3185 2148 ‘voce
3214 2095 3501 2166 etlingua,
3528 2101 3587 2150 et

1994 2175 2220 2245 sapiunt
2266 2178 2464 2245 altera,
2509 2179 2733 2237 videant
2755 2182 3083 2253 impendens
3104 2184 3211 2239 sibi
3233 2200 3264 2239 a
3292 2185 3406 2240 Deo
3430 2184 3584 2255 peri-

1993 2266 2204 2332 culum,
2234 2274 2291 2321 et
2306 2269 2583 2337 prolatum
2608 2271 2904 2326 terminum
2928 2272 2998 2327 ab
3023 2273 3326 2328 universali
3347 2274 3585 2330 concilio

1994 2358 2143 2427 quod
2182 2359 2239 2413 in
2264 2359 2482 2430 Epheso
2515 2371 2903 2433 congregatum
2926 2372 3031 2418 est.
3062 2352 3322 2419 Deﬁniiit
3351 2366 3501 2420 enim
3523 2374 3586 2421 ut

1994 2447 2091 2517 qui
2139 2464 2206 2504 ea
2245 2464 2368 2519 quae
2408 2457 2539 2505 sunt
2584 2450 2825 2506 Nestorii
2866 2453 3173 2523 loquuntur
3217 2460 3315 2509 aut
3338 2455 3580 2525 sapiunt,

1990 2539 2107 2593 sive
2165 2541 2414 2612 episcopi
2449 2542 2678 2609 fuerint,
2707 2544 2822 2599 sive
2871 2546 3078 2612 clerici,
3104 2561 3136 2600 a
3157 2545 3470 2601 sacerdotio
3489 2562 3580 2602 re-

1988 2631 2267 2701 pellantur
2293 2649 2308 2698 ;
2339 2648 2407 2688 ne
2434 2633 2622 2689 dicant
2655 2635 2816 2718 quod
2826 2651 2947 2691 eam
2973 2653 3096 2708 quze
3116 2637 3175 2692 in
3196 2638 3415 2708 Epheso
3441 2653 3579 2694 con-

1985 2731 2207 2792 gregata
2236 2731 2321 2779 est
2372 2724 2642 2794 synodum
2669 2726 2957 2794 nesciant;
2995 2736 3058 2782 ut
3079 2743 3192 2783 non
3217 2743 3315 2785 eos
3336 2728 3579 2803 abnege-

1983 2828 2108 2869 mus
2135 2822 2191 2870 et
2212 2830 2336 2882 nos,
2364 2824 2623 2888 tanquam
2649 2818 2961 2876 nescientes
2985 2820 3274 2892 episcopos
3293 2836 3436 2877 esse.

1596 3221 1796 3294 192"
1832 3223 2169 3281 EPISTOLA
2208 3224 2346 3280 LXI.

1389 3378 1598 3420 armum
1628 3383 1696 3422 an
1721 3381 1956 3423 JOANNE!
1984 3381 2356 3424 ANTIOCHENUI
2387 3369 2487 3442 (l).

272 3517 516 3594 Epistola
540 3516 752 3594 _Cyrilli
807 3521 878 3594 a_d
905 3519 1173 3594 Joannem
1201 3522 1587 3582 Antiochenam
1608 3569 1623 3594 ,

1709 3545 1767 3583 er
1800 3539 2261 3603 quam_causatur
2290 3531 2431 3603 quod
2458 3527 2757 3603 Orientales
2789 3530 3333 3603 anathematizossent
3354 3530 3567 3603 quidem

334 3588 686 3671 Nestorium,
727 3590 838 3671 Ased
862 3592 1048 3647 eadem
1080 3610 1196 3664 quia
1230 3604 1279 3649 et
1301 3595 1396 3650 ille
1423 3598 1507 3652 illi
1537 3588 1911 3669 priedicarént.
1944 3597 2162 3655 Format
2184 3588 2365 3658 autem
2397 3610 2447 3656 et
2478 3601 2736 3671 quomodo
2787 3600 2851 3654 de
2877 3608 3063 3654 σωτενο
3095 3588 3577 3658 αηάῑΙιεπιάείιςοηιιε

344 3661 521 3730 expeti
544 3659 759 3712 debeat.

330 3799 537 3853 Pacem
587 3794 818 3867 quidem
872 3794 1189 3867 desiderare
1243 3812 1521 3853 summum
1561 3796 1767 3857 bunum
1794 3813 1878 3860 est
1906 3810 1949 3868 ο
1983 3802 2362 3860 thematizant.
2422 3766 2635 3857 Dicitur
2660 3812 2920 3869 namque,
2964 3807 3021 3853 et
3048 3798 3156 3853 hoc
3185 3812 3286 3868 pro
3317 3798 3578 3870 veritate,

273 3899 433 3959 atque
467 3888 844 3959 praecipuum.
899 3887 968 3942 Et
996 3897 1255 3957 oportere
1285 3889 1412 3945 dico
1458 3893 1640 3963 utqui
1688 3909 1879 3964 sapere

270 3979 494 4037 Christo
553 3980 764 4051 placita
804 3978 1020 4044 volunt,
1075 3980 1397 4058 contineant
1443 3982 1592 4038 circa
1626 3984 1734 4040 hoc
1758 3994 1878 4040 stu-

272 4073 423 4129 dium
472 4088 668 4138 suum,
719 4087 833 4127 non
893 4070 1162 4138 remisse,
1215 4071 1312 4127 sed
1354 4071 1592 4169 forti’ter.
1643 4075 1877 4132 Verum-

277 4174 461 4221 tamen
508 4180 626 4219 non
653 4163 725 4218 ob
754 4163 897 4219 hanc
921 4178 1146 4219 causam
1173 4163 1383 4235 despici
1407 4163 1628 4237 oportet
1655 4168 1878 4236 pietatis

275 4259 325 4313 in
346 4258 580 4314 Christo
611 4256 901 4311 virtutem.
938 4256 1222 4312 Possimus
1251 4258 1475 4328 quidem
1499 4269 1555 4314 et
1575 4260 1736 4315 aliter
1752 4261 1879 4315 dili-

274 4366 396 4420 gere
420 4365 650 4416 pacem,
685 4358 744 4403 et
768 4349 919 4411 bona
952 4364 1075 4419 quae
1094 4365 1161 4404 ex
1184 4350 1303 4420 ipsa
1331 4358 1461 4405 sunt
1485 4351 1876 4423 obstupescere

275 4442 468 4507 nimis,
509 4440 800 4497 deducere
830 4458 962 4496 vero
989 4441 1059 4496 ad
1089 4441 1337 4497 medium
1386 4458 1499 4497 non
1540 4459 1605 4498 ea
1642 4444 1875 4514 quibus-

270 4550 486 4606 cunque
534 4532 837 4589 roboratur
871 4541 929 4588 et
967 4533 1413 4590 inconcussibilis
1445 4533 1526 4601 ﬁt,
1565 4535 1661 4590 sed
1690 4537 1876 4607 potius

268 4627 351 4681 illa
378 4638 743 4698 quaecunque
769 4640 892 4680 eam
920 4627 1212 4682 revolvunt
1245 4635 1303 4682 et
1327 4637 1606 4694 evertunt,
1640 4640 1699 4685 et
1726 4631 1874 4687 circa

268 4736 382 4776 eam
406 4737 542 4792 qua:
572 4719 884 4790 composita
909 4730 996 4775 est
1027 4735 1355 4790 permanere
1378 4737 1489 4777 non
1516 4722 1720 4778 sinant.
1746 4725 1875 4781 Haec

266 4813 446 4868 scribo
466 4811 845 4868 oontristatus
857 4811 1038 4866 valde.
1065 4813 1337 4867 Dicuntur
1352 4814 1503 4868 enim
1518 4814 1740 4885 quidam
1758 4817 1874 4873 illic

272 4905 821 4977 religiosissimorum
841 4904 1227 4975 episcoporum
1259 4906 1491 4976 impium
1520 4906 1743 4977 quidem
1766 4909 1874 4965 Ne-

275 5000 498 5054 storium
551 4997 1027 5054 anathematizare
1078 5006 1135 5053 et
1171 4997 1589 5055 dementissima
1617 5000 1872 5072 dogmata

270 5090 396 5161 ejus,
441 5098 676 5148 tentare
693 5106 831 5146 vero
859 5105 1057 5147 rursus
1088 5091 1246 5161 quasi
1274 5106 1342 5147 ex
1367 5086 1774 5162 permutatione
1805 5110 1870 5149 ea

261 5198 376 5252 qua:
394 5185 525 5255 ejus
549 5189 686 5237 sunt
704 5191 980 5254 sapere‘et
993 5182 1166 5254 loqui,
1190 5193 1249 5239 et
1270 5184 1574 5240 dissolvere
1590 5185 1872 5240 conscien-

261 5276 387 5330 tiam
412 5276 660 5331 fratrum
679 5289 781 5344 pro
798 5274 1004 5344 quibus
1028 5273 1280 5331 Christus
1299 5283 1385 5333 est
1406 5284 1680 5332 mortuus.
1700 5276 1871 5331 Miror

262 5379 439 5423 autem
464 5366 780 5439 quomodo,
798 5365 933 5422 dum
956 5366 1069 5421 sint
1090 5367 1390 5438 sapientes,
1411 5367 1581 5424 lateat
1599 5384 1698 5424 eos
1712 5368 1863 5439 quia,

263 5461 303 5513 si
347 5476 475 5532 qum
518 5458 761 5532 ejiciunt
794 5458 1055 5529 dogmata
1097 5460 1339 5530 sapiunt,
1372 5460 1702 5530 semetipsos
1729 5476 1864 5517 ana-

328 5617 375 5649 ιι
420 5616 467 5671 u
514 5614 765 5671 Timoth.
790 5630 850 5683 ιι,
888 5614 978 5669 45.
1062 5613 1338 5685 “Ephes.
1372 5594 1538 5682 ιν,4.’

336 5776 415 5837 (ll
445 5776 527 5831 Ex
557 5774 839 5848 Synodico
860 5772 1110 5840 Cassin.,
1141 5787 1263 5845 cap.
1292 5772 1414 5831 195.
1436 5771 1607 5830 Mansi
1648 5771 1713 5840 V,
1741 5768 1860 5829 070.

1983 3896 2087 3952 etsi
2127 3910 2247 3951 esse
2272 3892 2493 3948 videtur
2519 3906 2837 3956 onerosum,
2871 3895 2928 3943 et
2971 3889 3074 3945 hos
3102 3890 3197 3960 qui
3223 3889 3411 3945 nescio
3431 3904 3573 3961 quo-

1980 3987 2146 4043 modo
2177 4002 2243 4042 ea
2277 4001 2397 4057 quae
2427 3983 2687 4039 Nestorii
2716 3982 2869 4055 loqui
2913 3981 3119 4036 audent
3161 3982 3307 4037 clare
3337 3981 3524 4039 dicere
3554 3999 3568 4036 :
3597 4057 3603 4064 .

1979 4080 2098 4137 Non
2126 4079 2459 4153 praesumpsi.
2494 4076 2631 4132 Volo
2655 4090 2893 4146 namque
2920 4073 2976 4128 in
3004 4074 3207 4130 talibus
3239 4073 3308 4128 ad
3332 4072 3573 4130 credem-

1980 4173 2111 4228 dum
2138 4171 2329 4226 tardus
2348 4171 2615 4225 exsistere
2635 4184 2737 4238 pro
2756 4166 3137 4238 magnitudine
3161 4165 3310 4219 mali.
3338 4164 3455 4220 Tua
3475 4180 3573 4220 au-

1982 4272 2091 4318 tem
2128 4261 2410 4325 sanctitas,
2448 4261 2495 4314 si
2542 4268 2727 4315 tamen
2772 4258 3000 4313 omnino
3042 4265 3171 4313 sunt
3214 4257 3384 4327 aliqui
3409 4259 3568 4331 tales,

1978 4354 2237 4425 dignetur
2266 4367 2362 4409 eos
2394 4364 2623 4405 monere
2657 4358 2824 4419 atque
2848 4347 3214 4414 confundere,
3237 4355 3294 4402 et
3310 4346 3471 4403 sistat
3485 4363 3571 4404 sa-

1976 4447 2195 4517 pientes
2217 4458 2415 4501 vocum
2436 4442 2709 4497 novitates
2734 4440 2975 4496 Nestorii
3001 4448 3059 4494 et
3080 4439 3390 4508 loquentes.
3431 4438 3569 4492 Nam

1977 4540 2255 4611 quomodo
2285 4533 2753 4592 anathematizant
2796 4547 2911 4598 eas,
2953 4531 3041 4587 vel
3068 4530 3346 4602 quomodo
3378 4546 3571 4601 pacem

1976 4647 2307 4703 permanere
2321 4628 2663 4692 desiderant,
2682 4633 3053 4696 repugnantes
3076 4623 3150 4687 ei,
3166 4636 3399 4692 eamque
3414 4636 3575 4678 ever-

1978 4731 2156 4780 tentes
2186 4733 2248 4779 ut
2276 4722 2562 4793 iniquam?
2595 4717 2914 4775 Suﬂiciebat
2945 4715 3174 4787 quidem
3213 4714 3270 4768 in
3297 4713 3574 4784 suspectis

1975 4816 2441 4871 anathematizare
2487 4821 2699 4869 tantum
2738 4810 2970 4881 impium
3008 4798 3325 4864 Nestorium
3372 4812 3430 4862 et
3468 4805 3573 4862 do‘

1973 4918 2155 4981 gmata
2184 4911 2325 4981 ejus,
2351 4923 2449 4963 seu
2474 4916 2668 4963 contra
2687 4903 2970 4961 Christum
2994 4899 3385 4972 blasphemias.
3419 4898 3572 4966 Quo-

1973 5003 2124 5058 niam
2170 5018 2305 5057 vero
2358 5000 2519 5072 (veri)
2540 4999 2722 5057 simile
2756 5006 2844 5053 est
2875 4984 3024 5067 quod
3052 4994 3318 5051 deludant
3343 4990 3571 5062 quidam

1974 5095 2119 5150 hanc
2145 5110 2285 5160 rem,
2328 5093 2624 5163 dicamque
2653 5109 2666 5145 :
2694 5088 2768 5145 0b
2794 5092 2890 5145 hoc
2915 5089 3111 5159 ejectus
3135 5093 3209 5140 est
3230 5082 3403 5138 solum
3428 5080 3570 5152 quod

1948 5185 2076 5240 'Dei
2105 5186 2412 5257 genitricem
2437 5187 2654 5240 minime
2679 5184 2956 5254 fateretur,
3003 5186 3054 5231 et
3080 5177 3231 5232 aliud
3251 5174 3402 5241 nihil,
3444 5173 3569 5229 ideo

1979 5276 2225 5332 arbitror
2272 5291 2393 5332 esse
2422 5274 2719 5331 dicendum
2752 5272 3014 5344 quoniam
3040 5284 3152 5323 non
3181 5268 3299 5323 haec
3322 5267 3439 5323 sola
3465 5265 3567 5322 de-

1970 5368 2234 5441 jectionis
2260 5367 2367 5423 fuit
2395 5383 2562 5425 causa
2582 5366 2774 5431 dictio,
2800 5364 2895 5419 sed
2914 5360 3081 5416 etiam
3099 5358 3351 5430 plurimae
3374 5367 3568 5414 contra

1974 5462 2233 5535 dogmata
2260 5462 2512 5519 veritatis
2534 5461 2816 5520 elevantes
2838 5454 3115 5511 aculeum.
3149 5450 3379 5523 Oportet
3397 5448 3567 5521 igitur
