4048 6448
485 330 592 384 327
1511 321 1566 375 S.
1607 322 1883 378 CYRILLI
1923 321 2391 378 ALEXANDle
2433 321 2750 378 ARClllEP.
3640 319 3749 375 5‘28

484 437 729 508 protiteri
765 435 890 506 quia
935 443 990 488 ct
1030 431 1494 487 anathematizant
1526 429 1838 484 Nestorium
1863 444 1920 484 et
1945 429 2062 499 pol-
2096 440 2140 494 Α
2168 431 2395 495 habent,
2449 433 2737 488 credentes
2786 449 2952 487 unum
3001 448 3120 488 esse
3166 431 3458 487 Dominum
3496 439 3750 486 nostrum

482 528 598 584 luta
631 527 748 597 ejus
779 534 941 594 atque
970 523 1158 577 insana
1192 520 1466 583 dogmata,
1507 527 1564 572 et
1599 518 2062 574 eumdenositum
2171 522 2356 577 Jesuin
2374 524 2656 578 Christum
2687 524 2883 579 Filium
2911 525 3004 580 Dei
3032 525 3220 595 utique
3253 523 3615 594 unigenitum.

1865 793 2203 850 EPISTOLA
2232 793 2393 849 LXII.

1967 927 2033 965 ΔΙ)
2065 926 2296 967 ευιωεκ.

1526 1023 1783 1096 Ejusdem
1807 1025 1916 1094 fere
1947 1041 2065 1079 cum
2099 1029 2374 1097 superiore
2404 1029 2722 1098 argumenti.

2167 1153 2361 1200 contra
2398 1147 2690 1200 veritatem
2734 1144 3070 1199 contendere
3104 1143 3390 1210 desinant,
3428 1154 3512 1200 et;
3533 1146 3760 1203 addicta

2168 1234 2505 1290 verbositate
2539 1234 2800 1298 Nestorii,
2841 1243 3050 1288 rectum
3074 1244 3131 1289 et
3155 1235 3563 1291 immaculatum
3592 1252 3758 1293 resu-

2168 1335 2322 1381 mant
2357 1325 2484 1382 ﬁdei
2523 1326 2777 1380 verbum.
2815 1327 2884 1380 Et
2922 1325 2980 1381 hi
3016 1325 3242 1395 quidem
3273 1327 3367 1396 qui
3391 1328 3460 1382 ad
3486 1331 3591 1384 hoc
3619 1329 3760 1384 olim

553 1149 794 1204 Litteras
822 1165 851 1201 a
888 1153 980 1201 tua
1010 1144 1352 1216 perfectione
1379 1145 1747 1209 transmissas,
1772 1144 1962 1214 plenas
1985 1143 2068 1199 fe-

483 1243 729 1298 stivitate
774 1240 980 1304 multa,
1035 1239 1202 1293 etiam
1251 1236 1601 1292 suavissime‘
1633 1252 1782 1292 nunc
1827 1237 2064 1305 suscepi.

482 1334 640 1402 Quod
676 1333 826 1388 enim
865 1332 1094 1394 bonum,
1134 1336 1230 1383 aut
1261 1328 1393 1398 quid
1421 1327 1750 1399 jucundum,
1776 1328 1882 1384 nisi
1912 1328 2070 1382 babi-

484 1437 601 1485 tare
633 1428 832 1482 fratres
863 1426 920 1482 in
959 1439 1130 1482 unum
1161 1422 1227 1485 ‘5,
1255 1437 1355 1490 per
1382 1420 1804 1475 unanimitatem
1833 1430 1889 1475 et
1914 1435 2067 1474 cam-

482 1521 610 1576 dem
648 1519 797 1574 circa
837 1517 1118 1573 Christum
1155 1514 1496 1568 voluntatem
1539 1513 1596 1567 in
1629 1512 1898 1566 charitate
1936 1527 2069 1566 con—

477 1610 702 1680 junctos
723 1608 791 1662 ad
822 1606 1080 1669 invicem,
1121 1603 1360 1674 diruptis
1382 1619 1412 1658 e
1443 1602 1625 1657 medio
1647 1601 1918 1658 scandalis
1945 1615 2067 1670 qum

483 1700 673 1754 nescio
727 1697 966 1768 qualiter
1014 1695 1437 1751 subintroducta
1490 1704 1661 1750 sunt:
1709 1709 1831 1765 qua:
1887 1695 2066 1766 gratia

2167 1418 2348 1473 vocati
2380 1425 2528 1482 sunt,
2571 1418 2809 1488 plurima
2845 1418 3003 1472 valde
3038 1433 3161 1482 nos,
3192 1427 3254 1473 ut
3284 1419 3422 1484 dixi,
3454 1419 3762 1476 festivitate

2167 1508 2542 1579 repleverunt.
2565 1510 2666 1564 Det
2681 1526 2814 1564 vero
2835 1512 3080 1566 omnium
3101 1513 3246 1566 Deus
3269 1521 3376 1566 tuae
3397 1512 3762 1582 perfectionis

2172 1599 2520 1655 Orationibus
2562 1610 2620 1656 et
2661 1601 3069 1667 educationem,
3113 1603 3381 1658 adductos
3411 1602 3479 1656 ad
3501 1618 3764 1658 mansue-

2174 1691 2423 1747 tudinem
2447 1709 2646 1763 capere
2678 1710 2843 1749 nosse
2877 1695 3022 1764 quod
3060 1697 3196 1749 utile
3236 1705 3340 1750 est.
3377 1694 3434 1750 Si
3467 1711 3600 1749 vero
3633 1697 3765 1765 qui-

482 1791 784 1848 Salvatoris
817 1805 917 1860 per
961 1797 1112 1846 tuam
1147 1788 1494 1845 sanctitatem
1524 1796 1807 1858 perempta
1839 1787 2062 1857 quidem
2171 1783 2299 1838 dam
2320 1798 2462 1840 saeve
2481 1785 3121 1849 contendunt,'Ecclcsiat
3142 1786 3628 1843 mansuetudinem
3644 1803 3764 1843 non

481 1891 613 1940 sunt
650 1883 803 1947 olim,
851 1883 1201 1953 perimentur
1238 1896 1373 1935 vero
1407 1889 1462 1935 et
1497 1880 1553 1934 in
1596 1881 1846 1950 reliquis.
1871 1881 1939 1935 Et
1961 1880 2068 1936 hoc
2100 1901 2143 1957 Β
2173 1877 2514 1946 culpabunt;
2545 1876 2642 1932 sed
2667 1877 3027 1948 sibimetipsis
3051 1879 3197 1949 quod
3223 1879 3438 1948 passuri
3469 1889 3598 1935 sum
3620 1881 3766 1934 hau-

479 1984 587 2040 est,
623 1975 888 2038 arbitror,
915 1975 1064 2044 quod
1097 1991 1129 2028 a
1166 1974 1279 2028 Deo
1313 1973 1525 2029 dictum
1554 1982 1638 2028 est
1664 1989 1798 2028 voce
1822 1973 2064 2043 prophe-
2171 1969 2403 2035 rientes,
2443 1985 2475 2024 a
2524 1970 2682 2024 vobis
2730 1971 2998 2025 audient:
3049 1990 3067 2022 ι
3106 1971 3267 2026 Abite
3291 1972 3346 2025 in
3380 1973 3589 2026 lumine
3617 1973 3760 2042 ignis

481 2066 592 2124 tica
629 2085 641 2121 :
700 2087 716 2120 ι
747 2066 1040 2121 Ambulate
1073 2081 1172 2135 per
1204 2073 1394 2135 portas
1438 2081 1606 2130 meas,
1649 2074 1706 2120 et
1743 2065 1954 2136 lapides
1997 2081 2067 2120 ex
2172 2061 2344 2116 vestri
2361 2070 2419 2117 et
2443 2060 2661 2118 ﬂamma
2683 2078 2848 2133 quam
2869 2063 3175 2118 arcessistis
3197 2063 3262 2118 ³⁷.
3295 2082 3313 2114 ο
3349 2061 3583 2133 Oportet
3607 2063 3766 2117 enim

480 2157 586 2212 hac
624 2158 712 2213 via
747 2159 1003 2228 projicite
1044 2157 1112 2211 ³⁸.
1156 2177 1174 2210 ι
1224 2157 1520 2228 Contingat
1571 2157 1736 2228 igitur
1763 2167 1824 2211 ut
1879 2155 2066 2211 cuncti
2172 2155 2425 2212 distortis
2451 2155 2562 2226 jam
2598 2171 2707 2210 non
2729 2165 3013 2212 mansuete
3042 2171 3397 2210 concurrere.

479 2262 604 2316 que
651 2248 882 2303 meliora
927 2255 1057 2302 sunt
1102 2247 1464 2314 honorantes,
1516 2248 1604 2303 vel
1662 2263 1810 2302 nunc
1843 2246 2062 2303 tandem

1841 2471 2178 2528 EPISTOLA
2221 2473 2404 2529 L.\lll.

1908 2585 1986 2656 (ιι)
2018 2603 2082 2641 an
2114 2602 2343 2642 neuneu.

441 2707 458 2722 ’
481 2703 568 2760 Ea:
604 2701 851 2760 Danietis
885 2704 1175 2776 presbyteri
1205 2704 1382 2758 relatu
1415 2706 1662 2778 queritur
1701 2705 1784 2778 de
1804 2703 2108 2778 Theodoreti
2141 2706 2426 2760 calumniis
2462 2715 2511 2759 et
2544 2708 2801 2777 infrunito
2840 2709 2895 2760 in
2930 2721 3048 2761 eum
3080 2708 3279 2772 animo,
3305 2707 3593 2778 suadetque
3611 2723 3772 2762 eont-

1338 2775 1618 2844 pescendos
1643 2775 1867 2830 hominis
1896 2776 2320 2845 impotentissinti
2352 2786 2521 2831 motus
2556 2775 2886 2831 temerarios.

551 2889 666 2963 Ego
701 2891 923 2961 quidem
962 2893 1286 2948 abstersisse
1315 2891 1586 2946 maculam
1618 2891 1863 2946 inanium
1892 2908 2064 2948 nova-

480 2997 717 3052 rumque
758 2983 996 3037 Nestorii
1041 3000 1240 3039 vocum
1275 2999 1386 3038 una
1419 2999 1545 3038 cum
1579 2983 1808 3054 reliquis
1845 2985 2065 3056 religio-

479 3074 718 3130 sissimis
775 3075 1052 3146 episc0pis
1114 3077 1495 3131 existimabam
1558 3078 2066 3134 reverentissimum

2262 2893 2404 2964 Ἐγὼ
2437 2895 2538 2966 μὲν
2559 2893 2950 2964 ἀπομάξασθαι
2978 2891 3076 2963 τὴν
3101 2892 3295 2964 κηλίδα
3327 2892 3437 2946 τῶν
3460 2891 3771 2964 Νεστορίου

2175 2988 2550 3056 καινοφωνιῶν
2583 2985 2720 3059 ὁμοῦ
2769 2989 2883 3050 τοῖς
2926 2985 3107 3049 ἄλλοις
3156 2986 3594 3050 θεοσεὸεστὰτοις
3639 2990 3768 3042 ἐπι-

2179 3079 2402 3144 σκόποις
2452 3079 2715 3133 ὑπενόουν
2779 3079 2871 3132 τὸν
2926 3079 3324 3134 εὐλαϐέστατον
3386 3079 3766 3151 Θεοδώρητον.

481 3167 914 3222 'l‘heodoretum.
954 3167 1364 3223 Abblandiebar
1391 3169 1539 3225 enim
1583 3170 1722 3224 mihi
1745 3171 1914 3241 quod,
1943 3186 2068 3226 cum
2097 3203 2098 3220 ι

2175 3173 2467 3246 Διεκείμην
2497 3161 2611 3244 γὰρ
2633 3173 2716 3227 ὅτι
2743 3173 3040 3244 γεγραφὼς
3071 3173 3252 3240 ἅπαξ,
3279 3173 3374 3228 καὶ
3399 3174 3496 3245 τὴν
3529 3175 3771 3246 εἰρήνην

480 3260 650 3316 semel
687 3259 1038 3330 scripsisset,
1085 3260 1430 3329 amplexatus
1467 3262 1634 3317 etiam
1669 3271 1815 3318 esset
1851 3279 2063 3333 pacem,

479 3352 827 3422 receptisque
858 3351 1101 3407 vicissim
1133 3352 1270 3407 meis
1302 3353 1552 3418 cautelis,
1584 3353 1732 3423 quod
1775 3353 2068 3408 videbatur

480 3444 882 3515 impedimento
922 3459 1046 3498 esse
1084 3444 1330 3510 eﬂ'ectui,
1375 3446 1490 3514 ipse
1535 3460 1756 3516 quoque
1792 3446 2006 3500 tolleret
2035 3462 2067 3501 e

481 3537 685 3592 medio.
739 3536 847 3591 Sed
879 3546 940 3591 ut
977 3538 1270 3592 certiorem
1309 3553 1396 3592 me
1437 3537 1566 3593 fecit
1589 3538 2071 3595 reverentissimus

479 3629 772 3701 presbyter
807 3628 1033 3693 Daniel,
1083 3629 1264 3700 pergit
1292 3629 1581 3694 hactenus,
1612 3630 1795 3700 priora
1838 3631 1928 3684 illa
1958 3648 2068 3686 non

480 3721 842 3791 relinquens;
869 3719 1102 3773 inhaeret
1123 3719 1481 3790 blasphemiis
1512 3720 1659 3774 illius
1685 3737 1697 3773 :
1735 3721 1881 3790 quod
1907 3737 1974 3775 ex
2003 3737 2070 3777 eo

479 3811 684 3880 liquet,
722 3810 997 3880 siquidem
1039 3827 1143 3866 nec
1188 3813 1479 3867 anathema
1527 3814 1924 3884 pronuntiavit,
1967 3831 2071 3870 nec

482 3904 610 3958 tulit
659 3904 1014 3960 subscribere
1054 3905 1388 3976 depositioni
1437 3907 1604 3962 illius.
1660 3909 1762 3962 Det
1802 3908 1936 3962 mihi
1986 3908 2071 3962 lo—

481 3993 690 4063 quendi
737 3995 956 4050 veniam
1002 3997 1265 4052 sanctitas
1300 4007 1412 4064 tua,
1437 4013 1505 4052 ex
1531 3998 1798 4054 charitatc
1823 3999 2069 4054 dicenti:

481 4081 600 4149 Qua
642 4082 710 4137 de
747 4099 910 4140 causa
950 4101 1121 4155 usque
1165 4087 1303 4141 adeo
1335 4086 1538 4156 obstipi
1571 4095 1702 4141 sunt
1737 4085 1982 4155 quidam,
2010 4092 2074 4139 ut

480 4189 594 4229 non
627 4162 1021 4231 obsecundent'
1050 4177 1364 4232 admirabili
1402 4193 1569 4248 scopo
1601 4186 1708 4232 tuae
1728 4177 1969 4248 pietatis,
2000 4192 2070 4231 ne

482 4267 542 4320 in
574 4269 934 4323 mcumenicis
977 4270 1202 4338 quidem
1235 4288 1248 4300 ο
1285 4269 1382 4325 sed
1415 4269 1572 4340 quasi
1597 4271 1802 4326 morosi
1825 4285 1889 4325 ac
1911 4269 2070 4324 fasti-

480 4355 621 4412 diosi
639 4358 887 4427 quidam,
928 4359 1075 4430 quod
1122 4360 1256 4430 ipsis
1293 4361 1424 4416 solis
1459 4361 1701 4428 videtur,
1747 4361 2072 4417 sectentur?

481 4448 550 4503 Et
584 4449 630 4503 si
667 4465 789 4519 qua:
822 4451 992 4505 didici
1021 4467 1155 4506 vera
1195 4461 1346 4517 sunt,
1385 4453 1550 4509 debet
1573 4453 1926 4508 stimulorum
1947 4467 2074 4506 san-

2173 3265 2696 3337 κατασπαζόμενος,
2733 3267 3231 3338 ἀντικομισάμενος
3264 3266 3320 3319 δὲ
3361 3266 3454 3320 καὶ
3490 3267 3590 3330 τὰς
3631 3270 3776 3341 παρ’

2175 3355 2309 3427 ἐμοῦ
2333 3359 2686 3428 προσρήσεις,
2716 3355 2776 3411 τὸ
2795 3357 2985 3412 δοκοῦν
3009 3357 3258 3429 ἐμποδὼν
3287 3359 3506 3412 ἑστάναι
3531 3361 3598 3430 τῇ
3626 3377 3692 3416 συ
3702 3379 3779 3430 μ-

2177 3447 2334 3502 ϐάσει
2368 3449 2658 3519 πεποίηται
2687 3449 2782 3503 καὶ
2807 3449 2969 3520 αὐτὸς
2998 3452 3061 3502 ὲκ
3095 3449 3283 3520 μέσου.
3325 3449 3466 3503 Ἀλλ’
3485 3450 3563 3512 ὡς
3594 3467 3770 3520 μετα-

2176 3538 2376 3592 δέδωκέ
2409 3557 2500 3610 μοι
2526 3541 2554 3592 ὁ
2594 3519 2998 3602 εὐλαϐέστιῖτος
3025 3519 3396 3610 πρεσϐύτερος
3432 3519 3656 3612 Δανιὴλ,
3686 3545 3769 3605 εις

2175 3630 2335 3701 δεῦρο
2372 3632 2740 3694 συντείνεται,
2787 3632 2861 3703 μὴ
2890 3631 3242 3703 ἐξιστάμενος
3269 3635 3377 3687 τῶν
3420 3636 3479 3688 ὲν
3519 3636 3726 3706 ἀρχαῖς
3749 3679 3766 3704 ,

2178 3724 2364 3793 ἔχεται
2392 3723 2448 3776 δὲ
2483 3723 2592 3777 τῶν
2623 3725 2837 3778 ἐκείνου
2887 3725 3232 3795 δυσφημιῶν,
3273 3727 3370 3780 καὶ
3399 3726 3560 3797 δῆλός
3589 3730 3766 3794 ἐστιν,

2177 3817 2226 3868 εἰ
2261 3817 2396 3886 μήτε
2427 3816 2812 3887 ἁνεθεμάτισε,
2846 3819 2985 3888 μήτε
3019 3817 3126 3888 μὴν
3149 3817 3412 3889 ἠνέσχετο
3443 3820 3762 3891 ὑπογράψαι

2173 3909 2241 3977 τῇ
2278 3907 2596 3978 καθαιρέσει
2624 3908 2810 3961 αὐτοῦ.
2846 3909 2955 3962 Καί
2980 3927 3069 3978 μοι
3107 3909 3246 3963 δότω
3280 3912 3596 3982 παρῤησίαν
3627 3914 3656 3982 ἠ
3688 3915 3752 3981 σὴ

2174 3999 2390 4069 ὁσιότης
2434 3999 2494 4065 ἐξ
2533 4001 2752 4071 ἀγάπης
2792 4000 3033 4070 λέγοντι·
3070 3999 3170 4054 Διὰ
3205 4001 3363 4066 ποίαν
3407 4003 3589 4056 αἰτίαν
3620 4002 3758 4057 οὕτω

2175 4089 2514 4162 τραχηλιῶσί
2558 4108 2734 4155 τινες,
2781 4092 2857 4156 ὡς
2909 4093 2983 4164 μὴ
3037 4093 3266 4147 ἕπεσθαι
3315 4093 3393 4165 τῷ
3440 4094 3765 4166 ἀξιαγάστῳ

2180 4180 2369 4251 σκοπῷ
2400 4183 2498 4252 τῆς
2529 4181 2628 4250 σῆς
2658 4180 2967 4246 θεοσεϐείας
2993 4224 3006 4247 ,
3053 4184 3186 4254 μηδὲ
3215 4185 3271 4238 ὲν
3305 4186 3420 4248 τοῖς
3451 4186 3768 4256 οἱκουμενι-

2177 4274 2293 4336 κοῖς
2318 4290 2329 4301 ο
2363 4273 2480 4326 ἀλλ’
2516 4269 2627 4326 οἷον
2656 4274 2985 4344 ἀτιμαγέλαι
3025 4276 3170 4340 τινὲς
3194 4317 3208 4341 ,
3235 4276 3296 4329 τὸ
3321 4276 3504 4340 αὐτοῖς
3529 4277 3623 4330 καὶ⁷
3662 4279 3738 4346 μό
3762 4313 3766 4315 -

2177 4383 2288 4429 νοις
2313 4366 2502 4420 δοκοῦν
2532 4365 2900 4438 κρατύνουσι;
2932 4370 3025 4421 καὶ
3048 4369 3203 4440 εἴπερ
3236 4369 3407 4431 ἐστὶν.
3445 4368 3585 4440 ἅπερ
3616 4368 3769 4439 ἐμα-

2177 4456 2291 4521 θον,
2318 4457 2515 4529 ἀληθῆ,
2547 4457 2750 4528 ὀφείλει
2776 4459 2886 4512 τῶν
2917 4460 3014 4530 τῆς
3047 4461 3145 4531 σῆς
3172 4460 3484 4525 θεοσεϐείας
3517 4461 3771 4532 κέντρων

482 4543 692 4598 ctitatis
718 4550 824 4598 tuae
847 4544 1288 4614 experimentum
1315 4547 1564 4618 accipere
1588 4555 1924 4602 memoratus
1946 4545 2073 4600 reli-

2178 4552 2378 4620 πεῖραν
2407 4549 2594 4603 λαϐεῖν
2621 4552 2648 4602 ὁ
2679 4550 3072 4622 μνημονευθεὶς
3115 4551 3536 4617 θεοσεϐέστατος
3561 4553 3666 4623 avi}
3679 4571 3730 4624 ρ.

480 4633 826 4707 giosissimus
846 4635 947 4691 vir.

1847 4867 2185 4925 EPISTOLA
2221 4865 2385 4922 LXIV

1055 4982 1132 5055 (2)
1168 5001 1236 5039 an
1263 4999 1523 5050 ιιΑιιιιυιιι,
1552 4998 1808 5049 JOANNEII,
1841 4998 2098 5040 nuussu

2175 5024 2183 5049 ,
2218 4999 2586 5040 PBESBYTEBOS
2614 5001 2682 5039 ΕΤ
2719 4997 3182 5038 ARCBIMANDRITAS

555 5088 759 5148 Contra
779 5089 1008 5148 Nestorii
1036 5093 1269 5163 fautores
1294 5094 1543 5148 occultos.
1576 5094 1795 5149 Librum
1816 5093 1893 5149 De
1918 5095 2292 5154 incarnatione
2327 5095 2592 5166 L’nigeniti
2623 5095 2940 5149 transmittit
2969 5095 3032 5149 ab
3063 5096 3364 5151 orthodoxis
3396 5095 3702 5169 legendum.

553 5209 825 5282 Egregius
852 5209 1076 5279 quidem
1096 5209 1246 5263 zelus
1263 5209 1636 5276 religiositatis
1673 5219 1758 5266 est
1779 5220 1995 5277 vestras,
2019 5222 2076 5268 et

484 5302 635 5360 omni
684 5300 849 5358 laude
892 5300 1138 5358 studium
1188 5301 1435 5372 plenum.
1483 5302 1739 5360 Zelantes
1774 5305 1924 5360 enim
1954 5306 2068 5362 Deo

557 5439 605 5474 ³³
638 5437 782 5496 Psal.
815 5451 1014 5502 cxxxn,
1055 5439 1106 5492 l.

555 5548 822 5627 (njldita
848 5547 906 5600 in
927 5544 1198 5627 Gallandii
1224 5548 1567 5627 Bittiotheca,
1595 5563 1632 5608 t.
1661 5550 1795 5620 XIV,
1821 5559 2062 5627 append.

485 5640 544 5695 p.
563 5615 802 5695 352,31:
834 5630 938 5695 _ms.
967 5615 1214 5674 Naniano
1258 5619 1438 5695 XCVI,
1474 5615 1599 5695 cunt
1656 5615 1818 5681 titulo
1845 5615 1871 5680 ε’
1893 5615 2068 5683 ’Κατὰ

1187 5439 1232 5471 ³⁸
1271 5439 1374 5494 lsa.
1410 5456 1537 5506 un,
1564 5441 1630 5497 i0
1727 5435 1896 5500 "lsa.
1932 5463 1982 5512 L,
2011 5449 2099 5502 ll.

2183 5215 2394 5282 zelatis,
2432 5223 2493 5269 ut
2528 5213 2797 5282 scriptum
2838 5220 2923 5266 est
2973 5211 3038 5277 ⁸⁸,
3089 5222 3150 5268 ut
3179 5229 3289 5270 non
3325 5224 3381 5271 et
3405 5232 3554 5271 nunc
3579 5217 3650 5271 ab
3683 5218 3786 5276 his

2176 5309 2272 5380 qui
2299 5324 2365 5364 ea
2388 5323 2510 5380 qua:
2555 5314 2688 5361 sunt
2720 5304 2961 5358 Nestorii
3001 5307 3222 5376 sapiunt
3263 5309 3640 5368 exhonoratus
3679 5311 3781 5367 in-

2178 5447 2222 5481 ³³
2268 5449 2490 5504 lMach.
2532 5463 2590 5513 ιι,
2637 5445 2726 5501 54.

2172 5561 2351 5636 ςπάντα
2382 5561 2582 5636 -σαφιῖις
2612 5563 2970 5636 πρυεανεύων
2995 5564 3149 5628 Θεὸς,
3181 5583 3235 5618 κ.
3269 5581 3320 5618 τ.
3361 5575 3433 5636 Α.,
3457 5580 3565 5636 qua
3588 5564 3777 5636 Cyril-

2169 5631 2282 5709 lu_m
2315 5631 2705 5709 calumniatur.
2736 5635 2926 5709 Exstat
2954 5635 3152 5709 Latine
3180 5644 3392 5691 tantum
3413 5631 3765 5709 in'Synodicc

487 5685 586 5776 ἷξῇς
612 5685 1373 5776 ῆεοδιορβῖῗνξῖυξιοφαντείας,
1407 5685 1772 5776 ιια-ύτηςε-ρε
1795 5701 2070 5776 superiori

2175 5685 2307 5776 adv.
2327 5685 2653 5776 ingestis
2663 5685 3183 5776 ξιὶξιίξέἰξὲεῖρῖἕιο.

489 5755 783 5820 ΤΙὶεοάοτὶιὶ
813 5755 1127 5827 calumnia,
1145 5771 1268 5833 post
1289 5755 1579 5833 epistolam
1592 5755 1605 5761 ’
1620 5755 1968 5835 Τὴθοάοίίῑὶ,
2009 5771 2072 5826 Ὀ

2217 5773 2318 5857 ρ)
2346 5773 2478 5838 Cap.
2508 5775 2611 5830 208
2651 5774 2912 5848 Synodici
2946 5773 3059 5848 jam
3108 5777 3280 5833 citati.
3325 5776 3494 5833 Mansi
3535 5778 3599 5838 V.
3627 5777 3760 5835 995.
