4048 6456
283 363 388 415 329

1663 359 1999 441 EPISTULA
2031 358 2195 418 LXVI

3453 365 3557 422 330

281 480 436 550 quiat
463 496 474 531 :
504 476 887 534 Sustinuimus
911 477 1009 549 qui
1031 477 1194 535 simul
1216 478 1661 546 eontristaretur,
1684 489 1739 537 et
1766 498 1877 537 non
1908 487 1952 544 Α
1981 488 2064 535 tes
2112 477 2319 551 aspexi.
2364 478 2638 545 Quoniam
2688 491 2821 533 vero
2854 476 2992 531 mihi
3025 475 3184 531 multi
3218 477 3556 535 orthodoxe-

285 571 383 627 fuit
410 586 428 636 ;
467 579 529 625 et
557 569 963 635 consolantem,
988 577 1048 624 et
1071 585 1184 625 non
1205 571 1391 629 invelﬁ
1421 572 1489 625 ³⁸.
1522 591 1541 624 ι
1568 571 1638 626 Et
1663 571 1721 626 hi
1751 573 1878 642 qui-

293 661 402 720 dem
424 660 531 730 qui
569 660 926 732 dogmatibus
958 660 1244 732 religionis
1275 661 1393 717 sive
1413 662 1513 718 Dei
1533 662 1764 720 culturae
1783 662 1882 719 ob-

298 754 512 816 sistunt,
557 759 759 808 contra
787 751 1046 808 stimulos
1069 751 1381 818 ealcilrant,
1407 759 1464 808 et
1486 754 1605 808 suis
1632 752 1879 825 ipsorum

291 853 485 901 nocent
516 843 840 903 animabus.
867 844 1212 901 oﬂ'endentes
1239 845 1294 900 in
1322 845 1629 913 Christum,
1659 854 1716 901 et
1745 861 1878 902 con-

289 944 362 990 tra
415 949 552 990 eum
611 933 912 992 calumniis
951 949 1012 990 se
1057 935 1416 993 obiectantes.
1456 938 1712 994 Alienum
1747 956 1880 995 vero

283 1035 362 1086 est
399 1027 474 1082 ab
507 1025 702 1082 anima
737 1026 1070 1092 sacerdotis,
1104 1037 1161 1083 et
1186 1045 1310 1100 quae
1333 1032 1554 1101 populis
1580 1032 1877 1102 praesidere

283 1120 478 1174 sortita
518 1127 632 1185 est,
675 1118 866 1190 lingua
907 1118 1135 1190 quidem
1162 1121 1628 1179 anathematizare
1667 1122 1876 1194 polluta

281 1219 332 1264 et
365 1210 815 1266 contaminantia
853 1211 1095 1266 Nestorii
1126 1212 1403 1284 dogmata,
1455 1214 1715 1270 refertam
1744 1227 1876 1272 vero

280 1303 356 1356 eis
383 1302 601 1358 habere
623 1312 872 1358 mentem
905 1314 966 1360 et
988 1313 1240 1361 evertere
1259 1306 1474 1362 animas
1503 1306 1734 1363 fratrum
1774 1323 1875 1378 pro

280 1393 483 1463 quibus
514 1393 788 1450 Christus
824 1403 912 1451 est
946 1406 1222 1454 mortuus.
1268 1397 1476 1468 Scripsi
1510 1414 1644 1470 ergo
1673 1409 1730 1456 et
1763 1400 1867 1455 do-

281 1483 427 1536 mino
458 1497 594 1538 meo
625 1483 1118 1542 admirandissimo
1154 1486 1384 1542 tribuno
1412 1495 1470 1543 et
1509 1489 1729 1546 notario
1749 1490 1874 1546 Ari-

284 1575 475 1638 stolao,
508 1589 642 1646 qua:
673 1575 869 1646 utique
902 1576 1180 1648 scriptura
1196 1587 1282 1634 est
1307 1579 1638 1650 religiositas
1665 1591 1871 1640 vestra.

283 1665 480 1738 Scripsi
527 1681 671 1722 vero
715 1676 772 1722 et
817 1666 945 1723 aliis
978 1667 1328 1738 quihusdam.
1359 1668 1710 1740 Cognoscens
1740 1687 1872 1728 vero

283 1767 331 1812 et
366 1758 475 1814 hoc
514 1773 550 1813 a
604 1757 1065 1814 reverentissimo
1105 1759 1428 1832 presbytero
1467 1769 1524 1817 et
1558 1763 1872 1818 archiman-

1983 587 2106 627 rum
2149 582 2206 628 et
2239 571 2780 642 religiosissimorum
2798 570 3184 640 episcoporum
3217 570 3562 640 scripserunt

1982 664 2235 735 opposita
2263 663 2368 720 sibi
2391 679 2489 720 seu
2514 664 2732 734 populis
2754 663 2849 734 qui
2884 663 2988 719 sub
3011 677 3203 718 eorum
3235 679 3400 719 manu
3429 676 3560 721 sunt

1981 752 2050 805 ab
2084 752 2374 807 insensatis
2407 751 2770 818 Nestorianis,
2790 753 3054 824 colligens
3081 766 3166 817 ea,
3189 752 3394 808 librum
3426 754 3557 811 bre-

1983 858 2105 897 vem
2135 843 2332 913 scripsi
2371 845 2439 898 de
2460 845 2846 900 incarnatione
2878 843 3180 915 Unigeniti,
3209 853 3270 900 ut
3295 845 3350 900 in
3377 846 3557 901 tribus

1980 936 2240 1006 capitulis
2276 937 2536 1008 redigens
2569 950 2790 992 omnem
2843 937 2913 992 de
2955 936 3064 993 ﬁde
3109 953 3440 994 sermonem.
3488 939 3560 994 Et

1979 1028 2222 1097 primum
2261 1029 2485 1098 quidem
2520 1036 2628 1095 est,
2662 1030 2810 1100 quod
2843 1038 3030 1085 sancta
3063 1029 3228 1100 Virgo
3255 1030 3328 1085 sit
3345 1031 3442 1086 Dei
3467 1048 3560 1102 ge-

1979 1119 2168 1174 nitrix.
2199 1119 2539 1188 Secundum,
2565 1121 2695 1192 quia
2739 1137 2884 1176 unus
2901 1128 2988 1177 est
3030 1121 3308 1187 Christus,
3347 1132 3405 1178 et
3445 1139 3558 1178 non

1979 1209 2112 1266 duo.
2154 1209 2403 1266 Tertium
2444 1225 2612 1276 vero,
2652 1210 2782 1280 quia
2818 1227 3046 1268 manens
3075 1211 3430 1282 impassibilis
3461 1213 3556 1267 Dei

1979 1297 2194 1365 Sermo,
2219 1299 2452 1370 pertulit
2479 1301 2702 1372 propria
2731 1317 2900 1358 carne
2920 1316 3022 1373 pro
3042 1303 3226 1359 nobis.
3258 1303 3431 1373 Igitur
3466 1319 3556 1358 re-

1979 1389 2246 1461 ligiositas
2283 1400 2466 1449 vestra
2502 1402 2774 1465 praeparet
2804 1409 2931 1451 eum
2959 1395 3030 1450 ab
3068 1394 3395 1451 orthodoxis
3425 1395 3552 1465 legi.

1978 1483 2226 1539 Placebit
2255 1485 2426 1552 enim,
2461 1487 2606 1542 sicut
2639 1485 2904 1551 arbitror,
2944 1501 3164 1542 omnem
3189 1486 3304 1542 fere
3332 1487 3550 1542 illorum

1976 1573 2213 1629 solutam
2239 1574 2449 1631 habens
2472 1577 2905 1632 excusationem.
2943 1578 3048 1632 Pro
3082 1593 3170 1633 me
3205 1593 3338 1632 vero
3369 1578 3552 1634 facere

1975 1667 2255 1723 orationes
2289 1683 2359 1724 ne
2389 1668 2572 1740 pigeat
2597 1684 2717 1725 vos.
2749 1669 2914 1725 Multa
2945 1670 3092 1726 enim
3126 1669 3370 1740 undique
3393 1686 3451 1726 se
3476 1671 3556 1726 ef-

1975 1758 2212 1815 fundens
2233 1761 2580 1831 negotiorum
2601 1761 2900 1818 coarctatio
2930 1762 3102 1817 instar
3118 1761 3386 1817 ﬂuctuum
3421 1777 3553 1817 con~

282 1849 420 1904 drita
443 1848 810 1915 Adamantio,
834 1849 994 1920 cujus
1010 1858 1068 1904 et
1094 1865 1277 1906 mores
1308 1859 1366 1907 et
1393 1854 1873 1911 conversationem
1905 1859 1947 1914 Β
1976 1850 2192 1907 “ictum
2237 1851 2407 1908 habet
2456 1852 2884 1910 intolerabilem.
2908 1851 3090 1908 Credo
3130 1859 3314 1907 autem
3352 1861 3410 1906 et
3437 1844 3551 1921 Ῥει·

281 1951 334 1994 et
375 1940 732 2010 disciplinam
775 1955 905 1996 cum
945 1939 1230 1997 intellectu
1267 1951 1324 1997 et
1358 1943 1689 2002 rectitudine
1723 1947 1871 2004 circa

289 2031 449 2086 tidem
475 2031 712 2088 miratus
739 2045 886 2094 sum.
925 2037 983 2087 et
1003 2029 1165 2103 quasi
1192 2045 1385 2088 omnes
1415 2031 1470 2088 in
1497 2047 1608 2088 uno
1627 2050 1870 2106 praesen-

1975 1943 2257 1999 orationes
2280 1944 2654 2016 religiositatis
2674 1953 2871 2002 vestra:
2891 1944 2999 2002 erit
3021 1944 3219 2001 iterum
3242 1943 3555 2014 tranquilli—

1980 2043 2064 2091 tas
2091 2045 2147 2090 et
2169 2051 2294 2105 pax.

1665 2338 2006 2395 EPISTOLA
2046 2339 2203 2394 va.

1475 2493 1544 2534 AD
1567 2493 1790 2535 ιίοενευιι
1821 2494 2111 2537 ιεινιεεοιδυιί
2145 2491 2429 2534 ANTM’MDI.

1641 2613 1897 2684 Ejusdem
1949 2615 2272 2687 argumenti.

348 2741 462 2816 Ego
493 2744 731 2814 quidem
754 2758 976 2817 semper
1001 2753 1108 2802 tua:
1133 2744 1477 2816 religiositati
1501 2746 1748 2802 scribere
1768 2762 1879 2802 non

277 2838 464 2904 omisi,
500 2846 561 2892 et
591 2836 819 2893 litteras
847 2837 1002 2893 abea
1029 2836 1267 2892 directas
1289 2836 1561 2906 accipere.
1590 2836 1720 2904 Qua:
1747 2853 1882 2894 vero

278 2939 421 2984 mota
459 2939 600 2985 sunt
625 2929 778 2985 inter
813 2929 953 2994 haec,
983 2928 1376 2986 taciturnitatis
1398 2944 1560 2984 causa
1584 2937 1712 2984 sunt
1741 2928 1881 2984 facta

278 3019 409 3073 mihi
456 3028 518 3075 et
558 3019 718 3085 tibi;
760 3035 884 3090 quae
931 3030 990 3076 et
1034 3020 1130 3076 det
1171 3021 1319 3076 Deus
1365 3019 1634 3076 radicitus
1683 3019 1880 3077 cadere

281 3119 436 3180 atque
474 3126 508 3166 e
554 3111 752 3167 medio
798 3111 942 3167 fieri.
983 3111 1186 3167 Volunt
1230 3112 1452 3182 quidam
1499 3111 1705 3182 spinas,
1755 3126 1877 3181 qua:

280 3203 417 3257 inter
448 3203 688 3275 erigunt
727 3220 920 3274 sepem
968 3213 1027 3260 et
1070 3203 1493 3274 disruptionem,
1544 3219 1652 3274 qua
1700 3203 1877 3258 nostri

280 3292 512 3348 affectus
551 3293 627 3348 ad
655 3295 900 3349 invicem
926 3294 1224 3349 convenire
1246 3309 1356 3349 non
1387 3295 1620 3349 valeant.
1654 3295 1878 3348 Pertur-

278 3385 554 3442 haverunt
606 3388 761 3443 enim
810 3403 900 3443 me
947 3387 1174 3442 omnino
1200 3386 1295 3457 qui
1317 3387 1464 3442 circa
1491 3386 1876 3442 reverentissi-

1977 2747 2145 2804 dicta.
2186 2745 2417 2818 Oportet
2448 2759 2578 2801 vero
2619 2759 2720 2800 nos
2743 2751 2804 2800 ut
2829 2742 2974 2799 sicut
3003 2739 3071 2797 ad
3096 2737 3260 2796 corda
3294 2737 3559 2796 scientem

1979 2854 2145 2910 super
2187 2838 2372 2894 omnia
2427 2839 2599 2894 Deum
2641 2837 2720 2892 sic
2750 2851 2886 2907 pure
2907 2834 3253 2901 accedamus,
3275 2843 3332 2890 et
3355 2849 3464 2888 non
3498 2843 3559 2889 ut

1977 2930 2164 3001 lingua
2208 2929 2433 3000 quidem
2469 2928 2831 2986 confiteamur
2857 2928 3350 2985 contradictionem
3376 2929 3559 3000 pollu-

1982 3029 2162 3076 torum
2209 3021 2525 3091 dogmatum
2571 3019 2842 3086 Nestorii,
2899 3020 2953 3076 in
3007 3021 3190 3076 anima
3235 3036 3365 3077 vero
3409 3021 3559 3076 aliud

1983 3113 2302 3170 habeamus.
2353 3113 2423 3170 Et
2464 3113 2580 3168 haec
2622 3111 2824 3177 scribo,
2870 3112 2958 3168 bis
3008 3114 3233 3183 quidem
3259 3128 3381 3184 quae
3415 3113 3560 3168 dicta

1983 3216 2114 3260 sunt
2161 3219 2272 3260 non
2320 3205 2480 3260 valde
2526 3204 2779 3270 credens,
2809 3205 2905 3260 sed
2940 3205 3256 3275 opinionem
3293 3213 3400 3260 tua:
3427 3205 3559 3259 reli-

1982 3296 2253 3366 giositatis
2295 3295 2628 3366 praemunire
2671 3297 2882 3351 volens.
2911 3295 3080 3352 Valde
3107 3310 3238 3351 vero
3265 3311 3387 3350 sum
3411 3295 3561 3352 dele-

1981 3395 2161 3443 ctatus
2201 3385 2499 3456 inspiciens
2539 3401 2604 3440 ea
2653 3401 2775 3456 quae
2808 3402 2838 3441 a
2886 3393 2978 3440 tua
3032 3385 3387 3456 religiositate
3431 3394 3559 3441 sunt

279 3491 429 3532 mum
479 3477 987 3534 arebimandritam
1029 3477 1345 3542 Maximum,
1389 3477 1698 3543 scribentes
1723 3491 1874 3546 quac—
1901 3462 1946 3522 (ἔ
1979 3478 2183 3548 scripta
2233 3486 2289 3532 et
2333 3492 2432 3547 per
2478 3476 2762 3532 dominum
2809 3493 2993 3534 meum
3030 3477 3558 3534 desideratissimum

279 3567 403 3622 dam
435 3583 564 3638 quae
609 3568 683 3623 ad
728 3583 1000 3624 summam
1042 3568 1437 3639 blasphemiam
1479 3569 1778 3639 pertinent,
1818 3577 1876 3622 et

278 3657 533 3716 dicentes
581 3661 737 3730 quod
785 3661 876 3716 illa
930 3661 996 3717 ad
1043 3676 1140 3717 eos
1179 3676 1210 3716 a
1252 3669 1343 3717 tua
1382 3659 1738 3732 religiositate
1763 3659 1876 3714 sint

1933 3638 1936 3642 ,
1982 3570 2154 3625 filium
2177 3578 2419 3626 vestrum
2443 3569 2728 3626 Thomam.

1531 3969 1868 4028 EPISTULA
1907 3967 2071 4026 LXVI
2109 3967 2201 4038 (el.
2245 3966 2332 4039 L).

1302 4128 1512 4170 JOANNIS
1534 4127 1849 4169 ANTIOCHENI
1878 4127 1946 4168 ET
1973 4125 2161 4168 SYNODI
2195 4125 2260 4165 AD
2279 4124 2564 4166 ῦγιιιιιυιι.

1321 4248 1399 4302 De
1421 4265 1525 4304 non
1548 4247 1855 4303 damnando
1876 4245 2140 4301 Theodoro
2163 4242 2540 4315 Mopsuesteno.

339 4381 461 4436 Deo
510 4377 918 4435 amabilissimo
948 4386 1006 4436 et
1055 4380 1402 4438 sanctissimo
1438 4382 1701 4453 episcopo
1766 4379 1872 4451 Cy-

275 4475 397 4529 rillo
429 4473 685 4530 Joannes
729 4471 1057 4539 Antiochiae,
1085 4483 1143 4528 et
1179 4488 1305 4528 cum
1345 4488 1413 4530 eo
1456 4475 1570 4531 Deo
1611 4475 1877 4530 amabiles

270 4565 524 4635 episcopi
558 4562 959 4618 convenientes
984 4578 1052 4618 ex
1086 4581 1410 4637 unaquaque
1438 4567 1721 4637 provincia
1755 4583 1877 4638 qua:

271 4657 323 4710 in
352 4655 595 4712 Oriente
641 4661 728 4709 est
765 4654 862 4709 Dei
906 4657 1111 4726 gratia,
1162 4658 1218 4713 in
1263 4659 1540 4714 civitatem
1586 4660 1875 4716 amabilem

268 4746 494 4803 Christo
518 4745 881 4802 Antiochiam
917 4757 1142 4818 propter
1168 4750 1380 4808 litteras
1400 4752 1729 4810 sanctissimi
1748 4753 1869 4824 epi-

271 4840 420 4909 scopi
453 4837 670 4895 Procli.

874 4952 1027 5008 Deest
1060 4955 1287 5010 initium.

1972 4376 2058 4431 clo
2094 4385 2303 4432 tomum
2333 4383 2481 4430 recte
2515 4387 2728 4440 revera,
2755 4381 2812 4428 et
2845 4373 2932 4442 pie
2956 4371 3273 4438 habentem,
3296 4386 3460 4442 quem
3490 4376 3556 4431 ad

1973 4466 2264 4523 Armenios
2286 4465 2524 4536 scripsit,
2543 4465 2704 4521 nobis
2720 4465 3047 4530 destinante,
3068 4472 3126 4520 et
3144 4471 3392 4520 nostrum
3412 4482 3560 4537 quae-

1976 4567 2130 4614 rente
2155 4572 2506 4623 consensum,
2531 4557 2715 4612 omnia
2755 4555 2898 4611 facta
2939 4564 3067 4611 sunt
3107 4571 3138 4611 a
3179 4555 3360 4622 nobis,
3403 4567 3461 4613 et
3502 4560 3557 4614 in

1975 4649 2126 4704 nullo
2147 4648 2330 4704 minus
2360 4647 2610 4704 fecimus.
2635 4647 2765 4703 Erat
2787 4654 2970 4702 autem
2995 4654 3052 4702 et
3083 4647 3191 4702 hoc
3214 4648 3272 4702 in
3301 4653 3557 4718 ιιι-περιιιὶ

1978 4746 2224 4810 tempore
2247 4755 2671 4811 supervacuum,
2695 4744 2988 4810 propterea
3010 4739 3158 4810 quod
3175 4739 3286 4812 jam
3315 4740 3412 4796 Dei
3437 4757 3560 4812 gra-

1979 4831 2054 4887 tia
2075 4847 2267 4889 omnes
2287 4832 2492 4903 ubique
2512 4848 2682 4888 unum
2705 4840 2760 4886 et
2784 4831 3040 4888 eumdem
3062 4831 3380 4888 custodiunt
3403 4833 3554 4902 pium

1977 4923 2338 4978 intellectum.
2372 4922 2563 4979 Solent
2597 4923 2746 4978 enim
2787 4921 3080 4993 aliquoties
3117 4936 3206 4978 res
3249 4935 3370 4991 quae
3399 4922 3556 4989 quasi

1975 5015 2300 5072 necessariae
2327 5015 2604 5082 videntur,
2631 5016 2738 5070 nisi
2765 5022 3074 5086 opportune
3108 5015 3258 5077 ﬁant,
3291 5026 3556 5081 augmen-

343 5083 504 5140 Nunc
539 5092 730 5140 autem
757 5084 924 5141 iidem
960 5086 1063 5156 ipsi
1085 5088 1236 5143 velut
1262 5104 1329 5144 ex
1355 5104 1547 5148 somno
1569 5109 1870 5168 exsurgen-
1901 5091 1951 5152 ι)
1977 5113 2093 5161 tum
2126 5105 2554 5176 perturbationis
2584 5105 2742 5177 193
2767 5083 3037 5176 accipere.
3063 5101 3226 5158 Aliud
3251 5100 3417 5155 etiam
3443 5115 3556 5154 ma—

271 5181 370 5241 tes,
405 5183 789 5247 perrexerunt
830 5177 898 5232 ad
937 5179 1140 5250 regiam
1180 5182 1480 5250 civitatem,
1506 5192 1564 5240 et
1588 5200 1710 5242 eam
1741 5204 1871 5259 per-

267 5267 589 5333 turbantes,
615 5267 1047 5325 ecclesiasticam
1091 5286 1299 5341 pacem,
1341 5286 1605 5345 quantum
1642 5278 1698 5333 in
1740 5281 1873 5350 ipsis

266 5367 371 5421 est,
411 5357 812 5414 turbaverunt.
861 5357 1220 5419 Sanctissimo
1248 5364 1398 5420 enim
1431 5368 1691 5440 episcopo
1736 5372 1871 5428 Pro-

338 5513 390 5546 ⁸⁵
427 5515 580 5572 Psal.
623 5531 808 5581 vam,
850 5515 946 5571 21.

1975 5197 2090 5253 lum
2115 5197 2171 5252 in
2199 5197 2304 5252 ista
2338 5195 2690 5253 festinatione
2727 5197 2981 5252 manibus
3013 5191 3254 5248 extensis
3277 5189 3469 5262 (i).....
3497 5197 3556 5243 et

1977 5287 2116 5343 alter
2140 5296 2320 5343 tomus
2341 5294 2599 5359 excerpta
2619 5287 2867 5358 quaedam
2903 5285 3110 5340 habens
3132 5279 3430 5346 Theodori,
3457 5281 3554 5350 qui

1977 5377 2082 5433 fuit
2113 5378 2455 5449 Mopsuestia:
2481 5379 2795 5450 episcopus,
2829 5386 2886 5433 et
2925 5378 2982 5432 in
3012 5391 3078 5431 ea
3112 5388 3234 5446 quae
3263 5372 3355 5429 ille
3382 5372 3439 5428 in
3468 5371 3559 5428 di-

340 5671 445 5760 ρ),
476 5668 1377 5760 ‘ﬁﬁ'ﬁﬁiﬂﬁﬁdoggiljﬁf"apud
1447 5674 1764 5736 Facundum
1821 5679 2292 5754 llermianensem,
2343 5687 2439 5760 qui
2481 5688 2622 5744 hanc
2663 5687 2952 5760 epistolam
2996 5688 3232 5745 inseruit
3272 5686 3371 5743 lib.
3429 5697 3546 5750 Vm,

272 5751 392 5808 cap.
419 5741 474 5804 4,
504 5739 612 5794 Pro
631 5741 934 5808 defensione
959 5740 1122 5794 trium
1150 5739 1370 5812 capital.

614 5831 889 5892 PATROL.
937 5832 1056 5891 Gn.
1099 5832 1242 5893 LXX
1254 5834 1381 5896 VII.

3081 5844 3143 5908 ll
