4048 6476
458 348 559 408 351

1495 345 1551 401 S.
1588 343 1866 401 CYRILLI
1908 339 2382 399 ALEXANDle
2418 341 2738 400 ARCIIIEP.

3641 356 3751 412 33?.

461 465 636 523 versis
669 459 827 520 libris
867 456 1071 518 dixisse
1098 460 1319 519 videtur
1340 461 1591 518 volentes
1629 461 1923 517 anathema
1966 462 2053 517 in—
2086 464 2124 522 Α
2157 460 2202 515 si
2246 461 2527 532 aperiatur
2550 462 2721 534 janua
2756 461 2843 518 his
2869 463 2966 534 qui
3014 464 3162 522 dicta
3202 470 3614 527 transeuntium
3648 473 3757 531 Pa-

458 559 622 614 ferre.
658 555 891 627 Propter
914 553 1023 608 hoc
1047 553 1313 624 petimus,
1342 561 1407 608 ut
1437 560 1681 609 mentem
1713 562 1865 608 tuam
1890 552 2057 608 nobis

457 647 699 719 applices
719 645 1027 703 studiosius
1048 660 1213 717 quam
1254 647 1316 702 in
1357 645 1483 702 aliis
1508 646 1697 714 rebus,
1730 655 1790 702 et
1828 645 2058 718 dignare

463 738 813 796 considerare
834 738 1044 793 malum
1074 750 1216 809 Opus
1244 738 1351 793 hoc
1374 752 1520 806 esse,
1545 738 1651 794 nisi
1680 752 1746 794 ex
1772 738 2056 794 communi

458 831 733 890 sententia
762 831 896 888 illud
922 831 1279 903 exstinguere
1318 831 1556 887 labores.
1580 830 1744 888 Dedit
1773 832 1923 888 enim
1954 831 2056 886 tibi

460 926 605 982 Deus
616 938 792 995 super
814 925 956 980 velle
980 923 1149 979 etiam
1173 938 1355 994 posse,
1383 930 1447 978 ut
1472 924 1530 978 in
1550 938 1843 980 commune
1863 938 2056 980 omnes

455 1017 615 1089 iuves
645 1015 746 1089 (1).
774 1016 918 1073 Sunt
944 1016 999 1071 in
1028 1017 1125 1072 iﬁo
1156 1025 1309 1073 tomo
1331 1016 1583 1087 quaedam
1615 1016 1849 1083 incerta,
1877 1026 1935 1073 et
1958 1017 2057 1073 ali-

458 1117 548 1164 ter
588 1122 755 1179 quam
793 1108 938 1164 dicta
976 1115 1107 1164 sunt
1139 1108 1373 1180 intelligi
1416 1108 1681 1165 valentia.
1714 1107 2058 1166 Conﬁtentur

459 1203 566 1259 hoc
578 1203 752 1258 etiam
771 1214 874 1257 nos
896 1219 908 1255 :
929 1200 1166 1272 plurima
1186 1216 1321 1257 vero
1342 1212 1539 1257 eorum
1561 1208 1753 1272 aperta
1775 1200 2052 1268 videmus,

457 1302 516 1350 ct
531 1292 651 1353 sine
667 1291 853 1363 aliqua
870 1291 1231 1365 ambiguitate
1246 1299 1397 1348 recta
1405 1292 1546 1349 .'Sed
1562 1292 1674 1348 illis
1692 1292 1793 1364 (2),
1813 1308 1936 1365 qua:
1950 1310 2055 1366 pu—

461 1394 652 1441 tantur
672 1383 931 1449 obscura,
952 1382 1154 1440 similia
1176 1383 1373 1450 multa,
1393 1390 1452 1441 e't
1478 1400 1510 1440 a
1536 1385 1793 1456 plurimis
1816 1386 2059 1442 anterio-

459 1476 616 1533 ribus
640 1476 761 1549 eius
787 1483 844 1532 et
878 1474 1135 1546 gloriosis
1162 1473 1423 1531 Patribus
1444 1474 1593 1532 dicta
1624 1476 1958 1533 invenimus.
1984 1477 2060 1534 Et

459 1569 770 1642 periculum
796 1569 930 1625 hinc
968 1568 1176 1641 pendet
1213 1584 1326 1625 non
1362 1570 1509 1637 leve,
1538 1586 1609 1627 ne
1646 1570 1704 1626 in
1737 1571 1860 1627 istis
1888 1571 2059 1628 etiam

461 1663 686 1720 illorum
721 1664 1022 1728 solvamus,
1062 1662 1185 1735 ejus
1217 1662 1326 1719 viri
1362 1663 1730 1735 repro‘bantes
1763 1665 1931 1731 dicta,
1960 1666 2057 1737 qui

462 1756 519 1811 in
565 1755 883 1827 episcopatu
920 1754 1150 1825 quidem
1193 1753 1524 1822 defunctus,
1560 1757 1829 1827 agonibus
1870 1767 2058 1813 autem

2159 560 2309 607 trum
2336 554 2533 609 volunt
2559 556 2848 610 evertere?
2867 556 3040 623 Quale
3068 558 3331 616 damnum
3357 577 3469 618 non
3495 573 3754 636 apertum

2157 643 2287 711 erit,
2316 644 2469 700 dicta
2488 661 2601 701 non
2626 647 2805 703 solum
2825 648 3091 716 refutare,
3116 651 3212 707 sed
3235 654 3402 709 etiam
3425 657 3754 714 anathema-

2162 733 2371 791 tizare?
2401 735 2473 793 Ut
2495 736 2645 792 enim
2672 736 2824 793 aliud
2862 738 3030 795 alicui
3057 741 3293 811 placeat,
3333 744 3483 801 aliud
3526 762 3656 814 non,
3692 748 3757 805 in

2161 824 2473 896 aliquorum
2490 826 2657 884 dictis
2678 826 2797 884 sive
2815 830 3192 902 antiquorum,
3216 832 3335 889 sive
3357 836 3756 904 posteriorum,

2159 917 2277 973 sive
2308 933 2423 973 non
2451 927 2792 986 nostrorum,
2819 920 2926 977 alia
2945 922 3088 978 ratio
3106 930 3208 978 est.
3232 923 3302 981 Ut
3328 934 3512 983 autem
3532 936 3592 983 et
3614 944 3755 984 ana-

2161 1009 2347 1065 thema
2366 1010 2452 1066 eis
2483 1011 2820 1081 imponatur,
2847 1011 3186 1068 arbitramur
3210 1014 3391 1070 audax
3410 1025 3470 1072 et
3492 1030 3761 1088 asperum

2159 1116 2456 1172 apparere,
2494 1103 2600 1158 etsi
2639 1118 2891 1174 personae
2917 1118 3046 1160 cum
3083 1104 3250 1162 dictis
3280 1122 3392 1163 non
3429 1110 3763 1167 anathema-

2162 1193 2486 1250 tizarentur.
2514 1194 2650 1263 Quis
2677 1195 2828 1251 enim
2858 1205 3111 1253 nostrum
3142 1207 3328 1269 speret
3358 1215 3473 1256 non
3503 1201 3758 1276 defungi,

2160 1297 2259 1344 aut
2284 1303 2315 1343 a
2341 1303 2454 1360 quo
2478 1303 2592 1345 non
2616 1288 2827 1345 dictum
2853 1299 2941 1347 est
2969 1290 3183 1362 aliquid
3209 1292 3359 1364 quod
3387 1294 3557 1350 alium
3580 1296 3767 1366 possit

2159 1394 2385 1437 movere
2408 1379 2484 1453 (4)
2503 1381 2636 1436 iant
2655 1380 2788 1452 quid
2805 1381 3006 1438 horum
3016 1398 3132 1439 non
3146 1384 3394 1456 praebeat
3407 1386 3765 1443 occasionem

2160 1488 2380 1544 semper
2413 1483 2477 1529 ut
2505 1474 2695 1545 populi
2732 1475 3168 1546 perturbentur?
3196 1477 3267 1533 Et
3304 1477 3413 1534 hoc
3448 1479 3674 1551 quidem
3702 1490 3769 1537 et

2159 1562 2476 1619 viventibus
2499 1570 2558 1618 et
2594 1564 3012 1621 transeuntibus
3038 1567 3363 1640 contingere
3398 1569 3539 1625 solet
3564 1586 3579 1625 :
3605 1571 3767 1641 quod

2160 1667 2273 1709 non
2290 1653 2491 1710 scienti
2512 1661 2728 1711 tantum
2748 1655 2873 1711 huic
2896 1655 3155 1724 dicimus,
3184 1658 3284 1715 sed
3305 1659 3473 1716 etiam
3484 1661 3620 1733 plus
3639 1677 3769 1718 om-

2160 1745 2327 1803 nibus
2354 1746 2519 1803 nobis
2550 1746 2909 1805 considerare
2928 1749 3139 1807 valenti
3173 1752 3614 1824 magnitudinem
3647 1754 3765 1811 hu-

459 1846 727 1904 adversus
747 1846 982 1903 Arianos
1004 1853 1061 1903 et
1087 1844 1226 1903 alios
1248 1846 1543 1904 haereticos
1566 1847 1760 1905 decem
1788 1849 2054 1916 millibus,

2164 1837 2247 1909 ius
2266 1837 2645 1895 absurditatis.
2674 1838 2819 1906 Quid
2843 1847 3028 1897 autem
3056 1857 3167 1898 non
3194 1843 3539 1914 praebeamus
3561 1861 3631 1901 ex
3651 1846 3770 1903 hoc
3826 1903 3838 1913 _

459 1953 560 2010 per
583 1951 805 1994 omnem
832 1951 993 1993 suam
1018 1935 1190 1992 vitam
1214 1936 1424 2008 ubique
1445 1938 1740 1996 decoratus
1767 1948 1872 1996 est.
1898 1939 2057 2008 Quod

459 2030 506 2087 si
536 2031 652 2097 ﬁat,
686 2031 862 2087 multa
884 2030 1054 2085 etiam
1088 2029 1158 2086 ab
1195 2030 1321 2087 aliis
1349 2030 1555 2088 sanctis
1585 2032 1845 2089 Patribus
1866 2042 2057 2105 aperte

459 2123 611 2179 dicta
647 2122 1006 2180 retractaturi
1041 2136 1235 2178 sumus
1265 2132 1323 2179 et
1364 2122 1739 2195 reprobaturi.
1770 2124 2061 2196 Excerptis

458 2211 610 2268 enim
633 2211 756 2268 istis
786 2211 992 2268 similia
1016 2212 1269 2284 quaedam
1295 2213 1610 2271 invenimus
1630 2214 1778 2286 apud
1813 2225 1897 2273 ter
1925 2215 2058 2272 bea—

460 2314 578 2362 tum
634 2314 692 2361 et
720 2304 966 2361 nobilem
994 2306 1377 2373 Athanasium,
1411 2306 1663 2378 quaedam
1701 2307 1869 2365 etiam
1909 2306 2060 2381 apud

458 2397 684 2455 beatum
709 2396 994 2464 Basiliam,
1025 2398 1276 2469 quaedam
1313 2399 1462 2471 apud
1484 2398 1812 2472 Gregorium
1839 2409 2058 2458 utrum-

457 2508 601 2565 que,
647 2493 822 2551 multa
872 2509 1009 2551 vero
1056 2501 1116 2550 et
1162 2493 1311 2565 apud
1355 2493 1807 2565 Amphilochium
1858 2496 2061 2568 saepius

458 2586 641 2655 dicta;
686 2602 799 2643 non
836 2601 1010 2657 parva
1036 2602 1173 2643 vero
1202 2595 1259 2642 et
1287 2586 1433 2657 apud
1459 2600 1814 2643 communem
1838 2586 2061 2644 Patrem

459 2679 687 2736 beatum
715 2678 1109 2750 Theophilum.
1142 2678 1284 2737 Sunt
1322 2678 1474 2735 enim
1500 2694 1624 2752 quae
1662 2688 1757 2737 tua
1797 2681 2062 2738 sanctitas

461 2771 541 2825 ita
595 2766 926 2837 conﬁtetur,
967 2778 1024 2826 et
1076 2770 1333 2826 eumdem
1371 2770 1440 2828 de
1478 2770 1588 2829 illis
1634 2771 1803 2830 habet
1840 2771 2060 2828 intelle-

461 2870 635 2917 ctum.
668 2859 931 2929 Quaedam
959 2861 1129 2919 etiam
1158 2862 1229 2919 ab
1254 2863 1374 2935 ipso
1406 2862 1483 2939 ('5)
1519 2864 1744 2922 amabili
1780 2864 1894 2921 Deo
1916 2862 2061 2921 Pro-

460 2954 570 3022 clo,
610 2954 669 3011 in
691 2954 887 3010 eodem
913 2955 1033 3027 ipso
1060 2965 1210 3012 tomo
1260 2972 1426 3028 quem
1464 2957 1536 3014 ad
1568 2958 1863 3015 Armenios
1889 2957 2060 3026 misit,

462 3065 577 3121 quo
622 3048 816 3105 multis
864 3049 1121 3106 sensibus
1164 3048 1289 3106 istis
1328 3049 1607 3123 decerptis
1648 3049 1953 3107 concurrit.
1993 3049 2066 3107 Et

2160 1928 2531 1986 desiderabile
2557 1928 2799 1988 Nestorii
2837 1931 3262 1992 defensoribus?
3290 1935 3424 2004 Quis
3448 1940 3598 1995 enim
3630 1955 3758 1997 eum

2159 2038 2273 2078 non
2304 2022 2622 2089 honorabit,
2653 2024 2699 2078 si
2728 2036 2856 2079 cum
2888 2025 3000 2081 isto
3032 2035 3097 2083 tet
3140 2028 3264 2085 aliis
3298 2031 3394 2101 qui
3438 2031 3495 2086 in
3536 2033 3760 2103 episco-
3792 2068 3797 2071 η

2161 2121 2295 2185 patu
2319 2115 2491 2170 vitam
2517 2114 2916 2186 deposuerunt,
2954 2118 3119 2173 simul
3161 2121 3768 2181 anathematizaretur?

2161 2215 2258 2263 aut
2284 2207 2380 2263 ubi
2412 2208 2532 2279 ejus
2565 2209 2753 2279 opinio
2778 2223 2879 2280 per
2904 2209 3012 2267 hoc
3040 2226 3151 2268 non
3179 2214 3415 2285 accipiat
3442 2216 3767 2274 incremen-

2162 2298 2317 2354 tum?
2335 2296 2471 2366 Quis
2490 2306 2676 2354 autem
2702 2297 3064 2370 deceptorum
3095 2300 3404 2369 hominum,
3428 2302 3498 2359 de
3522 2303 3647 2361 istis
3668 2320 3772 2361 oc-
3837 2347 3841 2351 ν

2161 2389 2444 2446 casionem
2489 2404 2780 2446 assumens
2798 2429 2813 2458 ,
2863 2405 2976 2447 non
3025 2392 3398 2450 confessorem
3446 2396 3767 2465 vocaverit,

2160 2482 2333 2539 veluti
2365 2491 2596 2554 propter
2637 2483 2762 2539 illos
2803 2499 3028 2555 passum
3073 2500 3197 2557 qua:
3237 2502 3435 2558 passus
3479 2498 3590 2556 est,
3637 2506 3774 2562 qua:

2160 2575 2330 2631 etiam
2359 2574 2441 2630 illi
2467 2574 2564 2646 qui
2587 2575 2645 2630 in
2666 2575 2917 2633 Ecclesia
2943 2576 3241 2645 fulserunt,
3265 2580 3412 2651 passi
3440 2581 3602 2637 sunt?
3623 2580 3773 2649 Quis

2161 2676 2350 2724 autem
2383 2676 2627 2724 mentem
2659 2668 2987 2724 habentium
3023 2670 3201 2726 nescit
3225 2673 3358 2743 quia
3383 2687 3449 2729 ea
3473 2688 3596 2745 quae
3620 2673 3773 2732 dure

2162 2775 2195 2816 a
2217 2759 2512 2816 Theodoro
2533 2760 2681 2816 dicta
2709 2769 2860 2828 sunt,
2889 2763 3223 2820 necessitate
3253 2765 3571 2837 compulsus
3590 2767 3777 2824 dixit?

2163 2850 2513 2922 Proponebat
2546 2851 2696 2907 enim
2725 2865 2855 2907 eum
2882 2862 3032 2909 totus
3062 2851 3123 2908 in
3152 2854 3431 2909 communi
3455 2853 3654 2911 Oriens
3675 2856 3771 2911 in-

2164 2952 2250 3001 ter
2283 2959 2382 3000 eos
2404 2944 2501 3016 qui
2527 2950 2657 3002 ante
2678 2960 2783 3002 nos
2804 2944 3055 3014 fuerunt,
3081 2947 3226 3004 sicut
3247 2948 3507 3006 virtutem
3532 2949 3774 3006 multam

2165 3038 2435 3095 doctrina:
2464 3038 2762 3095 habentem
2802 3038 3071 3098 adversus
3095 3039 3357 3108 haereses,
3393 3050 3584 3098 contra
3626 3058 3776 3115 quas

462 3141 586 3199 dies
619 3156 722 3198 nos
762 3139 1002 3209 deﬁciet,
1032 3150 1424 3214 percurrentes
1456 3142 1682 3200 beatum
1698 3128 2063 3198 ‘Eustathium
2089 3177 2133 3236 ο
2166 3145 2417 3203 ρυεηεωε
2446 3139 2504 3187 ει
2531 3130 3011 3236 ἀίωὶίξθηε-ξηυιῐδ
3045 3133 3285 3236 quadam
3315 3133 3589 3236 divisior-te
3628 3150 3779 3193 usus

460 3230 822 3289 Antiochenm
852 3230 1096 3287 civitatis
1122 3230 1470 3304 episcopum,
1499 3231 1594 3303 qui
1632 3229 1737 3286 fuit
1778 3244 1879 3301 pro
1909 3234 2061 3285 recta

462 3323 572 3380 ﬁde
613 3324 671 3379 in
717 3322 946 3380 Nicaeno
972 3324 1235 3389 concilio,
1275 3333 1334 3381 et
1368 3339 1583 3397 magnas
1620 3322 1780 3379 famae
1819 3322 2060 3379 Alexan-

462 3417 630 3473 drum
673 3424 941 3473 vestrum.
988 3413 1097 3473 Sed
1138 3417 1309 3473 etiam
1350 3426 1478 3489 post
1519 3416 1643 3472 illos
1683 3415 2062 3472 sanctissimos

460 3510 754 3581 episcopos
777 3509 1080 3578 Meletium,
1104 3510 1449 3576 Flavianum,
1470 3525 1503 3564 a
1527 3508 1733 3582 quibus
1756 3506 1915 3579 plura
1941 3506 2063 3563 istis

462 3598 857 3655 concordantis
880 3598 1027 3655 dicta
1056 3608 1204 3656 sunt.
1235 3598 1378 3669 Quid
1401 3600 1517 3671 jam
1542 3599 1724 3655 dicam
1758 3599 1827 3655 de
1852 3599 1940 3654 his
1963 3599 2059 3669 qui

464 3694 523 3749 in
545 3692 845 3750 Occidente
878 3693 1184 3749 secundum
1208 3692 1460 3750 eamdem
1486 3692 1797 3751 doctrinam
1825 3700 1883 3749 et
1906 3708 2059 3748 eam-

464 3785 591 3841 dem
623 3784 1025 3841 confessionem
1070 3785 1318 3841 decorati
1364 3793 1527 3852 sunt,
1575 3799 1716 3856 quos
1755 3784 1929 3841 etiam
1966 3794 2063 3840 tua

465 3877 730 3933 sanctitas
777 3878 976 3934 melius
1020 3878 1215 3933 novit?
1260 3876 1493 3934 Intende
1540 3876 1748 3949 itaque,
1792 3892 1948 3950 rogo,
1998 3878 2068 3934 ad

465 3970 614 4043 quod
651 3970 1022 4042 praecipitium
1054 3985 1158 4026 nos
1183 3970 1490 4041 impellant,
1516 3970 1612 4042 qui
1635 3970 1937 4026 ad-nnllam
1964 3970 2072 4026 uti-

464 4053 676 4119 litatem
702 4062 892 4120 verbis
917 4061 1283 4119 contendunt.
1316 4061 1461 4130 Quid
1488 4079 1603 4120 non
1631 4063 1763 4119 hinc
1797 4061 2068 4128 laesionis,

465 4153 551 4209 vel
582 4152 979 4224 corruptionis,
1009 4161 1068 4208 et
1107 4151 1451 4209 confusionis
1484 4152 1711 4224 plenum
1749 4158 2071 4224 generetur,

2163 3229 2269 3289 est,
2284 3236 2395 3278 non
2411 3236 2477 3279 ex
2494 3236 2670 3294 pravo
2691 3222 2980 3279 intellectu
3001 3224 3254 3293 veniens,
3272 3223 3367 3280 sed
3391 3223 3467 3298 (5)
3484 3223 3777 3284 elﬁcacius

2163 3316 2427 3374 adversus
2459 3316 2752 3374 haereticos
2793 3316 2889 3373 illo
2930 3316 3096 3374 modo
3127 3318 3209 3373 uti
3247 3318 3540 3391 judicans,
3581 3335 3775 3390 neque

2162 3410 2453 3467 veritatem
2483 3425 2757 3466 summam
2793 3410 3053 3482 ignorans
3082 3410 3168 3467 vel
3202 3424 3446 3483 negans;
3470 3410 3620 3467 absit
3651 3411 3770 3485 (6):

2162 3501 2312 3574 pleni
2346 3501 2496 3558 enim
2542 3502 2861 3574 huiusmodi
2907 3509 3037 3558 sunt
3071 3518 3265 3560 omnes
3306 3503 3430 3575 ejus
3471 3499 3626 3571 libri,
3671 3505 3771 3561 sed

2167 3603 2491 3652 naturarum
2533 3596 2901 3668 proprietates
2945 3597 3184 3668 amplius
3221 3595 3494 3662 dividens,
3536 3597 3687 3653 sicut
3716 3597 3771 3653 ei

2168 3704 2350 3761 pugna
2376 3704 2543 3760 quam
2582 3688 2849 3746 adversus
2877 3690 3166 3746 haereticos
3206 3689 3422 3757 habuit,
3450 3689 3770 3747 faciendum

2168 3781 2432 3838 dictabat.
2459 3781 2577 3837 Hoc
2609 3790 2666 3838 et
2700 3791 2794 3839 tua
2837 3782 3171 3855 religiositas
3197 3783 3540 3855 dispensavit
3577 3793 3772 3854 aperte

2166 3872 2224 3927 in
2280 3873 2657 3929 anterioribus
2707 3872 2907 3930 litteris
2956 3874 3158 3931 vestris
3208 3874 3278 3930 ad
3332 3874 3764 3931 satisfactionem

2168 3965 2532 4036 quorumdam
2580 3965 2985 4022 venerabilium
3043 3967 3500 4038 coepiscoporum
3543 3974 3757 4022 nostro-

2169 4072 2313 4113 rum.
2347 4056 2506 4126 Quod
2546 4066 2604 4114 et
2634 4058 2815 4130 ipsum
2842 4067 2950 4115 tuae
2979 4059 3205 4117 virtutis
3234 4065 3452 4131 tuaique
3481 4057 3769 4131 sapientia

2171 4151 2458 4223 proprium
2485 4160 2589 4208 est.
2692 4135 2708 4150 ’
2730 4140 2735 4143 ’

1591 4459 1756 4534 194
1779 4460 2130 4519 ΈριετοιΑ
2168 4459 2357 4518 van
2398 4460 2493 4533 (οι.
2536 4461 2647 4535 Ll).

1063 4618 1275 4662 CYBILLI
1313 4621 1383 4659 AD
1415 4616 1653 4659 ιολξίαεκ
1680 4616 2055 4659 ΔΠἸἹΟΩΙῙΕΝΗΙ

2185 4616 2427 4659 δῖΝουυΜ
2456 4617 2761 4659 ΑΝΤΙΟΟΙΠΙΕ
2792 4616 3194 4660 CONGBEGA‘I‘AII.

471 4746 724 4818 Theodori
765 4745 1117 4818 Mopsuesteni
1158 4743 1359 4818 scripta
1394 4740 1595 4814 reiicit,
1625 4739 1781 4818 ualde
1821 4740 2102 4818 increpans
2137 4744 2574 4818 eos__qni_dieere
2606 4745 2752 4801 haud
2781 4752 3092 4818 vererentur
3128 4760 3190 4799 ea
3227 4759 3518 4818 consonare
3556 4746 3778 4816 scriptis

534 4816 635 4874 SS.
666 4809 914 4884 Patrum,
946 4816 1211 4887 simulque
1243 4809 1536 4869 adhortans
1572 4820 1635 4866 ut
1670 4809 1976 4887 Orientales
1995 4812 2190 4887 saltem
2218 4809 2477 4887 Tlieodori
2499 4814 2852 4887 blasphemias
2881 4815 3203 4887 damnarent
3240 4833 3304 4870 ac
3341 4814 3532 4887 liberos
3569 4809 3773 4869 semet-

540 4891 683 4961 ipsos
711 4889 810 4961 tali
832 4881 1133 4961 suspicione
1157 4886 1615 4961 demonstrarent;
1643 4881 2196 4961 tum-adﬁgenuinam
2230 4902 2412 4961 pacem
2442 4881 2767 4961 ﬁrmandam
2797 4887 3046 4941 admonet
3075 4884 3363 4949 Joannem,
3397 4885 3774 4961 minime__qu_i-

541 4906 560 4944 ι
624 4906 683 4945 08
711 4906 810 4944 tau
832 4906 1129 4961 εωριαοηϐ
1157 4906 1615 4948 αεπιοηειταπεηις
1643 4906 1759 4936 tum
1799 4906 1870 4937 au
1908 4906 2196 4953 genuinam
2230 4906 2412 4956 pacem
2442 4906 2767 4952 ﬁrmandam
2797 4906 3045 4941 aamonet
3075 4906 3363 4949 Joannem,
3397 4906 3613 4939 numme
3647 4906 3774 4955 qut-

541 4906 659 5037 J28";
688 4959 893 5037 diﬁieile
920 4957 1187 5031 agendum
1217 4971 1337 5037 eum
1367 4955 1432 5037 iis
1462 4953 1574 5037 qui,
1622 4951 1821 5037 relictis
1861 4946 2386 5037 Nestoriipartibus,
2423 4958 2494 5013 ad
2526 4956 2825 5013 Ecclesium
2866 4964 3224 5022 revertantur,
3267 4965 3509 5012 attamen
3538 4955 3782 5013 sollicite

538 5021 929 5103 invigila'ndum
957 5021 1017 5083 ἷιε
1044 5026 1241 5081 reversi
1269 5021 1483 5079 nonnisi
1505 5039 1687 5078 ueram
1713 5021 1875 5091 ﬁdem
1903 5021 2137 5080 teneant.

540 5176 663 5232 Non
689 5173 1036 5247 conquiescit
1064 5172 1235 5228 draco
1254 5170 1347 5226 ille
1385 5170 1661 5237 desertor,
1702 5186 1835 5229 vere
1871 5172 2062 5230 infesta

2243 5178 2360 5231 οὐκ
2391 5178 2676 5252 ἠρέμησεν
2709 5181 2739 5233 ὁ
2783 5179 3024 5251 δράκων,
3063 5180 3095 5233 ὁ
3143 5178 3481 5250 ἀποστάτης,
3519 5177 3581 5232 τὺ
3622 5195 3780 5249 παγ-

470 5267 693 5339 Deoque
727 5267 960 5322 adversa
991 5263 1190 5329 bestia,
1214 5277 1319 5318 nec
1341 5278 1586 5334 unquam
1620 5279 1653 5319 a
1677 5278 1778 5320 sua
1802 5264 2067 5336 improbi-

471 5368 581 5416 tate
627 5360 881 5424 desistit;
928 5354 1025 5412 sed
1078 5354 1465 5411 ineessabilem
1511 5355 1662 5409 illam
1706 5355 2065 5413 invidentiam

545 5535 620 5606 (I)
645 5534 749 5606 Ed.
778 5531 1032 5606 Auber_ti,
1058 5538 1117 5584 ut
1148 5532 1205 5606 in
1233 5533 1601 5606 communione
1624 5536 1863 5590 omnium
1885 5538 2052 5592 vivas.

472 5600 825 5661 Cori-eximus
851 5618 919 5657 ex
944 5600 1225 5657 Facundo.
1254 5603 1405 5659 EDIT.

564 5674 621 5738 (ἒ)
646 5672 749 5727 Ed.
775 5672 944 5738 Aub.,
978 5671 1101 5727 illa.

566 5743 622 5814 3)
657 5743 755 5814 Ed.
780 5743 946 5809 Aub.,
981 5743 1225 5814 quaedam
1252 5743 1413 5798 etiam
1441 5745 1506 5799 de
1536 5745 1772 5806 amabili,
1806 5755 1914 5801 etc.

568 5813 622 5884 4)
655 5813 755 5870 Ed.
775 5815 942 5884 Aub.,
971 5813 1088 5887 quis
1109 5815 1249 5869 enim
1277 5822 1516 5870 nostrum
1540 5826 1720 5886 sperat
1749 5816 1888 5885 quod
1917 5815 2057 5871 alius

2172 5268 2411 5340 χάλεπον
2451 5270 2695 5341 ἀληθῶς,
2720 5270 2815 5326 καὶ
2877 5271 3150 5343 θεομάχον
3202 5271 3426 5342 Θηρίονο
3485 5269 3613 5326 οὔτε
3658 5272 3782 5344 μὴν

2170 5359 2439 5431 stati).qu
2487 5358 2711 5415 πώποτε
2765 5361 2866 5433 τῆς
2924 5361 3153 5432 ἐνούσης
3201 5358 3353 5432 αὐτῷ
3408 5357 3779 5431 δυστροπίας,

2164 5539 2328 5609 possit
2359 5555 2585 5603 movere,
2617 5548 2707 5596 etc

2238 5608 2313 5691 (ξι)
2369 5609 2495 5692 Ed...
2554 5613 2615 5678 si,
2669 5619 2726 5667 et
2767 5626 2916 5681 mox,
2954 5610 3049 5670 illo
3084 5613 3240 5668 modo
3283 5629 3459 5669 secum
3481 5609 3774 5683 judicans,

2166 5689 2371 5735 OﬁllSSO
2395 5689 2495 5734 uti.

2245 5752 2320 5823 (6)
2344 5751 2471 5817 Ed.,
2497 5753 2647 5822 ipsis.
