4048 6482
340 356 467 428 εδδ

1706 363 2047 423 EHSTOLA
2084 363 2301 422 ωινιι.

3533 365 3644 424 536

353 480 835 541 ἀκατάπαυστον*
862 480 924 537 δὲ
970 481 1064 549 τὸν
1102 481 1298 555 φθόνον
1342 482 1435 537 τὸν
1463 480 1606 537 κατὰ
1629 480 1740 536 τῶν
1777 481 1953 550 ἁγίων

2072 486 2248 535 :ontra
2281 485 2499 535 sanctas
2526 477 2802 537 Ecclesias
2842 479 2898 536 in
2924 476 3111 552 seipse
3148 492 3473 554 conceptam
3513 498 3644 555 par-

366 573 715 646 Ὲκκλησιῶν
766 573 981 630 ὠδίνων
1033 575 1095 629 ἐν
1135 574 1341 647 ἐαυτῷ,
1392 570 1647 644 γλώσσας
1696 572 1956 644 ἀκρατεῖς

352 668 596 725 ἀνοσίων
641 667 739 723 καὶ
786 667 1039 740 βεϐήλων
1062 667 1372 741 ἀνθρώπων
1400 663 1956 738 κεκαυτηριασμένην

356 761 716 833 ἐχόντωντὴν
749 759 1061 831 συνείδησιν
1084 759 1493 832 ἀνταναστῆσαι
1518 758 1825 830 τετόλμηκε
1844 758 1958 821 τοῖς

350 853 455 924 τῆς
502 850 775 923 ἀληθείας
832 850 1124 923 δόγμασιν.
1165 850 1308 905 Ἀλλ’
1356 851 1476 923 ¹ἥλω
1526 849 1808 922 πανταχοῦ
1835 848 1961 924 ,καὶ

350 945 669 1017 νενίκηται,
708 944 997 1016 ἄπρακτον
1039 944 1208 1000 αὐτοῦ
1238 944 1341 1017 τὴν
1371 945 1673 1018 σκαιότητα
1710 944 1808 999 καὶ
1848 942 1960 997 τῶν

352 1035 793 1108 ἐγχειρημάτων
818 1035 922 1108 τὴν
953 1034 1189 1109 δύναμιν
1225 1036 1623 1108 ἀποφαίνοντος
1642 1045 1672 1077 ι
1693 1035 1789 1091 τοῦ
1817 1035 1962 1091 πάν-

350 1147 467 1185 των
509 1130 681 1201 ἡμῶν
715 1130 976 1203 Σωτῆρος
1015 1129 1281 1203 Χριστοῦ.
1327 1130 1581 1186 Πλεῖστοι
1626 1131 1729 1202 μὲν
1770 1124 1868 1184 οὖν
1908 1127 1961 1181 οί

353 1225 467 1296 πρὸ
492 1223 685 1295 ἡμῶν,
716 1224 834 1287 τοῖς
860 1222 1043 1293 ἁγίοις
1077 1222 1236 1295 ἡμῶν
1266 1224 1519 1296 Πατρόισι
1551 1221 1958 1295 μεμαχημένοι,

351 1319 451 1373 καὶ
480 1316 636 1372 κατά
664 1316 767 1388 τῆς
792 1316 1041 1388 ἀρρήτου
1068 1316 1228 1388 δόξης
1258 1316 1330 1372 τά
1365 1318 1467 1389 τῆς
1508 1315 1722 1371 ἑαυτῶν
1764 1315 1962 1387 ἀθυρο-

350 1408 599 1479 στομίας
662 1406 809 1461 ὅπλα
841 1408 1187 1480 κινήσαντες,
1239 1406 1357 1462 ἀλλ’
1390 1406 1688 1478 ἠλέγχοντο
1736 1405 1965 1478 θρασεῖς

346 1503 531 1569 ὅντες,
566 1502 664 1557 καὶ
688 1498 951 1572 ἀμαθεῖς,
981 1500 1080 1555 καὶ
1107 1498 1523 1568 κενολογοῦντες
1540 1499 1765 1569 μᾶλλον,
1792 1499 1964 1570 ῆγουν

349 1594 669 1667 ἑγνωκότες
693 1610 750 1648 τι
780 1592 929 1648 κατά
955 1591 1217 1663 ἀλήθειαν
1252 1590 1362 1646 τῶν
1391 1592 1493 1646 ὅσα
1526 1591 1678 1645 ἐστὶν
1706 1589 1766 1656 ἐξ
1792 1589 1965 1661 αὐτῆς

348 1690 452 1761 τῆς
484 1687 766 1758 ἀληθείας
803 1683 1254 1758 μαρτυρούμενα,
1285 1684 1364 1749 ὡς
1394 1680 1506 1740 εἷεν
1534 1683 1673 1757 όρθά
1701 1683 1796 1738 καὶ
1817 1680 1967 1755 ἀμώ-

2054 569 2291 636 turiens,
2320 568 2616 625 effrenatas
2645 569 2941 640 impiorum
2962 571 3434 644 profanorumque
3460 574 3644 631 hami-'-

2051 674 2193 714 num
2241 659 2601 716 cauteriatam
2643 660 3039 717 conscientiam
3075 661 3122 694 “
3172 661 3496 718 habentium
3532 660 3645 718 lin-

2052 764 2193 820 guas
2217 758 2409 806 contra
2433 750 2683 807 veritatis
2712 751 2910 824 dogma
2940 768 3110 809 ausus
3135 761 3223 810 est
3248 754 3512 811 excitare.
3537 756 3645 811 Ve—

2050 857 2183 897 rum
2208 842 2432 900 Christo
2460 844 2709 924 omnium
2741 852 2992 901 nostrum
3016 846 3302 903 Salvatore
3325 847 3649 919 improbita-

2058 942 2174 992 tem
2204 935 2354 993 illius
2376 937 2793 1010 violentumqne
2819 947 3077 996 conatum
3104 940 3327 996 irritum
3356 940 3648 1007 reddente,

2061 1026 2442 1099 deprehensus
2481 1030 2687 1102 ubique
2729 1046 2797 1088 ac
2836 1031 3017 1089 victus
3047 1041 3155 1089 est.
3198 1034 3430 1090 Plurimi
3463 1035 3651 1109 itaque

2060 1130 2192 1177 ante
2216 1136 2318 1178 nos
2337 1122 2671 1179 exstiterunt
2707 1122 2806 1194 qui
2847 1132 3067 1180 sanctos
3088 1125 3279 1181 Patres
3297 1133 3517 1181 nostros
3549 1126 3654 1180 im-

2056 1223 2406 1286 pugnarunt,
2460 1215 2780 1289 bellumque
2823 1225 3020 1273 contra
3059 1217 3397 1275 ineffabilem
3445 1219 3654 1275 Christi

2058 1306 2295 1377 gloriam
2336 1307 2609 1365 effrenato
2651 1324 2756 1366 ore
2799 1319 3115 1379 moverunt,
3170 1312 3269 1368 sed
3321 1312 3654 1383 deprehensi

2060 1408 2195 1454 sunt
2226 1401 2510 1457 temerarii
2546 1410 2604 1457 et
2630 1402 2864 1469 indocti,
2889 1410 2948 1459 et
2975 1404 3258 1476 vaniloqui
3286 1406 3462 1478 magis
3487 1421 3655 1477 quam

2063 1492 2275 1564 aliquid
2303 1510 2497 1551 eorum
2525 1510 2718 1553 revera
2742 1512 2928 1563 nosse,
2954 1499 3159 1570 quibus
3179 1498 3250 1554 ab
3277 1499 3396 1571 ipsa
3420 1501 3657 1557 veritate

2066 1585 2447 1642 testimonium
2472 1588 2803 1658 perhibetur
2827 1591 2976 1661 quod
3020 1598 3171 1648 recta
3200 1591 3310 1648 sint
3336 1599 3393 1648 et
3420 1592 3655 1664 integra,

2059 1682 2123 1732 et
2145 1676 2216 1732 ab
2239 1678 2389 1733 omni
2411 1680 2684 1736 calumnia
2704 1681 3024 1753 longissime
3051 1692 3284 1740 remota.
3307 1685 3503 1741 Postea
3523 1692 3658 1741 vero

352 1796 509 1853 μητα
536 1777 641 1833 καὶ
677 1775 937 1847 διαϐολῆς
973 1774 1199 1847 ἀπάσης
1245 1774 1526 1847 ὑπέρτερα
1547 1782 1599 1829 7.
1644 1772 1864 1844 Ἐπειδὴ
1907 1771 1965 1826 δὲ

2072 1784 2233 1841 quam
2261 1780 2464 1841 praeter
2502 1787 2600 1844 eos
2634 1772 2727 1830 ille
2765 1774 2947 1830 omnis
2984 1775 3285 1847 impietatis
3309 1777 3566 1833 inventor
3595 1793 3662 1833 ac

528 1866 786 1932 ἐκείνοις
809 1868 839 1921 ό
872 1835 1196 1931 δνσσεϐείας
1228 1835 1468 1938 ἀπάσης,
1496 1864 1727 1939 εὑρετὴς
1776 1835 1871 1920 καί
1895 1862 1968 1918 δι-

2072 1861 2282 1930 doctor,
2306 1865 2544 1922 Nestorii
2568 1882 2768 1923 vocum
2800 1868 3074 1927 novitates
3107 1871 3153 1904 ³⁷
3178 1872 3342 1929 nobis
3362 1873 3658 1940 excitavit;

348 1960 634 2024 δάσκιλος
665 1959 897 2028 ἤγειρεν
926 1958 1063 2028 ἡμῖν
1083 1956 1183 2022 τὰς
1201 1956 1502 2029 Νεπορίου
1527 1956 1894 2026 καινοφωνίας
1917 1964 1965 2021 ι,

360 2052 478 2108 ἰδοὺ
504 2050 579 2120 δὴ
599 2048 925 2115 σύμπαντες
952 2046 1044 2101 διὰ
1071 2047 1172 2118 τὴν
1210 2045 1308 2101 τοῦ
1351 2045 1492 2100 Θεοῦ
1536 2045 1718 2118 χάριν,
1747 2046 1845 2101 καὶ
1866 2046 1968 2118 τὴν

372 2142 622 2197 δοθεῖσαν
648 2142 782 2213 ἡμῖν
818 2140 956 2211 παρ’
995 2136 1165 2194 αὐτοῦ
1213 2137 1452 2204 σύνεσιν,
1495 2139 1599 2210 μιᾷ,
1634 2137 1853 2210 γλώττῃ
1877 2138 1969 2194 τὸν

388 2233 703 2306 ἀποστάτην
726 2230 1228 2302 ἀναθεματίζομεν,
1258 2230 1353 2284 τὸν
1397 2229 1602 2284 εὐκλεᾶ
1636 2229 1749 2283 τῶν
1792 2229 1971 2284 Πατέ-

385 2344 505 2399 ρων
533 2325 934 2399 ίχνηλατοῦντες
966 2325 1155 2397 ζῆλον,
1191 2324 1286 2379 καὶ
1325 2323 1815 2394 κατανδριζόμενοι
1858 2321 1970 2377 τῶν

377 2418 595 2493 ἐχθρῶν
638 2416 737 2474 τοῦ
776 2417 1018 2489 σταυροῦ
1055 2416 1152 2472 τοῦ
1197 2415 1463 2489 Χριστοῦ,
1505 2417 1603 2472 καὶ
1649 2418 1752 2489 τὴν
1793 2414 1970 2488 ἀληθῆ

372 2509 772 2585 πρεσϐεύοντες
823 2511 1034 2579 πίστιν,
1092 2511 1190 2566 καὶ
1236 2511 1584 2576 διδάσκοντες
1635 2512 1695 2565 ὲν
1740 2508 1974 2581 Ἐκκλη-

366 2606 536 2672 σίαις,
580 2604 662 2677 μὴ
704 2606 827 2669 ταῖς
886 2602 1116 2658 ἐκείνων
1174 2601 1519 2667 δυσσεϐείαις
1582 2600 1973 2674 προστίθεσθαι

357 2696 598 2770 μᾶλλον,
631 2696 732 2751 δύο
776 2696 1031 2766 λέγοντος
1088 2695 1365 2768 Χριστούς
1408 2695 1508 2751 καὶ
1536 2694 1710 2761 υίούς,
1745 2694 1844 2749 ἕνα
1875 2694 1974 2765 μὲν

356 2790 529 2862 φύσει
560 2791 662 2845 καὶ
694 2789 878 2863 ἀληθῆ
901 2802 954 2855 ι,
984 2789 1077 2844 τὸν
1102 2790 1169 2843 ὲκ
1211 2787 1349 2844 Θεοῦ
1389 2787 1607 2860 Ηατρδς
1633 2787 1830 2857 Λόγον,
1850 2786 1974 2841 ἓτε-

352 2898 458 2951 ρον
477 2880 541 2935 δὲ
577 2880 737 2934 θέσει
785 2879 883 2933 καὶ
932 2879 1143 2951 χάρπι,
1173 2878 1267 2933 τὸν
1310 2879 1376 2933 ἐκ
1406 2879 1726 2951 σπέρματος
1748 2877 1842 2932 τοῦ
1873 2879 1977 2933 Δα-

356 2969 449 3025 διδ
466 2986 482 2999 ο
519 2968 670 3026 ἀλλά
704 2967 852 3023 κατά
864 2968 969 3038 τὴν
999 2966 1209 3023 ἀνωθεν
1230 2967 1671 3023 καταϐαίνουσαν
1697 2969 1777 3032 είς
1803 2968 1974 3040 ἡμᾶς,

358 3062 657 3135 ἀκραιφνῆ
716 3062 815 3115 καὶ
865 3060 1239 3132 ἀνεπίληπτον
1289 3060 1497 3128 πίστιν,
1547 3060 1646 3115 ἕνα
1697 3060 1826 3115 Υίὸν
1881 3060 1978 3115 καὶ

2066 1970 2197 2012 ecce
2230 1958 2343 2030 jam
2372 1975 2474 2031 per
2508 1961 2606 2017 Dei
2635 1963 2890 2034 gratiam,
2928 1964 3222 2036 datamque
3264 1966 3424 2023 nobis
3465 1966 3537 2024 ab
3566 1967 3662 2024 illo

2068 2048 2510 2122 inteliigentiam,
2535 2070 2728 2111 omnes
2750 2072 2864 2111 uno
2890 2072 2986 2113 ore
3011 2058 3163 2114 illum
3197 2067 3500 2130 apostatam
3526 2075 3661 2116 ana-

2070 2140 2514 2211 thematizamus,
2542 2145 2845 2216 gloriosum
2874 2149 3099 2205 Patrum
3132 2161 3452 2207 nostrorum
3481 2153 3662 2208 zelum

2070 2230 2293 2298 imitati,
2326 2234 2677 2307 viriliterque
2723 2246 2917 2295 contra
2959 2240 3216 2298 inimicos
3247 2245 3433 2301 erucis
3458 2243 3666 2301 Christi

2070 2337 2173 2378 nos
2196 2334 2469 2395 gerentes,
2491 2341 2558 2383 ac
2582 2344 2772 2384 veram
2804 2329 2968 2386 ﬁdem
3003 2332 3269 2399 colentes,
3301 2342 3465 2406 atque
3497 2336 3556 2392 in
3576 2351 3667 2393 ec—

2070 2414 2255 2471 clesiis
2271 2415 2554 2484 docentes,
2577 2433 2688 2482 non
2718 2420 3137 2476 assentiendum
3166 2438 3289 2479 esse
3322 2424 3472 2480 illius
3502 2425 3653 2482 blas-

2070 2508 2339 2579 phemiis,
2383 2509 2527 2566 duos
2570 2510 2808 2568 dicentis
2853 2512 3113 2580 christos,
3157 2523 3214 2571 et
3255 2515 3399 2572 ﬁlios
3439 2535 3453 2571 :
3495 2535 3669 2574 unum

2071 2602 2299 2673 quidem
2332 2603 2641 2660 naturalem
2673 2614 2733 2661 et
2774 2621 2992 2674 verum,
3032 2623 3233 2680 nempe
3268 2608 3405 2666 illud
3447 2626 3516 2666 ex
3555 2612 3670 2668 Deo

2071 2693 2235 2749 Patre
2273 2693 2554 2761 Verbum,
2587 2695 2824 2751 alterum
2854 2712 2987 2754 vero
3030 2699 3328 2771 adoptione
3371 2711 3427 2758 et
3455 2704 3669 2773 gratia,

2074 2786 2228 2841 illum
2251 2785 2511 2842 videlicet
2532 2801 2599 2842 ex
2624 2788 2836 2844 semine
2860 2788 3033 2844 David
3059 2808 3073 2844 :
3103 2791 3199 2846 sed
3223 2792 3530 2848 secundum
3556 2795 3673 2851 sin-

2073 2893 2259 2934 ceram
2308 2879 2967 2952 irreprehensibilemque
3013 2881 3198 2949 ﬁdem,
3233 2900 3357 2955 qua:
3383 2885 3495 2955 jam
3543 2885 3673 2942 inde

2075 2968 2145 3025 ab
2174 2970 2335 3026 initio
2366 2969 2436 3026 ad
2468 2986 2571 3027 nos
2604 2970 2913 3038 descendit,
2944 2989 3115 3028 unum
3159 2975 3426 3031 duntaxat
3470 2977 3672 3033 Filium

2075 3070 2134 3119 et
2161 3063 2458 3119 Dominum
2492 3063 2681 3120 Jesum
2720 3063 3026 3133 Christum,
3072 3067 3251 3139 ipsum
3284 3068 3548 3125 nimirum
3584 3070 3672 3126 in-

359 3156 577 3229 Κύριον
630 3154 843 3226 Ἰησοῦν
881 3152 1142 3226 Χριστὸν,
1182 3155 1275 3208 τὸν
1316 3153 1401 3208 ὲκ
1428 3153 1567 3209 Θεοῦ
1617 3153 1833 3223 Πατρός
1875 3152 1973 3207 Λό-

2079 3163 2368 3211 carnatum
2397 3163 2454 3212 et
2494 3156 2780 3213 hominem
2822 3158 3028 3215 factum
3062 3159 3160 3216 Dei
3193 3161 3373 3219 Patris
3409 3162 3675 3229 Verbum,

362 3265 462 3318 γον
484 3288 502 3313 ,
539 3246 1054 3318 ὲνανθρωπῇσαντα
1093 3247 1186 3301 καὶ
1220 3246 1667 3319 σεσαρκωμένον,
1698 3245 1842 3301 κατά
1875 3245 1973 3318 τὴν

2075 3249 2232 3321 juxta
2260 3256 2577 3304 sanctorum
2605 3249 2831 3307 Patrum
2862 3251 3269 3308 confessionem
3293 3272 3307 3308 :
3334 3253 3410 3310 ita
3440 3265 3503 3312 ut
3531 3272 3677 3314 unus

365 3337 480 3394 τῶν
541 3337 725 3408 ἀγίων
779 3337 1046 3411 Πατέρων
1099 3336 1431 3411 ὁμολογίαν·
1468 3337 1613 3394 ὥστε
1659 3338 1754 3393 τὸν
1814 3338 1979 3394 αὐτὸν

366 3428 514 3487 εἶναι
568 3449 636 3490 τε
680 3432 779 3489 καὶ
832 3431 1094 3502 λέγεσθαι
1134 3434 1200 3487 ὲκ
1238 3431 1377 3486 Θεοῦ
1406 3432 1622 3505 Πατρδς
1652 3420 1872 3498 θεῖδὲὦς,
1903 3433 1979 3496 ὡς

368 3525 548 3596 Λόγον
584 3523 780 3591 αὐτοῦ,
818 3525 916 3580 καὶ
947 3525 1016 3580 ὲκ
1054 3524 1156 3596 τῆς
1193 3524 1386 3591 οὐσίας
1435 3526 1605 3581 αὐτοῦ
1644 3526 1980 3598 προελθόντα

368 3616 646 3688 φυσικῶς,
708 3619 804 3673 καὶ
854 3619 921 3672 ὲκ
975 3617 1295 3689 σπέρματος
1354 3618 1521 3674 Δαὸὶδ
1577 3619 1720 3674 κατὰ
1778 3620 1977 3693 σάρκα,

369 3712 544 3781 ῆγουν
584 3711 654 3764 ὲκ
696 3709 799 3781 τῆς
832 3710 998 3779 ἁγίας
1031 3710 1127 3765 καὶ
1177 3711 1443 3766 Θεοτόκου
1477 3710 1716 3784 Μαρίας.
1760 3712 1835 3766 Οὐ
1869 3711 1981 3787 γὰρ

368 3804 566 3875 ἕτερον
590 3800 691 3856 καὶ
716 3802 929 3875 ἕτερον,
962 3803 1039 3868 ὡς
1069 3801 1229 3876 ἔφην,
1260 3803 1571 3876 παρέδοσαν
1597 3805 1649 3858 oi
1674 3804 1769 3859 ἀπ’
1801 3805 1982 3879 ἀρχῆς

370 3893 671 3959 αὐτόπται,
707 3895 805 3947 καὶ
859 3893 1133 3966 ὑπηρέται
1162 3894 1451 3966 γενόμενοι
1483 3895 1576 3950 τοῦ
1610 3895 1770 3966 λόγου
1794 3912 1809 3927 ο
1844 3896 1981 3953 ἀλλὰ

372 3988 475 4042 ἕνα
535 3986 636 4040 καὶ
697 3985 794 4040 τὸν
841 3985 1028 4054 αὐτὸν,
1058 3987 1194 4042 Θεόν
1227 4004 1288 4041 τε
1331 3987 1470 4059 ὁμοῦ
1528 3987 1622 4044 καὶ
1668 3989 1978 4061 ἄνθρωπον,

376 4077 680 4149 μονογενῆ,
734 4079 1115 4151 πρωτότοκον·
1168 4080 1256 4135 ἵνα
1304 4080 1368 4136 τὸ
1403 4080 1504 4154 μὲν
1532 4081 1647 4154 ἔχοι
1674 4083 1894 4150 θεῖκῶς,
1919 4085 1983 4140 τὸ

369 4170 434 4223 δὲ
485 4171 886 4240 ἀνθρωπίνως·
923 4172 1006 4226 ὅτι
1050 4171 1277 4242 γέγονεν
1323 4174 1384 4229 ὲν
1434 4174 1651 4240 πολλοῖς
1694 4175 1979 4245 ἀδελφοῖς,

372 4264 479 4335 τὴν
504 4266 649 4337 πρὸς
677 4266 829 4336 ἡμᾶς
853 4266 1117 4338 ὁμοίωσιν
1144 4266 1417 4331 ὑπελθὼν.
1440 4269 1537 4323 καὶ
1560 4269 1661 4323 οὐκ
1692 4270 1983 4343 ἄνθρωπον

371 4357 541 4412 ἀλλον
588 4358 840 4428 συνάψας
891 4358 1095 4431 ἑαυτῷ,
1139 4360 1285 4415 καθά
1331 4354 1552 4432 φρονεῖν
1610 4360 1759 4429 ἔδοξέ
1813 4379 1979 4430 τισιν,

370 4451 492 4504 ἀλλ’
525 4450 861 4523 αὐτόχρημα
897 4454 1191 4525 γενόμενος
1236 4453 1548 4522 ἄνθρωπος,
1583 4456 1680 4511 καὶ
1704 4457 1807 4511 οὐκ
1843 4457 1983 4511 ἀπο-

2082 3340 2340 3412 idemque
2373 3341 2446 3396 sit
2476 3349 2534 3397 et
2569 3341 2787 3397 dicatur
2816 3342 2910 3413 qui
2941 3343 3208 3400 divinitus
3239 3361 3308 3401 ex
3338 3347 3450 3403 Deo
3485 3348 3674 3414 Patre,

2082 3441 2273 3505 utpote
2297 3434 2541 3490 Verbum
2572 3434 2721 3491 illius
2755 3443 2811 3490 et
2838 3451 2906 3491 ex
2943 3434 3065 3507 ejus
3101 3436 3411 3493 substantia
3443 3448 3674 3496 natura-

2079 3526 2210 3583 liter
2235 3526 2521 3603 procedit,
2551 3534 2609 3583 et
2640 3526 2734 3598 qui
2776 3542 2846 3582 ex
2888 3529 3099 3584 semine
3146 3528 3321 3584 David
3364 3530 3672 3586 secundum

2081 3635 2328 3687 carnem,
2358 3619 2465 3676 hoc
2491 3629 2597 3686 est,
2627 3636 2694 3675 ex
2721 3628 2910 3676 sancta
2938 3629 2995 3676 et
3023 3620 3121 3676 Dei
3157 3621 3425 3693 genitrice
3449 3624 3677 3697 Virgine

2081 3712 2252 3768 Maria
2273 3721 2430 3770 ortus
2452 3720 2557 3769 est.
2583 3713 2706 3769 Non
2735 3712 2884 3769 enim
2913 3713 3084 3768 alium
3109 3721 3276 3786 atque
3296 3715 3459 3789 195
3480 3717 3674 3785 alium,

2082 3812 2145 3860 ut
2184 3803 2319 3872 dixi,
2353 3804 2705 3861 tradiderunt
2747 3805 2910 3862 nobis
2946 3806 3043 3877 qui
3074 3806 3144 3862 ab
3178 3807 3339 3863 initio
3378 3809 3484 3880 ipsi
3514 3811 3675 3869 vide-

2083 3906 2234 3964 runt,
2256 3914 2324 3955 ac
2358 3898 2601 3967 ministri
2628 3898 2859 3956 fuerunt
2893 3900 3167 3957 sermonis
3198 3898 3266 3967 ⁸⁸,
3298 3901 3397 3958 sed
3423 3918 3593 3959 unum
3620 3913 3679 3961 et

2080 3991 2340 4048 eumdem
2386 3992 2561 4047 Deum
2594 3991 2760 4048 simul
2790 3999 2847 4047 et
2880 3991 3187 4059 hominem,
3223 3994 3566 4066 unigenitum
3610 4011 3678 4052 ac

2082 4085 2547 4158 primogenitum;
2583 4092 2646 4140 ut
2692 4084 2830 4141 illud
2876 4085 3103 4156 quidem
3152 4085 3356 4145 habeat
3401 4096 3462 4143 ut
3498 4090 3674 4157 Deus,

2068 4160 2232 4235 istud
2263 4193 2399 4233 vero
2430 4184 2493 4234 ut
2524 4177 2709 4232 homo.
2753 4175 2954 4233 FaCtus
2983 4188 3070 4235 est
3101 4178 3251 4234 enim
3285 4179 3433 4236 inter
3473 4182 3678 4238 multos

2081 4271 2282 4328 fratres
2304 4271 2373 4337 ⁸⁸,
2397 4269 2467 4325 ad
2491 4278 2739 4324 nostram
2768 4268 3188 4325 similitudinem
3211 4284 3331 4327 sese
3353 4270 3674 4340 demittens,

2082 4379 2195 4420 non
2221 4363 2388 4418 alium
2419 4359 2733 4426 hominem,
2762 4368 2824 4416 ut
2856 4360 3189 4431 quibusdam
3221 4361 3401 4421 visum
3424 4370 3541 4429 est,
3566 4350 3675 4421 sibi

2082 4455 2405 4528 adiungens,
2441 4452 2538 4510 sed
2568 4452 2716 4508 idem
2739 4452 2856 4522 ipse
2891 4466 3085 4508 revera
3113 4453 3292 4508 factus
3316 4453 3505 4520 homo,
3532 4463 3589 4511 et
3618 4457 3675 4512 id

374 4546 515 4610 στὰς
545 4544 647 4599 τοῦ
679 4541 820 4601 εἶναι
844 4546 873 4600 ὃ
896 4542 988 4620 ἦν.
1019 4547 1152 4613 Θεὸς
1181 4548 1293 4621 γὰρ
1315 4548 1393 4604 ὢν
1420 4548 1585 4620 φύσει
1616 4550 1711 4606 καὶ
1738 4551 1973 4623 ἀπαθὴς,

2085 4547 2232 4621 quod
2265 4557 2385 4603 erat
2415 4562 2537 4604 esse
2578 4561 2692 4600 non
2732 4545 3009 4601 desinens.
3038 4545 3177 4601 Nam
3212 4562 3339 4602 cum
3366 4563 3436 4603 ex
3478 4558 3677 4606 natura

367 4637 463 4691 διὰ
512 4636 683 4692 τοῦτο
730 4638 899 4709 σαρκὶ
939 4641 1006 4712 τῇ
1048 4639 1157 4712 ἰδίᾳ
1197 4641 1468 4697 πέπονθεν
1497 4641 1767 4699 ὲκών.·οὐ
1789 4646 1899 4718 γὰρ
1922 4647 1983 4701 τὸ

370 4728 570 4802 ἑτέρου
596 4727 750 4793 τινὸς
789 4730 951 4803 σῶμα
981 4730 1216 4789 δέδωκεν
1252 4734 1393 4807 ὑπὲρ
1429 4734 1623 4807 ἡμῶν
1675 4736 1791 4792 ἀλλ’
1818 4738 1983 4804 αὐτὸς

371 4820 578 4875 ἑαυτὸν
607 4822 638 4875 ὁ
670 4820 974 4893 μονογενὴς
1014 4820 1110 4877 τοῦ
1148 4822 1286 4878 Θεοῦ
1334 4824 1531 4894 Λόγος,
1559 4827 1853 4899 γενόμενος
1887 4828 1982 4884 ἄν·

369 4912 629 4987 θρωπος,
681 4912 761 4976 ὡς
807 4913 1042 4986 ἄμωμον
1094 4915 1293 4989 ἱερεῖον
1347 4920 1724 4992 προσεκόμισε
1752 4920 1981 4994 τῷιθεῷ

373 5006 470 5059 καὶ
520 5005 731 5078 Πατρί.
761 5000 873 5060 Ἦν
909 5002 1005 5062 οὖν
1042 5009 1365 5079 ἀναγκαῖον,
1401 5011 1664 5086 λαμπρὰν
1707 5014 1856 5085 ἡμᾶς
1886 5016 1980 5068 ἐπὶ

374 5098 593 5163 τούτοις
628 5096 792 5167 ἄγειν
811 5099 1030 5172 ἑορτὴν,
1053 5101 1566 5175 συνεκόεὸλημένης
1586 5104 1829 5178 δηλονότι
1858 5109 1982 5171 ταῖς

367 5191 683 5266 Νεστορίου
763 5192 1108 5260 κακοδοξίαις
1169 5197 1263 5250 καὶ
1330 5199 1517 5270 φωνῆς
1569 5200 1786 5270 ἁπάσης
1849 5203 1980 5273 παρ’

370 5284 556 5338 ὁτιοῦν
576 5285 631 5349 δ,
668 5285 719 5339 εί
777 5287 901 5348 ταῖς
975 5287 1188 5341 ἐκείνου
1240 5288 1515 5361 συμϐαίνῃ
1567 5291 1978 5365 ψευδηγορίαις.

371 5375 688 5448 Κεχώρηκε
723 5376 834 5448 γὰρ
867 5377 1263 5434 κατὰπάντων
1290 5381 1402 5434 τῶν
1433 5382 1504 5435 τὰ
1526 5380 1617 5436 ἴσα
1638 5385 1983 5454 φρονούντων

372 5469 593 5540 ἐκείνῳ,
620 5470 795 5542 ἤγουν
820 5482 843 5510 ο
884 5471 982 5524 καὶ
1023 5474 1450 5545 πεφρονηκότων
1491 5476 1737 5544 πώποτε,
1757 5478 1819 5531 τὸ
1849 5480 1981 5533 ἀπο-

2080 4642 2230 4697 Deus
2255 4648 2312 4695 et
2338 4636 2662 4709 impatibilis
2684 4642 2852 4700 esset,
2887 4634 3015 4690 ideo
3040 4635 3099 4690 in
3136 4637 3360 4709 propria
3388 4648 3555 4696 carne
3582 4655 3678 4696 vo-

2070 4733 2322 4793 luntarie
2346 4746 2544 4803 passus
2569 4737 2674 4787 est.
2708 4728 2901 4800 Neque
2930 4728 3082 4785 enim
3108 4729 3343 4786 alterius
3369 4732 3677 4803 cujuspiam

2080 4836 2284 4891 corpus
2315 4834 2417 4890 pro
2443 4819 2606 4874 nobis
2640 4817 2815 4884 dedit,
2846 4816 2942 4873 sed
2986 4817 3171 4889 ipsum
3202 4821 3551 4893 unigenitum
3583 4823 3676 4879 Dei

2081 4913 2324 4972 Verbum
2348 4912 2514 4967 homo
2540 4910 2768 4977 factum,
2798 4918 2860 4965 ut
2882 4910 3291 4968 immaculatam
3315 4913 3593 4969 victimam
3619 4931 3679 4969 se

2086 5008 2200 5063 Deo
2224 5014 2281 5061 et
2320 5004 2469 5060 Patri
2499 5003 2723 5059 obtulit.
2748 5002 2987 5059 Proinde
3026 5020 3245 5076 aequum
3286 5005 3392 5060 fuit
3431 5005 3682 5061 hilariter

2084 5101 2176 5159 his
2216 5100 2286 5155 de
2317 5100 2502 5155 causis
2533 5098 2734 5153 festum
2770 5097 2919 5153 diem
2949 5113 3131 5169 agere,
3170 5099 3345 5169 ejecta
3373 5099 3484 5167 jam
3513 5098 3677 5153 simul

2089 5210 2214 5252 cum
2256 5207 2517 5268 perversa
2544 5190 2784 5247 Nestorii
2824 5190 3106 5261 Opinione,
3141 5189 3290 5245 omni
3327 5189 3435 5244 alia
3463 5205 3493 5244 a
3535 5206 3678 5261 quo-

2089 5304 2309 5358 cunque
2332 5286 2534 5342 emissa
2558 5300 2714 5350 voce,
2738 5300 2861 5355 qum
2885 5298 3009 5337 cum
3042 5283 3189 5338 illius
3217 5281 3518 5339 mendaciis
3541 5299 3677 5340 con-

2089 5380 2325 5436 veniret.
2352 5377 2608 5434 Procedit
2632 5377 2779 5432 enim
2810 5376 3076 5431 adversus
3099 5391 3312 5442 omnes,
3344 5376 3438 5447 qui
3475 5377 3680 5448 pariter

2091 5494 2216 5534 cum
2252 5475 2348 5531 illo
2388 5471 2657 5534 sentiunt,
2706 5470 2792 5523 vel
2827 5469 2992 5523 etiam
3033 5469 3330 5539 aliquando
3363 5481 3675 5532 senserunt.
3767 5517 3789 5526 -

445 5588 833 5659 “trium,
874 5589 929 5644 ε.
1012 5589 1059 5624 ιτ
1113 5590 1134 5646 1
1188 5589 1332 5647 Tim.
1384 5609 1459 5658 v1,
1496 5593 1574 5649 2e
1664 5594 1781 5652 nn
1813 5572 1954 5654 Tim.

2083 5600 2139 5655 ξι..
2219 5596 2264 5629 ³³
2301 5594 2460 5650 Rom.
2486 5604 2604 5649 vm,
2636 5586 2727 5641 29.

1498 5715 1677 5772 Variae
1697 5716 1963 5773 lectiones
1994 5717 2201 5773 codicis
2226 5705 2595 5784 Seguieriani.

447 5807 476 5880 γ
510 5801 987 5880 ἀνανταγώνιστον.
1093 5820 1118 5848 ι
1151 5807 1554 5880 ἁποφήναντος.
1658 5818 1687 5857 Y
1721 5809 1796 5875 ὡς
1833 5811 2128 5868 ἀπωτάτω.

376 5878 403 5907 ε
429 5868 462 5941 ἢ
490 5872 643 5941 γοῦν.

2234 5817 2256 5845 ι
2294 5802 2650 5873 κενοφωνίας.
2760 5808 2782 5838 ο
2837 5794 3070 5867 ἀληθῶς.
3181 5796 3210 5837 δ
3245 5795 3375 5867 παρ’
3430 5791 3680 5852 ὁτουοῦν.
