4048 6446
435 333 542 390 355

1461 317 1520 369 δ.
1559 314 1834 369 Ullum“
1873 312 2345 364 ΛιιιιλΛΝυιιιΝι
2383 312 2708 369 ARCIIIEP.

3592 310 3698 370 536

434 445 581 518 quod
622 450 678 499 et
707 455 808 496 nos
838 447 891 494 et
936 435 1197 492 sanctitas
1238 440 1421 488 vestra
1451 429 1701 486 absolute
1727 424 2013 518 diximus,

2122 424 2298 491 λύτως
2341 429 2491 500 ἡμᾶς
2535 445 2600 481 τε
2646 429 2738 483 καὶ
2772 427 2871 500 τὴν
2903 427 3154 500 ὁσιότητα
3197 427 3352 500 ὑμῶν
3381 427 3588 482 είπεῖν·
3615 429 3698 482 ὃτι

435 513 897 593 anathematizarc
919 542 1019 584 nos
1041 542 1137 583 eos
1156 525 1251 596 qui
1273 524 1413 579 duos
1436 521 1578 576 ﬁlios
1599 518 1687 573 vel
1709 516 1850 572 duos
1869 513 2016 570 chri-

434 636 548 680 stos
590 624 801 678 dicunt.
840 617 995 676 Unus
1026 618 1198 682 enim,
1244 615 1390 689 sicut
1417 612 1553 678 dixi,
1589 625 1716 667 cum
1747 624 1780 664 a
1825 607 2015 673 nobis,

434 727 550 772 tum
576 715 744 770 etiam
785 727 816 767 a
842 711 1002 766 vobis
1032 707 1360 780 praedicatur
1391 704 1647 761 Christus
1678 711 1735 758 et
1760 700 1931 757 Filius
1961 708 2019 755 et

434 808 719 870 Dominus,
749 802 887 860 illud
916 801 1262 873 unigenitum
1293 798 1390 854 Dei
1421 797 1684 862 Verbum,
1718 815 1736 847 ι
1772 795 1830 850 in
1866 791 2018 848 simi-

433 898 664 952 litudine
697 894 983 951 hominum
1016 892 1243 957 factum,
1275 898 1333 946 et
1358 889 1573 954 habitu,
1601 885 1903 944 secundum
1931 899 2018 938 sa-

433 986 764 1059 pientissimi
797 984 952 1040 Pauli
987 998 1212 1048 vocem,
1257 988 1319 1036 ut
1350 981 1516 1035 homo
1555 979 1840 1034 inventum
1873 975 1941 1027 ⁸ο.
1986 991 2005 1024 ι

432 1079 588 1146 Quod
622 1086 806 1135 autem
829 1075 1036 1131 Christi
1069 1088 1291 1130 carnem
1314 1071 1496 1126 anima
1530 1069 1866 1138 intelligente
1897 1063 2014 1119 ani-

435 1181 637 1228 matam
673 1185 794 1226 esse
828 1168 1097 1232 dicamus,
1127 1165 1184 1221 id
1215 1177 1592 1235 saepenumero
1620 1161 1731 1233 jam
1760 1165 1888 1213 ante
1914 1157 2012 1212 de-

434 1267 797 1317 monstratum
832 1265 936 1312 est.
985 1256 1056 1311 Et
1100 1255 1156 1310 in
1203 1253 1434 1324 epistola
1467 1250 1534 1306 ad
1585 1248 1876 1305 Armenios
1911 1246 2010 1319 (l),

433 1368 560 1410 cum
609 1364 920 1407 sermonem
963 1345 1212 1403 veritatis
1264 1352 1411 1398 recte
1471 1348 1758 1405 tractaret,
1807 1339 2014 1396 diserte

433 1439 754 1511 praedicavit
776 1437 1153 1492 sanctissimus
1171 1443 1228 1490 et
1255 1431 1700 1504 religiosissimus
1729 1430 1899 1486 frater
1917 1445 2014 1485 no-

434 1540 547 1588 ster
589 1539 646 1585 et
685 1527 1041 1598 coepiscopus
1069 1525 1317 1591 Proclus,
1348 1523 1433 1578 vir
1464 1524 1608 1594 pius,
1636 1531 1694 1579 et
1732 1522 1803 1577 ad
1832 1530 2012 1577 certa-

433 1635 559 1676 men
583 1620 849 1675 adversus
875 1631 971 1673 eos
995 1616 1088 1688 qui
1121 1631 1242 1687 quae
1271 1622 1421 1670 recta
1442 1622 1573 1669 sunt
1599 1620 1920 1684 pervertunt
1943 1612 2009 1678 δι,

432 1713 784 1776 exercitatus,
814 1719 871 1765 et
897 1723 964 1765 ex
996 1707 1241 1764 veritatis
1270 1705 1573 1762 assertione
1607 1703 1893 1759 victoriam
1923 1718 2012 1758 re-

2119 518 2587 590 ἀναθεματίζομεν
2620 521 2748 585 τοὺς
2781 522 2930 586 υίοὺς
2979 520 3235 590 λέγοντας
3277 519 3392 586 δύο,
3453 520 3548 573 καὶ
3600 519 3700 574 δύο

2117 609 2410 679 Χριστούς.
2438 608 2538 676 Εἷς
2587 612 2718 684 γάρ,
2746 613 2821 677 ὡς
2867 612 3026 682 ἔφην,
3073 613 3401 683 κηρύττεται
3452 611 3589 682 πρός
3637 629 3699 664 τε

2119 699 2281 770 ήμῶν
2301 702 2484 756 αὐτῶν
2507 702 2605 756 καὶ
2629 702 2804 774 ὑμῶν,
2829 702 3083 774 Χριστὸς,
3110 703 3205 756 καὶ
3239 701 3389 770 Υίὸς,
3433 702 3530 756 καὶ
3581 702 3700 754 Κύ-

2121 811 2254 865 ριος,
2288 797 2318 849 ὁ
2362 797 2658 868 μονογενὴς
2686 799 2784 850 τοῦ
2831 795 2968 849 Θεοῦ
3012 794 3202 864 Λόγος,
3252 812 3271 846 ι
3295 793 3355 849 ὲν
3387 794 3704 864 ὁμοιώματι

2116 885 2423 957 ἀνθρώπων
2451 887 2764 960 γενόμενος,
2793 887 2890 942 καὶ
2923 887 3165 958 σχήματι
3206 885 3479 956 εὑρεθεὶς,
3504 886 3580 950 ώς
3606 886 3707 939 άν-

2116 975 2355 1047 θρωπος,
2376 995 2395 1029 ι
2424 979 2565 1032 κατά
2594 978 2692 1050 τὴν
2744 977 2842 1032 τοῦ
2883 977 3197 1047 σοφωτάτου
3245 976 3458 1031 Παύλου
3489 978 3702 1048 φωνήν.

2116 1067 2242 1122 Ὅτι
2288 1068 2347 1122 δὲ
2388 1070 2488 1141 τὴν
2533 1069 2628 1124 τοῦ
2681 1069 2888 1140 Κυρίου
2937 1069 3118 1141 σάρκα
3152 1067 3463 1140 ἑψυχῶσθαί
3517 1085 3707 1139 φαμεν

2115 1158 2263 1232 ψυχῇ
2291 1162 2473 1232 νοερᾷ,
2502 1161 2774 1215 δέδεικται
2816 1157 3149 1232 πλεισταχοῦ
3182 1159 3381 1214 ταῦτα’
3419 1160 3513 1213 καὶ
3539 1161 3600 1211 ἐν
3629 1162 3701 1230 τῇ

2119 1252 2255 1324 πρὸς
2304 1252 2620 1324 Ἀρμενίους
2653 1253 2933 1325 ἐπιστολῇ,
2966 1253 3060 1308 τὸν
3106 1253 3208 1323 τῆς
3256 1251 3514 1322 ἀληθείας
3541 1252 3703 1320 λόγον

2117 1345 2454 1418 ὁρθοτομῶν,
2484 1345 2772 1418 διεκήρυξε
2804 1345 2990 1416 σαφῶς
3014 1345 3039 1386 δ
3065 1347 3094 1401 ὁ
3121 1343 3416 1405 ὁσιώτατος
3445 1343 3541 1399 καὶ
3580 1344 3704 1398 θεο-

2119 1436 2444 1502 σεϐέστατος
2482 1436 2709 1506 ἀδελφὸς
2747 1437 2927 1509 ἡμῶν,
2964 1437 3059 1491 καὶ
3107 1435 3506 1499 συνεπίσκοπος
3544 1436 3696 1506 Πρό-

2113 1527 2262 1592 κλος,
2293 1527 2434 1599 ἀνὴρ
2464 1527 2716 1600 εὐσεϐὴς,
2752 1529 2847 1582 καὶ
2873 1530 2989 1592 τοῖς
3019 1526 3092 1582 τά
3149 1525 3286 1599 ὁρθά
3333 1526 3698 1598 διαστρέφουο

2114 1635 2198 1672 σιν
2215 1617 2643 1673 ἀνταποδύεσθαι
2679 1619 3068 1692 μεμελετηκώς
3092 1635 3108 1652 ο
3141 1620 3223 1674 ὅτι
3264 1619 3360 1673 καὶ
3392 1621 3548 1690 νικᾷν
3576 1618 3704 1684 ἔθος

2113 1707 2262 1780 αὑτῷ
2310 1708 2668 1780 πρεσϐεύοντι
2711 1709 2809 1782 τὴν
2856 1709 3128 1782 ἀλήθειαν.
3158 1709 3596 1780 Διαϐεϐλημένας
3641 1710 3703 1764 δὲ

434 1811 655 1873 portare
675 1811 946 1858 assuetus.
969 1798 1204 1854 lnfames
1223 1805 1408 1852 autem
1431 1795 1738 1867 opiniones,
1765 1794 2010 1859 Diodori,

2114 1768 2293 1867 δόξαις,
2317 1768 2580 1870 Δῖοδώρου
2613 1817 2695 1866 τε,
2732 1768 2904 1872 φήμὶ,
2933 1768 3030 1854 καὶ
3059 1797 3358 1872 Θεοδώρου,
3398 1768 3554 1871 καὶ
3577 1768 3703 1854 1τέ-

436 1895 681 1963 inquam,
716 1907 780 1946 ac
805 1888 1106 1955 Theodori,
1141 1899 1198 1945 et
1224 1887 1458 1942 aliorum
1489 1885 1852 1957 quorumdam
1874 1900 2014 1956 quos

433 1999 546 2038 non
571 1981 795 2036 laudare
819 1981 993 2036 satius
1014 1987 1152 2044 erat,
1174 1993 1244 2033 ne
1263 1977 1396 2048 quid
1421 1976 1640 2048 gravius
1663 1975 1864 2041 dicam,
1888 1990 2013 2045 pro-

435 2078 623 2141 pterea
675 2069 823 2140 quod
890 2069 1069 2145 plenis
1110 2067 1516 2139 quodammodo
1560 2067 1698 2122 velis
1749 2067 2014 2122 adversus

433 2162 638 2217 Christi
685 2161 915 2232 gloriam
954 2161 1238 2226 ferantur,
1289 2173 1472 2224 nemo,
1509 2158 1770 2225 obsecro,
1810 2159 2014 2214 sanctis

434 2250 864 2320 orthodoxisque
887 2249 1142 2304 Patribus
1156 2247 1390 2312 nostris,
1421 2247 1740 2312 Athanasio,
1768 2246 2011 2318 inquam,

435 2341 652 2407 Basilio,
677 2340 962 2412 Gregorio,
997 2338 1323 2409 Theophilo,
1347 2345 1405 2393 et
1433 2337 1662 2409 reliquis
1687 2338 1914 2406 tribuat,
1946 2355 2015 2396 ne

431 2448 543 2504 quo
586 2441 744 2504 pacto
777 2447 865 2487 res
900 2431 1016 2486 haec
1043 2431 1323 2486 nonnullis
1365 2430 1606 2485 scandali
1638 2430 1732 2484 ﬁat
1775 2431 2012 2498 occasio,

432 2523 876 2578 existimantibus
905 2537 1098 2577 revera
1131 2521 1204 2576 ita
1237 2522 1474 2576 sensisse
1497 2536 1561 2577 ac
1589 2521 1844 2578 docuisse
1869 2523 2016 2578 viros

435 2613 603 2668 totius
631 2623 792 2692 rectae
815 2612 939 2668 ﬁdei
962 2612 1240 2678 custodes,
1265 2613 1472 2684 quique
1503 2621 1693 2668 contra
1725 2629 2016 2684 perversae

433 2705 724 2774 opiniones
764 2720 874 2761 non
916 2705 1079 2760 modo
1109 2705 1378 2772 Nestorii,
1413 2705 1506 2761 sed
1541 2707 1706 2761 etiam
1747 2709 2012 2775 aliorum,

438 2797 598 2866 196
628 2797 720 2867 qui
755 2796 899 2850 idem
945 2797 1093 2867 quod
1125 2798 1412 2853 Nestorius
1442 2807 1566 2853 ante
1600 2801 1780 2870 ipsum
1826 2815 2014 2855 sense-

436 2897 563 2942 rant
608 2895 664 2941 et
709 2887 910 2944 litteris
949 2888 1294 2957 mandaram,
1340 2891 1622 2963 Oppositos
1668 2891 1840 2946 libros
1873 2892 2014 2946 ~rcli-

432 2985 689 3048 querunt.
733 2977 997 3048 Optamus
1030 2990 1211 3034 autem
1242 2990 1302 3034 111.
1342 2996 1531 3036 omnes
1560 2997 1649 3036 l‘CS
1679 2997 1806 3037 suas
1833 2988 2014 3053 agant,

434 3081 613 3136 neque
642 3067 831 3121 turbas
855 3067 1117 3122 Ecclesiis
1140 3069 1400 3136 excitent,
1424 3071 1534 3141 jam
1550 3086 1648 3140 per
1662 3069 1864 3125 Christi
1897 3087 2018 3142 gra-

437 3159 587 3225 tiam,
602 3166 655 3214 et
680 3159 964 3214 doctorum
979 3161 1184 3230 ubique
1203 3169 1475 3216 terrarum
1499 3161 1834 3233 vigilantiam
1860 3163 2018 3218 seda-

436 3259 537 3315 tas,
563 3267 742 3320 neque
768 3252 853 3306 vel
877 3253 980 3307 sibi
1006 3252 1156 3323 ipsis,
1177 3254 1263 3309 vel
1286 3255 1636 3327 aliisnegotia
1653 3255 1832 3311 denuo
1851 3256 2019 3312 faces-

433 3351 573 3397 sant.
594 3343 861 3398 Cmtcrum
877 3344 968 3414 qui
989 3360 1111 3401 cum
1129 3345 1688 3417 Nestorioaliquando
1705 3357 2014 3415 senserunt,

433 3449 579 3489 nunc
594 3449 724 3488 vero
745 3450 812 3488 ex
830 3435 1014 3490 animo
1029 3435 1430 3505 rcsipiscentes,
1450 3453 1480 3492 a
1500 3437 1661 3508 nugis
1679 3437 1824 3493 illius
1837 3439 2014 3494 disce-

432 3523 589 3590 dunt,
626 3534 941 3595 mutataque
981 3527 1262 3582 voluntate
1308 3540 1514 3584 rectam
1548 3529 1922 3600 integramque
1950 3530 2014 3584 ﬁ-

432 3615 559 3670 dem
601 3615 890 3685 complecti
935 3625 1283 3686 proponunt,
1328 3632 1424 3673 eos
1479 3618 1693 3688 placide
1737 3621 2014 3692 suscipere

432 3715 667 3777 oportet,
698 3723 800 3762 nec
831 3709 1085 3778 cuiquam
1128 3711 1371 3776 illorum,
1406 3713 1809 3781 praateritorum
1851 3730 2014 3770 causa

431 3799 741 3856 convicium
776 3800 988 3868 facere;
1023 3817 1092 3856 ne
1131 3819 1239 3872 qua
1279 3802 1493 3857 ratione
1522 3819 1589 3858 ex
1620 3819 1685 3859 ea
1715 3820 1771 3859 re
1797 3808 2014 3862 occasio

430 3891 715 3945 nonnullis
739 3886 1070 3961 praebeatur,
1102 3902 1164 3947 ut
1197 3896 1547 3950 cunctantius
1571 3895 1638 3950 ad
1664 3896 1892 3952 meliora
1929 3897 2012 3953 fe-

431 3983 637 4037 stinent
661 3983 726 4036 "'.
755 3982 810 4038 Si
851 3984 998 4038 enim
1027 3999 1122 4039 eos
1153 3985 1248 4054 qui
1279 3985 1656 4054 corporalibus
1697 3989 1904 4045 morbis
1929 4000 2011 4043 te-

432 4081 654 4137 nentur,
684 4073 752 4127 ab
783 4074 891 4128 illis
917 4075 1138 4130 liberari
1170 4075 1441 4144 cupimus,
1468 4078 1642 4149 iisque
1672 4080 2014 4147 congratula-

431 4175 556 4218 mur
585 4165 679 4219 ubi
722 4165 776 4220 id
820 4166 1133 4235 contigerit,
1161 4168 1437 4236 quomodo
1462 4185 1571 4223 non
1604 4171 1773 4240 magis
1805 4171 2010 4241 gaude-

432 4257 632 4319 bimus,
655 4257 698 4311 si
724 4258 770 4310 is
787 4257 883 4326 qui
906 4256 1167 4313 seductus
1189 4259 1385 4324 fuerat,
1415 4269 1787 4326 convertatur,
1809 4274 2009 4317 etcum

429 4347 763 4401 conscientia
791 4347 932 4401 bona
963 4347 1030 4402 ad
1060 4364 1201 4404 vera:
1227 4352 1554 4423 cognitionis
1593 4353 1772 4408 lucem
1814 4369 2008 4410 accur-

2117 1908 2227 1962 ρων
2258 1891 2452 1959 τινῶν,
2477 1890 2570 1955 οὓς
2607 1887 2676 1962 ἦν
2715 1892 2938 1962 ἄμεινον
2967 1891 3069 1944 οὐκ
3101 1893 3344 1946 ἐπαινεῖν
3371 1931 3389 1958 ,
3417 1891 3506 1946 ἵνα
3534 1893 3612 1963 μή
3647 1909 3706 1946 τι

2112 1982 2328 2055 λέγοιμι
2353 1983 2630 2055 φορτικὸν,
2657 1982 2754 2038 καὶ
2778 1982 2839 2037 τὺ
2865 1983 3006 2046 ὅλοις
3024 1981 3213 2055 ὥσπερ
3246 1982 3439 2046 ἱστίοις
3471 2000 3701 2037 κατενε-

2113 2067 2306 2140 χθῆναι
2334 2070 2434 2140 τῆς
2463 2069 2622 2140 δόξης
2649 2070 2908 2140 Χριστοῦ,
2941 2071 3132 2142 μηδεὶς
3162 2071 3560 2143 ὲπιφημιζέτω,
3593 2089 3704 2128 πα-

2115 2160 2480 2232 ρακαλοῦμεν,
2505 2165 2614 2226 τοῖς
2643 2163 2820 2232 ἁγίοις
2846 2162 2944 2217 καὶ
2963 2162 3264 2234 ὁρθοδόξοις
3293 2163 3451 2233 ἡμῶν
3480 2165 3707 2236 Πατρά-

2117 2270 2220 2320 σιν,
2251 2255 2552 2328 Ἀθανασίῳ
2580 2273 2662 2321 τε,
2697 2256 2859 2327 φημὶ,
2882 2255 2978 2310 καὶ
3017 2255 3301 2329 Βασιλείῳ,
3332 2257 3616 2330 Γρηγορίῳ
3639 2274 3705 2311 τε

2115 2344 2208 2398 ml
2231 2344 2496 2418 Θεοφίλῳ,
2527 2345 2624 2399 καὶ
2662 2346 2776 2410 τοῖς
2810 2345 3016 2411 λοιποῖς
3035 2363 3049 2378 ο
3083 2348 3157 2418 μὴ
3179 2346 3288 2417 ἄρα
3321 2364 3436 2410 πως
3465 2345 3705 2400 σκανδά-

2115 2435 2207 2488 λου
2241 2436 2516 2505 πρόφασις
2545 2438 2606 2490 τὸ
2633 2437 2822 2508 χρῆμα
2859 2436 3082 2507 γένηταί
3108 2454 3271 2501 τισιν,
3303 2435 3532 2506 οἰηθεῖσι
3575 2438 3704 2490 κατ’

2115 2526 2374 2596 ἀλήθειαν
2415 2527 2559 2581 οῦτω
2603 2527 2871 2600 φρονῆσαι
2905 2528 3001 2582 καὶ
3050 2527 3262 2595 διδάξαι
3309 2529 3434 2592 τοὺς
3477 2528 3702 2598 ἀπάσης

2116 2617 2405 2688 ὀρθότητος
2431 2617 2795 2689 ἐπιμελητάς·
2825 2620 2919 2672 καὶ
2940 2618 3000 2672 οὐ
3031 2621 3151 2682 ταῖς
3181 2617 3482 2688 Νεστορίου
3509 2618 3705 2688 μόναις

2117 2708 2460 2774 κακοδοξίαις
2503 2709 2964 2780 ἀντεγειρομένας
3009 2709 3245 2778 ἀφέντας
3289 2707 3522 2777 βίϐλους,
3561 2707 3732 2778 ἀλλὰ,

2067 2784 2212 2852 ’καὶ
2261 2801 2382 2862 ταῖς
2425 2798 2535 2852 τῶν
2583 2798 2810 2869 ἑτέρων,
2839 2797 2887 2851 οἳ
2929 2796 2998 2851 τὰ
3046 2796 3343 2868 Νεστορίου
3377 2797 3483 2867 πρὸ
3526 2795 3706 2850 αὐτοῦ

2117 2889 2499 2962 πεφρονήκασί
2526 2907 2586 2943 τε
2615 2889 2708 2944 καὶ
2734 2889 3097 2961 γεγράφασιν.
3127 2888 3412 2958 Εὒχόμεθα
3454 2888 3530 2954 δὲ,
3563 2887 3705 2942 πάν-

2118 2997 2218 3044 τας
2269 2980 2622 3053 ίδιοπραγεῖν,
2676 2982 2772 3035 καὶ
2821 2982 2960 3054 μήτε
3005 2979 3268 3052 θορύϐους
3314 2980 3434 3043 ταῖς
3467 2980 3704 3050 Ἐκκλη-

2123 3071 2266 3137 σίαις
2295 3073 2552 3145 ἐγείρειν,
2579 3073 2706 3136 τοὺς
2741 3072 2842 3144 ήδη
2867 3071 3358 3144 κατηρεμήσαντας
3382 3071 3566 3142 χάριτι
3602 3073 3705 3126 τοῦ

2119 3164 2380 3236 Χριστοῦ,
2416 3165 2511 3218 καὶ
2541 3163 2630 3218 διὰ
2652 3163 2750 3235 τῆς
2773 3163 2986 3234 νήψεως
3030 3162 3139 3216 τῶν
3176 3163 3487 3234 ἁπανταχοῦ
3531 3181 3707 3234 μυστ-

2118 3257 2373 3326 α-γωγῶν,
2403 3257 2542 3328 μήτε
2585 3255 2692 3328 μὴν
2723 3253 3116 3311 ἀνασκαλεύειν
3159 3255 3369 3319 ἑαυτοῖς
3413 3254 3446 3324 ἢ
3488 3256 3706 3326 ἑτέροις

2119 3347 2439 3418 πράγματα.
2469 3345 2589 3417 Χρὴ
2623 3345 2704 3413 δὲ,
2741 3344 2835 3398 καὶ
2857 3344 2982 3406 τοὺς
3007 3343 3076 3396 τά
3103 3342 3400 3414 Νεστορίου
3423 3359 3706 3413 πεφρονη-

2118 3437 2282 3500 κότας
2332 3436 2573 3503 πώποτε,
2647 3432 3159 3506 μεταγινώσκοντας
3220 3433 3342 3488 κατ’
3413 3433 3702 3504 ἀλήθειαν,

2119 3530 2212 3582 καὶ
2241 3529 2650 3597 ἀποφοιτῶντας
2692 3528 2789 3599 μὲν
2813 3527 2924 3581 τῶν
2955 3527 3166 3581 ἐκείνου
3215 3523 3519 3596 φλυαριῶν,
3558 3526 3704 3596 μεθ-

2115 3620 2510 3692 ορμιζομένους
2545 3620 2601 3674 δὲ
2645 3621 2781 3692 πρός
2813 3637 2873 3674 τε
2917 3619 2981 3673 τὸ
3011 3617 3216 3672 ἐθέλειν
3250 3617 3349 3686 τὴν
3391 3615 3705 3688 ἀμώμητον

2117 3713 2331 3766 ἑλέσθαι
2365 3714 2570 3780 πίστιν,
2607 3712 2832 3778 δεκτοῦς
2873 3707 3035 3776 εἶναι,
3082 3710 3178 3765 καὶ
3223 3709 3298 3782 μὴ
3339 3709 3704 3773 ὀνειδίζεσθαι

2115 3801 2221 3855 τῶν
2243 3801 2656 3873 παρῳχηκότων
2680 3801 2844 3856 ἓνεκα
2860 3817 2874 3832 ⁸
2906 3801 2983 3873 μὴ
3007 3801 3117 3872 ἄρα
3145 3817 3260 3864 πως
3285 3799 3444 3853 ὁκνου
3485 3800 3704 3870 πρόφαο

2117 3893 2201 3946 σίν
2238 3911 2348 3946 τισι
2376 3895 2475 3964 τῆς
2500 3895 2580 3958 είς
2599 3893 2668 3948 τά
2702 3894 2912 3965 ἀμείνω
2942 3892 3286 3966 μεταδρομῆς
3316 3891 3694 3964 ὲπεργάσηται

2113 3984 2292 4038 τοῦτο.
2322 3985 2384 4038 Et
2405 3985 2514 4056 γὰρ
2550 3987 2674 4049 τοὺς
2701 3985 2860 4048 ὄντας
2893 3986 2950 4038 ὲν
2976 3983 3310 4058 ἀρρωστίαις
3349 3985 3688 4052 σωματικαῖς

2112 4075 2550 4130 ἀπαλλάττεσθαι
2595 4075 2801 4131 τούτων
2845 4076 3150 4147 εὐχόμεθα,
3205 4075 3300 4128 ml.
3355 4073 3699 4145 συιηγδόμεθα

2111 4168 2302 4221 τούτου
2348 4167 2651 4238 συμϐάντος
2709 4168 2913 4232 αὐτοῖς,
2973 4168 3088 4230 πῶς
3148 4167 3210 4220 οὐ
3264 4165 3444 4219 πολὺθ
3482 4165 3698 4236 μᾶλλον

2113 4256 2303 4328 ἡσθείη
2359 4273 2443 4320 τις
2483 4256 2568 4322 ἂν,
2623 4257 3042 4326 ἐπιστρέφοντος
3087 4255 3180 4308 τοῦ
3243 4253 3694 4323 πεπλανημένον,

2112 4347 2375 4420 καὶπρὸς
2433 4347 2493 4401 τὸ
2541 4347 2639 4418 τῆς
2689 4346 2924 4417 ἀληθοῦς
2955 4346 3208 4415 γνώσεως
3255 4345 3394 4416 μετά
3440 4343 3690 4412 συνειδή-

319 4897 326 4905 ·
428 4891 634 4960 gisterii
681 4895 858 4950 socios
883 4872 1258 4960 obsecramus,
1294 4906 1354 4951 ut
1396 4899 1611 4953 clericis
1639 4900 1834 4955 vestris
1865 4917 2006 4970 pra:-

431 4441 548 4492 rat?
582 4439 714 4493 Nam
743 4439 889 4508 quod
935 4439 1037 4510 ipsi
1064 4456 1281 4512 quoque
1310 4445 1486 4515 angeli
1524 4445 1659 4498 festa
1697 4461 1862 4515 super
1900 4448 2004 4501 hu—

2114 4455 2252 4502 σεως
2277 4437 2492 4510 ἀγαθῆς
2518 4438 2770 4510 ᾄττοντος
2800 4437 2950 4508 φῶς;
2986 4439 3108 4492 ’Ότι
3147 4436 3255 4507 γὰρ
3294 4436 3392 4507 τὴν
3437 4435 3528 4488 ἐπὶ
3558 4433 3691 4486 τοῦ·

427 4527 664 4597 jusmodi
701 4528 866 4582 rebus
909 4529 1186 4586 celebrare
1230 4533 1442 4588 soleant
1483 4533 1550 4598 “,
1602 4535 1739 4588 nihil
1784 4536 2011 4606 ambigit

2114 4550 2221 4594 τοις
2258 4532 2455 4603 ἑορτὴν
2489 4530 2756 4584 ἐπιτελεῖν
2788 4529 2909 4592 ἔθος
2942 4529 3037 4582 καὶ
3071 4531 3183 4591 τοῖς
3225 4527 3477 4596 ἀγγέλοις
3497 4567 3512 4591 ,
3549 4521 3695 4579 οἶδεν

430 4620 690 4675 sanctitas
722 4629 924 4686 vestra,
960 4630 1021 4676 ut
1058 4639 1179 4692 qua:
1218 4625 1321 4679 ista
1353 4625 1551 4679 docere
1577 4634 1632 4680 et
1666 4626 1721 4680 in
1757 4627 2013 4682 omnibus

2114 4622 2264 4690 ὑμῶν
2308 4624 2343 4692 ἡ
2381 4621 2624 4692 ὁσιότης,
2657 4621 2815 4674 τοῦτο
2847 4620 3192 4684 διδάσκουσα,
3219 4621 3312 4674 καὶ
3355 4621 3412 4673 ἐν
3450 4618 3694 4682 άπάσαις

428 4709 678 4763 ccclesiis
701 4723 976 4780 exponere
1003 4714 1196 4779 soleat,
1231 4722 1288 4768 et
1317 4713 1615 4770 Salvatoris
1644 4717 1817 4771 nostri
1846 4719 2013 4774 verba

2114 4715 2226 4774 ταῖς
2266 4712 2613 4782 Ἐκκλησίαις
2652 4712 3013 4784 ἐξηγουμένη,
3045 4712 3139 4765 καὶ
3175 4712 3274 4775 τὰς
3301 4709 3394 4764 τοῦ
3437 4709 3697 4780 Σωτῆρος

430 4815 540 4854 ηοιι
569 4800 801 4870 ignoret.
829 4802 967 4859 lllud
993 4813 1175 4876 tamen
1199 4821 1296 4860 vos
1318 4813 1573 4876 tanquam
1599 4807 1796 4862 fratres
1816 4817 1872 4864 et
1899 4824 2013 4864 ma-

2114 4801 2266 4872 ἡμῶν
2287 4802 2387 4855 οὐκ
2414 4801 2686 4870 ἀγνοοῦσα
2711 4804 2914 4870 φωνάς.
2959 4803 3164 4857 Ἐκεῖνο
3196 4801 3380 4873 μέντοι
3432 4817 3694 4870 παρακα-

2115 4892 2349 4963 λοῦμεν,
2399 4893 2475 4956 ὡς
2515 4892 2778 4961 ἀδελφοὺς
2835 4893 2928 4946 καὶ
2972 4891 3421 4952 συνδιδασκάλους
3477 4905 3692 4958 παρεγ-

429 4982 643 5051 cipiatis
686 4999 754 5039 ne
793 4985 898 5040 alia
949 4986 1264 5055 loquantur,
1298 4987 1600 5054 praesertim
1636 4988 1690 5042 in
1735 4989 2005 5056 ecclesiis,

2114 4983 2318 5053 γυῆσαι
2342 4986 2454 5047 τοῖς
2480 4984 2762 5056 κληρικοῖς
2790 4983 2832 5048 ί,
2863 4984 2938 5055 μὴ
2975 4984 3139 5055 ἕτερα
3181 4982 3383 5045 λαλεῖν,
3409 4981 3467 5033 ὲν
3493 4979 3696 5050 ἐκκλη-

429 5081 626 5139 prmtcr
653 5088 718 5127 ea
741 5089 864 5142 quae
894 5089 1022 5127 vera
1056 5087 1120 5128 ac
1149 5071 1398 5140 probata,
1431 5085 1487 5128 et
1513 5074 1652 5128 bene
1687 5074 1888 5130 habere
1917 5077 2007 5147 ju-

2118 5078 2261 5142 σίαις
2296 5076 2554 5148 μάλιστα,
2587 5077 2741 5148 παρά
2772 5077 2842 5131 τὰ
2877 5075 3031 5145 ὀρθὰ,
3068 5075 3163 5128 καὶ
3229 5069 3692 5142 δεδοκιμασμένα,
3755 5125 3760 5132 ,

428 5161 608 5216 dicata
635 5173 762 5218 sunt
794 5181 806 5217 :
834 5164 930 5219 sed
967 5164 1151 5233 potius
1176 5172 1237 5218 ut
1260 5172 1423 5219 recta:
1453 5165 1578 5220 ﬁdei
1608 5164 2009 5225 confessionem

2115 5170 2212 5224 καὶ
2256 5165 2316 5223 εὖ
2365 5169 2510 5240 ἔχειν
2550 5168 2810 5234 δόξαντα·
2861 5168 3088 5222 ἕπεσθαι
3139 5167 3195 5221 δὲ
3233 5166 3433 5238 μᾶλλον
3482 5166 3547 5235 τῇ
3593 5162 3698 5233 τῆς

499 5297 545 5329 ⁸ο
583 5298 820 5371 Philipp.
856 5317 914 5367 ιι,
953 5303 1004 5366 7,
1029 5299 1080 5354 8.
1155 5301 1198 5332 ⁴¹
1228 5301 1389 5358 Mich.
1418 5320 1497 5373 ιιι,
1529 5307 1582 5362 9.
1660 5306 1704 5339 ⁸³
1736 5307 1905 5364 lCor.
1945 5325 2013 5366 xu

2114 5312 2170 5366 μι.
2250 5312 2296 5344 η
2326 5313 2457 5369 Luc.
2488 5329 2577 5378 xv,
2619 5313 2704 5368 10.

1519 5428 1692 5485 Varize
1721 5430 1986 5490 lectiones
2005 5433 2213 5490 codicis
2234 5434 2594 5507 Seguieriani.

495 5542 527 5586 ἀ
557 5541 759 5612 σοφῶς.
836 5553 860 5584 θ
889 5540 1090 5612 πολλῷ.
1170 5538 1191 5578 ί
1227 5541 1472 5616 κλήροις.

1971 5633 2198 5692 NOTAE.

499 5749 578 5818 (l)
609 5747 797 5805 Exstat
843 5748 986 5806 inter
1023 5749 1285 5824 epistolas
1313 5752 1484 5809 Prooli
1510 5750 1615 5809 CP.
1647 5750 1877 5824 hujusce
1908 5739 2227 5822 Ραίνοιοθὶω
2250 5749 2446 5804 Graeca:
2478 5757 2609 5805 tom.
2650 5746 2806 5813 LXV,
2844 5747 2949 5803 col.
2993 5747 3113 5802 855.
3142 5746 3292 5802 Ent'r.
