4048 6438
352 442 473 501 337

1722 457 2062 520 EPISTOLA
2099 461 2294 544 LXIX.

3546 467 3665 526 333’

353 559 534 631 ὀρθῆς
568 559 810 626 πίστεως
845 563 1150 640 ὁμολογίᾳ·
1179 568 1274 624 καὶ
1318 567 1554 641 μάλιστα
1601 571 1702 642 μὲν
1729 573 1807 645 μὴ
1840 575 1956 630 ἐπι-

2065 589 2391 650 sequantur,
2421 581 2656 638 maxime
2682 599 2816 640 vero
2846 599 2917 640 ne
2957 583 3117 640 facile
3158 582 3227 640 ad
3272 599 3556 640 sermones
3584 583 3654 640 de

361 653 581 723 τρέχειν
617 656 737 720 τοῖς
784 658 922 729 step).
963 659 1174 715 τούτων
1202 662 1404 732 λόγοις.
1447 664 1510 717 El
1542 663 1602 718 δὲ
1643 663 1709 736 δή
1744 665 1848 720 πού
1881 684 1965 732 τις

363 743 578 817 ἀνάγκη
611 746 846 815 γένοιτο,
894 748 987 805 διά
1030 769 1115 806 τοι
1159 751 1222 806 τὸ
1264 754 1462 825 χρῆναι
1489 757 1966 826 μυσταγωγεῖσθαί

357 854 543 909 τιναςι
577 838 843 910 μηδαμοῦ
879 841 1350 913 παροχετεύεσθαι
1398 846 1498 916 τῆς
1545 844 1836 918 ὀρθότητος
1869 847 1967 918 ὲᾷν

353 929 448 982 τὸν
480 930 577 984 ἐπὶ
602 933 672 1003 τῇ
699 931 886 987 πίστει
911 933 1091 1004 λόγον.
1135 935 1354 1008 Ἐπειδὴ
1376 935 1434 990 δὲ
1457 937 1557 1000 τὰς
1581 937 1691 991 τῶν
1719 937 1966 1011 θορύϐων

351 1022 624 1094 ἀφορμὰς
641 1023 1042 1097 ἀποκείρεσθαι
1065 1027 1170 1098 χρὴ
1193 1027 1283 1083 διὰ
1310 1028 1413 1101 τῆς
1444 1029 1660 1102 νήψεως
1688 1031 1789 1102 τῆς
1812 1031 1965 1104 ὑμῶν

349 1113 667 1186 ὁσιότητος,
726 1116 868 1190 ὅπερ
915 1119 1251 1192 ἐνομίσαμεν
1284 1117 1426 1178 εἶναι
1453 1118 1650 1190 ’καλὸν,
1681 1124 1840 1179 τοῦτο
1870 1126 1965 1182 καὶ

347 1205 749 1276 γεγράφαμεν.
777 1205 876 1260 ‘Av
905 1209 1088 1265 τοίνυν
1133 1211 1280 1276 τινες
1316 1212 1352 1284 ἢ
1389 1212 1688 1286 κληρικῶν,
1726 1213 1760 1286 ἢ
1798 1230 1965 1286 μονα-

347 1295 522 1360 στῶν,
569 1295 922 1363 ὲγκαλῶνται
970 1299 1124 1370 παρά
1157 1317 1344 1366 τινων,
1403 1303 1480 1368 ὡς
1524 1306 1964 1376 κοινωνήσαντες

345 1383 453 1453 μὲν
485 1386 554 1456 τῇ
610 1386 939 1459 Ἐκκλησία,
980 1389 1308 1460 φρονοῦντες
1341 1391 1399 1446 δὲ
1433 1394 1530 1448 καὶ
1562 1395 1645 1459 εἰς
1695 1395 1861 1467 δεῦρο
1893 1395 1963 1451 τὰ

341 1473 441 1527 τοῦ
474 1475 786 1541 δυσσεϐοῦς
816 1479 1134 1551 Νεστορίου,
1164 1482 1479 1554 προκείσθω
1519 1484 1732 1550 τούτοις
1759 1486 1962 1558 ἀκρόα-

344 1583 434 1631 σις
467 1569 533 1620 ὲν
567 1570 698 1632 ταῖς
740 1569 1096 1642 Ἐκκλησίαις
1126 1572 1350 1642 μᾶλλον,
1380 1575 1477 1628 καὶ
1514 1576 1648 1647 παρ’
1677 1577 1808 1647 ὑμῖν
1846 1579 1961 1642 τοῖς

345 1659 634 1714 ίθύνουσιν
662 1661 861 1727 αὑτὰς,
902 1664 998 1717 καὶ
1043 1663 1274 1737 ζήτησις
1317 1667 1556 1740 ἀκριϐὴς
1590 1669 1701 1724 τῶν
1722 1671 1958 1742 λεγομέ-

340 1768 475 1805 νων.
509 1751 682 1817 Είκὸς
720 1752 856 1826 γὰρ,
878 1754 1285 1825 τοὺςὲγκαλεῖν
1310 1757 1613 1826 ἐθέλοντας,
1643 1760 1720 1824 ὠς
1745 1761 1961 1828 οὐδενὸς

339 1844 689 1916 ἀνεχομένου
739 1847 871 1910 τοὺς
923 1850 1057 1919 παρ’
1091 1848 1271 1904 αὐτῶν
1329 1852 1695 1924 προσίεσθαικ
1739 1853 1954 1924 λόγους,

2067 670 2342 742 ejusmodi
2384 674 2554 731 rebus
2585 675 2896 746 prosiliant.
2931 675 3098 743 Quod"
3119 676 3164 731 si
3207 692 3316 747 qua
3352 677 3655 732 necessitas

2066 763 2329 833 coegerit,
2352 780 2420 821 eo
2440 765 2588 836 quod
2615 766 2784 838 aliqui
2812 767 2867 822 in
2891 767 3167 840 mysteriis
3190 767 3315 823 fidei
3341 766 3652 824 instruendi

2065 853 2197 921 sint,
2241 858 2394 914 nullo
2435 858 2601 915 modo
2644 859 2713 917 de
2744 859 2850 916 fide
2896 876 3205 918 sermonem
3249 874 3281 916 a
3325 860 3656 916 rectitudine

2065 941 2192 999 ﬁdei
2222 945 2515 1003 deﬂectere
2549 948 2751 1005 sinant.
2777 949 2916 1017 Quia
2937 965 3071 1005 vero
3101 950 3386 1005 turbarum
3412 950 3656 1005 occasio-

2065 1051 2165 1093 nes
2194 1055 2294 1109 per
2338 1042 2646 1099 sanctitatis
2676 1053 2873 1100 vestrae
2912 1045 3250 1116 vigilantiam
3293 1045 3654 1116 praecidendae

2063 1137 2213 1196 sunt,
2241 1138 2533 1202 propterea
2558 1150 2680 1205 quae
2711 1134 2766 1190 in
2812 1152 2929 1190 rem
2961 1136 3079 1192 fore
3121 1137 3504 1201 ccnscbamus,
3537 1137 3656 1192 haec

2061 1222 2506 1292 perscripsimus.
2545 1223 2603 1281 Si
2655 1225 2860 1297 quibus
2906 1242 3038 1298 ergo
3081 1226 3299 1283 clericis
3329 1227 3414 1282 vel
3460 1242 3653 1282 mona-

2061 1311 2183 1368 chis
2207 1327 2238 1368 a
2260 1315 2543 1372 nonnullis
2565 1317 2859 1390 objiciatur
2880 1318 3050 1389 quod,
3075 1334 3201 1374 cum
3225 1317 3485 1374 Ecclesiae
3506 1332 3648 1373 com-

2061 1394 2488 1474 municaverint,
2523 1425 2649 1465 cum
2691 1411 2862 1482 impio
2906 1411 3162 1468 Nestorio
3196 1411 3492 1482 hucusque
3524 1427 3654 1466 sen-

2061 1495 2222 1563 tiant,
2264 1498 2352 1554 his
2383 1499 2440 1556 in
2477 1499 2739 1558 Ecclesiis
2761 1504 2946 1574 potius
2984 1502 3264 1559 audientia
3290 1509 3652 1574 proponatur,

2058 1595 2116 1642 et
2144 1588 2291 1659 apud
2315 1605 2433 1656 vos,
2459 1590 2554 1661 qui
2588 1591 2710 1648 illas
2735 1592 2957 1663 regitis;
2986 1608 3290 1663 eorumque
3317 1591 3463 1648 dicta
3487 1605 3653 1645 accu-

2059 1689 2178 1735 rate
2204 1681 2611 1739 examinentur.
2652 1683 2790 1738 Nam
2815 1683 3113 1739 verisimile
3136 1690 3222 1738 est
3264 1696 3361 1736 eos
3392 1680 3487 1751 qui
3513 1679 3660 1735 tales

2056 1784 2319 1828 accusare
2348 1773 2564 1841 volunt,
2591 1775 2748 1846 quasi
2780 1791 2945 1831 nemo
2973 1789 3255 1830 sermones
3298 1772 3520 1828 illorum
3553 1770 3652 1825 ad-

2057 1863 2278 1920 mittere
2321 1866 2611 1932 sustineat,
2657 1865 2804 1938 apud
2839 1882 2950 1922 non
2982 1865 3356 1922 ecclesiastica
3397 1861 3653 1917 tribuna-

340 1935 460 1998 τοῖς
491 1934 602 2002 ἔξω
629 1935 1009 2009 δικαστηρίοις
1042 1923 1420 2012 παρενοχλεῖν.
1468 1941 1658 2013 Πολλῷ
1705 1943 1762 1998 δὲ
1792 1923 1956 2015 ἄμει-

2058 1955 2136 2010 lia
2165 1958 2510 2015 tumultuari.
2553 1923 2653 2016 Est
2692 1923 2883 2014 autem
2922 1958 3097 2016 multo
3137 1957 3334 2012 melius
3371 1955 3663 2024 multoque

349 2042 448 2079 νον
483 2027 582 2080 καὶ
615 2027 979 2100 δικαιότερον,
1012 2029 1116 2094 τὰς
1168 2032 1638 2104 ἐκκλησιαστικὰς
1696 2033 1957 2108 ζητήσεις

365 2113 430 2166 εν
466 2119 590 2181 ταῖς
627 2119 984 2193 Ἑκκλησίαις
1029 2124 1320 2194 κινεῖσθαι,
1353 2124 1450 2180 καὶ
1486 2126 1816 2194 τυποῦσθαι,
1855 2129 1955 2183 καὶ

381 2209 464 2280 μὴ
509 2212 640 2282 παρ’
662 2214 850 2286 ἑτέροις
908 2215 1089 2271 τισίνο
1128 2212 1211 2281 οἷς
1240 2217 1308 2272 ἂν
1358 2220 1446 2290 εῐη
1489 2219 1586 2274 καὶ
1611 2219 1958 2293 ἀνάρμοστος

373 2302 658 2367 παντελῶς
699 2307 730 2375 ἡ
780 2306 876 2360 ἐπὶ
918 2306 1136 2373 τούτοις
1176 2308 1358 2366 δίαιτα
1373 2311 1425 2366 ιι.
1486 2312 1763 2383 Πρόσειπε
1795 2311 1818 2352 i'
1855 2311 1957 2384 τὴν

363 2393 521 2463 παρὰ
550 2395 633 2448 σοι
659 2395 1024 2472 ἀδελφότητα.
1079 2399 1289 2475 ’Υμᾶςι
1329 2403 1364 2476 ἠ
1393 2403 1492 2459 σῦν
1520 2405 1654 2477 ἡμῖν
1682 2405 1740 2461 ὲν
1761 2404 1956 2476 Κυρίῳ

351 2487 771 2558 προσαγορεύει.

2055 2048 2280 2121 iustius,
2326 2051 2729 2109 ecclesiasticas
2768 2052 3103 2123 quaestiones
3143 2050 3199 2105 in
3241 2047 3501 2104 Ecclesiis
3533 2046 3648 2117 agi-

2057 2143 2166 2198 tari
2204 2159 2269 2199 ac
2304 2143 2546 2213 deﬁniri,
2573 2162 2739 2218 quam
2770 2147 2916 2217 apud
2947 2146 3084 2200 alios
3099 2135 3310 2215 quibus
3339 2140 3511 2198 etiam
3539 2139 3645 2193 hu-

2048 2231 2291 2304 jusmodi
2321 2249 2614 2291 causarum
2637 2234 2907 2307 judicium
2937 2234 3349 2304 197'prorsus
3372 2243 3484 2284 non
3507 2242 3643 2282 con-

2051 2323 2226 2379 venit.
2253 2323 2499 2382 Salutate
2521 2325 2925 2381 fraternitatem
2965 2341 3088 2396 quae
3107 2323 3253 2394 apud
3272 2337 3371 2380 vos
3387 2327 3491 2378 cst.
3513 2319 3658 2388 Quae

2053 2413 2347 2472 nobiscum
2376 2423 2481 2485 est,
2514 2415 2572 2473 in
2597 2417 2831 2474 Domino
2853 2431 2953 2473 vos
2979 2415 3198 2473 salutat.

1696 2681 2032 2744 EPISTOLA
2068 2687 2284 2747 LXVIII
2298 2693 2336 2744 '.

1358 2812 1566 2855 CYRILLI
1590 2816 1656 2856 AD
1686 2815 1908 2859 ACACIUM
1944 2821 2339 2864 IIBLlTlNENSEM
2362 2818 2678 2867 EPISCDPUN.

330 2903 637 2962 Certiorem
683 2917 808 2961 eum
859 2905 988 2977 facit
1041 2906 1107 2963 de
1159 2909 1240 2964 his
1289 2925 1410 2980 qua:
1457 2911 1515 2966 in
1581 2914 1844 3040 supﬁriori
1890 2915 2145 3040 e‘pistola.
2170 2920 2240 2974 ad
2288 2919 2556 2976 Joannem
2607 2921 2995 2978 Antiochenam
3049 2920 3108 2976 in
3160 2933 3324 2974 causa
3387 2915 3644 2972 Theodori

1727 3000 1910 3040 omnes
1936 3001 2020 3040 em
2039 2998 2345 3040 scripserat.

1727 2998 2020 3055 opsuestem
2039 2998 2345 3061 scripserat.

390 3088 599 3144 Latere
618 3087 698 3160 (ί)
717 3097 866 3145 tuam
881 3105 994 3148 non
1011 3093 1618 3163 oportuitsanctitatem
1635 3111 1758 3168 quae
1771 3096 1959 3155 forsan
1984 3104 2029 3163 C
2061 3102 2214 3173 quia,
2232 3103 2278 3159 si
2315 3104 2772 3162 anathematizari
2793 3102 3090 3176 contigerit
3107 3102 3310 3174 scripta
3343 3100 3641 3168 Theodori,

337 3191 396 3238 et
434 3181 668 3248 didicit,
713 3183 867 3252 quod
911 3183 1171 3241 venerint
1205 3201 1401 3244 omnes
1443 3188 1692 3261 religiosi
1716 3189 1964 3247 Orientis

339 3277 592 3348 episcopi
640 3276 700 3332 in
721 3275 1098 3344 Antiochiam,
1135 3277 1409 3350 dirigente
1459 3281 1543 3337 eis
1585 3290 1798 3338 tomum
1836 3282 1961 3355 (do.

343 3371 523 3444 mino)
565 3386 700 3428 meo
740 3369 1095 3428 sanctissimo
1123 3370 1385 3443 episcopo
1409 3372 1607 3430 Proclo
1636 3373 1800 3430 bonis
1831 3388 1963 3430 sen-

344 3464 504 3521 sibus
537 3473 599 3522 et
642 3463 818 3520 rectis
857 3462 1214 3536 dogmatibus
1256 3465 1504 3535 plenum.
1551 3466 1685 3522 Erat
1723 3481 1965 3538 namque

342 3570 532 3611 sermo
575 3554 795 3610 multus
834 3561 896 3609 et
931 3554 1130 3624 longus
1177 3552 1247 3610 de
1286 3554 1702 3626 dispensatione
1732 3557 1953 3615 Domini

343 3647 525 3703 nostri
545 3647 683 3704 Jesu
700 3645 934 3703 Christi.
955 3646 1216 3704 Subdidit
1238 3646 1313 3721 (2)
1336 3662 1471 3704 vero
1487 3657 1546 3704 et
1558 3649 1824 3705 nonnulla
1861 3665 1958 3707 ca-

341 3739 525 3810 pitula
545 3753 617 3794 ex
648 3736 942 3793 codicibus
962 3745 1224 3809 excerpta
1270 3737 1576 3806 Theodori,
1630 3747 1689 3796 et
1718 3740 1960 3800 Nestorii

345 3831 508 3886 malis
536 3829 803 3886 sensibus
829 3830 1256 3888 convenientem
1286 3831 1553 3888 habentia
1574 3831 1956 3901 intellectum;

347 3935 408 3982 et
445 3926 712 3981 hortatus
759 3931 847 3980 est
900 3932 964 3980 ut
991 3923 1597 3981 anathematizarentur
1629 3924 1699 3981 ab
1720 3924 1822 3981 eis.
1849 3923 1959 3995 Ipsi

346 4034 482 4076 vero
528 4033 644 4076 non
685 4015 837 4088 passi
866 4024 1018 4074 sunt.
1045 4016 1256 4075 Deinde
1284 4016 1630 4088 scripserunt
1656 4015 1727 4072 ad
1757 4031 1846 4072 me
1879 4015 1959 4088 (ὅ)

2056 3197 2286 3254 omnino
2333 3214 2659 3269 percurrere
2701 3199 2844 3255 hanc
2886 3197 3158 3255 maculam
3201 3205 3260 3252 et
3301 3195 3370 3251 ad
3423 3204 3644 3250 sanctos

2054 3289 2248 3347 Patres
2261 3275 2500 3359 nostros,
2517 3291 2880 3348 Athanasium
2895 3305 3028 3346 vero
3043 3290 3188 3355 dico,
3209 3297 3266 3344 et
3285 3287 3567 3353 Basilium,
3588 3295 3646 3341 et

2055 3380 2404 3454 Gregorium,
2429 3393 2486 3442 et
2518 3384 2909 3456 Theophilum,
2951 3391 3010 3440 et
3041 3391 3287 3440 caeteros.
3340 3401 3358 3434 ι
3393 3381 3643 3451 Scripse-

2057 3481 2190 3533 runt
2227 3475 2398 3541 enim,
2449 3475 2729 3546 inquiunt,
2781 3485 2840 3533 et
2894 3474 3000 3547 ipsi
3046 3473 3297 3546 quaedam
3347 3471 3643 3528 Theodoro

2059 3580 2323 3623 consona.
2359 3586 2378 3621 ι
2412 3567 2548 3624 Erat
2570 3567 2944 3625 necessarium
2970 3567 3236 3633 scribere,
3269 3572 3327 3622 et
3355 3580 3467 3621 non
3501 3579 3643 3635 qua-

2054 3659 2373 3732 liacunque,
2401 3663 2471 3724 ad
2494 3675 2592 3718 eos
2616 3678 2632 3722 :
2653 3675 2777 3732 quae
2796 3667 2854 3717 et
2883 3666 3013 3715 nota
3036 3665 3144 3715 tua:
3169 3657 3334 3714 faciet
3361 3655 3641 3713 sanctitati

2055 3751 2539 3810 reverentissimus
2585 3752 2875 3825 presbyter
2917 3751 3110 3808 Daniel
3153 3749 3250 3822 qui
3311 3747 3640 3807 Alexandria

2055 3843 2276 3916 navigat
2311 3844 2597 3914 advenire,
2630 3854 2687 3904 et
2725 3861 2824 3919 per
2861 3844 3077 3919 singula
3111 3844 3324 3915 integre
3369 3841 3524 3899 novit
3573 3855 3638 3899 ea

2055 3947 2178 4004 qua:
2202 3942 2350 3999 mota
2375 3945 2524 3992 sunt.

1567 4195 1907 4256 EPISTOLA
1944 4198 2114 4260 LXIX
2151 4202 2249 4275 (οι.
2289 4200 2423 4271 ιιι).

1830 4334 1900 4374 ΔΙ)
1937 4334 2176 4376 ευιιυειι.

351 4425 795 4484 Adversariorum
815 4423 943 4494 ﬁdei
980 4423 1158 4481 malas
1191 4432 1333 4481 artes
1358 4425 1552 4482 Acacio
1589 4427 1785 4499 iterum
1828 4444 2023 4499 magno
2057 4445 2176 4484 eum
2218 4429 2386 4482 animi
2411 4426 2592 4482 dolore
2641 4424 2927 4499 signiﬁcat,
2975 4423 3176 4480 addens
3220 4423 3346 4496 quid
3383 4423 3494 4495 ipse
3537 4440 3633 4492 pro

1418 4499 1432 4514 ‘
1617 4497 2180 4569 defensione'veritatis
2209 4499 2393 4570 egerit.

429 4613 490 4671 '0
519 4612 930 4679 εὐλαϐέστατος
967 4612 1068 4667 καὶ
1110 4611 1528 4683 θεοφιλέστατος
1567 4613 1819 4680 διάκονος
1848 4613 1946 4669 καὶ

2120 4611 2638 4670 Reverendissimus
2687 4621 2744 4668 et
2783 4609 3229 4685 religiosissimus
3263 4608 3528 4665 diaconus
3579 4618 3636 4664 ct

349 4709 801 4791 ἀρχιι.ι.‹ινδρίτης⁵
819 4705 1074 4779 Μάξιμος
1126 4706 1358 4778 ἀφίκετο
1392 4706 1530 4778 πρός
1558 4723 1658 4779 με·
1689 4709 1786 4763 καὶ
1814 4706 1945 4764 ὄντα

2051 4704 2486 4763 archimandrita
2526 4703 2796 4760 Maximus
2831 4703 2900 4760 ad
2930 4717 3016 4760 me
3061 4703 3333 4776 pervenit,
3367 4709 3424 4759 et
3465 4700 3629 4757 taiem

1467 4829 1646 4888 Varia
1663 4831 1932 4891 lectiones
1952 4830 2162 4890 codicis
2192 4828 2558 4902 Seguieriani.

415 4930 443 4970 ε
472 4918 794 4993 προΐεσθαι.
875 4919 907 4962 ιι
933 4917 1066 4991 περὶ
1098 4916 1305 4977 τούτων
1327 4920 1527 4978 δίαιτα.
1613 4925 1629 4965 ί
1667 4924 2024 4995 προσείπατε.
2107 4934 2123 4976 ι
2164 4922 2314 4992 ὑμῖν.

1896 5034 2126 5094 NOTAE.

417 5124 497 5197 (ι)
543 5122 943 5197 Latere._llaec
988 5123 1228 5197 epistola
1272 5124 1510 5197 habetur
1551 5126 1607 5181 in
1652 5127 1951 5184 collatione

346 5193 546 5269 quinta
567 5193 1004 5269 concilii_qui_nti
1032 5193 1180 5269 et_in
1201 5194 1437 5269 epistola
1465 5198 1627 5252 tertia
1649 5197 1852 5269 Pelagii
1880 5197 1946 5269 Il,

345 5263 410 5320 ad
448 5267 754 5349 episcopos
797 5263 1121 5349 Is‘t‘riae,‘sed
1153 5279 1222 5349 ex
1236 5263 1369 5349 alia
1385 5263 1860 5349 interpretatione.
1887 5268 1947 5323 In

344 5333 588 5408 concilio
606 5333 801 5408 autem
826 5334 922 5389 illo
943 5333 1269 5408 adnotatum
1289 5345 1391 5408 est
1402 5333 1655 5408 eamdem
1684 5338 1948 5408 scriptam

342 5421 466 5488 esse
493 5405 569 5488 ad
603 5403 959 5488 Theodotum
997 5404 1224 5477 Ancyrae
1253 5414 1310 5461 et
1328 5405 1396 5460 ad
1421 5406 1665 5462 Firmum
1685 5403 1948 5464 Caesareae

342 5475 733 5604 Cappadociae.
990 5527 998 5534 .
1121 5475 1131 5477 ἡ

393 5617 410 5627 _
425 5547 497 5627 f2)
521 5545 787 5627 Subdidit.
813 5545 1082 5627 Haeconon
1096 5546 1394 5627 exstabant
1412 5547 1467 5602 in
1486 5548 1730 5627 epistola
1759 5549 1942 5605 Procli

345 5615 434 5672 ad
453 5618 774 5683 Armenios,
802 5615 901 5672 sed
946 5616 1004 5669 in
1033 5616 1208 5672 altero
1244 5625 1412 5682 tomo,
1437 5625 1499 5672 ut
1522 5615 1684 5674 docet
1702 5619 1941 5676 Joannes

344 5696 402 5760 et
430 5687 680 5760 synodus
709 5686 1059 5760 Antiochena
1083 5687 1138 5740 in
1159 5687 1392 5760 epistola
1417 5688 1485 5743 ad
1508 5687 1775 5760 Cyrillum
1795 5691 1940 5760 apud

348 5757 672 5814 Facundum
711 5757 812 5814 lib.
858 5771 976 5822 wn,
1030 5771 1148 5826 cap.
1190 5757 1438 5814 AzAltcr
1475 5757 1646 5815 tonius
1698 5757 1942 5831 excerpta

422 5904 436 5920 ⁹
466 5903 537 5953 Ex
571 5903 819 5965 Synodico
841 5901 952 5952 adv.
983 5904 1108 5965 trag.
1164 5899 1366 5963 Ircnwi,
1392 5916 1498 5964 cap.
1527 5903 1640 5953 212.

2049 5128 2296 5202 quaedam
2337 5127 2531 5183 habens
2565 5126 2704 5182 beati
2739 5121 3150 5202 Theodoritqai-
3173 5119 3271 5201 [ait
3302 5115 3633 5202 Mopsuestia:

2050 5189 2344 5269 épiswpus,
2387 5209 2436 5252 et
2484 5214 2547 5252 ea
2578 5213 2697 5268 quw
2731 5194 2825 5269 ille
2848 5189 3073 5269 diuersis
3093 5189 3239 5269 libris
3263 5189 3532 5269 scripsisse
3552 5189 3629 5240 vi-

2047 5258 2476 5335 d'eturfvolentes
2494 5269 2567 5322 eis
2590 5258 2876 5337 anathema
2893 5263 3110 5337 inferre.
3142 5258 3411 5337 Excerpta
3443 5263 3626 5337 autem

2047 5339 2143 5394 illa
2193 5326 2304 5394 non
2341 5338 2563 5395 fuerant
2591 5337 2734 5393 facta
2775 5351 2804 5390 a
2843 5326 3059 5408 Proeto,
3088 5326 3296 5408 sedmab
3327 5326 3629 5408 Armeniis,

2044 5423 2222 5480 eaque
2263 5409 2427 5465 simul
2475 5422 2601 5463 cum
2634 5416 2782 5463 torno
2801 5421 2902 5460 suo
2941 5401 3164 5457 miserat
3189 5397 3438 5464 Proclus,
3468 5407 3528 5452 ut
3555 5397 3629 5454 ait

2044 5478 2358 5535 Liberatus.

2124 5550 2201 5620 (5)
2244 5549 2585 5620 Scripserunt
2626 5545 2838 5620 ad_me.
2876 5542 3199 5620 ‘Co_nc_i_l_ium
3225 5537 3630 5620 Antiochenum

2049 5609 2253 5674 ibidem
2288 5638 2300 5674 :
2339 5609 2613 5688 Exeat-ptis
2633 5617 2771 5669 enim
2799 5615 2915 5688 istis
2931 5613 3130 5688 similia
3159 5612 3399 5688 quaedam
3424 5609 3627 5688 inveni-

2050 5706 2164 5745 mus
2187 5691 2331 5761 apud
2363 5683 2674 5761 ter‘béatam
2696 5694 2746 5761 et
2773 5683 2998 5761 {labilem
3016 5683 3386 5761 Athanasium,
3413 5687 3630 5761 τιον-ιιι

2048 5761 2106 5818 in
2135 5749 2370 5819 concilio
2409 5757 2553 5830 apud
2586 5755 2933 5814 Antiochiam
2983 5750 3260 5809 celebrato
3310 5763 3454 5806 anno
3502 5749 3626 5804 445.
