4048 6452
391 410 496 468 539

1421 410 1478 465 S.
1520 407 1796 464 CYRILLI
1837 405 2312 463 ALEXANDRINI
2350 404 2670 461 ARCIIIEP.

3557 398 3668 456 3-50

388 526 570 579 virum
599 522 806 595 aspexi,
840 522 983 579 sicut
1005 523 1294 594 oportebat
1329 525 1383 581 in
1412 526 1575 598 longo
1607 536 1855 600 tempore
1887 527 1981 584 de-

2087 526 2337 581 τοιοῦτον
2385 528 2480 582 τὸν
2518 523 2693 596 ἄνδρα
2719 521 3013 593 τεθέαμαι,
3064 519 3257 590 ὥσπερ
3293 512 3361 590 ἦν
3391 516 3538 582 είκδς
3574 517 3674 572 τὸν

323 633 338 637 -
387 613 721 669 sidcrantem
767 614 977 670 videre.
1010 614 1134 671 Vidi
1162 631 1294 672 vero
1338 618 1518 672 zelum
1550 619 1672 690 ejus
1707 628 1764 674 et
1808 620 1975 675 recti-

390 706 660 771 tudinem,
711 715 768 762 et
820 707 1105 763 stimulum
1158 709 1381 779 pietatis
1410 725 1576 781 quam
1629 710 1868 766 habebat
1919 711 1976 765 in

387 797 627 853 Christo.
665 797 1037 854 Contristatur
1061 815 1194 855 vero
1225 801 1320 866 ita,
1340 810 1398 855 et
1440 803 1664 872 plenum
1705 802 1975 858 sollicitu-

387 889 535 944 dinis
570 890 817 945 animum
852 891 1042 957 habet,
1083 901 1144 946 ut
1177 901 1232 947 et
1261 908 1480 948 omnem
1499 893 1747 948 laborem
1788 893 1976 948 subire

388 981 540 1047 velit,
565 991 841 1052 quatenus
860 984 1099 1040 Nestorii
1127 985 1412 1056 perﬁdiam
1447 1002 1480 1041 a
1507 986 1762 1042 Patribus
1785 984 1978 1041 Orien-

389 1073 460 1127 tis
497 1073 763 1130 radicitus
812 1075 1092 1146 perderet.
1135 1076 1348 1148 Perlegi
1385 1093 1520 1133 vero
1547 1078 1834 1149 epistolam
1869 1086 1980 1133 tua:

388 1163 720 1231 sanctitatis,
746 1167 1005 1237 scriptam
1031 1167 1099 1222 ad
1133 1167 1603 1239 religiosissimum
1632 1177 1688 1224 et
1714 1184 1976 1224 reveren-

388 1256 678 1312 dissimum
706 1259 1025 1330 episcopum
1058 1260 1362 1316 Antiochia:
1392 1261 1682 1329 Joannem,
1728 1261 1977 1332 plurimae

389 1347 609 1416 plenam
661 1350 1008 1407 conﬁdentia:
1046 1353 1209 1406 simul
1259 1363 1316 1408 et
1358 1355 1564 1409 amoris
1609 1355 1728 1410 Dei.
1771 1355 1976 1426 Scripsi

389 1449 572 1495 autem
589 1450 653 1506 et
689 1458 790 1512 ego
816 1443 950 1497 tales
971 1443 1229 1512 epistolas
1256 1443 1323 1499 ad
1349 1445 1549 1514 ipsum,
1577 1445 1699 1512 sed,
1731 1457 1791 1502 ut
1819 1446 1975 1501 vide-

391 1539 503 1598 tur,
525 1535 714 1604 pejora
733 1534 983 1589 vincunt.
1006 1534 1393 1607 Conﬁngentes
1412 1537 1562 1592 enim
1589 1554 1710 1609 quae
1735 1539 1976 1596 Nestorii

389 1633 521 1678 sunt
545 1625 753 1692 odisse,
784 1627 893 1683 alio
924 1628 1125 1684 iterum
1155 1644 1220 1684 ea
1248 1629 1610 1686 introducunt
1643 1631 1827 1698 modo,
1854 1647 1977 1702 quae

390 1716 670 1772 Theodori
692 1727 820 1772 sunt
848 1719 1208 1786 admirantes,
1229 1729 1286 1776 et
1309 1727 1458 1776 certe
1481 1722 1770 1792 aequalem,
1804 1723 1977 1794 magis

387 1822 521 1863 vero
548 1809 723 1864 multo
774 1811 1018 1881 peiorem
1055 1811 1314 1867 morbum
1348 1812 1650 1882 impietatis
1692 1814 1974 1874 habentia.

2085 617 2268 690 πολλῷ
2313 619 2492 691 χρόνῳ
2539 617 2811 672 ποθοῦντα
2847 615 2994 668 ἰδεῖν.
3041 613 3320 684 Τεθέαμαι
3364 611 3423 664 δὲ
3475 610 3567 664 τόν
3607 625 3673 663 τε

2085 709 2250 779 ζῆλον
2283 710 2450 764 αὑτοῦ
2479 711 2575 765 καὶ
2621 710 2724 781 τὴν
2749 707 3040 780 ὀρθότητα,
3069 705 3165 760 καὶ
3197 704 3298 775 τῆς
3329 705 3411 767 εἰς
3432 701 3676 774 Χριστὸν

2085 799 2368 864 εὐσεϐείας
2400 799 2460 853 τὸ
2491 799 2736 871 κέντρον.
2775 796 2952 851 Ἀλύει
2987 796 3098 867 γὰρ
3141 793 3306 860 οὕτω,
3339 791 3435 847 καὶ
3471 789 3677 863 μεστὸν

2085 889 2200 961 ἔχει
2251 890 2551 962 φροντίδων
2597 889 2690 942 τὸν
2738 889 2890 952 νοῦν,
2936 887 3077 941 ὥστε
3130 885 3226 940 καὶ
3271 884 3451 939 πάντα
3507 883 3680 936 πόνον

2085 981 2342 1035 ὑπελθεῖν
2373 980 2662 1051 ἀνέχεσθαι
2688 980 2831 1052 ὑπὲρ
2860 979 2955 1034 τοῦ
2993 979 3094 1050 τὴν
3117 976 3417 1047 Νεστορίω
3445 974 3682 1028 κακοδο-

2085 1071 2209 1138 ξίαν
2245 1070 2546 1143 πρόρριζον
2577 1071 2641 1124 ἐκ
2664 1070 2776 1124 τῶν
2812 1070 2914 1142 τῆς
2940 1067 3080 1139 ἐῲας
3120 1065 3420 1121 ἀπολέσθαι
3461 1063 3676 1136 μερῶν.

2095 1162 2417 1232 ’Υπανέγνω
2451 1163 2508 1217 δέ
2541 1181 2636 1235 μοι
2671 1162 2769 1217 καὶ
2796 1162 2895 1234 τῆς
2922 1161 3022 1232 σῆς
3064 1159 3344 1230 ὁσιότητος
3382 1154 3682 1227 ἐπιστολὴν

2083 1257 2394 1326 γραφεῖσαν
2429 1255 2568 1328 πρὸς
2613 1254 2704 1308 τὸν
2761 1252 3180 1323 θεοφιλέστατον
3229 1249 3530 1304 ἐπίσκοπον
3570 1247 3679 1319 τῆς

2097 1345 2416 1416 Ἀντιοχέων
2457 1343 2733 1414 Ἰωάννην,
2781 1341 2985 1412 πολλῆς
3030 1339 3310 1412 γέμουσαν
3351 1335 3678 1408 παρρησίας

2083 1437 2224 1510 δμοῦ
2269 1439 2367 1493 καὶ
2397 1437 2696 1508 φιλοθεῒας.
2739 1435 3002 1506 Γέγραφα
3042 1433 3101 1488 δέ
3132 1433 3229 1486 καὶ
3261 1430 3376 1501 ἐγὼ
3410 1428 3673 1491 τοιαύτας

2083 1531 2378 1596 ἐπιστολὰς
2407 1530 2545 1604 πρὸς
2561 1530 2727 1584 αὐτόν
2744 1543 2760 1560 ⁶
2779 1528 2919 1593 ἀλλ’,
2941 1527 3017 1592 ὼς
3043 1525 3213 1594 ἔοικε,
3229 1525 3298 1579 τά
3321 1523 3490 1596 χείρω
3511 1521 3664 1593 νικᾷ.

2096 1623 2599 1696 Ὑποπλαττόμενοι
2638 1621 2748 1694 γὰρ
2773 1621 2842 1676 τά
2888 1619 3189 1691 Νεστορίου
3240 1617 3443 1688 μισεῖν,
3493 1613 3674 1684 ἑτέρῳ

2083 1717 2248 1773 πάλιν
2282 1715 2426 1774 αὒτά
2451 1713 2819 1788 συγκροτοῦσι
2863 1710 3073 1784 τρόπῳ,
3103 1710 3175 1764 τὰ
3220 1704 3501 1779 Θεοδώρου
3535 1705 3678 1763 θαυ-

2088 1808 2376 1881 μάζοντες,
2399 1806 2586 1862 ικαίτοι
2615 1804 2716 1877 τὴν
2755 1803 2900 1875 ῑσην,
2937 1801 3137 1874 μᾶλλον
3166 1798 3225 1852 δὲ
3248 1796 3432 1867 πολλῷ
3453 1795 3684 1866 χείρονα

387 1898 500 1954 Nec
521 1899 669 1954 enim
684 1900 1006 1959 Theodorus
1024 1904 1262 1960 Nestorii
1286 1903 1392 1960 fuit
1409 1903 1736 1976 discipulus,
1763 1907 1859 1963 sed
1881 1908 1981 1964 iste

2086 1900 2348 1956 νοσοῦντα
2388 1897 2732 1953 δυσσέϐειαν.
2771 1896 2848 1951 Ού
2893 1894 3004 1966 γάρ
3047 1893 3321 1964 Θεόδωρος
3371 1887 3682 1958 Νεστορίου

386 1989 574 2047 illius:
605 2000 661 2047 et
686 1994 837 2049 velut
864 2011 931 2050 ex
948 2012 1060 2052 uno
1082 1997 1388 2068 loquuntur
1403 2013 1522 2064 ore,
1547 2007 1604 2054 et
1623 2015 1793 2054 unum
1825 2001 1980 2056 mala:

387 2081 654 2139 doctrinae
675 2100 743 2140 ex
772 2102 874 2141 suo
903 2089 1069 2144 corde
1099 2099 1362 2145 evomunt
1394 2107 1692 2147 venenum.
1729 2092 1980 2164 Scripse-

387 2182 520 2228 runt
551 2191 682 2247 ergo
721 2177 788 2232 ad
821 2194 908 2233 me
943 2179 1272 2250 Orientales,
1305 2183 1454 2254 quod
1479 2199 1588 2238 non
1612 2194 1833 2256 oportet
1859 2201 1983 2256 qua:

386 2264 669 2323 Theodori
711 2277 840 2326 sunt
878 2274 1151 2342 accusari,
1189 2291 1284 2342 ne,
1314 2276 1458 2331 sicut
1491 2275 1705 2342 dicunt,
1744 2285 1802 2332 et
1834 2276 1983 2333 beati

384 2355 697 2425 Athanasii,
722 2370 779 2417 et
813 2361 1130 2433 TheOphili,
1159 2373 1216 2420 et
1236 2365 1448 2430 Basilii,
1471 2373 1528 2420 ct
1554 2365 1807 2438 Gregorii
1835 2367 1982 2423 dicta

385 2461 723 2506 accusentur
749 2471 767 2506 ε·
792 2469 915 2524 quae
947 2457 1097 2511 enim
1136 2457 1357 2513 loeutus
1383 2465 1469 2513 est
1508 2458 1856 2525 Theodorus,
1886 2472 1983 2516 ea-

385 2539 512 2595 dem
542 2550 599 2596 et
630 2540 730 2596 illi.
759 2543 873 2615 Ego
899 2561 1032 2600 vero
1071 2546 1380 2602 scribentes
1414 2547 1518 2601 ista
1567 2563 1678 2603 non
1719 2549 1982 2617 sustinui,

384 2632 485 2687 sed
513 2632 843 2690 ﬁducial‘itcr
865 2635 1000 2701 dixi,
1032 2637 1180 2708 quod
1216 2638 1544 2694 Theodorus
1571 2639 1798 2710 quidem
1833 2641 1984 2698 blas-

385 2725 643 2794 phemam
671 2726 866 2782 habuit
893 2728 1160 2799 linguam,
1193 2740 1250 2786 et
1280 2730 1553 2785 calamum
1576 2732 1983 2789 ministrantem

385 2814 440 2868 ei
486 2815 604 2869 :illi
642 2823 827 2871 autem
863 2817 1090 2873 luerunt
1133 2819 1672 2887 totius,orthodoxize
1705 2822 1982 2892 doctores,

386 2915 445 2962 et
463 2905 868 2976 splenduerunt
891 2908 946 2963 in
974 2925 1060 2966 ea.
1088 2911 1495 2968 Persuaserunt
1519 2930 1654 2970 vero
1681 2915 1755 2971 ita
1784 2916 1982 2974 Orien-

388 2998 612 3065 talibus,
641 3006 701 3053 ut
745 3001 1175 3061 exclamationes
1222 3003 1420 3060 ﬁerent
1460 3005 1516 3061 in
1539 3009 1791 3066 ecclesiis
1816 3027 1846 3065 a
1882 3026 1984 3080 po-

386 3093 537 3163 pulis
570 3110 583 3147 :
611 3091 837 3149 Crescat
883 3094 1020 3152 ﬁdes
1054 3096 1370 3165 Theodori;
1399 3098 1480 3154 sic
1506 3101 1808 3170 credimus,
1839 3103 1985 3160 sicut

389 3185 722 3241 Theodorus
756 3202 918 3243 :cum
938 3204 1066 3244 eum
1101 3190 1401 3261 aliquando
1428 3193 1768 3264 lapidassent
1799 3195 1854 3250 in
1883 3212 1982 3252 sua

2080 1994 2276 2063 γέγονε
2297 1991 2571 2064 μαθητὴς,
2586 1989 2701 2045 ἀλλ’
2724 1983 2878 2052 οὗτος
2893 1986 3130 2050 ἐκείνου,
3146 1983 3239 2038 καὶ
3261 1982 3321 2049 ἐξ
3345 1981 3463 2046 ἐνὸς
3481 1979 3680 2051 ὥσπερ

2081 2085 2307 2141 λαλοῦσι
2343 2083 2637 2156 στόματος,
2673 2081 2774 2138 ἐνα
2805 2098 2867 2135 τε
2898 2079 2992 2134 τὸν
3022 2077 3122 2149 τῆς
3144 2074 3466 2142 κακοδοξίας
3485 2075 3551 2128 ἐκ
3574 2073 3683 2142 τῆς

2083 2178 2296 2235 ἑαυτῶν
2335 2177 2567 2250 καρδίας
2609 2173 2985 2230 ἀναπτύουσιν
3021 2171 3119 2226 ίόν.
3173 2167 3494 2242 Γεγράφασι
3539 2163 3682 2258 γοῦν
3749 2243 3770 2258 κ

2083 2271 2222 2344 πρός
2255 2287 2323 2341 με
2351 2270 2401 2323 οί
2425 2270 2489 2324 ἐκ
2517 2268 2620 2339 τῆς
2651 2265 2942 2336 ἀνατολῆς,
2963 2264 3047 2320 ὅτι
3075 2263 3134 2317 οὐ
3165 2260 3273 2334 χρὴ
3304 2259 3376 2315 τὰ
3393 2257 3682 2327 θεοδώρου

2083 2362 2499 2419 διαϐάλλεσθαν
2537 2361 2628 2416 ἵνα
2656 2360 2752 2432 μὴ,
2802 2357 2957 2430 φασὶ,
2985 2356 3083 2412 καὶ⁹
3132 2355 3202 2409 τά
3249 2350 3348 2407 τοῦ
3400 2349 3681 2422 μακαρίου

2097 2453 2443 2519 Ἀθανασίου,
2466 2453 2560 2507 καὶ
2581 2449 2867 2520 Θεοφίλου,
2893 2448 2988 2502 καὶ
3011 2444 3318 2508 Βασιλείου,
3341 2441 3438 2496 καὶ
3463 2440 3680 2511 Γρηγο-

2087 2546 2206 2618 ρίου
2235 2544 2500 2616 διαϐληθῇ
2526 2559 2540 2574 ο
2575 2543 2612 2598 ἀ
2639 2541 2748 2614 γάρ
2792 2539 3023 2610 ἐλάλησε
3049 2537 3345 2607 Θεόδωρος,
3370 2531 3544 2587 ταῦτα
3572 2532 3684 2586 κά-

2085 2639 2276 2693 κεῖνοι.
2344 2635 2490 2705 Ἐγὼ
2527 2634 2586 2689 δὲ
2628 2633 2802 2689 ταῦτα
2835 2631 3164 2703 γραφόντων
3207 2628 3310 2682 οὐκ
3338 2625 3681 2697 ἠνεσχόμην,

2085 2731 2202 2788 ἀλλ’
2235 2728 2374 2800 ἔφην
2417 2729 2474 2782 ἐν
2501 2725 2810 2799 παρρησίᾳ,
2851 2723 2934 2778 δτι
2964 2721 3243 2792 Θεόδωρος
3271 2718 3369 2789 μὲν
3393 2715 3691 2786 δύσφημον

2086 2825 2214 2896 ἔσχε
2244 2823 2341 2878 καὶ
2365 2821 2642 2892 γλῶσσαν,
2669 2819 2767 2874 καὶ
2792 2817 3039 2887 κάλαμον
3070 2810 3449 2885 ὑπηρετοῦντα
3475 2807 3684 2880 ταύτῃ,

2085 2921 2135 2973 οἱ
2185 2917 2245 2972 δὲ
2277 2915 2574 2986 γεγόνασιν
2612 2909 2924 2983 ὀρθοδοξίας
2973 2907 3160 2978 πάσης
3204 2901 3531 2967 διδάσκαλοι,
3579 2901 3686 2954 καὶ

2087 3008 2392 3081 διέπρεψαν
2436 3008 2494 3061 ἐν
2522 3004 2756 3070 τούτοις.
2787 3001 3059 3072 Διέθηκαν
3093 2999 3150 3052 δὲ
3179 2997 3351 3059 οὕτως
3397 2995 3525 3058 τοὺς
3566 2991 3686 3048 ἀπὸ

2086 3104 2187 3176 τῆς
2217 3102 2504 3173 ἀνατολῆς,
2545 3098 2687 3154 ὥστε
2729 3095 2826 3150 καὶ
2857 3094 3144 3165 ἐκϐοήσεις
3171 3088 3429 3160 γενέσθαι
3476 3088 3536 3140 ἐν
3583 3086 3683 3140 ἐκο

2088 3194 2348 3266 κλησίαις
2388 3188 2541 3264 παρὰ
2571 3189 2684 3243 τῶν
2714 3187 2935 3258 δήμων’
2969 3184 3215 3250 Αὐξείτω
3243 3183 3278 3252 ή
3321 3180 3506 3244 πίστις
3546 3178 3683 3233 Θεο-

387 3277 623 3333 ecclesia
657 3293 852 3335 ausum
900 3281 1109 3353 aliquid
1151 3258 1408 3354 subloqui
1451 3258 1640 3341 breve.
1698 3285 1806 3343 Sed
1838 3288 1981 3343 sicut

2086 3258 2260 3357 δώρου
2280 3300 2294 3314 ’
2323 3258 2482 3338 οὕτω-
2501 3279 2836 3352 πιστεύομεν
2865 3277 2942 3343 ὡς
2982 3277 3293 3347 Θεόδωρος·
3320 3274 3489 3339 λίθοις
3514 3273 3686 3328 αὐτὸν

389 3369 587 3426 doctor
615 3372 755 3437 vult,
788 3373 869 3428 sic
895 3373 1042 3444 sapit
1064 3390 1218 3446 grex.
1251 3374 1370 3446 Ego
1391 3376 1617 3446 quidem
1644 3393 1750 3433 nec
1769 3382 1981 3434 cessavi

2087 3373 2344 3446 βαλόντες
2383 3370 2516 3426 ποτὲ
2552 3372 2612 3425 ἐν
2637 3372 2706 3442 τῇ
2749 3367 2882 3442 παρ’
2925 3367 3112 3430 αὐτοῖς
3157 3365 3445 3437 ἐκκλησίᾳ,
3477 3364 3690 3436 τολμή-

389 3459 684 3532 increpans
707 3478 776 3517 ea
787 3478 912 3533 qua:
927 3465 1292 3534 scripserunt,
1310 3482 1416 3523 nec
1438 3468 1694 3524 cessabo.
1711 3468 1981 3536 Quoniam

2088 3466 2260 3521 σαντά
2286 3483 2340 3519 τι
2375 3461 2870 3534 παραφθέγξασθαι
2914 3459 3114 3533 βραχύ.
3166 3457 3309 3513 Ἀλλ’
3359 3459 3436 3524 ὡς
3473 3460 3502 3513 ό
3532 3457 3690 3514 διδά-

387 3569 524 3608 vero
549 3555 843 3624 oportebat
862 3564 918 3610 et
947 3555 1108 3628 193
1126 3559 1592 3617 contradictiones
1613 3562 1846 3633 scriptas
1861 3579 1984 3619 esse

389 3645 538 3717 apud
563 3663 682 3712 eos,
713 3648 980 3718 inspectis
1002 3648 1282 3706 Theodori
1307 3659 1364 3707 et
1391 3654 1617 3711 Diodori
1637 3655 1819 3723 libris,
1843 3670 1984 3727 quos

390 3740 738 3810 scripserunt
764 3752 875 3796 non
902 3741 971 3798 de
1003 3743 1380 3801 incarnatione
1413 3747 1716 3818 Unigeniti,
1746 3748 1840 3804 sed
1869 3764 1987 3803 ma-

391 3832 476 3904 gis
519 3840 709 3887 contra
759 3832 1220 3904 incarnationem,
1276 3838 1436 3908 posui
1485 3839 1669 3910 aliqua
1716 3839 1987 3909 capitulo-

392 3940 540 3988 rum,
575 3934 768 3995 etquo
802 3927 956 3996 potui
1001 3928 1168 3985 modo
1212 3931 1523 3990 contradixi
1563 3933 1666 3997 eis,
1697 3932 1985 3988 declarans

393 4019 603 4090 ubique
637 4019 1069 4077 abominationis
1107 4023 1326 4093 plenam
1372 4040 1494 4081 esse
1531 4033 1738 4080 sectam
1767 4040 1983 4080 eorum.

391 4110 531 4168 Cum
560 4121 744 4166 autem
781 4129 869 4168 me
911 4113 1236 4169 adhortatus
1275 4124 1424 4170 esset
1473 4123 1814 4170 memoratus
1850 4115 1985 4170 reli-

393 4201 741 4272 giosissimus
767 4203 1034 4258 diaconus
1063 4211 1118 4258 et
1148 4203 1584 4260 archimandrita
1613 4203 1883 4260 Maximus
1924 4215 1986 4261 ut

393 4295 797 4365 interpretarer
843 4295 969 4351 ﬁdei
1019 4296 1341 4370 Symbolum
1392 4312 1424 4351 a
1469 4297 1674 4352 sanctis
1729 4298 1988 4354 Patribus

391 4385 591 4441 Nicma:
621 4388 970 4458 congregatis
1012 4389 1348 4460 expositum,
1382 4388 1450 4443 ad
1487 4388 1594 4444 hoc
1635 4406 1723 4445 me
1753 4391 1983 4446 contuli.

392 4474 642 4530 Aﬂirmat
669 4477 820 4532 enim
845 4488 1067 4534 versute
1095 4479 1366 4550 quosdam
1389 4480 1652 4536 simulare
1679 4481 1785 4536 hoc
1807 4491 1864 4538 et
1895 4482 1986 4537 di-

394 4582 546 4632 cere,
577 4577 634 4623 et
654 4568 834 4638 ipsum
857 4570 1036 4642 sequi,
1073 4586 1186 4625 non
1212 4579 1397 4627 tamen
1421 4572 1603 4628 adhuc
1622 4573 1985 4644 cogitationes

395 4665 575 4712 rectas
604 4659 828 4727 habere,
856 4663 966 4718 imo
987 4662 1172 4733 potius
1203 4678 1268 4718 ea
1283 4678 1406 4733 quae
1435 4671 1564 4718 sunt
1588 4674 1740 4719 recte
1761 4672 1819 4719 et
1851 4680 1986 4719 con-

395 4759 611 4807 stanter
635 4753 783 4809 dicta
827 4755 895 4810 ad
927 4755 983 4810 id
1015 4755 1163 4826 quod
1220 4756 1327 4811 sibi
1369 4757 1591 4812 videtur
1632 4756 1986 4826 detorquere.

2018 4615 2064 4670 D

2087 3559 2288 3623 σκαλος
2314 3557 2588 3629 βούλεται,
2612 3556 2758 3610 οῦτω
2781 3557 2972 3626 φρονεῖ
3000 3554 3063 3608 τὸ
3092 3553 3366 3625 ποίμνιον.
3407 3550 3554 3621 Ἔγὼ
3580 3552 3693 3622 μὲν

2084 3645 2180 3706 οὖν
2216 3649 2342 3705 οὔτε
2369 3651 2704 3722 ἐπαυσάμην
2735 3646 3010 3718 ἐπιτιμῶν
3035 3641 3120 3712 οἷς
3156 3645 3525 3718 γεγράφασιν,
3555 3642 3689 3698 οὔτε

2087 3742 2398 3815 παύσομαι.
2443 3742 2665 3813 Ἐπειδὴ
2696 3740 2754 3794 δέ
2783 3740 2952 3812 ἐχρῆν
2992 3741 3087 3793 καὶ
3127 3738 3440 3807 ἀντιλογίας
3471 3736 3687 3808 ἐγγρά-

2086 3853 2220 3906 φους
2254 3831 2396 3890 εἴναι
2419 3835 2550 3906 παρ’
2580 3833 2788 3897 αὐτοῖς,
2826 3831 3077 3902 ἐγκύψας
3105 3833 3220 3895 τοῖς
3255 3829 3541 3902 Θεοδώρου
3584 3831 3686 3884 καὶ

2087 3926 2354 3998 Διοδώρου
2381 3925 2634 3997 βιϐλίοις,
2670 3919 2753 3988 οἷς
2779 3923 3126 3996 γεγράφασιν
3145 3923 3205 3977 ού
3240 3923 3370 3994 περὶ
3399 3922 3504 3993 τῆς
3546 3939 3677 3992 σαρ-

2088 4017 2312 4082 κώσεως
2343 4017 2548 4090 μᾶλλον
2576 4016 2668 4071 τοῦ
2700 4016 3064 4086 Μονογενοῦς,
3087 4015 3227 4072 ἀλλά
3260 4016 3400 4073 κατά
3421 4015 3524 4085 τῆς
3555 4029 3683 4085 σαρ-

2088 4110 2334 4177 κώσεως,
2385 4109 2734 4180 ἐπελεξάμην
2763 4109 2887 4164 τινά
2922 4108 3030 4163 τῶν
3069 4108 3412 4179 κεφαλαίωνο
3446 4107 3541 4162 καὶ
3588 4106 3688 4161 τὸν

2088 4204 2438 4275 ἐνδεχόμενον
2477 4203 2682 4275 τρόπον
2717 4201 3059 4272 ἀντηνὲχθην
3108 4201 3328 4266 αὐτοῖς,
3359 4198 3688 4270 ἀποφαίνων

2087 4295 2368 4366 πανταχοῦ
2402 4295 2686 4367 βδελυρίας
2724 4290 2894 4349 οὖσαν
2927 4294 3131 4366 μεστὴν
3160 4293 3260 4366 τὴν
3287 4293 3446 4359 δόξαν
3471 4291 3683 4346 αὐτῶν.

2088 4389 2510 4462 Προτρέψαντος
2535 4389 2594 4443 δέ
2625 4406 2695 4460 με
2723 4389 2820 4442 τοῦ
2852 4387 3319 4458 μνημονευθέντος
3353 4383 3684 4440 εὐλαϐεστὰ-

2087 4500 2184 4538 του
2213 4482 2467 4538 διακόνου
2492 4481 2584 4534 καὶ
2614 4481 3047 4553 ἀρχιμανδρίτου
3071 4478 3324 4550 Μαξίμου
3351 4475 3686 4549 διερμηνεῦ-

2092 4594 2182 4630 σαι
2205 4576 2267 4628 τὸ
2296 4574 2578 4646 Σύμϐολον
2615 4574 2717 4644 τῆς
2753 4573 3014 4639 πίστεως,
3053 4572 3112 4627 τὸ
3136 4571 3358 4626 ἐκτεθὲν
3390 4568 3544 4641 παρὰ
3572 4568 3688 4623 τῶν

2090 4651 2268 4736 ἁγίων
2283 4666 2391 4720 τῶν
2431 4667 2488 4721 ἐν
2521 4665 2728 4738 Νικαίᾳ
2773 4665 3163 4728 συνελθόντων,
3197 4665 3292 4719 καὶ
3336 4663 3474 4734 πρὸς
3523 4661 3689 4716 τοῦτο

2088 4759 2308 4830 καθῆκα
2329 4757 2590 4828 ἐμαυτόν.
2618 4758 3036 4812 Διαϐεϐαιοῦται
3054 4757 3161 4830 γὰρ
3180 4756 3506 4827 πανούργως
3530 4754 3689 4816 τινὰς

396 4842 480 4896 Nc
507 4858 641 4898 vero
672 4845 789 4899 haec
814 4845 1031 4916 ignoret
1057 4854 1148 4900 tua
1191 4847 1477 4910 sanctitas,
1500 4847 1705 4901 librum
1737 4847 1981 4903 misimus

2088 4848 2512 4920 προσποιεῖσθαί
2545 4865 2606 4902 τε
2640 4849 2734 4904 καὶ
2780 4848 2962 4919 λέγειν
3003 4849 3157 4915 αὐτὸ,
3215 4849 3310 4902 καὶ
3365 4847 3687 4900 ἀκολουθεῖν

396 4945 453 4990 et
491 4944 721 4992 tomum.
751 4939 889 4994 Cum
919 4947 1104 4993 autem
1139 4939 1256 4995 haec
1297 4940 1513 5011 legerit,
1545 4939 1734 4994 solitas
1762 4955 1865 5010 pro
1900 4956 1988 4996 me

396 5044 592 5097 preces
629 5030 860 5085 fundere
885 5031 1170 5100 dignetur.

2085 4939 2257 5011 αύτῷ,
2286 4941 2362 5012 μὴ
2391 4941 2498 5013 μὴν
2523 4941 2602 4995 ἔτι
2627 4943 2724 4996 καὶ
2745 4943 2958 5007 ἐννοίας
2990 4941 3136 5013 ἐχειν
3165 4941 3354 5013 όροάς,
3380 4938 3690 5010 ἀποφέρειν

2083 5030 2141 5085 δὲ
2185 5032 2386 5103 μᾶλλον
2433 5035 2503 5088 τά
2539 5033 2719 5106 ὀρθῶς
2762 5051 2822 5086 τε
2855 5034 2950 5088 καὶ⁹
2977 5032 3362 5106 ἀπροσκλινῶς
3409 5031 3692 5103 εἰρημένα

396 5121 534 5191 πρὸς
570 5123 633 5176 τὸ
663 5124 847 5188 αὐτοῖς
885 5123 1097 5176 δοκοῦν.
1143 5124 1264 5178 Ἵνα
1299 5123 1357 5177 δὲ
1392 5122 1472 5194 μὴ
1521 5121 1695 5176 ταῦτα
1737 5121 1979 5196 λανθάνῃ
2015 5123 2114 5194 τὴν
2144 5124 2244 5196 σὴν
2271 5125 2548 5196 ὁσιότητα,
2587 5125 2961 5198 πεπόμφαμεν
3011 5126 3073 5180 τὸ
3108 5125 3312 5198 βιϐλίον
3377 5126 3460 5190 είς
3519 5123 3692 5178 αὐτὸν

396 5216 562 5288 τόμον
598 5218 646 5277 ¹ί.
684 5217 795 5274 Καὶ
820 5218 884 5291 δὴ
915 5218 1215 5291 ἐντυχοῦσα
1259 5217 1655 5286 καταξιωσὰτω
1691 5217 1789 5284 τὰς
1817 5220 2068 5292 συνήθεις
2101 5221 2240 5292 ὑπὲρ
2283 5221 2419 5292 ἐμοῦ
2466 5223 2740 5278 ποιεῖσθαι
2783 5221 3116 5297 προσευχάς.

1500 5403 1676 5462 Varia:
1699 5405 1965 5464 lectiones
1991 5407 2202 5464 codicis
2238 5407 2608 5481 Seguieriani.

473 5578 499 5620 Ιι
532 5581 626 5634 καὶ
661 5578 752 5632 τὸν
785 5578 971 5648 τόμον.
