4048 6456
464 390 568 445 M3

1492 384 1547 443 S.
1588 385 1869 443 CYRILLI
1905 385 2381 444 ALEXANDBINI
2415 388 2735 446 ARCHIEP.

3619 383 3726 441 ω

464 500 667 564 dicent,
700 506 754 552 et
798 495 1046 552 veritatis
1094 496 1240 551 viam
1282 496 1602 555 deserentes
1637 506 1924 555 vertantur
1975 497 2044 555 ad
2072 505 2119 563 Α
2145 499 2316 557 viros.
2354 500 2711 572 Seripscrunt
2737 499 2886 556 enim
2917 508 3347 570 quantacunque
3370 497 3650 555 Theodori
3674 507 3733 552 et

462 592 713 656 alteram,
741 605 864 660 qua:
891 589 960 644 ad
986 589 1380 645 exterminium
1407 590 1889 663 perditionemque
1913 607 2042 663 per-

395 748 399 751 ,
461 682 636 738 ducit.
671 681 974 738 Adhzerent
1013 681 1165 738 enim
1202 681 1573 753 quorumdam
1615 683 2042 756 conscriptioni-

464 775 567 828 bus
589 772 924 829 interdictis.
958 773 1029 829 Et
1058 782 1121 830 ut
1147 774 1295 829 clare
1325 772 1505 830 dicam
1530 775 1613 831 rei
1642 784 1900 832 naturam
1941 775 2042 846 (si-

368 924 375 930 ν
460 864 686 935 quidem
711 864 977 936 scriptum
1015 873 1120 930 est,
1164 883 1185 917 ι
1217 865 1285 921 Ει
1311 865 1578 936 loquebar
1606 865 1677 922 de
1711 867 2046 923 testimoniis

462 956 571 1012 tuis
593 971 781 1011 coram
811 956 1054 1028 regibus,
1079 965 1269 1012 etnon
1290 958 1672 1015 eonfundebar
1689 959 1736 991 "
1765 958 1841 1030 ›),
1860 959 2044 1014 Theo-

460 1046 634 1101 dorus
667 1045 892 1116 quidam
924 1045 1049 1111 fuit,
1092 1053 1152 1101 et
1177 1053 1305 1101 ante
1335 1045 1484 1102 hunc
1512 1044 1790 1102 Diodorus
1824 1045 2042 1116 episco-

461 1154 588 1207 pus,
629 1137 722 1205 hic
751 1138 981 1209 quidem
1023 1138 1241 1204 Tharsi,
1288 1139 1380 1196 ille
1411 1153 1547 1195 vero
1575 1137 1943 1208 Mopsuestia.
1974 1136 2043 1192 Hi

462 1234 648 1297 patres
688 1227 915 1307 fuerunt
943 1228 1186 1285 Nestorii
1215 1229 1591 1300 blasphemiae.
1621 1229 1683 1285 In
1710 1229 1868 1285 libris
1893 1228 2043 1284 enim

460 1335 602 1390 quos
627 1328 1080 1391 composuerunt,
1109 1320 1313 1392 agresti
1346 1320 1557 1376 insania
1583 1320 1669 1377 usi
1691 1327 1822 1376 sunt
1852 1330 2044 1377 contra

461 1411 710 1466 omnium
741 1417 996 1467 nostrum
1027 1411 1371 1468 Salvatorem
1393 1412 1698 1479 Christum,
1728 1413 2046 1485 ignorantes

459 1501 582 1571 ejus
626 1503 968 1574 mysterium.
1015 1502 1199 1559 Voluit
1236 1504 1403 1575 igitur
1434 1504 1639 1576 impius
1668 1504 1957 1561 Nestorius
1979 1518 2047 1560 ea

460 1610 583 1663 qua:
625 1594 849 1650 illorum
882 1604 1012 1652 sunt
1050 1597 1119 1652 ad
1160 1596 1403 1652 medium
1447 1596 1747 1665 deducere,
1781 1605 1839 1653 et
1866 1611 1898 1651 a
1930 1596 2046 1653 Deo

459 1700 617 1741 saera
655 1687 907 1759 privatus
944 1696 1031 1742 est
1067 1687 1211 1743 aula.
1246 1689 1390 1743 Dum
1414 1704 1548 1745 vero
1579 1688 2044 1744 anathematizas-

459 1787 584 1833 sent
605 1795 727 1849 quae
751 1780 871 1851 ejus
901 1788 1031 1835 sunt
1052 1780 1562 1837 nonnulliOrientis
1578 1779 1849 1852 episcopi,
1870 1779 2047 1839 altero

2144 590 2387 648 Nestorii
2425 591 2587 648 malis
2619 599 2750 648 sunt
2773 590 3007 648 adversa
3043 590 3366 647 sentientes.
3394 588 3532 656 Quia
3560 589 3733 661 igitur

2146 680 2315 737 didici
2347 680 2497 752 quod
2526 680 2597 737 de
2626 680 2715 737 his
2741 688 2800 736 et
2832 681 3035 737 vestris
3067 679 3177 751 piis
3207 678 3444 735 auribus
3475 678 3735 750 ingeram

2146 771 2419 842 quaedam,
2473 786 2609 843 rogo
2651 779 2713 826 ut
2747 770 2963 827 animas
2990 778 3204 827 vestras
3242 768 3478 824 intactas
3500 767 3735 823 omnino

2147 863 2577 934 impollutasque
2616 861 2855 919 servetis
2890 877 2924 918 a
2964 860 3246 917 Theodori
3276 867 3335 916 et
3357 858 3587 915 Diodori
3622 858 3733 914 im-

2146 956 2464 1028 pietatibus.
2496 956 2820 1014 Sicutenim
2844 970 3012 1026 supra
3029 955 3141 1027 jam
3170 952 3306 1020 dixi,
3340 951 3633 1010 Nestorius
3664 966 3735 1007 ea

2145 1063 2268 1119 qua:
2297 1047 2547 1119 ipsorum
2581 1057 2713 1105 sunt
2733 1055 2821 1105 est
2847 1047 3089 1113 locutus,
3118 1051 3177 1102 et
3205 1043 3278 1101 ob
3303 1044 3411 1101 hoc
3431 1051 3494 1099 ut
3523 1042 3742 1114 impius

2145 1138 2548 1196 condemnatus
2579 1149 2667 1196 est
2695 1138 2767 1195 ab
2805 1136 3105 1195 universali
3135 1136 3346 1209 synodo
3375 1134 3520 1207 apud
3539 1134 3740 1206 Ephe-

2146 1245 2271 1288 sum
2316 1239 2645 1304 eongregata
2688 1232 2846 1303 juxta
2889 1230 2987 1289 Dei
3038 1231 3403 1287 voluntatem.
3452 1227 3740 1296 Quoniam

2146 1337 2279 1379 vero
2311 1323 2575 1381 simulant
2607 1323 2832 1394 quidem
2871 1339 2932 1380 se
2963 1321 3274 1396 symbolum
3301 1318 3557 1377 conﬁteri
3578 1318 3741 1390 quod

2145 1412 2465 1488 expositum,
2489 1423 2576 1472 est
2608 1415 2666 1471 in
2693 1431 2889 1488 magna
2908 1426 2966 1476 et
2984 1415 3212 1489 antiqua
3238 1412 3449 1486 synodo
3481 1412 3738 1479 Nicena,

2145 1504 2427 1562 declinant
2456 1523 2590 1565 vero
2624 1509 2747 1581 ejus
2774 1508 2912 1565 falsa
2950 1506 3406 1579 interpretatione
3439 1504 3738 1569 virtutem,

2147 1607 2480 1670 rogaverunt
2506 1600 2951 1657 archimandritas
2968 1600 3214 1657 Orientis
3231 1596 3525 1655 orthodoxi
3546 1596 3738 1660 inter-

2118 1692 2358 1762 'pretari
2392 1707 2429 1748 a
2451 1706 2541 1749 me
2579 1692 2728 1750 idem
2758 1693 3103 1766 symbolum;
3132 1689 3283 1762 quod
3309 1697 3369 1746 et
3397 1689 3738 1759 interpreta-

2147 1791 2267 1837 tum
2300 1791 2405 1841 est.
2452 1783 2523 1840 Et
2556 1784 2937 1841 necessarium
2974 1782 3083 1839 fuit
3106 1791 3170 1838 ut
3196 1781 3255 1837 in
3279 1789 3495 1837 vestras
3517 1778 3641 1849 pias
3672 1785 3739 1833 et

459 1867 625 1922 modo
657 1868 774 1923 haec
797 1868 917 1939 ipsa
944 1884 1139 1925 rursus
1170 1867 1463 1936 inducunt,
1494 1868 1627 1924 dum
1661 1885 1727 1924 ea
1755 1885 1876 1940 quae
1911 1879 2042 1927 sunt
2079 1853 2119 1910 Β
2143 1874 2353 1933 Christi
2380 1875 2587 1933 amicas
2614 1891 2784 1933 aures
2819 1874 3135 1947 perveniret
3180 1873 3288 1929 hoc
3318 1885 3482 1942 opus.
3521 1870 3740 1926 Vestra

459 1957 738 2014 Theodori
768 1959 1140 2027 admirantur,
1181 1966 1240 2019 et
1274 1976 1402 2016 eum
1446 1968 1596 2017 recte
1620 1975 1814 2031 sapere
1843 1961 2040 2017 dicunt

456 2058 513 2105 et
542 2064 783 2106 consone
809 2051 1068 2108 Patribus
1093 2052 1319 2119 nostris,
1342 2052 1642 2109 Athanasio
1670 2052 1797 2109 dico
1820 2060 1877 2109 et
1904 2053 2044 2111 Grc-

456 2140 613 2212 gorio
644 2150 811 2213 atque
833 2141 1055 2200 Basilio.
1086 2140 1196 2201 Sed
1229 2143 1578 2201 mentiuntur
1603 2152 1797 2203 contra
1825 2154 2044 2207 sanctos

2148 1963 2424 2036 siquidem
2454 1965 2839 2037 tranquillitati
2867 1965 3014 2021 inest
3045 1964 3191 2020 inter
3212 1961 3319 2018 alia
3341 1960 3485 2017 bona
3511 1967 3571 2015 et
3600 1959 3731 2025 hoc,

2151 2064 2214 2110 ut
2243 2053 2301 2107 in
2327 2054 2681 2112 sermonibus
2711 2055 2782 2113 de
2818 2061 2972 2113 recta
2996 2051 3104 2110 ﬁde
3134 2051 3255 2110 sine
3291 2049 3603 2110 cessatione
3628 2048 3737 2107 dc-

2151 2143 2347 2205 lectari
2368 2144 2571 2203 velitis.

1638 2451 1978 2514 EPISTOLA
2017 2453 2210 2511 Lxxn
2251 2454 2347 2528 (οι.
2387 2454 2548 2527 LIV).

1876 2607 1944 2648 an
1974 2606 2215 2651 raocwu
2243 2577 2343 2652 cr.

456 2752 748 2828 Cyriltiod
776 2751 1025 2828 Proetum
1070 2756 1372 2827 epismpum
1400 2754 2050 2828 Constantinopolitanum

527 2826 594 2879 de
621 2823 902 2910 Theodoro.
934 2823 1328 2910 Mepsuesteno,
1355 2835 1565 2910 petente
1591 2823 1764 2910 0).αρ
1801 2829 1938 2910 ipso,
1984 2842 2051 2910 ne

530 2896 854 2965 permitteret
867 2896 1060 3021 ipsum
1078 2896 1530 2953 anathemdtizari
1560 2896 1700 2969 quod
1717 2896 2049 2954 hoc'tumut-

535 2976 616 3018 ms
652 2981 815 3021 causa
833 2983 878 3021 δι
911 3008 923 3020 .

2149 2758 2454 2836 lingulae
2507 2759 2763 2836 ﬂedng
2803 2756 3118 2836 ἐπισζόςξφ
3139 2752 3746 2836 -Κωνσζιιντινρυξό-

2215 2825 2370 2895 Istoc
2390 2828 2525 2898 περὶ
2558 2825 2864 2897 Θεοδώρου
2884 2829 2994 2884 τοῦ
3018 2827 3467 2898 Μοψονεστίας,
3494 2825 3746 2879 αἰτοῦν-

2214 2915 2338 2975 τος.
2355 2896 2566 2975 αὑτὸν)
2608 2896 2783 2975 ,ὥστε
2812 2898 2903 2975 μὴ
2941 2896 3332 2975 συγχωρῆσαι
3378 2896 3745 2975 aureamq-

2216 2963 2440 3036 σθῆναι
2480 2963 2687 3037 utitor,
2725 2963 3233 3038 ὠςάῖτιον’τοῦτὸ
3271 2963 3543 3035 ταραχῆς
3567 2963 3743 3035 τινό-

2211 3056 2424 3110 μενον.

535 3141 639 3196 Vix
690 3140 989 3213 aliquando
1039 3142 1338 3213 multisque
1386 3142 1683 3201 sudoribus
1741 3145 2045 3203 sanctitatis

2222 3152 2395 3218 Μόλις
2422 3153 2551 3208 ποτὲ
2585 3153 2681 3209 καὶ
2709 3152 2925 3216 πολλοῖς
2951 3150 3142 3224 ἱδρῶσι
3165 3139 3264 3222 τῆς
3288 3167 3350 3204 τε
3384 3148 3485 3219 σῆς
3514 3146 3746 3216 ὁσιότη-

461 3239 591 3297 tuae,
622 3231 911 3302 sanctique
952 3230 1175 3287 concilii
1207 3231 1355 3302 apud
1384 3231 1664 3301 Ephesum
1700 3236 2042 3307 congregati,

456 3322 697 3379 Nestorii
719 3323 1037 3395 vaniloquia
1061 3324 1371 3394 rejecerunt
1393 3324 1600 3395 ubique
1619 3325 1718 3381 Dei
1746 3326 2044 3383 Ecclesiae:

458 3416 695 3471 nimium
741 3429 876 3471 vero
926 3416 1329 3473 contristantur
1383 3426 1613 3487 propter
1670 3416 1777 3473 hoc
1822 3418 2046 3488 quidam

459 3506 849 3572 Orientalium,
873 3523 987 3562 non
1010 3507 1189 3563 solum
1217 3506 1510 3574 laicorum,
1544 3507 1642 3564 sed
1664 3509 1830 3564 etiam
1858 3525 2045 3566 sacer-

459 3598 678 3651 dotum.
715 3596 873 3652 Sicut
903 3596 1053 3653 enim
1082 3596 1360 3654 diuturnae
1395 3598 1681 3670 passiones
1714 3599 2049 3658 diliiciliores

459 3689 529 3743 ad
574 3689 962 3744 medicandum
1009 3689 1303 3757 exsistunt,
1338 3692 1426 3747 vel
1459 3690 1689 3747 forsitan
1725 3692 1895 3749 etiam
1943 3692 2050 3750 hoc

460 3781 689 3836 omnino
723 3781 1023 3852 abnegant,
1087 3780 1170 3837 sic
1201 3790 1258 3839 et
1300 3782 1485 3839 anima
1517 3792 1791 3855 aegrotans
1824 3798 2047 3854 perver-

458 3888 648 3928 sorum
679 3873 1061 3930 intellectuum
1081 3882 1137 3930 et
1154 3874 1468 3946 dogmatum
1491 3874 1807 3948 putredine,
1832 3875 2051 3931 insana-

460 3963 631 4019 bilem
669 3964 839 4020 habet
884 3966 1216 4037 passionem.
1270 3968 1663 4025 Verumtamen
1705 3968 1805 4023 Dei
1850 3967 2046 4039 gratia,

461 4057 581 4113 sive
613 4057 926 4126 occasione,
959 4058 1075 4116 sive
1103 4061 1339 4117 veritate
1368 4076 1541 4117 unum
1564 4058 1848 4116 Christum
1877 4068 1935 4116 et
1962 4059 2049 4116 lo-

458 4158 711 4219 quuntur
737 4158 793 4206 et
814 4151 1139 4222 praedicant,
1169 4161 1228 4209 et
1257 4153 1455 4225 impias
1480 4154 1722 4210 Nestorii
1742 4153 2048 4210 verbosita-

458 4249 541 4296 tes
572 4240 1196 4318 anathematizaverunt.
1222 4244 1292 4299 Et
1319 4243 1544 4300 interim
1573 4244 1748 4301 multa
1774 4244 2046 4317 tranquil-

456 4334 588 4389 litas
618 4331 694 4389 ibi
720 4342 829 4400 est,
858 4342 916 4391 et
944 4335 1001 4390 in
1030 4334 1139 4392 ﬁde
1163 4336 1412 4407 quotidie
1444 4335 1847 4393 conﬁrmantur
1875 4337 2044 4394 etiam

454 4427 534 4480 illi
586 4425 684 4496 qui
741 4425 1040 4497 aliquando
1080 4426 1430 4485 dubitabant.
1475 4429 1636 4486 Nunc
1685 4445 1842 4497 vero,
1898 4430 2045 4487 sicut

2152 3264 2243 3312 τος
2295 3246 2391 3300 καὶ
2432 3244 2534 3316 τῆς
2583 3245 2752 3314 ἁγίας
2798 3244 3019 3299 συνόδου
3065 3242 3167 3313 τῆς
3198 3240 3561 3313 συναχθείσης
3590 3238 3748 3295 κατὰ

2151 3339 2254 3411 τὴν
2291 3338 2579 3409 Ἐφεσίων,
2609 3336 2708 3402 τὰς
2740 3336 3037 3409 Νεστορίου
3062 3335 3399 3406 κενοφωνίας
3422 3332 3744 3405 ἀποϐεϐλήο

2154 3447 2316 3485 κασιν
2341 3431 2399 3485 αί
2428 3429 2735 3502 πανταχόσε
2754 3427 2849 3484 τοῦ
2872 3427 3010 3484 Θεοῦ
3040 3427 3380 3498 Ἐκκλησίαν
3407 3424 3747 3496 δυσφοροῦσι

2149 3519 2209 3574 δὲ
2235 3519 2357 3575 λίαν
2385 3520 2479 3574 ἐπὶ
2503 3519 2679 3592 τούτῳ
2708 3520 2855 3585 τινὲς
2886 3519 2995 3575 τῶν
3026 3518 3171 3574 κατὰ
3198 3518 3302 3591 τὴν
3334 3517 3500 3588 ἑῴαν,
3520 3516 3584 3571 οὐ
3620 3517 3747 3571 λαῖ-

2154 3606 2270 3662 κῶν
2310 3607 2495 3679 μόνον,
2539 3607 2679 3663 ἀλλὰ
2715 3608 2826 3681 γάρ
2867 3607 2965 3663 καὶ
2992 3607 3103 3663 τῶν
3144 3606 3498 3678 τεταγμένων
3534 3607 3619 3670 είς
3674 3608 3748 3661 le-

2155 3700 2433 3771 ρουργίαν.
2479 3700 2692 3772 ’Ὠσπερ
2733 3700 2843 3772 γάρ
2898 3699 2970 3755 τὰ
3005 3697 3342 3772 χρονιώτερα
3393 3698 3504 3753 τῶν
3547 3696 3746 3754 παθῶν

2151 3788 2561 3862 δυσχερέστερά
2587 3789 2705 3855 πώς
2738 3791 2856 3845 ἐστι
2889 3789 3028 3863 πρὸς
3064 3788 3127 3844 τὸ
3153 3785 3511 3862 θεραπεῦσαι,
3543 3788 3742 3862 ἢτάχα

2152 3897 2256 3933 που
2292 3881 2389 3935 καὶ
2416 3881 2498 3945 είς
2528 3881 2673 3935 ἆπαν
2697 3882 2947 3953 ἀρνεῖται
2969 3879 3152 3948 τοῦτο,
3175 3879 3320 3935 οὕτω
3355 3878 3452 3935 καὶ
3477 3879 3626 3952 ψυχὴ
3659 3881 3737 3935 δι-

2150 3973 2549 4045 εστραμμένων
2578 3972 2801 4029 ἐννοιῶν
2825 3973 2921 4029 καὶ
2950 3973 3239 4045 δογμάτων
3265 3972 3523 4045 σηπεδόνι
3553 3973 3731 4043 appoi-

2153 4065 2424 4136 στήσασα,
2456 4064 2864 4138 δυσαπόϐλητον
2887 4066 3004 4137 ἔχει
3035 4064 3100 4119 τὺ
3131 4064 3326 4129 πάθος.
3361 4062 3509 4134 Πλὴν
3537 4065 3606 4135 τῇ
3640 4061 3741 4116 τοῦ

2152 4155 2293 4210 Θεοῦ
2350 4155 2561 4228 χάριτι,
2602 4154 2715 4210 εἴτε
2770 4154 3068 4226 προφάσει,
3107 4155 3217 4208 εῐτε
3255 4151 3486 4226 ἀληθείᾳ
3513 4152 3607 4208 τδν
3640 4153 3747 4207 ἕνα

2152 4247 2389 4319 Χριστὸν
2415 4244 2513 4300 καὶ
2540 4242 2765 4299 λαλοῦσι
2795 4244 2890 4300 καὶ
2917 4243 3272 4317 κηρύττουσι,
3299 4241 3510 4306 καὶτὰς
3532 4241 3748 4295 Νεστο-

2154 4339 2275 4411 ρίου
2297 4337 2580 4402 δυσσεϐεῖς
2595 4336 3009 4409 περιττολογίας
3028 4337 3450 4408 ἀνεθεμάτισαν.
3469 4332 3577 4388 Καὶ
3591 4331 3743 4397 τέως

2151 4433 2212 4487 ὲν
2243 4430 2396 4504 εὐδίᾳ
2428 4429 2598 4505 πολλῇ
2626 4429 2696 4484 τά
2720 4429 2931 4495 αὐτόθι,
2964 4428 3062 4484 καὶ
3087 4428 3375 4501 τρέχουσιν
3400 4427 3480 4490 εἰς
3501 4423 3562 4478 τὸ
3590 4423 3744 4495 άρα-

458 4516 682 4587 seripsit
698 4518 767 4572 ad
784 4533 872 4574 me
900 4517 1159 4575 dominus
1174 4535 1330 4576 meus
1346 4521 1727 4579 sanctissimus
1751 4523 2045 4594 episcopus

2155 4521 2249 4595 ρδς
2282 4524 2341 4577 ἐν
2377 4521 2563 4575 πίστει
2589 4520 2714 4575 καθ’
2745 4519 2964 4592 ἡμέραν
2993 4519 3089 4575 καὶ
3125 4521 3174 4574 oi
3203 4516 3555 4590 σαλευόμενοι
3579 4533 3739 4572 ποτε.

458 4608 769 4665 Antiochiae
820 4610 1083 4677 Joannes,
1150 4610 1371 4666 initium
1419 4614 1564 4683 apud
1615 4615 1765 4685 ipsos
1815 4614 2049 4670 alterius

457 4700 802 4769 tempestatis
852 4700 1129 4765 surrexit,
1163 4709 1221 4757 et
1272 4701 1544 4773 plurimus
1596 4712 1683 4760 est
1731 4705 1920 4770 timor,
1977 4720 2049 4760 ne

457 4791 691 4847 forsitan
734 4791 959 4861 quidam
994 4792 1284 4849 instabiles
1328 4794 1396 4849 ad
1456 4794 1641 4865 priora
1676 4804 2044 4851 revertantur.

454 4880 658 4936 Dicunt
684 4883 832 4936 enim
881 4882 1151 4953 quosdam
1182 4883 1251 4939 ad
1285 4901 1539 4956 magnam
1594 4885 1739 4939 illam
1768 4884 2048 4941 civitatem

454 4973 798 5042 pervenisse,
834 4974 1038 5032 deinde
1083 4974 1465 5048 interpellasse
1489 4976 1767 5047 piissimos
1795 4985 1851 5032 et
1878 4976 2043 5033 Chri-

455 5061 825 5121 stianissimos
844 5065 1228 5134 imperatores,
1256 5076 1314 5123 et
1340 5069 1645 5138 postulasse
1670 5084 1769 5138 per
1797 5068 2040 5124 divinam

454 5169 651 5211 eorum
695 5156 1039 5212 sanctionem
1069 5157 1523 5213 anathematizari
1557 5158 1732 5213 libros
1761 5158 2038 5214 Theodori

453 5243 847 5315 Mopsuesteni,
871 5247 1163 5318 ipsumque
1176 5256 1541 5305 memoratum
1560 5249 1763 5305 virum.
1791 5250 2045 5322 Magnum

452 5351 587 5391 vero
619 5339 741 5409 ejus
768 5339 933 5409 200
968 5354 1171 5395 nomen
1221 5355 1344 5397 esse
1377 5357 1476 5412 per
1513 5340 1818 5409 Orientem,
1847 5352 1906 5398 et
1938 5344 2045 5399 mi-

452 5427 658 5484 rificari
710 5429 948 5484 nimium
989 5432 1307 5502 conscripta
1343 5434 1483 5504 ejus.
1530 5433 1599 5488 Et
1645 5433 1791 5490 sicut
1828 5436 2042 5503 dicunt,

454 5518 856 5574 contristantur
894 5535 1109 5589 omnes,
1142 5522 1291 5593 quod
1321 5522 1405 5579 vir
1439 5524 1641 5581 nobilis
1664 5534 1722 5582 et
1755 5527 2049 5591 defunctus

562 5673 608 5705 ’⁵⁸
633 5675 775 5732 Psal.
812 5693 994 5746 cxvlu,
1031 5680 1118 5735 46.

2143 4613 2283 4668 Novi
2319 4613 2399 4678 δὲ,
2440 4612 2518 4677 ὡς
2544 4612 2794 4684 γέγραφε
2836 4611 2975 4684 πρός
3007 4628 3075 4684 με
3109 4614 3138 4666 ὀ
3176 4609 3369 4683 κύριός
3398 4626 3503 4681 μου
3531 4610 3560 4663 ὀ
3594 4607 3746 4663 θειό-

2098 4764 2103 4773 ,
2141 4719 2305 4765 τατος
2327 4701 2627 4765 ἐπίσκοπος
2648 4701 2750 4772 τῆς
2775 4700 3095 4771 Ἀντιοχέων
3130 4699 3405 4770 Ἰωάννης,
3431 4696 3576 4770 ἀρχὴ
3598 4696 3743 4768 παρ’

2146 4794 2333 4858 αὐτοῖς
2373 4794 2566 4865 ἑτέρου
2609 4793 2877 4859 κλύδωνος
2929 4794 3253 4866 ἐγήγερται,
3320 4791 3416 4847 καὶ
3432 4790 3589 4862 -τάχα
3630 4807 3742 4844 που

2147 4884 2284 4937 πολὺ
2322 4884 2385 4938 τὸ
2417 4884 2557 4949 δέος,
2599 4885 2674 4958 μὴ
2707 4884 2817 4958 ἄρα
2849 4884 2953 4938 πού
2977 4900 3124 4948 τινες
3149 4882 3263 4938 τῶν
3328 4880 3745 4953 εὐπαραφόρων

2155 4979 2582 5051 ὐπονοστήσειαν
2608 4980 2689 5044 είς
2720 4977 2784 5031 τὸ
2808 4977 2870 5032 ὲν
2903 4976 3123 5048 ἀρχαῖς,
3149 4975 3291 5031 Φασὶ
3311 4974 3421 5047 γάρ
3448 4990 3602 5037 τινας
3634 4972 3754 5044 τὴν

2153 5070 2399 5143 μεγάλην
2436 5070 2654 5142 ἐκείνην
2688 5069 2845 5125 πόλιν
2883 5067 3234 5135 καταλαϐεῖν,
3265 5064 3388 5122 εἶτα
3414 5062 3754 5136 προσελθεῖν

2146 5162 2260 5224 τοίς
2326 5159 2738 5224 εὐσεϐεστάτοις
2797 5160 2893 5214 καὶ
2953 5157 3324 5230 φιλοχρίστοις
3380 5152 3707 5228 βασιλεῦσιν
3731 5195 3749 5220 ,

2144 5251 2428 5324 ὲξαιτῆσαί
2453 5270 2513 5307 τε
2550 5252 2643 5307 διὰ
2670 5251 3046 5323 θεσπίσματος
3074 5248 3256 5303 αὐτῶν
3300 5244 3450 5317 ίεροῦ
3490 5243 3560 5298 τὰ
3601 5242 3751 5298 Θεο-

2145 5345 2324 5418 δώρου
2349 5345 2444 5400 τοῦ
2467 5346 2847 5416 Μοψουεστίας
2874 5341 3377 5415 άναθεματισθῆναι
3401 5338 3604 5410 βιϐλία,
3631 5339 3749 5392 αὑ-

2147 5439 2240 5494 τόν
2269 5456 2329 5492 τε
2346 5438 2439 5493 τὸν
2471 5437 2916 5510 μνημονευθέντα
2938 5437 3129 5510 ἄνδρα.
3154 5434 3297 5490 Πολὺ
3319 5433 3377 5487 δὲ
3395 5430 3564 5486 αὑτοῦ
3592 5431 3748 5485 κατὰ

2148 5530 2249 5604 τὴν
2283 5530 2426 5603 ἑῴαν
2453 5531 2648 5602 ὄνομα,
2685 5531 2781 5586 καὶ
2805 5530 3181 5603 θαυμάζονται
3200 5528 3323 5584 λίαν
3363 5528 3419 5583 ai
3448 5522 3745 5591 συντάξεις

529 5833 605 5906 ll)
638 5834 783 5907 Lege
809 5837 1051 5908 petentis,
1096 5845 1153 5894 ut
1190 5838 1457 5899 referatur
1485 5839 1554 5899 ad
1579 5818 1864 5915 Cyrillum.
1891 5842 2008 5898 Jam
2043 5842 2192 5899 enim
2221 5841 2512 5899 defunctus
2543 5854 2659 5899 erat
2693 5842 3034 5902 Theodorus.
3067 5843 3217 5900 Emr.
