2024 3217
149 205 208 234 345

829 205 1001 235 EPISTOLA
1021 205 1126 234 LXXII.

1739 208 1791 236 346

148 263 247 292 αὑτοῦ.
268 262 326 290 Καὶ
338 261 376 294 ὥς
399 261 433 296 γέ
461 269 540 297 φασι,
563 261 741 298 δυσφοροῦσιν
760 264 891 298 ἅπαντες,
914 265 947 297 ὠς

1006 266 1032 293 in
1039 265 1233 294 communione
1242 265 1435 298 Ecclesiarnm,
1447 265 1703 294 anathematizatur.
1714 266 1792 293 Nunc

154 310 250 346 ἀνδρὸς
267 309 411 344 ἐπισήμου
431 308 481 335 καὶ
493 307 704 344 τελευτήσαντος
718 310 747 336 ὲν
759 310 887 346 κοινωνίᾳ
899 310 954 337 τῶν

166 354 349 390 Ἐκκλησιῶν,
369 353 640 389 ἀναθεματιζομένου
663 354 732 381 νυνί.
750 355 812 382 ’Ότι
825 355 876 391 μὲν
898 355 953 391 γὰρ

154 403 180 428 ἐν
194 402 256 432 τοῖς
269 400 467 435 συντάγμασιν
479 399 564 426 αὐτοῦ
576 399 741 435 εὑρίσκομέν
756 409 818 428 τινα
829 401 954 434 ἐκτόπως

150 446 304 483 εἰρημένα,
322 446 372 472 καὶ
394 445 518 480 ἀκράτου
534 445 656 481 γέμοντα
678 446 844 482 δυσφημίας,
864 447 953 474 οὐδενὶ

148 494 205 520 τῶν
229 492 302 527 ὀρθὰ
318 492 431 527 φρονεῖν
451 491 586 518 εἰωθότων
609 491 771 527 ἀμφίϐολον.
789 493 870 520 Ἰστω
891 493 920 520 δὲ
935 494 952 528 ἡ

149 539 183 573 σὴ
201 538 329 571 ὁσιότης,
355 538 398 564 ὅτι
422 537 638 572 παρενεχθείσης
657 538 690 572 τῇ
706 537 773 573 ἁγίᾳ
790 538 893 574 συνόδῳ
905 539 952 565 ὲκ-

149 586 255 616 οὲσεως
269 584 339 619 παρ’
354 584 438 610 αὑτοῦ
452 583 659 620 συνταχθείσης,
671 584 709 616 ὡς
721 585 745 611 οί
763 584 951 619 προελόντεςιιι

148 631 285 665 ἔφασκον,
312 629 391 656 οὐδὲν
409 629 526 664 ἐχούσης
551 629 636 664 ὑγιὲς,
657 629 884 665 κατεκιόδήλευσε
902 631 951 666 μὲν

147 676 235 711 αὐτὴν
252 677 270 710 ἡ
286 675 357 709 ἁγία
375 675 494 707 σύνοδος,
509 675 548 708 ὡς
565 674 792 711 διεστραμμένων
811 676 950 712 γέμουσαν

147 721 272 754 ὲννοιῶ-ι,
292 720 343 746 καὶ
365 720 416 755 τὴν
440 719 590 755 Νεστορίου
611 720 772 748 δυσσέϐειαν
793 721 875 749 οἱονεί
892 730 950 754 πως

148 768 343 802 πηγάζουσαν.
356 767 557 801 Κατακρίνασα
571 767 599 794 δὲ
612 766 677 798 τοὺς
688 766 759 794 οὕτω
768 767 948 803 φρονοῦντας,

147 812 337 849 οἱκονομικῶς
352 814 403 839 οὐκ
418 812 608 847 ἐμνημόνευσε
615 812 663 840 τοῦ
676 813 784 848 ἀνδρὸς,
795 813 855 840 οὐδὲ
867 814 948 842 αὑτὸν

148 860 289 895 ὑπέθηκεν
307 859 442 893 ὀνομαστὶ
457 858 496 892 τῷ
506 858 723 894 ἁναθεματισμῷ
735 859 769 886 δι’
781 860 949 895 οἰκονομίανι

147 906 189 931 ἵνα
207 905 246 939 μή
263 912 340 935 τινες
351 905 385 938 τῇ
402 903 537 939 ὑπολήψει
554 903 601 930 τοῦ
611 903 709 939 ἀνδρὸς
727 905 947 940 προσεσχηκότες

145 951 328 977 ἀποϐάλωσιν
347 949 464 980 ἑαυτοὺς
481 949 536 976 τῶν
558 949 737 985 Ἐκκλησιιῖιν.
757 951 791 978 Ἦ
800 951 829 978 δὲ
842 952 872 978 ὲν
884 951 946 979 τού-

148 1005 207 1027 τοις
230 995 376 1030 οἰκονομία
391 994 504 1029 ἄριστόν
517 1003 544 1021 τι
559 995 655 1030 χρῆμα
671 996 719 1024 καὶ
731 996 824 1031 σοφόν.
848 997 880 1023 Εἰ
896 996 946 1031 μὲν

156 1043 214 1076 -ίὶιρ
225 1040 262 1077 ἦν
278 1042 308 1067 ὲν
322 1042 377 1073 τοῖς
393 1041 478 1072 ζῶσιν
494 1041 547 1075 ἔτι,
562 1040 611 1068 καὶ
624 1041 755 1074 σύνοπλος
770 1040 805 1078 ἦν
819 1043 881 1074 ταῖς
893 1042 945 1070 Νε-

163 1087 275 1122 στορὶου
291 1087 458 1122 δυσφημίαις,
473 1087 489 1121 ἢ
501 1087 692 1123 συναγορεύειν
705 1088 801 1123 ἤθελεν
811 1085 852 1120 οἷς
862 1088 946 1125 ἔγρα-

163 1135 216 1167 gsv
241 1132 331 1165 αὐτὸς,
352 1132 478 1159 πέπονθεν
493 1134 526 1159 ἂν
540 1133 589 1159 καὶ
603 1133 649 1160 τὸν
662 1135 702 1165 είς
718 1133 783 1161 ἴδιον
799 1134 946 1170 πρόσωπον

158 1179 389 1213 ἁναθεματισμόν.
422 1178 533 1214 Ἐπειδὴ
556 1178 585 1206 δὲ
603 1179 764 1215 ἀπεδήμησε
781 1179 850 1215 πρὸς
868 1178 945 1213 Θεὸν,

155 1226 245 1260 ἀρκεῖ,
263 1224 390 1259 καθάπερ
405 1221 525 1259 ἐγῷμαι,
541 1225 576 1252 τὰ
589 1225 713 1256 ἐκτόπως
733 1224 809 1260 αὐτῷ
823 1233 946 1260 γεγραμ-

154 1271 222 1304 μένα
240 1270 424 1296 ἐκϐάλλεσθαι
440 1270 516 1304 παρὰ
535 1269 590 1296 τῶν
600 1269 688 1305 ὀρθῶς
704 1269 821 1304 ἑχόντων
843 1270 893 1301 τὰς
904 1269 946 1296 δό-

149 1318 205 1348 ξας,
231 1316 277 1342 ὅτε
292 1317 354 1347 ταῖς
379 1315 463 1341 αὑτοῦ
484 1315 715 1351 περιτυγχάνουσι
731 1315 842 1350 βίϐλοις,
854 1316 902 1342 καὶ
916 1315 947 1342 τὺ

148 1362 311 1396 περαιτέρω
321 1362 425 1396 χωρεῖν
436 1360 559 1395 θορύϐων
568 1361 674 1388 ἐσθ’ὅτε
684 1361 771 1388 τίκτει
783 1361 944 1396 προφάσεις.

144 1407 201 1432 Καὶ
215 1406 280 1433 καθ’
296 1406 394 1441 ἕτερον
408 1406 435 1432 δὲ
450 1407 551 1441 τρόπον
567 1406 836 1442 άναθεματισθεισῶν
846 1408 893 1434 καὶ
904 1408 947 1434 ἐκ-

145 1451 229 1486 δείλη
234 1451 328 1486 μένων
339 1452 395 1477 τῶν
404 1451 553 1486 Νεστορίου
566 1451 736 1487 δυσφημιῶν,
749 1452 946 1488 ωνεκὸέὸλην-

146 1506 191 1523 ται
209 1497 260 1523 καὶ
273 1497 313 1535 cit
328 1497 437 1523 ἐκείνου
459 1497 590 1532 πλείστην
607 1497 704 1532 ἔχοντα
718 1498 786 1533 πρὸς
798 1498 884 1525 ταῦτα
898 1498 947 1533 τὴν

149 1542 330 1577 συγγένειαν.
345 1543 380 1569 Εἰ
404 1543 453 1578 μὲν
475 1540 522 1570 οὖν
540 1543 625 1579 ἔδρων
647 1543 727 1571 τοῦτο
742 1544 875 1581 ἀμελλητὶ
891 1544 947 1571 τῶν

148 1587 218 1615 κατὰ
230 1587 285 1623 τὴν
300 1587 377 1623 ἑῴαν
385 1588 470 1621 τινὲς,
485 1589 533 1616 καὶ
541 1589 635 1616 οὐδένα
646 1589 759 1625 θόρυϐον
773 1587 807 1625 ἦν
819 1590 946 1617 ἐντεῦθεν

148 1634 317 1670 προσδοκᾷν,
335 1634 407 1669 ἔφην
426 1634 471 1667 ἂν,
487 1634 530 1662 ὅτι
552 1635 584 1661 τὸ
599 1635 701 1662 λυποῦν
722 1635 798 1662 οὐδὲν
821 1636 946 1663 ἀπαιτεῖ-

150 1679 211 1705 σθαι
226 1678 279 1706 νῦν
306 1679 389 1716 τοῦτο
415 1679 463 1705 καὶ
480 1678 628 1714 ἐγγράφως
653 1679 761 1712 αὐτούς.
787 1680 820 1707 El
845 1680 884 1714 δὲ,
908 1680 946 1712 ὡς

151 1725 253 1760 γράφει
276 1726 292 1752 ὸ
313 1724 410 1760 κύριός
436 1733 488 1758 μου
512 1725 526 1752 ό
549 1725 697 1758 ὁσιώτατος
721 1726 872 1758 ἐπίσκοπος
895 1726 946 1762 τῆς

156 1771 322 1806 Ἀντιοχέων
348 1770 496 1805 Ἰωάννης,
516 1770 621 1798 ἕλοιντο
643 1771 677 1798 ἂν
697 1771 797 1807 μᾶλλον
819 1771 946 1806 γενέσθαι

155 1817 353 1851 πυρίκαυστοι,
365 1816 382 1852 ἢ
394 1816 498 1852 πρᾶξαί
508 1824 535 1843 τι
545 1816 675 1844 τοιοῦτον·
687 1817 731 1844 ῐνα
741 1817 767 1844 τί
780 1817 867 1852 φλόγα
879 1826 946 1845 κατ-

152 1862 336 1889 εννασθεϊσαν
361 1862 600 1898 ἀναρριπίζομεν,
622 1863 671 1890 καὶ
690 1863 883 1899 παυσαμένους
900 1864 946 1891 θο-

153 1907 252 1943 ρύὸους
265 1907 495 1943 ἀνασκαλεύομεν
513 1908 564 1935 οὐκ
576 1908 723 1943 εὐκαίρως,
741 1908 780 1944 μή
799 1909 867 1935 ποτέ
888 1917 946 1940 πως

153 1954 184 1980 τὰ
203 1954 313 1990 ἔσχατα
333 1953 444 1990 χείρονα
462 1953 517 1981 τῶν
531 1954 648 1989 πρώτων
659 1954 771 1990 adpetii};
789 1954 844 1981 Καὶ
859 1954 947 1982 ταῦτά

153 2009 223 2036 φημι
240 2000 349 2035 σφόδρα
367 2000 417 2035 μὲν
437 2000 575 2035 ὲπιτιμῶν
590 2000 632 2033 οἷς
653 2001 793 2036 γέγραφεν
814 2001 829 2028 ό
842 2010 947 2037 μνημο-

154 2046 257 2078 νευθεὶς
272 2045 425 2081 Θεόδωρος,
447 2046 624 2082 ὑφορώμενος
645 2047 675 2073 δὲ
694 2047 757 2079 τοὺς
770 2048 845 2083 παρά
866 2056 947 2075 τινων

154 2092 301 2127 ἐσομένους
317 2092 366 2119 ἐπὶ
379 2092 419 2127 τῷ
434 2093 580 2128 πράγματι
594 2093 726 2128 θορύϐους
737 2101 745 2109 ·
763 2095 800 2129 μὴ
816 2094 871 2128 ἄρα
888 2102 947 2126 πως

156 2139 185 2165 τὰ
195 2138 354 2174 Νεστορίω
371 2138 480 2175 θρηνεῖν
490 2139 626 2175 ἄρξωνται
640 2149 713 2172 τινες
725 2140 947 2176 κατεσκευασμέ-

1004 319 1071 339 vero
1089 311 1162 346 quod
1179 312 1207 339 in
1232 312 1396 346 conscriptis
1411 312 1471 347 ejus
1487 312 1642 339 invenimus
1666 311 1791 346 quaedam

1004 357 1109 386 nefarie
1130 358 1214 391 dicta,
1238 362 1266 386 et
1287 358 1380 385 nimia:
1402 358 1483 392 plena
1509 357 1696 392 blasphemiae,
1720 357 1789 384 nulli

1004 404 1120 432 dubium
1136 408 1178 432 est
1195 408 1269 432 recte
1294 404 1470 439 sapientium.
1497 403 1572 431 Sciat
1586 411 1653 431 vero
1670 408 1716 431 tua
1730 411 1790 431 san-

1003 451 1084 478 ctitas
1099 450 1184 485 quod,
1197 450 1301 485 prolata
1316 449 1389 485 apud
1399 454 1521 477 sanctam
1535 448 1669 484 synodum
1685 449 1790 484 exposi-

1003 498 1077 525 tione
1093 497 1127 525 ab
1141 504 1174 525 eo
1186 496 1347 532 composita,
1366 496 1438 524 sicut
1458 496 1588 524 dicebant
1603 495 1650 530 qui
1666 495 1789 530 protule-

1003 549 1078 576 runt,
1091 543 1161 571 nihil
1173 550 1270 571 sanum
1281 542 1410 575 habente,
1425 541 1582 577 reprobavit
1596 541 1710 576 quidem
1726 548 1788 568 eam

1002 593 1097 617 sancta
1109 589 1240 625 synodus,
1262 592 1358 624 utpote
1367 588 1504 623 perversis
1518 588 1627 623 plenam
1639 586 1787 614 intellecti-

1001 634 1064 668 bus,
1079 638 1108 663 et
1124 634 1323 663 Nestorianam!
1335 634 1502 669 impietatem
1519 633 1597 668 quasi
1616 632 1785 660 emucnlem.

1001 680 1050 708 His
1065 687 1132 708 vero
1151 679 1342 708 condemnatis
1355 679 1402 714 qui
1418 679 1459 707 sic
1479 679 1601 714 sapiunt,
1619 678 1722 705 nullam
1736 678 1787 705 viri

999 728 1160 756 memoriam
1172 727 1274 755 fecerat
1289 727 1483 763 dispensative,
1497 734 1549 754 nec
1562 726 1651 761 ipsum
1663 725 1788 753 nomina-

1000 773 1050 800 tim
1061 772 1229 800 anathemati
1241 772 1359 808 subjecit
1370 776 1483 807 propter
1494 770 1739 806 dispensationem,
1752 777 1787 797 ne

999 818 1112 853 quidam
1132 818 1167 845 ad
1182 817 1413 845 existimationem
1434 817 1487 844 viri
1502 817 1689 852 respicientes,
1714 823 1788 843 sese-

999 864 1074 899 ipsos
1086 864 1122 891 ab
1136 864 1268 892 Ecclesiis
1281 859 1419 899 separent.
1430 863 1603 898 Dispensatio
1615 870 1682 890 vero
1697 863 1725 889 in
1742 861 1787 890 his

998 910 1102 945 optima
1116 917 1161 938 res
1175 914 1217 937 est
1231 913 1259 937 et
1272 909 1392 944 sapiens.
1414 909 1443 937 Si
1466 908 1541 936 enim
1558 908 1649 936 adhuc
1667 908 1696 935 in
1715 908 1786 936 vivis

998 959 1081 990 esset,
1099 960 1127 984 et
1140 955 1259 983 Nestorii
1274 954 1506 990 blasphemiarum
1516 954 1616 986 fautor,
1625 958 1672 981 aut
1684 953 1786 981 suffra-

996 1002 1054 1037 gari
1071 1001 1154 1030 vellet
1164 1000 1199 1029 iis
1214 1008 1275 1036 qua:
1291 1000 1402 1035 scripsit
1416 1000 1484 1035 ipse,
1499 1000 1644 1027 anathema
1655 999 1737 1026 etiam
1756 999 1785 1026 in

996 1047 1107 1082 propria
1121 1054 1239 1082 persona
1254 1047 1393 1075 subiisset.
1408 1046 1543 1080 Quoniam
1557 1053 1623 1073 vero
1639 1045 1673 1072 ad
1699 1045 1785 1072 Deum

997 1092 1075 1125 abiit,
1093 1092 1204 1126 sufﬁcit,
1223 1097 1254 1120 ut
1266 1101 1317 1128 ego
1328 1097 1406 1128 puto,
1418 1099 1450 1120 ea
1465 1099 1526 1127 qua:
1543 1091 1661 1118 absurde
1673 1090 1708 1117 ab
1725 1090 1786 1125 ipso
1803 1102 1806 1104 ·

996 1138 1100 1174 scripta
1117 1143 1182 1166 sunt
1205 1139 1282 1174 rejici
1303 1139 1339 1166 ab
1355 1138 1391 1166 iis
1412 1138 1460 1173 qui
1482 1142 1558 1165 recte
1572 1137 1705 1169 sentiunt,
1720 1143 1785 1163 cum

997 1184 1042 1216 iis,
1066 1184 1114 1219 qui
1137 1184 1166 1211 in
1188 1184 1275 1219 ipsius
1294 1185 1382 1212 libros
1406 1184 1541 1216 incidunt,
1563 1183 1646 1210 etiam
1668 1181 1785 1209 ulterius

996 1229 1126 1263 progredi
1135 1230 1302 1257 tumultuum
1310 1229 1469 1257 occasiones
1476 1235 1674 1262 nonnunquam
1685 1227 1783 1262 pariat.

997 1274 1032 1302 Et
1043 1282 1092 1309 per
1099 1275 1184 1302 alium
1196 1283 1262 1303 vero
1271 1276 1383 1303 modum
1396 1274 1636 1303 anathematizatis
1647 1278 1675 1302 et
1689 1273 1785 1309 ejectis

996 1320 1115 1348 Nestorii
1141 1321 1330 1357 blasphemiis,
1356 1329 1411 1349 una
1433 1329 1497 1348 eum
1519 1321 1560 1348 eis
1573 1320 1660 1356 ejecta
1679 1323 1743 1347 sunt
1757 1323 1786 1346 et

997 1373 1058 1400 quae
1077 1366 1152 1394 illius
1167 1371 1242 1400 sunt,
1256 1367 1402 1402 plurimam
1415 1366 1546 1394 habentia
1562 1366 1597 1393 ad
1615 1366 1666 1393 ista
1684 1372 1786 1392 conso-

997 1411 1130 1439 nantiam.
1153 1412 1187 1439 Et
1202 1413 1225 1440 si
1241 1412 1354 1447 quidam
1380 1412 1434 1440 hoc
1456 1416 1570 1447 agerent
1596 1410 1785 1438 indubitanter

997 1464 1047 1492 per
1071 1457 1233 1491 Orientem,
1260 1459 1422 1494 nullumque
1441 1462 1517 1486 esset
1545 1457 1693 1485 tumultum
1721 1456 1785 1484 inde

1000 1505 1248 1540 sperare,dicerem
1257 1504 1353 1540 utique
1365 1504 1537 1532 nullumesse
1545 1502 1783 1538 impedimentum,

997 1560 1073 1582 nunc
1088 1552 1215 1588 exigieos
1229 1551 1348 1579 etiamin
1361 1550 1470 1586 scriptis
1484 1551 1538 1578 hoc
1549 1550 1649 1577 facere.
1663 1548 1692 1577 Si
1706 1555 1784 1580 vero,

998 1601 1070 1629 sicut
1085 1599 1182 1627 scribit
1195 1598 1323 1625 dominus
1337 1604 1414 1624 meus
1429 1595 1618 1623 sanctissimus
1640 1594 1786 1630 episcopus

998 1645 1152 1674 Antiochiae
1164 1644 1293 1675 Joannes,
1307 1642 1409 1677 eligant
1430 1641 1525 1676 utique
1538 1640 1624 1675 magis
1641 1638 1765 1666 comburi
1775 1657 1783 1669 ,

996 1699 1079 1727 quam
1104 1689 1207 1725 aliquid
1225 1688 1362 1724 ejusmodi
1382 1694 1528 1723 peragere;
1545 1693 1630 1721 quare
1646 1684 1784 1711 flammam

996 1738 1115 1773 sopitam
1140 1735 1349 1767 resuscitamus,
1377 1733 1542 1767 sedatosque
1572 1731 1706 1759 tumultus
1729 1737 1785 1757 non

996 1787 1151 1820 opportune
1161 1788 1374 1813 commovcmus,
1385 1787 1419 1807 ne
1433 1778 1547 1806 forsitan
1555 1784 1675 1813 unquam
1689 1775 1786 1803 ultima

996 1830 1092 1866 primis
1103 1829 1195 1865 pejora
1210 1826 1387 1855 inveniantur
1396 1825 1408 1853 ’ἔ
1416 1825 1450 1852 Ει
1458 1825 1517 1852 hazc
1524 1823 1597 1857 dico,
1605 1822 1785 1850 vehementer

996 1875 1107 1910 quidem
1131 1875 1277 1908 increpans
1301 1879 1363 1907 qua:
1383 1870 1494 1906 scripsit
1510 1872 1678 1897 memoratus
1693 1867 1785 1895 Theo-

996 1921 1091 1954 dorus,
1109 1920 1209 1948 timens
1232 1926 1298 1946 vero
1318 1918 1426 1945 futuros
1445 1924 1460 1943 a
1485 1914 1649 1951 quibusdam
1673 1917 1786 1949 propter

995 1975 1057 1995 eam
1068 1974 1127 1994 rem
1142 1965 1288 1997 tumultus,
1301 1972 1335 1992 ne
1351 1963 1466 1991 forsitan
1476 1962 1569 1997 aliquo
1583 1960 1665 1988 modo
1679 1967 1711 1987 ea
1725 1965 1787 1994 qua:

996 2012 1116 2040 Nestorii
1136 2014 1212 2043 sunt,
1228 2010 1322 2046 lugere
1347 2009 1459 2044 quidam
1477 2007 1619 2035 coloratim
1641 2004 1785 2039 incipiant,

996 2056 1149 2085 secundum
1174 2056 1243 2083 illud
1269 2053 1341 2090 quod
1365 2052 1466 2081 alicubi
1482 2060 1496 2079 a
1514 2055 1595 2087 poeta
1618 2050 1722 2077 dictum
1744 2052 1786 2075 est

996 2101 1068 2136 apud
1085 2101 1163 2135 201
1187 2100 1306 2131 Grzecos,
1322 2098 1396 2133 quod
1414 2097 1559 2125 occasione
1578 2094 1697 2123 Patrocli
1721 2101 1787 2121 suas

997 2146 1168 2174 calamitates
1184 2150 1355 2178 unaquaeque
1379 2142 1500 2176 lugebat.
1521 2140 1550 2168 Si
1564 2139 1647 2175 igitur
1660 2139 1719 2165 hanc
1733 2141 1786 2164 tua:

155 2193 213 2217 νως,
229 2184 295 2212 κατ’
311 2184 403 2211 ἐκεῖνό
417 2193 469 2211 που
484 2185 515 2212 τὸ
532 2185 678 2221 εἰρημένον
694 2186 734 2221 τῷ
748 2187 813 2222 παρ’
833 2186 946 2221 Ἕλλησι

1000 2190 1138 2219 sanctitati
1151 2190 1272 2224 placent,
1281 2187 1401 2215 indicare
1410 2185 1543 2221 digneris,
1558 2182 1786 2211 utcommunibus

155 2232 262 2266 mtqtﬁ,
278 2230 439 2266 Πάτροκλον
458 2231 607 2266 πρόφασιν,
630 2232 705 2267 σφῶν
721 2232 742 2259 δ’
757 2232 849 2259 αὐτῶν
870 2232 946 2267 κήδε’

153 2277 266 2312 ἑκάστη.
283 2277 336 2303 Ἂν
348 2276 440 2304 τοίνυν
454 2277 612 2314 συναρέσκῃ
625 2278 751 2314 ταῦτατῇ
763 2279 797 2314 σῇ
812 2278 945 2313 ὁσιότητι,

154 2322 272 2357 μηνῦσαι
286 2322 470 2357 καταξίωσον,
483 2323 528 2351 ἵνα
542 2324 590 2350 καὶ
603 2324 685 2359 κοινῷ
698 2324 843 2360 γράμματι
858 2333 946 2352 κατα-

154 2368 245 2404 σταλῇ.
269 2368 393 2395 Δυνατδν
413 2369 468 2405 γὰρ
493 2370 611 2402 καὶτοῖς
633 2370 719 2398 ταῦτα
741 2371 871 2406 αἰτήσασι
895 2371 945 2406 τὴν

152 2414 310 2450 οἰκονομίαν
335 2415 533 2451 ἀφηγήσασθαι
551 2417 599 2444 τοῦ
620 2417 794 2453 πράγματος,
807 2417 901 2444 πεῖσαί
914 2426 946 2444 τε

155 2460 247 2493 atracia;
269 2461 389 2496 ⁴Ιιρεμεῐν
408 2461 518 2489 ἑλέσθαι
535 2462 645 2498 μᾶλλον,
669 2464 717 2490 καὶ
741 2463 778 2499 μὴ
796 2463 945 2491 σκανδάλου

157 2507 288 2542 πρόφασιν
297 2509 362 2540 ταῖς
379 2507 556 2544 Ἐκκλησίαις
568 2510 705 2544 γενέσθαι.
714 2511 852 2546 Πέπομφα
860 2511 888 2538 δὲ
898 2512 946 2538 καὶ

154 2550 178 2577 τὸ
189 2552 249 2579 [σον
271 2552 330 2579 τῶν
349 2553 513 2588 γραφέντων
537 2553 605 2589 πρὸς
624 2554 675 2589 ἐμὲ
691 2554 767 2590 παρὰ
786 2554 833 2580 τοῦ
848 2554 944 2588 κυρίου

996 2235 1096 2263 litteris
1110 2234 1284 2262 mandentur.
1307 2233 1401 2260 Potest
1414 2231 1487 2259 enim
1508 2230 1591 2258 etiam
1606 2229 1641 2256 iis
1657 2228 1704 2263 qui
1727 2227 1786 2255 haec

997 2281 1145 2317 petierunt,
1162 2279 1331 2315 dispensatio
1342 2278 1382 2305 rei
1393 2276 1527 2309 enarrari,
1539 2275 1660 2311 ipsisque
1672 2281 1785 2310 persua-

997 2327 1056 2355 deri
1081 2331 1111 2354 ut
1127 2326 1272 2361 quiescere
1289 2325 1398 2357 malint,
1416 2330 1499 2358 quam
1521 2321 1652 2349 Ecclesiis
1665 2318 1786 2348 scandali

996 2371 1169 2400 occasionem
1191 2370 1325 2406 praebere.
1344 2368 1404 2396 Misi
1430 2371 1521 2395 autem
1544 2366 1626 2394 etiam
1647 2364 1787 2399 exemplar

995 2425 1091 2446 eorum
1118 2424 1179 2452 qum
1201 2424 1217 2444 a
1241 2415 1353 2443 domino
1377 2422 1439 2442 meo
1461 2412 1634 2441 sanctissimo
1657 2411 1788 2446 episcopo

997 2465 1102 2493 Joanne
1115 2463 1149 2491 ad
1166 2470 1210 2489 me
1226 2462 1328 2497 scripta
1349 2465 1423 2489 sunt.
1438 2460 1517 2494 Quod
1531 2467 1594 2487 cum
1614 2457 1710 2493 legerit
1722 2464 1786 2483 san-

996 2509 1077 2538 ctitas
1092 2513 1148 2541 tua,
1165 2508 1281 2544 accipiet
1305 2508 1418 2536 omnino
1438 2506 1610 2535 occasionem
1637 2503 1671 2531 ad
1696 2503 1786 2537 ipsum

997 2560 1198 2591 argumentum.

152 2606 198 2633 μου
213 2598 264 2625 τοῦ
286 2599 440 2628 ὀσιωτάτου
465 2599 616 2628 ἐπισκόπου
635 2600 769 2629 Ἰωάννου.
786 2597 821 2636 ᾯ
840 2601 887 2628 καὶ¹
905 2601 1055 2637 ἐντυχοῦσα
1073 2603 1090 2639 ὴ
1105 2602 1138 2640 σὴ
1160 2602 1267 2640 ὁσιότης
1289 2602 1397 2636 δέξεται
1421 2600 1530 2632 πάντως
1558 2595 1697 2633 ὀφθαλμὸν
1716 2598 1729 2613 ¹¹
1745 2595 1786 2627 είς

151 2644 194 2679 τὴν
209 2645 358 2674 ὑπόθεσιν.

704 2723 791 2752 Varia:
807 2723 939 2753 lectiones
949 2725 1054 2754 codicis
1069 2725 1253 2761 Segnior-lani.

183 2805 202 2820 ιι
217 2801 443 2837 προενεγκόντες.
486 2805 500 2819 ιι
518 2800 559 2828 ἵσ.
572 2800 709 2837 ἀφορμὴν.
