4048 6456
481 381 584 437 547

1515 385 1572 440 S.
1612 382 1889 440 CYRiLLl
1926 378 2400 446 ALEXANDRINI
2439 389 2758 447 ARCHIEP.

2098 549 2172 564 —

1816 630 2155 689 EPISTOLA
2193 632 2430 688 LXXIII.

1450 753 1700 797 nassum
1732 757 1970 801 EPlSCOPl
2000 761 2250 802 snsssum
2287 761 2355 801 an
2380 761 2644 802 crmuuu
2680 743 2780 817 (l).

475 854 762 923 Rabbulas,
821 857 913 928 qui
964 856 1088 927 jam
1139 866 1262 912 ante
1324 855 1528 929 aliquot
1585 874 1753 917 annos
1813 875 2019 916 errores
2056 860 2313 916 Theodori
2337 862 2910 928 anathematizauerat,
2933 861 3073 916 hanc
3129 861 3534 927 damnationem
3572 864 3764 921 iterat.

1059 975 1218 1031 Deest
1250 975 1489 1030 initium.

542 1070 666 1127 ιω
689 1085 822 1126 vero
847 1068 1075 1140 quidam
1111 1069 1381 1124 unitatem
1416 1065 1722 1125 secundum
1749 1065 2078 1123 subsisterv

476 1162 608 1221 tiam
638 1162 897 1219 omnibus
919 1161 1099 1217 modis
1124 1160 1403 1217 abdicant.
1431 1160 1659 1216 Morbus
1685 1158 1837 1215 enim
1863 1158 2064 1229 aliquis

462 1254 762 1313 .sublatens
798 1252 1126 1310 inveteravit
1154 1252 1391 1318 Orienti,
1434 1250 1861 1307 immedicabilis
1900 1249 2065 1306 modo

474 1347 724 1402 vulneris
765 1345 1071 1417 depascens
1113 1344 1379 1402 Ecclesia:
1420 1359 1644 1414 corpus,
1691 1351 1751 1400 et
1793 1343 2066 1414 plurimos

474 1438 703 1509 quidem
737 1439 938 1504 latens,
983 1436 1131 1508 apud
1168 1445 1357 1494 autem
1379 1438 1542 1508 quasi
1566 1436 1866 1503 studiosos,
1891 1443 1949 1491 et
1970 1452 2065 1493 su-

474 1531 706 1602 percilia
739 1530 1068 1586 extollentes
1094 1528 1432 1595 eruditione,
1461 1530 1701 1585 latenter
1737 1530 2061 1586 honoratus.

476 1627 784 1696 Episcopus
822 1625 973 1680 enim
1015 1624 1242 1695 quidam
1273 1624 1575 1695 provinciae
1604 1623 1843 1681 Cilicum
1880 1624 2064 1680 Theo-

475 1718 667 1781 dorus,
689 1718 777 1773 vir
800 1716 1122 1773 verisimilis
1142 1715 1391 1784 dicendi,
1409 1724 1470 1772 et
1486 1725 1685 1787 potens
1705 1715 2063 1787 persuadere,

475 1811 587 1866 alia
616 1811 841 1881 quidem
870 1825 1039 1880 super
1060 1808 1325 1864 tribunali
1347 1808 1597 1865 ecclesias
1628 1809 1820 1865 statim
1845 1808 2067 1864 dicebat

472 1903 543 1958 ad
585 1901 773 1973 populi
816 1901 1170 1973 plaeentiam,
1199 1899 1339 1956 alios
1384 1906 1574 1955 autem
1610 1898 1837 1969 laqueos
1873 1898 2064 1969 perdi-

472 1995 643 2050 tionis
690 1994 746 2051 in
793 1994 1017 2065 scriptis
1060 1993 1325 2065 ponebat,
1371 1992 1468 2063 qui
1513 1991 1572 2049 in
1609 1991 1900 2063 principiis
1924 2007 2063 2063 quo-

473 2087 726 2142 rumdam
751 2088 873 2160 ejus
910 2079 1166 2143 cedicum
1205 2086 1554 2142 anathemate
1592 2084 2067 2141 circumcludebat

473 2180 862 2252 inspicientem
891 2195 1004 2237 non
1033 2179 1386 2253 manifestare
1409 2179 1534 2235 aliis
1558 2178 1766 2249 scripta
1792 2177 1920 2233 ista.
1944 2177 2068 2233 Pri-

2091 981 2141 1040 Δι
2166 985 2255 1035 est
2292 977 2361 1035 de
2390 977 2783 1034 humanatione
2809 994 2825 1031 :
2849 991 2956 1032 nec
3003 976 3152 1033 enim
3200 975 3397 1034 dicunt
3445 979 3763 1035 secundum

2166 1071 2555 1138 substantiam,
2593 1072 2686 1129 vel
2722 1070 3030 1128 secundm
3075 1069 3495 1128 subsistendum
3524 1071 3611 1145 (2)
3636 1076 3764 1130 uni-

2166 1172 2289 1221 tum
2315 1179 2439 1220 esse
2468 1164 2582 1221 Deo
2606 1162 2791 1219 Verbo
2813 1162 3129 1230 hominem;
3166 1163 3263 1219 sed
3292 1163 3439 1219 bona
3470 1165 3763 1228 voluntate

2165 1255 2424 1327 quadam,
2469 1262 2737 1326 tanquam
2778 1255 2966 1311 divina
3005 1261 3204 1311 natura
3253 1270 3367 1311 non
3413 1257 3761 1328 suscipiente

2166 1349 2403 1405 alterum
2432 1347 2661 1403 modum
2676 1346 2912 1403 unitatis
2930 1353 3162 1417 propter
3183 1361 3297 1402 non
3319 1346 3759 1419 circumscripti-

2165 1439 2299 1495 bile.
2344 1440 2455 1495 lete
2498 1447 2556 1495 et
2579 1438 2879 1493 Dominum
2929 1447 3186 1495 nostrum
3232 1438 3420 1495 Iesum
3467 1438 3759 1501 Christum

2166 1529 2307 1585 dixit
2328 1544 2441 1584 non
2478 1536 2743 1600 oportere
2760 1528 2981 1584 adorari
3018 1529 3165 1585 sicut
3185 1528 3500 1598 Dominum,
3528 1531 3628 1587 sed
3663 1546 3759 1587 re-

2164 1620 2371 1678 latione
2417 1620 2539 1688 Dei,
2576 1620 2837 1677 honorari
2887 1619 3032 1676 sicut
3081 1620 3381 1693 imaginem
3416 1623 3758 1693 quamdam;

2165 1714 2340 1786 magis
2360 1721 2549 1769 autem
2571 1712 2920 1769 manifestius
2939 1712 3248 1769 secundum
3266 1728 3363 1770 eos
3384 1712 3594 1782 dicere,
3612 1716 3762 1772 sicut

2166 1806 2340 1863 instar
2362 1807 2573 1878 aliquid
2602 1806 2872 1863 relatione
2898 1806 3196 1863 assidentis
3237 1806 3522 1864 daemonis.
3551 1807 3664 1864 Iste
3704 1817 3763 1865 et

2165 1914 2389 1957 carnem
2415 1898 2636 1955 Domini
2661 1899 3044 1971 pronuntiavit
3064 1898 3204 1956 nihil
3222 1899 3449 1957 omnino
3467 1898 3751 1971 prodesse,

2166 1991 2441 2062 dissipans
2456 1989 2675 2046 Domini
2704 2006 2922 2058 vocem,
2949 2006 3074 2062 quae
3100 1998 3186 2047 est
3210 2009 3224 2046 :
3258 2010 3278 2043 ι
3304 1989 3445 2047 Caro
3468 1991 3610 2046 nihil
3633 2006 3755 2062 pro-

2165 2084 2290 2140 dest
2309 2083 2376 2139 “.
2409 2102 2428 2136 ι
2472 2083 2584 2139 Iste
2627 2090 2685 2140 et
2726 2084 3037 2155 apostolum
3083 2083 3221 2140 dicit
3265 2097 3379 2140 non
3434 2083 3764 2155 cognovisse

2164 2176 2445 2234 Christum
2472 2175 2623 2248 quod
2645 2176 2795 2232 Deus
2818 2183 2961 2242 erat,
2993 2175 3090 2232 sed
3120 2190 3288 2248 supra
3318 2175 3491 2232 "ﬁdem
3516 2191 3643 2246 qua:
3675 2186 3768 2232 est

473 2285 627 2325 mum
650 2272 928 2342 exposuit,
961 2286 1074 2327 non
1103 2286 1227 2327 esse
1250 2285 1381 2327 vere
1422 2270 1521 2327 Dei
1560 2269 1901 2327 Genitricem
1938 2286 2065 2327 san-
2098 2334 2137 2342 _
2167 2269 2225 2325 in
2249 2268 2495 2336 homine,
2518 2267 2843 2325 aediﬁcatam
2871 2282 2994 2324 esse
3015 2268 3319 2324 Ecclesium
3340 2268 3414 2323 ιτ.
3446 2268 3521 2325 De
3545 2267 3768 2339 gehen-

471 2370 617 2418 ctam
650 2334 953 2435 Virginem,
975 2372 1239 2435 tanquam
1264 2364 1379 2419 Deo
1403 2361 1588 2419 Verbo
1605 2378 1719 2419 non
1733 2362 2070 2433 suscipiente
2098 2334 2144 2391 Β
2174 2376 2246 2416 na
2278 2360 2375 2416 hic
2399 2334 2853 2416 ratiocinationes
2895 2372 3091 2415 eorum
3139 2373 3255 2414 non
3299 2366 3387 2414 est
3432 2334 3613 2414 tutuin
3664 2374 3772 2430 per

468 2456 776 2512 secundum
797 2472 901 2513 nos
921 2456 1289 2512 nativitatem.
1319 2456 1439 2513 Hoc
1454 2471 1632 2527 usque
1657 2454 1843 2512 adhuc
1862 2454 2063 2522 latens,

470 2563 541 2603 ne
563 2556 808 2619 tempore
828 2549 1098 2620 ampliore
1120 2548 1509 2604 conﬁrmatum
1529 2548 1731 2604 fortius
1749 2552 2065 2619 putaretur,

470 2642 776 2697 secundum
796 2641 1069 2715 judicium
1090 2640 1191 2696 Dei
1216 2641 1423 2697 oblitus
1443 2640 1731 2697 Nestorius
1750 2653 1910 2695 novat
1928 2635 2067 2693 inci-

470 2733 644 2792 siouis
662 2741 858 2790 auctor
874 2734 1198 2806 publicavit.
1221 2733 1489 2805 Sequitur
1503 2740 1689 2791 autem
1711 2733 1821 2792 hoc
1836 2738 1894 2788 et
1914 2725 2069 2801 quod

2076 2867 2145 2884 —

2175 2450 2391 2507 litteras
2439 2448 2772 2521 signiﬁcare.
2829 2448 2925 2504 Isti
2975 2455 3108 2505 sunt
3156 2448 3404 2505 thesauri
3458 2448 3773 2519 impietatis

2166 2558 2365 2599 eorum
2415 2542 2621 2613 quibus
2664 2540 2992 2613 jamdudum
3042 2541 3284 2597 latenter
3324 2539 3673 2607 fruebantur,
3714 2551 3777 2597 et

2166 2636 2380 2702 volunt,
2414 2635 2459 2691 si
2484 2634 2748 2706 possibile
2774 2641 2880 2701 est,
2909 2649 3089 2706 usque
3118 2635 3189 2691 ad
3217 2633 3383 2692 ﬁnem
3423 2634 3773 2691 obumbrare

2168 2728 2431 2785 timentes
2454 2727 2575 2798 pias
2599 2742 2763 2784 aures
2790 2727 3000 2799 populi.

1682 2958 2025 3019 EPISTOLA
2060 2959 2276 3017 LXXIV
2317 2957 2412 3032 (al.
2452 2957 2591 3030 LV).

1523 3093 1734 3138 CYRILLI
1769 3095 1841 3135 ΔΙ)
1863 3094 2140 3137 Μηυιωι
2176 3094 2468 3136 ειηεοονωι
2496 3092 2728 3135 ΕΒΕΒεΑΕ.

1326 3193 1461 3266 Ejus
1486 3194 1747 3266 feruorem
1772 3196 1831 3250 in
1850 3211 2015 3252 causa
2036 3195 2162 3265 ﬁdei
2194 3195 2381 3270 multis
2408 3194 2656 3273 laudibus
2679 3191 2905 3250 extollit.

546 3304 627 3361 Ad
658 3304 1145 3376 incomparabilem
1181 3308 1476 3378 quamdam
1506 3309 1871 3376 alacritatem,
1911 3318 1968 3366 et
1996 3309 2064 3366 ad

472 3399 955 3471 inexpugnabilem
980 3398 1374 3457 conﬁdentiam
1390 3409 1611 3459 nostras
1629 3403 1838 3459 excitat
1853 3402 2067 3459 animus

2173 3318 2268 3366 tua
2294 3308 2576 3380 splenduit
2602 3307 2888 3375 sanctitas,
2910 3305 3187 3383 prmcipue
3203 3315 3388 3366 autem
3410 3308 3596 3376 modo,
3620 3309 3774 3369 facta

2172 3402 2434 3461 omnibus
2484 3398 2857 3459 Orientalibus
2911 3398 3169 3456 columba
3229 3408 3288 3458 et
3339 3399 3765 3459 fundamentum

472 3493 915 3564 sapientissimus
944 3494 1150 3550 Paulus
1169 3536 1185 3563 ,
1241 3495 1324 3552 sic
1367 3496 1620 3551 scribens
1655 3514 1668 3549 :
1702 3516 1720 3548 ι
1778 3495 1913 3564 Quis
1964 3512 2067 3553 nos
2096 3527 2141 3589 ρ
2171 3494 2424 3552 veritatis
2455 3494 2524 3560 ⁸ο,
2554 3501 2612 3549 et
2632 3492 2777 3553 sicut
2802 3492 3452 3564 quemdam‘pestiferum
3480 3495 3774 3565 expellens

473 3586 755 3657 separabit
788 3602 817 3641 a
843 3587 1115 3643 charitate
1141 3586 1385 3643 Christi?
1406 3587 1718 3644 Tribulatio
1738 3630 1752 3655 ,
1790 3604 1860 3644 an
1891 3605 2068 3661 angu-
2104 3583 2141 3589 ’
2169 3589 2450 3655 morbum,
2485 3602 2643 3644 nova:
2692 3595 2749 3642 et
2786 3583 3173 3661 abominandae
3217 3586 3490 3644 haereseos
3520 3585 3771 3644 Neswrii

472 3678 609 3744 stia,
647 3694 716 3733 an
760 3678 1108 3748 persecutio,
1142 3694 1211 3733 an
1241 3678 1446 3744 fames,
1481 3694 1548 3734 an
1584 3679 1834 3745 nuditas,
1874 3695 1941 3735 an
1974 3695 2072 3752 pe-

474 3770 743 3833 riculum,
787 3786 858 3824 an
908 3770 1122 3841 gladius
1143 3769 1233 3823 "‘i
1266 3790 1284 3824 ι
1332 3770 1480 3827 Nihil
1520 3773 1669 3827 enim
1719 3771 2067 3828 intolerabile

473 3868 561 3918 est
604 3862 687 3917 eis
738 3862 834 3933 qui
879 3861 1115 3919 ﬁrmiter
1183 3863 1332 3935 apud
1380 3881 1439 3920 se
1489 3873 1739 3933 statuunt
1785 3872 2068 3920 certamen

475 3953 605 4009 ﬁdei
639 3962 878 4020 certare,
905 3969 1128 4011 cursum
1149 3954 1441 4028 perﬁcere,
1466 3956 1630 4014 ﬁdem
1647 3971 1890 4023 servare,
1918 3964 1982 4010 ut
2007 3964 2065 4012 et

476 4044 911 4117 incorruptionis
953 4055 1271 4104 mereantur
1317 4064 1581 4106 coronam
1631 4050 1700 4105 ".
1739 4048 1895 4105 Sicut
1928 4064 2062 4106 vero

474 4136 745 4194 sollicitos
771 4137 980 4208 Optime
1026 4139 1358 4211 gubernare,
1390 4157 1504 4197 non
1536 4141 1595 4195 in
1639 4140 1936 4198 serenitate
1960 4153 2062 4193 na-

473 4228 681 4300 vigare,
725 4228 824 4285 sed
869 4228 927 4284 in
981 4237 1305 4302 tempestate
1357 4248 1520 4305 posse
1570 4246 1763 4287 navem
1816 4245 2061 4297 servare,

391 4307 397 4318 ’
429 4380 435 4391 ,
474 4320 900 4392 probatissimos
927 4322 1210 4380 deelarat:
1244 4325 1326 4384 sic
1350 4327 1520 4383 etiam
1548 4326 1774 4381 sortitos
1799 4324 2063 4381 Ecclesiis

474 4414 795 4485 pratsidere,
839 4432 952 4472 non
990 4418 1308 4475 omnimodo
1342 4436 1532 4474 rerum
1571 4418 1843 4475 serenitas
1883 4410 2064 4472 claros

475 4504 853 4577 demonstrat;
887 4509 1060 4581 magis
1088 4526 1222 4566 vero
1251 4510 1477 4567 solertia
1499 4511 1555 4566 in
1583 4510 2059 4574 tribulationibus,

476 4612 533 4653 et
562 4596 849 4667 fortitudo,
879 4609 936 4657 et
977 4602 1267 4675 patientia,
1308 4611 1366 4658 et
1416 4602 1636 4658 fortiter
1683 4601 1947 4659 resistere
1978 4601 2063 4655 in-

476 4688 768 4749 stabilibus
792 4692 1184 4769 haereticorum
1199 4693 1569 4750 sermonibus.
1585 4694 1814 4764 Semper
1835 4690 2061 4762 quidem

2165 3678 2744 3753 blasphemiam.Nam
2768 3677 3022 3751 procedit
3045 3677 3269 3749 quidem
3283 3692 3353 3734 ex
3378 3677 3557 3735 altera
3576 3679 3771 3736 radice

2167 3775 2342 3849 (illius
2360 3773 2485 3830 dico
2518 3772 2615 3845 qui
2651 3772 2721 3829 de
2754 3769 2950 3828 Cilicia
2978 3769 3121 3843 erat)
3148 3770 3254 3826 ista
3281 3769 3541 3842 impietas
3575 3788 3590 3824 :
3620 3773 3773 3829 arbi-

2164 3874 2342 3924 tratus
2373 3881 2506 3923 vero
2533 3872 2641 3933 est,
2678 3862 2828 3935 quod
2861 3861 3077 3920 tenebit
3101 3862 3297 3920 orbem
3327 3870 3603 3920 terrarum
3631 3879 3761 3935 pro-

2167 3967 2293 4031 pter
2322 3956 2628 4030 potentiam
2653 3954 2845 4012 nescio
2882 3954 3162 4027 quomodo
3190 3954 3274 4011 illi
3309 3954 3517 4013 datam.
3559 3954 3759 4026 Rapuit

2168 4052 2320 4110 enim
2346 4051 2535 4109 sedem
2557 4049 2937 4117 fortissimam,
2968 4058 3025 4107 et
3045 4049 3227 4107 factus
3240 4055 3325 4108 est
3353 4050 3515 4108 cibus
3536 4047 3770 4106 draconi

2169 4145 2346 4203 multa
2371 4144 2551 4215 capita
2581 4142 2809 4200 habenti
2835 4160 2848 4196 :
2882 4142 3127 4214 speravit
3151 4158 3287 4200 vero
3306 4143 3473 4200 etiam
3494 4142 3616 4214 ipse
3635 4158 3774 4199 san-

2170 4246 2286 4293 ctas
2331 4235 2430 4293 Dei
2482 4235 2759 4292 Ecclesias
2801 4232 3089 4302 devorare,
3118 4240 3175 4290 et
3211 4248 3405 4291 omnes
3448 4233 3776 4305 apprehen-

2171 4330 2303 4388 dere
2340 4330 2436 4405 “_:
2479 4338 2537 4385 ct
2578 4328 2687 4384 nisi
2731 4344 2834 4385 nos
2876 4330 3144 4386 salvasset
3192 4328 3342 4387 Deus
3386 4324 3776 4395 omnipotens,

2169 4422 2548 4495 praevaluisset
2584 4421 2803 4493 utique,
2837 4428 3106 4493 quantum
3150 4419 3222 4476 ad
3260 4418 3564 4492 potentiam
3591 4431 3780 4473 cona-

2170 4522 2328 4571 tuum
2378 4516 2625 4586 pertinet
2678 4515 2798 4587 ejus
2820 4554 2835 4578 ,
2892 4513 3302 4585 sceleratasque
3365 4508 3779 4569 concursiones

2169 4605 2393 4661 illorum
2426 4605 2522 4676 qui
2554 4620 2683 4661 eum
2713 4605 3022 4662 continent.

1626 4984 1627 4993 χ
1668 4916 2008 4974 EPISTOLA
2044 4918 2236 4975 LXXV
2277 4916 2372 4989 (οι.
2413 4915 2571 4990 LVI).

1350 5047 1532 5088 ATTICI
1561 5046 2185 5090 CONSTANTINOPOUTANI
2225 5046 2474 5089 ενιεεορι
2498 5046 2564 5088 ΔΙ)
2602 5046 2885 5109 ογκιιιυιί.

754 5146 981 5204 Joannis
1013 5149 1371 5222 Chrysostomi
1400 5167 1612 5219 nomen,
1638 5154 1847 5224 cognita
1872 5153 1986 5226 ejus
2015 5154 2340 5222 innocentia,
2376 5152 2633 5233 diptychis
2668 5153 2832 5208 inseri
2855 5153 3077 5225 jussisse
3098 5169 3157 5208 se
3181 5151 3472 5227 signiﬁcat.

548 5266 764 5323 Atticus
791 5264 999 5339 Cyrillo
1032 5267 1373 5325 felicitatem.

550 5356 852 5415 lncidimus
911 5373 982 5414 eo
1029 5375 1141 5431 quo
1193 5376 1304 5417 non
1342 5370 1736 5433 putaveramus
1788 5382 1802 5418 :
1859 5374 1917 5421 et
1973 5381 2066 5421 ac-

546 5511 594 5590 ‘_°
616 5512 773 5569 Joan.
805 5531 885 5590 vr,
915 5515 969 5570 4.
1044 5515 1091 5549 "'
1122 5515 1314 5572 Matth.
1343 5533 1451 5585 im,
1477 5517 1543 5575 16
1572 5534 1725 5590 50W-

476 5579 523 5614 "
548 5583 720 5656 Apoc.
753 5601 828 5651 xi,
862 5586 889 5639 l
923 5600 1076 5656 seqq.

548 5714 625 5853 pg
655 5714 850 5782 Mansi,
881 5713 1082 5771 Concil.
1112 5714 1353 5799 111.9147.
1408 5790 1419 5802 _
2010 5788 2022 5801 _

568 5786 604 5837 Ξ
656 5784 746 5838 ναι
786 5785 1073 5841 secundum
1119 5787 1531 5845 subsistenttam.
1586 5789 1715 5845 llaec
1762 5789 1963 5844 desunt
2008 5806 2022 5843 ι

568 5784 625 5845 2)
656 5784 746 5838 Vel
786 5785 1073 5841 secundum
1119 5787 1531 5845 subsistentiam.
1586 5789 1715 5845 llaec
1762 5789 1963 5844 desunt
2008 5788 2065 5843 in

484 5855 674 5912 codice
732 5855 1120 5916 Bellovacensi.
1182 5860 1371 5927 Recte,
1421 5871 1483 5918 ut
1535 5860 1751 5933 opinor.
1801 5861 2067 5918 Videntur

2256 5270 2503 5335 Ἀττικὸς
2530 5268 2784 5341 Κυρίλλῳ
2812 5265 2873 5323 εὖ
2908 5270 3192 5341 πράττειν.

2248 5364 2763 5437 Περιπεπτώκαμεν
2795 5357 2878 5427 οἷς
2912 5363 2990 5435 μὴ
3030 5360 3433 5435 προῃρήμεθα·
3477 5360 3571 5413 καὶ
3599 5361 3793 5434 στὲρο

1835 5518 1882 5553 ⁸⁸
1912 5521 2074 5577 Rom.

2167 5537 2231 5588 at,
2262 5520 2353 5576 55.
2458 5519 2504 5552 ⁸³
2532 5518 2578 5574 II
2628 5518 2771 5574 Tim.
2808 5533 2883 5584 tv,
2935 5519 2989 5587 7,
3023 5517 3074 5573 8.
3190 5517 3236 5549 ⁵⁸
3291 5516 3313 5571 1
3355 5514 3501 5571 Tim.
3544 5530 3627 5581 ut,
3678 5516 3790 5573 15.

2172 5718 2321 5774 enim
2349 5733 2471 5773 esse
2494 5718 2799 5774 admonitio
2831 5717 3046 5773 librarii
3089 5714 3396 5772 dubitantis
3440 5722 3564 5770 utra
3594 5714 3802 5776 lectio

2174 5789 2561 5862 essetmclipr,
2606 5797 2663 5843 et
2694 5790 2889 5847 lectori
2931 5786 3206 5862 judicium
3254 5786 3534 5859 integrum
3586 5787 3797 5845 relin—

2177 5860 2419 5932 quentis.
2459 5859 2653 5917 BALl‘Z.
