4048 6442
200 409 310 480 349

1588 404 1922 462 EPISTOLA
1959 406 2190 463 LXXIV.

3393 411 3499 469 550

203 546 325 603 γειν
346 521 793 594 ἀναγκαζόμεθα
820 521 892 575 τὰ
921 520 997 592 μὴ
1039 518 1180 575 κατὰ
1211 517 1437 591 γνώμην
1471 521 1603 593 ἡμῖν
1635 523 1813 593 ἀπην-

1923 524 2261 594 quiescimus
2283 522 2609 580 necessitate
2635 523 2689 578 in
2718 540 2785 580 eo
2815 526 2962 595 quod
2989 525 3172 581 minus
3184 541 3248 582 ex
3275 537 3498 582 senten—

210 620 438 695 τηκότα,
478 617 581 670 τοῦ
627 614 846 668 δικαίου
895 613 958 666 τὸ
1008 611 1286 676 λυσιτελὲς
1349 614 1816 684 προτιμήσαντες,

226 714 320 770 καὶ
355 709 495 780 πρὸς
535 707 641 780 τὴν
674 706 781 760 τῶν
821 704 970 758 λαῶν
993 704 1246 776 ὁμόνοιαν
1289 705 1660 769 έπικλιθέντες
1703 709 1818 773 τοῖς

229 800 521 871 λογισμοῖς,
557 796 755 851 κανόσι
803 793 905 865 μὲν
939 796 1054 858 τοῖς
1086 792 1198 846 τῶν
1223 792 1484 864 Πατέρων
1523 793 1598 866 μὴ
1640 794 1817 866 λυμη-

223 897 462 965 νάμενοι,
491 890 599 961 τῆς
621 888 681 942 δὲ
711 885 978 958 ἀκριϐοῦς
1008 885 1365 954 λεπτολογίας
1383 885 1482 956 τὴν
1509 886 1609 957 τῆς
1638 886 1817 940 οἰκου-

214 985 382 1057 μένης
416 981 659 1053 εἰρήνην
697 977 1136 1050 προτεθεικότες.
1169 973 1299 1031 Οἶδα
1334 977 1434 1048 μὲν
1465 971 1557 1032 οὖν
1599 977 1695 1032 καὶ
1725 977 1816 1030 τὸν

210 1075 496 1146 μακάριον
531 1069 758 1127 Παῦλον
789 1071 848 1123 έν
891 1067 971 1140 τῷ
1019 1068 1367 1141 θεσμοθετεῖν
1411 1070 1534 1133 ταῖς
1581 1068 1816 1139 Ἐκκλη-

213 1169 371 1232 σίαις,
419 1164 628 1235 σαφῶς
665 1162 770 1227 τὰς
795 1161 1087 1226 ὑποθέσεις
1112 1163 1571 1235 οἰκονομήσαντα.
1604 1155 1735 1218 Οἶδα
1757 1162 1816 1217 δὲ

211 1262 300 1315 καὶ
343 1258 446 1313 τὸν
481 1257 544 1311 ὲν
577 1255 765 1325 ἁγίοις
810 1256 1029 1328 πατέρα
1057 1255 1150 1310 τὸν
1177 1255 1292 1322 σὺν,
1325 1255 1416 1310 τὸν
1463 1255 1815 1312 ίσαπόστολον

207 1351 495 1421 Θεόφιλον,
534 1347 638 1402 ἐπὶ
663 1349 769 1419 τῆς
807 1346 1130 1418 Ἑλληνικῆς
1175 1347 1494 1419 συγχύσεως
1530 1347 1630 1420 τὴν
1661 1349 1817 1420 είρή-

205 1457 301 1511 νην
341 1441 451 1510 τῆς
480 1439 648 1510 παρὰ
678 1437 862 1510 βραχῦ
897 1437 1190 1509 ἀκριϐείας
1238 1439 1708 1511 προτετιμηκότα.
1747 1442 1816 1494 At

210 1536 310 1604 γὰρ
336 1533 406 1606 δὴ
445 1533 727 1604 μέγισται
744 1530 857 1586 τῶν
877 1531 1085 1586 πόλεων
1103 1531 1518 1603 κυμαινομένης
1536 1532 1818 1602 Θαλάσσης

216 1627 448 1696 κύμασιν
487 1626 765 1691 ἐοικυῖαι,
802 1622 948 1678 κατὰ
975 1625 1075 1689 τὰς
1095 1622 1321 1696 γνώμας
1353 1624 1460 1679 τῶν
1488 1625 1813 1697 οἰκητόρων,

214 1718 269 1770 οὐ
286 1715 554 1770 τοσοῦτον
583 1717 782 1787 νόμοις
813 1716 909 1770 καὶ
926 1715 1235 1782 διατάξεσιν
1251 1717 1504 1789 ἀκριϐέσι
1534 1717 1813 1787 πεφύκασι

212 1810 522 1874 πείθεσθαι,
573 1810 707 1863 ὅσον
755 1808 1098 1878 διακρίσεσιν
1130 1809 1636 1881 εὐμεταχειρίστοις
1691 1810 1812 1880 βλε-

209 1903 443 1966 πούσαις
463 1903 610 1973 πρὸς
639 1902 872 1972 είρήνην
899 1901 994 1954 καὶ
1030 1901 1358 1972 σύμπνοιαν.
1377 1902 1541 1957 Ὅτου
1570 1903 1629 1957 δὲ
1653 1903 1814 1974 χάριν

204 1993 478 2064 ὲκτὶθημι
506 1992 685 2046 ταῦτα
713 1990 781 2044 τὰ
811 1989 1144 2062 γράμματα,
1189 1989 1450 2061 μάνθανε.
1487 1991 1671 2060 Ἔγνω
1709 2008 1812 2045 που

220 2085 460 2148 πάντως
482 2087 528 2158 ὴ
551 2084 624 2156 σὴ
643 2084 892 2154 ὁσιότης,
936 2083 1140 2155 μᾶλλον
1185 2084 1243 2138 δὲ
1270 2083 1524 2139 τεθέαται
1569 2085 1682 2146 τοῖς
1712 2083 1813 2154 ὀφ-

232 2179 477 2250 θαλμοῖς
532 2177 751 2242 ἐκείνοις
789 2173 992 2248 οἷσπερ
1046 2173 1184 2231 οἶδεν
1225 2176 1254 2230 ὀ
1295 2177 1354 2230 ὲν
1391 2177 1570 2246 ἁγίοις
1623 2177 1814 2248 Πατὴρ

235 2269 403 2342 ἡμῶν
427 2271 458 2323 ὁ
489 2265 760 2339 Θεόφιλος,
783 2270 872 2322 οἵα
914 2268 1011 2323 καὶ
1044 2269 1146 2340 ὅση
1173 2268 1390 2340 ταραχὴ
1415 2267 1682 2322 κατέλαϐε
1713 2267 1814 2340 τὴν

233 2359 604 2431 μεγαλᾶωλιν
625 2375 638 2390 ⁸
673 2361 764 2415 καὶ
789 2361 949 2423 ὅπως
981 2361 1048 2414 ὲκ
1065 2359 1175 2414 τῶν
1204 2358 1423 2432 βάθρων
1457 2353 1638 2414 αὐτῶν
1665 2360 1816 2414 ἐκιν-

223 2450 484 2503 δύνευσεν
517 2449 550 2519 ἦ
586 2448 818 2522 εὐσεϐὴς
851 2450 1040 2514 πίστις
1063 2449 1490 2521 κατασεισθῆναι
1511 2465 1526 2481 ο
1553 2449 1693 2504 ὥστε
1719 2448 1816 2504 καὶ

221 2543 376 2597 αὐτὸν
423 2541 519 2595 τὸν
568 2541 712 2595 λεὼν
761 2542 1050 2614 τμηθέντα
1085 2541 1164 2614 τῷ
1219 2543 1428 2597 πλείονι
1473 2542 1654 2614 μέρει,
1704 2542 1816 2596 τῶν

221 2633 411 2703 τειχῶν
437 2632 606 2697 ἐκτὸς
642 2632 1130 2704 συναθροίζεσθαι,
1149 2635 1247 2689 καὶ
1275 2632 1402 2698 τοὺς
1428 2631 1609 2704 ίερέας
1636 2649 1697 2686 τε
1721 2631 1818 2688 καὶ

213 2725 664 2789 συνεπισκόπους
693 2725 1092 2798 ἀπορραγῆναι
1115 2723 1216 2795 τῆς
1241 2725 1379 2798 πρὸς
1406 2724 1672 2797 ἀλλήλους
1697 2743 1821 2785 κοι-,

198 2817 420 2884 γωνίας,
446 2818 560 2890 τὴν
587 2817 816 2890 ἀγαθὴν
854 2818 1082 2889 φυτείαν
1115 2819 1211 2874 τοῦ
1242 2817 1520 2874 Δεσπότου
1553 2817 1815 2889 Χριστοῦ,

197 2912 257 2966 τὺ
296 2911 400 2983 τῆς
441 2913 689 2986 εἰρήνης
737 2911 886 2983 λέγω
917 2911 1107 2978 καλὸν,
1158 2911 1356 2984 μικροῦ
1387 2911 1817 2976 διασπάσαντας.

205 3004 404 3075 Διόπερ
429 3003 629 3074 πολλῷ
661 3003 766 3074 μὲν
791 3003 965 3074 πόνῳ,
1003 3001 1184 3074 πολλῷ
1211 3003 1266 3056 δὲ
1293 3002 1478 3075 ίδρῶτι
1508 3001 1605 3057 καὶ
1637 3001 1820 3057 κινδύ-

207 3113 310 3160 νοις
339 3095 635 3165 γέμουσιν
682 3093 1056 3164 ἀπογνώσεως
1089 3094 1161 3148 τά
1201 3093 1376 3148 πλείω
1418 3094 1514 3150 καὶ⁵
1547 3093 1818 3166 προτιμό-

1922 617 2208 674 tia.nostra
2224 617 2514 686 processit,
2534 616 2825 672 utilitatem
2849 619 3076 688 iustitiae
3087 629 3498 690 praeponentes;

1919 718 1976 764 et
1997 707 2426 778 cogitationibus
2455 709 2658 764 nostris
2689 709 2757 763 ad
2798 709 2985 779 pepuli
3029 711 3380 766 concordiam
3412 711 3499 764 in-

1919 796 2146 861 clinati,
2206 798 2515 852 canentibus
2550 797 2775 867 quidem
2838 799 3064 854 Patrum
3108 799 3502 855 detrimentum

1919 890 2134 944 nullum
2166 889 2453 945 afferimus
2479 912 2488 945 .
2523 900 2728 946 exacta
2760 899 2946 945 autem
2978 892 3273 947 verborum
3306 893 3500 947 obser-

1916 982 2124 1038 vationi
2191 982 2444 1038 universi
2499 983 2654 1039 orbis
2711 998 2907 1054 pacem
2966 983 3330 1053 prazferimus.
3380 985 3501 1039 Non

1919 1078 2114 1150 ignoro
2143 1077 2402 1150 equidem
2433 1087 2491 1134 et
2514 1079 2738 1134 beatum
2771 1078 3024 1144 Paulum,
3067 1093 3196 1133 cum
3235 1077 3502 1134 ecclesia-

1917 1173 2086 1228 sticas
2111 1172 2306 1229 ederet
2335 1173 2780 1238 constitutiones,
2808 1172 3087 1242 sapienter
3113 1170 3506 1227 occasionibus

1916 1263 2147 1334 provida
2171 1263 2584 1334 dispensatione
2616 1280 2775 1320 usum
2796 1279 2938 1320 esse.
2964 1262 3090 1319 Scio
3113 1262 3301 1326 etiam,
3329 1262 3422 1331 qui
3447 1263 3512 1316 in-

1917 1355 2081 1425 202
2102 1363 2416 1411 sanctorum
2433 1369 2664 1410 numero
2689 1364 2948 1412 censetur
2973 1364 3186 1426 patrem
3203 1363 3358 1410 tuum
3379 1370 3508 1425 apo-

1916 1447 2171 1501 stolicum
2185 1445 2574 1516 Theophilum,
2584 1445 2640 1500 in
2653 1446 2978 1502 confusione
2998 1453 3056 1500 et
3077 1446 3238 1501 turba
3256 1462 3288 1500 a
3301 1446 3506 1502 Graeca:

1915 1535 2330 1606 superstitionis
2376 1534 2643 1590 studiosis
2672 1535 2932 1600 excitata,
2969 1543 3218 1589 exactam
3243 1535 3311 1589 ad
3338 1535 3505 1594 breve

1918 1633 2134 1695 tempus
2161 1625 2606 1681 observationem
2637 1625 2758 1694 paci
2814 1624 3220 1694 posthabuisse.
3259 1623 3506 1680 Maximae

1915 1718 2064 1774 enim
2096 1732 2328 1788 quaeque
2359 1717 2528 1772 urbes
2555 1717 2750 1787 pelago
2775 1715 3039 1771 fluetibus
3060 1715 3338 1784 exagitato
3376 1729 3504 1784 pcr-

1916 1814 2148 1879 similes,
2181 1829 2252 1868 ex
2269 1811 2546 1869 sententia
2567 1811 2775 1867 civium
2804 1826 2918 1866 non
2943 1817 3052 1864 tam
3082 1825 3294 1865 summa
3323 1811 3505 1879 legum

1918 1915 1976 1962 et
1991 1904 2451 1962 eonstitutionum
2468 1904 2874 1970 observatione,
2891 1919 3056 1974 quam
3079 1901 3508 1973 expeditissimis

1918 1997 2166 2053 consiliis
2205 2005 2372 2066 atque
2415 1995 2661 2068 iudieiis,
2707 1995 2777 2051 ad
2821 2011 3015 2066 pacem
3060 2007 3117 2050 et
3155 1993 3506 2050 concordiam

1917 2090 2269 2155 facientibus,
2293 2089 2408 2160 regi
2433 2097 2598 2159 atque
2622 2088 3000 2144 administrari
3021 2089 3219 2144 solent.
3241 2087 3357 2154 Qua
3374 2102 3508 2142 vero

1918 2181 1986 2237 de
1999 2196 2165 2237 causa
2178 2181 2393 2236 litteras
2405 2180 2570 2236 hasce
2584 2179 2820 2235 scribam
2837 2181 3044 2251 accipe.
3062 2180 3226 2235 Novit
3243 2182 3510 2236 sanctitas

1921 2280 2034 2338 tua,
2063 2287 2128 2328 ac
2153 2273 2340 2342 potius
2375 2273 2486 2328 illis
2509 2272 2642 2342 ipsis
2672 2273 2851 2328 oculis
2882 2273 3152 2338 intuetur,
3178 2273 3382 2342 quibus
3411 2271 3509 2343 qui

1919 2364 1978 2421 in
2021 2365 2226 2422 sanctis
2257 2364 2552 2431 est,.Pater
2578 2369 2768 2419 noster
2803 2363 3166 2434 Theophilus,
3197 2364 3505 2433 conspexit,

1919 2455 2100 2526 qualis
2123 2463 2180 2511 et
2206 2470 2373 2525 quam
2407 2454 2604 2526 ingens
2627 2453 2791 2510 turba
2821 2470 3075 2524 magnam
3119 2455 3262 2510 hanc
3291 2456 3508 2510 invase-

1919 2547 1992 2602 rit
2031 2547 2260 2613 urbem,
2293 2556 2460 2618 atque
2489 2555 2550 2603 ut
2582 2547 2639 2602 in
2664 2562 2730 2613 ea
2764 2547 3007 2602 sanctior
3042 2547 3180 2603 fides
3211 2555 3268 2603 et
3306 2549 3506 2618 pietas,

1917 2657 1990 2697 ne
2021 2640 2272 2697 funditus
2309 2647 2622 2706 erueretur,
2651 2640 2960 2710 periclitata
2983 2640 3088 2706 sit;
3129 2640 3269 2696 adeo
3315 2640 3507 2706 etiam,

1919 2739 1982 2788 ut
2005 2732 2245 2802 pepulus
2282 2731 2490 2802 majore
2534 2746 2603 2785 ex
2633 2737 2788 2800 parte
2813 2745 2914 2801 per
2945 2729 3240 2785 factionem
3281 2729 3508 2794 scissus,

1919 2831 2074 2879 extra
2091 2838 2282 2878 muros
2299 2828 2606 2879 conventus
2618 2822 2824 2893 egerit:
2847 2830 2905 2876 et
2925 2822 3173 2892 plerique
3196 2820 3513 2877 sacerdotes

1919 2925 1974 2972 ct
1996 2916 2219 2987 collegae
2240 2915 2418 2972 nostri
2437 2914 2708 2994 episcopi,
2742 2931 2773 2970 a
2797 2922 2990 2969 mutua
3008 2913 3395 2969 communione
3417 2912 3515 2968 de-

1921 3008 2239 3072 sciscentes,
2263 3001 2464 3063 bonam
2482 3006 2882 3078 plantationcm
2904 3006 3125 3062 Domini
3139 3006 3266 3062 Jesu
3280 3006 3510 3073 Christi,
3531 3040 3538 3047 -

1920 3116 2116 3172 parum
2162 3100 2321 3164 abest
2376 3100 2514 3170 quin
2550 3100 2877 3166 evulserint,
2920 3100 3072 3170 pacis
3121 3099 3514 3156 commoditate

207 3204 354 3258 τερα,
406 3187 767 3258 προσευχαῖς
814 3203 875 3240 τε
916 3185 1012 3240 καὶ
1069 3186 1398 3258 συμπνοίαις
1458 3185 1568 3240 τῶν
1621 3185 1818 3242 κοινῶν

1923 3191 2135 3247 scilicet
2155 3190 2560 3260 aliquantulum
2588 3189 2870 3247 distracta.
2895 3189 3004 3244 Sed
3020 3191 3166 3244 enim
3186 3190 3360 3244 multo
3381 3204 3514 3245 sane

207 3279 470 3350 Πατέρων
510 3278 706 3350 ἡμῶν,
740 3279 822 3334 ἔτι
844 3295 909 3347 γε
936 3277 1044 3351 μὴν
1072 3277 1168 3332 καὶ
1189 3278 1288 3350 τῆς
1482 3277 1818 3347 θεοσεϐείας,

209 3370 390 3441 ἔκείνη
423 3370 531 3442 μὲν
557 3370 951 3442 κατηυνάσθη.
968 3369 1223 3443 Ὀμόνοια
1252 3371 1310 3424 δὲ
1337 3371 1430 3424 καὶ
1447 3371 1660 3444 γαλήνη
1691 3391 1824 3427 κατ-

212 3464 320 3533 έχει
353 3463 459 3527 τὰς
502 3461 657 3517 κατὰ
699 3463 803 3534 τὴν
855 3463 1188 3534 οἰκουμένην
1217 3462 1569 3535 Ἐκκλησίας.
1601 3463 1822 3535 Ἐπειδὴ

215 3555 267 3609 δέ
287 3575 436 3622 τινες
461 3557 572 3629 τὴν
598 3557 984 3628 προσηγορίαν
1023 3556 1182 3628 μόνον
1201 3554 1296 3610 τοῦ
1329 3543 1601 3630 μακαρίου
1643 3557 1825 3612 Ἰωάν-

219 3665 306 3701 νου
366 3649 498 3712 ταῖς
559 3649 866 3719 μυστικαῖς
917 3648 1124 3714 δέλτοις
1177 3634 1459 3722 γραφῆναι
1513 3648 1821 3721 ἠθέλησαν·

226 3740 356 3794 ὥστε
395 3742 498 3795 καὶ
533 3740 631 3794 τὸν
663 3740 940 3812 μακάριον
978 3740 1279 3795 ἐπίσκοπον
1325 3741 1699 3813 Ἀλέξανδρον,
1734 3741 1825 3796 τὸν

231 3833 317 3902 τῆς
364 3835 714 3905 Ἀντιοχείας
762 3835 931 3907 φημὶ,
975 3835 1283 3889 ἐπιστάντα
1314 3836 1380 3907 τῇ
1419 3833 1821 3904 Μεγαλοπόλει,

231 3925 398 3980 πολλά
450 3926 945 3997 θρασυπομῆσαι,
1006 3923 1179 3979 πολλὰ
1218 3924 1276 3978 δὲ
1325 3923 1422 3978 καὶ
1479 3926 1606 3989 τοὺς
1660 3924 1824 3988 λαοὺς

236 4019 514 4090 ἐπεγεῖραι
549 4017 810 4086 θελῆσαι,
842 4016 985 4071 ὥστε
1033 4017 1130 4071 κα)⁸
1158 4017 1234 4088 μὴ
1272 4015 1614 4088 βουλομένων
1643 4017 1822 4088 ἡμῶν,

239 4109 538 4177 ἀναγκάσαι
568 4108 862 4179 γραφῆναι
888 4109 950 4162 τὸ
976 4107 1071 4162 τοῦ
1124 4125 1228 4180 μνη
1239 4107 1593 4179 μονευθέντος
1629 4106 1822 4178 ὄνομα.

240 4202 407 4272 ’Δπερ
440 4203 566 4276 μετ’
593 4202 889 4274 ἀκριϐείας
937 4202 1162 4274 ἀπάσης
1185 4201 1526 4273 ἐξηγήσαντό
1557 4218 1661 4255 που
1687 4200 1826 4256 πάν-

240 4310 334 4358 tm;
361 4298 428 4366 τῇ
455 4299 526 4368 σῇ
558 4294 870 4365 θεοσεϐείᾳ,
903 4297 952 4348 οἱ
982 4294 1079 4349 τοῦ
1107 4295 1246 4350 Θεοῦ
1275 4295 1456 4349 δοῦλοι
1490 4293 1827 4350 εὐλαϐέσταο

240 4405 310 4442 τοι
344 4391 593 4445 διάκονοι
634 4391 846 4463 Πέτρος
879 4394 974 4445 καὶ
1001 4391 1269 4458 Δίδέσιος.
1302 4392 1512 4464 Χρόνου
1542 4391 1600 4444 δὲ
1627 4391 1824 4446 πολλοῦ

243 4481 702 4554 παρεληλυθότος,
739 4483 837 4536 καὶ
873 4481 1034 4554 ἡμῶν
1082 4481 1433 4554 βιασαμένων
1478 4482 1580 4553 τὴν
1628 4483 1696 4536 ὲκ
1726 4481 1826 4552 τῆς

239 4574 613 4648 δημοκρατίας
671 4574 942 4647 ἀνάγκην,
983 4575 1080 4630 καὶ
1117 4575 1260 4629 κατά
1296 4575 1464 4646 μηδὲν
1496 4577 1826 4646 ἐπιστρεφο-

234 4669 404 4736 μένων
447 4668 596 4740 πρὸς
629 4667 694 4720 τὸ
731 4664 828 4721 τοῦ
874 4667 1176 4739 σχίσματος
1223 4667 1498 4738 λείψανον,
1547 4668 1830 4738 γέγραφεν

231 4761 354 4830 ἡμῖν
384 4761 452 4815 ἐκ
491 4761 602 4832 τῆς
642 4759 786 4831 ἑῴας
812 4761 842 4814 ό
880 4759 1297 4828 θεοφιλέστατος
1331 4758 1631 4824 ἐπίσκοπος
1669 4757 1834 4811 Ἀκά-

229 4869 362 4917 κιος,
404 4853 505 4908 τδν
554 4850 963 4907 εὐλαϐέστατον
990 4851 1294 4906 ἐπίσκοπον
1341 4850 1444 4922 τῆς
1499 4848 1830 4920 Ἀντιοχείας

235 4944 483 5000 Θεόδοτον
539 4943 1070 5014 συναναγκασθῆναι
1123 4942 1279 5013 παρὰ
1329 4941 1441 4996 τῶν
1488 4940 1676 5011 δήμων
1729 4939 1832 5010 τὴν

237 5037 614 5110 προσηγορίαν
646 5035 896 5090 Ἰωάννου
922 5034 1155 5106 γράψαι,
1185 5035 1281 5089 καί⁸
1301 5034 1486 5106 ᾐτεῖτο
1503 5031 1832 5103 συγγνώμην

182 5129 186 5133 ’
226 5127 370 5198 ἡμᾶς
394 5130 718 5201 παρασχεῖν
741 5127 820 5200 τῷ
849 5126 957 5182 ὑπὸ
985 5127 1234 5199 ἀνάγκης
1255 5125 1418 5180 τοῦτο
1449 5124 1828 5197 πεποιηκέναι.

219 5217 353 5275 Ὅτε
388 5220 656 5289 γενναῖος
701 5220 911 5282 ἐκεῖνος
944 5218 1056 5274 τῶν
1084 5218 1432 5292 γραμμάτων
1472 5215 1833 5288 διακομιστὴς

220 5315 615 5385 πρεσϐύτερος
653 5313 793 5385 ἔφθη
812 5315 1184 5385 κατασπεῖραι
1223 5313 1314 5367 τὸν
1347 5311 1505 5381 λόγον
1533 5309 1612 5381 τῷ
1632 5308 1830 5380 πλήθει

221 5406 314 5477 τῆς
332 5404 816 5476 Μεγαλοπόλεως,
833 5407 934 5477 τῆς
956 5404 1270 5468 ὑποθέσεως
1292 5404 1458 5476 χάριν
1480 5397 1550 5476 ἦς
1577 5403 1830 5474 ἀφίκετο,

226 5498 312 5551 τόν
327 5516 394 5551 τε
419 5495 557 5552 νοῦν
577 5496 690 5552 τῶν
711 5497 855 5569 πρὸς
887 5497 1040 5567 ἡμᾶς
1064 5496 1414 5569 γραμμάτων
1434 5494 1833 5566 διεπόρθμευσε

224 5594 336 5656 τοῖς
377 5593 562 5657 λαοῖς,
599 5590 741 5646 ὥστε
793 5588 1120 5660 συγχύσεως
1164 5587 1366 5660 μικροῦ
1411 5589 1522 5643 δεῖν
1555 5587 1647 5642 τὸν
1678 5586 1834 5658 ὄχλον

226 5686 413 5740 πάντα
443 5686 894 5758 ἀναπλησθῆναι.
931 5682 1066 5735 Τότε
1095 5682 1182 5752 δὴ,
1206 5681 1329 5734 τότε
1356 5679 1677 5749 θορυϐηθεὶς
1697 5678 1833 5748 ἐγὼ,

229 5779 329 5832 καὶ
366 5779 463 5832 τὸν
506 5779 645 5851 ὑπὲρ
679 5779 791 5833 τῶν
843 5773 1121 5846 μεγίστων
1164 5772 1409 5827 κίνδυνον
1461 5771 1832 5839 ὑποπτεύσας,

239 5874 336 5924 καὶ
368 5873 500 5943 περὶ
548 5872 637 5928 τὸν
674 5869 1078 5925 εὐσεϐέστατον
1113 5865 1339 5936 βασιλέα
1374 5865 1675 5936 γενόμενος,
1708 5864 1833 5935 περὶ

1923 3283 2133 3350 labore,
2173 3282 2347 3338 multo
2386 3282 2616 3348 sudore,
2644 3289 2700 3338 et
2725 3281 2992 3352 periculis
3031 3281 3220 3337 multis
3251 3280 3512 3350 despera-

1926 3374 2092 3430 tionis
2116 3373 2317 3445 plenis,
2352 3373 2597 3444 plurima
2623 3381 2680 3428 et
2719 3372 2959 3428 maxima
2989 3386 3222 3442 quaeque
3259 3385 3514 3427 commu-

1923 3466 2078 3522 nium
2129 3466 2358 3521 Patrum
2397 3473 2719 3521 nostrorum
2749 3473 2914 3534 atque
2956 3462 3124 3518 etiam
3155 3463 3377 3532 pietatis
3407 3469 3516 3517 tua:

1924 3557 2186 3630 precibus
2208 3565 2264 3613 et
2294 3557 2703 3628 conspiratione
2719 3555 2896 3627 sopita
2913 3564 3043 3611 sunt
3070 3555 3234 3610 mala.
3267 3555 3337 3609 Et
3351 3553 3515 3610 turba

1924 3651 2150 3722 quidem
2190 3651 2285 3707 illa
2321 3649 2662 3719 conquievit,
2718 3647 3016 3705 concordia
3047 3663 3180 3702 vero
3212 3654 3269 3702 et
3319 3661 3516 3702 serena

1926 3745 2298 3816 tranquillitas
2320 3743 2376 3798 in
2400 3742 2554 3799 orbis
2575 3742 2822 3798 universi
2839 3741 3103 3797 Ecclesiis
3123 3739 3355 3794 obtinet.
3377 3738 3516 3795 Cum

1924 3852 2058 3893 vero
2082 3836 2334 3892 nonnulli
2372 3851 2576 3891 nomen
2609 3843 2825 3890 tantum
2849 3833 2995 3888 beati
3024 3833 3253 3889 Joannis
3274 3832 3522 3904 mysticis

1926 3928 2133 3984 tabulis
2154 3927 2382 3982 inscribi
2407 3927 2634 3993 vellent,
2660 3927 2856 3983 beatus
2872 3926 3165 3996 episc0pus
3186 3926 3518 3991 Alexander,

1928 4020 2334 4076 Antiochenum
2363 4020 2531 4075 istum
2578 4019 2729 4086 dico,
2765 4019 3302 4089 Constantinopolim
3345 4019 3520 4086 venit,

1927 4119 1984 4168 et
2012 4111 2187 4166 multa
2211 4126 2309 4167 ore
2334 4110 2635 4166 confidenti
2669 4109 2841 4164 verba
2868 4108 3019 4172 fecit,
3045 4108 3520 4174 vehementerque

1927 4204 2171 4260 excitare
2194 4203 2460 4274 populum
2478 4201 2674 4267 voluit,
2695 4209 2756 4255 ut
2775 4201 2862 4255 vel
2890 4199 3052 4254 nobis
3088 4197 3296 4262 invitis,
3322 4212 3520 4251 neces-

1928 4295 2077 4350 sario
2104 4293 2227 4364 ejus
2255 4306 2422 4361 quem
2453 4288 2716 4352 diximus,
2756 4301 2962 4342 nomen
2990 4286 3064 4338 ita
3097 4283 3516 4338 inscriberetur.

1927 4388 2101 4454 Quam
2155 4400 2271 4440 rem
2314 4388 2572 4437 accurate
2615 4394 2844 4450 prorsus
2893 4376 3085 4448 pietati
3128 4383 3235 4429 tua:
3277 4373 3520 4428 ministri

1928 4479 2026 4534 Dei
2054 4473 2456 4548 religiosissimi
2482 4469 2722 4537 diaconi,
2750 4470 2947 4524 Petrus
2975 4478 3032 4523 et
3065 4465 3323 4522 Edesius
3350 4479 3521 4536 expo-

1857 4571 1902 4627 D
1931 4576 2183 4627 suerunt.
2230 4564 2508 4622 Praeteriit
2535 4571 2756 4633 tempus
2785 4561 3034 4632 longum,
3067 4567 3124 4616 et
3157 4575 3258 4614 nos
3284 4556 3524 4613 necessi-

1936 4673 2046 4719 tate
2069 4677 2132 4717 ca
2160 4675 2280 4731 qua:
2305 4675 2335 4714 a
2363 4657 2620 4729 populari
2653 4670 2841 4712 rerum
2876 4652 3353 4709 administratione
3391 4667 3523 4722 pro-

1931 4754 2106 4820 venit,
2140 4750 2320 4824 premi
2355 4749 2777 4820 ineipiebamus,
2805 4764 2984 4818 neque
3009 4754 3188 4802 tamen
3219 4745 3524 4818 quidquam

1933 4846 2250 4904 schismatis
2277 4853 2334 4900 et
2367 4843 2585 4899 dissidii
2629 4842 2895 4912 reliquias
2951 4841 3284 4896 curabamus
3332 4857 3344 4892 :
3398 4853 3524 4893 cum

1933 4937 2004 4994 ad
2031 4954 2130 4994 nos
2151 4954 2219 4995 ex
2242 4935 2468 4992 Oriente
2490 4934 2588 4990 Dei
2623 4931 3038 4988 amantissimus
3069 4931 3364 5001 episcopus
3381 4928 3522 4981 Aca-

1934 5032 2054 5087 cius
2091 5027 2308 5085 litteras
2347 5027 2522 5094 dedit,
2572 5025 3046 5097 religiosissimum
3076 5022 3376 5078 antistitem
3411 5021 3526 5072 An-

1935 5123 2155 5180 tiochia:
2181 5121 2528 5177 Theodotum
2555 5136 2586 5174 a
2620 5119 2846 5190 populo,
2883 5126 2945 5172 ut
2976 5130 3180 5170 nomen
3212 5109 3439 5168 Joannis
3469 5107 3526 5160 in

1935 5230 2120 5271 sacras
2149 5213 2366 5268 tabulas
2411 5211 2668 5278 referret,
2708 5217 2960 5266 coactum
3012 5219 3154 5269 esse,
3205 5211 3267 5256 ut
3306 5199 3525 5254 veniam

1935 5306 2018 5362 rei
2060 5307 2113 5361 ei
2148 5319 2315 5376 quam
2353 5303 2685 5359 necessitate
2717 5300 2810 5354 ille
2844 5297 3116 5352 adductus
3152 5291 3391 5354 fecisset,
3424 5287 3524 5342 da-

1937 5415 2145 5464 remus,
2168 5406 2381 5470 petens.
2413 5395 2482 5450 Et
2509 5403 2624 5448 tum
2653 5393 2834 5447 bonus
2857 5390 2950 5445 ille
2976 5385 3070 5458 qui
3092 5385 3306 5440 litteras
3331 5381 3397 5436 ad
3424 5397 3525 5435 nos

1935 5491 2165 5564 pertulit
2190 5489 2498 5560 presbyter,
2525 5485 2684 5556 203
2713 5497 2934 5537 causam
2959 5483 3228 5535 adventus
3263 5475 3349 5530 sui
3383 5473 3527 5528 indi-

1937 5599 2087 5648 cans,
2106 5597 2225 5637 rem
2241 5580 2386 5636 hanc
2415 5578 2473 5632 in
2491 5577 2687 5646 vulgus
2712 5588 2922 5644 magna:
2940 5571 3094 5625 urbis
3120 5564 3444 5639 propalavit,
3470 5570 3528 5617 et

1937 5675 2267 5732 sententiam
2301 5673 2442 5727 data:
2487 5667 2558 5723 ad
2586 5683 2687 5722 nos
2726 5664 2974 5735 epistola:
3016 5662 3222 5732 populo
3254 5656 3519 5726 vulgavit,

1940 5769 2076 5824 adeo
2103 5775 2165 5821 ut
2199 5779 2393 5836 parum
2441 5759 2683 5816 abfuerit
2711 5757 2843 5829 quin
2897 5753 3136 5810 tumultu
3169 5751 3346 5821 plebis
3398 5747 3522 5801 uni-

1941 5877 2112 5918 versae
2159 5858 2292 5914 urbs
2363 5855 2573 5926 repleta
2622 5851 2711 5909 sit.
2742 5849 2822 5907 lbi
2868 5862 2999 5904 vero
3031 5863 3150 5918 ego,
3202 5843 3279 5899 ibi
3304 5841 3528 5897 demum
