4048 6442
542 417 640 475 551
1568 410 1626 470 S.
1659 409 1937 471 CYRILLI
1975 411 2452 474 ALEXANDRINI
2489 417 2813 477 ARCHIEP.
3703 367 3824 478 35d

538 531 919 606 perturbatus,
955 533 1105 591 etde
1153 531 1322 589 rebus
1362 530 1618 588 maximis
1650 531 1952 589 discrimen
1975 547 2123 588 sum-

2233 535 2484 609 είρήνης,
2513 536 2610 592 καὶ
2637 537 2738 610 τῆς
2754 533 3076 601 εὐπαθείας
3095 533 3398 607 ἐποιούμην
3425 534 3518 590 τὸν
3534 533 3719 604 λόγον.
3755 536 3823 592 '0

537 641 688 681 nium
724 625 958 689 veritus,
987 624 1300 695 piissimum
1331 624 1720 695 imperatorem
1747 624 1879 690 adii,
1907 631 1965 681 et
1998 640 2126 681 cum

2226 625 2282 679 δὲ
2307 626 2645 699 ἀπεκρίνατο
2685 626 2856 698 μηδὲν
2879 621 3020 681 εἷναι
3053 625 3252 698 βλάϐος
3274 624 3509 697 γράφειν
3536 624 3824 696 ἀπεληλυ-

533 729 604 770 eo
630 715 699 769 dc
731 730 866 785 pace
886 724 944 770 et
969 714 1270 785 tranquillo
1299 729 1489 770 rerum
1523 723 1669 770 statu
1692 715 1800 785 egi.
1826 713 2003 785 Atque
2035 715 2129 771 ille

2228 715 2380 780 θότος
2401 717 2594 788 ἀνδρὸς
2612 717 2806 790 ὄνομα,
2830 716 2971 788 ὑπὲρ
2994 716 3098 787 τῆς
3118 714 3441 778 εὐπαθείας
3468 716 3566 768 καὶ
3586 714 3689 785 τῆς
3704 714 3826 769 τῶν

535 807 675 860 nihil
699 822 823 861 esse
854 806 1089 877 periculi
1121 814 1218 861 aut
1247 806 1582 862 incommodi
1607 805 1916 876 respondit,
1943 806 1990 861 si
2027 805 2128 861 de-

2227 807 2374 863 λαῶν
2392 810 2652 881 ὁμονοίας
2673 828 2733 864 τε
2755 810 2851 864 καὶ
2873 809 3119 883 εἰρήνης.
3136 810 3251 864 Καὶ
3266 807 3445 862 τοίνυν
3467 805 3578 876 ἐγὼ
3595 807 3825 872 τούτοις

535 897 711 953 functi
742 898 849 952 viri
880 913 1106 963 nomen,
1141 897 1582 968 tranquillitatis,
1633 896 1786 967 pacis
1827 905 1884 954 et
1937 897 2129 968 populi

2226 897 2497 966 πεισθεὶς,
2535 898 2652 970 (καὶ
2685 898 2806 964 πῶς
2838 897 2948 971 γὰρ
2977 899 3079 952 οὐκ
3111 896 3337 970 ἔμελλον
3359 897 3683 967 προφθάσας
3714 897 3823 966 τὴν

535 989 849 1046 concordiae
890 990 1066 1059 gratia
1119 989 1541 1045 inscriberetur.
1575 988 1768 1059 Itaque
1817 1003 1919 1060 ego
1958 1003 2024 1044 ea
2066 1003 2128 1045 re

2225 990 2545 1063 ἀνάγκην;)
2585 991 2727 1047 ὥστε
2761 991 2837 1064 μὴ
2861 991 3116 1062 γενέσθαι
3147 990 3218 1046 τά
3250 991 3371 1046 καθ’
3409 993 3558 1064 ἡμᾶς
3582 991 3813 1046 ἀκολου-

536 1095 865 1149 persuasus,
903 1080 1204 1152 (quomodo
1248 1079 1396 1135 enim
1433 1077 1766 1134 necessitate
1812 1083 2130 1148 praeventus

2226 1082 2350 1140 θίαν
2376 1083 2472 1138 τοῦ
2503 1084 2766 1158 πλήθους,
2797 1086 2937 1158 μήτε
2976 1085 3083 1157 μὴν
3119 1083 3401 1156 ἐθισθῆναι
3430 1086 3511 1149 είς
3531 1085 3817 1156 δημοκρα-

537 1165 597 1222 id
630 1183 741 1223 non
765 1168 1066 1237 facerem?)
1091 1183 1161 1224 ne
1188 1166 1472 1238 religionis
1499 1175 1703 1222 nostrae
1723 1181 1814 1222 res
1841 1171 1910 1220 ex
1935 1165 2128 1221 multi-

2225 1175 2354 1230 τίαν
2381 1174 2481 1248 τὴν
2505 1171 2686 1243 πόλιν,
2732 1178 3015 1249 γραφῆναι
3061 1173 3458 1248 παρεσκεύασα
3501 1174 3603 1244 τὴν
3637 1191 3818 1244 προσ-

540 1260 750 1316 tudiiiis
783 1261 1038 1327 arbitrio,
1066 1261 1320 1332 exemplo
1341 1275 1453 1315 uno
1480 1259 1772 1330 permisso,
1799 1257 2126 1328 penderent,

2227 1265 2458 1338 ηγορίαν
2482 1283 2498 1298 ’
2531 1266 2708 1334 οὐδὲν,
2730 1267 2807 1332 ὡς
2841 1261 3021 1338 οἶμαι,
3049 1264 3176 1320 οὔτε
3208 1265 3291 1330 είς
3325 1263 3526 1328 αὐτοὺς
3557 1264 3686 1327 τοὺς
3711 1280 3820 1316 και

539 1340 682 1410 neve
713 1354 910 1410 urbem
936 1354 1111 1424 ipsam
1143 1352 1398 1423 populari
1420 1349 1892 1408 administrationi
1935 1365 2130 1407 assue-

2227 1357 2388 1422 νϐνας
2413 1358 2777 1431 ἡμαρτηκὼς,
2812 1357 2938 1413 οὔτε
2967 1357 3074 1429 μὴν
3098 1359 3166 1429 τῇ
3199 1356 3380 1427 κρίσει
3411 1355 3519 1409 τῶν
3553 1355 3824 1426 Πατέρων

540 1444 869 1509 faceremus,
901 1459 1104 1498 nomen
1131 1443 1187 1498 id
1215 1443 1271 1498 in
1303 1443 1487 1498 album
1515 1441 1714 1498 referri
1731 1440 1906 1514 jussi;
1933 1455 2129 1512 quare,

2228 1449 2723 1523 διαλυμηνάμενος.
2769 1448 3327 1523 Μνημονεύεταιγάρ
3365 1445 3505 1519 μετὰ
3549 1447 3662 1501 τῶν
3714 1447 3826 1500 ἀπ-

541 1547 603 1592 υῑ
621 1536 878 1606 equidem
901 1543 1060 1606 puto,
1095 1550 1276 1605 neque
1306 1535 1364 1589 in
1393 1548 1580 1590 sacros
1597 1547 1838 1588 canones
1855 1532 2129 1601 commisi,

2229 1540 2570 1612 εληλυθότων
2589 1542 2650 1596 ού
2685 1541 2846 1614 μόνον
2863 1539 3200 1604 ἐπισκόπων,
3219 1537 3360 1612 ἀλλά
3383 1539 3478 1592 καὶ
3507 1536 3824 1609 πρεσϐυτέ-

539 1643 722 1698 neque
739 1626 952 1699 judicio
976 1627 1202 1681 Patrum
1225 1625 1477 1682 fraudem
1507 1625 1633 1680 feci.
1657 1624 1862 1681 Mentio
1892 1639 2131 1696 namque

2232 1648 2343 1702 ρων
2362 1632 2460 1686 καὶ
2483 1631 2765 1698 διακόνων,
2796 1630 2893 1685 καὶ
2936 1630 3164 1698 λαῖκῶν,
3202 1629 3300 1684 καὶ
3340 1627 3636 1700 γυναικῶν,
3678 1625 3824 1696 πρὸς

537 1721 660 1792 ejus
699 1720 762 1776 fit
784 1735 912 1775 cum
954 1718 1234 1774 defunctis
1260 1734 1373 1774 non
1402 1718 1582 1774 solum
1615 1716 1912 1788 episcopis,
1946 1716 2043 1772 sed
2073 1723 2132 1772 et

2229 1721 2326 1786 οὒς
2364 1721 2616 1787 ἃπαντας
2667 1722 2771 1776 οὐκ
2813 1721 2962 1777 ἐστιν
3005 1722 3139 1794 ἡμῖν
3186 1720 3445 1774 κοινωνία
3489 1717 3821 1790 ἱερωσύνης,

540 1810 900 1882 presbyteris,
934 1809 1186 1865 diaconis
1218 1817 1276 1864 et
1297 1807 1455 1864 laicis
1479 1807 1634 1878 ipsis,
1666 1805 2127 1876 mulieribusque,

2230 1814 2353 1870 οὐδὲ
2381 1814 2674 1886 μετάδοσις
2707 1814 2818 1868 τῶν
2845 1813 2942 1868 ἐπὶ
2967 1813 3070 1886 τῆς
3099 1812 3265 1884 ἁγίας
3306 1810 3593 1884 τραπέζης
3625 1826 3817 1880 μυστι-

540 1918 668 1957 cum
716 1904 922 1974 quibus
954 1901 1216 1958 omnibus
1264 1900 1429 1957 nobis
1460 1898 1758 1956 sacerdotii
1789 1898 2128 1964 communio,

2231 1907 2345 1970 κῶς
2360 1906 2723 1979 τελουμένων.
2753 1903 2898 1960 Πολὺ
2926 1903 3034 1977 γάρ
3055 1905 3119 1959 τὸ
3149 1904 3315 1977 μέσον
3333 1903 3442 1958 τῶν
3476 1900 3809 1955 ύπελθόντων

538 2004 638 2050 aut
657 2011 850 2050 earum
881 2011 1065 2051 rerum
1095 2009 1219 2065 quae
1252 1993 1309 2048 in
1338 2007 1494 2048 saera
1520 2005 1712 2046 mensa
1737 1988 1968 2061 mystice
1994 2002 2128 2059 per-

2229 1995 2290 2050 τὸ
2325 1996 2522 2069 πέρας,
2558 1995 2654 2051 καὶ
2679 1995 2791 2050 τῶν
2823 1994 2904 2049 ἐτι
2926 1993 3071 2065 ὑπὲρ
3105 1995 3208 2066 γῆς
3231 1993 3614 2064 τυγχανόντων
3633 2004 3647 2018 ·
3675 1989 3813 2044 ὥστε

539 2085 846 2155 cipiuntur,
875 2082 1229 2155 participatio
1262 2097 1377 2138 non
1409 2089 1513 2137 est.
1538 2081 1730 2152 Magna
1761 2079 1911 2136 enim
1937 2086 2023 2135 est
2039 2078 2130 2135 in-

2231 2090 2327 2143 καὶ
2357 2087 2790 2160 συνδιαιρεῖσθαι
2831 2087 2933 2154 τὰς
2981 2087 3202 2161 βίϐλους
3242 2085 3381 2158 πρὸς
3409 2084 3506 2156 τὴν
3534 2082 3643 2138 τῶν
3680 2099 3820 2153 μνη-

541 2186 628 2232 tcr
649 2177 940 2234 defunctos
962 2187 1019 2233 et
1047 2177 1375 2250 superstites
1400 2174 1741 2241 differentia,
1775 2174 1852 2229 ita
1879 2180 1940 2228 ut
1961 2172 2130 2228 etiam

2234 2179 2611 2252 μονευομένων
2650 2179 3008 2235 κατάστασιν.
3063 2177 3204 2233 Οὔτε
3265 2176 3375 2250 γάρ
3421 2194 3475 2230 τι
3515 2175 3608 2230 τὸν
3654 2173 3828 2228 eam

541 2269 693 2333 libri,
722 2278 951 2339 propter
969 2267 1324 2324 difi'erentem
1355 2282 1553 2323 eorum
1582 2280 1821 2336 quorum
1864 2263 2133 2320 memoria

2230 2272 2531 2344 έϐλαψενὴ
2585 2271 2804 2343 ἔντιμος
2849 2271 2946 2326 τοῦ
2990 2271 3165 2326 Σαοὺλ
3224 2269 3453 2340 κηδεία·
3510 2265 3636 2322 οὔτε
3692 2265 3827 2330 τοὺς

540 2371 905 2417 conservatur
929 2370 1156 2427 statum,
1180 2359 1409 2416 discreti
1429 2359 1562 2416 sint.
1590 2358 1739 2415 Nihil
1765 2357 1914 2414 enim
1937 2355 2133 2412 Davidi

2232 2365 2569 2430 ἀποστόλους
2595 2365 2624 2420 ὁ
2663 2365 2768 2434 τῆς
2797 2363 2894 2418 τοῦ
2937 2363 3152 2436 Ἀρείου
3185 2361 3444 2426 ἀσεϐείας
3478 2359 3679 2425 eum;
3712 2359 3826 2413 Εὑ-

540 2454 723 2510 obfuit
761 2453 1067 2515 honorifica
1104 2452 1291 2508 Saulis
1319 2452 1629 2523 sepultura,
1658 2465 1838 2521 neque
1871 2449 2134 2520 apostolis

2232 2459 2428 2526 δύξιος,
2477 2457 2584 2513 ὑπὸ
2625 2457 2688 2512 τδ
2729 2457 2864 2512 αὐτὸ
2924 2457 3312 2528 θυσιαστήριον
3359 2455 3639 2526 κείμενος’
3695 2449 3829 2506 οὔτε

541 2547 660 2602 Arii
694 2545 996 2617 impietatis
1041 2553 1284 2602 sectator
1323 2543 1632 2607 Eudoxius,
1655 2542 1759 2598 sub
1784 2541 1976 2597 eadem
2003 2557 2133 2598 san-

2234 2551 2501 2618 Παυλῖνός
2525 2570 2587 2606 τε
2629 2552 2724 2606 καὶ
2770 2551 3065 2624 Εύάγριος,
3113 2551 3165 2604 οἱ
3199 2547 3483 2620 γενόμενοι
3513 2544 3832 2617 ἀρχηγέται

541 2640 717 2695 etiore
743 2637 1000 2694 sacriﬁcii
1030 2653 1124 2692 ara
1149 2637 1400 2708 positus;
1424 2651 1606 2707 neque
1629 2635 1894 2692 Paulinus
1908 2642 1965 2690 et
1990 2635 2135 2690 Eva-

2234 2644 2330 2702 τοῦ
2380 2645 2682 2717 σχίσματος
2721 2645 2821 2716 τῆς
2868 2644 2928 2697 ἐν
2975 2641 3281 2713 ’Λντιοχείᾳ
3340 2635 3692 2709 Ἐκκλησίας,
3743 2636 3830 2690 ὃτι

543 2733 698 2803 grius
729 2732 1010 2796 Ecclesiae,
1049 2730 1146 2802 qui
1189 2729 1502 2786 schismatis
1534 2736 1590 2784 et
1621 2727 1833 2784 dissidii
1876 2727 2047 2783 duces
2079 2726 2134 2782 in

2239 2736 2381 2810 μετά
2413 2737 2666 2806 θάνατον,
2697 2737 2865 2802 πολὺς
2908 2735 3093 2804 ἐξότου
3123 2734 3338 2809 χρόνος,
3383 2735 3498 2798 τοῖς
3537 2732 3828 2804 μυστικοῖς

545 2823 793 2879 Ecclesia
839 2822 1182 2878 Antiochena
1232 2821 1410 2888 fuere,
1436 2821 1584 2891 quod
1614 2830 1738 2890 post
1757 2821 1992 2886 obitum,
2023 2836 2136 2876 non

2234 2830 2518 2902 διπτύχοις
2547 2829 2636 2885 διά
2657 2829 2758 2900 τὴν
2786 2829 2898 2885 τῶν
2921 2827 3070 2884 λαῶν
3098 2827 3326 2900 εἰρήνην
3359 2843 3419 2881 τε
3444 2824 3538 2880 καὶ
3561 2823 3824 2896 ὁμόνοιαν

546 2916 739 2988 paucis
759 2915 891 2971 hinc
921 2915 992 2970 ab
1014 2915 1194 2979 annis,
1221 2921 1450 2985 propter
1478 2912 1669 2983 populi
1703 2927 1897 2983 pacem
1916 2919 1972 2968 et
1999 2927 2136 2967 eon-

2235 2922 2639 2994 ἐνεγράφησαν.
2675 2919 2877 2993 Διόπερ
2905 2920 3003 2976 καὶ¹
3043 2918 3208 2982 αὐτὸς
3252 2918 3509 2972 κέλευσον
3537 2915 3831 2987 ἐγγραφῆο

547 3003 793 3059 cordiam
828 3003 1078 3076 mysticis
1126 3003 1332 3058 tabulis
1359 3010 1490 3057 sunt
1536 3001 1811 3072 inscripti.
1859 3000 2034 3068 Quam
2064 3001 2137 3057 ob

2237 3031 2328 3070 ναι
2356 3013 2458 3086 τὴν
2504 3011 2882 3086 προσηγορίαν
2914 3011 3008 3066 τοῦ
3057 3008 3484 3082 ἀπεληλυθότος,
3533 3009 3655 3072 ταῖς
3704 3007 3829 3061 κατ’

548 3112 772 3152 causam
803 3097 921 3168 ipse
941 3111 1162 3166 quoque
1196 3095 1419 3167 ᾸΕΒΥΡῑί
1450 3094 1736 3161 Εοοιοδίίδν
1767 3093 2136 3150 Εθοιθδίθτυω
2237 3109 2517 3179 Αἴγυπτον
2549 3104 2924 3178 Ἐκκλησίαις,
2949 3103 3052 3176 τῆς
3072 3101 3456 3174 οἱκουμενικῆς
3483 3101 3644 3172 χάριν
3675 3100 3834 3171 εἰρήο

548 3187 704 3243 orbis
727 3188 897 3243 totius
925 3186 1394 3258 pacificandarum
1438 3185 1635 3258 gratia,
1668 3193 1732 3240 ut
1755 3184 1960 3240 mortui
1991 3185 2138 3242 illius

2239 3219 2367 3274 νηςο
2404 3201 2542 3273 μήτε
2575 3198 2839 3269 Πατέρων
2867 3196 3012 3252 λύων
3041 3194 3294 3260 κανόνας,
3319 3194 3414 3248 καὶ
3441 3193 3541 3264 τὴν
3569 3191 3831 3264 ὁμόνοιαν

547 3294 752 3335 nomen
781 3279 1107 3346 inscribant,
1141 3279 1380 3350 prmcipe
1415 3296 1430 3333 :
1463 3278 1539 3334 ita
1574 3276 1723 3334 enim
1756 3292 1882 3333 cum
1912 3277 2136 3334 Patrum

2243 3293 2436 3350 πασῶν
2469 3291 2606 3364 ὁμοῦ
2647 3291 2757 3346 τῶν
2815 3287 3153 3361 Ἑκκλησιῶν
3187 3288 3319 3360 περὶ
3350 3286 3605 3340 πλείστου
3643 3285 3831 3339 ποιού-

549 3385 795 3426 canones
825 3386 936 3426 non
970 3369 1402 3442 transgrediere,
1433 3377 1550 3425 tum
1573 3369 1940 3425 Ecclesiarum
1971 3369 2136 3424 simul

2246 3403 2426 3458 μενος.
2469 3384 2595 3438 Ὀτι
2628 3382 2685 3436 δὲ
2706 3381 2801 3436 καὶ
2829 3382 2963 3454 ἡμῖν
2992 3379 3227 3452 γράψεις
3275 3378 3345 3434 τὰ
3378 3376 3679 3452 πρέποντα,
3729 3393 3829 3430 πε-

547 3461 798 3515 enmium
820 3459 1174 3515 concordiam
1206 3460 1431 3530 plurimi
1459 3458 1648 3515 facies.
1682 3459 1760 3515 Te
1786 3475 1919 3515 vero
1941 3475 2007 3515 ea
2031 3475 2135 3516 no-

2241 3475 2694 3550 πληροφόρημαι,
2723 3473 2861 3545 πρός
2884 3489 2944 3526 τε
2969 3473 3069 3542 τὴν
3097 3469 3405 3543 ὁμοψυχίαν
3434 3467 3532 3524 καὶ
3557 3468 3620 3522 τὺ
3648 3466 3830 3521 κοινὸν

549 3551 657 3617 bis,
670 3567 794 3622 qua).
809 3552 1089 3618 convenit,
1110 3551 1513 3622 rescripturum
1527 3565 1672 3616 esse,
1699 3550 1768 3606 ad
1785 3566 2136 3608 communem

2240 3569 2341 3640 τῆς
2386 3567 2751 3639 ἀδελφότητπ
2797 3563 3152 3618 ἀποϐλέπων.
3204 3562 3396 3640 [idem
3441 3560 3543 3632 τὴν
3591 3559 3691 3614 σὺν
3745 3558 3826 3611 σοὶ

547 3658 881 3700 consensum
923 3651 981 3698 et
1021 3643 1424 3700 fraternitatem
1455 3643 1865 3715 respicientem,
1904 3659 2136 3715 persua-

2244 3657 2586 3731 ἀδελφότητα
2615 3655 2728 3729 ἐγώ
2752 3674 2812 3712 τε
2841 3655 2936 3712 καὶ
2959 3655 3010 3710 οἱ
3039 3655 3138 3712 σὺν
3165 3654 3290 3727 ἐμοὶ
3317 3650 3821 3726 προσαγορεύομεν.

551 3751 675 3791 sum
699 3737 898 3792 habeo.
934 3736 1384 3802 Fraternitatem,
1411 3753 1533 3807 quae
1560 3744 1743 3793 tecum
1764 3745 1869 3804 est,
1893 3752 2137 3803 omnem,

549 3844 655 3901 ego
677 3828 884 3901 quique
907 3843 1125 3886 mecum
1150 3837 1298 3896 sunt,
1333 3828 1550 3887 salvere
1569 3828 1852 3903 iubemus.

1627 4137 1792 4213 2M
1821 4136 2159 4198 EPISTOLA
2196 4136 2411 4198 LXXVI
2449 4139 2543 4212 (of.
2585 4137 2768 4212 LVII).

1884 4311 2095 4354 οῖιιιιιι
2130 4312 2198 4354 AD
2227 4311 2477 4355 ATTICUM.

965 4452 1220 4509 'Auicum
1271 4453 1334 4509 ob
1383 4451 1608 4510 Joannis
1660 4449 2019 4527 Chrysostomi
2068 4471 2259 4510 nomen
2315 4453 2569 4526 diptychi:
2607 4453 2868 4508 insertum
2911 4450 3245 4524 reprehendit
3274 4450 3376 4525 (l).

624 4609 808 4665 Lectis
835 4623 958 4679 quae
984 4623 1016 4664 a
1045 4609 1250 4680 pietate
1275 4617 1368 4664 tua
1399 4607 1466 4664 ad
1489 4625 1576 4665 me
1600 4608 1782 4665 missae
1806 4617 1955 4675 sunt,
1988 4608 2138 4663 litte-

2321 4606 2397 4680 (2)
2414 4607 2540 4673 Τοῖς
2555 4607 2707 4681 παρά
2732 4608 2834 4680 τῆς
2847 4609 2948 4679 σῆς
2970 4607 3276 4680 θεοφιλείας
3292 4601 3722 4677 ἐπεσταλμένοις
3743 4603 3837 4660 ἐν-

558 4701 657 4768 ris,
684 4701 910 4758 Joannis
951 4716 1156 4756 nomen
1188 4699 1360 4756 sacris
1405 4698 1732 4770 inscriptum
1777 4715 1902 4755 esse
1936 4698 2142 4756 tabulis

2247 4698 2450 4770 τυχὼν,
2478 4701 2855 4774 ἐγγεγράφθαι
2885 4702 2984 4775 μὲν
3013 4701 3112 4774 τὴν
3149 4701 3398 4758 Ἰωάννου
3431 4697 3837 4772 προσηγορίαν,

560 4791 828 4847 intellexi.
856 4791 961 4847 Ubi
991 4806 1123 4846 vero
1148 4805 1244 4845 eos
1277 4789 1371 4862 qui
1403 4788 1532 4844 inde
1564 4789 1632 4844 ad
1660 4803 1762 4843 nos
1794 4802 2021 4852 venere,
2051 4786 2140 4840 in-

2249 4794 2310 4848 ἐν
2340 4795 2462 4858 ταῖς
2490 4789 2662 4864 ἱεραῖς
2683 4795 2989 4866 ἐμάνθανον
3019 4795 3247 4860 δέλτοις,
3284 4793 3601 4868 Ἐρωτήσας
3630 4790 3691 4846 δέ
3707 4791 3835 4856 τοὺς

557 4884 859 4956 terrogavi,
890 4899 1001 4939 non
1029 4883 1088 4938 in
1115 4883 1405 4945 laicorum,
1435 4879 1531 4936 sed
1565 4879 1955 4951 episcoporum
1992 4885 2143 4932 cata-

2249 4883 2461 4938 ἐκεῖθεν
2479 4883 2734 4955 ἥκοντας,
2768 4885 3053 4958 ἐπυθόμην
3097 4885 3200 4940 οὐκ
3247 4885 3307 4938 ἐν
3339 4886 3452 4949 τοῖς
3472 4881 3586 4938 τῶν
3628 4880 3843 4936 λαίκῶν

561 4979 686 5048 logo
714 4975 1016 5047 ascriptum
1043 4988 1165 5030 esse
1191 4972 1399 5028 audivi.
1433 4973 1608 5028 Porro
1648 4969 1962 5041 dispicienti
2007 4968 2144 5025 mihi

2249 4958 2661 5041 καταλόγοις,ἐν
2689 4972 2746 5027 δὲ
2772 4975 2887 5038 τοῖς
2914 4973 3024 5028 τῶν
3052 4968 3370 5030 ἐπισκόπων
3393 4971 3717 5042 ἐντετάχθαι
3737 4971 3847 5023 αύ-

561 5076 730 5138 atque
757 5067 814 5122 in
833 5066 1018 5122 animo
1041 5063 1320 5137 reputanti
1342 5079 1410 5118 an
1441 5062 1536 5134 qui
1558 5061 1665 5117 hoc
1679 5061 1859 5116 fecere
1888 5059 2144 5115 Nicaeae-

2250 5062 2363 5134 τήν.
2396 5061 2871 5133 Διασκοπούμενος
2898 5061 2956 5116 δέ
2985 5061 3080 5116 καὶ
3109 5061 3230 5116 κατ’
3259 5058 3500 5131 ἐμαυτὸν
3529 5055 3754 5121 ἐννοῶν,
3791 5056 3848 5109 εί

563 5176 690 5215 rum
733 5162 960 5216 Patrum
1000 5157 1225 5215 decreta
1267 5155 1594 5228 sequantur,
1639 5163 1696 5211 et
1739 5153 2143 5224 aliquantulum

2252 5155 2370 5218 ταῖς
2384 5152 2494 5207 τῶν
2516 5151 2775 5232 Πατέρων
2790 5151 2900 5206 τῶν
2912 5151 2970 5206 ἐν
2989 5150 3040 5206 Ν
3044 5150 3196 5222 ικαίᾳ
3216 5147 3569 5205 ἀκολουθοῦσι
3586 5145 3769 5210 δόξαις
3796 5147 3850 5201 οἱ

565 5254 767 5310 mentis
789 5237 1096 5308 luminibus
1118 5250 1177 5306 in
1200 5265 1454 5322 magnam
1489 5248 1638 5304 illam
1663 5245 1936 5320 synodum
1960 5247 2146 5304 inten-

2252 5243 2408 5299 τοῦτο
2438 5243 2818 5316 πεπραχότες,
2870 5243 2966 5297 καὶ
3018 5242 3192 5315 βραχύ
3225 5259 3278 5295 τι
3328 5240 3420 5297 τδν
3450 5240 3551 5311 τῆς
3594 5237 3850 5304 διανοίας

568 5345 661 5412 tis,
697 5345 1017 5401 universum
1059 5350 1378 5400 sanctorum
1433 5340 1654 5396 illorum
1703 5339 1926 5395 Patrum
1976 5339 2148 5396 colle-

2249 5337 2530 5410 ὀφθαλμὸν
2554 5336 2694 5409 πρὸς
2724 5337 2824 5408 τὴν
2857 5335 3102 5408 μεγάλην
3133 5335 3351 5406 ἐκείνην
3392 5331 3680 5401 ἀνατείνας
3709 5331 3847 5385 σύνο

566 5436 739 5508 gium,
777 5433 1108 5505 quibusdam
1139 5432 1312 5489 veluti
1351 5431 1528 5489 oculis
1559 5445 1816 5497 renuere,
1846 5439 1903 5487 et
1934 5431 2150 5487 viribus

2251 5431 2392 5500 οδον,
2421 5431 2550 5503 ὃλην
2582 5430 2694 5502 δρῶ
2719 5430 2828 5486 τῶν
2849 5429 3022 5499 ἁγίων
3043 5427 3305 5500 Πατέρων
3324 5425 3552 5481 ἐκείνων
3574 5423 3676 5496 τὴν
3705 5425 3819 5495 όμή

641 5587 720 5659 (i)
783 5586 1241 5659 Posteautamen.
1299 5599 1330 5640 ε
1379 5583 1437 5659 _S.
1489 5583 2020 5659 ls_id_«3ro_Relusiota
2074 5583 2142 5638 ad
2322 5583 2399 5655 (2)
2455 5584 2582 5640 Haec
2623 5583 2854 5659 epistola
2903 5599 3031 5639 cum
3069 5581 3351 5659 superiori
3376 5577 3442 5636 ad
3481 5592 3688 5659 annum
3733 5577 3849 5658 41.5

570 5649 790 5726 mitiora
822 5653 1052 5726 consilia
1079 5655 1336 5726 inductus
1373 5654 1485 5726 (an.
1515 5653 1848 5710 M7.-——lsid-.
1890 5653 2053 5724 epist.
2099 5671 2143 5726 7i.
2253 5649 2484 5726 spectat,
2535 5665 2615 5726 et,
2630 5649 2785 5726 juxta
2831 5649 3664 5726 temporum:ration_em_Cyi-illi
3718 5649 3843 5726 epi-

570 5725 722 5849 1’370},
765 5740 888 5804 cum
926 5724 1200 5849 episcopis
1240 5718 1455 5807 {Egypti
1493 5725 1774 5781 consensit
1795 5733 1866 5806 ut.
1881 5718 2146 5780 memoria
2252 5718 2410 5807 siolis
2431 5718 3018 5808 prasmiitendaforet.
3061 5722 3168 5779 Sed
3201 5722 3328 5777 vide
3349 5718 3598 5776 Bolland.
3634 5718 3691 5773 in
3723 5718 3845 5773 Vita

574 5795 632 5847 δ.
704 5809 897 5849 oannis
983 5797 1307 5849 hrvsostomi
1352 5813 1405 5849 in
1439 5805 1712 5849 integrum
1737 5803 2143 5849 restitueretur.
2255 5796 2461 5849 Curilh.
2495 5797 2722 5849 huiusce
2757 5796 3017 5849 editionis
3046 5803 3174 5849 toni.
3204 5793 3248 5849 l.
3280 5791 3384 5849 col.
3426 5790 3515 5846 22.
3549 5789 3700 5849 Enn.

574 5794 632 5847 S.
672 5789 1405 5870 Joannisﬂihrysostomivin
1439 5797 1712 5870 integrum
1737 5795 2143 5858 restitueretur,
2255 5789 2462 5867 Cyrilh",
2495 5797 2722 5870 hujusce
2757 5795 3017 5853 editionis
3046 5803 3174 5852 toni.
3204 5793 3248 5863 l,
3280 5791 3384 5849 col.
3426 5790 3515 5846 22.
3549 5789 3700 5849 Enn.

572 5878 810 5935 cumque
842 5865 1039 5923 dehinc
1055 5865 1282 5924 summa
1310 5865 1659 5927 veneratione
1678 5874 2006 5936 prosecutus
2042 5873 2143 5922 est.
