2024 3224
108 169 160 199 353

779 164 946 194 EPISTOLA
965 164 1083 193 LXXVI.

1710 162 1762 191 δεδι

113 232 195 261 γνριν
212 222 312 259 ὥσπερ
327 221 402 249 τισὶν
413 221 565 258 ὀφθαλμοῖς
575 220 768 254 ἀνανεύουσαν,
782 223 829 249 καὶ
839 222 919 249 παντὶ

971 221 1111 254 omnibus,
1134 220 1282 256 quominus
1306 221 1339 248 ad
1364 228 1423 248 rem
1445 226 1506 247 eam
1529 219 1760 254 eomprobandam

110 272 199 299 σθένει
211 268 428 297 διακωλύουσαν
444 269 519 304 ἡμᾶς
529 268 639 304 τρέχειν
655 269 696 300 είς
710 268 760 304 τὴν
771 268 818 295 ἐπὶ
828 267 916 304 τούτῳ

115 316 279 345 coniveam.
290 315 356 346 Πῶς
372 314 430 349 γὰρ
442 315 501 346 τοῖς
512 313 615 349 ἱερεῦσι
627 313 695 340 Θεοῦ
711 312 916 345 συντετάξεται,

121 364 213 391 καὶτὸν
224 362 345 389 ἐκείνων
361 360 474 395 φορέσει
485 360 595 395 κλῆρον,
607 360 621 386 ὁ
629 359 678 395 τῆς
692 358 827 395 ίερατείας
839 358 917 386 ἐκϐε-

122 408 267 444 ϐλημένοςς
287 406 352 438 Πῶς
365 405 395 432 δὲ
414 406 443 432 ὲν
459 404 621 439 καταλόγοις
645 404 722 430 ἔσται
738 402 915 439 λειτουργῶν,

122 456 134 481 ὀ
148 453 203 480 τῶν
221 450 472 487 ὲκκλησιαστικῶν
490 449 641 485 περιϐόλων
658 448 712 481 ἔξω
727 448 832 482 τεθείς;
853 448 916 474 ’Λν-

114 500 184 532 tiva
195 499 256 534 γὰρ
269 498 347 533 ἡμᾶς
362 496 379 532 ἢ
397 496 481 532 μηδὲν
495 493 566 523 εἶναι
578 495 668 530 λέγειν
678 495 709 522 τὸ
719 495 769 530 τῆς
780 495 918 530 ίερατείας

112 546 206 580 δνομα,
218 544 269 570 καὶ
286 543 406 579 πρᾶγμα
416 541 507 568 κοινὸν
519 539 588 568 εῖναι
602 542 681 574 πᾶσι,
696 541 727 567 τὺ
739 534 830 575 μόνοις
838 549 918 575 τετη-

115 591 233 626 ρημένον
246 590 307 620 τοῖς
321 589 364 620 εἰς
376 587 458 615 τοῦτο
472 587 653 623 καλουμένοις
663 596 670 603 ·
684 587 701 623 ἢ
716 588 740 613 εί
754 586 822 613 πολύ
838 595 865 613 τι
888 586 918 613 τὺ

117 635 283 670 διατειχίςον
293 634 372 661 ἐστὶν
384 632 537 669 ἱερωσύνην
551 633 597 659 καὶ
606 633 679 664 λαὸν,
694 633 731 668 μὴ
744 632 868 668 μιγνύειν
884 631 918 659 τὰ

114 683 215 717 ἄμικτα
226 703 235 715 ,
253 681 356 715 τηρεῖν
367 679 396 706 δὲ
410 679 439 706 ὲν
451 680 485 714 τῇ
506 678 595 714 οίκείᾳ
606 679 683 711 τάξει
696 678 750 705 τῶν
766 677 918 714 εἰρημένων

113 728 239 758 ἕκαστον,
256 726 309 753 καὶ
322 726 375 760 τῆς
384 724 462 760 αὺτῷ
475 723 636 759 πρεπούσης
646 723 729 759 τιμῆς
742 723 844 757 ἀξιοῦν.
855 723 918 755 Πῶς

115 772 155 800 οὖν
169 774 199 799 ἐν
213 772 387 802 ἐπισκόποις
402 771 417 796 ὁ
431 770 536 802 λαῖκὸς,
549 769 565 805 ἢ
581 769 639 801 πῶς
653 770 683 796 ὲν
700 770 757 800 τοῖς
773 768 894 804 γνησίοις
904 770 919 796 ὁ

119 822 150 856 μὴ
164 818 292 850 τοιοῦτος
306 816 458 851 άναφανείς
468 826 476 850 ;
486 816 621 852 Τίμησον,
631 815 864 851 παρακαλῶ,τοὺς
871 815 918 841 ἐπὶ

118 866 251 901 ὶαμπροῖς
269 865 319 891 καὶ
335 863 467 899 μεγάλοις
482 864 538 894 τοῖς
556 861 753 898 κατορθώμασι
778 869 918 898 μαρτυρη-

967 275 1130 300 accurram,
1157 267 1296 294 obsistere
1324 267 1444 294 videtur.
1470 265 1614 298 Quomodo
1643 273 1762 300 namque

967 313 1041 341 inter
1068 313 1228 341 sacerdotes
1252 313 1301 341 Dei
1327 312 1498 345 censebitur,
1524 312 1669 339 illorumve
1692 312 1773 339 feret.

967 362 1071 386 sortem
1094 378 1102 391 ,
1127 358 1173 385 cui
1197 356 1378 385 sacerdotalis
1405 356 1525 391 dignitas
1548 356 1679 391 abrogata
1700 357 1763 383 est?

967 403 1111 437 Quomodo
1133 411 1199 431 vero
1221 403 1249 430 in
1272 403 1397 438 catalogo
1413 409 1555 430 sacrorum
1569 402 1761 429 ministrorum

967 449 1031 483 erit,
1056 449 1104 485 qui
1126 449 1323 477 ecclesiasticis
1344 448 1485 476 moenibus
1508 448 1613 483 ejectus
1626 449 1685 475 est?
1708 449 1764 476 Aut

967 495 1042 523 enim
1057 495 1230 531 professione
1242 499 1335 522 nostra
1349 494 1492 529 indignum
1504 498 1557 526 est,
1568 498 1599 521 ut
1615 494 1762 522 sacerdotii

967 550 1070 570 nomen
1086 542 1156 569 nihil
1168 549 1240 575 esse,
1254 545 1282 569 et
1296 549 1355 568 rem
1374 540 1461 575 ipsam
1475 546 1651 567 communem
1671 539 1762 566 omni-

968 588 1021 616 bus
1032 596 1104 620 esse,
1120 596 1182 623 qua:
1200 593 1291 615 tamen
1307 587 1348 614 eis
1369 586 1436 614 solis
1459 585 1507 622 qui
1532 585 1567 612 ad
1588 592 1649 612 eam
1671 584 1763 611 vocati

968 638 1043 667 sunt.
1055 637 1195 661 asservata
1207 637 1259 665 est,
1272 632 1397 660 dicamus
1412 641 1418 659 :
1437 635 1485 659 aut
1502 631 1523 658 si
1540 637 1670 666 magnum
1680 630 1763 665 quid-

968 680 1031 708 dam
1047 683 1100 712 cst,
1126 679 1200 714 quod
1223 678 1422 706 sacerdotalem
1445 677 1616 704 functionem
1636 684 1651 703 a
1668 676 1762 710 populi

969 725 1146 752 multitudine
1159 723 1276 756 dirimit,
1293 731 1348 751 non
1360 723 1501 750 miscenda
1513 730 1574 757 quae
1584 721 1695 749 misceri
1708 729 1763 748 non

968 774 1095 806 possunt,
1113 770 1160 798 sed
1175 778 1271 798 eorum
1285 777 1347 805 qua:
1359 769 1481 796 diximus
1492 767 1611 803 quodvis
1623 767 1651 794 in
1664 767 1763 794 ordine

968 824 1020 844 suo
1034 815 1267 847 conservandum,
1289 819 1317 842 ct
1337 815 1443 841 honore
1460 813 1555 841 debito
1578 812 1763 839 cohonestan-

969 862 1036 890 dum
1047 862 1128 890 nobis
1141 862 1204 889 erit.
1214 861 1358 895 Quomodo
1374 860 1458 896 igitur
1472 863 1521 887 aut
1531 859 1604 886 inter
1621 858 1765 893 episcopos

117 913 218 944 θέντας,
236 911 276 946 μὴ
295 910 415 945 ὑϐρίσῃς
439 909 485 935 τὸν
502 908 580 943 ἆγιον
596 908 653 935 τῶν
670 908 801 944 Πατέρων
826 907 917 943 χορόν.

971 909 1067 941 laicus,
1097 912 1145 935 aut
1169 907 1241 935 inter
1264 914 1410 942 germanos
1431 910 1460 934 et
1476 905 1624 941 legitimos,
1639 903 1686 938 qui
1703 903 1765 929 talis

120 958 222 984 Ὲννὰει
244 957 388 991 παρόντας
408 955 449 980 ἔτι
476 954 522 980 καὶ
539 953 792 989 συνδιαιτωμένους,
809 953 869 985 πῶς
884 953 917 980 ἂν

115 1003 162 1029 ἐπὶ
184 1001 228 1037 τῷ
245 1001 372 1036 γεγονότι
386 1000 560 1034 διετέθησαν.
578 996 643 1034 'Ap’
659 998 719 1034 οὐχὶ
745 998 836 1033 πάσης
849 998 917 1025 ἀνα-

122 1048 286 1083 πεπλῆσθαι
296 1047 383 1082 λύπης
393 1044 474 1072 εἷπον
490 1046 523 1072 ἂν
538 1045 663 1077 εἰκότως,
674 1045 715 1076 είς
729 1044 778 1080 τὴν
793 1044 854 1079 ἴσην
870 1044 918 1070 αὺ-

128 1096 187 1126 τοῖς
212 1092 291 1126 τάξιν
312 1092 500 1128 εἰσφερομένου
527 1090 574 1117 τοῦ
599 1090 812 1126 καθῃρημένου;
846 1089 917 1116 Ἀλλ’

128 1138 207 1174 οἶμαι
225 1140 272 1165 καὶ
287 1138 367 1173 αὐτὴν
378 1137 454 1164 τοῦτο
472 1136 617 1163 πεπεῖσθαι
631 1136 680 1172 τὴν
689 1137 740 1172 σὴν
751 1134 916 1163 θεοσέϐειαν.

125 1187 170 1212 Διὸ
187 1186 221 1220 δὴ
238 1185 332 1211 σϐέσον
345 1185 435 1216 αὐτοῖς
446 1193 476 1210 τε
491 1183 539 1210 καὶ
548 1184 614 1218 ἡμῖν
622 1184 671 1219 τῆς
683 1182 779 1218 ἀηδίας
792 1182 841 1217 τὴν
852 1181 918 1217 πρό-

124 1241 215 1266 φασιν.
234 1231 324 1258 Λῦσον
335 1231 385 1265 τῆς
404 1230 534 1257 ἁπάντων
545 1229 696 1264 κατηφείας
711 1229 762 1264 τὴν
778 1227 916 1255 ὑπόθεσιν.

123 1279 156 1304 Τὸ
167 1279 215 1313 μὲν
231 1278 286 1312 γὰρ
303 1277 553 1312 εὐμεταχειρίστως
567 1275 601 1303 τὰ
611 1274 842 1311 παρεμπίπτοντα
851 1273 917 1300 διοι-

121 1326 182 1356 κεῖν,
202 1324 288 1350 καλὸν
306 1325 340 1350 ἂν
362 1324 470 1359 εἴποιμι
484 1323 531 1350 καὶ
544 1321 627 1357 σοφόν
638 1329 645 1337 ο
661 1322 723 1348 τότε
741 1320 764 1347 δ’
781 1320 857 1346 ἔσται
872 1327 918 1346 σο-

115 1372 171 1404 φὸν,
192 1371 228 1397 ἂν
241 1371 283 1406 μή
302 1379 330 1396 τι
346 1370 447 1405 βλάϐος
460 1368 585 1404 εἰσφέρῃ.
601 1367 669 1394 Οὐδὲ
691 1366 747 1402 γὰρ
769 1365 919 1401 ἐπειδήπερ

112 1414 227 1451 μείζονα
247 1415 303 1449 τὴν
316 1413 441 1450 Χριστοῦ
457 1413 575 1449 ποίμνην
589 1411 793 1446 ἀποτελοῦμεν,
804 1406 873 1442 ’τοὺς
890 1411 920 1437 ὲν

111 1461 169 1492 ταῖς
176 1461 309 1496 αἱρέσεσι
322 1458 527 1495 προσλαϐόντες
540 1458 653 1493 ἐσμοὺς,
665 1456 712 1484 καὶ
721 1456 746 1482 εἰ
754 1455 805 1490 τῆς
816 1455 919 1487 οἰκείας

115 1507 150 1542 μὴ
163 1506 318 1542 μεταϐεῖεν
337 1505 456 1540 πλάνης,
473 1504 517 1531 διὰ
533 1502 612 1530 τοῦτο
634 1502 688 1538 χρὴ
709 1502 828 1534 πάντως,
845 1501 918 1527 οἰκο-

115 1553 229 1588 νομικήν
244 1560 313 1579 τινα.
325 1551 375 1578 καὶ
385 1548 484 1586 ἀπεριέ
489 1557 605 1585 ργαστον
614 1549 726 1583 εἰρήνην
735 1546 918 1579 ἀσπάζεσθαι,

204 1584 257 1631 οὓς
287 1599 349 1624 ἐστι
368 1584 546 1633 κρείττωννὴ
562 1595 646 1631 μάχη.
664 1594 764 1630 Ἔργον
789 1594 818 1620 δὲ
834 1593 918 1624 ὄντως
932 1584 954 1613 (ἶ

115 1645 276 1681 οἰκονομίας
294 1644 369 1676 ἐστὶ,
381 1643 412 1670 τὸ
426 1644 516 1670 δοκεῖν
530 1642 585 1669 ἔσθ’
598 1642 643 1669 ὅτε
655 1641 742 1677 βραχύ
754 1649 780 1667 τι
790 1639 838 1667 τοῦ
854 1640 920 1675 πρέ-

118 1700 212 1724 ποντος
227 1690 397 1725 ἐξίστασθαι
408 1689 500 1724 λόγου,
522 1689 592 1724 μετὰ
605 1688 651 1715 τοῦ
667 1687 716 1723 τὴν
733 1688 762 1714 ὲν
780 1687 837 1718 τοῖς
852 1695 920 1721 χρη-

119 1739 207 1774 σίμοις
220 1736 425 1773 παραιτεῖσθαι
453 1736 567 1771 ζημίαν.
593 1733 672 1762 Οὕτω
695 1733 768 1762 καὶὸ
784 1733 920 1768 μακάριος

121 1783 224 1815 Παῦλος
240 1784 302 1814 τοῖς
319 1783 405 1809 πᾶσιν
421 1781 527 1815 ἐγίνετο
547 1780 652 1807 πάντα·
666 1779 722 1814 ,οὐχ
739 1779 782 1805 ἵνα
802 1777 919 1813 κερδάνῃ

123 1831 170 1865 μέν
186 1839 212 1857 τι
228 1829 332 1865 βραχὺ,
352 1827 480 1863 ζημιωθῇ
498 1827 527 1853 δὲ
549 1826 632 1862 μέρος
644 1846 652 1860 ,
677 1825 735 1852 ἀλλ’
750 1824 794 1851 ἵνα
815 1823 921 1854 πάντας

124 1876 254 1911 κερδήσῃ.
273 1875 393 1910 Ἴδωμεν
407 1874 499 1901 τοίνυν
511 1873 555 1900 διὰ
570 1871 673 1907 ταύτης
686 1871 736 1905 τῆς
748 1869 861 1906 ἐρεύνης
871 1869 920 1903 τῆς

125 1923 150 1948 ὲν
162 1923 219 1953 τοῖς
237 1920 388 1956 πράγμασι
414 1918 581 1954 βαδίζοντες,
599 1918 624 1944 εἰ
650 1917 688 1953 μὴ
704 1916 796 1943 πλεῖον
816 1915 872 1950 ἔχει
889 1914 921 1941 τὸ

126 1968 220 2002 βλᾴὸος
248 1968 267 2002 ἡ
297 1966 430 1997 ὑπόθεσις
453 1964 508 1991 τῶν
523 1964 658 1997 δοξάντων
684 1960 754 1989 εἶναι
783 1960 919 1997 χρηστῶν.

127 2013 256 2045 Τοσοῦτος
276 2012 330 2048 ἠδη
349 2011 489 2038 διῖππεύει
514 2010 609 2046 χρόνος
624 2009 673 2045 τῆς
701 2008 750 2043 σῆς
766 2005 921 2038 θεοσεϐείας

128 2059 270 2094 διεξιούσης
285 2059 333 2085 τὸν
349 2057 460 2094 θρόνοψ
476 2056 524 2083 καὶ
539 2056 625 2087 οὐδείς
640 2056 715 2081 ἐστιν
725 2055 739 2081 ὁ
756 2052 920 2088 συνάγεσθαι

129 2104 356 2140 παραιτούμενος.
380 2103 452 2129 Ἀλλ’
465 2103 489 2129 εἰ
502 2102 550 2129 καί
571 2101 621 2128 πού
638 2109 711 2133 τινες
728 2099 793 2136 περὶ
806 2098 855 2135 τὴν
869 2099 920 2135 ἀρ-

130 2150 174 2185 χὴν
189 2149 413 2184 φιλονεικότερον
430 2148 596 2185 πράττοντες
615 2146 728 2178 ἑαυτοὺς
742 2143 919 2180 ἀπεμέριζον,

131 2197 169 2222 καὶ
183 2193 258 2223 οὗτοι
273 2196 425 2230 κέκληνται
439 2195 482 2221 διὰ
494 2194 542 2229 τὴν
555 2193 602 2220 τοῦ
615 2194 742 2228 Σωτῆρος
755 2192 834 2227 ήμῶν
844 2191 921 2226 ίσχύν

130 2250 152 2267 τε
168 2242 216 2268 καὶ
233 2241 329 2277 χάριν.
345 2240 407 2266 Τῶν
420 2239 449 2266 δὲ
462 2240 491 2265 ὲν
504 2239 587 2270 τέλει,
605 2237 647 2269 τίς
663 2237 677 2263 ό
694 2236 731 2271 μὴ
748 2236 797 2271 τῆς
812 2236 861 2270 σῆς
875 2235 921 2260 εὺ-

128 2287 234 2319 λαϐείας
243 2286 439 2323 ἀκροώμενοςς
451 2285 500 2317 Τίς
510 2284 537 2311 δὲ
546 2285 560 2310 ὁ
569 2283 672 2318 ταύτης
682 2283 764 2310 ἕνεκα
775 2282 825 2317 τῆς
832 2280 922 2312 αἰτίας

125 2334 174 2366 ἔξω
200 2332 373 2370 μεμεηκὼς
386 2341 393 2365 ;
422 2332 480 2358 Οὐκ
495 2331 568 2357 ἔστιν
582 2329 680 2361 οὐδείς.
705 2328 753 2363 Μὴ
767 2328 822 2363 γὰρ
835 2326 893 2361 δοίη
908 2326 922 2352 ὁ

125 2380 199 2412 Θεός.
215 2380 288 2407 Τίνα
303 2377 451 2414 τοιγαροῦν
464 2374 650 2410 ἁνασώζων,ῆ
663 2375 703 2406 είς
713 2374 744 2400 τὸ
756 2372 922 2407 συνάγεσθαι

124 2425 223 2456 καλῶν,
236 2425 308 2460 ὅλην
320 2423 373 2456 ἔξω
383 2423 440 2455 θεὶς
452 2422 508 2449 τῶν
515 2422 565 2458 τῆς
581 2420 745 2456 Ἐκκλησίας
758 2418 920 2455 περιϐόλων,

127 2472 172 2507 τήν
183 2481 212 2498 τε
224 2471 382 2505 Αἴγυπτον,
395 2467 628 2504 Δύγουσταλικὴν,
641 2467 689 2493 καὶ
707 2465 863 2502 ’Δρκαδίαν,
874 2464 922 2491 καὶ

127 2518 256 2553 Θηϐαῖδα,
274 2516 325 2544 καὶ
338 2515 453 2551 Διϐύην,
467 2515 515 2541 καὶ
525 2512 706 2545 Πεντάπολιν,
723 2512 771 2539 καὶ
786 2511 921 2542 τοσαύτας

128 2564 298 2600 Ἐκκλησίας
311 2563 429 2595 λυπετςς
454 2562 498 2588 ἵνα
522 2560 624 2597 μηδένα
649 2559 799 2595 κερδάνῃς·
816 2557 921 2588 πάντας

117 2611 173 2647 γὰρ
188 2609 379 2647 προεκέρδανε
392 2608 439 2635 τοῦ
463 2607 593 2642 Σωτῆρος
610 2607 626 2641 ἡ
647 2606 737 2641 χάρις.
752 2604 808 2631 Καὶ
827 2604 921 2631 ἀνατί-

116 2658 189 2692 Θημι
203 2657 254 2684 τὸν
274 2656 324 2683 ἐπὶ
350 2656 438 2690 τούτῳ
454 2654 537 2681 πόνον
552 2654 608 2685 τοῖς
627 2652 677 2688 τῆς
699 2651 748 2686 σῆς
767 2650 921 2682 θεοσεϐείας

117 2704 284 2740 διδάγμασι.
319 2702 366 2737 Μὴ
381 2702 473 2729 τοίνυν
491 2699 641 2736 κατηγόρει
661 2697 763 2725 σαυτοῦ
788 2697 852 2729 τοὺς
868 2696 922 2723 ἀπὸ

119 2751 280 2786 φιλονείκου
296 2749 413 2784 γνώμης
432 2746 668 2784 μεμερισμένους,
685 2745 732 2771 καὶ
748 2743 786 2779 μὴ
807 2743 923 2770 καταδε-

117 2797 258 2834 χομένους
273 2796 338 2822 ποτὲ
353 2795 385 2823 τὸ
396 2795 441 2821 ἐπ’
455 2794 552 2821 ἐκείνω
573 2792 677 2820 δίκαιον
691 2792 789 2827 κρῖμα.
811 2791 845 2818 Ἢ
867 2789 922 2825 γὰρ

156 2887 182 2903 "
194 2887 206 2915 ι
216 2886 282 2914 Cor.
299 2893 335 2920 ix,
349 2885 398 2913 '22.

970 963 1027 983 non
1041 955 1088 987 sit,
1106 953 1256 983 consistet?
1273 953 1394 985 Honora,
1415 956 1442 979 te
1463 952 1570 982 hortor,
1586 958 1635 977 eos
1646 949 1692 984 qui
1705 956 1762 976 ma-

970 1009 1085 1038 gnarum
1108 1005 1137 1029 et
1153 1000 1360 1036 splendidarum
1377 1003 1507 1033 recteque
1528 1001 1652 1024 actarum
1671 1002 1764 1022 rerum

971 1047 1059 1075 tulere
1070 1047 1270 1078 testimonium,
1286 1053 1321 1073 ne
1335 1044 1502 1073 contumelia
1517 1047 1641 1071 sanctum
1651 1042 1763 1069 Patrum

970 1094 1086 1133 chorum
1120 1092 1232 1120 aﬂicias.
1263 1091 1414 1120 Considera
1444 1098 1492 1118 eos
1520 1089 1568 1124 qui
1601 1087 1766 1123 superstites

971 1138 1062 1166 adhuc
1076 1139 1104 1165 in
1115 1138 1170 1165 vita
1181 1141 1304 1169 manent,
1318 1136 1456 1171 quomodo
1473 1142 1532 1162 rem
1552 1134 1624 1161 hanc
1644 1140 1766 1168 accepe—

971 1184 1037 1212 rint.
1057 1185 1099 1211 An
1114 1192 1170 1211 non
1186 1183 1225 1210 illi
1244 1183 1338 1210 dolore
1352 1189 1381 1209 se
1394 1181 1470 1208 omni
1483 1180 1603 1215 repletos
1613 1186 1674 1206 esse
1690 1181 1765 1205 recte

972 1230 1076 1262 dicant,
1090 1230 1113 1257 si
1126 1229 1153 1256 in
1168 1228 1296 1256 eumdem
1309 1235 1371 1255 cum
1385 1226 1425 1254 eis
1438 1225 1574 1257 ordinem,
1587 1224 1610 1251 is
1621 1223 1664 1251 cui
1676 1223 1765 1258 digni-

972 1280 1014 1303 tas
1029 1275 1156 1309 adempta
1168 1279 1211 1302 cst
1222 1273 1373 1301 referatur?
1388 1272 1488 1300 Verum
1504 1270 1531 1298 id
1544 1269 1640 1305 pietati
1653 1276 1764 1304 quoque

972 1325 1026 1348 tua:
1043 1328 1206 1355 persuasum
1222 1327 1283 1347 esse
1297 1322 1374 1353 puto.
1400 1316 1585 1350 Quamobrem
1608 1319 1636 1342 et
1660 1315 1715 1342 illis
1738 1320 1766 1341 et

972 1366 1053 1394 nobis
1074 1366 1202 1394 maeroris
1214 1365 1293 1392 abolc
1306 1372 1427 1392 causam.
1446 1363 1522 1390 Tolle
1536 1361 1660 1389 omnium
1678 1360 1766 1387 tristi-

972 1413 1017 1440 tia:
1031 1412 1215 1440 occasionem.
1233 1412 1301 1438 Nam
1313 1411 1391 1438 facile
1404 1414 1432 1437 et
1442 1408 1569 1444 expedite
1581 1415 1613 1435 ea
1625 1415 1685 1442 quae
1699 1414 1767 1441 prm-

973 1463 1016 1487 ter
1030 1458 1190 1493 opinionem
1203 1456 1342 1489 accidunt,
1359 1455 1506 1490 disponere
1519 1458 1547 1481 et
1560 1452 1765 1484 administrate.

973 1505 1041 1533 boni
1055 1509 1083 1532 ct
1100 1504 1235 1539 sapientis
1255 1511 1316 1530 esse
1338 1501 1456 1529 dixerim
1474 1510 1480 1527 :
1497 1500 1546 1528 sed
1564 1505 1621 1527 tum
1643 1498 1767 1529 demum,

973 1557 1036 1577 cum
1053 1549 1120 1576 nihil
1145 1548 1303 1576 detrimenti
1327 1547 1432 1574 afferat.
1454 1546 1515 1574 Non
1535 1545 1619 1577 enim,
1641 1545 1768 1579 quamvis

970 1604 1080 1632 gregem
1090 1595 1191 1623 Christi
1202 1601 1362 1629 propagare,
1374 1592 1645 1627 frequentioremque
1658 1589 1767 1617 eﬂicere

971 1643 1141 1674 Studeamus,
1168 1641 1295 1669 examina
1319 1638 1477 1669 hzeresium,
1499 1637 1579 1672 205
1601 1637 1623 1663 si
1640 1643 1766 1664 errorem

971 1697 1052 1717 suum
1075 1696 1131 1715 non
1154 1687 1314 1722 repudient,
1330 1685 1490 1720 recipimus.
1516 1684 1549 1710 Et
1573 1683 1690 1718 proinde
1707 1689 1765 1708 non

970 1734 1083 1762 omnino
1096 1736 1222 1768 prompta
1236 1731 1353 1766 quadam
1366 1728 1572 1765 dispensatione
1584 1728 1692 1755 facilem
1703 1734 1765 1753 cum

970 1778 1012 1806 eis
1030 1776 1175 1812 complecti
1202 1782 1298 1811 pacem
1323 1774 1466 1805 debemus,
1483 1772 1615 1799 adversus
1630 1779 1699 1806 quos
1714 1778 1765 1805 pu-

971 1832 1055 1859 gnare
1079 1826 1203 1858 praestat.
1233 1819 1452 1856 Dispensationis
1474 1826 1539 1846 sane
1562 1817 1680 1845 laudate
1697 1824 1767 1852 opus

971 1870 1065 1902 fuerit,
1081 1869 1105 1896 si
1117 1869 1282 1904 quandoque
1298 1866 1337 1893 ita
1353 1874 1368 1893 a
1385 1865 1478 1893 debita
1499 1864 1605 1892 ratione
1621 1863 1767 1891 deflectere

971 1916 1126 1948 videamur,
1138 1914 1208 1942 utin
1225 1914 1309 1941 rebus
1325 1912 1442 1940 utilibus
1454 1916 1483 1938 et
1504 1910 1658 1938 commodis
1679 1909 1765 1936 detri-

971 1966 1095 1989 mentum
1113 1961 1258 1988 evitemus.
1283 1958 1329 1986 Sic
1348 1963 1376 1985 ct
1392 1958 1491 1985 beatus
1513 1956 1615 1984 Paulus
1638 1954 1768 1983 omnibus

972 2008 1062 2036 factus
1076 2012 1118 2035 est
1129 2006 1222 2034 omnia
1234 2006 1269 2039 ",
1283 2013 1339 2032 non
1355 2009 1385 2032 ut
1398 2004 1527 2039 exiguum
1538 2002 1668 2037 quiddam
1681 2001 1766 2028 lucri—

972 2054 1086 2086 faceret,
1100 2056 1207 2088 partem
1229 2056 1320 2079 autem
1335 2049 1492 2085 quampiam
1513 2048 1613 2075 damno
1635 2046 1765 2078 alliceret,

972 2099 1021 2128 sed
1034 2102 1065 2126 ut
1074 2105 1171 2126 omnes
1185 2097 1353 2124 lucraretur.
1368 2094 1516 2123 Videamus
1536 2100 1613 2128 ergo,
1629 2091 1766 2127 ejusmodi

973 2152 1066 2173 rerum
1088 2142 1294 2177 investigationi
1312 2140 1481 2170 insistentes,
1497 2146 1532 2165 an
1548 2146 1603 2165 non
1623 2137 1685 2172 plus
1701 2136 1767 2163 huic

973 2198 1062 2219 causae
1080 2188 1233 2220 insitmali,
1250 2194 1332 2227 quam
1352 2186 1398 2213 illa
1418 2185 1545 2212 videatur
1565 2183 1668 2210 habere
1689 2182 1764 2209 boni.

973 2238 1088 2272 Totjam
1099 2235 1255 2272 praeteriere
1266 2233 1343 2265 anni,
1354 2240 1388 2260 ex
1402 2239 1456 2267 quo
1469 2231 1557 2266 pietas
1569 2233 1615 2256 tua
1636 2229 1766 2256 thronum

974 2291 1054 2311 suum
1076 2283 1183 2310 tenuit:
1200 2283 1290 2316 neque
1319 2279 1464 2315 quisquam
1486 2281 1530 2304 est
1548 2277 1595 2312 qui
1614 2279 1768 2303 conventus

974 2330 1001 2357 in
1016 2329 1138 2357 Ecclesia
1152 2333 1214 2356 tuos
1227 2327 1306 2355 vitet.
1327 2325 1398 2359 Quin
1414 2323 1523 2351 etiamsi
1545 2323 1579 2350 ab
1601 2322 1682 2349 initio
1696 2329 1766 2348 non-

973 2375 1042 2402 nulli
1058 2373 1211 2402 dissidendi
1228 2379 1321 2399 amore
1337 2370 1443 2405 seipsos
1460 2369 1494 2397 ab
1509 2368 1563 2396 illis
1577 2371 1765 2403 scgregarunt.

974 2425 1066 2448 tamen
1085 2418 1166 2447 etilli
1183 2425 1233 2453 per
1253 2416 1309 2444 vim
1332 2418 1361 2443 et
1382 2414 1497 2450 gratiam
1519 2413 1623 2441 Christi
1646 2413 1767 2440 revocati

974 2470 1049 2494 sunt.
1068 2465 1109 2493 Ex
1131 2462 1341 2499 magistratibus
1357 2469 1426 2489 vero
1442 2460 1504 2496 quis
1517 2468 1573 2487 non
1587 2459 1698 2495 pietatis
1714 2463 1767 2486 tua:

972 2511 1055 2539 dictis
1077 2510 1193 2538 audiens
1208 2508 1268 2537 est?
1282 2508 1349 2542 Quis
1362 2507 1399 2535 ob
1414 2507 1486 2533 hanc
1498 2506 1587 2541 ipsam
1601 2511 1712 2532 causam
1725 2508 1767 2531 est

973 2558 1020 2592 qui
1041 2560 1119 2584 extra
1140 2555 1294 2583 Eeclesiam
1315 2554 1442 2581 maneat?
1458 2552 1544 2580 Nemo
1567 2550 1691 2586 profecto
1712 2552 1765 2576 est.

972 2604 1033 2632 Non
1043 2602 1116 2631 enim
1126 2602 1180 2629 hoc
1190 2601 1236 2629 det
1248 2601 1329 2628 Dens.
1340 2599 1434 2634 Itaque
1445 2603 1592 2633 quemnam
1602 2595 1635 2622 ad
1650 2594 1766 2621 salutem

974 2656 1123 2681 revocans,
1145 2652 1192 2675 aut
1210 2646 1244 2675 ad
1259 2646 1396 2682 legitimos
1419 2644 1446 2670 in
1469 2641 1592 2670 Ecclesia
1615 2642 1768 2667 conventus

976 2695 1123 2727 reducens,
1143 2693 1211 2729 quin
1232 2699 1342 2720 omnem
1364 2689 1455 2725 potius
1477 2686 1606 2714 Ecclesia:
1628 2684 1768 2712 mmnibus

976 2742 1090 2777 ejicicns
1112 2736 1418 2776 Egyptum,regioncm
1433 2733 1515 2761 etiam
1531 2731 1721 2768 Augustalem,
1740 2735 1768 2758 ct

976 2788 1131 2821 Arcadiam,
1144 2791 1171 2815 et
1185 2783 1355 2821 Thebaidcn,
1368 2787 1396 2810 et
1410 2780 1533 2816 Libyam,
1545 2783 1573 2808 et
1583 2778 1766 2814 Pentapolim,
