4048 6454
547 331 656 386 355

1584 321 1638 376 S.
1681 319 1955 376 CYRILLI
1996 319 2465 378 ALEXANDRINI
2504 321 2822 378 ARClIlEP.

3710 328 3822 383 556

545 443 602 492 et
634 446 713 492 tot
752 435 1027 492 Ecclesias
1059 433 1248 490 dolore
1297 431 1502 486 amcis?
1536 447 1646 486 non
1690 439 1753 485 ut
1798 447 2129 502 quemquam

2236 435 2311 500 είς
2339 435 2593 489 τοσοῦτον
2619 435 2910 499 νυστάζειν
2949 433 3096 504 ἡμᾶς
3140 433 3437 505 ὑπείληφεν
3463 434 3496 505 ἠ
3533 435 3602 506 σὴ
3631 435 3820 491 θεοσέ-

547 527 856 583 lucrifacias
884 545 896 580 ε
925 542 1120 581 omnes
1144 540 1382 594 namque
1413 523 1689 578 lucrifecit
1721 524 1896 594 gratia
1927 523 2128 578 Serva-

546 621 701 675 toris.
736 618 978 674 Remitto
1014 628 1070 673 te
1113 618 1216 673 hac
1249 617 1304 671 in
1345 631 1405 670 re
1449 615 1517 670 ad
1563 617 1735 685 ipsam
1764 616 1987 685 pictatis
2027 623 2133 671 tua:

545 709 872 764 doctrinam.
905 709 984 763 Nc
1021 708 1188 778 igitur
1211 715 1402 762 contra
1429 707 1667 775 teipsum
1692 706 1942 761 celebres
1968 713 2133 775 atque

547 802 790 856 illustres
808 816 906 856 eos
945 802 1041 871 qui
1070 800 1397 855 adversandi
1426 799 1610 854 studio
1637 799 1692 852 in
1717 806 1903 868 partes
1930 798 2136 853 disces-

542 909 689 957 sere,
736 909 915 962 neque
955 907 1196 962 unquam
1241 893 1452 962 justum
1497 892 1566 946 de
1614 891 1813 960 seipsis
1859 891 2132 961 judicium

543 984 843 1054 accipiunt.
886 984 966 1038 An
999 983 1072 1040 ita
1107 985 1402 1038 connivere
1450 991 1507 1038 et
1543 999 1763 1040 cessare
1807 998 1908 1038 nos
1955 982 2134 1051 pietas

547 1085 641 1131 tua
671 1077 1004 1147 suspicatur,
1034 1086 1095 1131 ut
1122 1093 1234 1131 non
1271 1077 1566 1148 diligenter
1596 1079 1666 1133 de
1697 1079 1961 1149 praeclara
1988 1076 2133 1130 fama

548 1179 663 1234 tua,
698 1177 754 1224 et
787 1169 1064 1239 quomodo
1099 1169 1409 1224 Servatoris
1443 1185 1639 1240 greges
1673 1177 1936 1240 regantur
1967 1177 2133 1238 atque

548 1260 1015 1327 manuducantur,
1084 1261 1468 1331 inquiramus?
1516 1262 1636 1318 Una
1692 1277 1932 1332 namque
1991 1261 2130 1326 haec,

545 1348 763 1403 etiamsi
792 1350 1040 1404 locorum
1087 1349 1499 1418 intercapedine
1544 1350 1805 1422 disjuncli
1837 1351 1968 1416 sint,
2009 1350 2132 1420 epi-

547 1455 840 1510 scoporum
872 1449 956 1496 cst
987 1457 1140 1496 cura.
1175 1441 1280 1496 Sed
1323 1441 1470 1496 enim
1515 1456 1586 1496 ne
1635 1443 1691 1497 in
1721 1444 1828 1498 hoc
1865 1443 2134 1513 prolixior

546 1548 688 1597 esse,
713 1541 769 1588 et
796 1533 987 1603 pietati
1031 1542 1137 1588 ture
1176 1533 1454 1589 contraria
1497 1535 1704 1590 sentire
1739 1535 1932 1590 videar
1967 1551 1980 1588 :
2010 1543 2133 1590 esto

548 1634 609 1678 ut
637 1626 796 1694 pauci
824 1624 1121 1678 admodum
1144 1625 1258 1680 sint
1293 1625 1478 1680 adhuc
1515 1626 1788 1692 seditiosi,
1817 1628 1913 1697 qui
1937 1640 1996 1682 se
2029 1641 2132 1696 pro

545 1713 695 1769 illius
720 1714 1054 1785 malignitate
1089 1716 1340 1785 periculo
1364 1723 1649 1786 exponunt
1675 1733 1687 1769 :
1722 1717 1868 1787 apud
1896 1733 1999 1773 nos
2029 1733 2131 1772 au-

544 1813 656 1859 tem
687 1814 765 1859 tot
795 1815 924 1860 sunt
956 1806 1220 1862 Ecclesiae
1259 1823 1382 1878 qua:
1408 1808 1477 1863 de
1500 1808 1711 1864 Joanne
1737 1809 1960 1864 decreta
1988 1809 2133 1864 obti-
2163 1838 2208 1898 Β

544 1914 676 1954 nere
721 1899 926 1954 debere
969 1899 1331 1955 contendunt.
1377 1900 1589 1967 Quibus
1631 1901 1800 1973 igitur
1841 1902 2128 1973 suli‘ragari

540 2005 759 2060 aequum
781 1991 901 2046 est?
928 1990 1165 2058 Quinam
1190 1999 1253 2046 ut
1285 1992 1562 2058 laetentur,
1589 1993 1701 2046 Deo
1719 1993 1987 2063 placitum
2009 1993 2130 2048 est?

541 2082 698 2137 llline
727 2084 821 2153 qui
851 2083 1048 2139 Joanni
1069 2085 1510 2155 patrocinantur,
1536 2101 1662 2141 cum
1695 2094 1844 2141 tanta
1869 2087 2129 2159 designa-

541 2176 682 2230 vcrit
715 2194 727 2229 :
760 2192 830 2231 an
880 2177 977 2248 qui
1024 2193 1244 2249 poenam
1294 2179 1506 2234 homini
1538 2180 1856 2251 irrogarunt
1904 2181 1956 2235 ei
2007 2182 2126 2252 qui,

539 2281 668 2320 cum
702 2267 842 2322 alios
863 2266 1055 2322 dolore
1077 2267 1340 2330 alliceret,
1371 2283 1475 2338 pro
1509 2268 1686 2323 nihilo
1727 2269 1892 2339 206
1931 2269 2130 2323 duxit?

539 2358 698 2434 Quod
732 2359 776 2414 si
801 2358 1154 2415 concordiam
1183 2360 1557 2416 Ecclesiarum
1595 2375 1927 2416 conservare
1960 2361 2128 2416 mini-

542 2465 633 2506 me
679 2450 1148 2506 contemnendum
1176 2450 1400 2506 videtur
1435 2469 1449 2505 :
1487 2452 1641 2507 solve
1675 2451 1753 2519 id,
1787 2467 1942 2523 rogo,
1979 2452 2130 2523 quod

537 2558 660 2598 eam
692 2543 914 2598 scindit.
942 2543 1094 2597 Mitte
1136 2543 1380 2614 gladium
1413 2543 1470 2597 in
1498 2543 1754 2614 vaginam
1781 2559 1959 2598 suam.
1989 2545 2130 2600 Jube

539 2652 608 2690 ex
646 2637 1032 2706 episcoporum
1076 2636 1498 2691 nomenclatura
1533 2635 1764 2692 Joannis
1799 2652 2000 2692 nomen
2031 2653 2128 2692 ex-

541 2725 660 2780 imi.
685 2725 820 2778 Nam
843 2725 888 2779 si
910 2725 1066 2796 parvi
1091 2724 1146 2779 id
1169 2724 1423 2793 facimus,
1445 2735 1503 2781 et
1530 2726 1769 2783 dicimus
1795 2743 1904 2784 non
1937 2729 2131 2784 all‘erat

540 2817 790 2870 dolorem
820 2817 1198 2886 apostolorum
1233 2818 1405 2873 choro
1433 2819 1603 2876 Judas
1631 2819 1905 2890 proditor,
1947 2821 2003 2875 in
2031 2836 2127 2876 eo-

541 2909 668 2962 dem
692 2923 818 2962 cum
845 2909 956 2963 illis
979 2908 1175 2963 ordine
1205 2923 1405 2965 census
1431 2928 1444 2964 :
1475 2911 1631 2966 Iuda)
1673 2921 1858 2966 autem
1905 2914 2129 2968 nomine

542 3001 599 3054 in
642 3016 834 3056 eorum
871 3017 1164 3056 numerum
1200 3002 1395 3067 relato,
1442 3018 1553 3074 quo
1595 3004 1794 3059 deinde
1839 3005 1963 3060 loco
1991 3005 2128 3060 Mat-

545 3093 690 3149 thias
736 3094 898 3149 nobis
943 3095 1220 3164 ponetur?
1274 3094 1413 3150 Cum
1465 3095 1636 3166 igitur
1692 3112 1856 3152 nemo
1903 3097 2130 3152 Matthia

2234 528 2378 593 ὕεια,
2409 529 2550 582 ὥστε
2577 527 2652 598 μὴ
2684 527 2979 598 πειρᾶσθαι
3017 526 3311 596 μανθάνειν
3337 528 3822 600 ἐσπουδασμένως,

2234 615 2333 678 τάς
2354 631 2414 667 τε
2449 615 2550 678 σάς
2580 616 2981 686 εὐδοκιμήσεις,
3007 616 3102 669 καὶ
3133 617 3282 680 ὅπως
3309 617 3378 671 τά
3427 617 3524 670 τοῦ
3568 619 3826 690 Σωτῆρος

2234 710 2657 776 χειραγωγεῖται
2685 708 2944 780 ποίμνια;
2977 708 3075 779 μία
3097 709 3206 780 γὰρ
3232 711 3266 779 ή
3298 709 3408 761 τῶν
3441 710 3632 780 ἱερέων
3657 729 3827 782 φρον-

2233 799 2339 861 τὶς,
2373 797 2468 851 καὶ
2499 798 2548 850 εἰ
2575 797 2817 861 τοπικῶς
2843 798 3172 870 διῃρήμεθα.
3214 799 3351 851 Ἀλλ’
3383 799 3472 853 ἵνα
3501 799 3577 870 μὴ
3603 799 3828 872 δοκοίην

2235 886 2330 940 ἐπὶ
2354 887 2531 958 τούτῳ
2570 887 2934 942 διατείνεσθαι
2985 887 3124 954 λίαν,
3153 890 3248 943 καὶ
3293 892 3406 952 τοῖς
3430 889 3538 943 ἀπὸ
3575 891 3677 960 τῆς
3721 891 3826 962 σῆς

2234 978 2519 1052 εὐλαϐείας
2554 982 2772 1052 φρονεῖν
2806 979 3023 1034 ἐναντία
3043 995 3057 1009 ·
3089 979 3335 1034 ἐστωσάν
3353 996 3497 1044 τινες
3514 980 3690 1050 ὀλίγοι
3726 997 3821 1036 κο·-

2238 1070 2365 1141 μιδῇ
2403 1050 2882 1136 διαστασιάζοντες
2911 1112 2926 1136 ,
2982 1070 3062 1124 ἔτι
3108 1070 3331 1141 καὶτῆς
3376 1071 3587 1124 ἐκείνου
3616 1072 3813 1135 κακίας

2235 1163 2790 1236 προκινδυνεύοντες,
2822 1162 3082 1218 τοσαῦται
3134 1162 3192 1216 δὲ
3245 1164 3377 1234 παρ’
3412 1163 3545 1234 ἡμῖν
3585 1163 3824 1233 Ἐκκλη-

2237 1257 2369 1323 σίαι,
2399 1257 2481 1310 ὅτι
2495 1256 2600 1328 χρὴ
2630 1255 2698 1310 τὰ
2727 1257 2812 1308 ἐπ’
2842 1255 3037 1326 ἐκείνῳ
3056 1255 3352 1326 δεδογμένα
3374 1257 3598 1324 κρατεῖν
3617 1255 3825 1326 διῐσχυ-

2241 1347 2526 1420 ριζόμεναι
2547 1389 2560 1402 .
2585 1348 2732 1401 τίσιν
2751 1343 2847 1401 οῦν
2872 1347 2973 1419 τὴν
2987 1348 3168 1418 ψῆφον
3188 1346 3561 1416 ἀπονέμεσθαι
3580 1347 3821 1412 δίκαιον;

2235 1439 2401 1502 Τίνας
2438 1439 2495 1492 δὲ
2527 1438 2919 1511 εὐφραίνεσθαι
2963 1439 3168 1510 μᾶλλον
3211 1440 3437 1511 ἀρέσκει
3470 1439 3624 1510 Θεῷ;
3680 1441 3824 1504 Τοὺς

2235 1533 2430 1604 ἐκείνῳ
2486 1531 2922 1604 συνηγοροῦντας
2960 1533 3186 1587 τοιαῦτα
3236 1533 3568 1604 πεπραχότι,
3602 1533 3636 1602 ἢ
3691 1532 3826 1596 τοὺς

2234 1623 2328 1676 ἐπὶ
2360 1624 2529 1695 τιμῆς
2572 1627 2903 1694 ἐγνωκότας,
2932 1619 2978 1694 ᾧ
3005 1625 3067 1678 τὸ
3109 1625 3301 1678 λυπεῖν
3335 1623 3642 1693 λελόγισται
3687 1625 3826 1693 παρ’

2233 1717 2420 1783 οὐδέν;
2453 1720 2516 1771 El
2544 1717 2726 1772 τοίνυν
2745 1719 2807 1772 τὸ
2830 1717 3098 1782 σώζεσθαι
3135 1716 3235 1788 τὴν
3264 1716 3518 1789 ὁμόνοιαν
3545 1717 3656 1770 τῶν
3696 1717 3826 1770 Ἑκ-

2234 1809 2476 1879 κλησιῶν
2501 1810 2604 1863 οὐκ
2636 1810 3110 1880 εὐκαταφρόνητον
3141 1808 3411 1877 φαίνεται,
3446 1806 3612 1862 λῦσον
3639 1807 3703 1860 τὸ
3733 1807 3824 1861 τέ-

2238 1918 2370 1972 μνον
2391 1901 2618 1972 ταύτην,
2647 1901 2972 1973 παρακαλῶ.
2990 1903 3162 1957 Βάλλε
3183 1901 3283 1973 τὴν
3306 1901 3586 1972 μάχαιραν
3617 1901 3699 1963 εἰς
3717 1901 3818 1970 τὴν

2235 1993 2411 2065 θήκην
2433 1993 2628 2064 αὐτῆς.
2669 1993 2945 2048 Κέλευσον
2972 1992 3067 2047 τοῦ
3098 1993 3400 2062 καταλόγου
3447 1991 3559 2045 τῶν
3599 1991 3812 2044 ἐπισκό-

2237 2101 2354 2136 πων
2377 2084 2726 2155 ἐξαιρεθῆναι
2749 2084 2849 2156 τὴν
2889 2084 3138 2139 Ἰωάννου
3185 2083 3583 2155 προσηγορίαν.
3614 2083 3681 2135 Ei.
3713 2081 3825 2152 γὰρ

2235 2175 2388 2229 οὐδὲν
2422 2172 2561 2230 εἶναι
2608 2175 2767 2230 τοῦτο
2815 2177 3165 2246 λογιούμεθα,
3199 2177 3275 2248 μὴ
3303 2177 3540 2230 λυπείτω
3587 2176 3682 2231 τὸν
3715 2176 3830 2229 τῶν

2237 2267 2553 2322 ἀποστόλων
2584 2269 2744 2340 χορὸν
2777 2269 2806 2320 ὁ
2847 2268 3116 2340 προδότης
3154 2269 3340 2347 αὐτοῖς
3382 2265 3833 2336 συγκαταταττό-

2241 2377 2434 2432 μενος·
2494 2361 2892 2432 είσφερομένης
2938 2360 2997 2413 δὲ
3040 2361 3141 2432 τῆς
3187 2359 3358 2414 Ἰούδα
3401 2357 3783 2432 προσηγορίας
3809 2397 3830 2424 ,

2237 2453 2342 2507 ⁶ι’ςοῦ
2393 2453 2577 2507 λοιπὸν
2623 2455 2754 2525 ἡμῖν
2798 2454 2828 2506 ὁ
2859 2450 3110 2516 Ματθίας
3137 2469 3202 2522 γε
3231 2453 3514 2518 κείσεται,
3544 2453 3608 2505 Εἰ
3641 2451 3833 2503 τοίνυν

2235 2549 2413 2613 οὐδεὶς
2441 2549 2534 2603 τὸν
2566 2547 2820 2604 Ματθίαν
2867 2547 3118 2602 ἐκϐαλὼν
3167 2547 3436 2618 ἐγγράψαι
3478 2547 3569 2599 τὸν
3619 2544 3834 2598 Ἰούδαν

2234 2642 2316 2714 τῷ
2352 2641 2462 2696 τῶν
2491 2641 2809 2696 ἀποστόλων
2843 2639 3010 2712 χορῷ,
3044 2639 3255 2711 μενέτω
3292 2639 3389 2693 καὶ
3415 2635 3701 2701 σωζέσθω,
3725 2653 3834 2690 πα-

2238 2735 2483 2809 ρακαλῶ,
2513 2736 2651 2807 μετά
2682 2735 2773 2790 τὸν
2812 2736 2909 2806 τῆς
2945 2734 3191 2806 ἀοιδίμου
3248 2733 3469 2804 μνήμης
3495 2729 3828 2799 Νεκτάριον,

2235 2829 2489 2901 δεύτερος
2517 2831 2544 2883 ὁ
2573 2827 2668 2883 τοῦ
2703 2829 3062 2899 πανευφήμου
3129 2825 3423 2898 Ἀρσακίου
3456 2823 3670 2895 βαθμός
3690 2839 3706 2853 ο
3743 2823 3824 2875 ἵνα

2241 2921 2315 2992 μή
2363 2938 2416 2976 τι
2468 2922 2562 2994 βίᾳ
2616 2920 2989 2993 παρεισαχθέν
3037 2918 3217 2992 ἐξώσῃ
3248 2917 3344 2971 τοῦ
3397 2917 3678 2988 μακαρίου
3729 2915 3828 2986 τὴν

2240 3015 2486 3086 μνήμην.
2519 3012 2660 3066 Ἀλλ’
2681 3013 2852 3081 ὀλίγοι
2873 3011 3034 3083 τυχὸν
3065 3011 3158 3065 ἐπὶ
3182 3011 3358 3078 τούτῳ
3384 3007 3826 3081 δυσχεραίνουσι-

2237 3103 2381 3157 δίδου
2415 3121 2505 3174 μοι
2543 3102 2684 3174 μετά
2716 3101 3033 3172 παρρησίας
3056 3101 3250 3154 είπεῖν.
3285 3099 3502 3163 Πάντας
3533 3100 3636 3169 μὲν
3668 3098 3833 3168 εὐχό-

542 3188 721 3258 cjecto
741 3188 1116 3258 apostolorum
1141 3188 1312 3244 choro
1330 3189 1526 3244 Judam
1550 3190 1888 3261 ascripserit,
1915 3199 2134 3246 maneat

2241 3195 2381 3266 μεθα
2417 3195 2706 3259 σώζεσθαι.
2744 3194 2808 3248 Ei
2839 3193 2898 3246 δέ
2928 3211 3011 3257 τις
3038 3191 3097 3257 ἐξ
3129 3191 3336 3255 οίκείας
3374 3189 3618 3262 ἀμαθίας
3655 3190 3832 3261 χωρί-

541 3293 598 3337 et
630 3293 901 3348 servetur,
949 3283 1164 3346 hortor,
1198 3292 1324 3353 post
1363 3284 1602 3340 celebris
1625 3284 1907 3340 memoriae
1932 3285 2134 3341 Necta-

542 3375 709 3440 rium,
731 3375 1009 3430 secundus
1039 3370 1406 3430 laudatissirﬁi
1432 3375 1644 3432 Arsacii
1665 3377 1886 3449 gradus,
1910 3395 1980 3435 ne
2002 3379 2136 3450 quid

542 3484 641 3538 per
691 3468 800 3523 vim
847 3484 1141 3539 perperam
1183 3477 1241 3524 et
1278 3469 1561 3540 illegitime
1609 3471 1895 3526 inductum
1929 3487 2136 3528 memo-

543 3560 683 3613 riam
725 3559 872 3612 beati
921 3559 1029 3612 viri
1076 3558 1354 3628 explodat.
1407 3559 1514 3617 Sed
1559 3563 1719 3631 pauci
1765 3562 1998 3620 fortasse
2029 3565 2136 3620 hoc

541 3667 685 3721 aegre
733 3649 952 3716 ferunt;
996 3650 1255 3720 permitte
1303 3660 1486 3708 autem
1521 3654 1658 3708 mihi
1705 3662 1765 3709 ut
1809 3655 1985 3711 libere
2012 3671 2134 3726 quas

542 3743 670 3796 volo
701 3742 900 3796 dicam.
945 3742 1150 3798 Omnes
1175 3743 1432 3814 equidem
1462 3747 1642 3802 salvos
1681 3746 1802 3802 ﬁeri
1839 3757 2043 3818 optem.
2077 3748 2135 3803 Si

459 3857 464 3862 -
544 3835 670 3904 quis
699 3850 832 3888 vero
856 3834 1131 3904 imperitia
1155 3852 1252 3891 sua
1278 3837 1348 3891 ab
1373 3838 1620 3894 Ecclesia
1650 3840 1882 3905 secedit,
1907 3849 1962 3895 ct
1986 3841 2136 3896 illius

545 3926 1042 3982 constitutionibus
1082 3927 1409 3999 refragatur,
1447 3947 1569 4001 quas
1595 3932 1867 4002 ejusmodi
1894 3932 2136 3987 hominis

543 4025 629 4070 est
686 4017 936 4087 jactura?
978 4017 1063 4072 An
1113 4034 1224 4073 non
1264 4019 1381 4090 ipse
1433 4036 1654 4090 quoque
1707 4021 1998 4090 Servator,
2034 4040 2136 4079 nos

543 4107 786 4178 idipsum
817 4107 1044 4175 docens,
1078 4119 1134 4164 et
1169 4109 1402 4166 formam
1428 4112 1484 4166 in
1508 4113 1766 4169 omnibus
1795 4131 2131 4186 proponens,

543 4199 914 4254 conducibilia
947 4201 1171 4270 quidem
1221 4203 1289 4257 ad
1329 4218 1424 4258 eos
1469 4205 1564 4274 qui
1612 4221 1739 4260 eum
1784 4216 2136 4264 accesserunt

542 4288 762 4343 locutus
795 4300 900 4355 est,
935 4290 1322 4347 inobedientes
1348 4302 1532 4348 autem
1557 4305 1614 4350 et
1638 4307 1934 4354 renuentes
1956 4299 2136 4356 disce-

542 4381 674 4436 dere
721 4384 1008 4452 permisit?
1036 4386 1215 4455 Atque
1253 4393 1464 4440 tantum
1493 4387 1650 4445 abest
1683 4399 1745 4446 ut
1783 4392 2023 4463 aliquam
2053 4401 2131 4449 ta-

544 4474 676 4528 lium
704 4474 990 4530 hominum
1018 4479 1287 4534 rationem
1313 4479 1589 4549 habuerit,
1615 4493 1677 4540 ut
1698 4485 1862 4540 etiam
1893 4485 1960 4540 ad
1985 4486 2134 4556 ipsos

543 4564 748 4620 dixerit
793 4567 1136 4637 discipulos:
1171 4589 1190 4623 ι
1220 4571 1305 4626 An
1357 4581 1413 4627 et
1444 4591 1543 4630 vos
1593 4576 1750 4631 abire
1803 4577 1972 4632 vultis
1996 4553 2080 4630 5”?
2109 4599 2126 4629 ι
2167 4553 2210 4609 D

543 4639 1008 4732 Obsequentibus
1024 4682 1155 4721 sane
1189 4668 1417 4724 multam
1450 4687 1552 4726 nos
1591 4672 1912 4741 impendere
1942 4688 2134 4727 curam

545 4771 764 4825 acquum
800 4766 902 4812 est.
941 4759 1304 4816 Adversarius
1337 4772 1520 4818 autem
1559 4772 1613 4817 et
1656 4764 1982 4819 inobediens
2021 4781 2138 4819 ma-

546 4850 897 4906 levolentiam
930 4853 1047 4922 ipse
1079 4869 1237 4908 suam
1263 4865 1505 4921 accuset,
1532 4856 1862 4917 medicinam
1890 4855 2016 4911 odio
2040 4857 2138 4911 ha-
2174 4917 2186 4932 ο

547 4941 701 4997 hens.
741 4943 946 4998 Audiet
972 4945 1063 5001 ille
1096 4962 1232 5001 vero
1263 4947 1474 5017 justum
1515 4950 1780 5020 judicent,
1810 4949 2083 5004 dicentem
2119 4969 2131 5004 :

554 5054 573 5086 ‹
603 5034 1060 5107 Quandoquidem
1102 5040 1323 5093 locutus
1362 5055 1505 5104 sum,
1535 5050 1591 5096 et
1617 5058 1728 5096 non
1768 5042 2130 5112 obedivistis;

548 5133 604 5180 ct
625 5127 844 5182 extendi
871 5145 1176 5194 sermones,
1196 5137 1253 5184 et
1277 5129 1518 5184 animum
1548 5149 1657 5186 non
1679 5133 1995 5189 advertistis
2010 5136 2076 5201 ³⁸,
2107 5155 2123 5186 ι

547 5231 604 5276 et
629 5238 750 5291 qua:
776 5231 1106 5292 sequuntur.
1132 5221 1242 5276 Nos
1269 5221 1496 5291 quidem
1521 5264 1535 5288 ,
1576 5224 1669 5294 qui
1709 5225 1971 5281 docemus
2009 5227 2132 5296 qui-

553 5313 780 5370 busnam
807 5315 974 5369 rebus
1007 5314 1212 5384 aliquis
1236 5314 1455 5368 laudem
1474 5316 1734 5387 sibiapud
1747 5317 1918 5373 Deum
1947 5330 2128 5389 paret,

549 5406 792 5460 studiose
817 5405 1112 5459 admodum
1151 5404 1205 5458 id
1238 5403 1419 5460 facere
1447 5413 1611 5476 atque
1633 5409 1921 5466 instituere
1949 5411 2128 5474 decet,

550 5506 712 5564 atque
753 5512 878 5550 cum
926 5496 1093 5551 Paulo
1123 5495 1512 5553 resistentibus
1543 5500 1727 5556 dicere
1760 5521 1770 5554 :
1813 5523 1830 5553 ‹
1859 5502 2129 5558 Obsecra-

553 5604 673 5642 mus
705 5604 803 5656 per
831 5587 1136 5653 Christum,
1172 5591 1606 5647 reconciliamini
1633 5595 1830 5662 Deo",
1869 5616 1885 5647 ›
1930 5596 2125 5650 inobe-

2238 3284 2411 3353 ζεται,
2439 3286 2532 3339 καὶ
2551 3287 2663 3349 τοῖς
2685 3285 2783 3353 τῆς
2809 3283 3139 3354 Ἐκκλησίας
3165 3281 3451 3336 ἀντιτείνει
3475 3280 3724 3351 θεσμοῖς,
3748 3281 3834 3344 τίς

2236 3380 2269 3448 η
2303 3374 2499 3429 τούτου
2528 3375 2735 3446 ζημίας
2757 3371 2834 3429 Ἦ
2871 3374 2981 3446 γὰρ
3011 3373 3132 3444 οὐχὶ
3167 3373 3262 3427 καὶ
3288 3373 3497 3437 αὐτὺςὺ
3525 3373 3727 3444 Σωτὴρ
3754 3373 3834 3425 δι-

2234 3468 2454 3522 δάσκων
2483 3469 2630 3540 ἡμᾶς
2655 3467 2717 3520 τὸ
2747 3465 2992 3521 τοιοῦτον
3027 3466 3124 3520 καὶ
3161 3465 3331 3519 τύπον
3358 3466 3415 3518 ἐν
3461 3467 3598 3517 πᾶσι
3634 3464 3829 3528 τιθεὶς,

2235 3558 2418 3612 ἐλάλει
2447 3557 2548 3629 μὲν
2579 3559 2694 3620 τοῖς
2723 3555 3010 3628 προσιοῦσι
3033 3555 3105 3608 τὰ
3131 3556 3505 3626 συμφέροντα,
3532 3555 3832 3609 ἀπειθοῦν-

2234 3667 2334 3714 τας
2351 3650 2408 3704 δέ
2428 3650 2520 3704 καὶ
2542 3648 2904 3711 ἀνανεύοντας
2935 3647 3089 3718 ἠφίει
3111 3648 3442 3720 χωρίζεσθαι
3462 3663 3477 3713 ;
3508 3648 3622 3700 Kal.
3643 3647 3834 3702 τοσοῦ-

2233 3763 2327 3798 τον
2363 3744 2691 3814 ἀφειστήκει
2714 3741 2810 3795 τοῦ
2833 3740 3106 3794 ποιεῖσθαί
3143 3758 3263 3794 τινα
3291 3740 3400 3793 τῶν
3431 3740 3697 3794 τοιούτων
3745 3741 3832 3794 λό-

2235 3854 2353 3906 γον,
2377 3835 2452 3898 ὠς
2478 3835 2572 3890 καὶ
2607 3835 2743 3906 πρὸς
2784 3835 2984 3897 αὐτοὺς
3013 3835 3188 3886 εἰπεῖν
3210 3833 3336 3896 τοὺς
3363 3833 3613 3903 μαθητάς
3630 3850 3641 3862 ⁸
3665 3852 3686 3884 ‹
3730 3833 3823 3901 Μὴ

2236 3931 2332 3984 καὶ
2362 3931 2522 4000 ὑμεῖς
2547 3927 2730 3981 θέλετε
2764 3927 2996 3995 ὑπάγειν
3022 3944 3037 3994 ;
3069 3945 3090 3980 ι
3116 3927 3242 3990 Τοῖς
3271 3928 3368 3997 μὲν
3393 3921 3665 3980 εὐπειθέσι
3688 3923 3815 3976 πολ-

2235 4022 2334 4092 λήν
2371 4039 2492 4074 τινα
2523 4020 2731 4074 δίκαιον
2761 4017 3134 4090 ἀπονέμεσθαι
3159 4017 3290 4089 παρ’
3324 4019 3483 4088 ἡμῶν
3513 4017 3609 4088 τὴν
3654 4032 3819 4084 φρον-

2234 4113 2377 4166 τίδα.
2425 4112 2482 4166 ’0
2520 4111 2578 4165 δὲ
2619 4111 2890 4182 δυσμενὴς
2925 4110 3020 4164 καὶ
3056 4111 3289 4181 ἀνήκοος
3323 4110 3424 4180 τὴν
3456 4108 3631 4162 αὐτοῦ
3663 4107 3838 4161 κακό-

2235 4221 2386 4258 νοιαν
2417 4201 2744 4268 αἰτιάσαιτο,
2789 4202 3026 4272 μισήσας
3067 4199 3129 4252 τὸ
3167 4199 3591 4271 θεραπεύεσθαι.
3640 4197 3840 4252 ’Δκού-

2238 4310 2390 4348 σεται
2419 4293 2476 4346 δὲ
2495 4291 2647 4363 παρὰ
2667 4290 2760 4344 τοῦ
2791 4291 3004 4344 δικαίου
3022 4289 3212 4361 κριτοῦ
3233 4307 3248 4320 ·
3278 4310 3296 4342 ι
3326 4290 3541 4359 Ἐπειδὴ
3569 4290 3842 4352 ἐλάλουν,

2235 4387 2330 4441 καὶ
2354 4387 2452 4456 οὐχ
2485 4383 2866 4454 ὑπηκούσατεο
2913 4383 3010 4436 καὶ
3058 4381 3300 4447 ἐξέτεινα
3347 4382 3556 4450 λόγους,
3586 4381 3713 4434 καὶ
3776 4381 3845 4433 οὐ

2237 4479 2579 4552 προσείχετε,
2626 4492 2645 4528 ι
2689 4476 2785 4529 καὶ
2823 4474 2894 4528 τὰ
2922 4474 3131 4538 τούτοις
3153 4475 3301 4546 ἐξῆς.
3351 4475 3514 4546 Ἡμῖν
3563 4473 3672 4543 μὲν
3723 4474 3848 4545 γὰρ

2238 4575 2352 4635 τοῖς
2406 4571 2721 4625 διδάσκουσι
2765 4569 2834 4622 τὰ
2889 4569 2975 4637 ἐφ’
3007 4563 3088 4632 οἷς
3111 4568 3178 4622 ἄν
3199 4584 3284 4631 τις
3308 4565 3624 4635 εὐδοκιμοίη
3677 4567 3851 4637 παρὰ

2239 4664 2381 4734 Θεῷ,
2417 4664 2512 4716 καὶ
2551 4662 2673 4715 λίαν
2721 4660 3180 4731 ἐσπουδασμένως
3211 4657 3557 4730 εἰσηγεῖσθαι
3592 4657 3810 4728 πρέπει
3831 4675 3848 4688 ο

2239 4755 2468 4817 καὶτοῖς
2494 4753 2852 4808 ἀντιτείνουσι
2875 4753 3055 4820 λέγειν
3084 4751 3224 4822 μετά
3246 4750 3340 4805 τοῦ
3374 4749 3590 4803 Παύλου
3609 4764 3626 4780 ·
3664 4768 3682 4800 ι
3711 4751 3854 4802 Δεό-

2243 4847 2380 4920 μεθα
2415 4847 2552 4918 ὑπὲρ
2578 4846 2836 4917 Χριστοῦ,
2868 4845 3248 4916 καταλλάγητε
3271 4843 3348 4915 τῷ
3374 4842 3495 4912 Θεῷ
3515 4885 3530 4907 ,
3558 4861 3575 4892 ι
3611 4841 3751 4906 τοὺς
3789 4843 3853 4896 δὲ

2239 4940 2600 5004 ἀπειθοῦντας
2627 4941 2814 4993 λοιπὸν
2851 4938 3167 4993 ἀνατιθέναι
3208 4941 3274 5008 τῇ
3305 4935 3400 4990 τοῦ
3429 4933 3566 4988 Θεοῦ
3599 4933 3855 5003 δυνάμει

2240 5035 2524 5104 λέγοντες·
2564 5054 2581 5086 ι
2618 5033 3012 5106 ’ἰατρεύσαμεν
3044 5031 3145 5102 τὴν
3201 5027 3501 5083 Βαϐυλῶνα
3530 5065 3545 5090 ,
3581 5028 3684 5079 καὶ
3741 5031 3854 5082 οὐκ

2244 5129 2367 5199 ἰάθη
2391 5144 2403 5155 ·
2438 5125 2873 5196 ἐγκατελίπομεν
2913 5123 3086 5194 αὐτὴν
3115 5123 3198 5175 ὅτι
3222 5121 3453 5190 ἤγγικεν
3480 5120 3560 5181 είς
3603 5120 3852 5189 οὐρανὸν

2237 5220 2300 5274 τὺ
2331 5223 2505 5291 κρῖμα
2537 5219 2724 5287 αὐτῆς.
2760 5237 2778 5270 ι
2814 5217 2928 5269 Οὐκ
2954 5213 3246 5268 ἀκόλουθον
3289 5208 3578 5280 τοιγαροῦν
3613 5207 3712 5260 διὰ
3750 5210 3848 5270 τάς

2239 5332 2402 5368 τινων
2434 5311 2764 5378 ἀντιλογίας,
2794 5307 2952 5378 εἴπερ
2975 5307 3118 5363 τινὲς
3149 5304 3288 5368 ὅλως
3329 5303 3488 5364 εἰσὶν,
3516 5301 3578 5353 ἐκ
3611 5300 3862 5371 βάθρων

2239 5409 2428 5478 ὥσπερ
2459 5402 2844 5458 κατασείεσθαι
2882 5401 3010 5464 τοὺς
3048 5399 3150 5470 τῆς
3194 5394 3524 5466 Ἐκκλησίας
3555 5393 3862 5463 θεσμοὺς,

2239 5500 2428 5555 λαῖκοῦ
2461 5495 2914 5566 συνταττομένου“
2945 5499 3056 5559 τοῖς
3088 5495 3145 5548 ἐν
3187 5491 3434 5563 [sparsiq
3467 5487 3866 5558 διαπρέψασι,

2240 5597 2332 5648 καὶ
2385 5595 2442 5647 ἐν
2479 5592 2578 5663 ἴσῳ
2637 5589 2819 5662 μέτρῳ
2846 5589 3010 5660 τιμῆς
3058 5585 3445 5647 εἰσϐαίνοντος.
3480 5582 3573 5653 Μὴ
3619 5582 3740 5652 γὰρ
3784 5581 3878 5653 δὴ

623 5771 668 5801 ⁵⁵
699 5771 855 5826 Joan.
895 5787 966 5835 vt,
1006 5773 1092 5826 67.
1173 5773 1215 5804 5"
1249 5773 1446 5828 Jerem.
1474 5793 1630 5840 xxxv,
1667 5777 1745 5828 ll.
1824 5776 1866 5805 ⁵⁵
1897 5774 1936 5828 ll
1972 5771 2096 5827 Cor.
2125 5787 2176 5834 ν,
2199 5770 2288 5823 9.0.
