  <div class='ocr_page' id='page_1' title='image "/cluster/home/n/w/nwhite01/storage/ocr_20150623/77:no.10/coo.31924054869783/186.png"; bbox 0 0 4048 6490; ppageno 0'>
   <div class='ocr_carea' id='block_1_1' title="bbox 296 378 419 436">
    <p class='ocr_par' dir='ltr' id='par_1_1' title="bbox 296 378 419 436">
     <span class='ocr_line' id='line_1_1' title="bbox 296 378 419 436; baseline -0.024 0"><span class='ocrx_word' id='word_1_1' title='bbox 296 378 419 436; x_wconf 73' lang='lat'><strong>557</strong></span> 
     </span>
    </p>
   </div>
   <div class='ocr_carea' id='block_1_2' title="bbox 1645 370 2259 431">
    <p class='ocr_par' dir='ltr' id='par_1_2' title="bbox 1645 370 2259 431">
     <span class='ocr_line' id='line_1_2' title="bbox 1645 370 2259 431; baseline 0 -2"><span class='ocrx_word' id='word_1_2' title='bbox 1645 370 1983 430; x_wconf 79' lang='lat' dir='ltr'><strong>EPISTOLA</strong></span> <span class='ocrx_word' id='word_1_3' title='bbox 2025 370 2259 431; x_wconf 73' lang='lat' dir='ltr'><strong>LXXVI.</strong></span> 
     </span>
    </p>
   </div>
   <div class='ocr_carea' id='block_1_3' title="bbox 3509 379 3618 438">
    <p class='ocr_par' dir='ltr' id='par_1_3' title="bbox 3509 379 3618 438">
     <span class='ocr_line' id='line_1_3' title="bbox 3509 379 3618 438; baseline 0.037 -4"><span class='ocrx_word' id='word_1_4' title='bbox 3509 379 3618 438; x_wconf 74' lang='lat'><strong>558</strong></span> 
     </span>
    </p>
   </div>
   <div class='ocr_carea' id='block_1_4' title="bbox 295 477 1903 565">
    <p class='ocr_par' dir='ltr' id='par_1_4' title="bbox 295 490 1903 565">
     <span class='ocr_line' id='line_1_4' title="bbox 295 490 1903 565; baseline -0.002 -16"><span class='ocrx_word' id='word_1_5' title='bbox 295 494 474 549; x_wconf 75' lang='grc' dir='ltr'>τοῦτο</span> <span class='ocrx_word' id='word_1_6' title='bbox 505 490 854 548; x_wconf 86' lang='grc' dir='ltr'>καλείτωσαν</span> <span class='ocrx_word' id='word_1_7' title='bbox 894 491 1280 565; x_wconf 82' lang='grc' dir='ltr'>οίκουμενικήν</span> <span class='ocrx_word' id='word_1_8' title='bbox 1308 505 1453 554; x_wconf 85' lang='grc' dir='ltr'>τινες</span> <span class='ocrx_word' id='word_1_9' title='bbox 1498 490 1753 563; x_wconf 77' lang='grc' dir='ltr'><strong>εἰρήνην,</strong></span> <span class='ocrx_word' id='word_1_10' title='bbox 1786 491 1903 545; x_wconf 78' lang='grc' dir='ltr'>ἀλλέ</span> 
     </span>
    </p>
   </div>
   <div class='ocr_carea' id='block_1_5' title="bbox 2004 477 3614 565">
    <p class='ocr_par' dir='ltr' id='par_1_5' title="bbox 2029 477 3614 563">
     <span class='ocr_line' id='line_1_5' title="bbox 2029 477 3614 563; baseline 0.001 -14"><span class='ocrx_word' id='word_1_11' title='bbox 2029 492 2248 549; x_wconf 84' lang='lat' dir='ltr'><strong>dientes</strong></span> <span class='ocrx_word' id='word_1_12' title='bbox 2272 507 2409 548; x_wconf 87' lang='lat' dir='ltr'><strong>vero</strong></span> <span class='ocrx_word' id='word_1_13' title='bbox 2435 491 2696 563; x_wconf 76' lang='lat' dir='ltr'><strong>potestati</strong></span> <span class='ocrx_word' id='word_1_14' title='bbox 2728 491 2824 548; x_wconf 93' lang='lat' dir='ltr'><strong>Dei</strong></span> <span class='ocrx_word' id='word_1_15' title='bbox 2849 492 3263 558; x_wconf 83' lang='lat' dir='ltr'><strong>commendare,</strong></span> <span class='ocrx_word' id='word_1_16' title='bbox 3294 493 3437 549; x_wconf 77' lang='lat' dir='ltr'><strong>illud</strong></span> <span class='ocrx_word' id='word_1_17' title='bbox 3454 477 3614 552; x_wconf 76' lang='lat' dir='ltr'><strong>usur-</strong></span> 
     </span>
    </p>
   </div>
   <div class='ocr_carea' id='block_1_6' title="bbox 305 580 1929 653">
    <p class='ocr_par' dir='ltr' id='par_1_6' title="bbox 305 580 1929 653">
     <span class='ocr_line' id='line_1_6' title="bbox 305 580 1929 653; baseline -0.002 -19"><span class='ocrx_word' id='word_1_18' title='bbox 305 580 525 653; x_wconf 78' lang='grc' dir='ltr'>μᾶλλον</span> <span class='ocrx_word' id='word_1_19' title='bbox 554 581 906 653; x_wconf 82' lang='grc' dir='ltr'><strong>κατατομήν.</strong></span> <span class='ocrx_word' id='word_1_20' title='bbox 940 582 1087 652; x_wconf 83' lang='grc' dir='ltr'>Ἐγὼ</span> <span class='ocrx_word' id='word_1_21' title='bbox 1109 581 1221 653; x_wconf 85' lang='grc' dir='ltr'>γὰρ</span> <span class='ocrx_word' id='word_1_22' title='bbox 1252 580 1373 635; x_wconf 88' lang='grc' dir='ltr'>τότε</span> <span class='ocrx_word' id='word_1_23' title='bbox 1395 580 1540 651; x_wconf 69' lang='grc' dir='ltr'>φημὶ</span> <span class='ocrx_word' id='word_1_24' title='bbox 1558 580 1929 652; x_wconf 76' lang='grc' dir='ltr'><strong>κρατύνεσθαι,</strong></span> 
     </span>
    </p>
   </div>
   <div class='ocr_carea' id='block_1_7' title="bbox 313 674 1923 749">
    <p class='ocr_par' dir='ltr' id='par_1_7' title="bbox 313 674 1923 749">
     <span class='ocr_line' id='line_1_7' title="bbox 313 674 1923 749; baseline 0.001 -20"><span class='ocrx_word' id='word_1_25' title='bbox 313 676 375 730; x_wconf 79' lang='grc' dir='ltr'><strong>τδ</strong></span> <span class='ocrx_word' id='word_1_26' title='bbox 395 674 499 744; x_wconf 79' lang='grc' dir='ltr'><strong>τῆς</strong></span> <span class='ocrx_word' id='word_1_27' title='bbox 515 674 754 746; x_wconf 72' lang='grc' dir='ltr'>εἰρήνης</span> <span class='ocrx_word' id='word_1_28' title='bbox 781 675 959 747; x_wconf 73' lang='grc' dir='ltr'>ὄνομα</span> <span class='ocrx_word' id='word_1_29' title='bbox 984 675 1080 730; x_wconf 75' lang='grc' dir='ltr'><strong>καὶ</strong></span> <span class='ocrx_word' id='word_1_30' title='bbox 1102 677 1357 749; x_wconf 82' lang='grc' dir='ltr'>πρᾶγμα,</span> <span class='ocrx_word' id='word_1_31' title='bbox 1385 675 1514 730; x_wconf 85' lang='grc' dir='ltr'>ὅταν</span> <span class='ocrx_word' id='word_1_32' title='bbox 1557 674 1633 748; x_wconf 75' lang='grc' dir='ltr'><strong>μὴ</strong></span> <span class='ocrx_word' id='word_1_33' title='bbox 1668 676 1789 738; x_wconf 87' lang='grc' dir='ltr'>ταῖς</span> <span class='ocrx_word' id='word_1_34' title='bbox 1814 674 1923 730; x_wconf 89' lang='grc' dir='ltr'><strong>τῶν</strong></span> 
     </span>
    </p>
   </div>
   <div class='ocr_carea' id='block_1_8' title="bbox 318 765 1921 840">
    <p class='ocr_par' dir='ltr' id='par_1_8' title="bbox 318 765 1921 840">
     <span class='ocr_line' id='line_1_8' title="bbox 318 765 1921 840; baseline -0.001 -19"><span class='ocrx_word' id='word_1_35' title='bbox 318 767 482 837; x_wconf 76' lang='grc' dir='ltr'>ἁγίων</span> <span class='ocrx_word' id='word_1_36' title='bbox 519 765 780 838; x_wconf 81' lang='grc' dir='ltr'><strong>γνώμαις</strong></span> <span class='ocrx_word' id='word_1_37' title='bbox 832 766 1309 840; x_wconf 70' lang='grc' dir='ltr'>ἀπιταττώμεθα,</span> <span class='ocrx_word' id='word_1_38' title='bbox 1346 768 1487 840; x_wconf 87' lang='grc' dir='ltr'>μήτε</span> <span class='ocrx_word' id='word_1_39' title='bbox 1531 769 1649 831; x_wconf 87' lang='grc' dir='ltr'>τοῖς</span> <span class='ocrx_word' id='word_1_40' title='bbox 1695 767 1921 821; x_wconf 81' lang='grc' dir='ltr'><strong>ἐκείνων</strong></span> 
     </span>
    </p>
   </div>
   <div class='ocr_carea' id='block_1_9' title="bbox 306 858 1918 934">
    <p class='ocr_par' dir='ltr' id='par_1_9' title="bbox 306 858 1918 934">
     <span class='ocr_line' id='line_1_9' title="bbox 306 858 1918 934; baseline -0.001 -21"><span class='ocrx_word' id='word_1_41' title='bbox 306 861 783 932; x_wconf 75' lang='grc' dir='ltr'>ἀντιπράττωμεν</span> <span class='ocrx_word' id='word_1_42' title='bbox 798 860 968 931; x_wconf 82' lang='grc' dir='ltr'>ὅροις.</span> <span class='ocrx_word' id='word_1_43' title='bbox 994 860 1071 916; x_wconf 80' lang='grc' dir='ltr'><strong>Οὐ</strong></span> <span class='ocrx_word' id='word_1_44' title='bbox 1097 861 1227 934; x_wconf 81' lang='grc' dir='ltr'>γὰρ,</span> <span class='ocrx_word' id='word_1_45' title='bbox 1248 860 1302 914; x_wconf 80' lang='grc' dir='ltr'><strong>εί</strong></span> <span class='ocrx_word' id='word_1_46' title='bbox 1328 876 1481 924; x_wconf 83' lang='grc' dir='ltr'>τινας</span> <span class='ocrx_word' id='word_1_47' title='bbox 1507 858 1620 913; x_wconf 88' lang='grc' dir='ltr'><strong>τῶν</strong></span> <span class='ocrx_word' id='word_1_48' title='bbox 1646 858 1790 913; x_wconf 85' lang='grc' dir='ltr'>κατὰ</span> <span class='ocrx_word' id='word_1_49' title='bbox 1818 858 1918 931; x_wconf 78' lang='grc' dir='ltr'><strong>τὴν</strong></span> 
     </span>
    </p>
   </div>
   <div class='ocr_carea' id='block_1_10' title="bbox 300 948 1920 1023">
    <p class='ocr_par' dir='ltr' id='par_1_10' title="bbox 300 948 1920 1023">
     <span class='ocr_line' id='line_1_10' title="bbox 300 948 1920 1023; baseline -0.001 -18"><span class='ocrx_word' id='word_1_50' title='bbox 300 950 448 1023; x_wconf 79' lang='grc' dir='ltr'>ἑῴαν</span> <span class='ocrx_word' id='word_1_51' title='bbox 501 951 934 1007; x_wconf 74' lang='grc' dir='ltr'>εὖλαϐεστάτων</span> <span class='ocrx_word' id='word_1_52' title='bbox 985 952 1235 1022; x_wconf 82' lang='grc' dir='ltr'><strong>ἀδελφῶν</strong></span> <span class='ocrx_word' id='word_1_53' title='bbox 1288 952 1384 1006; x_wconf 62' lang='grc' dir='ltr'><strong>καὶ¹</strong></span> <span class='ocrx_word' id='word_1_54' title='bbox 1434 949 1850 1005; x_wconf 84' lang='grc' dir='ltr'>συνεπισκόπων</span> <span class='ocrx_word' id='word_1_55' title='bbox 1890 948 1920 1003; x_wconf 85' lang='grc' dir='ltr'><strong>ὁ</strong></span> 
     </span>
    </p>
   </div>
   <div class='ocr_carea' id='block_1_11' title="bbox 299 1039 1920 1118">
    <p class='ocr_par' dir='ltr' id='par_1_11' title="bbox 299 1039 1920 1118">
     <span class='ocr_line' id='line_1_11' title="bbox 299 1039 1920 1118; baseline -0.002 -20"><span class='ocrx_word' id='word_1_56' title='bbox 299 1044 590 1118; x_wconf 76' lang='grc' dir='ltr'>μακάριος</span> <span class='ocrx_word' id='word_1_57' title='bbox 628 1043 1010 1118; x_wconf 82' lang='grc' dir='ltr'>Ἀλέξανδρος,</span> <span class='ocrx_word' id='word_1_58' title='bbox 1046 1044 1425 1117; x_wconf 81' lang='grc' dir='ltr'>θρασύστομος</span> <span class='ocrx_word' id='word_1_59' title='bbox 1460 1042 1536 1096; x_wconf 84' lang='grc' dir='ltr'>ὢν</span> <span class='ocrx_word' id='word_1_60' title='bbox 1566 1042 1757 1109; x_wconf 78' lang='grc' dir='ltr'>ὅντως,</span> <span class='ocrx_word' id='word_1_61' title='bbox 1775 1039 1920 1096; x_wconf 80' lang='grc' dir='ltr'>κατὰ</span> 
     </span>
    </p>
   </div>
   <div class='ocr_carea' id='block_1_12' title="bbox 292 1135 1919 1209">
    <p class='ocr_par' dir='ltr' id='par_1_12' title="bbox 292 1135 1919 1209">
     <span class='ocr_line' id='line_1_12' title="bbox 292 1135 1919 1209; baseline -0.001 -17"><span class='ocrx_word' id='word_1_62' title='bbox 292 1137 400 1209; x_wconf 79' lang='grc' dir='ltr'>τῆς</span> <span class='ocrx_word' id='word_1_63' title='bbox 423 1137 537 1207; x_wconf 82' lang='grc' dir='ltr'>σῆς</span> <span class='ocrx_word' id='word_1_64' title='bbox 562 1135 889 1202; x_wconf 86' lang='grc' dir='ltr'>θεοσεϐείας</span> <span class='ocrx_word' id='word_1_65' title='bbox 923 1136 1129 1209; x_wconf 76' lang='grc' dir='ltr'>φωνὴν,</span> <span class='ocrx_word' id='word_1_66' title='bbox 1154 1137 1493 1207; x_wconf 81' lang='grc' dir='ltr'><strong>πεφενάκικε</strong></span> <span class='ocrx_word' id='word_1_67' title='bbox 1511 1137 1605 1190; x_wconf 76' lang='grc' dir='ltr'><strong>καὶ</strong></span> <span class='ocrx_word' id='word_1_68' title='bbox 1634 1136 1919 1208; x_wconf 82' lang='grc' dir='ltr'>συναρπά-</span> 
     </span>
    </p>
   </div>
   <div class='ocr_carea' id='block_1_13' title="bbox 297 1223 1918 1305">
    <p class='ocr_par' dir='ltr' id='par_1_13' title="bbox 297 1223 1918 1305">
     <span class='ocr_line' id='line_1_13' title="bbox 297 1223 1918 1305; baseline -0.001 -23"><span class='ocrx_word' id='word_1_69' title='bbox 297 1244 399 1294; x_wconf 84' lang='grc' dir='ltr'><strong>σας</strong></span> <span class='ocrx_word' id='word_1_70' title='bbox 433 1223 594 1284; x_wconf 69' lang='grc' dir='ltr'>εἶλεν</span> <span class='ocrx_word' id='word_1_71' title='bbox 627 1231 712 1294; x_wconf 85' lang='grc' dir='ltr'><strong>είς</strong></span> <span class='ocrx_word' id='word_1_72' title='bbox 754 1229 856 1301; x_wconf 82' lang='grc' dir='ltr'>τὴν</span> <span class='ocrx_word' id='word_1_73' title='bbox 886 1230 980 1284; x_wconf 76' lang='grc' dir='ltr'>ἐπὶ</span> <span class='ocrx_word' id='word_1_74' title='bbox 1026 1229 1206 1302; x_wconf 84' lang='grc' dir='ltr'>τούτῳ</span> <span class='ocrx_word' id='word_1_75' title='bbox 1238 1229 1567 1305; x_wconf 82' lang='grc' dir='ltr'>συναίνεσιν,</span> <span class='ocrx_word' id='word_1_76' title='bbox 1622 1227 1715 1284; x_wconf 84' lang='grc' dir='ltr'><strong>διά</strong></span> <span class='ocrx_word' id='word_1_77' title='bbox 1757 1227 1918 1282; x_wconf 77' lang='grc' dir='ltr'>τοῦτο</span> 
     </span>
    </p>
   </div>
   <div class='ocr_carea' id='block_1_14' title="bbox 296 1320 1917 1394">
    <p class='ocr_par' dir='ltr' id='par_1_14' title="bbox 296 1320 1917 1394">
     <span class='ocr_line' id='line_1_14' title="bbox 296 1320 1917 1394; baseline -0.002 -17"><span class='ocrx_word' id='word_1_78' title='bbox 296 1324 531 1386; x_wconf 76' lang='grc' dir='ltr'>παντως</span> <span class='ocrx_word' id='word_1_79' title='bbox 582 1322 688 1377; x_wconf 78' lang='grc' dir='ltr'><strong>καὶ</strong></span> <span class='ocrx_word' id='word_1_80' title='bbox 716 1323 947 1394; x_wconf 83' lang='grc' dir='ltr'><strong>κρατεῖν</strong></span> <span class='ocrx_word' id='word_1_81' title='bbox 978 1323 1187 1393; x_wconf 77' lang='grc' dir='ltr'>ὀφείλει</span> <span class='ocrx_word' id='word_1_82' title='bbox 1240 1322 1302 1376; x_wconf 81' lang='grc' dir='ltr'>τὸ</span> <span class='ocrx_word' id='word_1_83' title='bbox 1340 1322 1556 1394; x_wconf 84' lang='grc' dir='ltr'>νόσημα</span> <span class='ocrx_word' id='word_1_84' title='bbox 1579 1361 1595 1386; x_wconf 92' lang='grc'><strong>,</strong></span> <span class='ocrx_word' id='word_1_85' title='bbox 1652 1320 1749 1375; x_wconf 80' lang='grc' dir='ltr'><strong>καϊ</strong></span> <span class='ocrx_word' id='word_1_86' title='bbox 1793 1323 1917 1385; x_wconf 88' lang='grc' dir='ltr'>ταῖς</span> 
     </span>
    </p>
   </div>
   <div class='ocr_carea' id='block_1_15' title="bbox 293 1407 1918 1485">
    <p class='ocr_par' dir='ltr' id='par_1_15' title="bbox 293 1407 1918 1485">
     <span class='ocr_line' id='line_1_15' title="bbox 293 1407 1918 1485; baseline -0.001 -16"><span class='ocrx_word' id='word_1_87' title='bbox 293 1416 567 1471; x_wconf 72' lang='grc' dir='ltr'>ἁπάντων</span> <span class='ocrx_word' id='word_1_88' title='bbox 629 1413 1082 1469; x_wconf 88' lang='grc' dir='ltr'>καταϐόσκεσθαι</span> <span class='ocrx_word' id='word_1_89' title='bbox 1133 1414 1367 1485; x_wconf 71' lang='grc' dir='ltr'>ψυχαῖς·</span> <span class='ocrx_word' id='word_1_90' title='bbox 1400 1414 1540 1469; x_wconf 86' lang='grc' dir='ltr'><strong>ἀλλά</strong></span> <span class='ocrx_word' id='word_1_91' title='bbox 1590 1414 1794 1485; x_wconf 81' lang='grc' dir='ltr'>μᾶλλον</span> <span class='ocrx_word' id='word_1_92' title='bbox 1826 1407 1918 1467; x_wconf 76' lang='grc' dir='ltr'>οἷά</span> 
     </span>
    </p>
   </div>
   <div class='ocr_carea' id='block_1_16' title="bbox 291 1506 1912 1580">
    <p class='ocr_par' dir='ltr' id='par_1_16' title="bbox 291 1506 1912 1580">
     <span class='ocr_line' id='line_1_16' title="bbox 291 1506 1912 1580; baseline -0.001 -18"><span class='ocrx_word' id='word_1_93' title='bbox 291 1527 378 1573; x_wconf 81' lang='grc' dir='ltr'><strong>τις</strong></span> <span class='ocrx_word' id='word_1_94' title='bbox 408 1508 576 1579; x_wconf 84' lang='grc' dir='ltr'>λήμη</span> <span class='ocrx_word' id='word_1_95' title='bbox 599 1507 698 1562; x_wconf 76' lang='grc' dir='ltr'><strong>τὸν</strong></span> <span class='ocrx_word' id='word_1_96' title='bbox 728 1507 831 1579; x_wconf 83' lang='grc' dir='ltr'>τῆς</span> <span class='ocrx_word' id='word_1_97' title='bbox 872 1506 1205 1579; x_wconf 85' lang='grc' dir='ltr'>Ἐκκλησίας</span> <span class='ocrx_word' id='word_1_98' title='bbox 1228 1507 1509 1579; x_wconf 84' lang='grc' dir='ltr'>ὀφθαλμὸν</span> <span class='ocrx_word' id='word_1_99' title='bbox 1535 1506 1912 1580; x_wconf 86' lang='grc' dir='ltr'>παραλύουσα,</span> 
     </span>
    </p>
   </div>
   <div class='ocr_carea' id='block_1_17' title="bbox 296 1598 1914 1673">
    <p class='ocr_par' dir='ltr' id='par_1_17' title="bbox 296 1598 1914 1673">
     <span class='ocr_line' id='line_1_17' title="bbox 296 1598 1914 1673; baseline -0.002 -18"><span class='ocrx_word' id='word_1_100' title='bbox 296 1602 429 1673; x_wconf 80' lang='grc' dir='ltr'>παρ’</span> <span class='ocrx_word' id='word_1_101' title='bbox 463 1599 635 1671; x_wconf 85' lang='grc' dir='ltr'>ὑμῶν</span> <span class='ocrx_word' id='word_1_102' title='bbox 658 1598 1134 1672; x_wconf 77' lang='grc' dir='ltr'>ὲκκαθαίρεσθαιο</span> <span class='ocrx_word' id='word_1_103' title='bbox 1159 1600 1250 1655; x_wconf 77' lang='grc' dir='ltr'>ἵνα</span> <span class='ocrx_word' id='word_1_104' title='bbox 1282 1599 1346 1673; x_wconf 81' lang='grc' dir='ltr'>δὴ</span> <span class='ocrx_word' id='word_1_105' title='bbox 1376 1600 1541 1656; x_wconf 82' lang='grc' dir='ltr'>πάλιν</span> <span class='ocrx_word' id='word_1_106' title='bbox 1571 1600 1750 1673; x_wconf 81' lang='grc' dir='ltr'><strong>ὀρθῶς</strong></span> <span class='ocrx_word' id='word_1_107' title='bbox 1776 1598 1914 1671; x_wconf 75' lang='grc' dir='ltr'>πρὸς</span> 
     </span>
    </p>
   </div>
   <div class='ocr_carea' id='block_1_18' title="bbox 298 1690 1913 1765">
    <p class='ocr_par' dir='ltr' id='par_1_18' title="bbox 298 1690 1913 1765">
     <span class='ocr_line' id='line_1_18' title="bbox 298 1690 1913 1765; baseline 0.004 -24"><span class='ocrx_word' id='word_1_108' title='bbox 298 1693 420 1758; x_wconf 70' lang='grc' dir='ltr'>τοὺς</span> <span class='ocrx_word' id='word_1_109' title='bbox 443 1691 564 1746; x_wconf 87' lang='grc' dir='ltr'><strong>τῶν</strong></span> <span class='ocrx_word' id='word_1_110' title='bbox 592 1690 871 1764; x_wconf 80' lang='grc' dir='ltr'>Πατέρων</span> <span class='ocrx_word' id='word_1_111' title='bbox 886 1692 1049 1764; x_wconf 80' lang='grc' dir='ltr'>ὄρους</span> <span class='ocrx_word' id='word_1_112' title='bbox 1067 1693 1474 1757; x_wconf 87' lang='grc' dir='ltr'>ἀποϐλέπουσα,</span> <span class='ocrx_word' id='word_1_113' title='bbox 1493 1692 1717 1757; x_wconf 79' lang='grc' dir='ltr'><strong>δικαίως</strong></span> <span class='ocrx_word' id='word_1_114' title='bbox 1737 1691 1913 1765; x_wconf 81' lang='grc' dir='ltr'>ἀκούῃ</span> 
     </span>
    </p>
   </div>
   <div class='ocr_carea' id='block_1_19' title="bbox 2026 582 3614 656">
    <p class='ocr_par' dir='ltr' id='par_1_19' title="bbox 2026 582 3614 656">
     <span class='ocr_line' id='line_1_19' title="bbox 2026 582 3614 656; baseline 0.004 -18"><span class='ocrx_word' id='word_1_115' title='bbox 2026 590 2225 654; x_wconf 86' lang='lat' dir='ltr'><strong>pantes</strong></span> <span class='ocrx_word' id='word_1_116' title='bbox 2254 601 2269 638; x_wconf 90' lang='lat'><strong>:</strong></span> <span class='ocrx_word' id='word_1_117' title='bbox 2309 603 2328 637; x_wconf 75' lang='grc' dir='ltr'><strong>ι</strong></span> <span class='ocrx_word' id='word_1_118' title='bbox 2352 582 2692 639; x_wconf 81' lang='lat' dir='ltr'><strong>Curavimus</strong></span> <span class='ocrx_word' id='word_1_119' title='bbox 2722 583 3095 656; x_wconf 75' lang='lat' dir='ltr'><strong>Babylonem,</strong></span> <span class='ocrx_word' id='word_1_120' title='bbox 3142 586 3241 641; x_wconf 86' lang='lat' dir='ltr'><strong>sed</strong></span> <span class='ocrx_word' id='word_1_121' title='bbox 3275 596 3467 643; x_wconf 85' lang='lat' dir='ltr'><strong>sanata</strong></span> <span class='ocrx_word' id='word_1_122' title='bbox 3500 604 3614 644; x_wconf 84' lang='lat' dir='ltr'><strong>non</strong></span> 
     </span>
    </p>
   </div>
   <div class='ocr_carea' id='block_1_20' title="bbox 2022 677 3612 749">
    <p class='ocr_par' dir='ltr' id='par_1_20' title="bbox 2022 677 3612 749">
     <span class='ocr_line' id='line_1_20' title="bbox 2022 677 3612 749; baseline 0.003 -19"><span class='ocrx_word' id='word_1_123' title='bbox 2022 684 2112 731; x_wconf 91' lang='lat' dir='ltr'><strong>est</strong></span> <span class='ocrx_word' id='word_1_124' title='bbox 2137 692 2150 729; x_wconf 92' lang='lat'>:</span> <span class='ocrx_word' id='word_1_125' title='bbox 2180 677 2561 747; x_wconf 76' lang='lat' dir='ltr'><strong>relinquamus</strong></span> <span class='ocrx_word' id='word_1_126' title='bbox 2589 693 2732 743; x_wconf 90' lang='lat' dir='ltr'><strong>eam,</strong></span> <span class='ocrx_word' id='word_1_127' title='bbox 2760 679 3022 748; x_wconf 82' lang='lat' dir='ltr'><strong>quoniam</strong></span> <span class='ocrx_word' id='word_1_128' title='bbox 3054 680 3308 749; x_wconf 76' lang='lat' dir='ltr'><strong>pervenit</strong></span> <span class='ocrx_word' id='word_1_129' title='bbox 3330 681 3386 736; x_wconf 83' lang='lat' dir='ltr'><strong>in</strong></span> <span class='ocrx_word' id='word_1_130' title='bbox 3407 682 3612 737; x_wconf 74' lang='lat' dir='ltr'><strong>emtum</strong></span> 
     </span>
    </p>
   </div>
   <div class='ocr_carea' id='block_1_21' title="bbox 2018 766 3610 842">
    <p class='ocr_par' dir='ltr' id='par_1_21' title="bbox 2018 766 3610 842">
     <span class='ocr_line' id='line_1_21' title="bbox 2018 766 3610 842; baseline 0.005 -22"><span class='ocrx_word' id='word_1_131' title='bbox 2018 766 2296 838; x_wconf 77' lang='lat' dir='ltr'><strong>judicium</strong></span> <span class='ocrx_word' id='word_1_132' title='bbox 2313 768 2436 840; x_wconf 81' lang='lat' dir='ltr'><strong>ejus</strong></span> <span class='ocrx_word' id='word_1_133' title='bbox 2455 769 2522 823; x_wconf 80' lang='grc'><strong>⁸⁸.</strong></span> <span class='ocrx_word' id='word_1_134' title='bbox 2556 789 2574 821; x_wconf 71' lang='grc' dir='ltr'><strong>ι</strong></span> <span class='ocrx_word' id='word_1_135' title='bbox 2613 768 2971 840; x_wconf 84' lang='lat' dir='ltr'><strong>Consequens</strong></span> <span class='ocrx_word' id='word_1_136' title='bbox 2996 770 3173 842; x_wconf 80' lang='lat' dir='ltr'><strong>igitur.</strong></span> <span class='ocrx_word' id='word_1_137' title='bbox 3189 785 3302 826; x_wconf 81' lang='lat' dir='ltr'><strong>non</strong></span> <span class='ocrx_word' id='word_1_138' title='bbox 3336 781 3442 837; x_wconf 90' lang='lat' dir='ltr'><strong>est,</strong></span> <span class='ocrx_word' id='word_1_139' title='bbox 3478 788 3610 842; x_wconf 86' lang='lat' dir='ltr'><strong>pro-</strong></span> 
     </span>
    </p>
   </div>
   <div class='ocr_carea' id='block_1_22' title="bbox 2022 857 3611 934">
    <p class='ocr_par' dir='ltr' id='par_1_22' title="bbox 2022 857 3611 934">
     <span class='ocr_line' id='line_1_22' title="bbox 2022 857 3611 934; baseline 0.006 -23"><span class='ocrx_word' id='word_1_140' title='bbox 2022 865 2149 926; x_wconf 88' lang='lat' dir='ltr'><strong>pter</strong></span> <span class='ocrx_word' id='word_1_141' title='bbox 2206 857 2471 915; x_wconf 89' lang='lat' dir='ltr'><strong>adversos</strong></span> <span class='ocrx_word' id='word_1_142' title='bbox 2523 860 2901 931; x_wconf 81' lang='lat' dir='ltr'><strong>quorumdam</strong></span> <span class='ocrx_word' id='word_1_143' title='bbox 2965 876 3250 918; x_wconf 82' lang='lat' dir='ltr'><strong>sermones</strong></span> <span class='ocrx_word' id='word_1_144' title='bbox 3278 903 3293 928; x_wconf 96' lang='lat'><strong>,</strong></span> <span class='ocrx_word' id='word_1_145' title='bbox 3335 864 3611 934; x_wconf 78' lang='lat' dir='ltr'><strong>siquidem</strong></span> 
     </span>
    </p>
   </div>
   <div class='ocr_carea' id='block_1_23' title="bbox 2020 950 3614 1023">
    <p class='ocr_par' dir='ltr' id='par_1_23' title="bbox 2020 950 3614 1023">
     <span class='ocr_line' id='line_1_23' title="bbox 2020 950 3614 1023; baseline 0.006 -20"><span class='ocrx_word' id='word_1_146' title='bbox 2020 963 2251 1019; x_wconf 84' lang='lat' dir='ltr'><strong>prorsus</strong></span> <span class='ocrx_word' id='word_1_147' title='bbox 2280 951 2452 1023; x_wconf 88' lang='lat' dir='ltr'><strong>aliqui</strong></span> <span class='ocrx_word' id='word_1_148' title='bbox 2476 961 2625 1019; x_wconf 90' lang='lat' dir='ltr'><strong>sunt,</strong></span> <span class='ocrx_word' id='word_1_149' title='bbox 2653 950 2906 1010; x_wconf 88' lang='lat' dir='ltr'><strong>funditus</strong></span> <span class='ocrx_word' id='word_1_150' title='bbox 2936 954 3255 1010; x_wconf 75' lang='lat' dir='ltr'><strong>sanctiones</strong></span> <span class='ocrx_word' id='word_1_151' title='bbox 3279 957 3614 1013; x_wconf 85' lang='lat' dir='ltr'><strong>ecclesiasti-</strong></span> 
     </span>
    </p>
   </div>
   <div class='ocr_carea' id='block_1_24' title="bbox 2020 1043 3609 1116">
    <p class='ocr_par' dir='ltr' id='par_1_24' title="bbox 2020 1043 3609 1116">
     <span class='ocr_line' id='line_1_24' title="bbox 2020 1043 3609 1116; baseline 0.004 -21"><span class='ocrx_word' id='word_1_152' title='bbox 2020 1054 2113 1096; x_wconf 85' lang='lat' dir='ltr'><strong>cas</strong></span> <span class='ocrx_word' id='word_1_153' title='bbox 2140 1043 2400 1109; x_wconf 75' lang='lat' dir='ltr'><strong>convelli,</strong></span> <span class='ocrx_word' id='word_1_154' title='bbox 2439 1051 2502 1098; x_wconf 89' lang='lat' dir='ltr'><strong>ut</strong></span> <span class='ocrx_word' id='word_1_155' title='bbox 2526 1044 2703 1100; x_wconf 84' lang='lat' dir='ltr'><strong>laicus</strong></span> <span class='ocrx_word' id='word_1_156' title='bbox 2733 1044 3066 1101; x_wconf 72' lang='lat' dir='ltr'><strong>sacerdotali</strong></span> <span class='ocrx_word' id='word_1_157' title='bbox 3098 1045 3367 1116; x_wconf 74' lang='lat' dir='ltr'><strong>dignitate</strong></span> <span class='ocrx_word' id='word_1_158' title='bbox 3386 1046 3609 1101; x_wconf 82' lang='lat' dir='ltr'><strong>eniten-</strong></span> 
     </span>
    </p>
   </div>
   <div class='ocr_carea' id='block_1_25' title="bbox 2019 1132 3608 1209">
    <p class='ocr_par' dir='ltr' id='par_1_25' title="bbox 2019 1132 3608 1209">
     <span class='ocr_line' id='line_1_25' title="bbox 2019 1132 3608 1209; baseline 0.005 -23"><span class='ocrx_word' id='word_1_159' title='bbox 2019 1132 2170 1189; x_wconf 88' lang='lat' dir='ltr'><strong>tibus</strong></span> <span class='ocrx_word' id='word_1_160' title='bbox 2196 1144 2575 1202; x_wconf 87' lang='lat' dir='ltr'><strong>aceenseatur,</strong></span> <span class='ocrx_word' id='word_1_161' title='bbox 2611 1144 2669 1191; x_wconf 92' lang='lat' dir='ltr'><strong>et</strong></span> <span class='ocrx_word' id='word_1_162' title='bbox 2700 1137 2968 1193; x_wconf 86' lang='lat' dir='ltr'><strong>honorem</strong></span> <span class='ocrx_word' id='word_1_163' title='bbox 3008 1138 3266 1193; x_wconf 90' lang='lat' dir='ltr'><strong>eumdem</strong></span> <span class='ocrx_word' id='word_1_164' title='bbox 3301 1153 3608 1209; x_wconf 86' lang='lat' dir='ltr'><strong>consequa-</strong></span> 
     </span>
    </p>
   </div>
   <div class='ocr_carea' id='block_1_26' title="bbox 2019 1226 3609 1296">
    <p class='ocr_par' dir='ltr' id='par_1_26' title="bbox 2019 1226 3609 1296">
     <span class='ocr_line' id='line_1_26' title="bbox 2019 1226 3609 1296; baseline 0.005 -17"><span class='ocrx_word' id='word_1_165' title='bbox 2019 1231 2131 1279; x_wconf 88' lang='lat' dir='ltr'><strong>tur.</strong></span> <span class='ocrx_word' id='word_1_166' title='bbox 2178 1226 2370 1296; x_wconf 85' lang='lat' dir='ltr'><strong>Neque</strong></span> <span class='ocrx_word' id='word_1_167' title='bbox 2415 1229 2566 1283; x_wconf 86' lang='lat' dir='ltr'><strong>enim</strong></span> <span class='ocrx_word' id='word_1_168' title='bbox 2613 1229 2721 1285; x_wconf 89' lang='lat' dir='ltr'><strong>hoc</strong></span> <span class='ocrx_word' id='word_1_169' title='bbox 2765 1244 3117 1286; x_wconf 87' lang='lat' dir='ltr'><strong>communem</strong></span> <span class='ocrx_word' id='word_1_170' title='bbox 3163 1231 3320 1287; x_wconf 85' lang='lat' dir='ltr'><strong>orbis</strong></span> <span class='ocrx_word' id='word_1_171' title='bbox 3358 1231 3609 1287; x_wconf 80' lang='lat' dir='ltr'><strong>universi</strong></span> 
     </span>
    </p>
   </div>
   <div class='ocr_carea' id='block_1_27' title="bbox 2018 1318 3611 1394">
    <p class='ocr_par' dir='ltr' id='par_1_27' title="bbox 2018 1318 3611 1394">
     <span class='ocr_line' id='line_1_27' title="bbox 2018 1318 3611 1394; baseline 0.005 -24"><span class='ocrx_word' id='word_1_172' title='bbox 2018 1331 2232 1387; x_wconf 87' lang='lat' dir='ltr'><strong>pacem,</strong></span> <span class='ocrx_word' id='word_1_173' title='bbox 2260 1318 2361 1374; x_wconf 87' lang='lat' dir='ltr'><strong>sed</strong></span> <span class='ocrx_word' id='word_1_174' title='bbox 2388 1321 2765 1377; x_wconf 84' lang='lat' dir='ltr'><strong>concisionem</strong></span> <span class='ocrx_word' id='word_1_175' title='bbox 2790 1322 2977 1393; x_wconf 78' lang='lat' dir='ltr'><strong>potius</strong></span> <span class='ocrx_word' id='word_1_176' title='bbox 2999 1322 3222 1394; x_wconf 86' lang='lat' dir='ltr'><strong>quidam</strong></span> <span class='ocrx_word' id='word_1_177' title='bbox 3248 1330 3465 1379; x_wconf 87' lang='lat' dir='ltr'><strong>vocent.</strong></span> <span class='ocrx_word' id='word_1_178' title='bbox 3494 1324 3611 1394; x_wconf 86' lang='lat' dir='ltr'><strong>Ego</strong></span> 
     </span>
    </p>
   </div>
   <div class='ocr_carea' id='block_1_28' title="bbox 2017 1408 3608 1485">
    <p class='ocr_par' dir='ltr' id='par_1_28' title="bbox 2017 1408 3608 1485">
     <span class='ocr_line' id='line_1_28' title="bbox 2017 1408 3608 1485; baseline 0.004 -22"><span class='ocrx_word' id='word_1_179' title='bbox 2017 1408 2241 1480; x_wconf 88' lang='lat' dir='ltr'><strong>quidem</strong></span> <span class='ocrx_word' id='word_1_180' title='bbox 2279 1419 2393 1465; x_wconf 92' lang='lat' dir='ltr'><strong>tum</strong></span> <span class='ocrx_word' id='word_1_181' title='bbox 2423 1412 2649 1468; x_wconf 89' lang='lat' dir='ltr'><strong>demum</strong></span> <span class='ocrx_word' id='word_1_182' title='bbox 2683 1413 2939 1470; x_wconf 84' lang='lat' dir='ltr'><strong>obtinere</strong></span> <span class='ocrx_word' id='word_1_183' title='bbox 2977 1415 3139 1485; x_wconf 74' lang='lat'><strong>207</strong></span> <span class='ocrx_word' id='word_1_184' title='bbox 3166 1414 3373 1470; x_wconf 87' lang='lat' dir='ltr'><strong>debere</strong></span> <span class='ocrx_word' id='word_1_185' title='bbox 3405 1422 3464 1469; x_wconf 91' lang='lat' dir='ltr'><strong>et</strong></span> <span class='ocrx_word' id='word_1_186' title='bbox 3503 1430 3608 1470; x_wconf 90' lang='lat' dir='ltr'><strong>no-</strong></span> 
     </span>
    </p>
   </div>
   <div class='ocr_carea' id='block_1_29' title="bbox 2018 1506 3610 1579">
    <p class='ocr_par' dir='ltr' id='par_1_29' title="bbox 2018 1506 3610 1579">
     <span class='ocr_line' id='line_1_29' title="bbox 2018 1506 3610 1579; baseline 0.003 -21"><span class='ocrx_word' id='word_1_187' title='bbox 2018 1519 2143 1559; x_wconf 87' lang='lat' dir='ltr'><strong>men</strong></span> <span class='ocrx_word' id='word_1_188' title='bbox 2169 1514 2227 1561; x_wconf 89' lang='lat' dir='ltr'><strong>et</strong></span> <span class='ocrx_word' id='word_1_189' title='bbox 2248 1520 2366 1562; x_wconf 89' lang='lat' dir='ltr'><strong>rem</strong></span> <span class='ocrx_word' id='word_1_190' title='bbox 2384 1506 2557 1578; x_wconf 87' lang='lat' dir='ltr'><strong>ipsam</strong></span> <span class='ocrx_word' id='word_1_191' title='bbox 2574 1508 2728 1579; x_wconf 82' lang='lat' dir='ltr'><strong>pacis</strong></span> <span class='ocrx_word' id='word_1_192' title='bbox 2747 1523 2971 1575; x_wconf 88' lang='lat' dir='ltr'><strong>censeo,</strong></span> <span class='ocrx_word' id='word_1_193' title='bbox 2996 1524 3122 1564; x_wconf 90' lang='lat' dir='ltr'><strong>cum</strong></span> <span class='ocrx_word' id='word_1_194' title='bbox 3145 1518 3462 1564; x_wconf 87' lang='lat' dir='ltr'><strong>sanctorum</strong></span> <span class='ocrx_word' id='word_1_195' title='bbox 3482 1523 3610 1563; x_wconf 89' lang='lat' dir='ltr'><strong>sen-</strong></span> 
     </span>
    </p>
   </div>
   <div class='ocr_carea' id='block_1_30' title="bbox 2012 1596 3608 1671">
    <p class='ocr_par' dir='ltr' id='par_1_30' title="bbox 2012 1596 3608 1671">
     <span class='ocr_line' id='line_1_30' title="bbox 2012 1596 3608 1671; baseline 0.004 -21"><span class='ocrx_word' id='word_1_196' title='bbox 2012 1596 2206 1652; x_wconf 86' lang='lat' dir='ltr'><strong>tentiis</strong></span> <span class='ocrx_word' id='word_1_197' title='bbox 2257 1613 2367 1653; x_wconf 91' lang='lat' dir='ltr'><strong>non</strong></span> <span class='ocrx_word' id='word_1_198' title='bbox 2426 1599 2808 1666; x_wconf 88' lang='lat' dir='ltr'><strong>adversemur,</strong></span> <span class='ocrx_word' id='word_1_199' title='bbox 2866 1613 3048 1671; x_wconf 88' lang='lat' dir='ltr'><strong>neque</strong></span> <span class='ocrx_word' id='word_1_200' title='bbox 3094 1600 3316 1655; x_wconf 89' lang='lat' dir='ltr'><strong>illorum</strong></span> <span class='ocrx_word' id='word_1_201' title='bbox 3367 1600 3608 1656; x_wconf 86' lang='lat' dir='ltr'><strong>decretis</strong></span> 
     </span>
    </p>
   </div>
   <div class='ocr_carea' id='block_1_31' title="bbox 2014 1688 3605 1759">
    <p class='ocr_par' dir='ltr' id='par_1_31' title="bbox 2014 1688 3605 1759">
     <span class='ocr_line' id='line_1_31' title="bbox 2014 1688 3605 1759; baseline 0.004 -19"><span class='ocrx_word' id='word_1_202' title='bbox 2014 1700 2409 1759; x_wconf 85' lang='lat' dir='ltr'><strong>repugnemus.</strong></span> <span class='ocrx_word' id='word_1_203' title='bbox 2424 1688 2591 1756; x_wconf 78' lang='lat' dir='ltr'><strong>Quod</strong></span> <span class='ocrx_word' id='word_1_204' title='bbox 2622 1690 2667 1745; x_wconf 88' lang='lat' dir='ltr'><strong>si</strong></span> <span class='ocrx_word' id='word_1_205' title='bbox 2696 1690 2847 1745; x_wconf 90' lang='lat' dir='ltr'><strong>enim</strong></span> <span class='ocrx_word' id='word_1_206' title='bbox 2876 1689 3074 1746; x_wconf 88' lang='lat' dir='ltr'><strong>beatus</strong></span> <span class='ocrx_word' id='word_1_207' title='bbox 3094 1689 3429 1756; x_wconf 83' lang='lat' dir='ltr'><strong>Alexander,</strong></span> <span class='ocrx_word' id='word_1_208' title='bbox 3468 1704 3605 1746; x_wconf 84' lang='lat' dir='ltr'><strong>eon-</strong></span> 
     </span>
    </p>
   </div>
   <div class='ocr_carea' id='block_1_32' title="bbox 296 1777 1903 1857">
    <p class='ocr_par' dir='ltr' id='par_1_32' title="bbox 296 1784 1903 1857">
     <span class='ocr_line' id='line_1_32' title="bbox 296 1784 1903 1857; baseline 0.001 -19"><span class='ocrx_word' id='word_1_209' title='bbox 296 1784 427 1857; x_wconf 74' lang='grc' dir='ltr'>περὶ</span> <span class='ocrx_word' id='word_1_210' title='bbox 458 1784 718 1857; x_wconf 77' lang='grc' dir='ltr'><strong>Χριστοῦ</strong></span> <span class='ocrx_word' id='word_1_211' title='bbox 740 1801 754 1817; x_wconf 89' lang='grc'><strong>·</strong></span> <span class='ocrx_word' id='word_1_212' title='bbox 791 1803 812 1837; x_wconf 77' lang='grc' dir='ltr'><strong>ι</strong></span> <span class='ocrx_word' id='word_1_213' title='bbox 854 1786 917 1839; x_wconf 87' lang='grc' dir='ltr'>Οί</span> <span class='ocrx_word' id='word_1_214' title='bbox 948 1785 1225 1857; x_wconf 75' lang='grc' dir='ltr'>ὀφθαλμοί</span> <span class='ocrx_word' id='word_1_215' title='bbox 1256 1802 1352 1840; x_wconf 82' lang='grc' dir='ltr'><strong>σου</strong></span> <span class='ocrx_word' id='word_1_216' title='bbox 1389 1785 1732 1857; x_wconf 88' lang='grc' dir='ltr'>περιστεραί.</span> <span class='ocrx_word' id='word_1_217' title='bbox 1764 1803 1783 1836; x_wconf 72' lang='grc' dir='ltr'><strong>ι</strong></span> <span class='ocrx_word' id='word_1_218' title='bbox 1815 1786 1903 1839; x_wconf 87' lang='grc' dir='ltr'><strong>Δέ-</strong></span> 
     </span>
    </p>
   </div>
   <div class='ocr_carea' id='block_1_33' title="bbox 2004 1777 3602 1857">
    <p class='ocr_par' dir='ltr' id='par_1_33' title="bbox 2016 1777 3602 1854">
     <span class='ocr_line' id='line_1_33' title="bbox 2016 1777 3602 1854; baseline 0.003 -21"><span class='ocrx_word' id='word_1_219' title='bbox 2016 1777 2239 1835; x_wconf 87' lang='lat' dir='ltr'><strong>ﬁdentis</strong></span> <span class='ocrx_word' id='word_1_220' title='bbox 2280 1796 2512 1851; x_wconf 86' lang='lat' dir='ltr'><strong>prorsus</strong></span> <span class='ocrx_word' id='word_1_221' title='bbox 2551 1782 2668 1837; x_wconf 91' lang='lat' dir='ltr'><strong>oris</strong></span> <span class='ocrx_word' id='word_1_222' title='bbox 2697 1782 2804 1848; x_wconf 91' lang='lat' dir='ltr'><strong>vir,</strong></span> <span class='ocrx_word' id='word_1_223' title='bbox 2833 1782 2991 1854; x_wconf 76' lang='lat' dir='ltr'><strong>juxta</strong></span> <span class='ocrx_word' id='word_1_224' title='bbox 3020 1781 3247 1853; x_wconf 87' lang='lat' dir='ltr'><strong>pietatis</strong></span> <span class='ocrx_word' id='word_1_225' title='bbox 3278 1788 3388 1837; x_wconf 61' lang='lat' dir='ltr'><strong>tua</strong></span> <span class='ocrx_word' id='word_1_226' title='bbox 3410 1781 3602 1848; x_wconf 89' lang='lat' dir='ltr'><strong>verba,</strong></span> 
     </span>
    </p>
   </div>
   <div class='ocr_carea' id='block_1_34' title="bbox 293 1872 1903 1952">
    <p class='ocr_par' dir='ltr' id='par_1_34' title="bbox 293 1873 1903 1952">
     <span class='ocr_line' id='line_1_34' title="bbox 293 1873 1903 1952; baseline -0.001 -18"><span class='ocrx_word' id='word_1_227' title='bbox 293 1881 501 1952; x_wconf 80' lang='grc' dir='ltr'>δεγμαι</span> <span class='ocrx_word' id='word_1_228' title='bbox 528 1873 630 1934; x_wconf 78' lang='grc' dir='ltr'>οὖν</span> <span class='ocrx_word' id='word_1_229' title='bbox 652 1879 899 1951; x_wconf 83' lang='grc' dir='ltr'>γράμμα</span> <span class='ocrx_word' id='word_1_230' title='bbox 930 1877 1088 1949; x_wconf 87' lang='grc' dir='ltr'><strong>κάγὼ</strong></span> <span class='ocrx_word' id='word_1_231' title='bbox 1118 1878 1271 1951; x_wconf 87' lang='grc' dir='ltr'><strong>παρά</strong></span> <span class='ocrx_word' id='word_1_232' title='bbox 1294 1879 1390 1934; x_wconf 83' lang='grc' dir='ltr'>τοῦ</span> <span class='ocrx_word' id='word_1_233' title='bbox 1414 1878 1783 1950; x_wconf 83' lang='grc' dir='ltr'>εὐγηροτάτου</span> <span class='ocrx_word' id='word_1_234' title='bbox 1816 1879 1903 1933; x_wconf 66' lang='grc' dir='ltr'>καὶ</span> 
     </span>
    </p>
   </div>
   <div class='ocr_carea' id='block_1_35' title="bbox 2004 1872 3603 1952">
    <p class='ocr_par' dir='ltr' id='par_1_35' title="bbox 2013 1872 3603 1946">
     <span class='ocr_line' id='line_1_35' title="bbox 2013 1872 3603 1946; baseline 0.002 -20"><span class='ocrx_word' id='word_1_235' title='bbox 2013 1872 2232 1942; x_wconf 89' lang='lat' dir='ltr'><strong>aliquos</strong></span> <span class='ocrx_word' id='word_1_236' title='bbox 2255 1889 2322 1929; x_wconf 78' lang='lat' dir='ltr'><strong>ex</strong></span> <span class='ocrx_word' id='word_1_237' title='bbox 2347 1874 2783 1946; x_wconf 73' lang='lat' dir='ltr'><strong>religiosissimis</strong></span> <span class='ocrx_word' id='word_1_238' title='bbox 2808 1874 3078 1931; x_wconf 83' lang='lat' dir='ltr'><strong>fratribus</strong></span> <span class='ocrx_word' id='word_1_239' title='bbox 3121 1882 3180 1931; x_wconf 88' lang='lat' dir='ltr'><strong>et</strong></span> <span class='ocrx_word' id='word_1_240' title='bbox 3223 1874 3451 1946; x_wconf 80' lang='lat' dir='ltr'><strong>collegis</strong></span> <span class='ocrx_word' id='word_1_241' title='bbox 3500 1888 3603 1929; x_wconf 87' lang='lat' dir='ltr'><strong>no-</strong></span> 
     </span>
    </p>
   </div>
   <div class='ocr_carea' id='block_1_36' title="bbox 293 1970 1912 2044">
    <p class='ocr_par' dir='ltr' id='par_1_36' title="bbox 293 1970 1912 2044">
     <span class='ocr_line' id='line_1_36' title="bbox 293 1970 1912 2044; baseline -0.002 -15"><span class='ocrx_word' id='word_1_242' title='bbox 293 1972 735 2044; x_wconf 65' lang='grc' dir='ltr'>θεοφιλεστάτου</span> <span class='ocrx_word' id='word_1_243' title='bbox 775 1971 1038 2025; x_wconf 76' lang='grc' dir='ltr'>Ἀκακίου</span> <span class='ocrx_word' id='word_1_244' title='bbox 1058 1987 1072 2001; x_wconf 88' lang='grc'><strong>·</strong></span> <span class='ocrx_word' id='word_1_245' title='bbox 1097 1970 1227 2025; x_wconf 74' lang='grc' dir='ltr'>ἔνθα</span> <span class='ocrx_word' id='word_1_246' title='bbox 1255 1970 1346 2025; x_wconf 80' lang='grc' dir='ltr'><strong>τὸν</strong></span> <span class='ocrx_word' id='word_1_247' title='bbox 1393 1970 1789 2026; x_wconf 81' lang='grc' dir='ltr'>εὐλαϐέστατον</span> <span class='ocrx_word' id='word_1_248' title='bbox 1811 1971 1912 2043; x_wconf 85' lang='grc' dir='ltr'>τῆς</span> 
     </span>
    </p>
   </div>
   <div class='ocr_carea' id='block_1_37' title="bbox 318 2062 1910 2137">
    <p class='ocr_par' dir='ltr' id='par_1_37' title="bbox 318 2062 1910 2137">
     <span class='ocr_line' id='line_1_37' title="bbox 318 2062 1910 2137; baseline -0.002 -17"><span class='ocrx_word' id='word_1_249' title='bbox 318 2062 661 2137; x_wconf 48' lang='lat' dir='ltr'><strong>manantia;</strong></span> <span class='ocrx_word' id='word_1_250' title='bbox 698 2063 1011 2117; x_wconf 70' lang='grc' dir='ltr'>ἐπίσκοπον</span> <span class='ocrx_word' id='word_1_251' title='bbox 1049 2062 1396 2134; x_wconf 78' lang='grc' dir='ltr'><strong>ἠναγκάσθαι</strong></span> <span class='ocrx_word' id='word_1_252' title='bbox 1438 2063 1594 2134; x_wconf 86' lang='grc' dir='ltr'>παρά</span> <span class='ocrx_word' id='word_1_253' title='bbox 1631 2080 1796 2117; x_wconf 86' lang='grc' dir='ltr'>τινων</span> <span class='ocrx_word' id='word_1_254' title='bbox 1830 2063 1910 2118; x_wconf 83' lang='grc' dir='ltr'>δι-</span> 
     </span>
    </p>
   </div>
   <div class='ocr_carea' id='block_1_38' title="bbox 317 2144 1910 2228">
    <p class='ocr_par' dir='ltr' id='par_1_38' title="bbox 317 2144 1910 2228">
     <span class='ocr_line' id='line_1_38' title="bbox 317 2144 1910 2228; baseline 0.001 -20"><span class='ocrx_word' id='word_1_255' title='bbox 317 2144 818 2228; x_wconf 67' lang='grc' dir='ltr'>ἳσχυρῑζετιι,’τὴν</span> <span class='ocrx_word' id='word_1_256' title='bbox 862 2155 1115 2210; x_wconf 81' lang='grc' dir='ltr'>Ἰωάννου</span> <span class='ocrx_word' id='word_1_257' title='bbox 1165 2156 1388 2227; x_wconf 82' lang='grc' dir='ltr'>μνήμην</span> <span class='ocrx_word' id='word_1_258' title='bbox 1434 2155 1778 2210; x_wconf 68' lang='grc' dir='ltr'><strong>ἐπιτελέσαι⁹</strong></span> <span class='ocrx_word' id='word_1_259' title='bbox 1814 2156 1910 2211; x_wconf 72' lang='grc' dir='ltr'><strong>καὶ</strong></span> 
     </span>
    </p>
   </div>
   <div class='ocr_carea' id='block_1_39' title="bbox 326 2245 1908 2318">
    <p class='ocr_par' dir='ltr' id='par_1_39' title="bbox 326 2245 1908 2318">
     <span class='ocr_line' id='line_1_39' title="bbox 326 2245 1908 2318; baseline 0.001 -15"><span class='ocrx_word' id='word_1_260' title='bbox 326 2246 631 2303; x_wconf 75' lang='grc' dir='ltr'>δάκνεσθαι</span> <span class='ocrx_word' id='word_1_261' title='bbox 656 2245 750 2318; x_wconf 76' lang='grc' dir='ltr'>μὲν</span> <span class='ocrx_word' id='word_1_262' title='bbox 772 2247 864 2300; x_wconf 67' lang='grc' dir='ltr'>ἐπὶ</span> <span class='ocrx_word' id='word_1_263' title='bbox 902 2246 1082 2317; x_wconf 89' lang='grc' dir='ltr'>τούτῳ</span> <span class='ocrx_word' id='word_1_264' title='bbox 1111 2247 1339 2318; x_wconf 85' lang='grc' dir='ltr'>σφόδρα,</span> <span class='ocrx_word' id='word_1_265' title='bbox 1368 2247 1525 2302; x_wconf 80' lang='grc' dir='ltr'>λύσιν</span> <span class='ocrx_word' id='word_1_266' title='bbox 1553 2247 1612 2301; x_wconf 87' lang='grc' dir='ltr'><strong>δέ</strong></span> <span class='ocrx_word' id='word_1_267' title='bbox 1650 2265 1774 2302; x_wconf 90' lang='grc' dir='ltr'>τινα</span> <span class='ocrx_word' id='word_1_268' title='bbox 1797 2249 1908 2305; x_wconf 82' lang='grc' dir='ltr'><strong>τῶν</strong></span> 
     </span>
    </p>
   </div>
   <div class='ocr_carea' id='block_1_40' title="bbox 320 2338 1908 2414">
    <p class='ocr_par' dir='ltr' id='par_1_40' title="bbox 320 2338 1908 2414">
     <span class='ocr_line' id='line_1_40' title="bbox 320 2338 1908 2414; baseline 0.001 -19"><span class='ocrx_word' id='word_1_269' title='bbox 320 2343 389 2396; x_wconf 74' lang='grc' dir='ltr'>ἐκ</span> <span class='ocrx_word' id='word_1_270' title='bbox 428 2341 756 2414; x_wconf 75' lang='grc' dir='ltr'>προπετείας</span> <span class='ocrx_word' id='word_1_271' title='bbox 800 2338 1075 2414; x_wconf 71' lang='grc' dir='ltr'>εὕρασθαι</span> <span class='ocrx_word' id='word_1_272' title='bbox 1117 2339 1416 2412; x_wconf 81' lang='grc' dir='ltr'>ζητοῦντα,</span> <span class='ocrx_word' id='word_1_273' title='bbox 1467 2341 1563 2395; x_wconf 74' lang='grc' dir='ltr'>καὶ</span> <span class='ocrx_word' id='word_1_274' title='bbox 1603 2342 1908 2414; x_wconf 83' lang='grc' dir='ltr'>γράμματα</span> 
     </span>
    </p>
   </div>
   <div class='ocr_carea' id='block_1_41' title="bbox 312 2432 1908 2505">
    <p class='ocr_par' dir='ltr' id='par_1_41' title="bbox 312 2432 1908 2505">
     <span class='ocr_line' id='line_1_41' title="bbox 312 2432 1908 2505; baseline 0.001 -18"><span class='ocrx_word' id='word_1_275' title='bbox 312 2433 442 2504; x_wconf 77' lang='grc' dir='ltr'>περὶ</span> <span class='ocrx_word' id='word_1_276' title='bbox 475 2433 668 2487; x_wconf 84' lang='grc' dir='ltr'>τούτου</span> <span class='ocrx_word' id='word_1_277' title='bbox 696 2432 1041 2505; x_wconf 84' lang='grc' dir='ltr'>κομίσασθαι</span> <span class='ocrx_word' id='word_1_278' title='bbox 1081 2432 1406 2504; x_wconf 87' lang='grc' dir='ltr'>βουλόμενον</span> <span class='ocrx_word' id='word_1_279' title='bbox 1448 2432 1603 2504; x_wconf 88' lang='grc' dir='ltr'>παρά</span> <span class='ocrx_word' id='word_1_280' title='bbox 1642 2450 1703 2486; x_wconf 87' lang='grc' dir='ltr'><strong>τε</strong></span> <span class='ocrx_word' id='word_1_281' title='bbox 1749 2433 1908 2504; x_wconf 75' lang='grc' dir='ltr'>ἡμῶν</span> 
     </span>
    </p>
   </div>
   <div class='ocr_carea' id='block_1_42' title="bbox 304 2524 1905 2599">
    <p class='ocr_par' dir='ltr' id='par_1_42' title="bbox 304 2524 1905 2599">
     <span class='ocr_line' id='line_1_42' title="bbox 304 2524 1905 2599; baseline 0.004 -25"><span class='ocrx_word' id='word_1_282' title='bbox 304 2529 401 2583; x_wconf 71' lang='grc' dir='ltr'>καὶ</span> <span class='ocrx_word' id='word_1_283' title='bbox 438 2527 542 2599; x_wconf 80' lang='grc' dir='ltr'>τῆς</span> <span class='ocrx_word' id='word_1_284' title='bbox 570 2525 675 2595; x_wconf 77' lang='grc' dir='ltr'>σῆς</span> <span class='ocrx_word' id='word_1_285' title='bbox 726 2524 1067 2592; x_wconf 83' lang='grc' dir='ltr'>θεοσεϐείας,</span> <span class='ocrx_word' id='word_1_286' title='bbox 1123 2524 1314 2596; x_wconf 84' lang='grc' dir='ltr'>σαφῶς</span> <span class='ocrx_word' id='word_1_287' title='bbox 1365 2524 1788 2597; x_wconf 78' lang='grc' dir='ltr'>διαγορεύοντα,</span> <span class='ocrx_word' id='word_1_288' title='bbox 1829 2526 1905 2599; x_wconf 79' lang='grc' dir='ltr'>μὴ</span> 
     </span>
    </p>
   </div>
   <div class='ocr_carea' id='block_1_43' title="bbox 298 2616 1906 2692">
    <p class='ocr_par' dir='ltr' id='par_1_43' title="bbox 298 2616 1906 2692">
     <span class='ocr_line' id='line_1_43' title="bbox 298 2616 1906 2692; baseline 0.001 -19"><span class='ocrx_word' id='word_1_289' title='bbox 298 2616 725 2686; x_wconf 78' lang='grc' dir='ltr'>συναπάγεσθαί</span> <span class='ocrx_word' id='word_1_290' title='bbox 753 2633 890 2683; x_wconf 85' lang='grc' dir='ltr'>τισι,</span> <span class='ocrx_word' id='word_1_291' title='bbox 919 2618 1060 2689; x_wconf 81' lang='grc' dir='ltr'>μηδὲ</span> <span class='ocrx_word' id='word_1_292' title='bbox 1087 2619 1256 2672; x_wconf 77' lang='grc' dir='ltr'>εἴκειν</span> <span class='ocrx_word' id='word_1_293' title='bbox 1276 2621 1387 2682; x_wconf 90' lang='grc' dir='ltr'>τοῖς</span> <span class='ocrx_word' id='word_1_294' title='bbox 1410 2618 1636 2674; x_wconf 81' lang='grc' dir='ltr'>τοιαῦτα</span> <span class='ocrx_word' id='word_1_295' title='bbox 1666 2620 1906 2692; x_wconf 88' lang='grc' dir='ltr'>συμϐου-</span> 
     </span>
    </p>
   </div>
   <div class='ocr_carea' id='block_1_44' title="bbox 287 2709 1903 2783">
    <p class='ocr_par' dir='ltr' id='par_1_44' title="bbox 287 2709 1903 2783">
     <span class='ocr_line' id='line_1_44' title="bbox 287 2709 1903 2783; baseline 0 -17"><span class='ocrx_word' id='word_1_296' title='bbox 287 2711 571 2768; x_wconf 81' lang='grc' dir='ltr'>λεύουσιν.</span> <span class='ocrx_word' id='word_1_297' title='bbox 624 2710 773 2764; x_wconf 83' lang='grc' dir='ltr'>’Δλλ’</span> <span class='ocrx_word' id='word_1_298' title='bbox 802 2710 853 2764; x_wconf 77' lang='lat' dir='ltr'><strong>oi</strong></span> <span class='ocrx_word' id='word_1_299' title='bbox 884 2709 1023 2782; x_wconf 85' lang='grc' dir='ltr'>πρὸς</span> <span class='ocrx_word' id='word_1_300' title='bbox 1056 2709 1355 2783; x_wconf 77' lang='grc' dir='ltr'>θεραπείαν</span> <span class='ocrx_word' id='word_1_301' title='bbox 1386 2709 1717 2783; x_wconf 81' lang='grc' dir='ltr'>κεκλημένοι</span> <span class='ocrx_word' id='word_1_302' title='bbox 1741 2711 1903 2783; x_wconf 81' lang='grc' dir='ltr'><strong>(δίδου</strong></span> 
     </span>
    </p>
   </div>
   <div class='ocr_carea' id='block_1_45' title="bbox 281 2801 1904 2878">
    <p class='ocr_par' dir='ltr' id='par_1_45' title="bbox 281 2801 1904 2878">
     <span class='ocr_line' id='line_1_45' title="bbox 281 2801 1904 2878; baseline -0.001 -19"><span class='ocrx_word' id='word_1_303' title='bbox 281 2804 397 2875; x_wconf 79' lang='grc' dir='ltr'><strong>γάρ</strong></span> <span class='ocrx_word' id='word_1_304' title='bbox 429 2820 527 2874; x_wconf 85' lang='grc' dir='ltr'><strong>μοι</strong></span> <span class='ocrx_word' id='word_1_305' title='bbox 542 2802 740 2872; x_wconf 84' lang='grc' dir='ltr'>λέγειν</span> <span class='ocrx_word' id='word_1_306' title='bbox 768 2801 912 2873; x_wconf 84' lang='grc' dir='ltr'>μετὰ</span> <span class='ocrx_word' id='word_1_307' title='bbox 931 2802 1244 2874; x_wconf 78' lang='grc' dir='ltr'>παρῤησίας</span> <span class='ocrx_word' id='word_1_308' title='bbox 1262 2801 1552 2856; x_wconf 80' lang='grc' dir='ltr'>πονέσαντι</span> <span class='ocrx_word' id='word_1_309' title='bbox 1581 2802 1681 2875; x_wconf 83' lang='grc' dir='ltr'><strong>τὴν</strong></span> <span class='ocrx_word' id='word_1_310' title='bbox 1703 2803 1904 2878; x_wconf 75' lang='grc' dir='ltr'>ψυχὴν)</span> 
     </span>
    </p>
   </div>
   <div class='ocr_carea' id='block_1_46' title="bbox 280 2878 1905 2970">
    <p class='ocr_par' dir='ltr' id='par_1_46' title="bbox 280 2878 1905 2970">
     <span class='ocr_line' id='line_1_46' title="bbox 280 2878 1905 2970; baseline -0.001 -17"><span class='ocrx_word' id='word_1_311' title='bbox 280 2896 638 2970; x_wconf 73' lang='grc' dir='ltr'>τραυμάτων</span> <span class='ocrx_word' id='word_1_312' title='bbox 668 2893 965 2967; x_wconf 84' lang='grc' dir='ltr'>προσθήκη</span> <span class='ocrx_word' id='word_1_313' title='bbox 998 2878 1075 2965; x_wconf 68' lang='grc' dir='ltr'><strong>μή</strong></span> <span class='ocrx_word' id='word_1_314' title='bbox 1097 2892 1387 2966; x_wconf 85' lang='grc' dir='ltr'>γενώμεθα</span> <span class='ocrx_word' id='word_1_315' title='bbox 1403 2911 1417 2925; x_wconf 76' lang='grc'><strong><em>⁸</em></strong></span> <span class='ocrx_word' id='word_1_316' title='bbox 1446 2895 1532 2949; x_wconf 79' lang='grc' dir='ltr'><strong>ἶνα</strong></span> <span class='ocrx_word' id='word_1_317' title='bbox 1557 2896 1652 2950; x_wconf 81' lang='grc' dir='ltr'>καὶ</span> <span class='ocrx_word' id='word_1_318' title='bbox 1677 2896 1739 2951; x_wconf 86' lang='grc' dir='ltr'><strong>τὸ</strong></span> <span class='ocrx_word' id='word_1_319' title='bbox 1764 2893 1905 2951; x_wconf 79' lang='grc' dir='ltr'>εἶναι</span> 
     </span>
    </p>
   </div>
   <div class='ocr_carea' id='block_1_47' title="bbox 279 2986 1898 3063">
    <p class='ocr_par' dir='ltr' id='par_1_47' title="bbox 279 2986 1898 3063">
     <span class='ocr_line' id='line_1_47' title="bbox 279 2986 1898 3063; baseline 0.001 -19"><span class='ocrx_word' id='word_1_320' title='bbox 279 2987 781 3063; x_wconf 67' lang='grc' dir='ltr'>παρακολούθημα</span> <span class='ocrx_word' id='word_1_321' title='bbox 800 2986 903 3057; x_wconf 78' lang='grc' dir='ltr'>τῆς</span> <span class='ocrx_word' id='word_1_322' title='bbox 923 2986 1129 3059; x_wconf 72' lang='grc' dir='ltr'>ἑτέρων</span> <span class='ocrx_word' id='word_1_323' title='bbox 1151 2986 1483 3059; x_wconf 79' lang='grc' dir='ltr'>προπετείας</span> <span class='ocrx_word' id='word_1_324' title='bbox 1506 2988 1898 3061; x_wconf 83' lang='grc' dir='ltr'>ἀποφύγωμεν.</span> 
     </span>
    </p>
   </div>
   <div class='ocr_carea' id='block_1_48' title="bbox 278 3068 1905 3156">
    <p class='ocr_par' dir='ltr' id='par_1_48' title="bbox 278 3068 1905 3156">
     <span class='ocr_line' id='line_1_48' title="bbox 278 3068 1905 3156; baseline 0.001 -17"><span class='ocrx_word' id='word_1_325' title='bbox 278 3082 579 3156; x_wconf 64' lang='lat' dir='ltr'><strong>Caupde</strong></span> <span class='ocrx_word' id='word_1_326' title='bbox 605 3081 668 3137; x_wconf 86' lang='grc' dir='ltr'>δὲ</span> <span class='ocrx_word' id='word_1_327' title='bbox 703 3082 957 3147; x_wconf 83' lang='grc' dir='ltr'>κάκεῖνο,</span> <span class='ocrx_word' id='word_1_328' title='bbox 996 3082 1046 3136; x_wconf 82' lang='grc' dir='ltr'><strong>εί</strong></span> <span class='ocrx_word' id='word_1_329' title='bbox 1079 3068 1333 3146; x_wconf 77' lang='grc' dir='ltr'>τοσοῦτὸς</span> <span class='ocrx_word' id='word_1_330' title='bbox 1364 3080 1440 3137; x_wconf 79' lang='grc' dir='ltr'><strong>ὢν</strong></span> <span class='ocrx_word' id='word_1_331' title='bbox 1464 3083 1550 3147; x_wconf 84' lang='grc' dir='ltr'><strong>είς</strong></span> <span class='ocrx_word' id='word_1_332' title='bbox 1574 3082 1905 3153; x_wconf 77' lang='grc' dir='ltr'>πολυλογίαν</span> 
     </span>
    </p>
   </div>
   <div class='ocr_carea' id='block_1_49' title="bbox 2011 1964 3605 2040">
    <p class='ocr_par' dir='ltr' id='par_1_49' title="bbox 2011 1964 3605 2040">
     <span class='ocr_line' id='line_1_49' title="bbox 2011 1964 3605 2040; baseline 0.003 -21"><span class='ocrx_word' id='word_1_333' title='bbox 2011 1965 2142 2020; x_wconf 88' lang='lat' dir='ltr'><strong>stris</strong></span> <span class='ocrx_word' id='word_1_334' title='bbox 2166 1964 2543 2024; x_wconf 89' lang='lat' dir='ltr'><strong>Orientalibus</strong></span> <span class='ocrx_word' id='word_1_335' title='bbox 2570 1968 2846 2040; x_wconf 86' lang='lat' dir='ltr'><strong>episcopis</strong></span> <span class='ocrx_word' id='word_1_336' title='bbox 2871 1969 3021 2025; x_wconf 86' lang='lat' dir='ltr'><strong>inani</strong></span> <span class='ocrx_word' id='word_1_337' title='bbox 3046 1968 3326 2024; x_wconf 85' lang='lat' dir='ltr'><strong>dictorum</strong></span> <span class='ocrx_word' id='word_1_338' title='bbox 3357 1968 3485 2024; x_wconf 84' lang='lat' dir='ltr'><strong>fuco</strong></span> <span class='ocrx_word' id='word_1_339' title='bbox 3508 1967 3605 2023; x_wconf 87' lang='lat' dir='ltr'><strong>de-</strong></span> 
     </span>
    </p>
   </div>
   <div class='ocr_carea' id='block_1_50' title="bbox 2009 2056 3601 2132">
    <p class='ocr_par' dir='ltr' id='par_1_50' title="bbox 2009 2056 3601 2132">
     <span class='ocr_line' id='line_1_50' title="bbox 2009 2056 3601 2132; baseline 0.006 -22"><span class='ocrx_word' id='word_1_340' title='bbox 2009 2056 2177 2128; x_wconf 86' lang='lat' dir='ltr'><strong>cepit,</strong></span> <span class='ocrx_word' id='word_1_341' title='bbox 2206 2065 2264 2113; x_wconf 84' lang='lat' dir='ltr'><strong>et</strong></span> <span class='ocrx_word' id='word_1_342' title='bbox 2295 2059 2364 2113; x_wconf 87' lang='lat' dir='ltr'><strong>ad</strong></span> <span class='ocrx_word' id='word_1_343' title='bbox 2391 2059 2557 2129; x_wconf 79' lang='lat' dir='ltr'><strong>huius</strong></span> <span class='ocrx_word' id='word_1_344' title='bbox 2594 2061 2676 2116; x_wconf 89' lang='lat' dir='ltr'><strong>rei</strong></span> <span class='ocrx_word' id='word_1_345' title='bbox 2708 2061 3223 2132; x_wconf 88' lang='lat' dir='ltr'><strong>comprobationem</strong></span> <span class='ocrx_word' id='word_1_346' title='bbox 3248 2068 3439 2131; x_wconf 83' lang='lat' dir='ltr'><strong>raptos</strong></span> <span class='ocrx_word' id='word_1_347' title='bbox 3468 2074 3601 2130; x_wconf 85' lang='lat' dir='ltr'><strong>per-</strong></span> 
     </span>
    </p>
   </div>
   <div class='ocr_carea' id='block_1_51' title="bbox 2010 2150 3599 2224">
    <p class='ocr_par' dir='ltr' id='par_1_51' title="bbox 2010 2150 3599 2224">
     <span class='ocr_line' id='line_1_51' title="bbox 2010 2150 3599 2224; baseline 0.003 -22"><span class='ocrx_word' id='word_1_348' title='bbox 2010 2150 2197 2214; x_wconf 80' lang='lat' dir='ltr'><strong>traxit,</strong></span> <span class='ocrx_word' id='word_1_349' title='bbox 2230 2164 2344 2205; x_wconf 90' lang='lat' dir='ltr'><strong>non</strong></span> <span class='ocrx_word' id='word_1_350' title='bbox 2366 2162 2664 2222; x_wconf 84' lang='lat' dir='ltr'><strong>propterea</strong></span> <span class='ocrx_word' id='word_1_351' title='bbox 2692 2154 2923 2209; x_wconf 84' lang='lat' dir='ltr'><strong>morbus</strong></span> <span class='ocrx_word' id='word_1_352' title='bbox 2946 2154 3038 2210; x_wconf 91' lang='lat' dir='ltr'><strong>hic</strong></span> <span class='ocrx_word' id='word_1_353' title='bbox 3066 2168 3296 2224; x_wconf 85' lang='lat' dir='ltr'><strong>prorsus</strong></span> <span class='ocrx_word' id='word_1_354' title='bbox 3320 2153 3599 2218; x_wconf 74' lang='lat' dir='ltr'><strong>obtinere,</strong></span> 
     </span>
    </p>
   </div>
   <div class='ocr_carea' id='block_1_52' title="bbox 2007 2242 3602 2317">
    <p class='ocr_par' dir='ltr' id='par_1_52' title="bbox 2007 2242 3602 2317">
     <span class='ocr_line' id='line_1_52' title="bbox 2007 2242 3602 2317; baseline 0.003 -21"><span class='ocrx_word' id='word_1_355' title='bbox 2007 2246 2065 2296; x_wconf 85' lang='lat' dir='ltr'><strong>et</strong></span> <span class='ocrx_word' id='word_1_356' title='bbox 2117 2242 2332 2298; x_wconf 83' lang='lat' dir='ltr'><strong>animas</strong></span> <span class='ocrx_word' id='word_1_357' title='bbox 2383 2245 2632 2300; x_wconf 86' lang='lat' dir='ltr'><strong>omnium</strong></span> <span class='ocrx_word' id='word_1_358' title='bbox 2677 2246 3007 2317; x_wconf 77' lang='lat' dir='ltr'><strong>depascere,</strong></span> <span class='ocrx_word' id='word_1_359' title='bbox 3054 2246 3153 2302; x_wconf 86' lang='lat' dir='ltr'><strong>sed</strong></span> <span class='ocrx_word' id='word_1_360' title='bbox 3200 2245 3387 2317; x_wconf 89' lang='lat' dir='ltr'><strong>potius</strong></span> <span class='ocrx_word' id='word_1_361' title='bbox 3426 2245 3602 2301; x_wconf 88' lang='lat' dir='ltr'><strong>veluti</strong></span> 
     </span>
    </p>
   </div>
   <div class='ocr_carea' id='block_1_53' title="bbox 2008 2332 3603 2406">
    <p class='ocr_par' dir='ltr' id='par_1_53' title="bbox 2008 2332 3603 2406">
     <span class='ocr_line' id='line_1_53' title="bbox 2008 2332 3603 2406; baseline 0.004 -19"><span class='ocrx_word' id='word_1_362' title='bbox 2008 2332 2260 2403; x_wconf 84' lang='lat' dir='ltr'><strong>quaedam</strong></span> <span class='ocrx_word' id='word_1_363' title='bbox 2310 2335 2608 2406; x_wconf 91' lang='lat' dir='ltr'><strong>lippitudo,</strong></span> <span class='ocrx_word' id='word_1_364' title='bbox 2657 2337 2921 2393; x_wconf 65' lang='lat' dir='ltr'><strong>Ecclesiae</strong></span> <span class='ocrx_word' id='word_1_365' title='bbox 2960 2338 3186 2393; x_wconf 90' lang='lat' dir='ltr'><strong>oculum</strong></span> <span class='ocrx_word' id='word_1_366' title='bbox 3231 2339 3520 2404; x_wconf 85' lang='lat' dir='ltr'><strong>infestans,</strong></span> <span class='ocrx_word' id='word_1_367' title='bbox 3568 2353 3603 2393; x_wconf 86' lang='lat' dir='ltr'><strong>a</strong></span> 
     </span>
    </p>
   </div>
   <div class='ocr_carea' id='block_1_54' title="bbox 2007 2425 3601 2498">
    <p class='ocr_par' dir='ltr' id='par_1_54' title="bbox 2007 2425 3601 2498">
     <span class='ocr_line' id='line_1_54' title="bbox 2007 2425 3601 2498; baseline 0.003 -19"><span class='ocrx_word' id='word_1_368' title='bbox 2007 2425 2168 2481; x_wconf 82' lang='lat' dir='ltr'><strong>vobis</strong></span> <span class='ocrx_word' id='word_1_369' title='bbox 2201 2427 2491 2498; x_wconf 76' lang='lat' dir='ltr'><strong>repurgari</strong></span> <span class='ocrx_word' id='word_1_370' title='bbox 2536 2428 2740 2495; x_wconf 90' lang='lat' dir='ltr'><strong>debet;</strong></span> <span class='ocrx_word' id='word_1_371' title='bbox 2782 2438 2844 2484; x_wconf 89' lang='lat' dir='ltr'><strong>ut</strong></span> <span class='ocrx_word' id='word_1_372' title='bbox 2882 2430 2974 2485; x_wconf 87' lang='lat' dir='ltr'><strong>illa</strong></span> <span class='ocrx_word' id='word_1_373' title='bbox 3014 2445 3239 2485; x_wconf 89' lang='lat' dir='ltr'><strong>rursum</strong></span> <span class='ocrx_word' id='word_1_374' title='bbox 3283 2430 3496 2485; x_wconf 87' lang='lat' dir='ltr'><strong>directe</strong></span> <span class='ocrx_word' id='word_1_375' title='bbox 3528 2428 3601 2484; x_wconf 88' lang='lat' dir='ltr'><strong>ad</strong></span> 
     </span>
    </p>
   </div>
   <div class='ocr_carea' id='block_1_55' title="bbox 2006 2515 3597 2590">
    <p class='ocr_par' dir='ltr' id='par_1_55' title="bbox 2006 2515 3597 2590">
     <span class='ocr_line' id='line_1_55' title="bbox 2006 2515 3597 2590; baseline 0.003 -18"><span class='ocrx_word' id='word_1_376' title='bbox 2006 2515 2231 2572; x_wconf 85' lang='lat' dir='ltr'><strong>Patrum</strong></span> <span class='ocrx_word' id='word_1_377' title='bbox 2255 2518 2479 2575; x_wconf 86' lang='lat' dir='ltr'><strong>decreta</strong></span> <span class='ocrx_word' id='word_1_378' title='bbox 2501 2520 2824 2590; x_wconf 87' lang='lat' dir='ltr'><strong>respiciens,</strong></span> <span class='ocrx_word' id='word_1_379' title='bbox 2848 2522 3046 2577; x_wconf 88' lang='lat' dir='ltr'><strong>merito</strong></span> <span class='ocrx_word' id='word_1_380' title='bbox 3067 2538 3098 2577; x_wconf 90' lang='lat' dir='ltr'><strong>a</strong></span> <span class='ocrx_word' id='word_1_381' title='bbox 3119 2521 3340 2577; x_wconf 86' lang='lat' dir='ltr'><strong>Christo</strong></span> <span class='ocrx_word' id='word_1_382' title='bbox 3367 2521 3557 2577; x_wconf 87' lang='lat' dir='ltr'><strong>audiat</strong></span> <span class='ocrx_word' id='word_1_383' title='bbox 3580 2537 3597 2577; x_wconf 87' lang='lat'><strong>:</strong></span> 
     </span>
    </p>
   </div>
   <div class='ocr_carea' id='block_1_56' title="bbox 2014 2607 3604 2684">
    <p class='ocr_par' dir='ltr' id='par_1_56' title="bbox 2014 2607 3604 2684">
     <span class='ocr_line' id='line_1_56' title="bbox 2014 2607 3604 2684; baseline 0.006 -25"><span class='ocrx_word' id='word_1_384' title='bbox 2014 2627 2034 2659; x_wconf 72' lang='grc' dir='ltr'><strong>ε</strong></span> <span class='ocrx_word' id='word_1_385' title='bbox 2062 2607 2219 2665; x_wconf 90' lang='lat' dir='ltr'><strong>Oculi</strong></span> <span class='ocrx_word' id='word_1_386' title='bbox 2245 2610 2325 2666; x_wconf 91' lang='lat' dir='ltr'><strong>tui</strong></span> <span class='ocrx_word' id='word_1_387' title='bbox 2352 2611 2623 2667; x_wconf 66' lang='lat' dir='ltr'><strong>columba:</strong></span> <span class='ocrx_word' id='word_1_388' title='bbox 2644 2614 2712 2667; x_wconf 77' lang='grc'><strong>⁸⁷.</strong></span> <span class='ocrx_word' id='word_1_389' title='bbox 2744 2632 2762 2665; x_wconf 73' lang='grc' dir='ltr'><strong>ι</strong></span> <span class='ocrx_word' id='word_1_390' title='bbox 2803 2613 3005 2684; x_wconf 88' lang='lat' dir='ltr'><strong>Accepi</strong></span> <span class='ocrx_word' id='word_1_391' title='bbox 3030 2622 3086 2669; x_wconf 89' lang='lat' dir='ltr'><strong>et</strong></span> <span class='ocrx_word' id='word_1_392' title='bbox 3108 2628 3210 2684; x_wconf 93' lang='lat' dir='ltr'><strong>ego</strong></span> <span class='ocrx_word' id='word_1_393' title='bbox 3236 2628 3268 2669; x_wconf 88' lang='lat' dir='ltr'><strong>a</strong></span> <span class='ocrx_word' id='word_1_394' title='bbox 3289 2613 3385 2669; x_wconf 89' lang='lat' dir='ltr'><strong>Dei</strong></span> <span class='ocrx_word' id='word_1_395' title='bbox 3411 2628 3604 2677; x_wconf 51' lang='lat' dir='ltr'><strong>aman-g</strong></span> 
     </span>
    </p>
   </div>
   <div class='ocr_carea' id='block_1_57' title="bbox 2007 2701 3602 2777">
    <p class='ocr_par' dir='ltr' id='par_1_57' title="bbox 2007 2701 3602 2777">
     <span class='ocr_line' id='line_1_57' title="bbox 2007 2701 3602 2777; baseline 0.001 -19"><span class='ocrx_word' id='word_1_396' title='bbox 2007 2701 2242 2769; x_wconf 80' lang='lat' dir='ltr'><strong>tissime,</strong></span> <span class='ocrx_word' id='word_1_397' title='bbox 2269 2702 2365 2774; x_wconf 90' lang='lat' dir='ltr'><strong>qui</strong></span> <span class='ocrx_word' id='word_1_398' title='bbox 2392 2703 2462 2759; x_wconf 89' lang='lat' dir='ltr'><strong>ad</strong></span> <span class='ocrx_word' id='word_1_399' title='bbox 2481 2712 2787 2759; x_wconf 82' lang='lat' dir='ltr'><strong>extremam</strong></span> <span class='ocrx_word' id='word_1_400' title='bbox 2811 2704 3052 2762; x_wconf 84' lang='lat' dir='ltr'><strong>feliciter</strong></span> <span class='ocrx_word' id='word_1_401' title='bbox 3072 2705 3329 2777; x_wconf 86' lang='lat' dir='ltr'><strong>pervenit</strong></span> <span class='ocrx_word' id='word_1_402' title='bbox 3351 2712 3602 2762; x_wconf 87' lang='lat' dir='ltr'><strong>senectu-</strong></span> 
     </span>
    </p>
   </div>
   <div class='ocr_carea' id='block_1_58' title="bbox 2006 2781 3599 2875">
    <p class='ocr_par' dir='ltr' id='par_1_58' title="bbox 2006 2781 3599 2875">
     <span class='ocr_line' id='line_1_58' title="bbox 2006 2781 3599 2875; baseline 0.003 -24"><span class='ocrx_word' id='word_1_403' title='bbox 2006 2804 2140 2862; x_wconf 89' lang='lat' dir='ltr'><strong>tem,</strong></span> <span class='ocrx_word' id='word_1_404' title='bbox 2195 2796 2397 2853; x_wconf 90' lang='lat' dir='ltr'><strong>Acacio</strong></span> <span class='ocrx_word' id='word_1_405' title='bbox 2452 2781 2689 2864; x_wconf 61' lang='lat' dir='ltr'><strong>litteras,</strong></span> <span class='ocrx_word' id='word_1_406' title='bbox 2718 2797 2798 2875; x_wconf 65' lang='lat' dir='ltr'><strong>jn</strong></span> <span class='ocrx_word' id='word_1_407' title='bbox 2850 2789 3056 2868; x_wconf 88' lang='lat' dir='ltr'><strong>quibus</strong></span> <span class='ocrx_word' id='word_1_408' title='bbox 3116 2797 3599 2870; x_wconf 84' lang='lat' dir='ltr'><strong>religiosissimum</strong></span> 
     </span>
    </p>
   </div>
   <div class='ocr_carea' id='block_1_59' title="bbox 2002 2886 3597 2962">
    <p class='ocr_par' dir='ltr' id='par_1_59' title="bbox 2002 2886 3597 2962">
     <span class='ocr_line' id='line_1_59' title="bbox 2002 2886 3597 2962; baseline 0.003 -19"><span class='ocrx_word' id='word_1_409' title='bbox 2002 2886 2313 2944; x_wconf 59' lang='lat' dir='ltr'><strong>Antiochiae</strong></span> <span class='ocrx_word' id='word_1_410' title='bbox 2338 2889 2643 2945; x_wconf 87' lang='lat' dir='ltr'><strong>antistitem</strong></span> <span class='ocrx_word' id='word_1_411' title='bbox 2683 2889 2738 2944; x_wconf 91' lang='lat' dir='ltr'><strong>vi</strong></span> <span class='ocrx_word' id='word_1_412' title='bbox 2760 2898 3013 2946; x_wconf 90' lang='lat' dir='ltr'><strong>coactum</strong></span> <span class='ocrx_word' id='word_1_413' title='bbox 3041 2906 3073 2946; x_wconf 89' lang='lat' dir='ltr'><strong>a</strong></span> <span class='ocrx_word' id='word_1_414' title='bbox 3097 2891 3430 2962; x_wconf 87' lang='lat' dir='ltr'><strong>quibusdam</strong></span> <span class='ocrx_word' id='word_1_415' title='bbox 3450 2907 3597 2960; x_wconf 88' lang='lat' dir='ltr'><strong>esse,</strong></span> 
     </span>
    </p>
   </div>
   <div class='ocr_carea' id='block_1_60' title="bbox 2006 2980 3600 3056">
    <p class='ocr_par' dir='ltr' id='par_1_60' title="bbox 2006 2980 3600 3056">
     <span class='ocr_line' id='line_1_60' title="bbox 2006 2980 3600 3056; baseline 0.003 -20"><span class='ocrx_word' id='word_1_416' title='bbox 2006 2989 2069 3037; x_wconf 92' lang='lat' dir='ltr'><strong>ut</strong></span> <span class='ocrx_word' id='word_1_417' title='bbox 2092 2980 2323 3037; x_wconf 86' lang='lat' dir='ltr'><strong>Joannis</strong></span> <span class='ocrx_word' id='word_1_418' title='bbox 2354 2982 2681 3039; x_wconf 87' lang='lat' dir='ltr'><strong>memoriam</strong></span> <span class='ocrx_word' id='word_1_419' title='bbox 2711 2982 3038 3050; x_wconf 88' lang='lat' dir='ltr'><strong>celebraret,</strong></span> <span class='ocrx_word' id='word_1_420' title='bbox 3073 2992 3355 3041; x_wconf 86' lang='lat' dir='ltr'><strong>asseverat</strong></span> <span class='ocrx_word' id='word_1_421' title='bbox 3387 3001 3401 3038; x_wconf 90' lang='lat'>:</span> <span class='ocrx_word' id='word_1_422' title='bbox 3431 2993 3600 3056; x_wconf 88' lang='lat' dir='ltr'><strong>atque</strong></span> 
     </span>
    </p>
   </div>
   <div class='ocr_carea' id='block_1_61' title="bbox 2007 3073 3598 3146">
    <p class='ocr_par' dir='ltr' id='par_1_61' title="bbox 2007 3073 3598 3146">
     <span class='ocr_line' id='line_1_61' title="bbox 2007 3073 3598 3146; baseline 0.003 -17"><span class='ocrx_word' id='word_1_423' title='bbox 2007 3073 2146 3130; x_wconf 91' lang='lat' dir='ltr'><strong>illud</strong></span> <span class='ocrx_word' id='word_1_424' title='bbox 2175 3082 2446 3146; x_wconf 83' lang='lat' dir='ltr'><strong>praeterea</strong></span> <span class='ocrx_word' id='word_1_425' title='bbox 2468 3083 2658 3146; x_wconf 89' lang='lat' dir='ltr'><strong>aperte</strong></span> <span class='ocrx_word' id='word_1_426' title='bbox 2688 3087 3108 3143; x_wconf 81' lang='lat' dir='ltr'><strong>commemorat,</strong></span> <span class='ocrx_word' id='word_1_427' title='bbox 3156 3077 3314 3133; x_wconf 81' lang='lat' dir='ltr'><strong>valde</strong></span> <span class='ocrx_word' id='word_1_428' title='bbox 3350 3091 3480 3133; x_wconf 90' lang='lat' dir='ltr'><strong>eum</strong></span> <span class='ocrx_word' id='word_1_429' title='bbox 3512 3078 3598 3133; x_wconf 89' lang='lat' dir='ltr'><strong>vi-</strong></span> 
     </span>
    </p>
   </div>
   <div class='ocr_carea' id='block_1_62' title="bbox 277 3165 1903 3249">
    <p class='ocr_par' dir='ltr' id='par_1_62' title="bbox 277 3170 1903 3249">
     <span class='ocr_line' id='line_1_62' title="bbox 277 3170 1903 3249; baseline 0.001 -20"><span class='ocrx_word' id='word_1_430' title='bbox 277 3177 308 3229; x_wconf 82' lang='grc' dir='ltr'><strong>δ</strong></span> <span class='ocrx_word' id='word_1_431' title='bbox 339 3172 766 3247; x_wconf 72' lang='grc' dir='ltr'>μνημονευθεὶς</span> <span class='ocrx_word' id='word_1_432' title='bbox 805 3170 1195 3247; x_wconf 73' lang='grc' dir='ltr'>Ἀλέξανδρος,</span> <span class='ocrx_word' id='word_1_433' title='bbox 1226 3172 1324 3227; x_wconf 75' lang='grc' dir='ltr'>καὶ</span> <span class='ocrx_word' id='word_1_434' title='bbox 1367 3173 1560 3246; x_wconf 91' lang='grc' dir='ltr'>χρόνον</span> <span class='ocrx_word' id='word_1_435' title='bbox 1609 3176 1671 3229; x_wconf 89' lang='grc' dir='ltr'><strong>ού</strong></span> <span class='ocrx_word' id='word_1_436' title='bbox 1709 3176 1903 3249; x_wconf 82' lang='grc' dir='ltr'>μικρὸν</span> 
     </span>
    </p>
   </div>
   <div class='ocr_carea' id='block_1_63' title="bbox 2004 3165 3599 3249">
    <p class='ocr_par' dir='ltr' id='par_1_63' title="bbox 2007 3165 3599 3242">
     <span class='ocr_line' id='line_1_63' title="bbox 2007 3165 3599 3242; baseline 0.003 -22"><span class='ocrx_word' id='word_1_437' title='bbox 2007 3182 2132 3221; x_wconf 91' lang='lat' dir='ltr'><strong>rum</strong></span> <span class='ocrx_word' id='word_1_438' title='bbox 2157 3181 2223 3221; x_wconf 91' lang='lat' dir='ltr'><strong>ea</strong></span> <span class='ocrx_word' id='word_1_439' title='bbox 2245 3165 2304 3222; x_wconf 90' lang='lat' dir='ltr'><strong>in</strong></span> <span class='ocrx_word' id='word_1_440' title='bbox 2335 3181 2396 3221; x_wconf 91' lang='lat' dir='ltr'><strong>re</strong></span> <span class='ocrx_word' id='word_1_441' title='bbox 2420 3166 2614 3221; x_wconf 90' lang='lat' dir='ltr'><strong>dolore</strong></span> <span class='ocrx_word' id='word_1_442' title='bbox 2647 3165 2909 3223; x_wconf 77' lang='lat' dir='ltr'><strong>aﬂ‘ectum</strong></span> <span class='ocrx_word' id='word_1_443' title='bbox 2949 3167 3121 3224; x_wconf 84' lang='lat' dir='ltr'><strong>fuisse</strong></span> <span class='ocrx_word' id='word_1_444' title='bbox 3141 3209 3157 3234; x_wconf 93' lang='lat'><strong>,</strong></span> <span class='ocrx_word' id='word_1_445' title='bbox 3188 3169 3447 3239; x_wconf 83' lang='lat' dir='ltr'><strong>viamque</strong></span> <span class='ocrx_word' id='word_1_446' title='bbox 3490 3185 3599 3242; x_wconf 88' lang='lat' dir='ltr'><strong>qua</strong></span> 
     </span>
    </p>
   </div>
   <div class='ocr_carea' id='block_1_64' title="bbox 279 3262 1905 3337">
    <p class='ocr_par' dir='ltr' id='par_1_64' title="bbox 279 3262 1905 3337">
     <span class='ocr_line' id='line_1_64' title="bbox 279 3262 1905 3337; baseline 0.001 -16"><span class='ocrx_word' id='word_1_447' title='bbox 279 3263 589 3337; x_wconf 72' lang='grc' dir='ltr'>διατρίψας</span> <span class='ocrx_word' id='word_1_448' title='bbox 615 3264 828 3328; x_wconf 64' lang='grc' dir='ltr'>ἐκεῖσε,</span> <span class='ocrx_word' id='word_1_449' title='bbox 855 3263 957 3335; x_wconf 84' lang='grc' dir='ltr'><strong>οὐχ</strong></span> <span class='ocrx_word' id='word_1_450' title='bbox 990 3262 1140 3327; x_wconf 82' lang='grc' dir='ltr'>ὅπως</span> <span class='ocrx_word' id='word_1_451' title='bbox 1171 3263 1398 3335; x_wconf 78' lang='grc' dir='ltr'>ἰσχύσας</span> <span class='ocrx_word' id='word_1_452' title='bbox 1427 3265 1719 3320; x_wconf 89' lang='grc' dir='ltr'>ἀναπεῖσαί</span> <span class='ocrx_word' id='word_1_453' title='bbox 1749 3284 1905 3333; x_wconf 88' lang='grc' dir='ltr'>τινας</span> 
     </span>
    </p>
   </div>
   <div class='ocr_carea' id='block_1_65' title="bbox 284 3349 1905 3431">
    <p class='ocr_par' dir='ltr' id='par_1_65' title="bbox 284 3349 1905 3431">
     <span class='ocr_line' id='line_1_65' title="bbox 284 3349 1905 3431; baseline 0.002 -21"><span class='ocrx_word' id='word_1_454' title='bbox 284 3357 423 3430; x_wconf 71' lang='grc' dir='ltr'>πρὸς</span> <span class='ocrx_word' id='word_1_455' title='bbox 454 3355 630 3411; x_wconf 81' lang='grc' dir='ltr'>τοῦτο</span> <span class='ocrx_word' id='word_1_456' title='bbox 659 3355 947 3427; x_wconf 85' lang='grc' dir='ltr'>φαίνεται·</span> <span class='ocrx_word' id='word_1_457' title='bbox 971 3349 1053 3419; x_wconf 75' lang='grc' dir='ltr'>εἷς</span> <span class='ocrx_word' id='word_1_458' title='bbox 1076 3354 1134 3409; x_wconf 80' lang='grc' dir='ltr'>δὲ</span> <span class='ocrx_word' id='word_1_459' title='bbox 1168 3356 1518 3428; x_wconf 83' lang='grc' dir='ltr'>γραμμάτων</span> <span class='ocrx_word' id='word_1_460' title='bbox 1547 3357 1905 3431; x_wconf 81' lang='grc' dir='ltr'>διακομιστὴς</span> 
     </span>
    </p>
   </div>
   <div class='ocr_carea' id='block_1_66' title="bbox 281 3447 1903 3524">
    <p class='ocr_par' dir='ltr' id='par_1_66' title="bbox 281 3447 1903 3524">
     <span class='ocr_line' id='line_1_66' title="bbox 281 3447 1903 3524; baseline 0 -16"><span class='ocrx_word' id='word_1_461' title='bbox 281 3450 551 3507; x_wconf 73' lang='grc' dir='ltr'>τοσοῦτον</span> <span class='ocrx_word' id='word_1_462' title='bbox 577 3448 833 3521; x_wconf 76' lang='grc' dir='ltr'>ἴσχυσεν,</span> <span class='ocrx_word' id='word_1_463' title='bbox 853 3447 932 3512; x_wconf 83' lang='grc' dir='ltr'>ὡς</span> <span class='ocrx_word' id='word_1_464' title='bbox 949 3447 1334 3521; x_wconf 84' lang='grc' dir='ltr'>τεθρύλληται,</span> <span class='ocrx_word' id='word_1_465' title='bbox 1356 3449 1496 3505; x_wconf 84' lang='grc' dir='ltr'>ὥστε</span> <span class='ocrx_word' id='word_1_466' title='bbox 1513 3451 1685 3523; x_wconf 85' lang='grc' dir='ltr'>δῆμον</span> <span class='ocrx_word' id='word_1_467' title='bbox 1698 3452 1903 3524; x_wconf 75' lang='grc' dir='ltr'>ἀνάψαι</span> 
     </span>
    </p>
   </div>
   <div class='ocr_carea' id='block_1_67' title="bbox 282 3541 1904 3618">
    <p class='ocr_par' dir='ltr' id='par_1_67' title="bbox 282 3541 1904 3618">
     <span class='ocr_line' id='line_1_67' title="bbox 282 3541 1904 3618; baseline 0 -18"><span class='ocrx_word' id='word_1_468' title='bbox 282 3544 576 3611; x_wconf 81' lang='grc' dir='ltr'>τοσοῦτον,</span> <span class='ocrx_word' id='word_1_469' title='bbox 597 3543 701 3598; x_wconf 76' lang='grc' dir='ltr'><strong>καὶ</strong></span> <span class='ocrx_word' id='word_1_470' title='bbox 734 3541 1199 3614; x_wconf 86' lang='grc' dir='ltr'>κατηυνασμένην</span> <span class='ocrx_word' id='word_1_471' title='bbox 1222 3541 1482 3597; x_wconf 81' lang='grc' dir='ltr'>ὑπόθεσιν</span> <span class='ocrx_word' id='word_1_472' title='bbox 1497 3543 1679 3616; x_wconf 84' lang='grc' dir='ltr'>χρόνῳ</span> <span class='ocrx_word' id='word_1_473' title='bbox 1702 3546 1904 3618; x_wconf 87' lang='grc' dir='ltr'>μακρῷ</span> 
     </span>
    </p>
   </div>
   <div class='ocr_carea' id='block_1_68' title="bbox 284 3633 1901 3721">
    <p class='ocr_par' dir='ltr' id='par_1_68' title="bbox 284 3633 1901 3721">
     <span class='ocr_line' id='line_1_68' title="bbox 284 3633 1901 3721; baseline -0.002 -27"><span class='ocrx_word' id='word_1_474' title='bbox 284 3639 564 3711; x_wconf 82' lang='grc' dir='ltr'>διεγεῖραι</span> <span class='ocrx_word' id='word_1_475' title='bbox 591 3634 791 3721; x_wconf 59' lang='grc' dir='ltr'>πάλιν</span> <span class='ocrx_word' id='word_1_476' title='bbox 826 3634 969 3705; x_wconf 84' lang='grc' dir='ltr'>ὅπερ</span> <span class='ocrx_word' id='word_1_477' title='bbox 988 3633 1106 3687; x_wconf 79' lang='grc' dir='ltr'>ἐστὶ</span> <span class='ocrx_word' id='word_1_478' title='bbox 1137 3633 1420 3700; x_wconf 86' lang='grc' dir='ltr'>παντελῶς</span> <span class='ocrx_word' id='word_1_479' title='bbox 1451 3634 1739 3692; x_wconf 89' lang='grc' dir='ltr'>ἀπίθανον.</span> <span class='ocrx_word' id='word_1_480' title='bbox 1758 3637 1901 3692; x_wconf 83' lang='grc' dir='ltr'>Ἀλλ’</span> 
     </span>
    </p>
   </div>
   <div class='ocr_carea' id='block_1_69' title="bbox 287 3722 1902 3796">
    <p class='ocr_par' dir='ltr' id='par_1_69' title="bbox 287 3722 1902 3796">
     <span class='ocr_line' id='line_1_69' title="bbox 287 3722 1902 3796; baseline -0.001 -14"><span class='ocrx_word' id='word_1_481' title='bbox 287 3729 432 3782; x_wconf 72' lang='grc' dir='ltr'>ἔστω</span> <span class='ocrx_word' id='word_1_482' title='bbox 464 3728 576 3782; x_wconf 79' lang='grc' dir='ltr'>καὶ</span> <span class='ocrx_word' id='word_1_483' title='bbox 606 3724 773 3779; x_wconf 79' lang='grc' dir='ltr'>τοῦτο</span> <span class='ocrx_word' id='word_1_484' title='bbox 805 3724 901 3779; x_wconf 75' lang='grc' dir='ltr'>καὶ</span> <span class='ocrx_word' id='word_1_485' title='bbox 927 3723 1266 3778; x_wconf 86' lang='grc' dir='ltr'>πιστευέσθω</span> <span class='ocrx_word' id='word_1_486' title='bbox 1289 3723 1580 3796; x_wconf 80' lang='grc' dir='ltr'>γενόμενον</span> <span class='ocrx_word' id='word_1_487' title='bbox 1600 3741 1613 3754; x_wconf 83' lang='grc'><em>’</em></span> <span class='ocrx_word' id='word_1_488' title='bbox 1646 3725 1764 3779; x_wconf 86' lang='grc' dir='ltr'>ἀλλ’</span> <span class='ocrx_word' id='word_1_489' title='bbox 1783 3722 1902 3782; x_wconf 75' lang='grc' dir='ltr'>οἶδα</span> 
     </span>
    </p>
   </div>
   <div class='ocr_carea' id='block_1_70' title="bbox 286 3814 1901 3892">
    <p class='ocr_par' dir='ltr' id='par_1_70' title="bbox 286 3814 1901 3892">
     <span class='ocr_line' id='line_1_70' title="bbox 286 3814 1901 3892; baseline -0.001 -18"><span class='ocrx_word' id='word_1_490' title='bbox 286 3822 391 3892; x_wconf 79' lang='grc' dir='ltr'>τὴν</span> <span class='ocrx_word' id='word_1_491' title='bbox 412 3821 520 3891; x_wconf 79' lang='grc' dir='ltr'><strong>σὴν</strong></span> <span class='ocrx_word' id='word_1_492' title='bbox 556 3816 880 3872; x_wconf 79' lang='grc' dir='ltr'>θεοσέϐειαν</span> <span class='ocrx_word' id='word_1_493' title='bbox 912 3814 1313 3888; x_wconf 85' lang='grc' dir='ltr'>ἀριστεύουσαν</span> <span class='ocrx_word' id='word_1_494' title='bbox 1340 3816 1399 3870; x_wconf 81' lang='grc' dir='ltr'><strong>ἐν</strong></span> <span class='ocrx_word' id='word_1_495' title='bbox 1433 3816 1630 3886; x_wconf 85' lang='grc' dir='ltr'>λόγοις.</span> <span class='ocrx_word' id='word_1_496' title='bbox 1656 3817 1901 3886; x_wconf 79' lang='grc' dir='ltr'>Διδάξεις</span> 
     </span>
    </p>
   </div>
   <div class='ocr_carea' id='block_1_71' title="bbox 293 3906 1899 3983">
    <p class='ocr_par' dir='ltr' id='par_1_71' title="bbox 293 3906 1899 3983">
     <span class='ocr_line' id='line_1_71' title="bbox 293 3906 1899 3983; baseline -0.002 -15"><span class='ocrx_word' id='word_1_497' title='bbox 293 3913 516 3977; x_wconf 81' lang='grc' dir='ltr'>πάντως</span> <span class='ocrx_word' id='word_1_498' title='bbox 549 3910 626 3964; x_wconf 80' lang='grc' dir='ltr'>τὰ</span> <span class='ocrx_word' id='word_1_499' title='bbox 654 3909 850 3964; x_wconf 87' lang='grc' dir='ltr'>δέοντα</span> <span class='ocrx_word' id='word_1_500' title='bbox 882 3909 1012 3972; x_wconf 82' lang='grc' dir='ltr'>τοὺς</span> <span class='ocrx_word' id='word_1_501' title='bbox 1043 3906 1538 3979; x_wconf 83' lang='grc' dir='ltr'>τεθορυϐημένους.</span> <span class='ocrx_word' id='word_1_502' title='bbox 1575 3909 1764 3981; x_wconf 87' lang='grc' dir='ltr'>Ἔχεις</span> <span class='ocrx_word' id='word_1_503' title='bbox 1796 3911 1899 3983; x_wconf 83' lang='grc' dir='ltr'>ἀρ-</span> 
     </span>
    </p>
   </div>
   <div class='ocr_carea' id='block_1_72' title="bbox 292 4000 1896 4074">
    <p class='ocr_par' dir='ltr' id='par_1_72' title="bbox 292 4000 1896 4074">
     <span class='ocr_line' id='line_1_72' title="bbox 292 4000 1896 4074; baseline -0.003 -13"><span class='ocrx_word' id='word_1_504' title='bbox 292 4004 501 4061; x_wconf 79' lang='grc' dir='ltr'>κοῦσαν</span> <span class='ocrx_word' id='word_1_505' title='bbox 528 4003 645 4058; x_wconf 86' lang='grc' dir='ltr'><strong>τῶν</strong></span> <span class='ocrx_word' id='word_1_506' title='bbox 701 4001 868 4073; x_wconf 73' lang='grc' dir='ltr'>ἱερῶν</span> <span class='ocrx_word' id='word_1_507' title='bbox 905 4001 1281 4074; x_wconf 85' lang='grc' dir='ltr'>κηρυγμάτων</span> <span class='ocrx_word' id='word_1_508' title='bbox 1308 4000 1409 4072; x_wconf 81' lang='grc' dir='ltr'>τὴν</span> <span class='ocrx_word' id='word_1_509' title='bbox 1446 4001 1629 4073; x_wconf 83' lang='grc' dir='ltr'>χάριν.</span> <span class='ocrx_word' id='word_1_510' title='bbox 1658 4003 1896 4072; x_wconf 80' lang='grc' dir='ltr'>Πείσεις,</span> 
     </span>
    </p>
   </div>
   <div class='ocr_carea' id='block_1_73' title="bbox 290 4089 1900 4165">
    <p class='ocr_par' dir='ltr' id='par_1_73' title="bbox 290 4089 1900 4165">
     <span class='ocr_line' id='line_1_73' title="bbox 290 4089 1900 4165; baseline -0.001 -16"><span class='ocrx_word' id='word_1_511' title='bbox 290 4089 431 4160; x_wconf 78' lang='grc' dir='ltr'>οἶδα,</span> <span class='ocrx_word' id='word_1_512' title='bbox 471 4093 572 4147; x_wconf 79' lang='grc' dir='ltr'>καὶ</span> <span class='ocrx_word' id='word_1_513' title='bbox 600 4092 732 4155; x_wconf 80' lang='grc' dir='ltr'>τοὺς</span> <span class='ocrx_word' id='word_1_514' title='bbox 761 4089 1190 4156; x_wconf 82' lang='grc' dir='ltr'>εὐσεϐεστάτους</span> <span class='ocrx_word' id='word_1_515' title='bbox 1227 4089 1489 4162; x_wconf 82' lang='grc' dir='ltr'>βασιλεῖς,</span> <span class='ocrx_word' id='word_1_516' title='bbox 1515 4092 1739 4165; x_wconf 79' lang='grc' dir='ltr'>ἀγαπᾷν</span> <span class='ocrx_word' id='word_1_517' title='bbox 1774 4111 1900 4148; x_wconf 83' lang='grc' dir='ltr'>συν-</span> 
     </span>
    </p>
   </div>
   <div class='ocr_carea' id='block_1_74' title="bbox 291 4181 1899 4259">
    <p class='ocr_par' dir='ltr' id='par_1_74' title="bbox 291 4181 1899 4259">
     <span class='ocr_line' id='line_1_74' title="bbox 291 4181 1899 4259; baseline 0.001 -19"><span class='ocrx_word' id='word_1_518' title='bbox 291 4188 440 4259; x_wconf 81' lang='grc' dir='ltr'>ήθως</span> <span class='ocrx_word' id='word_1_519' title='bbox 468 4186 535 4241; x_wconf 78' lang='grc' dir='ltr'>τὸ</span> <span class='ocrx_word' id='word_1_520' title='bbox 554 4186 673 4250; x_wconf 87' lang='grc' dir='ltr'>τοῖς</span> <span class='ocrx_word' id='word_1_521' title='bbox 697 4184 891 4240; x_wconf 85' lang='grc' dir='ltr'>κανόσι</span> <span class='ocrx_word' id='word_1_522' title='bbox 909 4181 1171 4257; x_wconf 85' lang='grc' dir='ltr'>δ[οκ]οὗν.</span> <span class='ocrx_word' id='word_1_523' title='bbox 1207 4183 1472 4249; x_wconf 88' lang='grc' dir='ltr'>Εὐσεϐεῖς</span> <span class='ocrx_word' id='word_1_524' title='bbox 1492 4184 1603 4257; x_wconf 85' lang='grc' dir='ltr'><strong>γὰρ</strong></span> <span class='ocrx_word' id='word_1_525' title='bbox 1623 4184 1775 4251; x_wconf 73' lang='grc' dir='ltr'>ὄντες</span> <span class='ocrx_word' id='word_1_526' title='bbox 1801 4187 1899 4242; x_wconf 77' lang='grc' dir='ltr'>καὶ</span> 
     </span>
    </p>
   </div>
   <div class='ocr_carea' id='block_1_75' title="bbox 291 4276 1897 4353">
    <p class='ocr_par' dir='ltr' id='par_1_75' title="bbox 291 4276 1897 4353">
     <span class='ocr_line' id='line_1_75' title="bbox 291 4276 1897 4353; baseline 0 -18"><span class='ocrx_word' id='word_1_527' title='bbox 291 4281 664 4353; x_wconf 71' lang='grc' dir='ltr'>φιλόχριστοι,</span> <span class='ocrx_word' id='word_1_528' title='bbox 695 4277 922 4348; x_wconf 81' lang='grc' dir='ltr'>θεσμοῖς</span> <span class='ocrx_word' id='word_1_529' title='bbox 974 4276 1129 4341; x_wconf 73' lang='grc' dir='ltr'>ἰδίοις</span> <span class='ocrx_word' id='word_1_530' title='bbox 1170 4276 1529 4349; x_wconf 75' lang='grc' dir='ltr'>ὲπιτρέψουσι</span> <span class='ocrx_word' id='word_1_531' title='bbox 1575 4278 1897 4335; x_wconf 88' lang='grc' dir='ltr'>διοικεῖσθαι</span> 
     </span>
    </p>
   </div>
   <div class='ocr_carea' id='block_1_76' title="bbox 288 4365 1898 4441">
    <p class='ocr_par' dir='ltr' id='par_1_76' title="bbox 288 4365 1898 4441">
     <span class='ocr_line' id='line_1_76' title="bbox 288 4365 1898 4441; baseline 0.001 -20"><span class='ocrx_word' id='word_1_532' title='bbox 288 4370 386 4427; x_wconf 75' lang='grc' dir='ltr'>τὰς</span> <span class='ocrx_word' id='word_1_533' title='bbox 413 4368 784 4439; x_wconf 86' lang='grc' dir='ltr'>Ἐκκλησίας,</span> <span class='ocrx_word' id='word_1_534' title='bbox 803 4365 1018 4439; x_wconf 76' lang='grc' dir='ltr'>καὶτῆς</span> <span class='ocrx_word' id='word_1_535' title='bbox 1039 4365 1303 4438; x_wconf 80' lang='grc' dir='ltr'>πατρῴας</span> <span class='ocrx_word' id='word_1_536' title='bbox 1330 4368 1537 4440; x_wconf 80' lang='grc' dir='ltr'>ἀρετῆς</span> <span class='ocrx_word' id='word_1_537' title='bbox 1559 4367 1898 4441; x_wconf 81' lang='grc' dir='ltr'>ὑπάρχοντες</span> 
     </span>
    </p>
   </div>
   <div class='ocr_carea' id='block_1_77' title="bbox 287 4455 1895 4531">
    <p class='ocr_par' dir='ltr' id='par_1_77' title="bbox 287 4455 1895 4531">
     <span class='ocr_line' id='line_1_77' title="bbox 287 4455 1895 4531; baseline -0.001 -19"><span class='ocrx_word' id='word_1_538' title='bbox 287 4460 564 4531; x_wconf 77' lang='grc' dir='ltr'>ζηλωταὶ,</span> <span class='ocrx_word' id='word_1_539' title='bbox 589 4457 665 4512; x_wconf 80' lang='grc' dir='ltr'>τὰ</span> <span class='ocrx_word' id='word_1_540' title='bbox 686 4457 916 4513; x_wconf 73' lang='grc' dir='ltr'>ἐκείνων</span> <span class='ocrx_word' id='word_1_541' title='bbox 950 4455 1309 4529; x_wconf 83' lang='grc' dir='ltr'>μιμήσονται.</span> <span class='ocrx_word' id='word_1_542' title='bbox 1350 4456 1444 4527; x_wconf 83' lang='grc' dir='ltr'><strong>Μὴ</strong></span> <span class='ocrx_word' id='word_1_543' title='bbox 1480 4455 1761 4511; x_wconf 82' lang='grc' dir='ltr'>ταττέσθω</span> <span class='ocrx_word' id='word_1_544' title='bbox 1784 4474 1895 4512; x_wconf 83' lang='grc' dir='ltr'>τοι-</span> 
     </span>
    </p>
   </div>
   <div class='ocr_carea' id='block_1_78' title="bbox 2009 3257 3602 3331">
    <p class='ocr_par' dir='ltr' id='par_1_78' title="bbox 2009 3257 3602 3331">
     <span class='ocr_line' id='line_1_78' title="bbox 2009 3257 3602 3331; baseline 0.003 -19"><span class='ocrx_word' id='word_1_545' title='bbox 2009 3272 2041 3312; x_wconf 92' lang='lat' dir='ltr'><strong>a</strong></span> <span class='ocrx_word' id='word_1_546' title='bbox 2064 3266 2175 3312; x_wconf 90' lang='lat' dir='ltr'><strong>tam</strong></span> <span class='ocrx_word' id='word_1_547' title='bbox 2203 3257 2493 3329; x_wconf 83' lang='lat' dir='ltr'><strong>praefracta</strong></span> <span class='ocrx_word' id='word_1_548' title='bbox 2533 3257 2765 3315; x_wconf 89' lang='lat' dir='ltr'><strong>audacia</strong></span> <span class='ocrx_word' id='word_1_549' title='bbox 2804 3259 3140 3316; x_wconf 90' lang='lat' dir='ltr'><strong>liberaretur</strong></span> <span class='ocrx_word' id='word_1_550' title='bbox 3181 3262 3466 3331; x_wconf 86' lang='lat' dir='ltr'><strong>quaesiisse</strong></span> <span class='ocrx_word' id='word_1_551' title='bbox 3496 3281 3510 3317; x_wconf 90' lang='lat'><strong>:</strong></span> <span class='ocrx_word' id='word_1_552' title='bbox 3543 3271 3602 3319; x_wconf 91' lang='lat' dir='ltr'><strong>et</strong></span> 
     </span>
    </p>
   </div>
   <div class='ocr_carea' id='block_1_79' title="bbox 2003 3348 3598 3423">
    <p class='ocr_par' dir='ltr' id='par_1_79' title="bbox 2003 3348 3598 3423">
     <span class='ocr_line' id='line_1_79' title="bbox 2003 3348 3598 3423; baseline 0.001 -15"><span class='ocrx_word' id='word_1_553' title='bbox 2003 3351 2222 3408; x_wconf 89' lang='lat' dir='ltr'><strong>litteras</strong></span> <span class='ocrx_word' id='word_1_554' title='bbox 2255 3351 2359 3407; x_wconf 88' lang='lat' dir='ltr'><strong>hac</strong></span> <span class='ocrx_word' id='word_1_555' title='bbox 2383 3351 2452 3406; x_wconf 89' lang='lat' dir='ltr'><strong>de</strong></span> <span class='ocrx_word' id='word_1_556' title='bbox 2478 3366 2642 3407; x_wconf 87' lang='lat' dir='ltr'><strong>causa</strong></span> <span class='ocrx_word' id='word_1_557' title='bbox 2668 3366 2701 3407; x_wconf 89' lang='lat' dir='ltr'><strong>a</strong></span> <span class='ocrx_word' id='word_1_558' title='bbox 2730 3352 2896 3408; x_wconf 89' lang='lat' dir='ltr'><strong>nobis</strong></span> <span class='ocrx_word' id='word_1_559' title='bbox 2924 3360 2981 3408; x_wconf 88' lang='lat' dir='ltr'><strong>et</strong></span> <span class='ocrx_word' id='word_1_560' title='bbox 3008 3353 3215 3423; x_wconf 88' lang='lat' dir='ltr'><strong>pietate</strong></span> <span class='ocrx_word' id='word_1_561' title='bbox 3242 3348 3359 3420; x_wconf 88' lang='lat' dir='ltr'><strong>tua,</strong></span> <span class='ocrx_word' id='word_1_562' title='bbox 3404 3369 3475 3409; x_wconf 91' lang='lat' dir='ltr'><strong>ne</strong></span> <span class='ocrx_word' id='word_1_563' title='bbox 3519 3354 3598 3411; x_wconf 85' lang='lat' dir='ltr'><strong>si-</strong></span> 
     </span>
    </p>
   </div>
   <div class='ocr_carea' id='block_1_80' title="bbox 2004 3443 3597 3516">
    <p class='ocr_par' dir='ltr' id='par_1_80' title="bbox 2004 3443 3597 3516">
     <span class='ocr_line' id='line_1_80' title="bbox 2004 3443 3597 3516; baseline 0.002 -17"><span class='ocrx_word' id='word_1_564' title='bbox 2004 3444 2121 3499; x_wconf 91' lang='lat' dir='ltr'><strong>mul</strong></span> <span class='ocrx_word' id='word_1_565' title='bbox 2149 3459 2275 3499; x_wconf 92' lang='lat' dir='ltr'><strong>cum</strong></span> <span class='ocrx_word' id='word_1_566' title='bbox 2301 3444 2635 3516; x_wconf 85' lang='lat' dir='ltr'><strong>quibusdam</strong></span> <span class='ocrx_word' id='word_1_567' title='bbox 2682 3443 2740 3499; x_wconf 92' lang='lat' dir='ltr'><strong>in</strong></span> <span class='ocrx_word' id='word_1_568' title='bbox 2779 3444 3037 3501; x_wconf 90' lang='lat' dir='ltr'><strong>eumdem</strong></span> <span class='ocrx_word' id='word_1_569' title='bbox 3073 3461 3321 3501; x_wconf 88' lang='lat' dir='ltr'><strong>errorem</strong></span> <span class='ocrx_word' id='word_1_570' title='bbox 3358 3447 3597 3503; x_wconf 87' lang='lat' dir='ltr'><strong>ducere-</strong></span> 
     </span>
    </p>
   </div>
   <div class='ocr_carea' id='block_1_81' title="bbox 2004 3535 3594 3609">
    <p class='ocr_par' dir='ltr' id='par_1_81' title="bbox 2004 3535 3594 3609">
     <span class='ocr_line' id='line_1_81' title="bbox 2004 3535 3594 3609; baseline 0.003 -19"><span class='ocrx_word' id='word_1_571' title='bbox 2004 3544 2116 3603; x_wconf 91' lang='lat' dir='ltr'><strong>tur,</strong></span> <span class='ocrx_word' id='word_1_572' title='bbox 2146 3550 2285 3591; x_wconf 91' lang='lat' dir='ltr'><strong>neve</strong></span> <span class='ocrx_word' id='word_1_573' title='bbox 2315 3535 2657 3609; x_wconf 88' lang='lat' dir='ltr'><strong>ejuscemodi</strong></span> <span class='ocrx_word' id='word_1_574' title='bbox 2692 3536 2924 3593; x_wconf 89' lang='lat' dir='ltr'><strong>consilia</strong></span> <span class='ocrx_word' id='word_1_575' title='bbox 2970 3537 3309 3609; x_wconf 76' lang='lat' dir='ltr'><strong>agitantibus</strong></span> <span class='ocrx_word' id='word_1_576' title='bbox 3349 3540 3594 3607; x_wconf 90' lang='lat' dir='ltr'><strong>cederet,</strong></span> 
     </span>
    </p>
   </div>
   <div class='ocr_carea' id='block_1_82' title="bbox 2003 3627 3598 3699">
    <p class='ocr_par' dir='ltr' id='par_1_82' title="bbox 2003 3627 3598 3699">
     <span class='ocr_line' id='line_1_82' title="bbox 2003 3627 3598 3699; baseline 0.003 -17"><span class='ocrx_word' id='word_1_577' title='bbox 2003 3627 2301 3698; x_wconf 85' lang='lat' dir='ltr'><strong>impetrare</strong></span> <span class='ocrx_word' id='word_1_578' title='bbox 2320 3627 2582 3684; x_wconf 91' lang='lat' dir='ltr'><strong>voluisse.</strong></span> <span class='ocrx_word' id='word_1_579' title='bbox 2608 3627 2680 3682; x_wconf 92' lang='lat' dir='ltr'><strong>At</strong></span> <span class='ocrx_word' id='word_1_580' title='bbox 2709 3642 2831 3694; x_wconf 90' lang='lat' dir='ltr'><strong>nos,</strong></span> <span class='ocrx_word' id='word_1_581' title='bbox 2859 3628 2955 3699; x_wconf 91' lang='lat' dir='ltr'><strong>qui</strong></span> <span class='ocrx_word' id='word_1_582' title='bbox 2978 3629 3047 3684; x_wconf 91' lang='lat' dir='ltr'><strong>ad</strong></span> <span class='ocrx_word' id='word_1_583' title='bbox 3072 3645 3262 3685; x_wconf 90' lang='lat' dir='ltr'><strong>curam</strong></span> <span class='ocrx_word' id='word_1_584' title='bbox 3288 3642 3344 3688; x_wconf 91' lang='lat' dir='ltr'><strong>et</strong></span> <span class='ocrx_word' id='word_1_585' title='bbox 3367 3631 3598 3686; x_wconf 88' lang='lat' dir='ltr'><strong>medici-</strong></span> 
     </span>
    </p>
   </div>
   <div class='ocr_carea' id='block_1_83' title="bbox 2000 3717 3592 3801">
    <p class='ocr_par' dir='ltr' id='par_1_83' title="bbox 2000 3717 3592 3801">
     <span class='ocr_line' id='line_1_83' title="bbox 2000 3717 3592 3801; baseline 0.005 -29"><span class='ocrx_word' id='word_1_586' title='bbox 2000 3733 2130 3773; x_wconf 89' lang='lat' dir='ltr'><strong>nam</strong></span> <span class='ocrx_word' id='word_1_587' title='bbox 2160 3717 2467 3774; x_wconf 90' lang='lat' dir='ltr'><strong>faciendam</strong></span> <span class='ocrx_word' id='word_1_588' title='bbox 2502 3720 2684 3776; x_wconf 85' lang='lat' dir='ltr'><strong>vocati</strong></span> <span class='ocrx_word' id='word_1_589' title='bbox 2725 3735 2918 3777; x_wconf 90' lang='lat' dir='ltr'><strong>sumus</strong></span> <span class='ocrx_word' id='word_1_590' title='bbox 2953 3721 3060 3794; x_wconf 91' lang='lat' dir='ltr'><strong>(da</strong></span> <span class='ocrx_word' id='word_1_591' title='bbox 3097 3722 3246 3777; x_wconf 90' lang='lat' dir='ltr'><strong>enim</strong></span> <span class='ocrx_word' id='word_1_592' title='bbox 3291 3723 3398 3780; x_wconf 90' lang='lat' dir='ltr'><strong>hoc</strong></span> <span class='ocrx_word' id='word_1_593' title='bbox 3432 3724 3592 3801; x_wconf 85' lang='lat' dir='ltr'><strong>mihi,</strong></span> 
     </span>
    </p>
   </div>
   <div class='ocr_carea' id='block_1_84' title="bbox 2004 3812 3595 3887">
    <p class='ocr_par' dir='ltr' id='par_1_84' title="bbox 2004 3812 3595 3887">
     <span class='ocr_line' id='line_1_84' title="bbox 2004 3812 3595 3887; baseline 0.005 -22"><span class='ocrx_word' id='word_1_594' title='bbox 2004 3820 2065 3866; x_wconf 92' lang='lat' dir='ltr'><strong>ut</strong></span> <span class='ocrx_word' id='word_1_595' title='bbox 2088 3826 2192 3882; x_wconf 91' lang='lat' dir='ltr'><strong>pro</strong></span> <span class='ocrx_word' id='word_1_596' title='bbox 2229 3812 2399 3867; x_wconf 90' lang='lat' dir='ltr'><strong>animi</strong></span> <span class='ocrx_word' id='word_1_597' title='bbox 2429 3813 2539 3869; x_wconf 89' lang='lat' dir='ltr'><strong>mei</strong></span> <span class='ocrx_word' id='word_1_598' title='bbox 2572 3813 2767 3872; x_wconf 88' lang='lat' dir='ltr'><strong>dolore</strong></span> <span class='ocrx_word' id='word_1_599' title='bbox 2800 3815 2978 3871; x_wconf 89' lang='lat' dir='ltr'><strong>libere</strong></span> <span class='ocrx_word' id='word_1_600' title='bbox 3018 3815 3206 3872; x_wconf 88' lang='lat' dir='ltr'><strong>dicere</strong></span> <span class='ocrx_word' id='word_1_601' title='bbox 3235 3816 3491 3887; x_wconf 89' lang='lat' dir='ltr'><strong>possim),</strong></span> <span class='ocrx_word' id='word_1_602' title='bbox 3524 3832 3595 3873; x_wconf 84' lang='lat' dir='ltr'><strong>ne</strong></span> 
     </span>
    </p>
   </div>
   <div class='ocr_carea' id='block_1_85' title="bbox 2000 3900 3593 3977">
    <p class='ocr_par' dir='ltr' id='par_1_85' title="bbox 2000 3900 3593 3977">
     <span class='ocr_line' id='line_1_85' title="bbox 2000 3900 3593 3977; baseline 0.006 -24"><span class='ocrx_word' id='word_1_603' title='bbox 2000 3900 2247 3955; x_wconf 89' lang='lat' dir='ltr'><strong>accessio</strong></span> <span class='ocrx_word' id='word_1_604' title='bbox 2290 3902 2583 3956; x_wconf 87' lang='lat' dir='ltr'><strong>vulnerum</strong></span> <span class='ocrx_word' id='word_1_605' title='bbox 2630 3901 2849 3969; x_wconf 87' lang='lat' dir='ltr'><strong>ﬁamus,</strong></span> <span class='ocrx_word' id='word_1_606' title='bbox 2892 3904 2991 3960; x_wconf 89' lang='lat' dir='ltr'><strong>sed</strong></span> <span class='ocrx_word' id='word_1_607' title='bbox 3034 3905 3223 3975; x_wconf 90' lang='lat' dir='ltr'><strong>potius</strong></span> <span class='ocrx_word' id='word_1_608' title='bbox 3273 3905 3593 3977; x_wconf 88' lang='lat' dir='ltr'><strong>opinionem</strong></span> 
     </span>
    </p>
   </div>
   <div class='ocr_carea' id='block_1_86' title="bbox 1998 3994 3593 4063">
    <p class='ocr_par' dir='ltr' id='par_1_86' title="bbox 1998 3994 3593 4063">
     <span class='ocr_line' id='line_1_86' title="bbox 1998 3994 3593 4063; baseline 0.004 -15"><span class='ocrx_word' id='word_1_609' title='bbox 1998 4008 2143 4057; x_wconf 89' lang='lat' dir='ltr'><strong>eam,</strong></span> <span class='ocrx_word' id='word_1_610' title='bbox 2178 4008 2286 4063; x_wconf 88' lang='lat' dir='ltr'><strong>qua</strong></span> <span class='ocrx_word' id='word_1_611' title='bbox 2319 3994 2687 4050; x_wconf 90' lang='lat' dir='ltr'><strong>temeritatem</strong></span> <span class='ocrx_word' id='word_1_612' title='bbox 2734 3994 2971 4051; x_wconf 89' lang='lat' dir='ltr'><strong>aliorum</strong></span> <span class='ocrx_word' id='word_1_613' title='bbox 3017 3997 3195 4053; x_wconf 90' lang='lat' dir='ltr'><strong>secuti</strong></span> <span class='ocrx_word' id='word_1_614' title='bbox 3244 4013 3367 4053; x_wconf 89' lang='lat' dir='ltr'><strong>esse</strong></span> <span class='ocrx_word' id='word_1_615' title='bbox 3414 3999 3593 4055; x_wconf 87' lang='lat' dir='ltr'><strong>videri</strong></span> 
     </span>
    </p>
   </div>
   <div class='ocr_carea' id='block_1_87' title="bbox 1997 4084 3592 4162">
    <p class='ocr_par' dir='ltr' id='par_1_87' title="bbox 1997 4084 3592 4162">
     <span class='ocr_line' id='line_1_87' title="bbox 1997 4084 3592 4162; baseline 0.006 -23"><span class='ocrx_word' id='word_1_616' title='bbox 1997 4084 2296 4156; x_wconf 90' lang='lat' dir='ltr'><strong>possimus,</strong></span> <span class='ocrx_word' id='word_1_617' title='bbox 2329 4085 2625 4158; x_wconf 82' lang='lat' dir='ltr'><strong>fugiamus.</strong></span> <span class='ocrx_word' id='word_1_618' title='bbox 2657 4087 2912 4144; x_wconf 90' lang='lat' dir='ltr'><strong>Demiror</strong></span> <span class='ocrx_word' id='word_1_619' title='bbox 2948 4104 3084 4145; x_wconf 89' lang='lat' dir='ltr'><strong>vero</strong></span> <span class='ocrx_word' id='word_1_620' title='bbox 3111 4089 3218 4145; x_wconf 90' lang='lat' dir='ltr'><strong>hoc</strong></span> <span class='ocrx_word' id='word_1_621' title='bbox 3261 4106 3504 4162; x_wconf 90' lang='lat' dir='ltr'><strong>quoque,</strong></span> <span class='ocrx_word' id='word_1_622' title='bbox 3545 4093 3592 4148; x_wconf 91' lang='lat' dir='ltr'><strong>si</strong></span> 
     </span>
    </p>
   </div>
   <div class='ocr_carea' id='block_1_88' title="bbox 1997 4166 3594 4255">
    <p class='ocr_par' dir='ltr' id='par_1_88' title="bbox 1997 4166 3594 4255">
     <span class='ocr_line' id='line_1_88' title="bbox 1997 4166 3594 4255; baseline 0.004 -23"><span class='ocrx_word' id='word_1_623' title='bbox 1997 4176 2330 4245; x_wconf 77' lang='lat' dir='ltr'><strong>Alexander,</strong></span> <span class='ocrx_word' id='word_1_624' title='bbox 2354 4195 2519 4249; x_wconf 93' lang='lat' dir='ltr'><strong>quem</strong></span> <span class='ocrx_word' id='word_1_625' title='bbox 2548 4179 2811 4246; x_wconf 78' lang='lat' dir='ltr'><strong>diximus,</strong></span> <span class='ocrx_word' id='word_1_626' title='bbox 2846 4188 2955 4236; x_wconf 89' lang='lat' dir='ltr'><strong>tam</strong></span> <span class='ocrx_word' id='word_1_627' title='bbox 2986 4181 3054 4237; x_wconf 89' lang='lat' dir='ltr'><strong>ad</strong></span> <span class='ocrx_word' id='word_1_628' title='bbox 3084 4181 3382 4238; x_wconf 88' lang='lat' dir='ltr'><strong>dicendum</strong></span> <span class='ocrx_word' id='word_1_629' title='bbox 3407 4166 3594 4255; x_wconf 86' lang='lat' dir='ltr'><strong>prom-</strong></span> 
     </span>
    </p>
   </div>
   <div class='ocr_carea' id='block_1_89' title="bbox 1995 4270 3590 4343">
    <p class='ocr_par' dir='ltr' id='par_1_89' title="bbox 1995 4270 3590 4343">
     <span class='ocr_line' id='line_1_89' title="bbox 1995 4270 3590 4343; baseline 0.004 -19"><span class='ocrx_word' id='word_1_630' title='bbox 1995 4277 2125 4341; x_wconf 90' lang='lat' dir='ltr'><strong>ptus</strong></span> <span class='ocrx_word' id='word_1_631' title='bbox 2152 4279 2208 4325; x_wconf 88' lang='lat' dir='ltr'><strong>et</strong></span> <span class='ocrx_word' id='word_1_632' title='bbox 2229 4270 2504 4341; x_wconf 81' lang='lat' dir='ltr'><strong>cepiosus,</strong></span> <span class='ocrx_word' id='word_1_633' title='bbox 2536 4280 2592 4326; x_wconf 91' lang='lat' dir='ltr'><strong>et</strong></span> <span class='ocrx_word' id='word_1_634' title='bbox 2617 4271 2713 4341; x_wconf 89' lang='lat' dir='ltr'><strong>qui</strong></span> <span class='ocrx_word' id='word_1_635' title='bbox 2753 4287 2862 4326; x_wconf 90' lang='lat' dir='ltr'><strong>non</strong></span> <span class='ocrx_word' id='word_1_636' title='bbox 2907 4287 3078 4342; x_wconf 85' lang='lat' dir='ltr'><strong>parvo</strong></span> <span class='ocrx_word' id='word_1_637' title='bbox 3107 4281 3353 4343; x_wconf 89' lang='lat' dir='ltr'><strong>tempore</strong></span> <span class='ocrx_word' id='word_1_638' title='bbox 3399 4275 3590 4331; x_wconf 88' lang='lat' dir='ltr'><strong>vobis-</strong></span> 
     </span>
    </p>
   </div>
   <div class='ocr_carea' id='block_1_90' title="bbox 1996 4362 3588 4433">
    <p class='ocr_par' dir='ltr' id='par_1_90' title="bbox 1996 4362 3588 4433">
     <span class='ocr_line' id='line_1_90' title="bbox 1996 4362 3588 4433; baseline 0.003 -16"><span class='ocrx_word' id='word_1_639' title='bbox 1996 4376 2122 4417; x_wconf 90' lang='lat' dir='ltr'><strong>cum</strong></span> <span class='ocrx_word' id='word_1_640' title='bbox 2154 4362 2325 4417; x_wconf 88' lang='lat' dir='ltr'><strong>isthic</strong></span> <span class='ocrx_word' id='word_1_641' title='bbox 2372 4371 2626 4417; x_wconf 87' lang='lat' dir='ltr'><strong>versatus</strong></span> <span class='ocrx_word' id='word_1_642' title='bbox 2657 4363 2750 4428; x_wconf 89' lang='lat' dir='ltr'><strong>sit,</strong></span> <span class='ocrx_word' id='word_1_643' title='bbox 2787 4363 3002 4433; x_wconf 90' lang='lat' dir='ltr'><strong>aliquos</strong></span> <span class='ocrx_word' id='word_1_644' title='bbox 3033 4363 3102 4418; x_wconf 90' lang='lat' dir='ltr'><strong>ad</strong></span> <span class='ocrx_word' id='word_1_645' title='bbox 3134 4363 3279 4419; x_wconf 86' lang='lat' dir='ltr'><strong>hanc</strong></span> <span class='ocrx_word' id='word_1_646' title='bbox 3312 4380 3428 4420; x_wconf 89' lang='lat' dir='ltr'><strong>rem</strong></span> <span class='ocrx_word' id='word_1_647' title='bbox 3458 4381 3588 4422; x_wconf 88' lang='lat' dir='ltr'><strong>sua-</strong></span> 
     </span>
    </p>
   </div>
   <div class='ocr_carea' id='block_1_91' title="bbox 1996 4451 3587 4527">
    <p class='ocr_par' dir='ltr' id='par_1_91' title="bbox 1996 4451 3587 4527">
     <span class='ocr_line' id='line_1_91' title="bbox 1996 4451 3587 4527; baseline 0.004 -20"><span class='ocrx_word' id='word_1_648' title='bbox 1996 4452 2151 4508; x_wconf 91' lang='lat' dir='ltr'><strong>sione</strong></span> <span class='ocrx_word' id='word_1_649' title='bbox 2177 4468 2277 4508; x_wconf 91' lang='lat' dir='ltr'><strong>sua</strong></span> <span class='ocrx_word' id='word_1_650' title='bbox 2310 4451 2587 4509; x_wconf 88' lang='lat' dir='ltr'><strong>adducere</strong></span> <span class='ocrx_word' id='word_1_651' title='bbox 2624 4468 2735 4508; x_wconf 90' lang='lat' dir='ltr'><strong>non</strong></span> <span class='ocrx_word' id='word_1_652' title='bbox 2767 4454 3015 4524; x_wconf 87' lang='lat' dir='ltr'><strong>potuisse</strong></span> <span class='ocrx_word' id='word_1_653' title='bbox 3058 4454 3211 4510; x_wconf 90' lang='lat' dir='ltr'><strong>visus</strong></span> <span class='ocrx_word' id='word_1_654' title='bbox 3250 4462 3371 4521; x_wconf 88' lang='lat' dir='ltr'><strong>est,</strong></span> <span class='ocrx_word' id='word_1_655' title='bbox 3420 4472 3587 4527; x_wconf 87' lang='lat' dir='ltr'><strong>quam</strong></span> 
     </span>
    </p>
   </div>
   <div class='ocr_carea' id='block_1_92' title="bbox 284 4538 1903 4623">
    <p class='ocr_par' dir='ltr' id='par_1_92' title="bbox 284 4545 1897 4623">
     <span class='ocr_line' id='line_1_92' title="bbox 284 4545 1897 4623; baseline -0.002 -18"><span class='ocrx_word' id='word_1_656' title='bbox 284 4551 501 4623; x_wconf 80' lang='grc' dir='ltr'>γαροῦν</span> <span class='ocrx_word' id='word_1_657' title='bbox 523 4551 554 4605; x_wconf 85' lang='grc' dir='ltr'>ὁ</span> <span class='ocrx_word' id='word_1_658' title='bbox 587 4546 997 4619; x_wconf 75' lang='grc' dir='ltr'>ἐκϐεϐλημένος</span> <span class='ocrx_word' id='word_1_659' title='bbox 1049 4546 1305 4619; x_wconf 83' lang='grc' dir='ltr'>Ἰεχονίας</span> <span class='ocrx_word' id='word_1_660' title='bbox 1338 4545 1480 4618; x_wconf 87' lang='grc' dir='ltr'><strong>μετά</strong></span> <span class='ocrx_word' id='word_1_661' title='bbox 1511 4547 1678 4602; x_wconf 88' lang='grc' dir='ltr'>Δαϐίδ</span> <span class='ocrx_word' id='word_1_662' title='bbox 1712 4565 1773 4601; x_wconf 90' lang='grc' dir='ltr'><strong>τε</strong></span> <span class='ocrx_word' id='word_1_663' title='bbox 1802 4548 1897 4602; x_wconf 76' lang='grc' dir='ltr'><strong>καὶ</strong></span> 
     </span>
    </p>
   </div>
   <div class='ocr_carea' id='block_1_93' title="bbox 2004 4538 3588 4623">
    <p class='ocr_par' dir='ltr' id='par_1_93' title="bbox 2004 4545 3588 4615">
     <span class='ocr_line' id='line_1_93' title="bbox 2004 4545 3588 4615; baseline 0.004 -14"><span class='ocrx_word' id='word_1_664' title='bbox 2004 4546 2317 4602; x_wconf 88' lang='lat' dir='ltr'><strong>tabellarius</strong></span> <span class='ocrx_word' id='word_1_665' title='bbox 2353 4560 2499 4602; x_wconf 87' lang='lat' dir='ltr'><strong>unus</strong></span> <span class='ocrx_word' id='word_1_666' title='bbox 2541 4545 2758 4603; x_wconf 72' lang='lat' dir='ltr'><strong>efﬁcere</strong></span> <span class='ocrx_word' id='word_1_667' title='bbox 2794 4555 3030 4615; x_wconf 86' lang='lat' dir='ltr'><strong>tantum,</strong></span> <span class='ocrx_word' id='word_1_668' title='bbox 3060 4547 3224 4604; x_wconf 86' lang='lat' dir='ltr'><strong>sicuti</strong></span> <span class='ocrx_word' id='word_1_669' title='bbox 3268 4551 3588 4607; x_wconf 87' lang='lat' dir='ltr'><strong>rumoribus</strong></span> 
     </span>
    </p>
   </div>
   <div class='ocr_carea' id='block_1_94' title="bbox 281 4629 1892 4716">
    <p class='ocr_par' dir='ltr' id='par_1_94' title="bbox 281 4629 1892 4716">
     <span class='ocr_line' id='line_1_94' title="bbox 281 4629 1892 4716; baseline -0.002 -17"><span class='ocrx_word' id='word_1_670' title='bbox 281 4640 555 4716; x_wconf 81' lang='grc' dir='ltr'>Σαμουὴλ</span> <span class='ocrx_word' id='word_1_671' title='bbox 582 4640 694 4695; x_wconf 86' lang='grc' dir='ltr'><strong>τῶν</strong></span> <span class='ocrx_word' id='word_1_672' title='bbox 716 4638 1013 4712; x_wconf 86' lang='grc' dir='ltr'>προφητῶν</span> <span class='ocrx_word' id='word_1_673' title='bbox 1033 4654 1047 4669; x_wconf 82' lang='lat'>&#39;</span> <span class='ocrx_word' id='word_1_674' title='bbox 1078 4637 1217 4710; x_wconf 87' lang='grc' dir='ltr'>μηδὲ</span> <span class='ocrx_word' id='word_1_675' title='bbox 1257 4638 1314 4692; x_wconf 83' lang='grc' dir='ltr'><strong>εί</strong></span> <span class='ocrx_word' id='word_1_676' title='bbox 1352 4629 1496 4695; x_wconf 75' lang='grc' dir='ltr'>τισίν</span> <span class='ocrx_word' id='word_1_677' title='bbox 1523 4640 1725 4707; x_wconf 85' lang='grc' dir='ltr'>ἀδίκως</span> <span class='ocrx_word' id='word_1_678' title='bbox 1744 4639 1892 4708; x_wconf 79' lang='grc' dir='ltr'>εδοξε</span> 
     </span>
    </p>
   </div>
   <div class='ocr_carea' id='block_1_95' title="bbox 280 4729 1890 4801">
    <p class='ocr_par' dir='ltr' id='par_1_95' title="bbox 280 4729 1890 4801">
     <span class='ocr_line' id='line_1_95' title="bbox 280 4729 1890 4801; baseline -0.004 -10"><span class='ocrx_word' id='word_1_679' title='bbox 280 4736 345 4791; x_wconf 68' lang='grc' dir='ltr'>τὸ</span> <span class='ocrx_word' id='word_1_680' title='bbox 373 4732 640 4798; x_wconf 81' lang='grc' dir='ltr'>Εύδοξίου</span> <span class='ocrx_word' id='word_1_681' title='bbox 670 4730 925 4801; x_wconf 77' lang='grc' dir='ltr'>λείψανον</span> <span class='ocrx_word' id='word_1_682' title='bbox 946 4730 1004 4784; x_wconf 80' lang='grc' dir='ltr'><strong>ὲν</strong></span> <span class='ocrx_word' id='word_1_683' title='bbox 1041 4729 1229 4795; x_wconf 81' lang='grc' dir='ltr'>αὐτοῖς</span> <span class='ocrx_word' id='word_1_684' title='bbox 1263 4729 1653 4786; x_wconf 84' lang='grc' dir='ltr'>ἀποτεθεῖσθαι</span> <span class='ocrx_word' id='word_1_685' title='bbox 1680 4731 1890 4796; x_wconf 78' lang='grc' dir='ltr'>τόποιςο</span> 
     </span>
    </p>
   </div>
   <div class='ocr_carea' id='block_1_96' title="bbox 277 4822 1886 4898">
    <p class='ocr_par' dir='ltr' id='par_1_96' title="bbox 277 4822 1886 4898">
     <span class='ocr_line' id='line_1_96' title="bbox 277 4822 1886 4898; baseline -0.002 -15"><span class='ocrx_word' id='word_1_686' title='bbox 277 4828 371 4883; x_wconf 75' lang='grc' dir='ltr'>διὰ</span> <span class='ocrx_word' id='word_1_687' title='bbox 401 4826 576 4885; x_wconf 80' lang='grc' dir='ltr'>τοῦτο</span> <span class='ocrx_word' id='word_1_688' title='bbox 597 4825 694 4880; x_wconf 75' lang='grc' dir='ltr'><strong>καὶ</strong></span> <span class='ocrx_word' id='word_1_689' title='bbox 720 4826 882 4896; x_wconf 81' lang='grc' dir='ltr'>ἡμεῖς</span> <span class='ocrx_word' id='word_1_690' title='bbox 903 4822 995 4878; x_wconf 83' lang='grc' dir='ltr'><strong>τὸν</strong></span> <span class='ocrx_word' id='word_1_691' title='bbox 1015 4822 1231 4896; x_wconf 80' lang='grc' dir='ltr'>ἀνίερον</span> <span class='ocrx_word' id='word_1_692' title='bbox 1257 4822 1332 4888; x_wconf 86' lang='grc' dir='ltr'>ὡς</span> <span class='ocrx_word' id='word_1_693' title='bbox 1364 4822 1509 4896; x_wconf 72' lang='grc' dir='ltr'>ἱερὸν</span> <span class='ocrx_word' id='word_1_694' title='bbox 1537 4823 1886 4898; x_wconf 80' lang='grc' dir='ltr'>εἰσφέρομεν.</span> 
     </span>
    </p>
   </div>
   <div class='ocr_carea' id='block_1_97' title="bbox 293 4914 1887 4992">
    <p class='ocr_par' dir='ltr' id='par_1_97' title="bbox 293 4914 1887 4992">
     <span class='ocr_line' id='line_1_97' title="bbox 293 4914 1887 4992; baseline -0.003 -18"><span class='ocrx_word' id='word_1_695' title='bbox 293 4919 508 4992; x_wconf 80' lang='grc' dir='ltr'>Ἐχρῆν</span> <span class='ocrx_word' id='word_1_696' title='bbox 541 4916 658 4988; x_wconf 81' lang='grc' dir='ltr'>γὰρ</span> <span class='ocrx_word' id='word_1_697' title='bbox 688 4915 863 4988; x_wconf 85' lang='grc' dir='ltr'>δήπου</span> <span class='ocrx_word' id='word_1_698' title='bbox 893 4914 1098 4987; x_wconf 74' lang='grc' dir='ltr'>μᾶλλον</span> <span class='ocrx_word' id='word_1_699' title='bbox 1131 4915 1358 4969; x_wconf 85' lang='grc' dir='ltr'>κάκεῖνο</span> <span class='ocrx_word' id='word_1_700' title='bbox 1382 4914 1667 4987; x_wconf 85' lang='grc' dir='ltr'>διόρθωσιν</span> <span class='ocrx_word' id='word_1_701' title='bbox 1689 4915 1887 4990; x_wconf 79' lang='grc' dir='ltr'>ἐπιζη-</span> 
     </span>
    </p>
   </div>
   <div class='ocr_carea' id='block_1_98' title="bbox 283 5004 1882 5084">
    <p class='ocr_par' dir='ltr' id='par_1_98' title="bbox 283 5004 1882 5084">
     <span class='ocr_line' id='line_1_98' title="bbox 283 5004 1882 5084; baseline 0.001 -18"><span class='ocrx_word' id='word_1_702' title='bbox 283 5012 502 5068; x_wconf 81' lang='grc' dir='ltr'>τεῖσθαι</span> <span class='ocrx_word' id='word_1_703' title='bbox 520 5010 662 5079; x_wconf 88' lang='grc' dir='ltr'>παρ’</span> <span class='ocrx_word' id='word_1_704' title='bbox 680 5010 715 5081; x_wconf 79' lang='grc' dir='ltr'><strong>ή</strong></span> <span class='ocrx_word' id='word_1_705' title='bbox 722 5007 859 5081; x_wconf 87' lang='grc' dir='ltr'>μῶν,</span> <span class='ocrx_word' id='word_1_706' title='bbox 884 5006 989 5062; x_wconf 72' lang='grc' dir='ltr'><strong>ὸύκ</strong></span> <span class='ocrx_word' id='word_1_707' title='bbox 1013 5004 1179 5063; x_wconf 79' lang='grc' dir='ltr'>αὑτὸν</span> <span class='ocrx_word' id='word_1_708' title='bbox 1197 5008 1539 5081; x_wconf 75' lang='grc' dir='ltr'>μορφοῦσθαι</span> <span class='ocrx_word' id='word_1_709' title='bbox 1551 5009 1622 5064; x_wconf 86' lang='grc' dir='ltr'>τὰ</span> <span class='ocrx_word' id='word_1_710' title='bbox 1634 5009 1882 5084; x_wconf 88' lang='grc' dir='ltr'>δεύτερα.</span> 
     </span>
    </p>
   </div>
   <div class='ocr_carea' id='block_1_99' title="bbox 274 5098 1881 5174">
    <p class='ocr_par' dir='ltr' id='par_1_99' title="bbox 274 5098 1881 5174">
     <span class='ocr_line' id='line_1_99' title="bbox 274 5098 1881 5174; baseline -0.002 -16"><span class='ocrx_word' id='word_1_711' title='bbox 274 5104 391 5158; x_wconf 76' lang='grc' dir='ltr'>Καὶ</span> <span class='ocrx_word' id='word_1_712' title='bbox 416 5100 613 5159; x_wconf 77' lang='grc' dir='ltr'>ταῦτά</span> <span class='ocrx_word' id='word_1_713' title='bbox 639 5117 822 5172; x_wconf 83' lang='grc' dir='ltr'>φαμεν</span> <span class='ocrx_word' id='word_1_714' title='bbox 848 5098 950 5170; x_wconf 79' lang='grc' dir='ltr'><strong>οὐχ</strong></span> <span class='ocrx_word' id='word_1_715' title='bbox 969 5098 1047 5163; x_wconf 87' lang='grc' dir='ltr'>ὡς</span> <span class='ocrx_word' id='word_1_716' title='bbox 1068 5098 1494 5170; x_wconf 72' lang='grc' dir='ltr'>ἐπεμϐαίνοντες</span> <span class='ocrx_word' id='word_1_717' title='bbox 1517 5099 1596 5173; x_wconf 81' lang='grc' dir='ltr'>τῷ</span> <span class='ocrx_word' id='word_1_718' title='bbox 1622 5101 1881 5174; x_wconf 86' lang='grc' dir='ltr'>κειμένῳ·</span> 
     </span>
    </p>
   </div>
   <div class='ocr_carea' id='block_1_100' title="bbox 268 5188 1883 5268">
    <p class='ocr_par' dir='ltr' id='par_1_100' title="bbox 268 5188 1883 5268">
     <span class='ocr_line' id='line_1_100' title="bbox 268 5188 1883 5268; baseline 0.01 -37"><span class='ocrx_word' id='word_1_719' title='bbox 268 5198 355 5268; x_wconf 67' lang='grc' dir='ltr'>μὴ</span> <span class='ocrx_word' id='word_1_720' title='bbox 381 5195 505 5267; x_wconf 73' lang='grc' dir='ltr'><strong>γὰρ</strong></span> <span class='ocrx_word' id='word_1_721' title='bbox 531 5193 655 5264; x_wconf 79' lang='grc' dir='ltr'>δοίη</span> <span class='ocrx_word' id='word_1_722' title='bbox 687 5190 840 5255; x_wconf 84' lang='grc' dir='ltr'>Θεός·</span> <span class='ocrx_word' id='word_1_723' title='bbox 868 5188 992 5246; x_wconf 81' lang='grc' dir='ltr'>οὐδὲ</span> <span class='ocrx_word' id='word_1_724' title='bbox 1013 5189 1414 5264; x_wconf 78' lang='grc' dir='ltr'>ἐπιχαίροντες,</span> <span class='ocrx_word' id='word_1_725' title='bbox 1445 5189 1522 5257; x_wconf 83' lang='grc' dir='ltr'><strong>ὡς</strong></span> <span class='ocrx_word' id='word_1_726' title='bbox 1550 5192 1883 5264; x_wconf 86' lang='grc' dir='ltr'>γέγραπται,</span> 
     </span>
    </p>
   </div>
   <div class='ocr_carea' id='block_1_101' title="bbox 265 5275 1884 5357">
    <p class='ocr_par' dir='ltr' id='par_1_101' title="bbox 265 5275 1884 5357">
     <span class='ocr_line' id='line_1_101' title="bbox 265 5275 1884 5357; baseline -0.002 -14"><span class='ocrx_word' id='word_1_727' title='bbox 265 5290 390 5353; x_wconf 78' lang='grc' dir='ltr'>τοῖς</span> <span class='ocrx_word' id='word_1_728' title='bbox 440 5284 763 5357; x_wconf 75' lang='grc' dir='ltr'>ἀλλοτρίοις</span> <span class='ocrx_word' id='word_1_729' title='bbox 794 5283 1020 5345; x_wconf 73' lang='grc' dir='ltr'>κακοῖς*</span> <span class='ocrx_word' id='word_1_730' title='bbox 1075 5281 1137 5336; x_wconf 80' lang='grc' dir='ltr'><strong>οὐ</strong></span> <span class='ocrx_word' id='word_1_731' title='bbox 1190 5282 1301 5355; x_wconf 86' lang='grc' dir='ltr'>γὰρ</span> <span class='ocrx_word' id='word_1_732' title='bbox 1336 5275 1496 5349; x_wconf 76' lang='grc' dir='ltr'>οὗτος</span> <span class='ocrx_word' id='word_1_733' title='bbox 1539 5284 1884 5355; x_wconf 82' lang='grc' dir='ltr'>Χριστιανῶν</span> 
     </span>
    </p>
   </div>
   <div class='ocr_carea' id='block_1_102' title="bbox 267 5375 1879 5449">
    <p class='ocr_par' dir='ltr' id='par_1_102' title="bbox 267 5375 1879 5449">
     <span class='ocr_line' id='line_1_102' title="bbox 267 5375 1879 5449; baseline -0.004 -12"><span class='ocrx_word' id='word_1_734' title='bbox 267 5381 520 5445; x_wconf 71' lang='grc' dir='ltr'>σκοπός*</span> <span class='ocrx_word' id='word_1_735' title='bbox 549 5377 687 5433; x_wconf 77' lang='grc' dir='ltr'>ἀλλὰ</span> <span class='ocrx_word' id='word_1_736' title='bbox 716 5377 816 5447; x_wconf 83' lang='grc' dir='ltr'>τῆς</span> <span class='ocrx_word' id='word_1_737' title='bbox 842 5375 981 5448; x_wconf 77' lang='grc' dir='ltr'>πρὸς</span> <span class='ocrx_word' id='word_1_738' title='bbox 1011 5375 1301 5448; x_wconf 81' lang='grc' dir='ltr'>ἄνθρωπον</span> <span class='ocrx_word' id='word_1_739' title='bbox 1336 5376 1700 5448; x_wconf 82' lang='grc' dir='ltr'>συμπαθείας,</span> <span class='ocrx_word' id='word_1_740' title='bbox 1732 5376 1791 5431; x_wconf 81' lang='grc' dir='ltr'>τὸ</span> <span class='ocrx_word' id='word_1_741' title='bbox 1812 5379 1879 5449; x_wconf 85' lang='grc' dir='ltr'>τῇ</span> 
     </span>
    </p>
   </div>
   <div class='ocr_carea' id='block_1_103' title="bbox 272 5469 1881 5546">
    <p class='ocr_par' dir='ltr' id='par_1_103' title="bbox 272 5469 1881 5546">
     <span class='ocr_line' id='line_1_103' title="bbox 272 5469 1881 5546; baseline 0.019 -49"><span class='ocrx_word' id='word_1_742' title='bbox 272 5473 592 5546; x_wconf 59' lang='grc' dir='ltr'><strong>,εκκλησίᾳ</strong></span> <span class='ocrx_word' id='word_1_743' title='bbox 648 5470 933 5543; x_wconf 76' lang='grc' dir='ltr'>συμφέρον</span> <span class='ocrx_word' id='word_1_744' title='bbox 975 5469 1331 5540; x_wconf 85' lang='grc' dir='ltr'>πράττοντες,</span> <span class='ocrx_word' id='word_1_745' title='bbox 1381 5469 1479 5524; x_wconf 76' lang='grc' dir='ltr'><strong>καὶ</strong></span> <span class='ocrx_word' id='word_1_746' title='bbox 1518 5469 1627 5524; x_wconf 88' lang='grc' dir='ltr'><strong>τῶν</strong></span> <span class='ocrx_word' id='word_1_747' title='bbox 1676 5470 1881 5543; x_wconf 78' lang='grc' dir='ltr'>ταύτης</span> 
     </span>
    </p>
   </div>
   <div class='ocr_carea' id='block_1_104' title="bbox 1992 4637 3587 4715">
    <p class='ocr_par' dir='ltr' id='par_1_104' title="bbox 1992 4637 3587 4715">
     <span class='ocr_line' id='line_1_104' title="bbox 1992 4637 3587 4715; baseline 0.003 -21"><span class='ocrx_word' id='word_1_748' title='bbox 1992 4637 2189 4705; x_wconf 86' lang='lat' dir='ltr'><strong>fertur,</strong></span> <span class='ocrx_word' id='word_1_749' title='bbox 2225 4638 2427 4710; x_wconf 89' lang='lat' dir='ltr'><strong>potuit,</strong></span> <span class='ocrx_word' id='word_1_750' title='bbox 2454 4647 2517 4694; x_wconf 91' lang='lat' dir='ltr'><strong>ut</strong></span> <span class='ocrx_word' id='word_1_751' title='bbox 2544 4639 2809 4711; x_wconf 87' lang='lat' dir='ltr'><strong>populum</strong></span> <span class='ocrx_word' id='word_1_752' title='bbox 2837 4640 3220 4708; x_wconf 87' lang='lat' dir='ltr'><strong>commoverit,</strong></span> <span class='ocrx_word' id='word_1_753' title='bbox 3254 4657 3587 4715; x_wconf 79' lang='lat' dir='ltr'><strong>causamque</strong></span> 
     </span>
    </p>
   </div>
   <div class='ocr_carea' id='block_1_105' title="bbox 1995 4730 3583 4807">
    <p class='ocr_par' dir='ltr' id='par_1_105' title="bbox 1995 4730 3583 4807">
     <span class='ocr_line' id='line_1_105' title="bbox 1995 4730 3583 4807; baseline 0.003 -20"><span class='ocrx_word' id='word_1_754' title='bbox 1995 4740 2243 4801; x_wconf 89' lang='lat' dir='ltr'><strong>tempore</strong></span> <span class='ocrx_word' id='word_1_755' title='bbox 2288 4730 2535 4803; x_wconf 79' lang='lat' dir='ltr'><strong>longiore</strong></span> <span class='ocrx_word' id='word_1_756' title='bbox 2583 4732 2817 4802; x_wconf 83' lang='lat' dir='ltr'><strong>scpitam</strong></span> <span class='ocrx_word' id='word_1_757' title='bbox 2865 4732 3048 4789; x_wconf 88' lang='lat' dir='ltr'><strong>denuo</strong></span> <span class='ocrx_word' id='word_1_758' title='bbox 3093 4734 3348 4790; x_wconf 77' lang='lat' dir='ltr'><strong>excitarit</strong></span> <span class='ocrx_word' id='word_1_759' title='bbox 3386 4752 3399 4788; x_wconf 93' lang='lat'>:</span> <span class='ocrx_word' id='word_1_760' title='bbox 3436 4736 3583 4807; x_wconf 86' lang='lat' dir='ltr'><strong>quod</strong></span> 
     </span>
    </p>
   </div>
   <div class='ocr_carea' id='block_1_106' title="bbox 1991 4824 3588 4898">
    <p class='ocr_par' dir='ltr' id='par_1_106' title="bbox 1991 4824 3588 4898">
     <span class='ocr_line' id='line_1_106' title="bbox 1991 4824 3588 4898; baseline 0.001 -16"><span class='ocrx_word' id='word_1_761' title='bbox 1991 4825 2220 4882; x_wconf 89' lang='lat' dir='ltr'><strong>omnino</strong></span> <span class='ocrx_word' id='word_1_762' title='bbox 2250 4833 2336 4882; x_wconf 89' lang='lat' dir='ltr'><strong>est</strong></span> <span class='ocrx_word' id='word_1_763' title='bbox 2361 4824 2708 4881; x_wconf 89' lang='lat' dir='ltr'><strong>incredibile.</strong></span> <span class='ocrx_word' id='word_1_764' title='bbox 2748 4825 2955 4881; x_wconf 84' lang='lat' dir='ltr'><strong>Verum</strong></span> <span class='ocrx_word' id='word_1_765' title='bbox 2989 4825 3062 4880; x_wconf 90' lang='lat' dir='ltr'><strong>sit</strong></span> <span class='ocrx_word' id='word_1_766' title='bbox 3102 4825 3209 4882; x_wconf 89' lang='lat' dir='ltr'><strong>hoc</strong></span> <span class='ocrx_word' id='word_1_767' title='bbox 3250 4842 3492 4898; x_wconf 87' lang='lat' dir='ltr'><strong>quoque,</strong></span> <span class='ocrx_word' id='word_1_768' title='bbox 3529 4841 3588 4884; x_wconf 87' lang='lat' dir='ltr'><strong>et</strong></span> 
     </span>
    </p>
   </div>
   <div class='ocr_carea' id='block_1_107' title="bbox 1990 4907 3582 4991">
    <p class='ocr_par' dir='ltr' id='par_1_107' title="bbox 1990 4907 3582 4991">
     <span class='ocr_line' id='line_1_107' title="bbox 1990 4907 3582 4991; baseline 0.001 -18"><span class='ocrx_word' id='word_1_769' title='bbox 1990 4907 2072 4974; x_wconf 85' lang='lat' dir='ltr'><strong>ita</strong></span> <span class='ocrx_word' id='word_1_770' title='bbox 2090 4917 2298 4974; x_wconf 89' lang='lat' dir='ltr'><strong>factum</strong></span> <span class='ocrx_word' id='word_1_771' title='bbox 2321 4933 2444 4974; x_wconf 89' lang='lat' dir='ltr'><strong>esse</strong></span> <span class='ocrx_word' id='word_1_772' title='bbox 2481 4918 2780 4974; x_wconf 87' lang='lat' dir='ltr'><strong>credatur:</strong></span> <span class='ocrx_word' id='word_1_773' title='bbox 2816 4918 2914 4975; x_wconf 90' lang='lat' dir='ltr'><strong>sed</strong></span> <span class='ocrx_word' id='word_1_774' title='bbox 2956 4918 3085 4974; x_wconf 90' lang='lat' dir='ltr'><strong>novi</strong></span> <span class='ocrx_word' id='word_1_775' title='bbox 3131 4919 3394 4991; x_wconf 86' lang='lat' dir='ltr'><strong>pietatem</strong></span> <span class='ocrx_word' id='word_1_776' title='bbox 3433 4930 3582 4976; x_wconf 89' lang='lat' dir='ltr'><strong>tuam</strong></span> 
     </span>
    </p>
   </div>
   <div class='ocr_carea' id='block_1_108' title="bbox 1987 5011 3583 5085">
    <p class='ocr_par' dir='ltr' id='par_1_108' title="bbox 1987 5011 3583 5085">
     <span class='ocr_line' id='line_1_108' title="bbox 1987 5011 3583 5085; baseline 0.001 -18"><span class='ocrx_word' id='word_1_777' title='bbox 1987 5013 2309 5085; x_wconf 83' lang='lat' dir='ltr'><strong>praeclaram</strong></span> <span class='ocrx_word' id='word_1_778' title='bbox 2350 5011 2410 5066; x_wconf 91' lang='lat' dir='ltr'><strong>in</strong></span> <span class='ocrx_word' id='word_1_779' title='bbox 2445 5011 2765 5083; x_wconf 88' lang='lat' dir='ltr'><strong>eloquentia</strong></span> <span class='ocrx_word' id='word_1_780' title='bbox 2793 5027 2949 5069; x_wconf 60' lang='lat' dir='ltr'><strong>esse,</strong></span> <span class='ocrx_word' id='word_1_781' title='bbox 2974 5011 3209 5068; x_wconf 89' lang='lat' dir='ltr'><strong>Doeebit</strong></span> <span class='ocrx_word' id='word_1_782' title='bbox 3245 5029 3311 5069; x_wconf 89' lang='lat' dir='ltr'><strong>ea</strong></span> <span class='ocrx_word' id='word_1_783' title='bbox 3352 5028 3583 5084; x_wconf 91' lang='lat' dir='ltr'><strong>prorsus</strong></span> 
     </span>
    </p>
   </div>
   <div class='ocr_carea' id='block_1_109' title="bbox 1987 5103 3582 5176">
    <p class='ocr_par' dir='ltr' id='par_1_109' title="bbox 1987 5103 3582 5176">
     <span class='ocr_line' id='line_1_109' title="bbox 1987 5103 3582 5176; baseline -0.001 -16"><span class='ocrx_word' id='word_1_784' title='bbox 1987 5120 2110 5176; x_wconf 79' lang='lat' dir='ltr'><strong>quae</strong></span> <span class='ocrx_word' id='word_1_785' title='bbox 2160 5119 2301 5176; x_wconf 88' lang='lat' dir='ltr'><strong>opus</strong></span> <span class='ocrx_word' id='word_1_786' title='bbox 2351 5113 2457 5171; x_wconf 89' lang='lat' dir='ltr'><strong>est,</strong></span> <span class='ocrx_word' id='word_1_787' title='bbox 2507 5105 2763 5161; x_wconf 89' lang='lat' dir='ltr'><strong>homines</strong></span> <span class='ocrx_word' id='word_1_788' title='bbox 2818 5106 2887 5161; x_wconf 87' lang='lat' dir='ltr'><strong>ad</strong></span> <span class='ocrx_word' id='word_1_789' title='bbox 2937 5105 3236 5160; x_wconf 90' lang='lat' dir='ltr'><strong>tumultum</strong></span> <span class='ocrx_word' id='word_1_790' title='bbox 3288 5103 3582 5159; x_wconf 76' lang='lat' dir='ltr'><strong>excitatos.</strong></span> 
     </span>
    </p>
   </div>
   <div class='ocr_carea' id='block_1_110' title="bbox 1985 5192 3582 5263">
    <p class='ocr_par' dir='ltr' id='par_1_110' title="bbox 1985 5192 3582 5263">
     <span class='ocr_line' id='line_1_110' title="bbox 1985 5192 3582 5263; baseline -0.003 -12"><span class='ocrx_word' id='word_1_791' title='bbox 1985 5193 2223 5251; x_wconf 87' lang='lat' dir='ltr'><strong>Uberem</strong></span> <span class='ocrx_word' id='word_1_792' title='bbox 2250 5193 2424 5250; x_wconf 89' lang='lat' dir='ltr'><strong>habes</strong></span> <span class='ocrx_word' id='word_1_793' title='bbox 2458 5209 2736 5250; x_wconf 88' lang='lat' dir='ltr'><strong>sacrarum</strong></span> <span class='ocrx_word' id='word_1_794' title='bbox 2763 5194 3137 5250; x_wconf 86' lang='lat' dir='ltr'><strong>doctrinarum</strong></span> <span class='ocrx_word' id='word_1_795' title='bbox 3166 5192 3420 5263; x_wconf 86' lang='lat' dir='ltr'><strong>gratiam.</strong></span> <span class='ocrx_word' id='word_1_796' title='bbox 3447 5193 3582 5249; x_wconf 89' lang='lat' dir='ltr'><strong>Per-</strong></span> 
     </span>
    </p>
   </div>
   <div class='ocr_carea' id='block_1_111' title="bbox 1986 5284 3580 5359">
    <p class='ocr_par' dir='ltr' id='par_1_111' title="bbox 1986 5284 3580 5359">
     <span class='ocr_line' id='line_1_111' title="bbox 1986 5284 3580 5359; baseline 0 -16"><span class='ocrx_word' id='word_1_797' title='bbox 1986 5286 2265 5352; x_wconf 90' lang='lat' dir='ltr'><strong>suadebis,</strong></span> <span class='ocrx_word' id='word_1_798' title='bbox 2289 5286 2424 5356; x_wconf 89' lang='lat' dir='ltr'><strong>scio,</strong></span> <span class='ocrx_word' id='word_1_799' title='bbox 2453 5287 2721 5359; x_wconf 89' lang='lat' dir='ltr'><strong>piissimis</strong></span> <span class='ocrx_word' id='word_1_800' title='bbox 2741 5288 2906 5343; x_wconf 89' lang='lat' dir='ltr'><strong>etiam</strong></span> <span class='ocrx_word' id='word_1_801' title='bbox 2935 5284 3300 5358; x_wconf 89' lang='lat' dir='ltr'><strong>principibus,</strong></span> <span class='ocrx_word' id='word_1_802' title='bbox 3330 5291 3391 5338; x_wconf 92' lang='lat' dir='ltr'><strong>ut</strong></span> <span class='ocrx_word' id='word_1_803' title='bbox 3423 5299 3580 5343; x_wconf 87' lang='lat' dir='ltr'><strong>more</strong></span> 
     </span>
    </p>
   </div>
   <div class='ocr_carea' id='block_1_112' title="bbox 1986 5375 3577 5448">
    <p class='ocr_par' dir='ltr' id='par_1_112' title="bbox 1986 5375 3577 5448">
     <span class='ocr_line' id='line_1_112' title="bbox 1986 5375 3577 5448; baseline -0.001 -13"><span class='ocrx_word' id='word_1_804' title='bbox 1986 5395 2088 5435; x_wconf 92' lang='lat' dir='ltr'><strong>suo</strong></span> <span class='ocrx_word' id='word_1_805' title='bbox 2130 5379 2187 5434; x_wconf 90' lang='lat' dir='ltr'><strong>in</strong></span> <span class='ocrx_word' id='word_1_806' title='bbox 2218 5395 2491 5435; x_wconf 86' lang='lat' dir='ltr'><strong>canonum</strong></span> <span class='ocrx_word' id='word_1_807' title='bbox 2536 5378 2778 5436; x_wconf 89' lang='lat' dir='ltr'><strong>decretis</strong></span> <span class='ocrx_word' id='word_1_808' title='bbox 2799 5377 3174 5448; x_wconf 88' lang='lat' dir='ltr'><strong>acquiescant.</strong></span> <span class='ocrx_word' id='word_1_809' title='bbox 3225 5375 3382 5444; x_wconf 86' lang='lat' dir='ltr'><strong>Quod</strong></span> <span class='ocrx_word' id='word_1_810' title='bbox 3426 5376 3577 5433; x_wconf 87' lang='lat' dir='ltr'><strong>enim</strong></span> 
     </span>
    </p>
   </div>
   <div class='ocr_carea' id='block_1_113' title="bbox 1985 5466 3574 5548">
    <p class='ocr_par' dir='ltr' id='par_1_113' title="bbox 1985 5466 3574 5548">
     <span class='ocr_line' id='line_1_113' title="bbox 1985 5466 3574 5548; baseline -0.001 -22"><span class='ocrx_word' id='word_1_811' title='bbox 1985 5488 2129 5528; x_wconf 69' lang='lat' dir='ltr'><strong>vera:</strong></span> <span class='ocrx_word' id='word_1_812' title='bbox 2157 5471 2380 5542; x_wconf 88' lang='lat' dir='ltr'><strong>pietatis</strong></span> <span class='ocrx_word' id='word_1_813' title='bbox 2403 5470 2637 5528; x_wconf 90' lang='lat' dir='ltr'><strong>studiosi</strong></span> <span class='ocrx_word' id='word_1_814' title='bbox 2671 5479 2726 5525; x_wconf 88' lang='lat' dir='ltr'><strong>et</strong></span> <span class='ocrx_word' id='word_1_815' title='bbox 2748 5466 2957 5526; x_wconf 87' lang='lat' dir='ltr'><strong>Christi</strong></span> <span class='ocrx_word' id='word_1_816' title='bbox 2982 5477 3232 5525; x_wconf 88' lang='lat' dir='ltr'><strong>amantes</strong></span> <span class='ocrx_word' id='word_1_817' title='bbox 3254 5476 3404 5548; x_wconf 78' lang='lat' dir='ltr'><strong>sunt,</strong></span> <span class='ocrx_word' id='word_1_818' title='bbox 3438 5484 3574 5527; x_wconf 91' lang='lat' dir='ltr'><strong>con-</strong></span> 
     </span>
    </p>
   </div>
   <div class='ocr_carea' id='block_1_114' title="bbox 265 5560 1903 5637">
    <p class='ocr_par' dir='ltr' id='par_1_114' title="bbox 265 5562 1879 5637">
     <span class='ocr_line' id='line_1_114' title="bbox 265 5562 1879 5637; baseline -0.004 -13"><span class='ocrx_word' id='word_1_819' title='bbox 265 5568 529 5624; x_wconf 81' lang='grc' dir='ltr'>κανόνων</span> <span class='ocrx_word' id='word_1_820' title='bbox 566 5564 719 5621; x_wconf 80' lang='grc' dir='ltr'>οὐδὲν</span> <span class='ocrx_word' id='word_1_821' title='bbox 739 5562 1037 5637; x_wconf 78' lang='grc' dir='ltr'>ἡγούμενοι</span> <span class='ocrx_word' id='word_1_822' title='bbox 1069 5563 1492 5636; x_wconf 81' lang='grc' dir='ltr'>προτιμότερον.</span> <span class='ocrx_word' id='word_1_823' title='bbox 1524 5563 1588 5618; x_wconf 81' lang='grc' dir='ltr'>Εί</span> <span class='ocrx_word' id='word_1_824' title='bbox 1630 5565 1728 5634; x_wconf 87' lang='grc' dir='ltr'>μὲν</span> <span class='ocrx_word' id='word_1_825' title='bbox 1752 5563 1879 5636; x_wconf 77' lang='grc' dir='ltr'>ἐξῆν</span> 
     </span>
    </p>
   </div>
   <div class='ocr_carea' id='block_1_115' title="bbox 2004 5560 3571 5637">
    <p class='ocr_par' dir='ltr' id='par_1_115' title="bbox 2004 5560 3571 5632">
     <span class='ocr_line' id='line_1_115' title="bbox 2004 5560 3571 5632; baseline -0.001 -15"><span class='ocrx_word' id='word_1_826' title='bbox 2004 5565 2366 5622; x_wconf 84' lang='lat' dir='ltr'><strong>.titutionibus</strong></span> <span class='ocrx_word' id='word_1_827' title='bbox 2388 5566 2505 5621; x_wconf 90' lang='lat' dir='ltr'><strong>suis</strong></span> <span class='ocrx_word' id='word_1_828' title='bbox 2527 5564 2804 5621; x_wconf 84' lang='lat' dir='ltr'><strong>Ecclesias</strong></span> <span class='ocrx_word' id='word_1_829' title='bbox 2823 5560 3202 5618; x_wconf 88' lang='lat' dir='ltr'><strong>administrari</strong></span> <span class='ocrx_word' id='word_1_830' title='bbox 3224 5560 3571 5632; x_wconf 83' lang='lat' dir='ltr'><strong>permittent,</strong></span> 
     </span>
    </p>
   </div>
   <div class='ocr_carea' id='block_1_116' title="bbox 268 5642 1903 5730">
    <p class='ocr_par' dir='ltr' id='par_1_116' title="bbox 268 5642 1879 5729">
     <span class='ocr_line' id='line_1_116' title="bbox 268 5642 1879 5729; baseline -0.001 -16"><span class='ocrx_word' id='word_1_831' title='bbox 268 5659 435 5716; x_wconf 70' lang='grc' dir='ltr'>οὐδὲν</span> <span class='ocrx_word' id='word_1_832' title='bbox 474 5659 574 5729; x_wconf 83' lang='grc' dir='ltr'><strong>μὲν</strong></span> <span class='ocrx_word' id='word_1_833' title='bbox 622 5656 842 5720; x_wconf 85' lang='grc' dir='ltr'>τούτοις</span> <span class='ocrx_word' id='word_1_834' title='bbox 886 5642 1279 5725; x_wconf 72' lang='grc' dir='ltr'>λυμήνασθαι,</span> <span class='ocrx_word' id='word_1_835' title='bbox 1312 5654 1672 5712; x_wconf 85' lang='grc' dir='ltr'>κατατάττειν</span> <span class='ocrx_word' id='word_1_836' title='bbox 1716 5655 1771 5711; x_wconf 86' lang='grc' dir='ltr'><strong>δὲ</strong></span> <span class='ocrx_word' id='word_1_837' title='bbox 1822 5659 1879 5712; x_wconf 82' lang='grc' dir='ltr'>ἐν</span> 
     </span>
    </p>
   </div>
   <div class='ocr_carea' id='block_1_117' title="bbox 2004 5642 3571 5730">
    <p class='ocr_par' dir='ltr' id='par_1_117' title="bbox 2004 5652 3571 5730">
     <span class='ocr_line' id='line_1_117' title="bbox 2004 5652 3571 5730; baseline -0.003 -17"><span class='ocrx_word' id='word_1_838' title='bbox 2004 5668 2334 5730; x_wconf 60' lang='lat' dir='ltr'><strong>paternisque</strong></span> <span class='ocrx_word' id='word_1_839' title='bbox 2370 5656 2592 5714; x_wconf 88' lang='lat' dir='ltr'><strong>virtutis</strong></span> <span class='ocrx_word' id='word_1_840' title='bbox 2625 5654 2975 5713; x_wconf 59' lang='lat' dir='ltr'><strong>aemulatores</strong></span> <span class='ocrx_word' id='word_1_841' title='bbox 3010 5655 3283 5727; x_wconf 88' lang='lat' dir='ltr'><strong>majorum</strong></span> <span class='ocrx_word' id='word_1_842' title='bbox 3322 5652 3571 5727; x_wconf 78' lang='lat' dir='ltr'><strong>exempla</strong></span> 
     </span>
    </p>
   </div>
   <div class='ocr_carea' id='block_1_118' title="bbox 345 5830 1308 5905">
    <p class='ocr_par' dir='ltr' id='par_1_118' title="bbox 345 5830 1308 5905">
     <span class='ocr_line' id='line_1_118' title="bbox 345 5830 1308 5905; baseline -0.011 -7"><span class='ocrx_word' id='word_1_843' title='bbox 345 5840 394 5872; x_wconf 84' lang='lat'><strong>“</strong></span> <span class='ocrx_word' id='word_1_844' title='bbox 418 5837 619 5896; x_wconf 75' lang='lat' dir='ltr'><strong>Jerem.</strong></span> <span class='ocrx_word' id='word_1_845' title='bbox 655 5853 729 5905; x_wconf 87' lang='lat'><strong>1.1,</strong></span> <span class='ocrx_word' id='word_1_846' title='bbox 754 5836 810 5892; x_wconf 89' lang='lat'><strong>9.</strong></span> <span class='ocrx_word' id='word_1_847' title='bbox 892 5832 937 5865; x_wconf 76' lang='grc'>⁸⁷</span> <span class='ocrx_word' id='word_1_848' title='bbox 960 5830 1119 5887; x_wconf 85' lang='lat' dir='ltr'><strong>Cant.</strong></span> <span class='ocrx_word' id='word_1_849' title='bbox 1156 5848 1192 5901; x_wconf 89' lang='lat'><strong>1,</strong></span> <span class='ocrx_word' id='word_1_850' title='bbox 1224 5832 1308 5887; x_wconf 73' lang='grc' dir='ltr'>Η.</span> 
     </span>
    </p>
   </div>
  </div>
