4048 6452
476 323 584 381 359

1515 321 1574 379 S.
1613 318 1892 378 CYRILLI
1927 317 2401 377 ALEXANDle
2436 319 2758 378 ARCHIEP.

3645 317 3753 376 560

477 423 860 498 imitabuntur.
892 436 973 494 Ne
987 436 1155 510 igitur
1173 438 1340 511 208
1362 436 1658 496 Jechonias
1680 437 1919 508 reiectus
1939 449 2067 490 cum

2181 435 2492 498 ἐπισκόποις
2529 433 2622 487 τὸν
2661 430 3048 504 καθῃρημένον
3072 471 3087 498 ,
3117 423 3187 503 ἦν
3215 428 3282 486 ἀν
3309 428 3538 496 εἰκότως
3576 431 3757 485 εἰπεῖν

479 533 682 589 Davide
715 540 771 588 et
811 531 1069 588 Samuele
1095 532 1384 604 pr0phetis
1424 538 1754 585 censeatur:
1780 541 1984 597 neque,
2016 526 2065 581 si

475 624 810 697 quibusdam
850 624 1041 694 inique
1074 624 1340 694 placitum
1388 631 1496 690 est,
1546 629 1611 676 ut
1649 619 1886 676 Eudoxii
1931 618 2065 674 reli-

475 716 636 785 quias
658 730 725 769 eo
747 730 859 785 quo
887 715 1192 785 scripsistis
1231 722 1566 786 reponerent
1594 713 1738 778 loco,
1775 721 2067 784 propterea

475 824 579 864 nos
605 823 827 879 quoque
860 808 1154 878 profanum
1184 817 1246 864 ut
1281 821 1501 863 sacrum
1549 805 1606 861 in
1629 805 1816 860 album
1859 803 2066 858 refera-

477 919 620 959 mus.
665 900 926 972 Oportuit
965 915 1206 971 namque
1246 915 1281 956 a
1315 899 1478 956 nobis
1516 913 1608 954 res
1650 897 1799 953 illius
1838 893 2064 964 corrigi,

476 1009 587 1048 non
616 993 770 1048 illum
795 993 960 1049 nobis
989 993 1372 1064 praescribere,
1399 999 1458 1046 et
1487 1005 1610 1061 quae
1636 997 1763 1059 post
1787 1003 1914 1044 eum
1944 995 2066 1040 acta

475 1092 609 1139 sunt
637 1084 998 1140 constituere.
1033 1083 1213 1154 Atque
1245 1082 1363 1137 haec
1383 1081 1642 1146 dicimus,
1671 1091 1784 1133 non
1811 1075 1959 1146 quod
1978 1075 2065 1147 ja-

477 1177 624 1233 centi
654 1185 712 1232 et
744 1186 966 1231 mortuo
1000 1176 1080 1231 iHi
1107 1175 1434 1230 insultemus
1461 1190 1474 1226 :
1506 1186 1618 1226 non
1647 1169 1797 1224 enim
1827 1168 1934 1222 hoc
1974 1167 2069 1223 det

479 1266 659 1322 Deus!
705 1282 886 1337 neque
935 1267 1083 1338 quod
1127 1266 1345 1332 alienis,
1383 1263 1546 1320 sicuti
1589 1261 1858 1331 scripturn
1889 1265 1976 1314 est
1999 1256 2075 1322 ⁵⁸,

479 1357 729 1412 lmtemur
771 1358 930 1414 malis
957 1375 971 1410 :
997 1373 1110 1413 non
1149 1357 1300 1413 enim
1341 1356 1448 1411 hoc
1490 1352 1938 1410 Christianorum
1983 1346 2068 1404 est

479 1448 774 1504 consilium
816 1458 873 1504 et
909 1449 1223 1504 institutum
1255 1465 1268 1502 :
1303 1446 1401 1502 sed
1427 1445 1483 1500 id
1514 1443 1663 1515 quod
1694 1441 1904 1498 homini
1934 1455 2071 1496 con-

2165 525 2398 596 ἀγρίους
2423 523 2578 588 τινὰς
2611 523 2710 576 καὶ
2759 523 3072 594 ἀνημέρους
3124 523 3252 587 τοὺς
3288 521 3450 576 τοῦτο
3496 522 3762 592 γενέσθαι.

2165 615 2588 679 διακωλύοντας.
2650 615 2870 686 Ἐπειδὴ
2901 614 2960 668 δὲ
3005 615 3221 684 ἀνάγκη
3261 613 3595 685 κρατοῦντος
3635 615 3765 680 ἑνὸς

2167 708 2269 780 τὴν
2293 707 2389 762 τοῦ
2423 707 2613 780 ἐτέρου
2639 707 3015 778 παραλύεσθαι
3051 707 3318 778 δύναμιν,
3365 707 3676 762 νικάτωσαν
3707 708 3767 760 οἰ

2167 800 2271 870 τῆς
2291 798 2623 872 Ἐκκλησίας
2653 800 2865 871 θεσμοὶ,
2895 801 2990 854 καὶ
3020 799 3380 872 ἀποχωρείτω
3400 797 3510 854 τῶν
3551 799 3767 870 ἰερατι-

2172 887 2286 942 κῶν
2303 888 2620 958 καταλόγων
2637 889 2667 942 ό
2695 888 2771 962 μὴ
2796 889 3131 962 λειτουργός.
3159 887 3335 944 Τοῦτο
3355 885 3466 960 γὰρ
3492 887 3766 943 συνάπτει

2171 978 2312 1050 πρὸς
2358 979 2585 1052 εἰρήνην
2626 978 2727 1045 τὰς
2788 980 3174 1052 Ἐκκλησίαςοο
3205 979 3366 1035 τοῦτο
3411 983 3596 1035 πᾶσαν
3625 981 3769 1052 ἡμῖν

2168 1074 2472 1147 όμοψυχίαν
2521 1077 2908 1149 ἀνεργάσαιτο.
2957 1077 3114 1131 Δίδου
3160 1074 3449 1148 τοιγαροῦν
3483 1075 3637 1146 ἡμῖν,
3700 1074 3771 1127 τὸ

2168 1165 2502 1236 συνάγεσθαι
2533 1166 2795 1238 καθαρῶς
2826 1166 2966 1238 μετά
3001 1166 3103 1238 τῆς
3130 1168 3230 1240 σῆς
3256 1165 3613 1230 Ιθεοσεϐείας,
3642 1163 3770 1227 ένδς

2169 1260 2268 1312 καὶ
2309 1257 2506 1312 τούτου
2546 1259 2972 1331 τελευτήσαντος
3020 1259 3233 1330 ἀμείνω
3285 1257 3615 1328 ποιούμενος
3659 1255 3768 1325 τὴν

2173 1348 2310 1419 πρὸς
2337 1349 2465 1414 τοὺς
2491 1349 2571 1404 ἔτι
2597 1350 2808 1416 ζῶντας
2843 1353 3144 1424 ἀγάπησιν,
3189 1351 3390 1423 μᾶλλον
3421 1350 3480 1404 δὲ
3505 1349 3633 1413 τοὺς
3662 1347 3768 1418 τῆς

2183 1439 2515 1513 Ἐκκλησίας
2551 1442 2812 1514 θεσμούς.

479 1539 754 1606 dolemus,
819 1540 888 1595 ad
934 1541 1227 1595 utilitatem
1296 1537 1558 1594 Ecclesiae
1617 1535 1976 1600 conferimus,
2040 1533 2350 1591 canonibus
2398 1535 2547 1593 illius
2589 1537 2730 1593 nihil
2780 1538 3147 1610 praestabilius
3188 1555 3311 1597 esse
3362 1539 3650 1597 ducentes.
3705 1535 3766 1593 Si

482 1649 718 1703 namque
747 1634 870 1690 illos
896 1643 1078 1691 sartos
1108 1640 1286 1689 tectos
1321 1646 1670 1695 conservare,
1725 1638 1886 1700 atque
1919 1637 2340 1685 exauctoratum
2370 1630 2516 1686 inter
2535 1631 2826 1704 episcopos
2854 1649 3084 1691 censere
3145 1633 3361 1700 liceret,
3420 1640 3571 1688 recte
3631 1645 3766 1702 pro-

480 1725 648 1792 fecto,
670 1729 763 1797 qui
804 1729 859 1784 id
884 1729 1188 1798 quominus
1215 1724 1751 1796 lierctimpcdirent,
1815 1723 1918 1779 feri
1973 1731 2142 1793 atque
2180 1722 2420 1780 immites
2479 1723 2820 1783 dicerentur.
2881 1727 3338 1798 Quandoquidem
3392 1739 3526 1781 vero
3588 1723 3768 1778 altero

481 1818 785 1887 obtinente,
810 1821 1044 1876 alterum
1071 1821 1379 1876 consistere
1401 1835 1514 1874 non
1546 1832 1708 1889 posse
1764 1830 1989 1871 necesse
2047 1816 2142 1880 sit,
2182 1815 2496 1871 sanctiones
2527 1817 2784 1876 Ecclesia:
2822 1819 3047 1876 vincant
3073 1837 3088 1876 :
3117 1827 3175 1877 et
3206 1834 3275 1875 ex
3305 1833 3461 1874 sacro
3493 1815 3764 1886 catalogo,

479 1913 574 1982 qui
602 1916 884 1969 sacrorum
914 1914 1168 1969 minister
1197 1929 1309 1969 non
1332 1925 1438 1977 est,
1463 1919 1774 1966 moveatur.
1793 1908 1911 1964 lloe
1928 1907 2079 1963 enim
2119 1908 2396 1966 Ecclesias
2425 1911 2493 1966 ad
2532 1927 2724 1982 pacem
2752 1915 3080 1970 servandam
3139 1912 3425 1986 coniungit
3451 1929 3463 1965 :
3492 1910 3603 1967 hoc
3643 1910 3761 1964 ani-

481 2019 697 2060 morum
723 2021 1056 2063 consensum
1083 2021 1303 2061 omnem
1335 2002 1572 2075 perficit.
1604 2003 1794 2072 itaque
1818 1999 1957 2056 illud
2015 1999 2178 2055 nobis
2205 1999 2356 2068 dato,
2391 2009 2454 2056 ut
2487 2018 2627 2074 pure
2687 2020 2789 2061 nos
2819 2015 3128 2062 conventus
3199 2019 3384 2076 agere,
3421 2011 3479 2059 et
3513 2017 3762 2058 commu-

481 2096 670 2153 nicare
708 2112 834 2152 cum
871 2097 1078 2168 pietate
1144 2105 1237 2153 tua
1264 2095 1542 2167 possimus
1582 2112 1595 2149 :
1632 2101 1799 2165 atque
1841 2101 1902 2149 tu
1931 2093 2097 2149 unius
2132 2092 2365 2163 ejusque
2403 2093 2653 2152 defuncti
2701 2112 2984 2166 amorem,
3030 2106 3155 2170 post
3218 2111 3413 2154 eorum
3443 2095 3539 2169 qui
3583 2095 3773 2153 adhuc

472 2196 676 2251 *vivunt
703 2195 1082 2266 dilectionem,
1115 2212 1181 2254 ac
1222 2197 1410 2270 potius
1454 2205 1581 2269 post
1626 2195 1887 2254 Ecclesia:
1939 2192 2279 2261 sanctiones,
2307 2193 2533 2252 habeas.

2093 2383 2164 2394 .—

1625 2510 1967 2570 EPISTOLA
2005 2506 2244 2567 LXXVII
2282 2506 2377 2582 (οἰ.
2421 2503 2624 2577 LVIII).

1957 2666 2024 2706 ΑΒ
2059 2663 2295 2706 DOMNUH.

489 2783 556 2844 Ut
606 2783 812 2842 clericis
859 2785 1144 2842 Athanasii
1178 2788 1407 2861 cpiswpi
1451 2785 1676 2860 dyscolis
1712 2803 1808 2859 per
1837 2792 2085 2873 proprias
2125 2787 2337 2912 linter?
2361 2783 2692 2909 audientiam
2724 2778 2944 2850 delegat,
2977 2784 3027 2833 et
3094 2778 3141 2832 si
3210 2775 3285 2831 rei
3318 2774 3512 2830 inventi
3545 2773 3776 2844 fuerint,

1871 2878 1906 2912 α
1940 2877 2113 2912 sacris
2140 2877 2198 2912 ιη
2223 2874 2280 2912 ΘΤ
2319 2873 2399 2911 tca
2431 2894 2446 2909 ο

1871 2878 1906 2914 a
1940 2877 2113 2915 sacris
2140 2873 2446 2914 interatcaz.

559 2992 796 3047 Domino
837 3008 963 3048 meo
993 2993 1356 3066 dilectissimo
1393 2995 1555 3052 fratri
1595 3004 1654 3054 et
1700 2996 2079 3054 consacerdoti

2255 2992 2450 3064 Κυρίῳ
2498 3005 2604 3062 μου
2651 2983 2924 3059 ἀγαπητῷ
2965 2983 3179 3055 ἀδελφῷ
3226 2983 3322 3038 καὶ
3368 2983 3780 3057 συλλειτουργῷ

487 3087 722 3152 Domno,
744 3085 981 3158 Cyrillus
1006 3087 1063 3143 in
1088 3088 1320 3144 Domino
1348 3090 1602 3146 salutem.

2181 3085 2396 3158 Δόμνῳ,
2429 3081 2700 3154 Κύριλλος
2731 3080 2788 3133 ὲν
2816 3077 3013 3149 Κυρίῳ
3033 3076 3263 3148 χαίρειν.

557 3174 866 3231 Condolerc
899 3190 1002 3230 nos
1031 3175 1294 3232 fratribus
1325 3179 1699 3234 necessarium
1725 3186 1830 3244 cst,
1859 3177 2079 3249 quando

2251 3176 2548 3246 Συναλγεῖν
2601 3174 2751 3246 ἡμᾶς
2791 3170 3044 3239 ἀδελφοῖς
3096 3169 3396 3237 ἀναγκαῖον
3441 3169 3537 3222 καὶ
3567 3169 3779 3232 οἵτινες
3817 3222 3820 3224 ν

487 3266 712 3338 quidam
740 3268 1197 3324 consacerdotum
1224 3269 1420 3340 aliqua
1459 3285 1518 3326 se
1557 3286 1749 3343 passos
1783 3270 2078 3336 afﬁrmant,

487 3367 547 3414 ct
587 3358 692 3413 hoc
726 3373 758 3412 a
794 3358 1036 3430 propriis
1067 3359 1308 3426 clericis,
1353 3376 1494 3431 quos
1538 3369 1661 3417 erat
1704 3360 2080 3418 necessarium

483 3449 729 3506 subdere
765 3459 1027 3520 tanquam
1051 3450 1307 3521 patribus
1329 3452 1627 3518 cervicem,
1653 3459 1709 3507 et
1737 3467 1859 3508 esse
1893 3451 2080 3524 subje-

487 3548 610 3596 ctos
650 3540 956 3596 secundum
995 3541 1262 3610 placitum
1303 3542 1431 3608 Dci,
1473 3551 1530 3598 et
1563 3542 1824 3600 Ecclesia:
1862 3544 2083 3615 regulas

490 3633 620 3687 talia
651 3631 1036 3686 decernentes.
1069 3630 1186 3686 Hoc
1212 3646 1343 3702 ergo
1382 3633 1665 3702 praesumi,
1690 3631 1888 3704 quovis
1919 3631 2084 3687 modo

490 3723 877 3794 turpissimum
920 3732 1024 3778 est.
1061 3722 1239 3777 Tanta
1284 3739 1524 3794 namque
1567 3741 1790 3796 passum
1839 3739 1898 3781 sc
1947 3724 2084 3781 dicit

490 3813 993 3872 reverendissimus
1040 3814 1335 3885 cpiscopus
1382 3815 1755 3883 Athanasius,
1807 3827 1868 3873 ut
1916 3819 2083 3874 ctiam

492 3915 824 3976 congregata
853 3905 910 3960 in
942 3907 1090 3978 regia
1122 3905 1342 3963 civitate
1387 3909 1632 3980 synodus
1671 3910 1944 3982 lacrymas
1983 3910 2082 3966 da-

493 4006 600 4054 ret.
629 3998 721 4052 Ait
751 3998 924 4063 enim,
957 3998 1225 4068 quosdam
1255 4001 1487 4056 clericos
1518 4003 1614 4071 qui
1638 4002 1743 4057 sub
1773 4017 1842 4058 eo
1873 4003 2084 4059 consti-

497 4087 598 4142 tuti
631 4096 781 4155 sunt,
820 4088 876 4142 in
907 4096 1111 4144 tantam
1152 4089 1443 4147 audaciam
1481 4091 1812 4163 prosiliisse,
1848 4101 1910 4147 ut
1936 4093 2084 4164 quod

493 4179 696 4233 attinet
727 4178 795 4234 ad
823 4181 1272 4252 praesumptionis
1298 4182 1433 4249 vim,
1462 4191 1520 4238 et
1541 4184 1882 4254 expellerent
1903 4201 2030 4241 eum
2053 4201 2085 4242 a

494 4265 827 4338 sacerdotio,
861 4280 918 4328 et
940 4288 1107 4345 super
1127 4289 1254 4330 cum
1277 4273 1443 4346 209
1469 4275 1840 4335 damnationis
1859 4287 2086 4336 senten—

2179 3270 2291 3326 τῶν
2318 3264 2750 3339 συλλειτουργῶν
2776 3261 3108 3316 πεπονθέναι
3126 3279 3179 3315 τι
3209 3261 3655 3332 διῖσχυρίζονται,
3681 3261 3783 3314 καὶ

2181 3362 2343 3419 τοῦτο
2377 3360 2532 3432 ποιρά
2569 3357 2852 3430 κληρικῶν
2893 3355 3074 3421 ἰδίων,
3106 3353 3200 3418 οὒς
3233 3348 3303 3425 ἦν
3332 3354 3634 3422 ἀναγκαῖον
3665 3353 3779 3406 ὑπ-

2183 3455 2353 3527 έχειν,
2385 3453 2482 3508 ἆτε
2509 3452 2701 3520 πατρὶ,
2722 3449 2816 3505 τὸν
2837 3448 3062 3520 αὐχένα,
3089 3446 3184 3502 καί
3207 3444 3609 3500 ὑποτάττεσθαι
3635 3445 3784 3500 κατά

2182 3547 2246 3600 τὸ
2272 3545 2463 3600 δοκοῦν
2495 3543 2572 3615 τῷ
2601 3543 2721 3614 Θεῷ
2741 3581 2756 3607 ,
2809 3541 2906 3596 καὶ
2932 3541 3046 3605 τοῖς
3073 3539 3172 3611 τῆς
3209 3538 3537 3608 Ἐκκλησίας
3583 3539 3782 3592 κανόσι

2183 3637 2632 3710 διηγορευμένον.
2670 3632 2844 3688 Τοῦτο
2895 3633 3017 3697 πῶς
3059 3631 3121 3686 οὐ
3153 3630 3263 3685 τῶν
3309 3630 3608 3701 αἰσχίστων
3661 3630 3782 3684 ἐστὶ

2133 3789 2156 3804 ἦ
2184 3729 2566 3803 τολμώμενον;
2596 3725 2837 3782 Τοιαῦτά
2862 3741 2996 3795 φησι
3014 3720 3551 3777 πεπονθέναιὲαυτδν
3572 3721 3778 3776 όεύλιν

2185 3822 2444 3885 ϐέστατος
2465 3819 2762 3882 ἐπίσκοπος
2790 3815 3110 3879 Ἀθανάσιος
3130 3829 3146 3845 ο
3183 3813 3352 3868 ἔδωκε
3377 3813 3474 3867 καὶ
3511 3811 3577 3867 τδ
3621 3813 3723 3883 τῆς
3756 3825 3777 3847 ⁸

2189 3910 2551 3982 συναχθείσης
2601 3907 2747 3962 κατά
2773 3906 2874 3978 τὴν
2918 3902 3308 3977 βασιλεύουσαν
3337 3899 3768 3957 Κωνσταντινού-

2186 4003 2343 4058 πολιν
2376 4002 2598 4057 συνόδου
2627 3999 3025 4070 κατενεχθῆναι
3051 3996 3307 4067 δάκρυον.
3327 3995 3468 4065 Φησί
3489 3996 3598 4066 γάρ
3622 4009 3769 4057 τινας

2187 4097 2296 4152 τῶν
2319 4097 2418 4151 ἀπ’
2439 4094 2622 4150 αὐτῶν
2648 4104 2675 4145 P
2697 4094 2868 4148 ὄντων
2895 4089 3176 4164 κληρικῶν
3202 4088 3642 4159 καταυθεντῆσαι
3666 4101 3781 4141 τοσ-

2187 4187 2368 4255 οῦτον,
2396 4186 2493 4252 ὡς,
2520 4186 2581 4240 τό
2599 4203 2662 4254 γε
2687 4180 2823 4259 ἧκον
2857 4183 2937 4247 εἰς
2960 4180 3384 4259 ἐγχειρημάτων
3407 4179 3664 4250 δύναμιν,
3691 4177 3788 4232 καὶ

2193 4278 2395 4344 ἐξῶσαι
2457 4277 2558 4347 τῆς
2593 4274 2896 4348 ἱερωσύνης
2931 4274 3115 4341 αὐτὸν,
3143 4273 3239 4327 καὶ
3268 4270 3644 4343 καθαιρέσεως
3677 4267 3790 4339 ψῆο

497 4363 629 4418 tiam
663 4362 891 4420 ferrent.
927 4366 1130 4422 Volunt
1153 4368 1306 4424 enim
1335 4357 1963 4440 mconomos-Ecclesiae,
1987 4383 2079 4430 aut

2191 4389 2292 4445 φον
2315 4369 2408 4426 ἔπ’
2454 4370 2621 4425 αὑτὸν
2671 4368 3000 4438 ἐξενεγκεῖν.
3036 4366 3326 4420 Βούλονται
3359 4365 3467 4436 γὰρ
3513 4364 3643 4426 τοὺς
3681 4362 3788 4431 μὲν

494 4462 645 4510 certe
677 4457 1177 4516 ecclesiasticarum
1207 4477 1392 4516 rerum
1421 4462 1833 4534 dispensatores
1855 4467 2080 4538 ejicere,

495 4553 553 4602 et
584 4548 852 4617 quosdam
897 4550 1037 4606 alios
1082 4551 1189 4606 sibi
1235 4554 1460 4624 propria
1509 4557 1838 4612 auctoritate
1872 4559 2082 4615 consti-

498 4644 655 4694 tuere
680 4657 692 4692 :
717 4656 884 4711 super
911 4641 1030 4697 htec
1063 4649 1250 4698 autem
1289 4646 1458 4701 etiam
1485 4647 1554 4703 de
1594 4650 1766 4704 sacris
1808 4649 2086 4722 diptychis

469 4745 699 4806 _nomcn
752 4734 873 4805 ejus
907 4734 1148 4801 auferre,
1178 4742 1236 4791 et
1281 4737 1388 4793 alia
1441 4739 1692 4809 quaedam
1739 4741 2002 4806 absurda,
2030 4749 2089 4798 et

499 4821 806 4880 sceleribus
859 4825 1026 4894 plena
1083 4835 1448 4896 perpetrare,
1521 4846 1644 4900 quae
1708 4830 2087 4904 subiectorum

501 4913 814 4970 libellorum
841 4919 1020 4973 virtus
1052 4919 1301 4975 noscitur
1333 4922 1639 4980 continere.
1664 4923 1804 4991 Quia
1833 4939 1968 4981 vero
1998 4925 2086 4980 ni-

501 5004 605 5060 mis
633 5005 996 5080 incongruum
1025 5018 1131 5075 est,
1159 5014 1417 5081 praesumi
1450 5015 1580 5070 talia
1604 5031 1636 5071 a
1659 5016 1877 5073 clericis
1897 5017 2095 5076 adver-

501 5113 597 5152 sus
620 5099 910 5172 episcopos
932 5103 1208 5172 proprios,
1231 5113 1289 5160 et
1313 5106 1430 5162 haec
1453 5107 1736 5178 despicere
1759 5125 1861 5166 nos
1891 5110 2094 5182 impos-

502 5188 664 5244 sibile
705 5198 791 5246 est
817 5210 830 5246 :
858 5193 1118 5264 dignetur
1145 5203 1237 5251 tua
1262 5200 1528 5254 sanctitas
1561 5199 1648 5272 (si
1687 5201 1758 5256 ab
1799 5201 2092 5259 Antiochia

503 5279 665 5352 longe
701 5291 787 5337 est
816 5283 1031 5352 civitas,
1064 5287 1224 5358 cujus
1253 5288 1709 5359 gubernationem
1743 5293 1974 5350 sortitus
2005 5302 2094 5351 est

504 5381 842 5431 memoratus
887 5377 1336 5449 religiosissimus
1381 5383 1674 5457 episcopus
1717 5386 2091 5458 Athanasius)

577 5521 626 5557 ⁸⁸
648 5525 695 5581 ll
723 5527 850 5582 Cor.
877 5544 933 5596 ι,
963 5529 1050 5586 15.

2188 4466 2511 4538 οἰκονόμους
2541 4463 2641 4534 τῆς
2685 4461 3035 4531 Ἐκκλησίας,
3056 4461 3176 4530 ἦτοι
3199 4461 3327 4524 τοὺς
3348 4463 3457 4512 τῶν
3485 4455 3790 4527 ἐκκλησια-

2193 4556 2396 4611 στικῶν
2433 4552 2780 4626 πραγμάτων
2832 4549 3114 4623 χειριστὰς
3163 4549 3415 4604 ἐκϐαλεῖν
3439 4588 3455 4612 ,
3495 4547 3695 4618 στῆσαι
3727 4547 3792 4600 δὲ

2192 4647 2350 4702 αὐτοὶ
2382 4647 2510 4710 τοὺς
2533 4645 2678 4700 κατά
2698 4643 2927 4716 γνώμην
2953 4643 3124 4698 ἰδίαν·
3158 4645 3252 4697 καὶ
3282 4642 3419 4714 πρὸς
3456 4639 3671 4704 τούτοις
3705 4639 3791 4692 ἔτι

2195 4739 2291 4794 καὶ
2320 4740 2385 4792 ὲκ
2411 4737 2518 4792 τῶν
2542 4738 2704 4809 ἱερῶν
2725 4737 3002 4808 διπτύχων
3028 4736 3301 4806 περιελεῖν
3316 4733 3560 4788 αὐτοῦτὸ
3588 4733 3790 4804 δνομα,

2193 4829 2362 4903 ἕτερά
2394 4831 2454 4884 τέ
2492 4847 2615 4884 τινα
2648 4830 2838 4901 ἀπηχῆ
2883 4831 2976 4883 καὶ
3006 4828 3352 4899 ἀνοσιότητος
3377 4827 3620 4898 γέμοντα
3654 4826 3792 4897 δρᾶ-

2196 4917 2321 4976 σαι·
2357 4922 2394 4977 ἃ
2420 4923 2572 4994 καίή
2611 4921 2720 4977 τῶν
2750 4921 3198 4994 συνεζευγμένων
3244 4919 3505 4975 λιόἐλλων
3537 4919 3797 4990 περιέχει

2195 5015 2448 5088 δύναμις.
2488 5015 2704 5089 Ἐπειδὴ
2739 5015 2796 5071 δέ
2838 5017 2955 5070 ἐστι
2980 5015 3090 5070 τῶν
3131 5014 3371 5083 ἀτόπων,
3405 5013 3636 5067 τοιαῦτα
3669 5013 3799 5067 τολ-

2200 5109 2409 5182 μᾶσθαι
2445 5109 2598 5180 παρὰ
2631 5109 2910 5180 κληρικῶν
2942 5107 3084 5164 κατά
3115 5106 3225 5162 τῶν
3265 5107 3411 5162 ἰδίων
3443 5105 3800 5172 ἐπισκόπων,
3905 5164 3924 5182 ρ

2196 5203 2292 5256 καὶ
2343 5201 2607 5273 περιϊδεῖν
2663 5202 2946 5274 ἀμήχανον
2979 5200 3153 5269 αὐτὰ,
3211 5200 3614 5268 καταξιωσάτω
3657 5199 3695 5270 ἡ
3722 5201 3803 5271 σὴ

2196 5295 2417 5367 ὁσιότης
2456 5295 2528 5366 (εἰ
2557 5296 2658 5366 τῆς
2695 5295 3020 5367 Ἀντιοχέων
3047 5295 3166 5349 έστί
3197 5295 3418 5367 μακρὰν
3449 5296 3483 5366 ἠ
3515 5294 3694 5359 πόλις,
3721 5296 3804 5364 ἦν

2195 5389 2417 5444 διοικεῖν
2448 5388 2644 5461 ἔλαχεν
2670 5391 2698 5444 ὁ
2737 5390 3136 5463 μνημονευθείς
3192 5389 3615 5454 θεοσεϐέστατος
3669 5389 3802 5443 επί-

1595 5649 1772 5708 Varire
1800 5650 2068 5710 lectiones
2093 5650 2303 5712 codicis
2337 5651 2704 5727 Seguieriani.

581 5755 611 5787 ο
641 5749 750 5805 ἀπὸ
770 5751 888 5828 τῆς.
968 5765 993 5806 P
1029 5757 1118 5810 ὑπ’
1147 5757 1334 5816 αὐτόν.
