  <div class='ocr_page' id='page_1' title='image "/cluster/home/n/w/nwhite01/storage/ocr_20150623/77:no.10/coo.31924054869783/188.png"; bbox 0 0 4048 6452; ppageno 0'>
   <div class='ocr_carea' id='block_1_1' title="bbox 301 399 407 456">
    <p class='ocr_par' dir='ltr' id='par_1_1' title="bbox 301 399 407 456">
     <span class='ocr_line' id='line_1_1' title="bbox 301 399 407 456; baseline -0.019 0"><span class='ocrx_word' id='word_1_1' title='bbox 301 399 407 456; x_wconf 77' lang='grc'><strong>561</strong></span> 
     </span>
    </p>
   </div>
   <div class='ocr_carea' id='block_1_2' title="bbox 1590 391 2281 456">
    <p class='ocr_par' dir='ltr' id='par_1_2' title="bbox 1590 391 2281 456">
     <span class='ocr_line' id='line_1_2' title="bbox 1590 391 2281 456; baseline 0 -5"><span class='ocrx_word' id='word_1_2' title='bbox 1590 391 1949 455; x_wconf 56' lang='grc' dir='ltr'><strong>κΕΡΙδΤΟιΑ</strong></span> <span class='ocrx_word' id='word_1_3' title='bbox 1999 391 2281 456; x_wconf 71' lang='lat' dir='ltr'><strong>LXXVIII.</strong></span> 
     </span>
    </p>
   </div>
   <div class='ocr_carea' id='block_1_3' title="bbox 3486 395 3590 456">
    <p class='ocr_par' dir='ltr' id='par_1_3' title="bbox 3486 395 3590 456">
     <span class='ocr_line' id='line_1_3' title="bbox 3486 395 3590 456; baseline -0.01 0"><span class='ocrx_word' id='word_1_4' title='bbox 3486 395 3590 456; x_wconf 73' lang='lat'><strong>362</strong></span> 
     </span>
    </p>
   </div>
   <div class='ocr_carea' id='block_1_4' title="bbox 303 511 1919 588">
    <p class='ocr_par' dir='ltr' id='par_1_4' title="bbox 303 511 1902 588">
     <span class='ocr_line' id='line_1_4' title="bbox 303 511 1902 588; baseline -0.001 -17"><span class='ocrx_word' id='word_1_5' title='bbox 303 532 515 579; x_wconf 79' lang='grc' dir='ltr'>σκοπός</span> <span class='ocrx_word' id='word_1_6' title='bbox 550 511 898 580; x_wconf 73' lang='grc' dir='ltr'>Ἀθανάσιος)</span> <span class='ocrx_word' id='word_1_7' title='bbox 923 513 1034 567; x_wconf 81' lang='grc' dir='ltr'>τισὶ</span> <span class='ocrx_word' id='word_1_8' title='bbox 1063 513 1128 566; x_wconf 79' lang='grc' dir='ltr'>δι’</span> <span class='ocrx_word' id='word_1_9' title='bbox 1158 514 1374 569; x_wconf 99' lang='grc' dir='ltr'>οἰκείων</span> <span class='ocrx_word' id='word_1_10' title='bbox 1404 518 1752 588; x_wconf 83' lang='grc' dir='ltr'><strong>γραμμάτων</strong></span> <span class='ocrx_word' id='word_1_11' title='bbox 1785 519 1902 571; x_wconf 77' lang='grc' dir='ltr'>ἐπι-</span> 
     </span>
    </p>
   </div>
   <div class='ocr_carea' id='block_1_5' title="bbox 2022 511 3588 588">
    <p class='ocr_par' dir='ltr' id='par_1_5' title="bbox 2022 512 3588 582">
     <span class='ocr_line' id='line_1_5' title="bbox 2022 512 3588 582; baseline 0.006 -15"><span class='ocrx_word' id='word_1_12' title='bbox 2022 512 2337 582; x_wconf 68' lang='grc' dir='ltr'>ιυὶιηιεάοῐιι</span> <span class='ocrx_word' id='word_1_13' title='bbox 2371 525 2468 582; x_wconf 88' lang='lat' dir='ltr'><strong>per</strong></span> <span class='ocrx_word' id='word_1_14' title='bbox 2501 512 2752 582; x_wconf 82' lang='lat' dir='ltr'><strong>proprias</strong></span> <span class='ocrx_word' id='word_1_15' title='bbox 2793 513 3005 568; x_wconf 74' lang='lat' dir='ltr'><strong>litteras</strong></span> <span class='ocrx_word' id='word_1_16' title='bbox 3049 513 3388 575; x_wconf 73' lang='lat' dir='ltr'><strong>audientiam</strong></span> <span class='ocrx_word' id='word_1_17' title='bbox 3434 517 3588 576; x_wconf 41' lang='lat' dir='ltr'><strong>dele‘</strong></span> 
     </span>
    </p>
   </div>
   <div class='ocr_carea' id='block_1_6' title="bbox 299 604 1908 681">
    <p class='ocr_par' dir='ltr' id='par_1_6' title="bbox 299 604 1908 681">
     <span class='ocr_line' id='line_1_6' title="bbox 299 604 1908 681; baseline 0 -19"><span class='ocrx_word' id='word_1_18' title='bbox 299 609 511 681; x_wconf 78' lang='grc' dir='ltr'><strong>τρέψαι</strong></span> <span class='ocrx_word' id='word_1_19' title='bbox 538 607 639 678; x_wconf 81' lang='grc' dir='ltr'>τὴν</span> <span class='ocrx_word' id='word_1_20' title='bbox 663 605 956 678; x_wconf 80' lang='grc' dir='ltr'>ἀκρόασιν,</span> <span class='ocrx_word' id='word_1_21' title='bbox 981 604 1124 658; x_wconf 83' lang='grc' dir='ltr'>ὥστε</span> <span class='ocrx_word' id='word_1_22' title='bbox 1146 606 1445 677; x_wconf 82' lang='grc' dir='ltr'><strong>κληθέντας</strong></span> <span class='ocrx_word' id='word_1_23' title='bbox 1468 611 1596 674; x_wconf 82' lang='grc' dir='ltr'>τοὺς</span> <span class='ocrx_word' id='word_1_24' title='bbox 1618 609 1717 681; x_wconf 86' lang='grc' dir='ltr'><strong>τὴν</strong></span> <span class='ocrx_word' id='word_1_25' title='bbox 1739 609 1908 664; x_wconf 82' lang='grc' dir='ltr'>αἰτία-</span> 
     </span>
    </p>
   </div>
   <div class='ocr_carea' id='block_1_7' title="bbox 315 697 1907 773">
    <p class='ocr_par' dir='ltr' id='par_1_7' title="bbox 315 697 1907 773">
     <span class='ocr_line' id='line_1_7' title="bbox 315 697 1907 773; baseline -0.001 -18"><span class='ocrx_word' id='word_1_26' title='bbox 315 719 392 755; x_wconf 84' lang='grc' dir='ltr'><strong>σιν</strong></span> <span class='ocrx_word' id='word_1_27' title='bbox 417 711 448 750; x_wconf 69' lang='grc' dir='ltr'><strong>(ἱ</strong></span> <span class='ocrx_word' id='word_1_28' title='bbox 474 698 882 770; x_wconf 77' lang='grc' dir='ltr'>ὑπομένοντας,</span> <span class='ocrx_word' id='word_1_29' title='bbox 915 697 1384 770; x_wconf 83' lang='grc' dir='ltr'>ἀπολογήσασθαι,</span> <span class='ocrx_word' id='word_1_30' title='bbox 1417 701 1511 754; x_wconf 73' lang='grc' dir='ltr'>καὶ</span> <span class='ocrx_word' id='word_1_31' title='bbox 1545 704 1593 755; x_wconf 92' lang='grc' dir='ltr'><strong>εἰ</strong></span> <span class='ocrx_word' id='word_1_32' title='bbox 1636 701 1907 773; x_wconf 80' lang='grc' dir='ltr'>εὑρεθεῖεν</span> 
     </span>
    </p>
   </div>
   <div class='ocr_carea' id='block_1_8' title="bbox 310 791 1906 864">
    <p class='ocr_par' dir='ltr' id='par_1_8' title="bbox 310 791 1906 864">
     <span class='ocr_line' id='line_1_8' title="bbox 310 791 1906 864; baseline -0.001 -16"><span class='ocrx_word' id='word_1_33' title='bbox 310 795 485 864; x_wconf 75' lang='grc' dir='ltr'>ἔνοχοι</span> <span class='ocrx_word' id='word_1_34' title='bbox 513 795 631 855; x_wconf 85' lang='grc' dir='ltr'>τοῖς</span> <span class='ocrx_word' id='word_1_35' title='bbox 661 792 1008 862; x_wconf 72' lang='grc' dir='ltr'><strong>αἰτιάμασιν,</strong></span> <span class='ocrx_word' id='word_1_36' title='bbox 1055 791 1420 862; x_wconf 64' lang='grc' dir='ltr'>ἀπλισθῆσαι</span> <span class='ocrx_word' id='word_1_37' title='bbox 1471 793 1572 864; x_wconf 83' lang='grc' dir='ltr'><strong>τῆς</strong></span> <span class='ocrx_word' id='word_1_38' title='bbox 1606 793 1757 864; x_wconf 74' lang='grc' dir='ltr'>ἱερᾶς</span> <span class='ocrx_word' id='word_1_39' title='bbox 1795 793 1906 846; x_wconf 88' lang='grc' dir='ltr'>λει-</span> 
     </span>
    </p>
   </div>
   <div class='ocr_carea' id='block_1_9' title="bbox 304 883 1908 958">
    <p class='ocr_par' dir='ltr' id='par_1_9' title="bbox 304 883 1908 958">
     <span class='ocr_line' id='line_1_9' title="bbox 304 883 1908 958; baseline -0.001 -18"><span class='ocrx_word' id='word_1_40' title='bbox 304 886 594 958; x_wconf 81' lang='grc' dir='ltr'>τουργίας.</span> <span class='ocrx_word' id='word_1_41' title='bbox 637 887 706 938; x_wconf 86' lang='lat'><strong>&#39;0</strong></span> <span class='ocrx_word' id='word_1_42' title='bbox 726 883 840 954; x_wconf 81' lang='grc' dir='ltr'><strong>γάρ</strong></span> <span class='ocrx_word' id='word_1_43' title='bbox 862 883 1020 936; x_wconf 73' lang='grc' dir='ltr'>αὐτοὶ</span> <span class='ocrx_word' id='word_1_44' title='bbox 1062 883 1433 955; x_wconf 86' lang='grc' dir='ltr'>τετολμήκασι</span> <span class='ocrx_word' id='word_1_45' title='bbox 1471 884 1614 938; x_wconf 85' lang='grc' dir='ltr'>κατὰ</span> <span class='ocrx_word' id='word_1_46' title='bbox 1645 884 1742 939; x_wconf 80' lang='grc' dir='ltr'>τοῦ</span> <span class='ocrx_word' id='word_1_47' title='bbox 1778 886 1908 939; x_wconf 84' lang='grc' dir='ltr'>ἰδίου</span> 
     </span>
    </p>
   </div>
   <div class='ocr_carea' id='block_1_10' title="bbox 301 973 1906 1049">
    <p class='ocr_par' dir='ltr' id='par_1_10' title="bbox 301 973 1906 1049">
     <span class='ocr_line' id='line_1_10' title="bbox 301 973 1906 1049; baseline -0.001 -18"><span class='ocrx_word' id='word_1_48' title='bbox 301 978 542 1048; x_wconf 80' lang='grc' dir='ltr'>πατρὸς,</span> <span class='ocrx_word' id='word_1_49' title='bbox 573 975 738 1029; x_wconf 81' lang='grc' dir='ltr'>τοῦτο</span> <span class='ocrx_word' id='word_1_50' title='bbox 767 975 993 1028; x_wconf 81' lang='grc' dir='ltr'>πάθοιεν</span> <span class='ocrx_word' id='word_1_51' title='bbox 1021 973 1088 1028; x_wconf 79' lang='grc' dir='ltr'><strong>ἂν</strong></span> <span class='ocrx_word' id='word_1_52' title='bbox 1116 973 1361 1041; x_wconf 76' lang='grc' dir='ltr'><strong>δικαίως,</strong></span> <span class='ocrx_word' id='word_1_53' title='bbox 1396 976 1578 1047; x_wconf 82' lang='grc' dir='ltr'><strong>πάσης</strong></span> <span class='ocrx_word' id='word_1_54' title='bbox 1602 976 1906 1049; x_wconf 72' lang='grc' dir='ltr'>ἀλογήσανο</span> 
     </span>
    </p>
   </div>
   <div class='ocr_carea' id='block_1_11' title="bbox 297 1065 1910 1140">
    <p class='ocr_par' dir='ltr' id='par_1_11' title="bbox 297 1065 1910 1140">
     <span class='ocr_line' id='line_1_11' title="bbox 297 1065 1910 1140; baseline -0.002 -17"><span class='ocrx_word' id='word_1_55' title='bbox 297 1086 394 1133; x_wconf 86' lang='grc' dir='ltr'><strong>τες</strong></span> <span class='ocrx_word' id='word_1_56' title='bbox 424 1066 787 1129; x_wconf 80' lang='grc' dir='ltr'><strong>ἀκολουθίας,</strong></span> <span class='ocrx_word' id='word_1_57' title='bbox 822 1066 920 1119; x_wconf 75' lang='grc' dir='ltr'>καὶ</span> <span class='ocrx_word' id='word_1_58' title='bbox 951 1066 1130 1128; x_wconf 81' lang='grc' dir='ltr'>πάντα</span> <span class='ocrx_word' id='word_1_59' title='bbox 1165 1065 1368 1136; x_wconf 77' lang='grc' dir='ltr'>θεσμὸν</span> <span class='ocrx_word' id='word_1_60' title='bbox 1413 1067 1772 1140; x_wconf 74' lang='grc' dir='ltr'>ὑπερϐάντες,</span> <span class='ocrx_word' id='word_1_61' title='bbox 1815 1067 1910 1121; x_wconf 72' lang='grc' dir='ltr'><strong>καὶ</strong></span> 
     </span>
    </p>
   </div>
   <div class='ocr_carea' id='block_1_12' title="bbox 299 1153 1910 1229">
    <p class='ocr_par' dir='ltr' id='par_1_12' title="bbox 299 1153 1910 1229">
     <span class='ocr_line' id='line_1_12' title="bbox 299 1153 1910 1229; baseline -0.001 -19"><span class='ocrx_word' id='word_1_62' title='bbox 299 1157 441 1229; x_wconf 73' lang='grc' dir='ltr'>παρ’</span> <span class='ocrx_word' id='word_1_63' title='bbox 468 1155 632 1209; x_wconf 77' lang='grc' dir='ltr'>οὐδὲν</span> <span class='ocrx_word' id='word_1_64' title='bbox 655 1153 1026 1225; x_wconf 83' lang='grc' dir='ltr'>ποιησάμενοι</span> <span class='ocrx_word' id='word_1_65' title='bbox 1049 1154 1110 1207; x_wconf 84' lang='grc' dir='ltr'><strong>τὸ</strong></span> <span class='ocrx_word' id='word_1_66' title='bbox 1143 1153 1414 1225; x_wconf 79' lang='grc' dir='ltr'><strong>ἀτιμάσαι</strong></span> <span class='ocrx_word' id='word_1_67' title='bbox 1443 1155 1676 1226; x_wconf 79' lang='grc' dir='ltr'>πατέρα.</span> <span class='ocrx_word' id='word_1_68' title='bbox 1710 1156 1910 1224; x_wconf 82' lang='grc' dir='ltr'>Λέγον-</span> 
     </span>
    </p>
   </div>
   <div class='ocr_carea' id='block_1_13' title="bbox 298 1238 1908 1314">
    <p class='ocr_par' dir='ltr' id='par_1_13' title="bbox 298 1238 1908 1314">
     <span class='ocr_line' id='line_1_13' title="bbox 298 1238 1908 1314; baseline -0.002 -15"><span class='ocrx_word' id='word_1_69' title='bbox 298 1264 394 1300; x_wconf 87' lang='grc' dir='ltr'><strong>ται</strong></span> <span class='ocrx_word' id='word_1_70' title='bbox 423 1246 486 1299; x_wconf 84' lang='grc' dir='ltr'>δὲ</span> <span class='ocrx_word' id='word_1_71' title='bbox 523 1243 713 1299; x_wconf 83' lang='grc' dir='ltr'><strong>καἰοὺ</strong></span> <span class='ocrx_word' id='word_1_72' title='bbox 745 1243 841 1298; x_wconf 81' lang='grc' dir='ltr'>νῦν</span> <span class='ocrx_word' id='word_1_73' title='bbox 886 1243 1154 1314; x_wconf 83' lang='grc' dir='ltr'>πρότερον</span> <span class='ocrx_word' id='word_1_74' title='bbox 1196 1252 1218 1280; x_wconf 86' lang='grc' dir='ltr'>ι’</span> <span class='ocrx_word' id='word_1_75' title='bbox 1249 1241 1522 1314; x_wconf 75' lang='grc' dir='ltr'>ἄρξασθαι</span> <span class='ocrx_word' id='word_1_76' title='bbox 1555 1238 1696 1296; x_wconf 81' lang='grc' dir='ltr'>εἰναι</span> <span class='ocrx_word' id='word_1_77' title='bbox 1733 1240 1908 1296; x_wconf 83' lang='grc' dir='ltr'>τοιοῦ-</span> 
     </span>
    </p>
   </div>
   <div class='ocr_carea' id='block_1_14' title="bbox 297 1334 1912 1408">
    <p class='ocr_par' dir='ltr' id='par_1_14' title="bbox 297 1334 1912 1408">
     <span class='ocr_line' id='line_1_14' title="bbox 297 1334 1912 1408; baseline -0.004 -14"><span class='ocrx_word' id='word_1_78' title='bbox 297 1357 405 1405; x_wconf 87' lang='grc' dir='ltr'>τοι,</span> <span class='ocrx_word' id='word_1_79' title='bbox 453 1337 578 1393; x_wconf 81' lang='grc' dir='ltr'>ἀλλ’</span> <span class='ocrx_word' id='word_1_80' title='bbox 624 1337 730 1408; x_wconf 71' lang='grc' dir='ltr'>ήδη</span> <span class='ocrx_word' id='word_1_81' title='bbox 768 1335 1150 1404; x_wconf 85' lang='grc' dir='ltr'>κατεγνῶσθαι</span> <span class='ocrx_word' id='word_1_82' title='bbox 1195 1336 1290 1390; x_wconf 61' lang='grc' dir='ltr'><strong>καὶ¹</strong></span> <span class='ocrx_word' id='word_1_83' title='bbox 1331 1336 1425 1388; x_wconf 64' lang='grc' dir='ltr'><strong>ἐπὶ</strong></span> <span class='ocrx_word' id='word_1_84' title='bbox 1452 1335 1666 1400; x_wconf 78' lang='grc' dir='ltr'><strong>πολλοῖς</strong></span> <span class='ocrx_word' id='word_1_85' title='bbox 1696 1334 1778 1390; x_wconf 70' lang='grc' dir='ltr'>ἔτι</span> <span class='ocrx_word' id='word_1_86' title='bbox 1802 1336 1912 1406; x_wconf 86' lang='grc' dir='ltr'>χεί-</span> 
     </span>
    </p>
   </div>
   <div class='ocr_carea' id='block_1_15' title="bbox 301 1425 1910 1501">
    <p class='ocr_par' dir='ltr' id='par_1_15' title="bbox 301 1425 1910 1501">
     <span class='ocr_line' id='line_1_15' title="bbox 301 1425 1910 1501; baseline -0.001 -18"><span class='ocrx_word' id='word_1_87' title='bbox 301 1447 423 1501; x_wconf 83' lang='grc' dir='ltr'>ροσι</span> <span class='ocrx_word' id='word_1_88' title='bbox 478 1431 583 1486; x_wconf 83' lang='grc' dir='ltr'>καὶ</span> <span class='ocrx_word' id='word_1_89' title='bbox 634 1426 895 1500; x_wconf 78' lang='grc' dir='ltr'>θρασέσιν</span> <span class='ocrx_word' id='word_1_90' title='bbox 926 1427 1312 1497; x_wconf 77' lang='grc' dir='ltr'><strong>ἐγχειρήμασι.</strong></span> <span class='ocrx_word' id='word_1_91' title='bbox 1348 1427 1553 1482; x_wconf 77' lang='grc' dir='ltr'>Φάσκει</span> <span class='ocrx_word' id='word_1_92' title='bbox 1581 1426 1639 1480; x_wconf 85' lang='grc' dir='ltr'><strong>δὲ</strong></span> <span class='ocrx_word' id='word_1_93' title='bbox 1669 1425 1910 1481; x_wconf 78' lang='grc' dir='ltr'>ὕποπτον</span> 
     </span>
    </p>
   </div>
   <div class='ocr_carea' id='block_1_16' title="bbox 297 1513 1910 1594">
    <p class='ocr_par' dir='ltr' id='par_1_16' title="bbox 297 1513 1910 1594">
     <span class='ocr_line' id='line_1_16' title="bbox 297 1513 1910 1594; baseline -0.001 -20"><span class='ocrx_word' id='word_1_94' title='bbox 297 1521 449 1594; x_wconf 77' lang='grc' dir='ltr'>ἔχειν</span> <span class='ocrx_word' id='word_1_95' title='bbox 474 1531 498 1559; x_wconf 70' lang='grc' dir='ltr'><strong>ε</strong></span> <span class='ocrx_word' id='word_1_96' title='bbox 524 1520 624 1574; x_wconf 78' lang='grc' dir='ltr'><strong>τὸν</strong></span> <span class='ocrx_word' id='word_1_97' title='bbox 651 1518 893 1588; x_wconf 81' lang='grc' dir='ltr'>λαχόντα</span> <span class='ocrx_word' id='word_1_98' title='bbox 911 1513 1012 1571; x_wconf 64' lang='grc' dir='ltr'>’νῦν</span> <span class='ocrx_word' id='word_1_99' title='bbox 1037 1517 1116 1579; x_wconf 88' lang='grc' dir='ltr'><strong>εἰς</strong></span> <span class='ocrx_word' id='word_1_100' title='bbox 1137 1517 1198 1570; x_wconf 85' lang='grc' dir='ltr'>τὸ</span> <span class='ocrx_word' id='word_1_101' title='bbox 1221 1517 1680 1588; x_wconf 83' lang='grc' dir='ltr'>μητροπολιτικὸν</span> <span class='ocrx_word' id='word_1_102' title='bbox 1701 1515 1910 1573; x_wconf 87' lang='grc' dir='ltr'>δίκαιον</span> 
     </span>
    </p>
   </div>
   <div class='ocr_carea' id='block_1_17' title="bbox 298 1596 1910 1690">
    <p class='ocr_par' dir='ltr' id='par_1_17' title="bbox 298 1596 1910 1690">
     <span class='ocr_line' id='line_1_17' title="bbox 298 1596 1910 1690; baseline -0.003 -25"><span class='ocrx_word' id='word_1_103' title='bbox 298 1614 398 1684; x_wconf 79' lang='grc' dir='ltr'>τῆς</span> <span class='ocrx_word' id='word_1_104' title='bbox 426 1596 862 1690; x_wconf 24' lang='grc' dir='ltr'>ὲνορίαςὲρὲξκῆς</span> <span class='ocrx_word' id='word_1_105' title='bbox 887 1609 1026 1661; x_wconf 82' lang='grc' dir='ltr'>ἐστι·</span> <span class='ocrx_word' id='word_1_106' title='bbox 1059 1607 1173 1672; x_wconf 78' lang='grc' dir='ltr'>καὶ,</span> <span class='ocrx_word' id='word_1_107' title='bbox 1193 1607 1270 1670; x_wconf 83' lang='grc' dir='ltr'>ὡς</span> <span class='ocrx_word' id='word_1_108' title='bbox 1305 1607 1441 1679; x_wconf 79' lang='grc' dir='ltr'>ἔφην</span> <span class='ocrx_word' id='word_1_109' title='bbox 1463 1609 1588 1680; x_wconf 67' lang='grc' dir='ltr'>ἤδη,</span> <span class='ocrx_word' id='word_1_110' title='bbox 1616 1609 1678 1663; x_wconf 86' lang='grc' dir='ltr'>τὸ</span> <span class='ocrx_word' id='word_1_111' title='bbox 1704 1609 1910 1665; x_wconf 79' lang='grc' dir='ltr'>λυποῦν</span> 
     </span>
    </p>
   </div>
   <div class='ocr_carea' id='block_1_18' title="bbox 298 1693 1906 1774">
    <p class='ocr_par' dir='ltr' id='par_1_18' title="bbox 298 1693 1906 1774">
     <span class='ocr_line' id='line_1_18' title="bbox 298 1693 1906 1774; baseline -0.001 -16"><span class='ocrx_word' id='word_1_112' title='bbox 298 1704 486 1772; x_wconf 73' lang='grc' dir='ltr'>οὐδὲν,</span> <span class='ocrx_word' id='word_1_113' title='bbox 520 1693 735 1770; x_wconf 70' lang='grc' dir='ltr'>ἐξεῖναι</span> <span class='ocrx_word' id='word_1_114' title='bbox 789 1699 918 1764; x_wconf 84' lang='grc' dir='ltr'>τοὺς</span> <span class='ocrx_word' id='word_1_115' title='bbox 957 1701 1016 1752; x_wconf 77' lang='grc' dir='ltr'>ὲν</span> <span class='ocrx_word' id='word_1_116' title='bbox 1055 1698 1261 1771; x_wconf 74' lang='grc' dir='ltr'>ὑποψίᾳ</span> <span class='ocrx_word' id='word_1_117' title='bbox 1317 1699 1392 1772; x_wconf 84' lang='grc' dir='ltr'><strong>μὴ</strong></span> <span class='ocrx_word' id='word_1_118' title='bbox 1447 1699 1690 1766; x_wconf 77' lang='grc' dir='ltr'>δικάζειν</span> <span class='ocrx_word' id='word_1_119' title='bbox 1736 1702 1906 1774; x_wconf 83' lang='grc' dir='ltr'>αὐτῷ.</span> 
     </span>
    </p>
   </div>
   <div class='ocr_carea' id='block_1_19' title="bbox 301 1792 1910 1871">
    <p class='ocr_par' dir='ltr' id='par_1_19' title="bbox 301 1792 1910 1871">
     <span class='ocr_line' id='line_1_19' title="bbox 301 1792 1910 1871; baseline -0.002 -18"><span class='ocrx_word' id='word_1_120' title='bbox 301 1799 590 1871; x_wconf 77' lang='grc' dir='ltr'>Πρόσειπε</span> <span class='ocrx_word' id='word_1_121' title='bbox 618 1794 723 1866; x_wconf 82' lang='grc' dir='ltr'><strong>τὴν</strong></span> <span class='ocrx_word' id='word_1_122' title='bbox 753 1793 910 1864; x_wconf 78' lang='grc' dir='ltr'>παρὰ</span> <span class='ocrx_word' id='word_1_123' title='bbox 941 1793 1025 1846; x_wconf 76' lang='grc' dir='ltr'><strong>σοὶ</strong></span> <span class='ocrx_word' id='word_1_124' title='bbox 1051 1792 1419 1864; x_wconf 73' lang='grc' dir='ltr'>ἀδελφότηταο</span> <span class='ocrx_word' id='word_1_125' title='bbox 1452 1793 1511 1847; x_wconf 81' lang='grc' dir='ltr'>σὲ</span> <span class='ocrx_word' id='word_1_126' title='bbox 1558 1796 1592 1866; x_wconf 79' lang='grc' dir='ltr'><strong>ἡ</strong></span> <span class='ocrx_word' id='word_1_127' title='bbox 1635 1795 1732 1848; x_wconf 82' lang='grc' dir='ltr'><strong>σὺν</strong></span> <span class='ocrx_word' id='word_1_128' title='bbox 1785 1797 1910 1864; x_wconf 71' lang='grc' dir='ltr'>ἐμοὶ</span> 
     </span>
    </p>
   </div>
   <div class='ocr_carea' id='block_1_20' title="bbox 301 1886 1049 1963">
    <p class='ocr_par' dir='ltr' id='par_1_20' title="bbox 301 1886 1049 1963">
     <span class='ocr_line' id='line_1_20' title="bbox 301 1886 1049 1963; baseline -0.009 -17"><span class='ocrx_word' id='word_1_129' title='bbox 301 1893 362 1945; x_wconf 77' lang='grc' dir='ltr'>ἰν</span> <span class='ocrx_word' id='word_1_130' title='bbox 381 1889 586 1963; x_wconf 79' lang='grc' dir='ltr'>Κυρίῳ</span> <span class='ocrx_word' id='word_1_131' title='bbox 618 1886 1049 1958; x_wconf 79' lang='grc' dir='ltr'>προσαγορεύει.</span> 
     </span>
    </p>
   </div>
   <div class='ocr_carea' id='block_1_21' title="bbox 2009 603 3592 681">
    <p class='ocr_par' dir='ltr' id='par_1_21' title="bbox 2009 603 3592 681">
     <span class='ocr_line' id='line_1_21' title="bbox 2009 603 3592 681; baseline 0.005 -23"><span class='ocrx_word' id='word_1_132' title='bbox 2009 618 2164 674; x_wconf 80' lang='lat' dir='ltr'><strong>gare;</strong></span> <span class='ocrx_word' id='word_1_133' title='bbox 2199 612 2474 673; x_wconf 86' lang='lat' dir='ltr'><strong>quatenus</strong></span> <span class='ocrx_word' id='word_1_134' title='bbox 2499 603 2712 657; x_wconf 91' lang='lat' dir='ltr'><strong>evocati</strong></span> <span class='ocrx_word' id='word_1_135' title='bbox 2739 603 2795 657; x_wconf 88' lang='lat' dir='ltr'><strong>hi</strong></span> <span class='ocrx_word' id='word_1_136' title='bbox 2815 604 2910 675; x_wconf 86' lang='lat' dir='ltr'><strong>qui</strong></span> <span class='ocrx_word' id='word_1_137' title='bbox 2932 607 3174 661; x_wconf 84' lang='lat' dir='ltr'><strong>accusati</strong></span> <span class='ocrx_word' id='word_1_138' title='bbox 3195 616 3344 674; x_wconf 90' lang='lat' dir='ltr'><strong>sunt,</strong></span> <span class='ocrx_word' id='word_1_139' title='bbox 3363 623 3592 681; x_wconf 75' lang='lat' dir='ltr'><strong>respon-</strong></span> 
     </span>
    </p>
   </div>
   <div class='ocr_carea' id='block_1_22' title="bbox 2010 690 3592 764">
    <p class='ocr_par' dir='ltr' id='par_1_22' title="bbox 2010 690 3592 764">
     <span class='ocr_line' id='line_1_22' title="bbox 2010 690 3592 764; baseline 0.006 -19"><span class='ocrx_word' id='word_1_140' title='bbox 2010 693 2204 758; x_wconf 84' lang='lat' dir='ltr'><strong>deant;</strong></span> <span class='ocrx_word' id='word_1_141' title='bbox 2239 691 2369 749; x_wconf 91' lang='lat' dir='ltr'><strong>etsi</strong></span> <span class='ocrx_word' id='word_1_142' title='bbox 2416 690 2626 746; x_wconf 87' lang='lat' dir='ltr'><strong>inventi</strong></span> <span class='ocrx_word' id='word_1_143' title='bbox 2679 690 2889 747; x_wconf 83' lang='lat' dir='ltr'><strong>fuerint</strong></span> <span class='ocrx_word' id='word_1_144' title='bbox 2937 695 3385 752; x_wconf 85' lang='lat' dir='ltr'><strong>accusationibus</strong></span> <span class='ocrx_word' id='word_1_145' title='bbox 3422 699 3525 764; x_wconf 85' lang='lat' dir='ltr'><strong>rei,</strong></span> <span class='ocrx_word' id='word_1_146' title='bbox 3561 717 3592 755; x_wconf 91' lang='lat' dir='ltr'><strong>a</strong></span> 
     </span>
    </p>
   </div>
   <div class='ocr_carea' id='block_1_23' title="bbox 2011 779 3594 858">
    <p class='ocr_par' dir='ltr' id='par_1_23' title="bbox 2011 779 3594 858">
     <span class='ocr_line' id='line_1_23' title="bbox 2011 779 3594 858; baseline 0.006 -20"><span class='ocrx_word' id='word_1_147' title='bbox 2011 798 2168 839; x_wconf 86' lang='lat' dir='ltr'><strong>sacro</strong></span> <span class='ocrx_word' id='word_1_148' title='bbox 2193 782 2504 840; x_wconf 88' lang='lat' dir='ltr'><strong>ministerio</strong></span> <span class='ocrx_word' id='word_1_149' title='bbox 2533 782 2814 845; x_wconf 77' lang='lat' dir='ltr'><strong>decidant,</strong></span> <span class='ocrx_word' id='word_1_150' title='bbox 2841 779 3000 851; x_wconf 78' lang='grc' dir='ltr'><strong>ρυοά</strong></span> <span class='ocrx_word' id='word_1_151' title='bbox 3026 786 3176 842; x_wconf 84' lang='lat' dir='ltr'><strong>enim</strong></span> <span class='ocrx_word' id='word_1_152' title='bbox 3200 787 3304 858; x_wconf 88' lang='lat' dir='ltr'><strong>ipsi</strong></span> <span class='ocrx_word' id='word_1_153' title='bbox 3326 789 3594 847; x_wconf 85' lang='lat' dir='ltr'><strong>adversus</strong></span> 
     </span>
    </p>
   </div>
   <div class='ocr_carea' id='block_1_24' title="bbox 2010 877 3592 950">
    <p class='ocr_par' dir='ltr' id='par_1_24' title="bbox 2010 877 3592 950">
     <span class='ocr_line' id='line_1_24' title="bbox 2010 877 3592 950; baseline 0.005 -20"><span class='ocrx_word' id='word_1_154' title='bbox 2010 884 2223 946; x_wconf 88' lang='lat' dir='ltr'><strong>patrem</strong></span> <span class='ocrx_word' id='word_1_155' title='bbox 2253 877 2544 947; x_wconf 89' lang='lat' dir='ltr'><strong>proprium</strong></span> <span class='ocrx_word' id='word_1_156' title='bbox 2565 885 3064 946; x_wconf 66' lang='lat' dir='ltr'><strong>praesumpserunt,</strong></span> <span class='ocrx_word' id='word_1_157' title='bbox 3103 877 3213 934; x_wconf 89' lang='lat' dir='ltr'><strong>hoc</strong></span> <span class='ocrx_word' id='word_1_158' title='bbox 3238 881 3384 950; x_wconf 89' lang='lat' dir='ltr'><strong>juste</strong></span> <span class='ocrx_word' id='word_1_159' title='bbox 3422 883 3592 938; x_wconf 86' lang='lat' dir='ltr'><strong>susti-</strong></span> 
     </span>
    </p>
   </div>
   <div class='ocr_carea' id='block_1_25' title="bbox 2011 967 3594 1040">
    <p class='ocr_par' dir='ltr' id='par_1_25' title="bbox 2011 967 3594 1040">
     <span class='ocr_line' id='line_1_25' title="bbox 2011 967 3594 1040; baseline 0.004 -18"><span class='ocrx_word' id='word_1_160' title='bbox 2011 974 2199 1035; x_wconf 89' lang='lat' dir='ltr'><strong>neant,</strong></span> <span class='ocrx_word' id='word_1_161' title='bbox 2240 967 2462 1038; x_wconf 83' lang='lat' dir='ltr'><strong>quando</strong></span> <span class='ocrx_word' id='word_1_162' title='bbox 2490 982 2711 1022; x_wconf 90' lang='lat' dir='ltr'><strong>omnem</strong></span> <span class='ocrx_word' id='word_1_163' title='bbox 2742 969 3196 1039; x_wconf 86' lang='lat' dir='ltr'><strong>consequentiam</strong></span> <span class='ocrx_word' id='word_1_164' title='bbox 3223 974 3594 1040; x_wconf 70' lang='lat' dir='ltr'><strong>praetermise-</strong></span> 
     </span>
    </p>
   </div>
   <div class='ocr_carea' id='block_1_26' title="bbox 2013 1059 3594 1135">
    <p class='ocr_par' dir='ltr' id='par_1_26' title="bbox 2013 1059 3594 1135">
     <span class='ocr_line' id='line_1_26' title="bbox 2013 1059 3594 1135; baseline 0.005 -21"><span class='ocrx_word' id='word_1_165' title='bbox 2013 1068 2164 1125; x_wconf 88' lang='lat' dir='ltr'><strong>runt,</strong></span> <span class='ocrx_word' id='word_1_166' title='bbox 2181 1066 2237 1114; x_wconf 92' lang='lat' dir='ltr'><strong>et</strong></span> <span class='ocrx_word' id='word_1_167' title='bbox 2254 1073 2472 1114; x_wconf 89' lang='lat' dir='ltr'><strong>omnem</strong></span> <span class='ocrx_word' id='word_1_168' title='bbox 2495 1059 2672 1131; x_wconf 75' lang='lat' dir='ltr'><strong>legem</strong></span> <span class='ocrx_word' id='word_1_169' title='bbox 2691 1059 3080 1116; x_wconf 82' lang='lat' dir='ltr'><strong>transcendere</strong></span> <span class='ocrx_word' id='word_1_170' title='bbox 3105 1077 3594 1135; x_wconf 65' lang='lat' dir='ltr'><strong>praesumpserunt,</strong></span> 
     </span>
    </p>
   </div>
   <div class='ocr_carea' id='block_1_27' title="bbox 2012 1149 3596 1222">
    <p class='ocr_par' dir='ltr' id='par_1_27' title="bbox 2012 1149 3596 1222">
     <span class='ocr_line' id='line_1_27' title="bbox 2012 1149 3596 1222; baseline 0.004 -15"><span class='ocrx_word' id='word_1_171' title='bbox 2012 1158 2071 1207; x_wconf 86' lang='lat' dir='ltr'><strong>et</strong></span> <span class='ocrx_word' id='word_1_172' title='bbox 2102 1165 2206 1220; x_wconf 91' lang='lat' dir='ltr'><strong>pro</strong></span> <span class='ocrx_word' id='word_1_173' title='bbox 2236 1149 2414 1206; x_wconf 88' lang='lat' dir='ltr'><strong>nihilo</strong></span> <span class='ocrx_word' id='word_1_174' title='bbox 2448 1163 2570 1206; x_wconf 84' lang='lat' dir='ltr'><strong>esse</strong></span> <span class='ocrx_word' id='word_1_175' title='bbox 2597 1150 2990 1222; x_wconf 76' lang='lat' dir='ltr'><strong>judicavenunt</strong></span> <span class='ocrx_word' id='word_1_176' title='bbox 3034 1161 3379 1210; x_wconf 89' lang='lat' dir='ltr'><strong>senectutem</strong></span> <span class='ocrx_word' id='word_1_177' title='bbox 3425 1158 3596 1213; x_wconf 76' lang='lat' dir='ltr'><strong>exho-</strong></span> 
     </span>
    </p>
   </div>
   <div class='ocr_carea' id='block_1_28' title="bbox 2012 1242 3598 1318">
    <p class='ocr_par' dir='ltr' id='par_1_28' title="bbox 2012 1242 3598 1318">
     <span class='ocr_line' id='line_1_28' title="bbox 2012 1242 3598 1318; baseline 0.004 -20"><span class='ocrx_word' id='word_1_178' title='bbox 2012 1258 2213 1299; x_wconf 90' lang='lat' dir='ltr'><strong>norare</strong></span> <span class='ocrx_word' id='word_1_179' title='bbox 2242 1243 2437 1314; x_wconf 86' lang='lat' dir='ltr'><strong>patris.</strong></span> <span class='ocrx_word' id='word_1_180' title='bbox 2480 1242 2752 1299; x_wconf 83' lang='lat' dir='ltr'><strong>Dicuntur</strong></span> <span class='ocrx_word' id='word_1_181' title='bbox 2789 1253 2975 1300; x_wconf 86' lang='lat' dir='ltr'><strong>autem</strong></span> <span class='ocrx_word' id='word_1_182' title='bbox 3007 1259 3118 1300; x_wconf 88' lang='lat' dir='ltr'><strong>non</strong></span> <span class='ocrx_word' id='word_1_183' title='bbox 3163 1247 3329 1302; x_wconf 89' lang='lat' dir='ltr'><strong>modo</strong></span> <span class='ocrx_word' id='word_1_184' title='bbox 3358 1249 3598 1318; x_wconf 91' lang='lat' dir='ltr'><strong>primum</strong></span> 
     </span>
    </p>
   </div>
   <div class='ocr_carea' id='block_1_29' title="bbox 2013 1333 3604 1409">
    <p class='ocr_par' dir='ltr' id='par_1_29' title="bbox 2013 1333 3604 1409">
     <span class='ocr_line' id='line_1_29' title="bbox 2013 1333 3604 1409; baseline 0.004 -19"><span class='ocrx_word' id='word_1_185' title='bbox 2013 1334 2150 1390; x_wconf 85' lang='lat' dir='ltr'><strong>tales</strong></span> <span class='ocrx_word' id='word_1_186' title='bbox 2179 1349 2302 1390; x_wconf 85' lang='lat' dir='ltr'><strong>esse</strong></span> <span class='ocrx_word' id='word_1_187' title='bbox 2336 1333 2590 1405; x_wconf 75' lang='lat' dir='ltr'><strong>coepisse,</strong></span> <span class='ocrx_word' id='word_1_188' title='bbox 2612 1334 2711 1390; x_wconf 89' lang='lat' dir='ltr'><strong>sed</strong></span> <span class='ocrx_word' id='word_1_189' title='bbox 2741 1335 2854 1406; x_wconf 89' lang='lat' dir='ltr'><strong>jam</strong></span> <span class='ocrx_word' id='word_1_190' title='bbox 2900 1335 2958 1391; x_wconf 90' lang='lat' dir='ltr'><strong>in</strong></span> <span class='ocrx_word' id='word_1_191' title='bbox 2999 1337 3189 1393; x_wconf 87' lang='lat' dir='ltr'><strong>multis</strong></span> <span class='ocrx_word' id='word_1_192' title='bbox 3232 1338 3439 1409; x_wconf 89' lang='lat' dir='ltr'><strong>culpati</strong></span> <span class='ocrx_word' id='word_1_193' title='bbox 3474 1351 3604 1404; x_wconf 81' lang='lat' dir='ltr'><strong>sunt</strong></span> 
     </span>
    </p>
   </div>
   <div class='ocr_carea' id='block_1_30' title="bbox 2012 1428 3607 1502">
    <p class='ocr_par' dir='ltr' id='par_1_30' title="bbox 2012 1428 3607 1502">
     <span class='ocr_line' id='line_1_30' title="bbox 2012 1428 3607 1502; baseline 0.004 -18"><span class='ocrx_word' id='word_1_194' title='bbox 2012 1429 2196 1486; x_wconf 85' lang='lat' dir='ltr'><strong>adhuc</strong></span> <span class='ocrx_word' id='word_1_195' title='bbox 2225 1428 2385 1486; x_wconf 84' lang='lat' dir='ltr'><strong>valde</strong></span> <span class='ocrx_word' id='word_1_196' title='bbox 2404 1429 2691 1501; x_wconf 76' lang='lat' dir='ltr'><strong>peioribus</strong></span> <span class='ocrx_word' id='word_1_197' title='bbox 2724 1430 3235 1502; x_wconf 87' lang='lat' dir='ltr'><strong>asperioribusquc.</strong></span> <span class='ocrx_word' id='word_1_198' title='bbox 3267 1434 3478 1490; x_wconf 83' lang='lat' dir='ltr'><strong>Asserit</strong></span> <span class='ocrx_word' id='word_1_199' title='bbox 3507 1451 3607 1491; x_wconf 87' lang='lat' dir='ltr'><strong>nu-</strong></span> 
     </span>
    </p>
   </div>
   <div class='ocr_carea' id='block_1_31' title="bbox 2013 1521 3604 1596">
    <p class='ocr_par' dir='ltr' id='par_1_31' title="bbox 2013 1521 3604 1596">
     <span class='ocr_line' id='line_1_31' title="bbox 2013 1521 3604 1596; baseline 0.004 -20"><span class='ocrx_word' id='word_1_200' title='bbox 2013 1530 2125 1576; x_wconf 87' lang='lat' dir='ltr'><strong>tem</strong></span> <span class='ocrx_word' id='word_1_201' title='bbox 2159 1535 2286 1576; x_wconf 88' lang='lat' dir='ltr'><strong>eum</strong></span> <span class='ocrx_word' id='word_1_202' title='bbox 2318 1535 2377 1575; x_wconf 87' lang='lat' dir='ltr'><strong>se</strong></span> <span class='ocrx_word' id='word_1_203' title='bbox 2419 1529 2738 1591; x_wconf 81' lang='lat' dir='ltr'><strong>suspectum</strong></span> <span class='ocrx_word' id='word_1_204' title='bbox 2773 1521 2999 1590; x_wconf 89' lang='lat' dir='ltr'><strong>habere,</strong></span> <span class='ocrx_word' id='word_1_205' title='bbox 3045 1522 3142 1594; x_wconf 90' lang='lat' dir='ltr'><strong>qui</strong></span> <span class='ocrx_word' id='word_1_206' title='bbox 3181 1539 3333 1580; x_wconf 89' lang='lat' dir='ltr'><strong>nunc</strong></span> <span class='ocrx_word' id='word_1_207' title='bbox 3360 1525 3450 1596; x_wconf 82' lang='lat' dir='ltr'><strong>jus</strong></span> <span class='ocrx_word' id='word_1_208' title='bbox 3484 1542 3604 1583; x_wconf 86' lang='lat' dir='ltr'><strong>me-</strong></span> 
     </span>
    </p>
   </div>
   <div class='ocr_carea' id='block_1_32' title="bbox 2014 1611 3607 1685">
    <p class='ocr_par' dir='ltr' id='par_1_32' title="bbox 2014 1611 3607 1685">
     <span class='ocr_line' id='line_1_32' title="bbox 2014 1611 3607 1685; baseline 0.002 -17"><span class='ocrx_word' id='word_1_209' title='bbox 2014 1612 2388 1683; x_wconf 86' lang='lat' dir='ltr'><strong>tropoliticum</strong></span> <span class='ocrx_word' id='word_1_210' title='bbox 2409 1611 2710 1683; x_wconf 66' lang='lat' dir='ltr'><strong>provinciae</strong></span> <span class='ocrx_word' id='word_1_211' title='bbox 2737 1612 2973 1679; x_wconf 85' lang='lat' dir='ltr'><strong>obtinet,</strong></span> <span class='ocrx_word' id='word_1_212' title='bbox 3001 1629 3072 1669; x_wconf 76' lang='lat' dir='ltr'><strong>ex</strong></span> <span class='ocrx_word' id='word_1_213' title='bbox 3091 1628 3200 1685; x_wconf 90' lang='lat' dir='ltr'><strong>qua</strong></span> <span class='ocrx_word' id='word_1_214' title='bbox 3219 1623 3338 1683; x_wconf 87' lang='lat' dir='ltr'><strong>est;</strong></span> <span class='ocrx_word' id='word_1_215' title='bbox 3359 1623 3436 1681; x_wconf 92' lang='lat' dir='ltr'><strong>et,</strong></span> <span class='ocrx_word' id='word_1_216' title='bbox 3459 1617 3607 1672; x_wconf 87' lang='lat' dir='ltr'><strong>sicut</strong></span> 
     </span>
    </p>
   </div>
   <div class='ocr_carea' id='block_1_33' title="bbox 2009 1702 3600 1778">
    <p class='ocr_par' dir='ltr' id='par_1_33' title="bbox 2009 1702 3600 1778">
     <span class='ocr_line' id='line_1_33' title="bbox 2009 1702 3600 1778; baseline 0.003 -20"><span class='ocrx_word' id='word_1_217' title='bbox 2009 1705 2120 1776; x_wconf 90' lang='lat' dir='ltr'><strong>jam</strong></span> <span class='ocrx_word' id='word_1_218' title='bbox 2143 1704 2280 1768; x_wconf 81' lang='lat' dir='ltr'><strong>dixi,</strong></span> <span class='ocrx_word' id='word_1_219' title='bbox 2303 1703 2444 1759; x_wconf 94' lang='lat' dir='ltr'><strong>nihil</strong></span> <span class='ocrx_word' id='word_1_220' title='bbox 2464 1702 2685 1759; x_wconf 87' lang='lat' dir='ltr'><strong>molesti</strong></span> <span class='ocrx_word' id='word_1_221' title='bbox 2705 1712 2810 1770; x_wconf 88' lang='lat' dir='ltr'><strong>est,</strong></span> <span class='ocrx_word' id='word_1_222' title='bbox 2830 1704 2877 1759; x_wconf 88' lang='lat' dir='ltr'><strong>si</strong></span> <span class='ocrx_word' id='word_1_223' title='bbox 2899 1704 2970 1761; x_wconf 91' lang='lat' dir='ltr'><strong>iis</strong></span> <span class='ocrx_word' id='word_1_224' title='bbox 2989 1706 3086 1776; x_wconf 87' lang='lat' dir='ltr'><strong>qui</strong></span> <span class='ocrx_word' id='word_1_225' title='bbox 3108 1705 3162 1762; x_wconf 89' lang='lat' dir='ltr'><strong>ei</strong></span> <span class='ocrx_word' id='word_1_226' title='bbox 3189 1708 3434 1778; x_wconf 90' lang='lat' dir='ltr'><strong>suspecti</strong></span> <span class='ocrx_word' id='word_1_227' title='bbox 3451 1717 3600 1773; x_wconf 86' lang='lat' dir='ltr'><strong>sunt,</strong></span> 
     </span>
    </p>
   </div>
   <div class='ocr_carea' id='block_1_34' title="bbox 2009 1793 3602 1869">
    <p class='ocr_par' dir='ltr' id='par_1_34' title="bbox 2009 1793 3602 1869">
     <span class='ocr_line' id='line_1_34' title="bbox 2009 1793 3602 1869; baseline 0.003 -19"><span class='ocrx_word' id='word_1_228' title='bbox 2009 1795 2260 1867; x_wconf 86' lang='lat' dir='ltr'><strong>judicare</strong></span> <span class='ocrx_word' id='word_1_229' title='bbox 2277 1811 2390 1851; x_wconf 91' lang='lat' dir='ltr'><strong>non</strong></span> <span class='ocrx_word' id='word_1_230' title='bbox 2409 1793 2596 1851; x_wconf 91' lang='lat' dir='ltr'><strong>liceat.</strong></span> <span class='ocrx_word' id='word_1_231' title='bbox 2617 1795 2718 1851; x_wconf 88' lang='lat' dir='ltr'><strong>Dic</strong></span> <span class='ocrx_word' id='word_1_232' title='bbox 2736 1794 3096 1864; x_wconf 83' lang='lat' dir='ltr'><strong>fraternitati,</strong></span> <span class='ocrx_word' id='word_1_233' title='bbox 3114 1813 3237 1868; x_wconf 67' lang='lat' dir='ltr'><strong>quae</strong></span> <span class='ocrx_word' id='word_1_234' title='bbox 3259 1797 3407 1869; x_wconf 89' lang='lat' dir='ltr'><strong>apud</strong></span> <span class='ocrx_word' id='word_1_235' title='bbox 3427 1807 3480 1854; x_wconf 93' lang='lat' dir='ltr'><strong>te</strong></span> <span class='ocrx_word' id='word_1_236' title='bbox 3496 1808 3602 1866; x_wconf 88' lang='lat' dir='ltr'><strong>est,</strong></span> 
     </span>
    </p>
   </div>
   <div class='ocr_carea' id='block_1_35' title="bbox 1938 1885 3530 1960">
    <p class='ocr_par' dir='ltr' id='par_1_35' title="bbox 1938 1885 3530 1960">
     <span class='ocr_line' id='line_1_35' title="bbox 1938 1885 3530 1960; baseline -0.001 -14"><span class='ocrx_word' id='word_1_237' title='bbox 1938 1885 1986 1946; x_wconf 87' lang='lat' dir='ltr'><strong>B</strong></span> <span class='ocrx_word' id='word_1_238' title='bbox 2014 1885 2276 1954; x_wconf 88' lang='lat' dir='ltr'><strong>salutem;</strong></span> <span class='ocrx_word' id='word_1_239' title='bbox 2311 1887 2514 1943; x_wconf 90' lang='lat' dir='ltr'><strong>salutat</strong></span> <span class='ocrx_word' id='word_1_240' title='bbox 2534 1893 2587 1942; x_wconf 90' lang='lat' dir='ltr'><strong>te</strong></span> <span class='ocrx_word' id='word_1_241' title='bbox 2607 1885 2664 1942; x_wconf 91' lang='lat' dir='ltr'><strong>in</strong></span> <span class='ocrx_word' id='word_1_242' title='bbox 2686 1886 2943 1955; x_wconf 86' lang='lat' dir='ltr'><strong>Domino,</strong></span> <span class='ocrx_word' id='word_1_243' title='bbox 2967 1904 3090 1960; x_wconf 66' lang='lat' dir='ltr'><strong>qua:</strong></span> <span class='ocrx_word' id='word_1_244' title='bbox 3109 1889 3400 1946; x_wconf 86' lang='lat' dir='ltr'><strong>nobiscum</strong></span> <span class='ocrx_word' id='word_1_245' title='bbox 3425 1900 3530 1947; x_wconf 87' lang='lat' dir='ltr'><strong>est.</strong></span> 
     </span>
    </p>
   </div>
   <div class='ocr_carea' id='block_1_36' title="bbox 1941 2091 2014 2106">
    <p class='ocr_par' dir='ltr' id='par_1_36' title="bbox 1941 2091 2014 2106">
     <span class='ocr_line' id='line_1_36' title="bbox 1941 2091 2014 2106; baseline 0 0"><span class='ocrx_word' id='word_1_246' title='bbox 1941 2091 2014 2106; x_wconf 48' lang='grc' dir='ltr'><strong><em>ὼ</em></strong></span> 
     </span>
    </p>
   </div>
   <div class='ocr_carea' id='block_1_37' title="bbox 1478 2241 2451 2318">
    <p class='ocr_par' dir='ltr' id='par_1_37' title="bbox 1478 2241 2451 2318">
     <span class='ocr_line' id='line_1_37' title="bbox 1478 2241 2451 2318; baseline 0 -17"><span class='ocrx_word' id='word_1_247' title='bbox 1478 2241 1816 2303; x_wconf 83' lang='lat' dir='ltr'><strong>EPISTOLA</strong></span> <span class='ocrx_word' id='word_1_248' title='bbox 1854 2247 2113 2302; x_wconf 80' lang='lat' dir='ltr'><strong>Lxxvm</strong></span> <span class='ocrx_word' id='word_1_249' title='bbox 2155 2247 2245 2318; x_wconf 80' lang='lat' dir='ltr'><strong>(al.</strong></span> <span class='ocrx_word' id='word_1_250' title='bbox 2289 2249 2451 2318; x_wconf 73' lang='lat' dir='ltr'><strong>LIX).</strong></span> 
     </span>
    </p>
   </div>
   <div class='ocr_carea' id='block_1_38' title="bbox 403 2543 1822 2614">
    <p class='ocr_par' dir='ltr' id='par_1_38' title="bbox 403 2543 1822 2614">
     <span class='ocr_line' id='line_1_38' title="bbox 403 2543 1822 2614; baseline -0.003 -12"><span class='ocrx_word' id='word_1_251' title='bbox 403 2546 518 2602; x_wconf 79' lang='grc' dir='ltr'><strong>Τοῦ</strong></span> <span class='ocrx_word' id='word_1_252' title='bbox 557 2544 752 2600; x_wconf 69' lang='grc' dir='ltr'>αὐτοῦ</span> <span class='ocrx_word' id='word_1_253' title='bbox 788 2544 1099 2613; x_wconf 73' lang='grc' dir='ltr'>Κυριλλου</span> <span class='ocrx_word' id='word_1_254' title='bbox 1139 2543 1468 2614; x_wconf 80' lang='grc' dir='ltr'>Ἐπιστολὴ</span> <span class='ocrx_word' id='word_1_255' title='bbox 1510 2544 1822 2609; x_wconf 58' lang='lat' dir='ltr'><strong>mror-mn.</strong></span> 
     </span>
    </p>
   </div>
   <div class='ocr_carea' id='block_1_39' title="bbox 381 2650 1915 2727">
    <p class='ocr_par' dir='ltr' id='par_1_39' title="bbox 381 2650 1915 2727">
     <span class='ocr_line' id='line_1_39' title="bbox 381 2650 1915 2727; baseline -0.003 -14"><span class='ocrx_word' id='word_1_256' title='bbox 381 2658 643 2713; x_wconf 81' lang='grc' dir='ltr'>Ἕκαστα</span> <span class='ocrx_word' id='word_1_257' title='bbox 683 2655 797 2710; x_wconf 87' lang='grc' dir='ltr'><strong>τῶν</strong></span> <span class='ocrx_word' id='word_1_258' title='bbox 853 2655 975 2710; x_wconf 82' lang='grc' dir='ltr'>καθ’</span> <span class='ocrx_word' id='word_1_259' title='bbox 1023 2656 1171 2727; x_wconf 79' lang='grc' dir='ltr'>ἡμᾶς</span> <span class='ocrx_word' id='word_1_260' title='bbox 1223 2655 1568 2726; x_wconf 70' lang='grc' dir='ltr'>πραγμάτων</span> <span class='ocrx_word' id='word_1_261' title='bbox 1609 2655 1738 2708; x_wconf 79' lang='grc' dir='ltr'>ὅταν</span> <span class='ocrx_word' id='word_1_262' title='bbox 1783 2650 1915 2708; x_wconf 73' lang='grc' dir='ltr'>εὐθὺ</span> 
     </span>
    </p>
   </div>
   <div class='ocr_carea' id='block_1_40' title="bbox 301 2743 1922 2822">
    <p class='ocr_par' dir='ltr' id='par_1_40' title="bbox 301 2743 1922 2822">
     <span class='ocr_line' id='line_1_40' title="bbox 301 2743 1922 2822; baseline -0.003 -21"><span class='ocrx_word' id='word_1_263' title='bbox 301 2750 548 2822; x_wconf 65' lang='grc' dir='ltr'>φέρηται</span> <span class='ocrx_word' id='word_1_264' title='bbox 572 2745 882 2816; x_wconf 83' lang='grc' dir='ltr'>κανονικῆς</span> <span class='ocrx_word' id='word_1_265' title='bbox 911 2744 1195 2812; x_wconf 78' lang='grc' dir='ltr'>εὐταξίας,</span> <span class='ocrx_word' id='word_1_266' title='bbox 1255 2743 1450 2797; x_wconf 83' lang='grc' dir='ltr'>οὐδένα</span> <span class='ocrx_word' id='word_1_267' title='bbox 1487 2743 1586 2812; x_wconf 85' lang='grc' dir='ltr'>μὲν</span> <span class='ocrx_word' id='word_1_268' title='bbox 1615 2744 1748 2815; x_wconf 75' lang='grc' dir='ltr'>ἡμῖν</span> <span class='ocrx_word' id='word_1_269' title='bbox 1779 2743 1922 2796; x_wconf 76' lang='grc' dir='ltr'>ἐντί-</span> 
     </span>
    </p>
   </div>
   <div class='ocr_carea' id='block_1_41' title="bbox 295 2835 1920 2912">
    <p class='ocr_par' dir='ltr' id='par_1_41' title="bbox 295 2835 1920 2912">
     <span class='ocr_line' id='line_1_41' title="bbox 295 2835 1920 2912; baseline -0.004 -16"><span class='ocrx_word' id='word_1_270' title='bbox 295 2855 419 2896; x_wconf 87' lang='grc' dir='ltr'>κτει</span> <span class='ocrx_word' id='word_1_271' title='bbox 447 2837 713 2912; x_wconf 73' lang='grc' dir='ltr'>θόρυϐον,</span> <span class='ocrx_word' id='word_1_272' title='bbox 751 2837 1086 2892; x_wconf 81' lang='grc' dir='ltr'>ἀπαλλάττει</span> <span class='ocrx_word' id='word_1_273' title='bbox 1118 2836 1176 2890; x_wconf 84' lang='grc' dir='ltr'>δὲ</span> <span class='ocrx_word' id='word_1_274' title='bbox 1198 2835 1409 2905; x_wconf 77' lang='grc' dir='ltr'>καὶτῆς</span> <span class='ocrx_word' id='word_1_275' title='bbox 1433 2837 1583 2908; x_wconf 84' lang='grc' dir='ltr'>παρά</span> <span class='ocrx_word' id='word_1_276' title='bbox 1608 2853 1771 2890; x_wconf 87' lang='grc' dir='ltr'>τινων</span> <span class='ocrx_word' id='word_1_277' title='bbox 1795 2836 1920 2890; x_wconf 86' lang='grc' dir='ltr'>δυσ-</span> 
     </span>
    </p>
   </div>
   <div class='ocr_carea' id='block_1_42' title="bbox 296 2923 1920 3004">
    <p class='ocr_par' dir='ltr' id='par_1_42' title="bbox 296 2923 1920 3004">
     <span class='ocr_line' id='line_1_42' title="bbox 296 2923 1920 3004; baseline -0.002 -19"><span class='ocrx_word' id='word_1_278' title='bbox 296 2933 541 3004; x_wconf 77' lang='grc' dir='ltr'>φημίας,</span> <span class='ocrx_word' id='word_1_279' title='bbox 583 2930 794 3002; x_wconf 70' lang='grc' dir='ltr'>μᾶλλον</span> <span class='ocrx_word' id='word_1_280' title='bbox 813 2929 872 2983; x_wconf 84' lang='grc' dir='ltr'>δὲ</span> <span class='ocrx_word' id='word_1_281' title='bbox 899 2929 995 2984; x_wconf 64' lang='grc' dir='ltr'><strong>καλ⁸</strong></span> <span class='ocrx_word' id='word_1_282' title='bbox 1023 2931 1121 2992; x_wconf 72' lang='grc' dir='ltr'>τὰς</span> <span class='ocrx_word' id='word_1_283' title='bbox 1152 2927 1304 2998; x_wconf 80' lang='grc' dir='ltr'>παρὰ</span> <span class='ocrx_word' id='word_1_284' title='bbox 1333 2927 1442 2981; x_wconf 82' lang='grc' dir='ltr'>τῶν</span> <span class='ocrx_word' id='word_1_285' title='bbox 1481 2923 1542 2982; x_wconf 79' lang='grc' dir='ltr'><strong>εὖ</strong></span> <span class='ocrx_word' id='word_1_286' title='bbox 1577 2927 1920 2998; x_wconf 81' lang='grc' dir='ltr'>φρονούντων</span> 
     </span>
    </p>
   </div>
   <div class='ocr_carea' id='block_1_43' title="bbox 295 3018 1920 3098">
    <p class='ocr_par' dir='ltr' id='par_1_43' title="bbox 295 3018 1920 3098">
     <span class='ocr_line' id='line_1_43' title="bbox 295 3018 1920 3098; baseline -0.002 -21"><span class='ocrx_word' id='word_1_287' title='bbox 295 3027 596 3098; x_wconf 70' lang='grc' dir='ltr'>εὐφημίας</span> <span class='ocrx_word' id='word_1_288' title='bbox 622 3025 764 3096; x_wconf 85' lang='grc' dir='ltr'>ἡμῖν</span> <span class='ocrx_word' id='word_1_289' title='bbox 799 3018 1073 3093; x_wconf 82' lang='grc' dir='ltr'>προξενεῖ.</span> <span class='ocrx_word' id='word_1_290' title='bbox 1105 3020 1202 3084; x_wconf 87' lang='grc' dir='ltr'><strong>Τίς</strong></span> <span class='ocrx_word' id='word_1_291' title='bbox 1228 3020 1339 3092; x_wconf 82' lang='grc' dir='ltr'>γὰρ</span> <span class='ocrx_word' id='word_1_292' title='bbox 1369 3020 1470 3073; x_wconf 79' lang='grc' dir='ltr'><strong>οὑκ</strong></span> <span class='ocrx_word' id='word_1_293' title='bbox 1503 3019 1570 3073; x_wconf 82' lang='grc' dir='ltr'><strong>ἂν</strong></span> <span class='ocrx_word' id='word_1_294' title='bbox 1597 3020 1920 3087; x_wconf 83' lang='grc' dir='ltr'>ἀποδέξαιτο</span> 
     </span>
    </p>
   </div>
   <div class='ocr_carea' id='block_1_44' title="bbox 294 3111 1919 3192">
    <p class='ocr_par' dir='ltr' id='par_1_44' title="bbox 294 3111 1919 3192">
     <span class='ocr_line' id='line_1_44' title="bbox 294 3111 1919 3192; baseline -0.004 -20"><span class='ocrx_word' id='word_1_295' title='bbox 294 3123 485 3192; x_wconf 73' lang='grc' dir='ltr'>ψῆφον</span> <span class='ocrx_word' id='word_1_296' title='bbox 515 3111 898 3190; x_wconf 79' lang='grc' dir='ltr'>ἀπροσκλινῆ,</span> <span class='ocrx_word' id='word_1_297' title='bbox 924 3115 1079 3185; x_wconf 84' lang='grc' dir='ltr'>εῐπερ</span> <span class='ocrx_word' id='word_1_298' title='bbox 1110 3112 1176 3168; x_wconf 81' lang='grc' dir='ltr'><strong>ἂν</strong></span> <span class='ocrx_word' id='word_1_299' title='bbox 1206 3111 1410 3182; x_wconf 85' lang='grc' dir='ltr'>γίνοιτο</span> <span class='ocrx_word' id='word_1_300' title='bbox 1440 3113 1591 3184; x_wconf 84' lang='grc' dir='ltr'>παρά</span> <span class='ocrx_word' id='word_1_301' title='bbox 1617 3129 1817 3177; x_wconf 87' lang='grc' dir='ltr'>τινων;</span> <span class='ocrx_word' id='word_1_302' title='bbox 1849 3113 1919 3166; x_wconf 87' lang='grc' dir='ltr'>Ἦ</span> 
     </span>
    </p>
   </div>
   <div class='ocr_carea' id='block_1_45' title="bbox 260 3203 1918 3281">
    <p class='ocr_par' dir='ltr' id='par_1_45' title="bbox 260 3203 1918 3281">
     <span class='ocr_line' id='line_1_45' title="bbox 260 3203 1918 3281; baseline -0.002 -21"><span class='ocrx_word' id='word_1_303' title='bbox 260 3239 284 3260; x_wconf 82' lang='grc'>.</span> <span class='ocrx_word' id='word_1_304' title='bbox 301 3214 424 3276; x_wconf 80' lang='grc' dir='ltr'><strong>πῶς</strong></span> <span class='ocrx_word' id='word_1_305' title='bbox 453 3213 522 3265; x_wconf 73' lang='grc' dir='ltr'><strong>τὸ</strong></span> <span class='ocrx_word' id='word_1_306' title='bbox 545 3208 766 3281; x_wconf 81' lang='grc' dir='ltr'>κρίνειν</span> <span class='ocrx_word' id='word_1_307' title='bbox 787 3203 965 3278; x_wconf 78' lang='grc' dir='ltr'>ὀρθῶς</span> <span class='ocrx_word' id='word_1_308' title='bbox 992 3207 1088 3259; x_wconf 75' lang='grc' dir='ltr'><strong>καὶ</strong></span> <span class='ocrx_word' id='word_1_309' title='bbox 1117 3204 1360 3275; x_wconf 79' lang='grc' dir='ltr'>ἐννόμως</span> <span class='ocrx_word' id='word_1_310' title='bbox 1391 3203 1488 3257; x_wconf 84' lang='grc' dir='ltr'><strong>οὐκ</strong></span> <span class='ocrx_word' id='word_1_311' title='bbox 1515 3204 1918 3274; x_wconf 81' lang='grc' dir='ltr'>ἀνεπίπληκτον</span> 
     </span>
    </p>
   </div>
   <div class='ocr_carea' id='block_1_46' title="bbox 303 3296 1560 3375">
    <p class='ocr_par' dir='ltr' id='par_1_46' title="bbox 303 3296 1560 3375">
     <span class='ocr_line' id='line_1_46' title="bbox 303 3296 1560 3375; baseline -0.011 -16"><span class='ocrx_word' id='word_1_312' title='bbox 303 3306 483 3371; x_wconf 75' lang='grc' dir='ltr'>ἔσται,</span> <span class='ocrx_word' id='word_1_313' title='bbox 521 3301 739 3375; x_wconf 76' lang='grc' dir='ltr'>μᾶλλον</span> <span class='ocrx_word' id='word_1_314' title='bbox 767 3299 827 3354; x_wconf 78' lang='grc' dir='ltr'>δὲ</span> <span class='ocrx_word' id='word_1_315' title='bbox 851 3299 1053 3362; x_wconf 82' lang='grc' dir='ltr'>παντὸς</span> <span class='ocrx_word' id='word_1_316' title='bbox 1076 3298 1297 3352; x_wconf 79' lang='grc' dir='ltr'>ἐπαίνου</span> <span class='ocrx_word' id='word_1_317' title='bbox 1332 3296 1560 3368; x_wconf 74' lang='grc' dir='ltr'>μεστόυς</span> 
     </span>
    </p>
   </div>
   <div class='ocr_carea' id='block_1_47' title="bbox 379 3472 1918 3548">
    <p class='ocr_par' dir='ltr' id='par_1_47' title="bbox 379 3472 1918 3548">
     <span class='ocr_line' id='line_1_47' title="bbox 379 3472 1918 3548; baseline -0.006 -12"><span class='ocrx_word' id='word_1_318' title='bbox 379 3483 501 3537; x_wconf 72' lang='grc' dir='ltr'><strong>Καὶ</strong></span> <span class='ocrx_word' id='word_1_319' title='bbox 527 3479 716 3533; x_wconf 79' lang='grc' dir='ltr'>ταῦτα</span> <span class='ocrx_word' id='word_1_320' title='bbox 751 3476 950 3548; x_wconf 81' lang='grc' dir='ltr'>γράφω</span> <span class='ocrx_word' id='word_1_321' title='bbox 995 3475 1115 3528; x_wconf 76' lang='grc' dir='ltr'>νυνὶ</span> <span class='ocrx_word' id='word_1_322' title='bbox 1154 3475 1220 3546; x_wconf 83' lang='grc' dir='ltr'>τῇ</span> <span class='ocrx_word' id='word_1_323' title='bbox 1256 3476 1321 3545; x_wconf 81' lang='grc' dir='ltr'>σῇ</span> <span class='ocrx_word' id='word_1_324' title='bbox 1357 3472 1670 3545; x_wconf 80' lang='grc' dir='ltr'>θεοσεϐείᾳ,</span> <span class='ocrx_word' id='word_1_325' title='bbox 1715 3476 1771 3532; x_wconf 85' lang='grc' dir='ltr'>ὲν</span> <span class='ocrx_word' id='word_1_326' title='bbox 1805 3477 1918 3538; x_wconf 83' lang='grc' dir='ltr'>τοῖς</span> 
     </span>
    </p>
   </div>
   <div class='ocr_carea' id='block_1_48' title="bbox 311 3564 1919 3644">
    <p class='ocr_par' dir='ltr' id='par_1_48' title="bbox 311 3564 1919 3644">
     <span class='ocr_line' id='line_1_48' title="bbox 311 3564 1919 3644; baseline -0.007 -16"><span class='ocrx_word' id='word_1_327' title='bbox 311 3573 517 3644; x_wconf 74' lang='grc' dir='ltr'>ἑαυτῆς</span> <span class='ocrx_word' id='word_1_328' title='bbox 544 3571 851 3643; x_wconf 83' lang='grc' dir='ltr'>γράμμασι</span> <span class='ocrx_word' id='word_1_329' title='bbox 879 3570 991 3631; x_wconf 84' lang='grc' dir='ltr'>τοῖς</span> <span class='ocrx_word' id='word_1_330' title='bbox 1029 3566 1270 3620; x_wconf 86' lang='grc' dir='ltr'>σταλεῖσι</span> <span class='ocrx_word' id='word_1_331' title='bbox 1302 3565 1438 3636; x_wconf 83' lang='grc' dir='ltr'>πρὸς</span> <span class='ocrx_word' id='word_1_332' title='bbox 1469 3565 1568 3636; x_wconf 79' lang='grc' dir='ltr'><strong>ἐμέ</strong></span> <span class='ocrx_word' id='word_1_333' title='bbox 1605 3582 1665 3618; x_wconf 86' lang='grc' dir='ltr'><strong>τε</strong></span> <span class='ocrx_word' id='word_1_334' title='bbox 1707 3567 1799 3618; x_wconf 82' lang='grc' dir='ltr'>καὶ</span> <span class='ocrx_word' id='word_1_335' title='bbox 1829 3564 1919 3618; x_wconf 81' lang='grc' dir='ltr'><strong>τὸν</strong></span> 
     </span>
    </p>
   </div>
   <div class='ocr_carea' id='block_1_49' title="bbox 313 3657 1920 3729">
    <p class='ocr_par' dir='ltr' id='par_1_49' title="bbox 313 3657 1920 3729">
     <span class='ocr_line' id='line_1_49' title="bbox 313 3657 1920 3729; baseline -0.005 -9"><span class='ocrx_word' id='word_1_336' title='bbox 313 3665 626 3720; x_wconf 78' lang='grc' dir='ltr'>ὁσιώτατον</span> <span class='ocrx_word' id='word_1_337' title='bbox 651 3663 750 3717; x_wconf 75' lang='grc' dir='ltr'>καὶ</span> <span class='ocrx_word' id='word_1_338' title='bbox 775 3659 1196 3716; x_wconf 76' lang='grc' dir='ltr'>θεοσεϐέστατον</span> <span class='ocrx_word' id='word_1_339' title='bbox 1221 3658 1450 3728; x_wconf 78' lang='grc' dir='ltr'>ἀδελφὺν</span> <span class='ocrx_word' id='word_1_340' title='bbox 1479 3657 1639 3729; x_wconf 84' lang='grc' dir='ltr'>ἡμῶν</span> <span class='ocrx_word' id='word_1_341' title='bbox 1667 3659 1764 3711; x_wconf 73' lang='grc' dir='ltr'><strong>καὶ</strong></span> <span class='ocrx_word' id='word_1_342' title='bbox 1793 3675 1920 3712; x_wconf 86' lang='grc' dir='ltr'>συν-</span> 
     </span>
    </p>
   </div>
   <div class='ocr_carea' id='block_1_50' title="bbox 317 3750 1922 3827">
    <p class='ocr_par' dir='ltr' id='par_1_50' title="bbox 317 3750 1922 3827">
     <span class='ocr_line' id='line_1_50' title="bbox 317 3750 1922 3827; baseline -0.006 -15"><span class='ocrx_word' id='word_1_343' title='bbox 317 3760 629 3812; x_wconf 82' lang='grc' dir='ltr'>επίσκοπον</span> <span class='ocrx_word' id='word_1_344' title='bbox 686 3754 970 3827; x_wconf 84' lang='grc' dir='ltr'>Πρόκλον,</span> <span class='ocrx_word' id='word_1_345' title='bbox 1031 3753 1332 3806; x_wconf 76' lang='grc' dir='ltr'>ἐπίσκοπον</span> <span class='ocrx_word' id='word_1_346' title='bbox 1381 3751 1482 3822; x_wconf 80' lang='grc' dir='ltr'><strong>μὲν</strong></span> <span class='ocrx_word' id='word_1_347' title='bbox 1544 3750 1922 3822; x_wconf 80' lang='grc' dir='ltr'>όνομαζούσης</span> 
     </span>
    </p>
   </div>
   <div class='ocr_carea' id='block_1_51' title="bbox 320 3836 1922 3912">
    <p class='ocr_par' dir='ltr' id='par_1_51' title="bbox 320 3836 1922 3912">
     <span class='ocr_line' id='line_1_51' title="bbox 320 3836 1922 3912; baseline -0.006 -10"><span class='ocrx_word' id='word_1_348' title='bbox 320 3849 408 3902; x_wconf 66' lang='grc' dir='ltr'>τὸν</span> <span class='ocrx_word' id='word_1_349' title='bbox 438 3847 848 3900; x_wconf 76' lang='grc' dir='ltr'>εὐλαϐέστατον</span> <span class='ocrx_word' id='word_1_350' title='bbox 873 3844 966 3895; x_wconf 75' lang='grc' dir='ltr'><strong>καὶ</strong></span> <span class='ocrx_word' id='word_1_351' title='bbox 988 3837 1402 3910; x_wconf 81' lang='grc' dir='ltr'>θεοφιλέστατον</span> <span class='ocrx_word' id='word_1_352' title='bbox 1425 3840 1632 3912; x_wconf 87' lang='grc' dir='ltr'>Πέτρον</span> <span class='ocrx_word' id='word_1_353' title='bbox 1649 3858 1662 3870; x_wconf 80' lang='grc'><em>’</em></span> <span class='ocrx_word' id='word_1_354' title='bbox 1683 3836 1847 3894; x_wconf 74' lang='grc' dir='ltr'>αὑτοῦ</span> <span class='ocrx_word' id='word_1_355' title='bbox 1867 3840 1922 3894; x_wconf 85' lang='grc' dir='ltr'>δὲ</span> 
     </span>
    </p>
   </div>
   <div class='ocr_carea' id='block_1_52' title="bbox 323 3929 1925 4004">
    <p class='ocr_par' dir='ltr' id='par_1_52' title="bbox 323 3929 1925 4004">
     <span class='ocr_line' id='line_1_52' title="bbox 323 3929 1925 4004; baseline -0.006 -10"><span class='ocrx_word' id='word_1_356' title='bbox 323 3941 632 4004; x_wconf 78' lang='grc' dir='ltr'>κλαίοντος,</span> <span class='ocrx_word' id='word_1_357' title='bbox 678 3936 776 3998; x_wconf 73' lang='grc' dir='ltr'>καὶ</span> <span class='ocrx_word' id='word_1_358' title='bbox 817 3929 920 4004; x_wconf 82' lang='grc' dir='ltr'><strong>τῆς</strong></span> <span class='ocrx_word' id='word_1_359' title='bbox 962 3933 1362 4004; x_wconf 85' lang='grc' dir='ltr'>ὲκνεμηθείσης</span> <span class='ocrx_word' id='word_1_360' title='bbox 1408 3932 1556 4004; x_wconf 86' lang='grc' dir='ltr'>αὐτῷ</span> <span class='ocrx_word' id='word_1_361' title='bbox 1593 3931 1925 4004; x_wconf 82' lang='grc' dir='ltr'>Ἑκκλησίας</span> 
     </span>
    </p>
   </div>
   <div class='ocr_carea' id='block_1_53' title="bbox 327 4020 1922 4104">
    <p class='ocr_par' dir='ltr' id='par_1_53' title="bbox 327 4020 1922 4104">
     <span class='ocr_line' id='line_1_53' title="bbox 327 4020 1922 4104; baseline -0.003 -20"><span class='ocrx_word' id='word_1_362' title='bbox 327 4027 665 4104; x_wconf 75' lang='grc' dir='ltr'>παραλόγως</span> <span class='ocrx_word' id='word_1_363' title='bbox 692 4026 1019 4098; x_wconf 80' lang='grc' dir='ltr'>κεκινῆσθαι</span> <span class='ocrx_word' id='word_1_364' title='bbox 1041 4025 1311 4092; x_wconf 85' lang='grc' dir='ltr'>λέγοντος.</span> <span class='ocrx_word' id='word_1_365' title='bbox 1342 4020 1452 4078; x_wconf 88' lang='grc' dir='ltr'>Ἦν</span> <span class='ocrx_word' id='word_1_366' title='bbox 1481 4024 1525 4078; x_wconf 77' lang='grc' dir='ltr'>δ’</span> <span class='ocrx_word' id='word_1_367' title='bbox 1560 4021 1852 4088; x_wconf 83' lang='grc' dir='ltr'>ἀκόλουθον</span> <span class='ocrx_word' id='word_1_368' title='bbox 1889 4025 1922 4096; x_wconf 83' lang='grc' dir='ltr'>ἢ</span> 
     </span>
    </p>
   </div>
   <div class='ocr_carea' id='block_1_54' title="bbox 325 4116 1925 4194">
    <p class='ocr_par' dir='ltr' id='par_1_54' title="bbox 325 4116 1925 4194">
     <span class='ocr_line' id='line_1_54' title="bbox 325 4116 1925 4194; baseline -0.004 -17"><span class='ocrx_word' id='word_1_369' title='bbox 325 4126 386 4177; x_wconf 82' lang='grc' dir='ltr'><strong>τὸ</strong></span> <span class='ocrx_word' id='word_1_370' title='bbox 421 4125 524 4193; x_wconf 76' lang='grc' dir='ltr'><strong>τῆς</strong></span> <span class='ocrx_word' id='word_1_371' title='bbox 555 4119 865 4194; x_wconf 69' lang='grc' dir='ltr'>ἱερωσύνης</span> <span class='ocrx_word' id='word_1_372' title='bbox 908 4118 1085 4189; x_wconf 78' lang='grc' dir='ltr'>δνομα</span> <span class='ocrx_word' id='word_1_373' title='bbox 1126 4117 1266 4189; x_wconf 84' lang='grc' dir='ltr'>μετὰ</span> <span class='ocrx_word' id='word_1_374' title='bbox 1293 4116 1389 4170; x_wconf 81' lang='grc' dir='ltr'>τοῦ</span> <span class='ocrx_word' id='word_1_375' title='bbox 1422 4117 1752 4189; x_wconf 87' lang='grc' dir='ltr'>πράγματος</span> <span class='ocrx_word' id='word_1_376' title='bbox 1780 4117 1925 4188; x_wconf 79' lang='grc' dir='ltr'>ἔχειν</span> 
     </span>
    </p>
   </div>
   <div class='ocr_carea' id='block_1_55' title="bbox 328 4206 1924 4285">
    <p class='ocr_par' dir='ltr' id='par_1_55' title="bbox 328 4206 1924 4285">
     <span class='ocr_line' id='line_1_55' title="bbox 328 4206 1924 4285; baseline -0.004 -16"><span class='ocrx_word' id='word_1_377' title='bbox 328 4215 514 4278; x_wconf 77' lang='grc' dir='ltr'>αὑτὸν,</span> <span class='ocrx_word' id='word_1_378' title='bbox 536 4214 708 4285; x_wconf 72' lang='grc' dir='ltr'>ἧγουν</span> <span class='ocrx_word' id='word_1_379' title='bbox 739 4213 899 4282; x_wconf 81' lang='grc' dir='ltr'>εἴπερ</span> <span class='ocrx_word' id='word_1_380' title='bbox 920 4210 995 4282; x_wconf 78' lang='grc' dir='ltr'>μὴ</span> <span class='ocrx_word' id='word_1_381' title='bbox 1023 4206 1092 4282; x_wconf 77' lang='grc' dir='ltr'>ἦν</span> <span class='ocrx_word' id='word_1_382' title='bbox 1121 4210 1270 4277; x_wconf 77' lang='grc' dir='ltr'>ἄξιος</span> <span class='ocrx_word' id='word_1_383' title='bbox 1295 4210 1390 4264; x_wconf 79' lang='grc' dir='ltr'><strong>τοῦ</strong></span> <span class='ocrx_word' id='word_1_384' title='bbox 1416 4211 1748 4280; x_wconf 79' lang='grc' dir='ltr'>προεστάναι</span> <span class='ocrx_word' id='word_1_385' title='bbox 1776 4210 1924 4265; x_wconf 89' lang='grc' dir='ltr'>θείου</span> 
     </span>
    </p>
   </div>
   <div class='ocr_carea' id='block_1_56' title="bbox 329 4287 1926 4375">
    <p class='ocr_par' dir='ltr' id='par_1_56' title="bbox 329 4287 1926 4375">
     <span class='ocr_line' id='line_1_56' title="bbox 329 4287 1926 4375; baseline -0.004 -14"><span class='ocrx_word' id='word_1_386' title='bbox 329 4287 763 4375; x_wconf 76' lang='grc' dir='ltr'>θυσιαστηρίου,</span> <span class='ocrx_word' id='word_1_387' title='bbox 804 4302 932 4374; x_wconf 87' lang='grc' dir='ltr'>μηδ’</span> <span class='ocrx_word' id='word_1_388' title='bbox 977 4302 1113 4373; x_wconf 84' lang='grc' dir='ltr'><strong>αὑτῇ</strong></span> <span class='ocrx_word' id='word_1_389' title='bbox 1149 4301 1412 4372; x_wconf 82' lang='grc' dir='ltr'>τιμᾶσθαι</span> <span class='ocrx_word' id='word_1_390' title='bbox 1458 4305 1524 4373; x_wconf 78' lang='grc' dir='ltr'>τῇ</span> <span class='ocrx_word' id='word_1_391' title='bbox 1574 4304 1766 4372; x_wconf 87' lang='grc' dir='ltr'>κλήσει</span> <span class='ocrx_word' id='word_1_392' title='bbox 1824 4300 1926 4371; x_wconf 81' lang='grc' dir='ltr'>τῆς</span> 
     </span>
    </p>
   </div>
   <div class='ocr_carea' id='block_1_57' title="bbox 330 4389 1927 4464">
    <p class='ocr_par' dir='ltr' id='par_1_57' title="bbox 330 4389 1927 4464">
     <span class='ocr_line' id='line_1_57' title="bbox 330 4389 1927 4464; baseline -0.004 -16"><span class='ocrx_word' id='word_1_393' title='bbox 330 4393 666 4464; x_wconf 73' lang='grc' dir='ltr'>ἐπισκοπῆς.</span> <span class='ocrx_word' id='word_1_394' title='bbox 718 4391 863 4444; x_wconf 85' lang='grc' dir='ltr'>Ἀλλ’</span> <span class='ocrx_word' id='word_1_395' title='bbox 916 4391 1046 4455; x_wconf 76' lang='grc' dir='ltr'>ἴσως</span> <span class='ocrx_word' id='word_1_396' title='bbox 1083 4389 1285 4458; x_wconf 80' lang='grc' dir='ltr'>δόξειεν</span> <span class='ocrx_word' id='word_1_397' title='bbox 1332 4391 1398 4446; x_wconf 86' lang='grc' dir='ltr'><strong>ἂν</strong></span> <span class='ocrx_word' id='word_1_398' title='bbox 1435 4394 1502 4463; x_wconf 83' lang='grc' dir='ltr'>τῇ</span> <span class='ocrx_word' id='word_1_399' title='bbox 1541 4393 1605 4463; x_wconf 79' lang='grc' dir='ltr'>σῇ</span> <span class='ocrx_word' id='word_1_400' title='bbox 1651 4391 1927 4462; x_wconf 67' lang='grc' dir='ltr'>θεοφιλείᾳ.</span> 
     </span>
    </p>
   </div>
   <div class='ocr_carea' id='block_1_58' title="bbox 330 4478 1927 4556">
    <p class='ocr_par' dir='ltr' id='par_1_58' title="bbox 330 4478 1927 4556">
     <span class='ocr_line' id='line_1_58' title="bbox 330 4478 1927 4556; baseline -0.004 -18"><span class='ocrx_word' id='word_1_401' title='bbox 330 4484 570 4556; x_wconf 79' lang='grc' dir='ltr'>σκληρὸς</span> <span class='ocrx_word' id='word_1_402' title='bbox 616 4478 760 4534; x_wconf 71' lang='grc' dir='ltr'>εἷναί</span> <span class='ocrx_word' id='word_1_403' title='bbox 789 4498 873 4544; x_wconf 86' lang='grc' dir='ltr'><strong>τις</strong></span> <span class='ocrx_word' id='word_1_404' title='bbox 902 4481 999 4534; x_wconf 73' lang='grc' dir='ltr'><strong>καὶ</strong></span> <span class='ocrx_word' id='word_1_405' title='bbox 1041 4480 1408 4552; x_wconf 81' lang='grc' dir='ltr'>άφιλάλληλος</span> <span class='ocrx_word' id='word_1_406' title='bbox 1444 4483 1472 4534; x_wconf 82' lang='grc' dir='ltr'>ὁ</span> <span class='ocrx_word' id='word_1_407' title='bbox 1500 4482 1629 4552; x_wconf 85' lang='grc' dir='ltr'>παρ’</span> <span class='ocrx_word' id='word_1_408' title='bbox 1667 4480 1802 4551; x_wconf 75' lang='grc' dir='ltr'><strong>ἐμοῦ</strong></span> <span class='ocrx_word' id='word_1_409' title='bbox 1836 4479 1927 4533; x_wconf 92' lang='grc' dir='ltr'>λό-</span> 
     </span>
    </p>
   </div>
   <div class='ocr_carea' id='block_1_59' title="bbox 327 4572 1928 4647">
    <p class='ocr_par' dir='ltr' id='par_1_59' title="bbox 327 4572 1928 4647">
     <span class='ocr_line' id='line_1_59' title="bbox 327 4572 1928 4647; baseline -0.003 -16"><span class='ocrx_word' id='word_1_410' title='bbox 327 4595 443 4647; x_wconf 84' lang='grc' dir='ltr'>γος.</span> <span class='ocrx_word' id='word_1_411' title='bbox 483 4577 651 4646; x_wconf 82' lang='grc' dir='ltr'>Ἔχει</span> <span class='ocrx_word' id='word_1_412' title='bbox 681 4574 739 4627; x_wconf 77' lang='grc' dir='ltr'>δὲ</span> <span class='ocrx_word' id='word_1_413' title='bbox 779 4574 879 4644; x_wconf 81' lang='grc' dir='ltr'><strong>οὐχ</strong></span> <span class='ocrx_word' id='word_1_414' title='bbox 911 4572 1084 4636; x_wconf 81' lang='grc' dir='ltr'>οὓτως</span> <span class='ocrx_word' id='word_1_415' title='bbox 1125 4572 1268 4628; x_wconf 86' lang='grc' dir='ltr'>κατὰ</span> <span class='ocrx_word' id='word_1_416' title='bbox 1314 4575 1377 4626; x_wconf 84' lang='grc' dir='ltr'><strong>τὸ</strong></span> <span class='ocrx_word' id='word_1_417' title='bbox 1407 4572 1626 4644; x_wconf 78' lang='grc' dir='ltr'>ἀληθές.</span> <span class='ocrx_word' id='word_1_418' title='bbox 1677 4573 1928 4644; x_wconf 84' lang='grc' dir='ltr'>Ἐλεῆσαι</span> 
     </span>
    </p>
   </div>
   <div class='ocr_carea' id='block_1_60' title="bbox 325 4663 1929 4738">
    <p class='ocr_par' dir='ltr' id='par_1_60' title="bbox 325 4663 1929 4738">
     <span class='ocr_line' id='line_1_60' title="bbox 325 4663 1929 4738; baseline -0.003 -16"><span class='ocrx_word' id='word_1_419' title='bbox 325 4668 436 4738; x_wconf 76' lang='grc' dir='ltr'>γὰρ</span> <span class='ocrx_word' id='word_1_420' title='bbox 463 4667 614 4737; x_wconf 80' lang='grc' dir='ltr'>τάχα</span> <span class='ocrx_word' id='word_1_421' title='bbox 645 4682 750 4718; x_wconf 86' lang='grc' dir='ltr'><strong>που</strong></span> <span class='ocrx_word' id='word_1_422' title='bbox 779 4664 1078 4734; x_wconf 80' lang='grc' dir='ltr'>νομίζομεν</span> <span class='ocrx_word' id='word_1_423' title='bbox 1109 4663 1552 4735; x_wconf 79' lang='grc' dir='ltr'>τὸνπρεσόύτην</span> <span class='ocrx_word' id='word_1_424' title='bbox 1580 4665 1750 4735; x_wconf 85' lang='grc' dir='ltr'>μόνην</span> <span class='ocrx_word' id='word_1_425' title='bbox 1779 4663 1929 4735; x_wconf 83' lang='grc' dir='ltr'>αὐτῷ</span> 
     </span>
    </p>
   </div>
   <div class='ocr_carea' id='block_1_61' title="bbox 1975 2405 2072 2425">
    <p class='ocr_par' dir='ltr' id='par_1_61' title="bbox 1975 2405 2072 2425">
     <span class='ocr_line' id='line_1_61' title="bbox 1975 2405 2072 2425; baseline -0.031 0"><span class='ocrx_word' id='word_1_426' title='bbox 1975 2405 2072 2425; x_wconf 60' lang='grc'>16660</span> 
     </span>
    </p>
   </div>
   <div class='ocr_carea' id='block_1_62' title="bbox 2289 2541 3322 2619">
    <p class='ocr_par' dir='ltr' id='par_1_62' title="bbox 2289 2541 3322 2619">
     <span class='ocr_line' id='line_1_62' title="bbox 2289 2541 3322 2619; baseline 0.006 -21"><span class='ocrx_word' id='word_1_427' title='bbox 2289 2541 2546 2615; x_wconf 73' lang='lat' dir='ltr'><strong>Ejusdem</strong></span> <span class='ocrx_word' id='word_1_428' title='bbox 2577 2543 2768 2617; x_wconf 68' lang='grc' dir='ltr'><strong>ϐυτ-ἰαί</strong></span> <span class='ocrx_word' id='word_1_429' title='bbox 2799 2544 3022 2619; x_wconf 72' lang='lat' dir='ltr'><strong>epistola</strong></span> <span class='ocrx_word' id='word_1_430' title='bbox 3045 2553 3322 2607; x_wconf 75' lang='lat' dir='ltr'><strong>canonica.</strong></span> 
     </span>
    </p>
   </div>
   <div class='ocr_carea' id='block_1_63' title="bbox 2097 2653 3610 2730">
    <p class='ocr_par' dir='ltr' id='par_1_63' title="bbox 2097 2653 3610 2730">
     <span class='ocr_line' id='line_1_63' title="bbox 2097 2653 3610 2730; baseline 0.005 -17"><span class='ocrx_word' id='word_1_431' title='bbox 2097 2653 2447 2728; x_wconf 72' lang='lat' dir='ltr'><strong>Unaquznque</strong></span> <span class='ocrx_word' id='word_1_432' title='bbox 2493 2673 2583 2714; x_wconf 92' lang='lat' dir='ltr'><strong>res</strong></span> <span class='ocrx_word' id='word_1_433' title='bbox 2613 2668 2824 2724; x_wconf 90' lang='lat' dir='ltr'><strong>nostra,</strong></span> <span class='ocrx_word' id='word_1_434' title='bbox 2857 2662 3078 2730; x_wconf 88' lang='lat' dir='ltr'><strong>quando</strong></span> <span class='ocrx_word' id='word_1_435' title='bbox 3110 2664 3305 2720; x_wconf 88' lang='lat' dir='ltr'><strong>ordine</strong></span> <span class='ocrx_word' id='word_1_436' title='bbox 3343 2665 3610 2721; x_wconf 86' lang='lat' dir='ltr'><strong>canonico</strong></span> 
     </span>
    </p>
   </div>
   <div class='ocr_carea' id='block_1_64' title="bbox 2021 2749 3611 2822">
    <p class='ocr_par' dir='ltr' id='par_1_64' title="bbox 2021 2749 3611 2822">
     <span class='ocr_line' id='line_1_64' title="bbox 2021 2749 3611 2822; baseline 0.006 -18"><span class='ocrx_word' id='word_1_437' title='bbox 2021 2749 2481 2820; x_wconf 81' lang='lat' dir='ltr'><strong>rectaprocedit,</strong></span> <span class='ocrx_word' id='word_1_438' title='bbox 2517 2750 2730 2804; x_wconf 88' lang='lat' dir='ltr'><strong>nullum</strong></span> <span class='ocrx_word' id='word_1_439' title='bbox 2760 2751 2985 2822; x_wconf 84' lang='lat' dir='ltr'><strong>quidem</strong></span> <span class='ocrx_word' id='word_1_440' title='bbox 3031 2753 3086 2808; x_wconf 92' lang='lat' dir='ltr'><strong>in</strong></span> <span class='ocrx_word' id='word_1_441' title='bbox 3119 2755 3283 2811; x_wconf 88' lang='lat' dir='ltr'><strong>nobis</strong></span> <span class='ocrx_word' id='word_1_442' title='bbox 3315 2757 3611 2813; x_wconf 87' lang='lat' dir='ltr'><strong>tumultum</strong></span> 
     </span>
    </p>
   </div>
   <div class='ocr_carea' id='block_1_65' title="bbox 2024 2840 3609 2913">
    <p class='ocr_par' dir='ltr' id='par_1_65' title="bbox 2024 2840 3609 2913">
     <span class='ocr_line' id='line_1_65' title="bbox 2024 2840 3609 2913; baseline 0.006 -19"><span class='ocrx_word' id='word_1_443' title='bbox 2024 2840 2331 2912; x_wconf 68' lang='lat' dir='ltr'><strong>ingenerat,</strong></span> <span class='ocrx_word' id='word_1_444' title='bbox 2379 2849 2437 2895; x_wconf 91' lang='lat' dir='ltr'><strong>et</strong></span> <span class='ocrx_word' id='word_1_445' title='bbox 2466 2856 2496 2896; x_wconf 91' lang='lat' dir='ltr'><strong>a</strong></span> <span class='ocrx_word' id='word_1_446' title='bbox 2533 2842 2929 2897; x_wconf 90' lang='lat' dir='ltr'><strong>nonnullorum</strong></span> <span class='ocrx_word' id='word_1_447' title='bbox 2961 2845 3348 2901; x_wconf 84' lang='lat' dir='ltr'><strong>maledicentia</strong></span> <span class='ocrx_word' id='word_1_448' title='bbox 3374 2847 3571 2903; x_wconf 85' lang='lat' dir='ltr'><strong>liberat</strong></span> <span class='ocrx_word' id='word_1_449' title='bbox 3594 2890 3609 2913; x_wconf 91' lang='lat'><strong>,</strong></span> 
     </span>
    </p>
   </div>
   <div class='ocr_carea' id='block_1_66' title="bbox 2022 2933 3614 3006">
    <p class='ocr_par' dir='ltr' id='par_1_66' title="bbox 2022 2933 3614 3006">
     <span class='ocr_line' id='line_1_66' title="bbox 2022 2933 3614 3006; baseline 0.006 -19"><span class='ocrx_word' id='word_1_450' title='bbox 2022 2933 2108 2989; x_wconf 88' lang='lat' dir='ltr'><strong>vel</strong></span> <span class='ocrx_word' id='word_1_451' title='bbox 2141 2933 2327 3003; x_wconf 88' lang='lat' dir='ltr'><strong>potius</strong></span> <span class='ocrx_word' id='word_1_452' title='bbox 2352 2948 2548 2988; x_wconf 89' lang='lat' dir='ltr'><strong>eorum</strong></span> <span class='ocrx_word' id='word_1_453' title='bbox 2594 2935 2689 3004; x_wconf 86' lang='lat' dir='ltr'><strong>qui</strong></span> <span class='ocrx_word' id='word_1_454' title='bbox 2717 2934 2938 3006; x_wconf 90' lang='lat' dir='ltr'><strong>sapiunt</strong></span> <span class='ocrx_word' id='word_1_455' title='bbox 2981 2936 3201 2994; x_wconf 88' lang='lat' dir='ltr'><strong>laudem</strong></span> <span class='ocrx_word' id='word_1_456' title='bbox 3235 2939 3396 2995; x_wconf 90' lang='lat' dir='ltr'><strong>nobis</strong></span> <span class='ocrx_word' id='word_1_457' title='bbox 3429 2941 3614 2996; x_wconf 83' lang='lat' dir='ltr'><strong>conci-</strong></span> 
     </span>
    </p>
   </div>
   <div class='ocr_carea' id='block_1_67' title="bbox 2020 3019 3616 3100">
    <p class='ocr_par' dir='ltr' id='par_1_67' title="bbox 2020 3019 3616 3100">
     <span class='ocr_line' id='line_1_67' title="bbox 2020 3019 3616 3100; baseline 0.007 -25"><span class='ocrx_word' id='word_1_458' title='bbox 2020 3019 2138 3076; x_wconf 86' lang='lat' dir='ltr'><strong>liat.</strong></span> <span class='ocrx_word' id='word_1_459' title='bbox 2163 3021 2299 3088; x_wconf 78' lang='lat' dir='ltr'><strong>Quis</strong></span> <span class='ocrx_word' id='word_1_460' title='bbox 2327 3022 2478 3076; x_wconf 89' lang='lat' dir='ltr'><strong>enim</strong></span> <span class='ocrx_word' id='word_1_461' title='bbox 2506 3037 2615 3077; x_wconf 92' lang='lat' dir='ltr'><strong>non</strong></span> <span class='ocrx_word' id='word_1_462' title='bbox 2639 3022 2819 3079; x_wconf 88' lang='lat' dir='ltr'><strong>obviis</strong></span> <span class='ocrx_word' id='word_1_463' title='bbox 2844 3065 2858 3086; x_wconf 92' lang='lat'><strong>,</strong></span> <span class='ocrx_word' id='word_1_464' title='bbox 2888 3033 2948 3079; x_wconf 94' lang='lat' dir='ltr'><strong>ut</strong></span> <span class='ocrx_word' id='word_1_465' title='bbox 2979 3026 3157 3094; x_wconf 88' lang='lat' dir='ltr'><strong>aiunt,</strong></span> <span class='ocrx_word' id='word_1_466' title='bbox 3197 3027 3345 3084; x_wconf 89' lang='lat' dir='ltr'><strong>ulnis</strong></span> <span class='ocrx_word' id='word_1_467' title='bbox 3376 3030 3616 3100; x_wconf 76' lang='lat' dir='ltr'><strong>excipiat</strong></span> 
     </span>
    </p>
   </div>
   <div class='ocr_carea' id='block_1_68' title="bbox 2021 3112 3617 3190">
    <p class='ocr_par' dir='ltr' id='par_1_68' title="bbox 2021 3112 3617 3190">
     <span class='ocr_line' id='line_1_68' title="bbox 2021 3112 3617 3190; baseline 0.005 -21"><span class='ocrx_word' id='word_1_468' title='bbox 2021 3113 2090 3169; x_wconf 91' lang='lat' dir='ltr'><strong>de</strong></span> <span class='ocrx_word' id='word_1_469' title='bbox 2122 3112 2400 3183; x_wconf 82' lang='lat' dir='ltr'><strong>aliquibus</strong></span> <span class='ocrx_word' id='word_1_470' title='bbox 2451 3115 2722 3184; x_wconf 85' lang='lat' dir='ltr'><strong>prolatam</strong></span> <span class='ocrx_word' id='word_1_471' title='bbox 2789 3117 3152 3184; x_wconf 85' lang='lat' dir='ltr'><strong>sententiam,</strong></span> <span class='ocrx_word' id='word_1_472' title='bbox 3202 3135 3325 3190; x_wconf 69' lang='lat' dir='ltr'><strong>qua:</strong></span> <span class='ocrx_word' id='word_1_473' title='bbox 3360 3137 3462 3176; x_wconf 90' lang='lat' dir='ltr'><strong>nec</strong></span> <span class='ocrx_word' id='word_1_474' title='bbox 3507 3122 3617 3177; x_wconf 88' lang='lat' dir='ltr'><strong>huc</strong></span> 
     </span>
    </p>
   </div>
   <div class='ocr_carea' id='block_1_69' title="bbox 2021 3201 3663 3275">
    <p class='ocr_par' dir='ltr' id='par_1_69' title="bbox 2021 3201 3663 3275">
     <span class='ocr_line' id='line_1_69' title="bbox 2021 3201 3663 3275; baseline 0.007 -19"><span class='ocrx_word' id='word_1_475' title='bbox 2021 3217 2126 3257; x_wconf 88' lang='lat' dir='ltr'><strong>nec</strong></span> <span class='ocrx_word' id='word_1_476' title='bbox 2166 3201 2298 3257; x_wconf 92' lang='lat' dir='ltr'><strong>illuc</strong></span> <span class='ocrx_word' id='word_1_477' title='bbox 2332 3201 2671 3258; x_wconf 88' lang='lat' dir='ltr'><strong>inclinetur?</strong></span> <span class='ocrx_word' id='word_1_478' title='bbox 2702 3203 2797 3259; x_wconf 81' lang='lat' dir='ltr'><strong>Vel</strong></span> <span class='ocrx_word' id='word_1_479' title='bbox 2828 3207 3106 3275; x_wconf 90' lang='lat' dir='ltr'><strong>quomodo</strong></span> <span class='ocrx_word' id='word_1_480' title='bbox 3131 3224 3241 3263; x_wconf 93' lang='lat' dir='ltr'><strong>non</strong></span> <span class='ocrx_word' id='word_1_481' title='bbox 3272 3209 3345 3264; x_wconf 88' lang='lat' dir='ltr'><strong>sit</strong></span> <span class='ocrx_word' id='word_1_482' title='bbox 3369 3211 3439 3265; x_wconf 89' lang='lat' dir='ltr'><strong>ab</strong></span> <span class='ocrx_word' id='word_1_483' title='bbox 3465 3213 3615 3268; x_wconf 90' lang='lat' dir='ltr'><strong>omni</strong></span> <span class='ocrx_word' id='word_1_484' title='bbox 3659 3238 3663 3241; x_wconf 86' lang='grc'><strong>-</strong></span> 
     </span>
    </p>
   </div>
   <div class='ocr_carea' id='block_1_70' title="bbox 2023 3293 3618 3373">
    <p class='ocr_par' dir='ltr' id='par_1_70' title="bbox 2023 3293 3618 3373">
     <span class='ocr_line' id='line_1_70' title="bbox 2023 3293 3618 3373; baseline 0.008 -26"><span class='ocrx_word' id='word_1_485' title='bbox 2023 3293 2454 3364; x_wconf 87' lang='lat' dir='ltr'><strong>reprehensione</strong></span> <span class='ocrx_word' id='word_1_486' title='bbox 2489 3295 2753 3356; x_wconf 86' lang='lat' dir='ltr'><strong>alienum,</strong></span> <span class='ocrx_word' id='word_1_487' title='bbox 2791 3298 2879 3352; x_wconf 90' lang='lat' dir='ltr'><strong>vel</strong></span> <span class='ocrx_word' id='word_1_488' title='bbox 2917 3298 3102 3367; x_wconf 90' lang='lat' dir='ltr'><strong>potius</strong></span> <span class='ocrx_word' id='word_1_489' title='bbox 3130 3315 3464 3373; x_wconf 87' lang='lat' dir='ltr'><strong>magnopere</strong></span> <span class='ocrx_word' id='word_1_490' title='bbox 3501 3305 3618 3360; x_wconf 82' lang='lat' dir='ltr'><strong>lau-</strong></span> 
     </span>
    </p>
   </div>
   <div class='ocr_carea' id='block_1_71' title="bbox 1947 3385 3150 3458">
    <p class='ocr_par' dir='ltr' id='par_1_71' title="bbox 1947 3385 3150 3458">
     <span class='ocr_line' id='line_1_71' title="bbox 1947 3385 3150 3458; baseline 0.004 -19"><span class='ocrx_word' id='word_1_491' title='bbox 1947 3397 1990 3454; x_wconf 86' lang='lat' dir='ltr'>c</span> <span class='ocrx_word' id='word_1_492' title='bbox 2025 3386 2290 3451; x_wconf 86' lang='lat' dir='ltr'><strong>dandum,</strong></span> <span class='ocrx_word' id='word_1_493' title='bbox 2316 3385 2363 3441; x_wconf 90' lang='lat' dir='ltr'><strong>si</strong></span> <span class='ocrx_word' id='word_1_494' title='bbox 2393 3395 2543 3441; x_wconf 91' lang='lat' dir='ltr'><strong>recte</strong></span> <span class='ocrx_word' id='word_1_495' title='bbox 2577 3397 2633 3443; x_wconf 87' lang='lat' dir='ltr'><strong>et</strong></span> <span class='ocrx_word' id='word_1_496' title='bbox 2654 3387 2804 3458; x_wconf 86' lang='lat' dir='ltr'><strong>juste</strong></span> <span class='ocrx_word' id='word_1_497' title='bbox 2831 3389 3150 3458; x_wconf 82' lang='lat' dir='ltr'><strong>judicetur?</strong></span> 
     </span>
    </p>
   </div>
   <div class='ocr_carea' id='block_1_72' title="bbox 2093 3477 3617 3559">
    <p class='ocr_par' dir='ltr' id='par_1_72' title="bbox 2093 3477 3617 3559">
     <span class='ocr_line' id='line_1_72' title="bbox 2093 3477 3617 3559; baseline 0.006 -27"><span class='ocrx_word' id='word_1_498' title='bbox 2093 3478 2161 3532; x_wconf 90' lang='lat' dir='ltr'><strong>Et</strong></span> <span class='ocrx_word' id='word_1_499' title='bbox 2180 3477 2296 3532; x_wconf 67' lang='lat' dir='ltr'><strong>haec</strong></span> <span class='ocrx_word' id='word_1_500' title='bbox 2310 3477 2536 3559; x_wconf 84' lang='lat' dir='ltr'><strong>quidem</strong></span> <span class='ocrx_word' id='word_1_501' title='bbox 2560 3494 2709 3534; x_wconf 92' lang='lat' dir='ltr'><strong>nunc</strong></span> <span class='ocrx_word' id='word_1_502' title='bbox 2732 3478 2914 3534; x_wconf 88' lang='lat' dir='ltr'><strong>scribo</strong></span> <span class='ocrx_word' id='word_1_503' title='bbox 2933 3481 3002 3535; x_wconf 90' lang='lat' dir='ltr'><strong>ad</strong></span> <span class='ocrx_word' id='word_1_504' title='bbox 3022 3482 3282 3551; x_wconf 88' lang='lat' dir='ltr'><strong>pietatem</strong></span> <span class='ocrx_word' id='word_1_505' title='bbox 3306 3491 3475 3549; x_wconf 89' lang='lat' dir='ltr'><strong>tuam,</strong></span> <span class='ocrx_word' id='word_1_506' title='bbox 3495 3502 3617 3556; x_wconf 75' lang='lat' dir='ltr'><strong>quze</strong></span> 
     </span>
    </p>
   </div>
   <div class='ocr_carea' id='block_1_73' title="bbox 2022 3568 3612 3642">
    <p class='ocr_par' dir='ltr' id='par_1_73' title="bbox 2022 3568 3612 3642">
     <span class='ocr_line' id='line_1_73' title="bbox 2022 3568 3612 3642; baseline 0.007 -22"><span class='ocrx_word' id='word_1_507' title='bbox 2022 3569 2185 3638; x_wconf 77' lang='lat'><strong>210</strong></span> <span class='ocrx_word' id='word_1_508' title='bbox 2217 3568 2273 3622; x_wconf 92' lang='lat' dir='ltr'><strong>in</strong></span> <span class='ocrx_word' id='word_1_509' title='bbox 2302 3568 2505 3623; x_wconf 88' lang='lat' dir='ltr'><strong>litteris</strong></span> <span class='ocrx_word' id='word_1_510' title='bbox 2550 3568 2619 3623; x_wconf 86' lang='lat' dir='ltr'><strong>ad</strong></span> <span class='ocrx_word' id='word_1_511' title='bbox 2659 3584 2748 3624; x_wconf 90' lang='lat' dir='ltr'><strong>me</strong></span> <span class='ocrx_word' id='word_1_512' title='bbox 2780 3576 2836 3624; x_wconf 93' lang='lat' dir='ltr'><strong>et</strong></span> <span class='ocrx_word' id='word_1_513' title='bbox 2866 3570 3342 3642; x_wconf 83' lang='lat' dir='ltr'><strong>religiosissimum</strong></span> <span class='ocrx_word' id='word_1_514' title='bbox 3389 3575 3612 3632; x_wconf 81' lang='lat' dir='ltr'><strong>fratrem</strong></span> 
     </span>
    </p>
   </div>
   <div class='ocr_carea' id='block_1_74' title="bbox 2023 3658 3619 3736">
    <p class='ocr_par' dir='ltr' id='par_1_74' title="bbox 2023 3658 3619 3736">
     <span class='ocr_line' id='line_1_74' title="bbox 2023 3658 3619 3736; baseline 0.004 -22"><span class='ocrx_word' id='word_1_515' title='bbox 2023 3667 2270 3714; x_wconf 81' lang='lat' dir='ltr'><strong>nOStrum</strong></span> <span class='ocrx_word' id='word_1_516' title='bbox 2293 3667 2348 3715; x_wconf 90' lang='lat' dir='ltr'><strong>et</strong></span> <span class='ocrx_word' id='word_1_517' title='bbox 2369 3659 2755 3730; x_wconf 90' lang='lat' dir='ltr'><strong>coepiscopum</strong></span> <span class='ocrx_word' id='word_1_518' title='bbox 2789 3658 3041 3715; x_wconf 87' lang='lat' dir='ltr'><strong>Proclum</strong></span> <span class='ocrx_word' id='word_1_519' title='bbox 3064 3662 3267 3730; x_wconf 88' lang='lat' dir='ltr'><strong>missis,</strong></span> <span class='ocrx_word' id='word_1_520' title='bbox 3299 3664 3619 3736; x_wconf 86' lang='lat' dir='ltr'><strong>episcopum</strong></span> 
     </span>
    </p>
   </div>
   <div class='ocr_carea' id='block_1_75' title="bbox 2024 3750 3616 3828">
    <p class='ocr_par' dir='ltr' id='par_1_75' title="bbox 2024 3750 3616 3828">
     <span class='ocr_line' id='line_1_75' title="bbox 2024 3750 3616 3828; baseline 0.004 -22"><span class='ocrx_word' id='word_1_521' title='bbox 2024 3751 2248 3821; x_wconf 87' lang='lat' dir='ltr'><strong>quidem</strong></span> <span class='ocrx_word' id='word_1_522' title='bbox 2295 3750 2587 3814; x_wconf 87' lang='lat' dir='ltr'><strong>nominet,</strong></span> <span class='ocrx_word' id='word_1_523' title='bbox 2635 3751 2906 3821; x_wconf 83' lang='lat' dir='ltr'><strong>imprimis</strong></span> <span class='ocrx_word' id='word_1_524' title='bbox 2965 3752 3119 3822; x_wconf 89' lang='lat' dir='ltr'><strong>pium</strong></span> <span class='ocrx_word' id='word_1_525' title='bbox 3179 3771 3244 3810; x_wconf 85' lang='lat' dir='ltr'><strong>ac</strong></span> <span class='ocrx_word' id='word_1_526' title='bbox 3300 3757 3616 3828; x_wconf 80' lang='lat' dir='ltr'><strong>religiosum</strong></span> 
     </span>
    </p>
   </div>
   <div class='ocr_carea' id='block_1_76' title="bbox 2025 3839 3619 3914">
    <p class='ocr_par' dir='ltr' id='par_1_76' title="bbox 2025 3839 3619 3914">
     <span class='ocr_line' id='line_1_76' title="bbox 2025 3839 3619 3914; baseline 0.004 -18"><span class='ocrx_word' id='word_1_527' title='bbox 2025 3839 2247 3896; x_wconf 86' lang='lat' dir='ltr'><strong>Petrum</strong></span> <span class='ocrx_word' id='word_1_528' title='bbox 2283 3859 2296 3895; x_wconf 91' lang='lat'><strong>:</strong></span> <span class='ocrx_word' id='word_1_529' title='bbox 2339 3855 2466 3896; x_wconf 92' lang='lat' dir='ltr'><strong>cum</strong></span> <span class='ocrx_word' id='word_1_530' title='bbox 2507 3840 2623 3912; x_wconf 90' lang='lat' dir='ltr'><strong>ipse</strong></span> <span class='ocrx_word' id='word_1_531' title='bbox 2655 3841 3010 3909; x_wconf 88' lang='lat' dir='ltr'><strong>lamentetur,</strong></span> <span class='ocrx_word' id='word_1_532' title='bbox 3060 3859 3228 3914; x_wconf 88' lang='lat' dir='ltr'><strong>seque</strong></span> <span class='ocrx_word' id='word_1_533' title='bbox 3271 3847 3339 3900; x_wconf 90' lang='lat' dir='ltr'><strong>ab</strong></span> <span class='ocrx_word' id='word_1_534' title='bbox 3373 3847 3619 3904; x_wconf 86' lang='lat' dir='ltr'><strong>Ecclesia</strong></span> 
     </span>
    </p>
   </div>
   <div class='ocr_carea' id='block_1_77' title="bbox 2027 3931 3617 4004">
    <p class='ocr_par' dir='ltr' id='par_1_77' title="bbox 2027 3931 3617 4004">
     <span class='ocr_line' id='line_1_77' title="bbox 2027 3931 3617 4004; baseline 0.003 -18"><span class='ocrx_word' id='word_1_535' title='bbox 2027 3931 2132 3986; x_wconf 90' lang='lat' dir='ltr'><strong>sibi</strong></span> <span class='ocrx_word' id='word_1_536' title='bbox 2164 3931 2428 3986; x_wconf 87' lang='lat' dir='ltr'><strong>attributa</strong></span> <span class='ocrx_word' id='word_1_537' title='bbox 2459 3939 2658 4001; x_wconf 76' lang='lat' dir='ltr'><strong>praeter</strong></span> <span class='ocrx_word' id='word_1_538' title='bbox 2705 3931 2978 3987; x_wconf 90' lang='lat' dir='ltr'><strong>rationem</strong></span> <span class='ocrx_word' id='word_1_539' title='bbox 3017 3934 3255 4004; x_wconf 89' lang='lat' dir='ltr'><strong>ejectum</strong></span> <span class='ocrx_word' id='word_1_540' title='bbox 3286 3951 3408 3992; x_wconf 88' lang='lat' dir='ltr'><strong>esse</strong></span> <span class='ocrx_word' id='word_1_541' title='bbox 3451 3938 3617 3993; x_wconf 90' lang='lat' dir='ltr'><strong>dicat.</strong></span> 
     </span>
    </p>
   </div>
   <div class='ocr_carea' id='block_1_78' title="bbox 2027 4023 3620 4084">
    <p class='ocr_par' dir='ltr' id='par_1_78' title="bbox 2027 4023 3620 4084">
     <span class='ocr_line' id='line_1_78' title="bbox 2027 4023 3620 4084; baseline 0.004 -6"><span class='ocrx_word' id='word_1_542' title='bbox 2027 4023 2159 4079; x_wconf 86' lang='lat' dir='ltr'><strong>Erat</strong></span> <span class='ocrx_word' id='word_1_543' title='bbox 2183 4031 2367 4078; x_wconf 89' lang='lat' dir='ltr'><strong>autem</strong></span> <span class='ocrx_word' id='word_1_544' title='bbox 2407 4030 2841 4078; x_wconf 79' lang='lat' dir='ltr'><strong>consentaneum</strong></span> <span class='ocrx_word' id='word_1_545' title='bbox 2871 4033 2932 4079; x_wconf 92' lang='lat' dir='ltr'><strong>ut</strong></span> <span class='ocrx_word' id='word_1_546' title='bbox 2961 4027 3045 4080; x_wconf 92' lang='lat' dir='ltr'><strong>vel</strong></span> <span class='ocrx_word' id='word_1_547' title='bbox 3075 4026 3371 4084; x_wconf 87' lang='lat' dir='ltr'><strong>sacerdotii</strong></span> <span class='ocrx_word' id='word_1_548' title='bbox 3417 4045 3620 4084; x_wconf 89' lang='lat' dir='ltr'><strong>nomen</strong></span> 
     </span>
    </p>
   </div>
   <div class='ocr_carea' id='block_1_79' title="bbox 2027 4114 3623 4189">
    <p class='ocr_par' dir='ltr' id='par_1_79' title="bbox 2027 4114 3623 4189">
     <span class='ocr_line' id='line_1_79' title="bbox 2027 4114 3623 4189; baseline 0.004 -20"><span class='ocrx_word' id='word_1_549' title='bbox 2027 4129 2153 4169; x_wconf 93' lang='lat' dir='ltr'><strong>cum</strong></span> <span class='ocrx_word' id='word_1_550' title='bbox 2172 4129 2233 4168; x_wconf 91' lang='lat' dir='ltr'><strong>re</strong></span> <span class='ocrx_word' id='word_1_551' title='bbox 2248 4114 2498 4176; x_wconf 85' lang='lat' dir='ltr'><strong>haberet,</strong></span> <span class='ocrx_word' id='word_1_552' title='bbox 2523 4115 2632 4178; x_wconf 91' lang='lat' dir='ltr'><strong>vel,</strong></span> <span class='ocrx_word' id='word_1_553' title='bbox 2659 4114 2705 4168; x_wconf 90' lang='lat' dir='ltr'><strong>si</strong></span> <span class='ocrx_word' id='word_1_554' title='bbox 2727 4130 2836 4168; x_wconf 92' lang='lat' dir='ltr'><strong>non</strong></span> <span class='ocrx_word' id='word_1_555' title='bbox 2863 4125 2983 4170; x_wconf 88' lang='lat' dir='ltr'><strong>erat</strong></span> <span class='ocrx_word' id='word_1_556' title='bbox 2999 4115 3201 4187; x_wconf 78' lang='lat' dir='ltr'><strong>dignus</strong></span> <span class='ocrx_word' id='word_1_557' title='bbox 3219 4125 3281 4172; x_wconf 94' lang='lat' dir='ltr'><strong>ut</strong></span> <span class='ocrx_word' id='word_1_558' title='bbox 3298 4120 3458 4174; x_wconf 87' lang='lat' dir='ltr'><strong>altari</strong></span> <span class='ocrx_word' id='word_1_559' title='bbox 3483 4133 3623 4189; x_wconf 62' lang='lat' dir='ltr'><strong>prae-</strong></span> 
     </span>
    </p>
   </div>
   <div class='ocr_carea' id='block_1_80' title="bbox 2028 4206 3621 4281">
    <p class='ocr_par' dir='ltr' id='par_1_80' title="bbox 2028 4206 3621 4281">
     <span class='ocr_line' id='line_1_80' title="bbox 2028 4206 3621 4281; baseline 0.002 -19"><span class='ocrx_word' id='word_1_560' title='bbox 2028 4217 2196 4272; x_wconf 91' lang='lat' dir='ltr'><strong>esset,</strong></span> <span class='ocrx_word' id='word_1_561' title='bbox 2216 4223 2321 4262; x_wconf 92' lang='lat' dir='ltr'><strong>nec</strong></span> <span class='ocrx_word' id='word_1_562' title='bbox 2344 4207 2461 4277; x_wconf 89' lang='lat' dir='ltr'><strong>ipsa</strong></span> <span class='ocrx_word' id='word_1_563' title='bbox 2481 4206 2706 4276; x_wconf 90' lang='lat' dir='ltr'><strong>quidem</strong></span> <span class='ocrx_word' id='word_1_564' title='bbox 2729 4207 3082 4278; x_wconf 85' lang='lat' dir='ltr'><strong>episcopatus</strong></span> <span class='ocrx_word' id='word_1_565' title='bbox 3100 4209 3390 4264; x_wconf 87' lang='lat' dir='ltr'><strong>vocatione</strong></span> <span class='ocrx_word' id='word_1_566' title='bbox 3421 4211 3621 4281; x_wconf 81' lang='lat' dir='ltr'><strong>dignus</strong></span> 
     </span>
    </p>
   </div>
   <div class='ocr_carea' id='block_1_81' title="bbox 2028 4297 3622 4368">
    <p class='ocr_par' dir='ltr' id='par_1_81' title="bbox 2028 4297 3622 4368">
     <span class='ocr_line' id='line_1_81' title="bbox 2028 4297 3622 4368; baseline 0.003 -15"><span class='ocrx_word' id='word_1_567' title='bbox 2028 4299 2351 4354; x_wconf 85' lang='lat' dir='ltr'><strong>haberetur.</strong></span> <span class='ocrx_word' id='word_1_568' title='bbox 2386 4297 2494 4353; x_wconf 89' lang='lat' dir='ltr'><strong>Sed</strong></span> <span class='ocrx_word' id='word_1_569' title='bbox 2521 4299 2575 4352; x_wconf 92' lang='lat' dir='ltr'><strong>id</strong></span> <span class='ocrx_word' id='word_1_570' title='bbox 2604 4297 2838 4353; x_wconf 89' lang='lat' dir='ltr'><strong>fortasse</strong></span> <span class='ocrx_word' id='word_1_571' title='bbox 2868 4299 3015 4368; x_wconf 92' lang='lat' dir='ltr'><strong>quod</strong></span> <span class='ocrx_word' id='word_1_572' title='bbox 3037 4299 3182 4362; x_wconf 93' lang='lat' dir='ltr'><strong>dico,</strong></span> <span class='ocrx_word' id='word_1_573' title='bbox 3206 4299 3408 4354; x_wconf 91' lang='lat' dir='ltr'><strong>durum</strong></span> <span class='ocrx_word' id='word_1_574' title='bbox 3425 4316 3548 4358; x_wconf 91' lang='lat' dir='ltr'><strong>esse</strong></span> <span class='ocrx_word' id='word_1_575' title='bbox 3564 4311 3622 4358; x_wconf 88' lang='lat' dir='ltr'><strong>et</strong></span> 
     </span>
    </p>
   </div>
   <div class='ocr_carea' id='block_1_82' title="bbox 2029 4389 3618 4459">
    <p class='ocr_par' dir='ltr' id='par_1_82' title="bbox 2029 4389 3618 4459">
     <span class='ocr_line' id='line_1_82' title="bbox 2029 4389 3618 4459; baseline 0.003 -13"><span class='ocrx_word' id='word_1_576' title='bbox 2029 4391 2318 4446; x_wconf 86' lang='lat' dir='ltr'><strong>charitatis</strong></span> <span class='ocrx_word' id='word_1_577' title='bbox 2341 4405 2544 4459; x_wconf 83' lang='lat' dir='ltr'><strong>expers</strong></span> <span class='ocrx_word' id='word_1_578' title='bbox 2579 4389 2879 4444; x_wconf 88' lang='lat' dir='ltr'><strong>videbitur.</strong></span> <span class='ocrx_word' id='word_1_579' title='bbox 2912 4389 3023 4444; x_wconf 85' lang='lat' dir='ltr'><strong>Res</strong></span> <span class='ocrx_word' id='word_1_580' title='bbox 3051 4397 3238 4446; x_wconf 89' lang='lat' dir='ltr'><strong>autem</strong></span> <span class='ocrx_word' id='word_1_581' title='bbox 3269 4397 3462 4449; x_wconf 79' lang='lat' dir='ltr'><strong>revera</strong></span> <span class='ocrx_word' id='word_1_582' title='bbox 3506 4410 3618 4450; x_wconf 92' lang='lat' dir='ltr'><strong>non</strong></span> 
     </span>
    </p>
   </div>
   <div class='ocr_carea' id='block_1_83' title="bbox 2032 4480 3620 4556">
    <p class='ocr_par' dir='ltr' id='par_1_83' title="bbox 2032 4480 3620 4556">
     <span class='ocr_line' id='line_1_83' title="bbox 2032 4480 3620 4556; baseline 0.003 -19"><span class='ocrx_word' id='word_1_583' title='bbox 2032 4484 2106 4537; x_wconf 90' lang='lat' dir='ltr'><strong>ita</strong></span> <span class='ocrx_word' id='word_1_584' title='bbox 2131 4498 2189 4537; x_wconf 90' lang='lat' dir='ltr'><strong>se</strong></span> <span class='ocrx_word' id='word_1_585' title='bbox 2226 4482 2411 4536; x_wconf 87' lang='lat' dir='ltr'><strong>habet.</strong></span> <span class='ocrx_word' id='word_1_586' title='bbox 2444 4481 2555 4536; x_wconf 88' lang='lat' dir='ltr'><strong>Nos</strong></span> <span class='ocrx_word' id='word_1_587' title='bbox 2580 4481 2726 4536; x_wconf 89' lang='lat' dir='ltr'><strong>enim</strong></span> <span class='ocrx_word' id='word_1_588' title='bbox 2765 4480 2914 4536; x_wconf 90' lang='lat' dir='ltr'><strong>senis</strong></span> <span class='ocrx_word' id='word_1_589' title='bbox 2947 4482 3138 4552; x_wconf 90' lang='lat' dir='ltr'><strong>utique</strong></span> <span class='ocrx_word' id='word_1_590' title='bbox 3175 4483 3426 4540; x_wconf 89' lang='lat' dir='ltr'><strong>misereri</strong></span> <span class='ocrx_word' id='word_1_591' title='bbox 3457 4497 3620 4556; x_wconf 83' lang='lat' dir='ltr'><strong>puta-</strong></span> 
     </span>
    </p>
   </div>
   <div class='ocr_carea' id='block_1_84' title="bbox 2031 4571 3621 4641">
    <p class='ocr_par' dir='ltr' id='par_1_84' title="bbox 2031 4571 3621 4641">
     <span class='ocr_line' id='line_1_84' title="bbox 2031 4571 3621 4641; baseline 0.002 -13"><span class='ocrx_word' id='word_1_592' title='bbox 2031 4590 2176 4639; x_wconf 87' lang='lat' dir='ltr'><strong>mus,</strong></span> <span class='ocrx_word' id='word_1_593' title='bbox 2202 4573 2247 4627; x_wconf 89' lang='lat' dir='ltr'><strong>si</strong></span> <span class='ocrx_word' id='word_1_594' title='bbox 2286 4574 2464 4628; x_wconf 87' lang='lat' dir='ltr'><strong>solum</strong></span> <span class='ocrx_word' id='word_1_595' title='bbox 2499 4572 2549 4626; x_wconf 89' lang='lat' dir='ltr'><strong>ei</strong></span> <span class='ocrx_word' id='word_1_596' title='bbox 2584 4587 2786 4626; x_wconf 91' lang='lat' dir='ltr'><strong>nomen</strong></span> <span class='ocrx_word' id='word_1_597' title='bbox 2827 4571 3216 4641; x_wconf 87' lang='lat' dir='ltr'><strong>reliquerimus</strong></span> <span class='ocrx_word' id='word_1_598' title='bbox 3247 4591 3262 4639; x_wconf 91' lang='lat'><strong>;</strong></span> <span class='ocrx_word' id='word_1_599' title='bbox 3307 4574 3404 4630; x_wconf 88' lang='lat' dir='ltr'><strong>sed</strong></span> <span class='ocrx_word' id='word_1_600' title='bbox 3444 4578 3621 4632; x_wconf 90' lang='lat' dir='ltr'><strong>multo</strong></span> 
     </span>
    </p>
   </div>
   <div class='ocr_carea' id='block_1_85' title="bbox 2032 4663 3622 4735">
    <p class='ocr_par' dir='ltr' id='par_1_85' title="bbox 2032 4663 3622 4735">
     <span class='ocr_line' id='line_1_85' title="bbox 2032 4663 3622 4735; baseline 0.003 -14"><span class='ocrx_word' id='word_1_601' title='bbox 2032 4667 2231 4722; x_wconf 90' lang='lat' dir='ltr'><strong>melius</strong></span> <span class='ocrx_word' id='word_1_602' title='bbox 2253 4674 2374 4720; x_wconf 87' lang='lat' dir='ltr'><strong>erat</strong></span> <span class='ocrx_word' id='word_1_603' title='bbox 2405 4663 2553 4718; x_wconf 91' lang='lat' dir='ltr'><strong>aliud</strong></span> <span class='ocrx_word' id='word_1_604' title='bbox 2581 4678 2801 4735; x_wconf 90' lang='lat' dir='ltr'><strong>quoque</strong></span> <span class='ocrx_word' id='word_1_605' title='bbox 2820 4664 3190 4734; x_wconf 84' lang='lat' dir='ltr'><strong>considerare.</strong></span> <span class='ocrx_word' id='word_1_606' title='bbox 3219 4665 3363 4722; x_wconf 89' lang='lat' dir='ltr'><strong>Dicit</strong></span> <span class='ocrx_word' id='word_1_607' title='bbox 3387 4668 3537 4722; x_wconf 90' lang='lat' dir='ltr'><strong>enim</strong></span> <span class='ocrx_word' id='word_1_608' title='bbox 3563 4686 3622 4726; x_wconf 81' lang='lat' dir='ltr'><strong>se</strong></span> 
     </span>
    </p>
   </div>
   <div class='ocr_carea' id='block_1_86' title="bbox 323 4744 1919 4829">
    <p class='ocr_par' dir='ltr' id='par_1_86' title="bbox 323 4748 1919 4829">
     <span class='ocr_line' id='line_1_86' title="bbox 323 4748 1919 4829; baseline -0.002 -18"><span class='ocrx_word' id='word_1_609' title='bbox 323 4761 425 4829; x_wconf 75' lang='grc' dir='ltr'>τὴν</span> <span class='ocrx_word' id='word_1_610' title='bbox 451 4758 659 4826; x_wconf 85' lang='grc' dir='ltr'>κλῆσιν</span> <span class='ocrx_word' id='word_1_611' title='bbox 686 4754 918 4823; x_wconf 77' lang='grc' dir='ltr'>ἀφέντες</span> <span class='ocrx_word' id='word_1_612' title='bbox 939 4769 953 4782; x_wconf 89' lang='grc'><strong>·</strong></span> <span class='ocrx_word' id='word_1_613' title='bbox 995 4751 1193 4824; x_wconf 83' lang='grc' dir='ltr'>μακρῷ</span> <span class='ocrx_word' id='word_1_614' title='bbox 1220 4753 1279 4806; x_wconf 84' lang='grc' dir='ltr'>δὲ</span> <span class='ocrx_word' id='word_1_615' title='bbox 1306 4748 1375 4824; x_wconf 78' lang='grc' dir='ltr'>ἢν</span> <span class='ocrx_word' id='word_1_616' title='bbox 1417 4755 1642 4824; x_wconf 80' lang='grc' dir='ltr'>ἄμεινον</span> <span class='ocrx_word' id='word_1_617' title='bbox 1675 4755 1919 4825; x_wconf 73' lang='grc' dir='ltr'>ἐννοῆσαι</span> 
     </span>
    </p>
   </div>
   <div class='ocr_carea' id='block_1_87' title="bbox 2022 4744 3629 4829">
    <p class='ocr_par' dir='ltr' id='par_1_87' title="bbox 2034 4756 3629 4828">
     <span class='ocr_line' id='line_1_87' title="bbox 2034 4756 3629 4828; baseline 0.003 -14"><span class='ocrx_word' id='word_1_618' title='bbox 2034 4772 2189 4814; x_wconf 90' lang='lat' dir='ltr'><strong>suam</strong></span> <span class='ocrx_word' id='word_1_619' title='bbox 2211 4756 2433 4828; x_wconf 91' lang='lat' dir='ltr'><strong>quidem</strong></span> <span class='ocrx_word' id='word_1_620' title='bbox 2466 4770 2628 4826; x_wconf 90' lang='lat' dir='ltr'><strong>posse</strong></span> <span class='ocrx_word' id='word_1_621' title='bbox 2653 4770 2873 4810; x_wconf 84' lang='lat' dir='ltr'><strong>causam</strong></span> <span class='ocrx_word' id='word_1_622' title='bbox 2903 4756 3157 4826; x_wconf 90' lang='lat' dir='ltr'><strong>probare,</strong></span> <span class='ocrx_word' id='word_1_623' title='bbox 3192 4766 3249 4812; x_wconf 88' lang='lat' dir='ltr'><strong>at</strong></span> <span class='ocrx_word' id='word_1_624' title='bbox 3290 4757 3629 4822; x_wconf 82' lang='lat' dir='ltr'><strong>defensionis</strong></span> 
     </span>
    </p>
   </div>
   <div class='ocr_carea' id='block_1_88' title="bbox 325 4842 1930 4915">
    <p class='ocr_par' dir='ltr' id='par_1_88' title="bbox 325 4842 1930 4915">
     <span class='ocr_line' id='line_1_88' title="bbox 325 4842 1930 4915; baseline -0.004 -13"><span class='ocrx_word' id='word_1_625' title='bbox 325 4850 419 4901; x_wconf 76' lang='grc' dir='ltr'><strong>καὶ</strong></span> <span class='ocrx_word' id='word_1_626' title='bbox 447 4849 513 4901; x_wconf 81' lang='grc' dir='ltr'>τὸ</span> <span class='ocrx_word' id='word_1_627' title='bbox 535 4846 753 4915; x_wconf 71' lang='grc' dir='ltr'>ἕτερον.</span> <span class='ocrx_word' id='word_1_628' title='bbox 801 4843 1003 4897; x_wconf 80' lang='grc' dir='ltr'>Φάσκει</span> <span class='ocrx_word' id='word_1_629' title='bbox 1029 4843 1137 4914; x_wconf 81' lang='grc' dir='ltr'>γὰρ</span> <span class='ocrx_word' id='word_1_630' title='bbox 1164 4844 1225 4896; x_wconf 89' lang='grc' dir='ltr'><strong>οὐ</strong></span> <span class='ocrx_word' id='word_1_631' title='bbox 1247 4842 1514 4897; x_wconf 86' lang='grc' dir='ltr'>δύνασθαι</span> <span class='ocrx_word' id='word_1_632' title='bbox 1544 4844 1642 4915; x_wconf 82' lang='grc' dir='ltr'><strong>μὲν</strong></span> <span class='ocrx_word' id='word_1_633' title='bbox 1663 4845 1930 4915; x_wconf 82' lang='grc' dir='ltr'>συστῆναι</span> 
     </span>
    </p>
   </div>
   <div class='ocr_carea' id='block_1_89' title="bbox 326 4923 1924 5008">
    <p class='ocr_par' dir='ltr' id='par_1_89' title="bbox 326 4923 1924 5008">
     <span class='ocr_line' id='line_1_89' title="bbox 326 4923 1924 5008; baseline 0.003 -18"><span class='ocrx_word' id='word_1_634' title='bbox 326 4943 391 5008; x_wconf 71' lang='grc' dir='ltr'>τῇ</span> <span class='ocrx_word' id='word_1_635' title='bbox 425 4937 621 5008; x_wconf 71' lang='grc' dir='ltr'>οἰκείᾳ</span> <span class='ocrx_word' id='word_1_636' title='bbox 647 4933 914 5005; x_wconf 79' lang='grc' dir='ltr'>ὑπολήψει</span> <span class='ocrx_word' id='word_1_637' title='bbox 940 4949 953 4964; x_wconf 77' lang='grc'><strong><em>⁸</em></strong></span> <span class='ocrx_word' id='word_1_638' title='bbox 983 4936 1046 4987; x_wconf 87' lang='grc' dir='ltr'>οὺ</span> <span class='ocrx_word' id='word_1_639' title='bbox 1075 4934 1261 4988; x_wconf 76' lang='grc' dir='ltr'>λαϐεῖν</span> <span class='ocrx_word' id='word_1_640' title='bbox 1292 4935 1349 4988; x_wconf 85' lang='grc' dir='ltr'>δὲ</span> <span class='ocrx_word' id='word_1_641' title='bbox 1373 4934 1566 5007; x_wconf 85' lang='grc' dir='ltr'>καιρὸν</span> <span class='ocrx_word' id='word_1_642' title='bbox 1604 4923 1924 5006; x_wconf 63' lang='grc' dir='ltr'>ἀπολογίας,</span> 
     </span>
    </p>
   </div>
   <div class='ocr_carea' id='block_1_90' title="bbox 328 5025 1929 5102">
    <p class='ocr_par' dir='ltr' id='par_1_90' title="bbox 328 5025 1929 5102">
     <span class='ocr_line' id='line_1_90' title="bbox 328 5025 1929 5102; baseline -0.001 -18"><span class='ocrx_word' id='word_1_643' title='bbox 328 5031 450 5084; x_wconf 72' lang='grc' dir='ltr'>οὔτε</span> <span class='ocrx_word' id='word_1_644' title='bbox 491 5031 610 5102; x_wconf 82' lang='grc' dir='ltr'>μὴν</span> <span class='ocrx_word' id='word_1_645' title='bbox 653 5026 920 5098; x_wconf 81' lang='grc' dir='ltr'>ἀκρόασιν</span> <span class='ocrx_word' id='word_1_646' title='bbox 967 5025 1117 5096; x_wconf 85' lang='grc' dir='ltr'>αὑτῴ</span> <span class='ocrx_word' id='word_1_647' title='bbox 1153 5026 1492 5098; x_wconf 83' lang='grc' dir='ltr'>προτεθῆναι</span> <span class='ocrx_word' id='word_1_648' title='bbox 1521 5029 1836 5099; x_wconf 83' lang='grc' dir='ltr'>κανονικήν.</span> <span class='ocrx_word' id='word_1_649' title='bbox 1864 5030 1929 5082; x_wconf 90' lang='grc' dir='ltr'>Εἰ</span> 
     </span>
    </p>
   </div>
   <div class='ocr_carea' id='block_1_91' title="bbox 321 5116 1929 5192">
    <p class='ocr_par' dir='ltr' id='par_1_91' title="bbox 321 5116 1929 5192">
     <span class='ocr_line' id='line_1_91' title="bbox 321 5116 1929 5192; baseline -0.003 -15"><span class='ocrx_word' id='word_1_650' title='bbox 321 5122 369 5176; x_wconf 80' lang='grc' dir='ltr'>δ’</span> <span class='ocrx_word' id='word_1_651' title='bbox 401 5119 665 5192; x_wconf 72' lang='grc' dir='ltr'>ἐγεγόνει</span> <span class='ocrx_word' id='word_1_652' title='bbox 713 5136 766 5171; x_wconf 90' lang='grc' dir='ltr'><strong>τι</strong></span> <span class='ocrx_word' id='word_1_653' title='bbox 804 5116 1071 5181; x_wconf 81' lang='grc' dir='ltr'>τοιοῦτον,</span> <span class='ocrx_word' id='word_1_654' title='bbox 1112 5119 1252 5189; x_wconf 83' lang='grc' dir='ltr'>αὐτὴ</span> <span class='ocrx_word' id='word_1_655' title='bbox 1305 5119 1413 5173; x_wconf 86' lang='grc' dir='ltr'><strong>τῶν</strong></span> <span class='ocrx_word' id='word_1_656' title='bbox 1445 5120 1854 5190; x_wconf 86' lang='grc' dir='ltr'>ὑπομνημάτων</span> <span class='ocrx_word' id='word_1_657' title='bbox 1895 5123 1929 5192; x_wconf 86' lang='grc' dir='ltr'>ἡ</span> 
     </span>
    </p>
   </div>
   <div class='ocr_carea' id='block_1_92' title="bbox 323 5207 1929 5283">
    <p class='ocr_par' dir='ltr' id='par_1_92' title="bbox 323 5207 1929 5283">
     <span class='ocr_line' id='line_1_92' title="bbox 323 5207 1929 5283; baseline -0.002 -15"><span class='ocrx_word' id='word_1_658' title='bbox 323 5216 600 5276; x_wconf 79' lang='grc' dir='ltr'>σύστασις</span> <span class='ocrx_word' id='word_1_659' title='bbox 622 5209 907 5283; x_wconf 79' lang='grc' dir='ltr'>διήλεγξεν</span> <span class='ocrx_word' id='word_1_660' title='bbox 932 5207 1000 5261; x_wconf 85' lang='grc' dir='ltr'><strong>ἂν</strong></span> <span class='ocrx_word' id='word_1_661' title='bbox 1014 5209 1177 5262; x_wconf 84' lang='grc' dir='ltr'>αὑτὸν</span> <span class='ocrx_word' id='word_1_662' title='bbox 1197 5210 1445 5280; x_wconf 84' lang='grc' dir='ltr'>ἢὰλόντα</span> <span class='ocrx_word' id='word_1_663' title='bbox 1463 5211 1576 5274; x_wconf 87' lang='grc' dir='ltr'>τοῖς</span> <span class='ocrx_word' id='word_1_664' title='bbox 1587 5211 1929 5281; x_wconf 84' lang='grc' dir='ltr'>αἰτιάμασιν,</span> 
     </span>
    </p>
   </div>
   <div class='ocr_carea' id='block_1_93' title="bbox 319 5299 1933 5378">
    <p class='ocr_par' dir='ltr' id='par_1_93' title="bbox 319 5299 1933 5378">
     <span class='ocr_line' id='line_1_93' title="bbox 319 5299 1933 5378; baseline -0.004 -16"><span class='ocrx_word' id='word_1_665' title='bbox 319 5309 356 5377; x_wconf 78' lang='grc' dir='ltr'>ἦ</span> <span class='ocrx_word' id='word_1_666' title='bbox 381 5309 582 5378; x_wconf 80' lang='grc' dir='ltr'>ἔνοχον</span> <span class='ocrx_word' id='word_1_667' title='bbox 608 5299 1076 5370; x_wconf 82' lang='grc' dir='ltr'>ἁποπεφασμένον</span> <span class='ocrx_word' id='word_1_668' title='bbox 1106 5302 1202 5356; x_wconf 74' lang='grc' dir='ltr'>καὶ</span> <span class='ocrx_word' id='word_1_669' title='bbox 1229 5302 1381 5356; x_wconf 83' lang='grc' dir='ltr'>οὐδὲν</span> <span class='ocrx_word' id='word_1_670' title='bbox 1417 5302 1612 5373; x_wconf 75' lang='grc' dir='ltr'>ἔχοντα</span> <span class='ocrx_word' id='word_1_671' title='bbox 1638 5301 1826 5356; x_wconf 87' lang='grc' dir='ltr'>λοιπὸν</span> <span class='ocrx_word' id='word_1_672' title='bbox 1856 5303 1933 5356; x_wconf 87' lang='grc' dir='ltr'>εἰ-</span> 
     </span>
    </p>
   </div>
   <div class='ocr_carea' id='block_1_94' title="bbox 321 5394 1930 5471">
    <p class='ocr_par' dir='ltr' id='par_1_94' title="bbox 321 5394 1930 5471">
     <span class='ocr_line' id='line_1_94' title="bbox 321 5394 1930 5471; baseline -0.004 -17"><span class='ocrx_word' id='word_1_673' title='bbox 321 5398 452 5454; x_wconf 79' lang='grc' dir='ltr'>πεῖν</span> <span class='ocrx_word' id='word_1_674' title='bbox 488 5401 570 5463; x_wconf 84' lang='grc' dir='ltr'>ὼς</span> <span class='ocrx_word' id='word_1_675' title='bbox 616 5394 978 5471; x_wconf 74' lang='grc' dir='ltr'>ἠδικημένον,</span> <span class='ocrx_word' id='word_1_676' title='bbox 1022 5394 1194 5466; x_wconf 72' lang='grc' dir='ltr'>ἤγουν</span> <span class='ocrx_word' id='word_1_677' title='bbox 1236 5394 1522 5466; x_wconf 80' lang='grc' dir='ltr'>ἐλεύθερον</span> <span class='ocrx_word' id='word_1_678' title='bbox 1561 5394 1889 5465; x_wconf 80' lang='grc' dir='ltr'>ἀποφήνασα</span> <span class='ocrx_word' id='word_1_679' title='bbox 1915 5433 1930 5458; x_wconf 93' lang='grc'><strong>,</strong></span> 
     </span>
    </p>
   </div>
   <div class='ocr_carea' id='block_1_95' title="bbox 323 5485 1934 5556">
    <p class='ocr_par' dir='ltr' id='par_1_95' title="bbox 323 5485 1934 5556">
     <span class='ocr_line' id='line_1_95' title="bbox 323 5485 1934 5556; baseline -0.004 -11"><span class='ocrx_word' id='word_1_680' title='bbox 323 5493 495 5546; x_wconf 71' lang='grc' dir='ltr'>πάλιν</span> <span class='ocrx_word' id='word_1_681' title='bbox 534 5488 706 5542; x_wconf 71' lang='grc' dir='ltr'>ἐδίδου</span> <span class='ocrx_word' id='word_1_682' title='bbox 752 5488 815 5540; x_wconf 80' lang='grc' dir='ltr'><strong>τὸ</strong></span> <span class='ocrx_word' id='word_1_683' title='bbox 847 5485 1184 5556; x_wconf 86' lang='grc' dir='ltr'>προεστάναι</span> <span class='ocrx_word' id='word_1_684' title='bbox 1213 5485 1316 5556; x_wconf 84' lang='grc' dir='ltr'><strong>τῆς</strong></span> <span class='ocrx_word' id='word_1_685' title='bbox 1353 5485 1716 5556; x_wconf 87' lang='grc' dir='ltr'>Ἐκκλησίας,</span> <span class='ocrx_word' id='word_1_686' title='bbox 1759 5485 1794 5556; x_wconf 77' lang='grc' dir='ltr'>ἦ</span> <span class='ocrx_word' id='word_1_687' title='bbox 1837 5487 1934 5539; x_wconf 75' lang='grc' dir='ltr'><strong>καὶ</strong></span> 
     </span>
    </p>
   </div>
   <div class='ocr_carea' id='block_1_96' title="bbox 320 5576 1936 5655">
    <p class='ocr_par' dir='ltr' id='par_1_96' title="bbox 320 5576 1936 5655">
     <span class='ocr_line' id='line_1_96' title="bbox 320 5576 1936 5655; baseline -0.006 -14"><span class='ocrx_word' id='word_1_688' title='bbox 320 5586 435 5641; x_wconf 69' lang='grc' dir='ltr'><strong>ὑπὸ</strong></span> <span class='ocrx_word' id='word_1_689' title='bbox 457 5584 626 5655; x_wconf 75' lang='grc' dir='ltr'>χεῖρα</span> <span class='ocrx_word' id='word_1_690' title='bbox 660 5581 855 5649; x_wconf 84' lang='grc' dir='ltr'>γέγονε</span> <span class='ocrx_word' id='word_1_691' title='bbox 894 5578 996 5648; x_wconf 81' lang='grc' dir='ltr'><strong>τὴν</strong></span> <span class='ocrx_word' id='word_1_692' title='bbox 1039 5576 1226 5631; x_wconf 80' lang='grc' dir='ltr'>αὑτοῦ.</span> <span class='ocrx_word' id='word_1_693' title='bbox 1257 5577 1489 5640; x_wconf 82' lang='grc' dir='ltr'>Οὐδενὸς</span> <span class='ocrx_word' id='word_1_694' title='bbox 1514 5577 1574 5630; x_wconf 82' lang='grc' dir='ltr'>δὲ</span> <span class='ocrx_word' id='word_1_695' title='bbox 1613 5578 1936 5648; x_wconf 85' lang='grc' dir='ltr'>πεπραγμέ-</span> 
     </span>
    </p>
   </div>
   <div class='ocr_carea' id='block_1_97' title="bbox 2036 4847 3627 4919">
    <p class='ocr_par' dir='ltr' id='par_1_97' title="bbox 2036 4847 3627 4919">
     <span class='ocr_line' id='line_1_97' title="bbox 2036 4847 3627 4919; baseline 0.001 -15"><span class='ocrx_word' id='word_1_696' title='bbox 2036 4857 2256 4919; x_wconf 88' lang='lat' dir='ltr'><strong>tempus</strong></span> <span class='ocrx_word' id='word_1_697' title='bbox 2277 4847 2384 4903; x_wconf 86' lang='lat' dir='ltr'><strong>sibi</strong></span> <span class='ocrx_word' id='word_1_698' title='bbox 2410 4863 2521 4902; x_wconf 93' lang='lat' dir='ltr'><strong>non</strong></span> <span class='ocrx_word' id='word_1_699' title='bbox 2556 4861 2678 4902; x_wconf 89' lang='lat' dir='ltr'><strong>esse</strong></span> <span class='ocrx_word' id='word_1_700' title='bbox 2701 4847 2890 4902; x_wconf 91' lang='lat' dir='ltr'><strong>datum</strong></span> <span class='ocrx_word' id='word_1_701' title='bbox 2917 4888 2932 4914; x_wconf 97' lang='lat'><strong>,</strong></span> <span class='ocrx_word' id='word_1_702' title='bbox 2958 4863 3062 4903; x_wconf 90' lang='lat' dir='ltr'><strong>nec</strong></span> <span class='ocrx_word' id='word_1_703' title='bbox 3092 4848 3430 4904; x_wconf 87' lang='lat' dir='ltr'><strong>auditionem</strong></span> <span class='ocrx_word' id='word_1_704' title='bbox 3456 4866 3627 4906; x_wconf 89' lang='lat' dir='ltr'><strong>cano-</strong></span> 
     </span>
    </p>
   </div>
   <div class='ocr_carea' id='block_1_98' title="bbox 2036 4925 3627 5008">
    <p class='ocr_par' dir='ltr' id='par_1_98' title="bbox 2036 4925 3627 5008">
     <span class='ocr_line' id='line_1_98' title="bbox 2036 4925 3627 5008; baseline 0.001 -14"><span class='ocrx_word' id='word_1_705' title='bbox 2036 4925 2230 4994; x_wconf 74' lang='lat' dir='ltr'><strong>nicam</strong></span> <span class='ocrx_word' id='word_1_706' title='bbox 2263 4930 2369 4992; x_wconf 88' lang='lat' dir='ltr'><strong>sibi</strong></span> <span class='ocrx_word' id='word_1_707' title='bbox 2415 4936 2586 4992; x_wconf 88' lang='lat' dir='ltr'><strong>fuisse</strong></span> <span class='ocrx_word' id='word_1_708' title='bbox 2625 4952 2963 4993; x_wconf 87' lang='lat' dir='ltr'><strong>concessam.</strong></span> <span class='ocrx_word' id='word_1_709' title='bbox 2998 4937 3096 4994; x_wconf 91' lang='lat' dir='ltr'><strong>Sin</strong></span> <span class='ocrx_word' id='word_1_710' title='bbox 3137 4947 3319 4993; x_wconf 86' lang='lat' dir='ltr'><strong>autem</strong></span> <span class='ocrx_word' id='word_1_711' title='bbox 3357 4939 3463 4993; x_wconf 83' lang='lat' dir='ltr'><strong>tale</strong></span> <span class='ocrx_word' id='word_1_712' title='bbox 3490 4941 3627 5008; x_wconf 87' lang='lat' dir='ltr'><strong>quid</strong></span> 
     </span>
    </p>
   </div>
   <div class='ocr_carea' id='block_1_99' title="bbox 2021 5029 3626 5100">
    <p class='ocr_par' dir='ltr' id='par_1_99' title="bbox 2021 5029 3626 5100">
     <span class='ocr_line' id='line_1_99' title="bbox 2021 5029 3626 5100; baseline 0.001 -16"><span class='ocrx_word' id='word_1_713' title='bbox 2021 5030 2246 5090; x_wconf 60' lang='lat' dir='ltr'><strong>factum</strong></span> <span class='ocrx_word' id='word_1_714' title='bbox 2293 5037 2461 5093; x_wconf 84' lang='lat' dir='ltr'><strong>esset,</strong></span> <span class='ocrx_word' id='word_1_715' title='bbox 2493 5029 2614 5100; x_wconf 89' lang='lat' dir='ltr'><strong>ipsa</strong></span> <span class='ocrx_word' id='word_1_716' title='bbox 2650 5038 2899 5085; x_wconf 82' lang='lat' dir='ltr'><strong>actorum</strong></span> <span class='ocrx_word' id='word_1_717' title='bbox 2939 5030 3232 5100; x_wconf 90' lang='lat' dir='ltr'><strong>productio</strong></span> <span class='ocrx_word' id='word_1_718' title='bbox 3277 5047 3405 5085; x_wconf 89' lang='lat' dir='ltr'><strong>eum</strong></span> <span class='ocrx_word' id='word_1_719' title='bbox 3433 5032 3626 5086; x_wconf 82' lang='lat' dir='ltr'><strong>convi—</strong></span> 
     </span>
    </p>
   </div>
   <div class='ocr_carea' id='block_1_100' title="bbox 2039 5121 3629 5192">
    <p class='ocr_par' dir='ltr' id='par_1_100' title="bbox 2039 5121 3629 5192">
     <span class='ocr_line' id='line_1_100' title="bbox 2039 5121 3629 5192; baseline -0.001 -15"><span class='ocrx_word' id='word_1_720' title='bbox 2039 5122 2208 5178; x_wconf 87' lang='lat' dir='ltr'><strong>cisset</strong></span> <span class='ocrx_word' id='word_1_721' title='bbox 2237 5137 2394 5176; x_wconf 89' lang='lat' dir='ltr'><strong>reum</strong></span> <span class='ocrx_word' id='word_1_722' title='bbox 2435 5121 2816 5191; x_wconf 90' lang='lat' dir='ltr'><strong>impositorum</strong></span> <span class='ocrx_word' id='word_1_723' title='bbox 2848 5122 2952 5192; x_wconf 91' lang='lat' dir='ltr'><strong>ipsi</strong></span> <span class='ocrx_word' id='word_1_724' title='bbox 2987 5121 3281 5176; x_wconf 87' lang='lat' dir='ltr'><strong>criminum</strong></span> <span class='ocrx_word' id='word_1_725' title='bbox 3302 5161 3317 5185; x_wconf 89' lang='lat'><strong>,</strong></span> <span class='ocrx_word' id='word_1_726' title='bbox 3347 5134 3449 5175; x_wconf 92' lang='lat' dir='ltr'><strong>nec</strong></span> <span class='ocrx_word' id='word_1_727' title='bbox 3480 5130 3629 5176; x_wconf 90' lang='lat' dir='ltr'><strong>esset</strong></span> 
     </span>
    </p>
   </div>
   <div class='ocr_carea' id='block_1_101' title="bbox 2030 5210 3628 5284">
    <p class='ocr_par' dir='ltr' id='par_1_101' title="bbox 2030 5210 3628 5284">
     <span class='ocr_line' id='line_1_101' title="bbox 2030 5210 3628 5284; baseline -0.001 -16"><span class='ocrx_word' id='word_1_728' title='bbox 2030 5213 2192 5284; x_wconf 85' lang='lat' dir='ltr'><strong>quod</strong></span> <span class='ocrx_word' id='word_1_729' title='bbox 2240 5228 2300 5268; x_wconf 92' lang='lat' dir='ltr'><strong>se</strong></span> <span class='ocrx_word' id='word_1_730' title='bbox 2350 5213 2551 5284; x_wconf 87' lang='lat' dir='ltr'><strong>injuria</strong></span> <span class='ocrx_word' id='word_1_731' title='bbox 2601 5213 2863 5269; x_wconf 85' lang='lat' dir='ltr'><strong>aﬂ&#39;ectum</strong></span> <span class='ocrx_word' id='word_1_732' title='bbox 2922 5218 3287 5281; x_wconf 87' lang='lat' dir='ltr'><strong>quereretur;</strong></span> <span class='ocrx_word' id='word_1_733' title='bbox 3338 5210 3422 5264; x_wconf 88' lang='lat' dir='ltr'><strong>vel</strong></span> <span class='ocrx_word' id='word_1_734' title='bbox 3474 5219 3628 5266; x_wconf 88' lang='lat' dir='ltr'><strong>certe</strong></span> 
     </span>
    </p>
   </div>
   <div class='ocr_carea' id='block_1_102' title="bbox 2041 5299 3631 5372">
    <p class='ocr_par' dir='ltr' id='par_1_102' title="bbox 2041 5299 3631 5372">
     <span class='ocr_line' id='line_1_102' title="bbox 2041 5299 3631 5372; baseline -0.001 -13"><span class='ocrx_word' id='word_1_735' title='bbox 2041 5303 2352 5359; x_wconf 87' lang='lat' dir='ltr'><strong>absolutum</strong></span> <span class='ocrx_word' id='word_1_736' title='bbox 2379 5319 2508 5358; x_wconf 91' lang='lat' dir='ltr'><strong>eum</strong></span> <span class='ocrx_word' id='word_1_737' title='bbox 2533 5303 2839 5365; x_wconf 90' lang='lat' dir='ltr'><strong>declarans,</strong></span> <span class='ocrx_word' id='word_1_738' title='bbox 2855 5315 3045 5354; x_wconf 90' lang='lat' dir='ltr'><strong>rursus</strong></span> <span class='ocrx_word' id='word_1_739' title='bbox 3065 5299 3392 5355; x_wconf 88' lang='lat' dir='ltr'><strong>concederet</strong></span> <span class='ocrx_word' id='word_1_740' title='bbox 3415 5308 3631 5372; x_wconf 71' lang='lat' dir='ltr'><strong>utprae-</strong></span> 
     </span>
    </p>
   </div>
   <div class='ocr_carea' id='block_1_103' title="bbox 2039 5383 3626 5465">
    <p class='ocr_par' dir='ltr' id='par_1_103' title="bbox 2039 5383 3626 5465">
     <span class='ocr_line' id='line_1_103' title="bbox 2039 5383 3626 5465; baseline 0.001 -14"><span class='ocrx_word' id='word_1_741' title='bbox 2039 5403 2187 5452; x_wconf 88' lang='lat' dir='ltr'><strong>esset</strong></span> <span class='ocrx_word' id='word_1_742' title='bbox 2232 5394 2493 5450; x_wconf 81' lang='lat' dir='ltr'><strong>Ecclesiae</strong></span> <span class='ocrx_word' id='word_1_743' title='bbox 2529 5409 2652 5465; x_wconf 78' lang='lat' dir='ltr'><strong>quae</strong></span> <span class='ocrx_word' id='word_1_744' title='bbox 2684 5393 2762 5448; x_wconf 91' lang='lat' dir='ltr'><strong>illi</strong></span> <span class='ocrx_word' id='word_1_745' title='bbox 2805 5383 3049 5462; x_wconf 71' lang='lat' dir='ltr'><strong>subiecta</strong></span> <span class='ocrx_word' id='word_1_746' title='bbox 3089 5391 3213 5450; x_wconf 90' lang='lat' dir='ltr'><strong>fuit.</strong></span> <span class='ocrx_word' id='word_1_747' title='bbox 3261 5392 3400 5449; x_wconf 88' lang='lat' dir='ltr'><strong>Cum</strong></span> <span class='ocrx_word' id='word_1_748' title='bbox 3443 5406 3626 5452; x_wconf 84' lang='lat' dir='ltr'><strong>autem</strong></span> 
     </span>
    </p>
   </div>
   <div class='ocr_carea' id='block_1_104' title="bbox 2040 5481 3628 5557">
    <p class='ocr_par' dir='ltr' id='par_1_104' title="bbox 2040 5481 3628 5557">
     <span class='ocr_line' id='line_1_104' title="bbox 2040 5481 3628 5557; baseline -0.001 -15"><span class='ocrx_word' id='word_1_749' title='bbox 2040 5486 2181 5542; x_wconf 86' lang='lat' dir='ltr'><strong>nihil</strong></span> <span class='ocrx_word' id='word_1_750' title='bbox 2214 5486 2419 5542; x_wconf 86' lang='lat' dir='ltr'><strong>factum</strong></span> <span class='ocrx_word' id='word_1_751' title='bbox 2451 5488 2524 5542; x_wconf 91' lang='lat' dir='ltr'><strong>sit</strong></span> <span class='ocrx_word' id='word_1_752' title='bbox 2557 5481 2828 5557; x_wconf 85' lang='lat' dir='ltr'><strong>ejusmodi</strong></span> <span class='ocrx_word' id='word_1_753' title='bbox 2854 5503 2874 5547; x_wconf 91' lang='grc'>,·</span> <span class='ocrx_word' id='word_1_754' title='bbox 2898 5482 2967 5537; x_wconf 89' lang='lat' dir='ltr'><strong>de</strong></span> <span class='ocrx_word' id='word_1_755' title='bbox 2997 5497 3057 5538; x_wconf 86' lang='lat' dir='ltr'><strong>re</strong></span> <span class='ocrx_word' id='word_1_756' title='bbox 3093 5483 3317 5552; x_wconf 88' lang='lat' dir='ltr'><strong>quidem</strong></span> <span class='ocrx_word' id='word_1_757' title='bbox 3357 5485 3464 5540; x_wconf 88' lang='lat' dir='ltr'><strong>alta</strong></span> <span class='ocrx_word' id='word_1_758' title='bbox 3494 5501 3628 5541; x_wconf 82' lang='lat' dir='ltr'><strong>voce</strong></span> 
     </span>
    </p>
   </div>
   <div class='ocr_carea' id='block_1_105' title="bbox 2041 5571 3629 5649">
    <p class='ocr_par' dir='ltr' id='par_1_105' title="bbox 2041 5571 3629 5649">
     <span class='ocr_line' id='line_1_105' title="bbox 2041 5571 3629 5649; baseline -0.001 -17"><span class='ocrx_word' id='word_1_759' title='bbox 2041 5577 2316 5649; x_wconf 86' lang='lat' dir='ltr'><strong>queritur,</strong></span> <span class='ocrx_word' id='word_1_760' title='bbox 2333 5586 2389 5632; x_wconf 90' lang='lat' dir='ltr'><strong>et</strong></span> <span class='ocrx_word' id='word_1_761' title='bbox 2405 5573 2808 5632; x_wconf 81' lang='lat' dir='ltr'><strong>intolerabilem</strong></span> <span class='ocrx_word' id='word_1_762' title='bbox 2823 5571 3079 5645; x_wconf 89' lang='lat' dir='ltr'><strong>injuriam</strong></span> <span class='ocrx_word' id='word_1_763' title='bbox 3101 5587 3159 5628; x_wconf 86' lang='lat' dir='ltr'><strong>se</strong></span> <span class='ocrx_word' id='word_1_764' title='bbox 3173 5571 3308 5628; x_wconf 89' lang='lat' dir='ltr'><strong>dicit</strong></span> <span class='ocrx_word' id='word_1_765' title='bbox 3324 5575 3629 5643; x_wconf 80' lang='lat' dir='ltr'><strong>accepisse,</strong></span> 
     </span>
    </p>
   </div>
   <div class='ocr_carea' id='block_1_106' title="bbox 1403 5731 2521 5804">
    <p class='ocr_par' dir='ltr' id='par_1_106' title="bbox 1403 5731 2521 5804">
     <span class='ocr_line' id='line_1_106' title="bbox 1403 5731 2521 5804; baseline 0 -18"><span class='ocrx_word' id='word_1_766' title='bbox 1403 5731 1579 5788; x_wconf 79' lang='lat' dir='ltr'><strong>Variae</strong></span> <span class='ocrx_word' id='word_1_767' title='bbox 1613 5733 1880 5789; x_wconf 87' lang='lat' dir='ltr'><strong>lectiones</strong></span> <span class='ocrx_word' id='word_1_768' title='bbox 1916 5735 2124 5794; x_wconf 83' lang='lat' dir='ltr'><strong>codicis</strong></span> <span class='ocrx_word' id='word_1_769' title='bbox 2160 5734 2521 5804; x_wconf 81' lang='lat' dir='ltr'><strong>Seguieriani.</strong></span> 
     </span>
    </p>
   </div>
   <div class='ocr_carea' id='block_1_107' title="bbox 404 5826 1344 5898">
    <p class='ocr_par' dir='ltr' id='par_1_107' title="bbox 404 5826 1344 5898">
     <span class='ocr_line' id='line_1_107' title="bbox 404 5826 1344 5898; baseline -0.006 -10"><span class='ocrx_word' id='word_1_770' title='bbox 404 5843 438 5888; x_wconf 69' lang='grc' dir='ltr'><strong>ει</strong></span> <span class='ocrx_word' id='word_1_771' title='bbox 471 5832 672 5887; x_wconf 81' lang='grc' dir='ltr'>αἰτίαν.</span> <span class='ocrx_word' id='word_1_772' title='bbox 754 5841 777 5868; x_wconf 70' lang='grc' dir='ltr'><strong>τ</strong></span> <span class='ocrx_word' id='word_1_773' title='bbox 805 5828 1051 5898; x_wconf 82' lang='grc' dir='ltr'>πρῶτον.</span> <span class='ocrx_word' id='word_1_774' title='bbox 1133 5836 1154 5863; x_wconf 77' lang='grc'><em>³</em></span> <span class='ocrx_word' id='word_1_775' title='bbox 1183 5826 1344 5882; x_wconf 80' lang='grc' dir='ltr'>εἶναι.</span> 
     </span>
    </p>
   </div>
   <div class='ocr_carea' id='block_1_108' title="bbox 582 5923 1358 5989">
    <p class='ocr_par' dir='ltr' id='par_1_108' title="bbox 582 5923 1358 5989">
     <span class='ocr_line' id='line_1_108' title="bbox 582 5923 1358 5989; baseline -0.008 0"><span class='ocrx_word' id='word_1_776' title='bbox 582 5925 864 5989; x_wconf 70' lang='grc' dir='ltr'>ΡΑτιιοῐ..</span> <span class='ocrx_word' id='word_1_777' title='bbox 913 5923 1030 5982; x_wconf 78' lang='lat' dir='ltr'><strong>Gn.</strong></span> <span class='ocrx_word' id='word_1_778' title='bbox 1074 5923 1358 5983; x_wconf 77' lang='lat' dir='ltr'><strong>LXXVII.</strong></span> 
     </span>
    </p>
   </div>
   <div class='ocr_carea' id='block_1_109' title="bbox 3241 5909 3313 5978">
    <p class='ocr_par' dir='ltr' id='par_1_109' title="bbox 3241 5909 3313 5978">
     <span class='ocr_line' id='line_1_109' title="bbox 3241 5909 3313 5978; baseline -0.056 0"><span class='ocrx_word' id='word_1_779' title='bbox 3241 5909 3313 5978; x_wconf 77' lang='grc'>12</span> 
     </span>
    </p>
   </div>
  </div>
