4054 6428
439 350 544 416 367

1478 345 1534 400 S.
1574 336 1850 401 CYRlLLl
1887 340 2359 398 ALEXANDle
2395 342 2714 400 ARCHIEP.

3604 344 3706 408 568

442 489 542 546 per
583 474 689 528 hoc
729 467 952 540 quidem
1013 465 1251 534 teipsum
1285 463 1557 534 imprimis
1587 463 1984 520 commendasti
2009 502 2021 526 ,

2137 459 2237 531 μὲν
2266 460 2428 524 αὐτὸς
2471 461 2665 516 ἑαυτὸν
2702 462 3060 532 συνέστησας,
3097 462 3160 515 τὸ
3193 461 3486 532 Τιμοθέου,
3522 436 3716 534 ὥσπερ

443 563 574 618 dum
606 563 859 615 accurate
885 553 1192 610 observasti
1229 552 1365 607 illud
1388 554 1536 624 quod
1567 554 1860 609 Timotheo
1882 554 2026 608 Pau-

442 656 528 710 lus
587 645 1012 707 custodiendum
1051 645 1436 711 tradiderat“;
1481 653 1633 716 patet
1667 645 1817 700 enim
1857 651 1912 699 te
1943 645 2026 698 le-

441 746 614 802 ctioni
645 758 870 814 operam
897 741 1049 797 dare.
1071 739 1280 796 Deinde
1311 755 1413 796 nos
1445 749 1577 794 natu
1610 738 1846 810 grandes
1865 747 1923 793 et
1941 753 2029 793 se-

441 841 533 893 nio
558 835 1048 904 invaletudineque
1076 833 1301 898 fractos,
1334 840 1392 888 et
1424 830 1688 888 aerumnis
1714 830 2026 890 innumeris

447 928 672 984 alllictos
704 927 1008 1000 (malorum
1028 924 1177 979 enim
1200 923 1355 994 copia
1377 924 1433 977 in
1455 939 1556 978 nos
1574 921 1831 986 excitata,
1855 921 2025 975 vitam

449 1029 683 1075 nostram
721 1017 1122 1090 propemodum
1166 1013 1504 1086 oppressit),
1560 1013 1758 1068 ardore
1797 1012 2026 1083 spiritus

441 1115 520 1168 tui
555 1112 768 1172 alllatos
804 1125 868 1165 ac
896 1108 1204 1180 permulsos
1225 1145 1241 1172 ,
1281 1105 1455 1161 veluti
1497 1104 1740 1160 ferarum
1769 1104 1938 1159 cubili
1969 1112 2026 1159 et

438 1210 692 1280 sepulcro
718 1205 1002 1262 conditum
1036 1202 1106 1257 ad
1129 1199 1488 1272 vigilandum,
1515 1198 1750 1268 vitaeque
1781 1196 2024 1266 vigorem

438 1300 817 1372 recipiendum
835 1294 1109 1352 excitasti.
1139 1294 1326 1349 Potest
1343 1307 1476 1362 ergo
1513 1289 1787 1345 sententia
1819 1288 1932 1352 illa,
1965 1295 2026 1342 ut

435 1393 605 1449 verba
636 1397 852 1455 sonant,
884 1385 1120 1456 simplici
1155 1384 1440 1438 intellectu
1479 1381 1718 1451 exponi,
1750 1388 1806 1435 et
1846 1388 2025 1450 potest

437 1485 648 1540 varium
677 1481 970 1536 admittere
1001 1475 1392 1548 signiﬁcatum.
1423 1475 1557 1542 Quae
1585 1491 1717 1547 ergo
1757 1474 1937 1529 cuivis
1967 1474 2024 1528 in

435 1582 692 1647 promptu
713 1588 833 1628 esse
856 1570 1030 1641 possit
1053 1567 1346 1638 explicatio
1369 1568 1487 1623 haec
1506 1575 1610 1632 est,
1628 1567 1798 1622 Caino
1820 1567 2024 1636 septies

434 1665 819 1738 geminandam
865 1677 988 1717 esse
1013 1675 1232 1731 pmnam
1265 1659 1336 1713 ob
1362 1659 1572 1714 scelera
1606 1674 1728 1728 quae
1761 1658 2018 1728 patravit.

434 1760 621 1828 Neque
643 1756 789 1812 enim
812 1754 951 1823 aequi
981 1768 1102 1807 esse
1121 1750 1325 1822 judicis
1346 1767 1509 1821 pares
1526 1767 1622 1821 pro
1646 1751 1872 1820 paribus
1898 1765 2024 1820 pec-

432 1847 569 1901 catis
592 1860 785 1916 pmnas
815 1843 1080 1912 irrogare,
1116 1841 1212 1896 sed
1243 1855 1344 1910 par
1373 1850 1457 1895 est
1513 1849 1574 1894 ut
1609 1848 1891 1894 auctorem
1923 1839 2020 1894 de-

430 1938 546 1993 licti
573 1935 922 2008 gravioribus
964 1933 1167 2003 adligat
1197 1931 1502 2002 suppliciis,
1540 1939 1601 1985 ut
1639 1939 1695 1986 et
1741 1931 1855 2001 ipse
1897 1946 2021 1986 cor—

433 2029 665 2100 rigatur,
700 2035 758 2081 et
798 2026 1042 2094 reliquos
1069 2023 1321 2092 exemplo
1356 2036 1457 2076 suo
1493 2021 1766 2076 tardiores
1795 2021 1862 2075 ad
1901 2021 2020 2075 cul-

433 2135 559 2191 pam
591 2117 804 2173 reddat.
839 2117 983 2186 Ergo
1012 2114 1143 2185 quia
1176 2114 1465 2168 decretum
1505 2122 1626 2168 erat
1679 2120 1740 2166 ut
1768 2112 1904 2167 Cain
1929 2127 2018 2168 se-

431 2211 785 2285 ptemplicem
811 2209 987 2264 lueret
1010 2222 1226 2278 poenam
1254 2206 1530 2261 scelerum
1548 2221 1798 2273 suorum,
1821 2205 2017 2269 solvet,

433 2299 641 2370 inquit,
674 2299 816 2352 hanc
851 2297 1026 2366 ipsam
1058 2296 1136 2350 illi
1179 2311 1397 2367 pmnam
1440 2312 1470 2350 a
1504 2296 1691 2350 divina
1743 2296 2018 2351 sententia

431 2396 713 2452 decretam
755 2392 851 2462 qui
883 2390 1169 2466 \occiderit
1209 2389 1465 2444 Cainum.
1509 2388 1610 2442 llic
1646 2388 1860 2457 primus
1915 2387 2020 2440 hoc

325 2473 334 2480 ’
429 2488 552 2542 loco
585 2483 829 2541 occurrit
856 2483 1112 2538 lectionis
1143 2481 1479 2538 intellectus.
1540 2479 1681 2546 Quia
1716 2495 1849 2534 vero
1897 2488 2016 2534 stu-

429 2580 717 2638 diosorum
757 2575 978 2630 animus
1025 2575 1170 2628 solet
1209 2573 1375 2626 altius
1431 2586 1617 2625 rerum
1655 2585 1851 2624 causas
1893 2584 2018 2639 per-

429 2669 740 2739 vestigare,
798 2665 996 2736 qumrit
1043 2663 1112 2718 de
1160 2663 1397 2735 justitia,
1447 2660 1726 2732 quomodo
1773 2675 1873 2730 per
1896 2675 2019 2728 sep-

429 2761 746 2831 templicem
785 2773 1002 2829 poenam
1050 2755 1129 2810 illi
1157 2754 1425 2811 satisﬁat?
1459 2761 1647 2807 utrum
1680 2751 2019 2822 septemplex

429 2853 501 2907 sit
549 2851 834 2914 delictum,
862 2864 933 2903 an
969 2861 1104 2902 vero
1129 2887 1144 2910 ,
1179 2846 1342 2915 culpa
1389 2843 1621 2914 simplex
1661 2853 1757 2898 aut
1786 2857 1927 2907 una,
1962 2849 2019 2896 et

429 2946 768 3018 septemplex
797 2959 959 3014 poma
976 2958 1078 3014 pro
1101 2957 1212 2995 uno
1233 2939 1473 2994 delicto?
1494 2938 1702 2992 Divina:
1719 2937 2020 3007 Scriptura:

429 3043 515 3095 lex
551 3052 846 3094 numerum
882 3033 1226 3090 remissionis
1260 3041 1612 3102 peccatorum
1637 3045 1857 3100 semper
1887 3044 2016 3099 sep-

429 3133 641 3188 tenario
676 3129 889 3186 definit.
933 3148 950 3179 t
996 3126 1245 3192 Quoties,
1278 3124 1504 3195 inquit,
1530 3123 1784 3193 peccabit
1829 3122 1884 3176 in
1927 3137 2016 3177 me

429 3187 600 3278 lratcr
628 3236 804 3285 meus,
851 3227 909 3273 et
935 3187 1210 3271 remittam
1234 3187 1317 3268 illi
1357 3187 1563 3286 verba
1611 3214 1760 3269 Petri
1797 3222 1927 3269 sunt
1946 3211 2015 3268 ad
2043 3187 2088 3248 θ

428 3313 782 3383 Dominum)?
802 3325 977 3380 usque
994 3308 1239 3379 septies?
1272 3307 1480 3362 Deinde
1506 3307 1804 3377 respondet
1833 3306 2021 3361 Domi-

427 3424 532 3462 nus
574 3425 586 3460 :
632 3426 649 3457 ‹
685 3405 806 3460 Non
840 3401 967 3456 dico
999 3400 1098 3458 tibi
1131 3399 1359 3470 septies,
1387 3399 1482 3454 sed
1509 3415 1682 3470 usque
1707 3398 2020 3470 septuagies

427 3497 634 3568 septies
658 3496 678 3525 ’⁵
702 3512 717 3561 ;
758 3513 775 3544 ι
809 3507 915 3548 nec
955 3491 1106 3546 enim
1137 3490 1406 3545 Dominus
1432 3489 1500 3545 ad
1529 3505 1822 3545 numerum
1847 3490 2018 3544 alium

427 3588 668 3650 transiit,
695 3585 814 3651 sed,
843 3585 1154 3655 septenario
1169 3583 1556 3653 multiplicato,
1579 3582 1634 3636 in
1663 3583 1858 3639 eodem
1882 3599 2016 3638 con-

426 3682 589 3746 stitit,
609 3690 666 3736 et
688 3678 845 3749 quasi
872 3677 1170 3732 terminum
1189 3675 1306 3730 ﬁxit
1323 3675 1758 3731 remissionis.Et
1783 3677 2019 3746 septimo

427 3790 573 3832 anno
613 3773 878 3828 Hebraeus
908 3770 1169 3825 libertate
1200 3768 1534 3828 donabatur.
1586 3769 1808 3840 Septem
1839 3785 2016 3824 anno-

426 3885 551 3926 rum
583 3865 959 3922 hebdomades
985 3863 1121 3918 illud
1139 3860 1635 3917 celebratissimum
1667 3861 1911 3933 antiquis
1930 3862 2020 3932 ju-

427 3961 648 4016 bilaaum
669 3965 860 4012 exacte
886 3954 1181 4020 faciebant,
1197 3969 1309 4025 quo
1325 3953 1711 4024 requiescebat
1733 3962 1900 4019 terra,
1919 3953 2018 4009 de-

428 4054 672 4108 bitorum
696 4049 919 4104 nomina
941 4047 1676 4114 rescindebantur,servitus
1698 4047 2018 4114 tollebatur,

428 4155 484 4199 et
512 4145 668 4214 quasi
721 4156 927 4195 novum
968 4140 1096 4195 vitae
1144 4155 1316 4211 genus
1367 4138 1423 4192 in
1456 4139 1693 4210 septimo
1745 4154 2018 4194 annorum

428 4233 825 4307 quinquaginta
860 4246 1115 4296 numero,
1142 4232 1330 4302 priore
1359 4239 1416 4286 et
1449 4231 1624 4287 veteri
1663 4230 1820 4300 quasi
1850 4230 1919 4285 ad
1951 4229 2021 4284 ﬁ-

428 4344 554 4384 nem
587 4327 879 4399 perducto,
922 4324 1334 4380 instaurabatur
1364 4324 1408 4377 ⁵.
1443 4322 1575 4390 Quae.
1604 4323 1790 4379 omnia
1820 4322 2020 4378 adum-

428 4420 664 4475 brabant
702 4419 810 4473 hoc
847 4424 1096 4473 nostrum
1126 4432 1305 4472 aevum
1326 4457 1340 4483 ,
1375 4416 1525 4486 quod
1555 4424 1767 4486 septem
1801 4415 2021 4472 dierum

2131 552 2334 608 ἔδωκεν
2373 555 2588 618 Παῦλος
2625 553 2809 624 αὐτῷ,
2852 553 3099 624 ἀκριϐῶς
3143 555 3490 624 φυλάσσοντα
3515 573 3527 588 '
3555 557 3718 627 δῆλος

2130 649 2239 718 γὰρ
2279 643 2330 700 εἷ
2363 649 2648 718 προσέχων
2688 652 2755 720 τῇ
2799 648 3126 717 ἀναγνώσει.
3161 650 3395 703 Ἔπειτα
3444 651 3537 704 καὶ
3567 652 3718 720 ἡμᾶς

2129 739 2255 801 τοὺς
2293 739 2556 808 γέροντας
2585 740 2992 812 νεναρκηκότας
3017 740 3116 810 ἠδη
3153 743 3250 794 καὶ
3278 741 3358 812 τῷ
3392 742 3590 812 χρόνῳ,
3621 741 3717 794 καὶ

2127 831 2194 900 τῇ
2226 829 2483 902 ἀσθενείᾳ
2523 830 2620 884 τοῦ
2667 831 2923 903 σώματος
2944 874 2961 900 ,
3000 835 3098 886 καὶ
3125 832 3203 904 τῷ
3230 832 3427 905 πλήθει
3468 833 3576 886 τῶν
3603 833 3725 886 θλί-

2127 921 2274 991 ψεων
2320 923 2411 995 (αἱ
2442 923 2635 978 πολλαὶ
2665 926 2846 979 τοίνυν
2892 928 3021 997 περὶ
3053 927 3202 997 ἡμᾶς
3238 924 3547 996 κινηθεῖσαι
3581 925 3717 979 ἐϐά-

2130 1032 2304 1085 ρησαν
2329 1011 2486 1087 ἡμῶν
2517 1016 2616 1089 τὴν
2643 1017 2836 1089 ζωὴν),
2867 1019 3020 1088 ὅμως
3047 1018 3432 1089 διανέστησας,
3457 1019 3553 1071 καὶ
3576 1015 3722 1082 ζέων

2125 1109 2205 1179 τῷ
2237 1111 2508 1180 πνεύματι
2532 1111 2976 1182 κατεψυγμένους
3003 1113 3173 1182 ἡμᾶς,
3195 1110 3273 1175 ὡς
3309 1111 3377 1165 τά
3402 1111 3724 1182 φωλεύοντα

2127 1197 2238 1252 τῶν
2259 1198 2416 1264 ζώων
2435 1201 2516 1263 είς
2541 1201 2871 1271 ἐγρήγορσιν
2912 1201 3142 1272 μετρίαν
3169 1199 3531 1270 καὶζωτικὴν
3561 1199 3721 1271 ἐνέρ-

2130 1305 2286 1356 γειαν
2335 1290 2655 1359 ἐπανάγεις.
2705 1293 2896 1346 Ἔστιν
2930 1287 3024 1346 οὖν
3063 1291 3127 1344 τὸ
3165 1293 3350 1363 ῥητὸν,
3385 1292 3480 1346 καὶ¹
3526 1291 3720 1356 ἁπλῶς

2125 1379 2268 1433 οὕτω
2287 1380 2549 1451 νοηθῆναι
2582 1381 2900 1452 δυνάμενον,
2931 1383 3026 1436 καὶ
3049 1383 3332 1437 ἀποίκιλον
3359 1381 3719 1448 ἐπιδέξασθαι

2126 1472 2306 1541 λόγον.
2349 1473 2416 1526 Ἦ
2457 1473 2556 1544 μὲν
2592 1469 2684 1528 οὖν
2711 1474 3077 1546 ἁπλουστέρα,
3117 1476 3212 1529 καὶ
3250 1475 3414 1528 παντὶ
3436 1475 3722 1545 δυναμένη

2125 1567 2191 1618 ἑκ
2221 1565 2316 1618 τοῦ
2345 1566 2644 1638 προχείρου
2676 1568 3033 1639 παραστῆσαι
3076 1568 3322 1636 διάνοια,
3365 1569 3505 1640 αῦτη
3542 1568 3714 1621 ἐστίν·

2125 1656 2208 1710 ὅτι
2238 1656 2320 1710 δεῖ
2345 1657 2439 1710 τὸν
2469 1658 2608 1712 Καῒν
2637 1658 3067 1712 ἑπταπλασίωνα
3095 1659 3276 1712 δοῦναι
3299 1660 3397 1730 τὴν
3439 1660 3721 1731 τιμωρίαν

2126 1746 2269 1818 ὑπὲρ
2312 1741 2388 1802 ὧν
2425 1749 2694 1820 ἥμαρτεν.
2739 1749 2815 1802 Ού
2863 1749 2973 1821 γάρ
3021 1751 3137 1802 ἐστι
3180 1749 3544 1820 δικαιοκρίτου
3591 1752 3720 1812 ἴσας

2127 1839 2264 1911 πρὸς
2309 1841 2431 1904 ἴσας
2465 1840 2671 1910 ὁρίζειν
2701 1841 3091 1905 ἀνταποδόσεις
3122 1856 3136 1870 ⁸
3187 1841 3304 1895 ἀλλ’
3355 1842 3576 1912 ἀνάγκη
3622 1841 3717 1894 τὸν

2125 1933 2475 2001 κατάρξαντα
2530 1933 2702 1986 κακοῦ
2757 1933 2897 2004 μετὰ
2959 1934 3279 2006 προσθήκης
3329 1928 3593 1987 ἀποτῖσαι
3642 1934 3711 1986 τά

2122 2022 2472 2094 ὀφειλόμενα,
2511 2024 2546 2094 ἦ
2581 2024 2763 2095 μέλλει
2805 2025 2967 2089 αὐτὸς
3001 2025 3225 2096 βελτίων
3251 2029 3373 2089 ταῖς
3417 2027 3716 2097 τιμωρίαις

2122 2115 2402 2183 γενέσθαι,
2437 2117 2533 2169 καὶ
2553 2117 2681 2181 τοὺς
2709 2116 2932 2180 λοιποὺς
2969 2120 3451 2188 σωφρονεστέρους
3483 2118 3720 2186 ποιῆσαι

2120 2213 2199 2282 τῷ
2233 2213 2614 2284 ὑποδείγματι.
2664 2213 2874 2267 Οὐκοῦν
2917 2214 3107 2286 ἐπειδὴ
3173 2213 3437 2268 τέτακται
3477 2212 3720 2276 ἑπτάκις

2123 2305 2526 2376 ἀποπληρῶσαι
2555 2305 2654 2376 τὴν
2678 2306 2836 2377 δίκην
2857 2307 2967 2359 τῶν
2991 2307 3400 2378 ἡμαρτημένων
3425 2305 3514 2359 τὸν
3544 2303 3717 2368 Καῒν,

2122 2398 2445 2468 παραλύσει,
2469 2399 2654 2469 φησὶν,
2685 2398 2859 2470 τούτῳ
2880 2399 2958 2470 τῷ
2988 2401 3006 2435 ί
3039 2398 3143 2454 ὑπὸ
3173 2399 3275 2470 τῆς
3297 2399 3446 2463 θείας
3475 2399 3720 2470 κρίσεως

2122 2491 2208 2542 ἐπ’
2249 2491 2399 2561 αὐτῷ
2449 2491 2795 2563 δεδογμένον,
2842 2494 2870 2546 6
2919 2493 3249 2558 ἀποκτείνας
3301 2493 3483 2547 αὐτόν.
3539 2486 3723 2556 Οὗτός

2120 2584 2268 2637 ἐστιν
2297 2581 2326 2634 ὁ
2356 2582 2480 2647 νοῦς
2511 2586 2538 2638 6
2565 2585 2814 2639 ἐντεῦθεν
2835 2585 2944 2639 ἀπὸ
2972 2587 3070 2656 τῆς
3094 2585 3318 2658 πρώτης
3349 2583 3722 2654 ἀναγνώσεως

2122 2675 2469 2730 ὑποπίπτων.
2517 2678 2736 2750 Ἐπειδὴ
2765 2679 2822 2732 δὲ
2850 2679 3079 2750 ἐρευνᾷν
3102 2678 3315 2748 πέφυκε
3345 2679 3414 2732 τά
3437 2676 3579 2748 βάθη
3602 2676 3722 2730 τῶν

2114 2767 2632 2838 φιλοπονωτέρωνη
2669 2769 2901 2835 διάνοια,
2940 2768 3194 2841 ἐπιζητεῖ
3227 2770 3287 2823 τὸ
3318 2769 3546 2831 δίκαιον,
3589 2767 3721 2831 πῶς

2121 2859 2180 2912 ἐν
2205 2858 2282 2928 τῷ
2312 2859 2542 2924 ἑπτάκις
2573 2860 2876 2932 πληροῦται
2905 2861 3000 2915 καὶ
3031 2860 3103 2915 τά
3131 2860 3494 2930 ἐκδικούμενα
3515 2877 3529 2925 ;
3554 2860 3722 2913 πότε·

2123 2968 2215 3022 ρον
2237 2951 2305 3005 τά
2333 2951 2722 3023 ἁμαρτηθέντα
2749 2954 2889 3007 ἑπτά
2915 2956 3082 3019 ἐστιν,
3104 2954 3162 3008 ἐν
3185 2954 3286 3026 μὲν
3305 2954 3365 3007 τὸ
3380 2952 3720 3024 ἁμάρτημα,

2124 3045 2266 3100 ἑπτά
2314 3045 2372 3098 δὲ
2411 3046 2506 3099 ἐπί
2553 3045 2632 3117 τῷ
2677 3045 2759 3102 ἑνὶ
2801 3047 2857 3100 αἱ
2895 3046 3188 3114 κολάσεις;
3254 3046 3366 3099 Ἀεὶ
3399 3044 3498 3114 μὲν
3537 3041 3632 3098 οὖν
3683 3045 3721 3115 ἡ

2123 3139 2317 3210 Γραφὴ
2355 3139 2447 3192 τὸν
2492 3141 2594 3209 τῆς
2625 3139 2875 3208 ἀφέσεως
2905 3139 3013 3192 τῶν
3062 3137 3350 3210 ἁμαρτιῶν
3380 3135 3617 3208 ἀριθμὸν
3655 3137 3723 3189 ἑν

2121 3234 2236 3296 τοῖς
2283 3231 2422 3286 ἑπτά
2458 3230 2784 3304 περιορίξει.
2825 3251 2844 3284 t
2887 3231 3148 3296 Ποσάκις,
3192 3232 3328 3302 φησὶ
3353 3271 3366 3295 ,
3399 3231 3723 3301 ἁμαρτήσει

2122 3324 2205 3386 είς
2244 3322 2345 3393 ἐμὲ
2375 3323 2404 3375 ὁ
2435 3322 2665 3391 ἀδελφός
2698 3339 2800 3394 μου
2829 3362 2844 3387 ,
2877 3322 2970 3376 καὶ
2997 3323 3198 3393 ἀφήσω
3226 3322 3374 3393 αὐτῷ
3407 3323 3426 3392 (
3449 3324 3476 3375 6
3503 3321 3723 3392 Πέτρος

2121 3414 2240 3468 ἐστὶ
2273 3415 2449 3484 λέγων
2491 3414 2571 3486 τῷ
2603 3414 2854 3486 Κυρίῳ);
2886 3415 2992 3477 ἓως
3019 3414 3249 3478 ἑπτάκις
3277 3431 3292 3480 ;
3332 3433 3349 3465 ι
3405 3410 3539 3467 Εἶτα
3572 3413 3722 3466 ἀπό-

2123 3527 2308 3581 κρισις
2331 3509 2428 3563 τοῦ
2459 3508 2686 3580 Κυρίου·
2721 3527 2740 3559 ι
2779 3508 2854 3561 Οὑ
2886 3507 3030 3576 λέγω
3053 3524 3134 3561 σοι
3167 3506 3274 3571 ἐως
3308 3505 3563 3570 ἑπτάκις,
3595 3503 3722 3558 ἀλλ’

2123 3601 2227 3666 ἕως
2261 3598 2726 3670 ἑϐδομηκοντάκις
2763 3598 2924 3652 ἑπτά·
2962 3617 2982 3650 ι
3018 3599 3080 3652 οὐ
3109 3597 3220 3669 γάρ
3271 3598 3358 3652 ἐπ’
3391 3597 3552 3653 ἄλλον
3585 3599 3716 3668 ἀρι-

2123 3692 2151 3746 θ
2160 3691 2258 3762 μὸν
2287 3691 2488 3764 μετέϐη
2506 3695 2535 3746 ό
2555 3691 2781 3763 Κύριος,
2803 3691 2940 3745 ἀλλά
2969 3691 3062 3744 τὸν
3079 3691 3219 3744 ἑπτά
3241 3689 3715 3755 πολυπλασιάσας,

2123 3785 2182 3837 ἐν
2212 3783 2363 3855 αὐτῷ
2383 3785 2476 3838 τὸν
2496 3784 2622 3855 ὅρον
2649 3783 2821 3838 ἔθετο.
2849 3783 2961 3838 Καὶ
2989 3783 3057 3837 δι’
3081 3781 3224 3837 ἑπτὰ
3247 3781 3383 3836 ἐτῶν
3403 3782 3433 3835 6
3458 3780 3718 3854 Ἐϐραῖος

2123 3876 2392 3933 ἀπελύετο
2417 3879 2516 3949 τῆς
2545 3876 2811 3940 δουλείας.
2863 3877 3036 3931 Ἑπτά
3065 3876 3124 3930 δὲ
3165 3874 3460 3946 ἐϐδομάδες
3489 3874 3629 3928 ἐτῶν
3653 3874 3711 3926 τό

2123 3967 2425 4038 ὀνομαστὸν
2460 3966 2753 4020 Ἰωϐίλαιον
2781 3965 2999 4020 ἐποίουν
3019 3967 3130 4030 τοῖς
3162 3966 3350 4031 πάλαι,
3382 3968 3440 4018 ἐν
3470 3960 3517 4032 ᾧ
3549 3962 3707 4018 ἐσαϐ-

2124 4059 2344 4124 ϐάτιζεν
2372 4060 2407 4131 ή
2438 4058 2534 4129 γῆ,
2558 4057 2736 4131 χρεῶν
2757 4057 2816 4112 δὲ
2843 4053 2986 4129 ἦσαν
3013 4057 3314 4123 ἀποκοπαὶ,
3341 4055 3438 4110 καλ.
3464 4055 3713 4120 δουλείας

2122 4149 2561 4221 ἀπαλλαγὴικαὶ
2599 4151 2762 4204 οἱονεὶ
2783 4150 2903 4213 νέος
2936 4151 3144 4205 ἀνωθεν
3176 4149 3474 4204 καθίστατο
3508 4148 3628 4218 βίος
3660 4150 3720 4202 ἐν

2123 4239 2202 4312 τῷ
2231 4238 2576 4312 ἑϐδοματικῷ
2605 4237 2850 4312 ἀριθμῷ,
2881 4237 2975 4292 τοῦ
3000 4237 3236 4292 παλαιοῦ
3255 4238 3455 4310 τρόπον
3470 4236 3592 4288 τινά
3614 4235 3721 4306 τὴν

2127 4333 2438 4388 συντέλειαν
2473 4333 2786 4404 δεχομένου.
2837 4330 3025 4386 Ταῦτα
3063 4331 3122 4384 δὲ
3170 4329 3335 4384 τύποι
3381 4328 3473 4382 τοῦ
3512 4327 3721 4391 αἰῶνος

2124 4427 2314 4483 τούτου
2339 4469 2354 4493 ,
2391 4427 2450 4492 ὃς
2495 4425 2586 4480 διά
2619 4425 2728 4479 τῶν
2775 4425 2916 4478 ἐπτά
2957 4422 3186 4496 ἡμερῶν
3235 4420 3722 4491 ἀνακυκλούμενος

429 4513 610 4568 orbita
637 4513 885 4568 revoluta
914 4526 1014 4566 nos
1043 4511 1261 4576 transit,
1293 4524 1405 4582 quo
1431 4511 1718 4581 culparum
1749 4510 2020 4565 humana-

2123 4521 2272 4592 ἡμᾶς
2301 4519 2673 4590 παρατρέχει·
2719 4519 2778 4571 ἐν
2808 4511 2854 4586 ᾧ
2890 4517 3134 4586 γίνονται
3167 4515 3224 4569 αἰ
3256 4515 3365 4569 τῶν
3419 4512 3723 4585 μετριωτέ-

430 4623 553 4660 rum
596 4621 695 4676 pro
741 4604 1032 4659 clementia
1074 4611 1132 4658 et
1170 4618 1303 4658 cura
1347 4601 1482 4656 boni
1520 4601 1619 4656 Dei
1669 4602 1846 4657 nostri
1889 4617 2017 4672 erga

429 4715 552 4763 nos,
585 4712 760 4768 pugnae
781 4704 1170 4766 reposcuntur,
1190 4695 1366 4764 culpae
1394 4693 1772 4760 remittuntur,
1797 4710 1868 4748 ne
1887 4709 2019 4764 sup-

429 4788 613 4860 pliciis
649 4787 1002 4859 sempiternis
1033 4788 1090 4844 in
1133 4801 1352 4841 omnem
1382 4786 1750 4841 aeternitatem
1801 4786 2020 4841 addica-

431 4897 575 4936 mur.
613 4881 752 4936 Illud
792 4881 981 4952 igitur,
1025 4878 1227 4951 septies
1251 4918 1265 4944 ,
1297 4885 1526 4950 propter
1549 4875 2019 4948 propinquitatem

431 4989 527 5027 seu
557 4972 843 5027 hominum
875 4970 1226 5026 affectionem
1254 4984 1384 5040 erga
1415 4967 1687 5023 mundum
1717 4967 1867 5023 hunc
1890 5009 1904 5034 ,
1931 4968 2019 5023 di-

431 5064 595 5127 citur,
625 5064 804 5135 utqui
841 5079 967 5119 cum
999 5061 1266 5116 mundum
1305 5061 1431 5131 plus
1463 5075 1621 5131 aequo
1658 5059 1909 5131 diligant,
1951 5061 2020 5117 ab

433 5158 567 5227 ipsis
625 5157 976 5212 debitoribus
1000 5196 1015 5221 ,
1057 5161 1295 5226 quorum
1329 5171 1495 5214 causa
1534 5164 1849 5211 statuerunt
1895 5173 2021 5228 pec-

432 5265 594 5312 care,
636 5250 872 5304 maxima
917 5247 1248 5304 detrimenta
1281 5248 1574 5319 accipiant.
1612 5248 1819 5308 Delicta
1854 5267 2020 5322 porro

432 5341 586 5396 Caini
632 5341 677 5395 si
717 5342 806 5396 cui
845 5358 1112 5411 exponas,
1163 5352 1372 5412 septem
1412 5342 1693 5416 reperias;
1737 5343 1780 5398 si
1815 5343 2021 5414 judicis

2127 4627 2236 4681 ρων
2269 4610 2688 4680 ἁμαρτημάτων
2721 4607 2980 4673 ἐκτίσεις,
3025 4609 3168 4660 κατὰ
3199 4605 3297 4677 τὴν
3326 4605 3721 4676 φιλάνθρωπον

2122 4701 2442 4771 ἐπιμέλειαν
2463 4701 2558 4754 τοῦ
2578 4702 2783 4770 ἀγαθοῦ
2804 4701 3101 4764 Δεσπότου,
3124 4699 3200 4762 ὡς
3225 4699 3298 4770 μὴ
3318 4697 3396 4769 τῷ
3422 4697 3723 4769 ἀπεράντῳ

2124 4790 2280 4843 αἰῶνι
2330 4790 2706 4861 παραδοθῆναι
2759 4792 2907 4862 ἡμᾶς
2958 4790 3038 4853 εἰς
3078 4789 3321 4842 κόλασιν.
3374 4788 3449 4840 Τὸ
3493 4788 3594 4856 μὲν
3625 4785 3723 4841 οὖν

2124 4880 2378 4946 ἑπτάκις,
2419 4881 2508 4935 διά
2537 4882 2633 4953 τὴν
2657 4883 2793 4954 πρὸς
2822 4882 2914 4936 τὸν
2939 4881 3144 4953 κόσμον
3174 4879 3365 4934 τοῦτον
3391 4880 3725 4948 συγγένειαν

2125 4975 2200 5039 ὡς
2230 4974 2338 5028 τῶν
2366 4973 2710 5044 φιλοκόσμων
2741 4973 2838 5028 ἀνθ
2848 4974 3045 5044 ρώπων
3066 4974 3160 5028 ἀπ’
3186 4972 3367 5027 αὐτῶν
3389 4973 3729 5042 ὀφειλόντων

2107 5069 2368 5139 μάλιστα
2414 5067 2773 5140 ζημιοῦσθαι,
2825 5062 2901 5122 ὧν
2941 5068 3108 5122 ἕνεκα
3157 5066 3364 5120 εἵλοντο
3411 5065 3723 5136 πονηρεύε-

2128 5161 2273 5216 σθαι.
2319 5162 2712 5233 Ἐκδικούμενα
2735 5163 2793 5216 δὲ
2829 5162 2882 5215 εί
2913 5179 2992 5232 τῳ
3033 5161 3187 5232 παρά
3219 5159 3297 5231 τῷ
3326 5159 3468 5213 Καῒν
3499 5159 3687 5226 λέγοις
3708 5197 3726 5222 ,

2125 5254 2381 5324 εὑρήσεις
2424 5253 2599 5306 ἑπτάο
2650 5252 2800 5306 είτά
2849 5253 3001 5325 παρὰ
3048 5252 3144 5306 τοῦ
3190 5249 3380 5323 κριτοῦ
3439 5249 3528 5304 ἐπ’
3565 5248 3729 5320 αὑτῷ

2112 5345 2450 5414 ¹ὁρισθέντα,
2493 5345 2587 5399 καὶ
2631 5345 2805 5408 οὓτως
2863 5345 2963 5398 οὐκ
3011 5340 3289 5414 ἀποτεύξῃ
3326 5340 3427 5411 τῆς
3485 5336 3725 5404 ἐννοίας.

507 5592 568 5645 ³1
603 5589 744 5644 Tim.
776 5607 848 5655 iv,
885 5587 969 5642 l3.
1033 5588 1049 5618 ‘
1078 5587 1268 5644 Matth.
1310 5605 1456 5656 xvm,
1495 5589 1584 5658 2i,
1645 5590 1734 5644 22.
1812 5592 1832 5622 ⁵
1885 5590 2015 5646 Levr

2123 5607 2235 5656 txv,
2278 5590 2343 5647 δι
2396 5605 2549 5661 seqq.

510 5839 527 5873 ι
565 5831 723 5886 τοῦτο
750 5834 828 5888 τό.
