  <div class='ocr_page' id='page_1' title='image "/cluster/home/n/w/nwhite01/storage/ocr_20150623/77:no.10/coo.31924054869783/192.png"; bbox 0 0 4054 6438; ppageno 0'>
   <div class='ocr_carea' id='block_1_1' title="bbox 311 371 3616 448">
    <p class='ocr_par' dir='ltr' id='par_1_1' title="bbox 311 371 3616 448">
     <span class='ocr_line' id='line_1_1' title="bbox 311 371 3616 448; baseline 0.003 -12"><span class='ocrx_word' id='word_1_1' title='bbox 311 380 425 436; x_wconf 72' lang='lat'><strong>.569</strong></span> <span class='ocrx_word' id='word_1_2' title='bbox 1688 371 2026 440; x_wconf 60' lang='lat' dir='ltr'><strong>EPISTULA</strong></span> <span class='ocrx_word' id='word_1_3' title='bbox 2063 383 2277 441; x_wconf 84' lang='lat' dir='ltr'><strong>Lxxx.</strong></span> <span class='ocrx_word' id='word_1_4' title='bbox 3513 391 3616 448; x_wconf 76' lang='lat' dir='ltr'><strong>57o</strong></span> 
     </span>
    </p>
   </div>
   <div class='ocr_carea' id='block_1_2' title="bbox 326 484 1916 578">
    <p class='ocr_par' dir='ltr' id='par_1_2' title="bbox 326 484 1916 574">
     <span class='ocr_line' id='line_1_2' title="bbox 326 484 1916 574; baseline 0.004 -26"><span class='ocrx_word' id='word_1_5' title='bbox 326 495 419 548; x_wconf 84' lang='grc' dir='ltr'><strong>Ἐν</strong></span> <span class='ocrx_word' id='word_1_6' title='bbox 433 493 538 564; x_wconf 78' lang='grc' dir='ltr'>μὲν</span> <span class='ocrx_word' id='word_1_7' title='bbox 553 484 650 547; x_wconf 77' lang='grc' dir='ltr'>οὖν</span> <span class='ocrx_word' id='word_1_8' title='bbox 673 495 789 557; x_wconf 82' lang='grc' dir='ltr'>τοῖς</span> <span class='ocrx_word' id='word_1_9' title='bbox 803 495 940 566; x_wconf 73' lang='grc' dir='ltr'>παρ’</span> <span class='ocrx_word' id='word_1_10' title='bbox 955 496 1122 552; x_wconf 78' lang='grc' dir='ltr'>αὐτοῦ</span> <span class='ocrx_word' id='word_1_11' title='bbox 1143 498 1283 552; x_wconf 72' lang='grc' dir='ltr'>Καῗν</span> <span class='ocrx_word' id='word_1_12' title='bbox 1306 499 1752 572; x_wconf 83' lang='grc' dir='ltr'>τετολμημένοις,</span> <span class='ocrx_word' id='word_1_13' title='bbox 1774 501 1916 574; x_wconf 78' lang='grc' dir='ltr'>πρῶ-</span> 
     </span>
    </p>
   </div>
   <div class='ocr_carea' id='block_1_3' title="bbox 2019 484 3614 578">
    <p class='ocr_par' dir='ltr' id='par_1_3' title="bbox 2021 501 3614 578">
     <span class='ocr_line' id='line_1_3' title="bbox 2021 501 3614 578; baseline 0.003 -20"><span class='ocrx_word' id='word_1_14' title='bbox 2021 517 2215 572; x_wconf 71' lang='grc' dir='ltr'>ρωηειε</span> <span class='ocrx_word' id='word_1_15' title='bbox 2244 502 2326 557; x_wconf 84' lang='lat' dir='ltr'><strong>illi</strong></span> <span class='ocrx_word' id='word_1_16' title='bbox 2357 501 2646 574; x_wconf 81' lang='lat' dir='ltr'><strong>irregatas,</strong></span> <span class='ocrx_word' id='word_1_17' title='bbox 2679 512 2891 574; x_wconf 82' lang='lat' dir='ltr'><strong>septem</strong></span> <span class='ocrx_word' id='word_1_18' title='bbox 2931 504 3123 562; x_wconf 80' lang='lat' dir='ltr'><strong>itidem</strong></span> <span class='ocrx_word' id='word_1_19' title='bbox 3153 506 3486 578; x_wconf 73' lang='lat' dir='ltr'><strong>cogitatione</strong></span> <span class='ocrx_word' id='word_1_20' title='bbox 3521 516 3614 562; x_wconf 78' lang='lat' dir='ltr'><strong>tua</strong></span> 
     </span>
    </p>
   </div>
   <div class='ocr_carea' id='block_1_4' title="bbox 311 584 1916 670">
    <p class='ocr_par' dir='ltr' id='par_1_4' title="bbox 311 584 1916 662">
     <span class='ocr_line' id='line_1_4' title="bbox 311 584 1916 662; baseline 0.005 -24"><span class='ocrx_word' id='word_1_21' title='bbox 311 602 405 638; x_wconf 85' lang='grc' dir='ltr'><strong>τον</strong></span> <span class='ocrx_word' id='word_1_22' title='bbox 442 584 782 658; x_wconf 78' lang='grc' dir='ltr'>ἁμάρτημα,</span> <span class='ocrx_word' id='word_1_23' title='bbox 802 585 1022 655; x_wconf 82' lang='grc' dir='ltr'>φθόνος,</span> <span class='ocrx_word' id='word_1_24' title='bbox 1055 589 1147 641; x_wconf 79' lang='grc' dir='ltr'>ἐπὶ</span> <span class='ocrx_word' id='word_1_25' title='bbox 1173 592 1240 660; x_wconf 80' lang='grc' dir='ltr'>τῇ</span> <span class='ocrx_word' id='word_1_26' title='bbox 1261 591 1704 662; x_wconf 86' lang='grc' dir='ltr'>προτιμήσειτοῦ</span> <span class='ocrx_word' id='word_1_27' title='bbox 1731 593 1916 647; x_wconf 79' lang='grc' dir='ltr'>Ἀϐελ.</span> 
     </span>
    </p>
   </div>
   <div class='ocr_carea' id='block_1_5' title="bbox 2019 584 3617 670">
    <p class='ocr_par' dir='ltr' id='par_1_5' title="bbox 2024 595 3617 670">
     <span class='ocr_line' id='line_1_5' title="bbox 2024 595 3617 670; baseline 0.004 -20"><span class='ocrx_word' id='word_1_28' title='bbox 2024 595 2433 667; x_wconf 85' lang='lat' dir='ltr'><strong>deprehendes.</strong></span> <span class='ocrx_word' id='word_1_29' title='bbox 2461 596 2708 651; x_wconf 86' lang='lat' dir='ltr'><strong>Primum</strong></span> <span class='ocrx_word' id='word_1_30' title='bbox 2733 613 2863 668; x_wconf 88' lang='lat' dir='ltr'><strong>ergo</strong></span> <span class='ocrx_word' id='word_1_31' title='bbox 2891 599 3038 668; x_wconf 93' lang='lat' dir='ltr'><strong>quod</strong></span> <span class='ocrx_word' id='word_1_32' title='bbox 3069 598 3274 655; x_wconf 90' lang='lat' dir='ltr'><strong>Cainus</strong></span> <span class='ocrx_word' id='word_1_33' title='bbox 3297 600 3413 670; x_wconf 88' lang='lat' dir='ltr'><strong>ipse</strong></span> <span class='ocrx_word' id='word_1_34' title='bbox 3435 611 3617 670; x_wconf 84' lang='lat' dir='ltr'><strong>patra-</strong></span> 
     </span>
    </p>
   </div>
   <div class='ocr_carea' id='block_1_6' title="bbox 323 671 1916 761">
    <p class='ocr_par' dir='ltr' id='par_1_6' title="bbox 323 671 1916 754">
     <span class='ocr_line' id='line_1_6' title="bbox 323 671 1916 754; baseline 0.007 -28"><span class='ocrx_word' id='word_1_35' title='bbox 323 672 612 742; x_wconf 83' lang='grc' dir='ltr'>Δεύτερον,</span> <span class='ocrx_word' id='word_1_36' title='bbox 635 673 790 738; x_wconf 83' lang='grc' dir='ltr'>δόλος</span> <span class='ocrx_word' id='word_1_37' title='bbox 813 676 936 745; x_wconf 87' lang='grc' dir='ltr'>μεθ’</span> <span class='ocrx_word' id='word_1_38' title='bbox 956 671 1019 732; x_wconf 77' lang='grc' dir='ltr'>οὗ</span> <span class='ocrx_word' id='word_1_39' title='bbox 1047 678 1296 750; x_wconf 76' lang='grc' dir='ltr'><strong>διελέχθη</strong></span> <span class='ocrx_word' id='word_1_40' title='bbox 1331 680 1410 752; x_wconf 82' lang='grc' dir='ltr'>τῷ</span> <span class='ocrx_word' id='word_1_41' title='bbox 1444 682 1685 754; x_wconf 82' lang='grc' dir='ltr'><strong>ἀδελφῷ,</strong></span> <span class='ocrx_word' id='word_1_42' title='bbox 1714 682 1916 737; x_wconf 85' lang='grc' dir='ltr'>είπὼν·</span> 
     </span>
    </p>
   </div>
   <div class='ocr_carea' id='block_1_7' title="bbox 2019 671 3617 761">
    <p class='ocr_par' dir='ltr' id='par_1_7' title="bbox 2023 687 3617 761">
     <span class='ocr_line' id='line_1_7' title="bbox 2023 687 3617 761; baseline 0.001 -17"><span class='ocrx_word' id='word_1_43' title='bbox 2023 690 2126 754; x_wconf 87' lang='lat' dir='ltr'><strong>vit,</strong></span> <span class='ocrx_word' id='word_1_44' title='bbox 2159 697 2245 744; x_wconf 90' lang='lat' dir='ltr'><strong>est</strong></span> <span class='ocrx_word' id='word_1_45' title='bbox 2275 687 2506 753; x_wconf 84' lang='lat' dir='ltr'><strong>invidia,</strong></span> <span class='ocrx_word' id='word_1_46' title='bbox 2537 689 2685 759; x_wconf 91' lang='lat' dir='ltr'><strong>quod</strong></span> <span class='ocrx_word' id='word_1_47' title='bbox 2723 690 2829 745; x_wconf 85' lang='lat' dir='ltr'><strong>sibi</strong></span> <span class='ocrx_word' id='word_1_48' title='bbox 2861 707 2891 744; x_wconf 91' lang='lat' dir='ltr'><strong>a</strong></span> <span class='ocrx_word' id='word_1_49' title='bbox 2926 691 3039 745; x_wconf 88' lang='lat' dir='ltr'><strong>Deo</strong></span> <span class='ocrx_word' id='word_1_50' title='bbox 3070 691 3297 746; x_wconf 79' lang='lat' dir='ltr'><strong>Abelcm</strong></span> <span class='ocrx_word' id='word_1_51' title='bbox 3330 691 3617 761; x_wconf 59' lang='lat' dir='ltr'><strong>praelatum</strong></span> 
     </span>
    </p>
   </div>
   <div class='ocr_carea' id='block_1_8' title="bbox 327 765 1916 851">
    <p class='ocr_par' dir='ltr' id='par_1_8' title="bbox 327 765 1916 847">
     <span class='ocr_line' id='line_1_8' title="bbox 327 765 1916 847; baseline 0.008 -29"><span class='ocrx_word' id='word_1_52' title='bbox 327 785 345 818; x_wconf 81' lang='grc' dir='ltr'><strong>ι</strong></span> <span class='ocrx_word' id='word_1_53' title='bbox 363 765 686 837; x_wconf 75' lang='grc' dir='ltr'><strong>Διέλθωμεν</strong></span> <span class='ocrx_word' id='word_1_54' title='bbox 706 768 788 830; x_wconf 85' lang='grc' dir='ltr'><strong>εἰς</strong></span> <span class='ocrx_word' id='word_1_55' title='bbox 805 767 867 821; x_wconf 83' lang='grc' dir='ltr'>τὸ</span> <span class='ocrx_word' id='word_1_56' title='bbox 883 770 1088 826; x_wconf 82' lang='grc' dir='ltr'><strong>πεδίον.</strong></span> <span class='ocrx_word' id='word_1_57' title='bbox 1112 791 1130 822; x_wconf 74' lang='grc' dir='ltr'><strong>ι</strong></span> <span class='ocrx_word' id='word_1_58' title='bbox 1151 773 1368 844; x_wconf 77' lang='grc' dir='ltr'><strong>Τρίτον,</strong></span> <span class='ocrx_word' id='word_1_59' title='bbox 1388 775 1545 846; x_wconf 83' lang='grc' dir='ltr'>φόνος</span> <span class='ocrx_word' id='word_1_60' title='bbox 1559 818 1571 830; x_wconf 94' lang='grc'>.</span> <span class='ocrx_word' id='word_1_61' title='bbox 1594 777 1637 828; x_wconf 86' lang='grc' dir='ltr'>Τ</span> <span class='ocrx_word' id='word_1_62' title='bbox 1641 776 1874 847; x_wconf 86' lang='grc' dir='ltr'>ἐταρτον</span> <span class='ocrx_word' id='word_1_63' title='bbox 1897 788 1916 816; x_wconf 82' lang='grc' dir='ltr'><strong>υ</strong></span> 
     </span>
    </p>
   </div>
   <div class='ocr_carea' id='block_1_9' title="bbox 2019 765 3618 851">
    <p class='ocr_par' dir='ltr' id='par_1_9' title="bbox 2024 779 3618 851">
     <span class='ocr_line' id='line_1_9' title="bbox 2024 779 3618 851; baseline 0.001 -17"><span class='ocrx_word' id='word_1_64' title='bbox 2024 780 2282 835; x_wconf 74' lang='lat' dir='ltr'><strong>senserit.</strong></span> <span class='ocrx_word' id='word_1_65' title='bbox 2302 779 2554 834; x_wconf 79' lang='lat' dir='ltr'><strong>Alterum</strong></span> <span class='ocrx_word' id='word_1_66' title='bbox 2568 779 2781 834; x_wconf 87' lang='lat' dir='ltr'><strong>crimen</strong></span> <span class='ocrx_word' id='word_1_67' title='bbox 2795 788 2879 835; x_wconf 89' lang='lat' dir='ltr'><strong>est</strong></span> <span class='ocrx_word' id='word_1_68' title='bbox 2894 780 3045 836; x_wconf 90' lang='lat' dir='ltr'><strong>fraus</strong></span> <span class='ocrx_word' id='word_1_69' title='bbox 3060 796 3156 836; x_wconf 88' lang='lat' dir='ltr'><strong>seu</strong></span> <span class='ocrx_word' id='word_1_70' title='bbox 3180 781 3362 847; x_wconf 91' lang='lat' dir='ltr'><strong>dolus,</strong></span> <span class='ocrx_word' id='word_1_71' title='bbox 3379 797 3490 851; x_wconf 94' lang='lat' dir='ltr'><strong>quo</strong></span> <span class='ocrx_word' id='word_1_72' title='bbox 3507 782 3618 836; x_wconf 89' lang='lat' dir='ltr'><strong>cir-</strong></span> 
     </span>
    </p>
   </div>
   <div class='ocr_carea' id='block_1_10' title="bbox 315 858 1916 944">
    <p class='ocr_par' dir='ltr' id='par_1_10' title="bbox 315 858 1916 940">
     <span class='ocr_line' id='line_1_10' title="bbox 315 858 1916 940; baseline 0.008 -30"><span class='ocrx_word' id='word_1_73' title='bbox 315 858 612 930; x_wconf 74' lang='grc' dir='ltr'>προσθήκη</span> <span class='ocrx_word' id='word_1_74' title='bbox 630 859 726 912; x_wconf 76' lang='grc' dir='ltr'><strong>τοῦ</strong></span> <span class='ocrx_word' id='word_1_75' title='bbox 747 862 944 928; x_wconf 77' lang='grc' dir='ltr'>κακοῦ,</span> <span class='ocrx_word' id='word_1_76' title='bbox 975 863 1056 918; x_wconf 84' lang='grc' dir='ltr'>ὅτι</span> <span class='ocrx_word' id='word_1_77' title='bbox 1078 866 1169 918; x_wconf 67' lang='grc' dir='ltr'>καὶ</span> <span class='ocrx_word' id='word_1_78' title='bbox 1203 865 1441 937; x_wconf 78' lang='grc' dir='ltr'>ἀδελφοῦ</span> <span class='ocrx_word' id='word_1_79' title='bbox 1463 868 1624 937; x_wconf 83' lang='grc' dir='ltr'>φόνος</span> <span class='ocrx_word' id='word_1_80' title='bbox 1666 867 1868 940; x_wconf 77' lang='grc' dir='ltr'>μείζων</span> <span class='ocrx_word' id='word_1_81' title='bbox 1890 871 1916 940; x_wconf 73' lang='grc' dir='ltr'><strong>ἡ</strong></span> 
     </span>
    </p>
   </div>
   <div class='ocr_carea' id='block_1_11' title="bbox 2019 858 3606 944">
    <p class='ocr_par' dir='ltr' id='par_1_11' title="bbox 2023 871 3606 944">
     <span class='ocr_line' id='line_1_11' title="bbox 2023 871 3606 944; baseline -0.001 -18"><span class='ocrx_word' id='word_1_82' title='bbox 2023 871 2308 927; x_wconf 88' lang='lat' dir='ltr'><strong>cumvenit</strong></span> <span class='ocrx_word' id='word_1_83' title='bbox 2321 871 2569 938; x_wconf 76' lang='lat' dir='ltr'><strong>fratrem,</strong></span> <span class='ocrx_word' id='word_1_84' title='bbox 2589 887 2716 927; x_wconf 84' lang='lat' dir='ltr'><strong>cum</strong></span> <span class='ocrx_word' id='word_1_85' title='bbox 2735 873 2908 928; x_wconf 77' lang='lat' dir='ltr'><strong>dixit:</strong></span> <span class='ocrx_word' id='word_1_86' title='bbox 2931 873 3230 928; x_wconf 68' lang='lat' dir='ltr'><strong>«Exeamus</strong></span> <span class='ocrx_word' id='word_1_87' title='bbox 3251 873 3305 928; x_wconf 92' lang='lat' dir='ltr'><strong>in</strong></span> <span class='ocrx_word' id='word_1_88' title='bbox 3331 890 3520 944; x_wconf 82' lang='lat' dir='ltr'><strong>agrum</strong></span> <span class='ocrx_word' id='word_1_89' title='bbox 3534 874 3575 925; x_wconf 78' lang='grc'><strong>⁸.</strong></span> <span class='ocrx_word' id='word_1_90' title='bbox 3590 892 3606 924; x_wconf 76' lang='grc' dir='ltr'><strong>ι</strong></span> 
     </span>
    </p>
   </div>
   <div class='ocr_carea' id='block_1_12' title="bbox 310 949 1920 1028">
    <p class='ocr_par' dir='ltr' id='par_1_12' title="bbox 310 949 1920 1028">
     <span class='ocr_line' id='line_1_12' title="bbox 310 949 1920 1028; baseline 0.007 -26"><span class='ocrx_word' id='word_1_91' title='bbox 310 949 594 1014; x_wconf 80' lang='grc' dir='ltr'>ἐπίτασις.</span> <span class='ocrx_word' id='word_1_92' title='bbox 622 951 885 1023; x_wconf 78' lang='grc' dir='ltr'><strong>Πέμπτον</strong></span> <span class='ocrx_word' id='word_1_93' title='bbox 910 963 961 1020; x_wconf 76' lang='grc' dir='ltr'>ν,</span> <span class='ocrx_word' id='word_1_94' title='bbox 1003 955 1126 1008; x_wconf 83' lang='grc' dir='ltr'>Ὅτι</span> <span class='ocrx_word' id='word_1_95' title='bbox 1161 957 1378 1028; x_wconf 83' lang='grc' dir='ltr'>πρῶτος</span> <span class='ocrx_word' id='word_1_96' title='bbox 1417 959 1611 1028; x_wconf 81' lang='grc' dir='ltr'>φονεὺς</span> <span class='ocrx_word' id='word_1_97' title='bbox 1641 959 1782 1013; x_wconf 82' lang='grc' dir='ltr'>Καῒν</span> <span class='ocrx_word' id='word_1_98' title='bbox 1820 977 1920 1013; x_wconf 80' lang='grc' dir='ltr'>πο-</span> 
     </span>
    </p>
   </div>
   <div class='ocr_carea' id='block_1_13' title="bbox 309 1043 1917 1125">
    <p class='ocr_par' dir='ltr' id='par_1_13' title="bbox 309 1043 1917 1125">
     <span class='ocr_line' id='line_1_13' title="bbox 309 1043 1917 1125; baseline 0.009 -31"><span class='ocrx_word' id='word_1_99' title='bbox 309 1043 484 1114; x_wconf 78' lang='grc' dir='ltr'>νηρὸν</span> <span class='ocrx_word' id='word_1_100' title='bbox 505 1043 917 1118; x_wconf 84' lang='grc' dir='ltr'>ὑπόδειγματῷ</span> <span class='ocrx_word' id='word_1_101' title='bbox 947 1047 1048 1119; x_wconf 86' lang='grc' dir='ltr'>βίῳ</span> <span class='ocrx_word' id='word_1_102' title='bbox 1075 1050 1626 1108; x_wconf 84' lang='grc' dir='ltr'>καταλιπών.Ἕκτον</span> <span class='ocrx_word' id='word_1_103' title='bbox 1649 1054 1917 1125; x_wconf 82' lang='grc' dir='ltr'>ἀδίκημα,</span> 
     </span>
    </p>
   </div>
   <div class='ocr_carea' id='block_1_14' title="bbox 309 1135 1919 1215">
    <p class='ocr_par' dir='ltr' id='par_1_14' title="bbox 309 1135 1919 1215">
     <span class='ocr_line' id='line_1_14' title="bbox 309 1135 1919 1215; baseline 0.008 -28"><span class='ocrx_word' id='word_1_104' title='bbox 309 1136 394 1188; x_wconf 80' lang='grc' dir='ltr'>ὅτι</span> <span class='ocrx_word' id='word_1_105' title='bbox 428 1135 694 1203; x_wconf 73' lang='grc' dir='ltr'>γονεῦσιν</span> <span class='ocrx_word' id='word_1_106' title='bbox 729 1137 929 1204; x_wconf 81' lang='grc' dir='ltr'>πένθος</span> <span class='ocrx_word' id='word_1_107' title='bbox 960 1143 1300 1212; x_wconf 77' lang='grc' dir='ltr'>ἐνεποίησεν.</span> <span class='ocrx_word' id='word_1_108' title='bbox 1330 1144 1620 1215; x_wconf 76' lang='grc' dir='ltr'>Ἔϐδομον,</span> <span class='ocrx_word' id='word_1_109' title='bbox 1669 1147 1750 1200; x_wconf 84' lang='grc' dir='ltr'>ὅτι</span> <span class='ocrx_word' id='word_1_110' title='bbox 1786 1143 1919 1200; x_wconf 72' lang='grc' dir='ltr'>Θεὸν</span> 
     </span>
    </p>
   </div>
   <div class='ocr_carea' id='block_1_15' title="bbox 309 1225 1920 1306">
    <p class='ocr_par' dir='ltr' id='par_1_15' title="bbox 309 1225 1920 1306">
     <span class='ocr_line' id='line_1_15' title="bbox 309 1225 1920 1306; baseline 0.007 -28"><span class='ocrx_word' id='word_1_111' title='bbox 309 1225 614 1295; x_wconf 75' lang='grc' dir='ltr'>ἐψεύσατο.</span> <span class='ocrx_word' id='word_1_112' title='bbox 635 1227 970 1298; x_wconf 78' lang='grc' dir='ltr'>Ἐρωτηθεὶς</span> <span class='ocrx_word' id='word_1_113' title='bbox 990 1229 1118 1303; x_wconf 76' lang='grc' dir='ltr'>γὰρ,</span> <span class='ocrx_word' id='word_1_114' title='bbox 1148 1231 1231 1285; x_wconf 84' lang='grc' dir='ltr'>ὅτι</span> <span class='ocrx_word' id='word_1_115' title='bbox 1264 1251 1282 1283; x_wconf 78' lang='grc' dir='ltr'><strong>ι</strong></span> <span class='ocrx_word' id='word_1_116' title='bbox 1306 1232 1418 1286; x_wconf 74' lang='grc' dir='ltr'>Ποῦ</span> <span class='ocrx_word' id='word_1_117' title='bbox 1437 1233 1604 1287; x_wconf 73' lang='grc' dir='ltr'><strong>’Λόελ</strong></span> <span class='ocrx_word' id='word_1_118' title='bbox 1621 1238 1649 1289; x_wconf 88' lang='grc' dir='ltr'><strong>ό</strong></span> <span class='ocrx_word' id='word_1_119' title='bbox 1685 1235 1920 1306; x_wconf 80' lang='grc' dir='ltr'>ἁδελφός</span> 
     </span>
    </p>
   </div>
   <div class='ocr_carea' id='block_1_16' title="bbox 311 1315 1920 1399">
    <p class='ocr_par' dir='ltr' id='par_1_16' title="bbox 311 1315 1920 1399">
     <span class='ocr_line' id='line_1_16' title="bbox 311 1315 1920 1399; baseline 0.009 -31"><span class='ocrx_word' id='word_1_120' title='bbox 311 1333 440 1381; x_wconf 85' lang='grc' dir='ltr'>σου;</span> <span class='ocrx_word' id='word_1_121' title='bbox 498 1338 517 1369; x_wconf 73' lang='grc' dir='ltr'><strong>ι</strong></span> <span class='ocrx_word' id='word_1_122' title='bbox 550 1315 735 1381; x_wconf 79' lang='grc' dir='ltr'>εἶπεν,</span> <span class='ocrx_word' id='word_1_123' title='bbox 771 1337 792 1370; x_wconf 74' lang='grc' dir='ltr'><strong>ι</strong></span> <span class='ocrx_word' id='word_1_124' title='bbox 833 1321 949 1373; x_wconf 88' lang='grc' dir='ltr'><strong>Ούκ</strong></span> <span class='ocrx_word' id='word_1_125' title='bbox 975 1318 1112 1376; x_wconf 77' lang='grc' dir='ltr'>οἶδα.</span> <span class='ocrx_word' id='word_1_126' title='bbox 1151 1341 1169 1374; x_wconf 69' lang='grc' dir='ltr'><strong>ο</strong></span> <span class='ocrx_word' id='word_1_127' title='bbox 1216 1323 1389 1378; x_wconf 73' lang='grc' dir='ltr'>Ἑπτὰ</span> <span class='ocrx_word' id='word_1_128' title='bbox 1418 1321 1512 1380; x_wconf 79' lang='grc' dir='ltr'>οὖν</span> <span class='ocrx_word' id='word_1_129' title='bbox 1555 1327 1920 1399; x_wconf 80' lang='grc' dir='ltr'>ἐκδικούμενα</span> 
     </span>
    </p>
   </div>
   <div class='ocr_carea' id='block_1_17' title="bbox 310 1406 1562 1502">
    <p class='ocr_par' dir='ltr' id='par_1_17' title="bbox 310 1406 1562 1502">
     <span class='ocr_line' id='line_1_17' title="bbox 310 1406 1562 1502; baseline 0.01 -45"><span class='ocrx_word' id='word_1_130' title='bbox 310 1406 631 1476; x_wconf 71' lang='grc' dir='ltr'><strong>παρέλυσεν</strong></span> <span class='ocrx_word' id='word_1_131' title='bbox 661 1411 725 1462; x_wconf 82' lang='grc' dir='ltr'><strong>ἐν</strong></span> <span class='ocrx_word' id='word_1_132' title='bbox 761 1408 840 1479; x_wconf 79' lang='grc' dir='ltr'>τῷ</span> <span class='ocrx_word' id='word_1_133' title='bbox 877 1410 1234 1502; x_wconf 61' lang='grc' dir='ltr'>ἀναιρεθῆναι</span> <span class='ocrx_word' id='word_1_134' title='bbox 1267 1415 1360 1467; x_wconf 72' lang='grc' dir='ltr'><strong>τὸν</strong></span> <span class='ocrx_word' id='word_1_135' title='bbox 1401 1417 1562 1470; x_wconf 85' lang='grc' dir='ltr'>Καΐν.</span> 
     </span>
    </p>
   </div>
   <div class='ocr_carea' id='block_1_18' title="bbox 2029 963 3613 1032">
    <p class='ocr_par' dir='ltr' id='par_1_18' title="bbox 2029 963 3613 1032">
     <span class='ocr_line' id='line_1_18' title="bbox 2029 963 3613 1032; baseline 0 -14"><span class='ocrx_word' id='word_1_136' title='bbox 2029 963 2302 1028; x_wconf 89' lang='lat' dir='ltr'><strong>Tertium,</strong></span> <span class='ocrx_word' id='word_1_137' title='bbox 2345 964 2544 1020; x_wconf 71' lang='lat' dir='ltr'><strong>aedes.</strong></span> <span class='ocrx_word' id='word_1_138' title='bbox 2581 963 2852 1032; x_wconf 82' lang='lat' dir='ltr'><strong>Quartum</strong></span> <span class='ocrx_word' id='word_1_139' title='bbox 2896 965 3206 1020; x_wconf 89' lang='lat' dir='ltr'><strong>auctarium</strong></span> <span class='ocrx_word' id='word_1_140' title='bbox 3240 965 3465 1020; x_wconf 84' lang='lat' dir='ltr'><strong>sceleris</strong></span> <span class='ocrx_word' id='word_1_141' title='bbox 3514 980 3613 1019; x_wconf 87' lang='lat' dir='ltr'><strong>seu</strong></span> 
     </span>
    </p>
   </div>
   <div class='ocr_carea' id='block_1_19' title="bbox 2017 1053 3608 1125">
    <p class='ocr_par' dir='ltr' id='par_1_19' title="bbox 2017 1053 3608 1125">
     <span class='ocr_line' id='line_1_19' title="bbox 2017 1053 3608 1125; baseline -0.002 -14"><span class='ocrx_word' id='word_1_142' title='bbox 2017 1056 2503 1125; x_wconf 88' lang='lat' dir='ltr'><strong>complementum,</strong></span> <span class='ocrx_word' id='word_1_143' title='bbox 2549 1055 2698 1124; x_wconf 84' lang='lat' dir='ltr'><strong>quod</strong></span> <span class='ocrx_word' id='word_1_144' title='bbox 2747 1062 2804 1110; x_wconf 89' lang='lat' dir='ltr'><strong>et</strong></span> <span class='ocrx_word' id='word_1_145' title='bbox 2848 1055 3073 1110; x_wconf 80' lang='lat' dir='ltr'><strong>fratrem</strong></span> <span class='ocrx_word' id='word_1_146' title='bbox 3129 1054 3401 1116; x_wconf 87' lang='lat' dir='ltr'><strong>mactarit,</strong></span> <span class='ocrx_word' id='word_1_147' title='bbox 3459 1053 3608 1122; x_wconf 92' lang='lat' dir='ltr'><strong>quod</strong></span> 
     </span>
    </p>
   </div>
   <div class='ocr_carea' id='block_1_20' title="bbox 2016 1143 3614 1218">
    <p class='ocr_par' dir='ltr' id='par_1_20' title="bbox 2016 1143 3614 1218">
     <span class='ocr_line' id='line_1_20' title="bbox 2016 1143 3614 1218; baseline -0.003 -17"><span class='ocrx_word' id='word_1_148' title='bbox 2016 1146 2376 1217; x_wconf 81' lang='lat' dir='ltr'><strong>parricidium</strong></span> <span class='ocrx_word' id='word_1_149' title='bbox 2415 1155 2580 1218; x_wconf 88' lang='lat' dir='ltr'><strong>auget</strong></span> <span class='ocrx_word' id='word_1_150' title='bbox 2602 1145 2836 1202; x_wconf 81' lang='lat' dir='ltr'><strong>facinus.</strong></span> <span class='ocrx_word' id='word_1_151' title='bbox 2867 1146 3134 1214; x_wconf 84' lang='lat' dir='ltr'><strong>Quintum</strong></span> <span class='ocrx_word' id='word_1_152' title='bbox 3168 1161 3296 1200; x_wconf 90' lang='lat' dir='ltr'><strong>cum</strong></span> <span class='ocrx_word' id='word_1_153' title='bbox 3319 1153 3375 1199; x_wconf 90' lang='lat' dir='ltr'><strong>et</strong></span> <span class='ocrx_word' id='word_1_154' title='bbox 3401 1143 3614 1214; x_wconf 85' lang='lat' dir='ltr'><strong>primus</strong></span> 
     </span>
    </p>
   </div>
   <div class='ocr_carea' id='block_1_21' title="bbox 2016 1238 3614 1310">
    <p class='ocr_par' dir='ltr' id='par_1_21' title="bbox 2016 1238 3614 1310">
     <span class='ocr_line' id='line_1_21' title="bbox 2016 1238 3614 1310; baseline -0.004 -14"><span class='ocrx_word' id='word_1_155' title='bbox 2016 1239 2250 1296; x_wconf 87' lang='lat' dir='ltr'><strong>sicarius</strong></span> <span class='ocrx_word' id='word_1_156' title='bbox 2269 1238 2475 1295; x_wconf 91' lang='lat' dir='ltr'><strong>Cainus</strong></span> <span class='ocrx_word' id='word_1_157' title='bbox 2498 1239 2796 1304; x_wconf 80' lang='lat' dir='ltr'><strong>exstiterit,</strong></span> <span class='ocrx_word' id='word_1_158' title='bbox 2821 1249 2877 1295; x_wconf 91' lang='lat' dir='ltr'><strong>et</strong></span> <span class='ocrx_word' id='word_1_159' title='bbox 2904 1241 3204 1310; x_wconf 89' lang='lat' dir='ltr'><strong>pessimum</strong></span> <span class='ocrx_word' id='word_1_160' title='bbox 3227 1239 3541 1307; x_wconf 79' lang='lat' dir='ltr'><strong>exemplum</strong></span> <span class='ocrx_word' id='word_1_161' title='bbox 3561 1238 3614 1290; x_wconf 91' lang='lat' dir='ltr'><strong>in</strong></span> 
     </span>
    </p>
   </div>
   <div class='ocr_carea' id='block_1_22' title="bbox 2016 1327 3614 1402">
    <p class='ocr_par' dir='ltr' id='par_1_22' title="bbox 2016 1327 3614 1402">
     <span class='ocr_line' id='line_1_22' title="bbox 2016 1327 3614 1402; baseline -0.004 -16"><span class='ocrx_word' id='word_1_162' title='bbox 2016 1331 2404 1402; x_wconf 86' lang='lat' dir='ltr'><strong>posteritatem</strong></span> <span class='ocrx_word' id='word_1_163' title='bbox 2450 1332 2788 1402; x_wconf 89' lang='lat' dir='ltr'><strong>propagarit.</strong></span> <span class='ocrx_word' id='word_1_164' title='bbox 2842 1331 3070 1387; x_wconf 82' lang='lat' dir='ltr'><strong>Sextum</strong></span> <span class='ocrx_word' id='word_1_165' title='bbox 3123 1327 3614 1398; x_wconf 83' lang='lat' dir='ltr'><strong>delictum,-quod</strong></span> 
     </span>
    </p>
   </div>
   <div class='ocr_carea' id='block_1_23' title="bbox 2016 1418 3613 1493">
    <p class='ocr_par' dir='ltr' id='par_1_23' title="bbox 2016 1418 3613 1493">
     <span class='ocr_line' id='line_1_23' title="bbox 2016 1418 3613 1493; baseline -0.003 -17"><span class='ocrx_word' id='word_1_166' title='bbox 2016 1423 2344 1492; x_wconf 90' lang='lat' dir='ltr'><strong>parentibus</strong></span> <span class='ocrx_word' id='word_1_167' title='bbox 2368 1439 2590 1493; x_wconf 83' lang='lat' dir='ltr'><strong>gravem</strong></span> <span class='ocrx_word' id='word_1_168' title='bbox 2616 1425 2827 1478; x_wconf 76' lang='lat' dir='ltr'><strong>luctum</strong></span> <span class='ocrx_word' id='word_1_169' title='bbox 2851 1423 3120 1478; x_wconf 88' lang='lat' dir='ltr'><strong>attulerit.</strong></span> <span class='ocrx_word' id='word_1_170' title='bbox 3140 1421 3445 1492; x_wconf 78' lang='lat' dir='ltr'><strong>Septimum</strong></span> <span class='ocrx_word' id='word_1_171' title='bbox 3465 1418 3613 1488; x_wconf 88' lang='lat' dir='ltr'><strong>quod</strong></span> 
     </span>
    </p>
   </div>
   <div class='ocr_carea' id='block_1_24' title="bbox 309 1500 3610 1590">
    <p class='ocr_par' dir='ltr' id='par_1_24' title="bbox 309 1500 3610 1590">
     <span class='ocr_line' id='line_1_24' title="bbox 309 1500 3610 1590; baseline 0.006 -37"><span class='ocrx_word' id='word_1_172' title='bbox 309 1500 415 1571; x_wconf 80' lang='lat' dir='ltr'><strong>ipsi</strong></span> <span class='ocrx_word' id='word_1_173' title='bbox 455 1503 577 1558; x_wconf 89' lang='lat' dir='ltr'><strong>Deo</strong></span> <span class='ocrx_word' id='word_1_174' title='bbox 622 1504 698 1558; x_wconf 90' lang='lat' dir='ltr'><strong>sit</strong></span> <span class='ocrx_word' id='word_1_175' title='bbox 740 1500 1027 1590; x_wconf 66' lang='lat' dir='ltr'><strong>mentitus.</strong></span> <span class='ocrx_word' id='word_1_176' title='bbox 1073 1507 1446 1580; x_wconf 82' lang='lat' dir='ltr'><strong>Interrogatus</strong></span> <span class='ocrx_word' id='word_1_177' title='bbox 1489 1512 1637 1566; x_wconf 86' lang='lat' dir='ltr'><strong>enim</strong></span> <span class='ocrx_word' id='word_1_178' title='bbox 1684 1513 1779 1569; x_wconf 90' lang='lat' dir='ltr'><strong>ubi</strong></span> <span class='ocrx_word' id='word_1_179' title='bbox 1816 1523 1965 1571; x_wconf 89' lang='lat' dir='ltr'><strong>esset</strong></span> <span class='ocrx_word' id='word_1_180' title='bbox 2009 1516 2213 1584; x_wconf 87' lang='lat' dir='ltr'><strong>frater,</strong></span> <span class='ocrx_word' id='word_1_181' title='bbox 2259 1518 2430 1585; x_wconf 79' lang='lat' dir='ltr'><strong>dixit,</strong></span> <span class='ocrx_word' id='word_1_182' title='bbox 2477 1538 2498 1572; x_wconf 80' lang='grc' dir='ltr'><strong>ι</strong></span> <span class='ocrx_word' id='word_1_183' title='bbox 2527 1519 2726 1575; x_wconf 87' lang='lat' dir='ltr'><strong>Nescio</strong></span> <span class='ocrx_word' id='word_1_184' title='bbox 2763 1521 2805 1572; x_wconf 83' lang='lat'><strong>&#39;.</strong></span> <span class='ocrx_word' id='word_1_185' title='bbox 2855 1538 2874 1570; x_wconf 73' lang='grc' dir='ltr'><strong>ι</strong></span> <span class='ocrx_word' id='word_1_186' title='bbox 2923 1519 3146 1589; x_wconf 87' lang='lat' dir='ltr'><strong>Septem</strong></span> <span class='ocrx_word' id='word_1_187' title='bbox 3182 1533 3316 1590; x_wconf 86' lang='lat' dir='ltr'><strong>ergo</strong></span> <span class='ocrx_word' id='word_1_188' title='bbox 3375 1513 3610 1571; x_wconf 79' lang='lat' dir='ltr'><strong>crimina</strong></span> 
     </span>
    </p>
   </div>
   <div class='ocr_carea' id='block_1_25' title="bbox 312 1583 1605 1678">
    <p class='ocr_par' dir='ltr' id='par_1_25' title="bbox 312 1583 1605 1678">
     <span class='ocr_line' id='line_1_25' title="bbox 312 1583 1605 1678; baseline 0.006 -24"><span class='ocrx_word' id='word_1_189' title='bbox 312 1601 368 1655; x_wconf 91' lang='lat' dir='ltr'><strong>in</strong></span> <span class='ocrx_word' id='word_1_190' title='bbox 400 1601 559 1656; x_wconf 72' lang='lat' dir='ltr'><strong>aede</strong></span> <span class='ocrx_word' id='word_1_191' title='bbox 595 1600 757 1658; x_wconf 87' lang='lat' dir='ltr'><strong>Caini</strong></span> <span class='ocrx_word' id='word_1_192' title='bbox 783 1583 974 1672; x_wconf 64' lang='lat' dir='ltr'><strong>punita</strong></span> <span class='ocrx_word' id='word_1_193' title='bbox 1004 1613 1136 1659; x_wconf 92' lang='lat' dir='ltr'><strong>sunt</strong></span> <span class='ocrx_word' id='word_1_194' title='bbox 1163 1615 1374 1677; x_wconf 79' lang='lat' dir='ltr'><strong>septeni</strong></span> <span class='ocrx_word' id='word_1_195' title='bbox 1404 1609 1605 1678; x_wconf 78' lang='lat' dir='ltr'><strong>pccnis.</strong></span> 
     </span>
    </p>
   </div>
   <div class='ocr_carea' id='block_1_26' title="bbox 393 1691 1916 1777">
    <p class='ocr_par' dir='ltr' id='par_1_26' title="bbox 393 1691 1916 1777">
     <span class='ocr_line' id='line_1_26' title="bbox 393 1691 1916 1777; baseline 0.01 -32"><span class='ocrx_word' id='word_1_196' title='bbox 393 1695 626 1764; x_wconf 77' lang='grc' dir='ltr'>Ἐπειδὴ</span> <span class='ocrx_word' id='word_1_197' title='bbox 651 1694 764 1766; x_wconf 78' lang='grc' dir='ltr'><strong>γὰρ</strong></span> <span class='ocrx_word' id='word_1_198' title='bbox 793 1691 950 1749; x_wconf 77' lang='grc' dir='ltr'>εἶπεν</span> <span class='ocrx_word' id='word_1_199' title='bbox 976 1699 1006 1750; x_wconf 84' lang='grc' dir='ltr'><strong>ό</strong></span> <span class='ocrx_word' id='word_1_200' title='bbox 1036 1697 1260 1768; x_wconf 83' lang='grc' dir='ltr'>Κύριος,</span> <span class='ocrx_word' id='word_1_201' title='bbox 1295 1701 1378 1754; x_wconf 83' lang='grc' dir='ltr'>ὅτι</span> <span class='ocrx_word' id='word_1_202' title='bbox 1412 1719 1431 1753; x_wconf 70' lang='grc' dir='ltr'><strong>ι</strong></span> <span class='ocrx_word' id='word_1_203' title='bbox 1480 1704 1916 1777; x_wconf 79' lang='grc' dir='ltr'><strong>Ἐπικατάρατος</strong></span> 
     </span>
    </p>
   </div>
   <div class='ocr_carea' id='block_1_27' title="bbox 312 1785 1916 1868">
    <p class='ocr_par' dir='ltr' id='par_1_27' title="bbox 312 1785 1916 1868">
     <span class='ocr_line' id='line_1_27' title="bbox 312 1785 1916 1868; baseline 0.013 -35"><span class='ocrx_word' id='word_1_204' title='bbox 312 1789 346 1845; x_wconf 77' lang='grc' dir='ltr'><strong>ὴ</strong></span> <span class='ocrx_word' id='word_1_205' title='bbox 374 1785 473 1853; x_wconf 78' lang='grc' dir='ltr'>γῆ,</span> <span class='ocrx_word' id='word_1_206' title='bbox 506 1788 544 1857; x_wconf 71' lang='grc' dir='ltr'>ἢ</span> <span class='ocrx_word' id='word_1_207' title='bbox 576 1785 776 1856; x_wconf 78' lang='grc' dir='ltr'>ἔχανεν</span> <span class='ocrx_word' id='word_1_208' title='bbox 805 1786 1065 1852; x_wconf 80' lang='grc' dir='ltr'>δέξασθαι</span> <span class='ocrx_word' id='word_1_209' title='bbox 1107 1790 1168 1843; x_wconf 81' lang='grc' dir='ltr'>τὸ</span> <span class='ocrx_word' id='word_1_210' title='bbox 1201 1787 1342 1862; x_wconf 82' lang='grc' dir='ltr'>αἷμα</span> <span class='ocrx_word' id='word_1_211' title='bbox 1390 1795 1484 1848; x_wconf 81' lang='grc' dir='ltr'><strong>τοῦ</strong></span> <span class='ocrx_word' id='word_1_212' title='bbox 1519 1797 1750 1868; x_wconf 69' lang='grc' dir='ltr'>ἀδελφοῦ</span> <span class='ocrx_word' id='word_1_213' title='bbox 1781 1817 1875 1853; x_wconf 89' lang='grc' dir='ltr'><strong>σου</strong></span> <span class='ocrx_word' id='word_1_214' title='bbox 1899 1840 1916 1865; x_wconf 88' lang='grc'><strong>,</strong></span> 
     </span>
    </p>
   </div>
   <div class='ocr_carea' id='block_1_28' title="bbox 2095 1702 3612 1761">
    <p class='ocr_par' dir='ltr' id='par_1_28' title="bbox 2095 1702 3612 1761">
     <span class='ocr_line' id='line_1_28' title="bbox 2095 1702 3612 1761; baseline 0.002 -3"><span class='ocrx_word' id='word_1_215' title='bbox 2095 1702 2314 1758; x_wconf 86' lang='lat' dir='ltr'><strong>Etenim</strong></span> <span class='ocrx_word' id='word_1_216' title='bbox 2349 1703 2616 1760; x_wconf 85' lang='lat' dir='ltr'><strong>Dominus</strong></span> <span class='ocrx_word' id='word_1_217' title='bbox 2642 1704 2782 1760; x_wconf 77' lang='lat' dir='ltr'><strong>dixit</strong></span> <span class='ocrx_word' id='word_1_218' title='bbox 2809 1721 2823 1757; x_wconf 86' lang='lat'>:</span> <span class='ocrx_word' id='word_1_219' title='bbox 2856 1722 2874 1755; x_wconf 77' lang='grc' dir='ltr'><strong>ι</strong></span> <span class='ocrx_word' id='word_1_220' title='bbox 2895 1703 3218 1760; x_wconf 85' lang='lat' dir='ltr'><strong>Maledictus</strong></span> <span class='ocrx_word' id='word_1_221' title='bbox 3242 1704 3355 1760; x_wconf 89' lang='lat' dir='ltr'><strong>eris</strong></span> <span class='ocrx_word' id='word_1_222' title='bbox 3386 1707 3442 1760; x_wconf 90' lang='lat' dir='ltr'><strong>in</strong></span> <span class='ocrx_word' id='word_1_223' title='bbox 3468 1715 3612 1761; x_wconf 87' lang='lat' dir='ltr'><strong>terra</strong></span> 
     </span>
    </p>
   </div>
   <div class='ocr_carea' id='block_1_29' title="bbox 2025 1796 3615 1868">
    <p class='ocr_par' dir='ltr' id='par_1_29' title="bbox 2025 1796 3615 1868">
     <span class='ocr_line' id='line_1_29' title="bbox 2025 1796 3615 1868; baseline 0.004 -19"><span class='ocrx_word' id='word_1_224' title='bbox 2025 1811 2147 1866; x_wconf 63' lang='lat' dir='ltr'><strong>quae</strong></span> <span class='ocrx_word' id='word_1_225' title='bbox 2173 1796 2350 1851; x_wconf 87' lang='lat' dir='ltr'><strong>hiavit</strong></span> <span class='ocrx_word' id='word_1_226' title='bbox 2372 1805 2434 1851; x_wconf 92' lang='lat' dir='ltr'><strong>ut</strong></span> <span class='ocrx_word' id='word_1_227' title='bbox 2456 1797 2707 1854; x_wconf 88' lang='lat' dir='ltr'><strong>hauriret</strong></span> <span class='ocrx_word' id='word_1_228' title='bbox 2735 1797 3058 1868; x_wconf 86' lang='lat' dir='ltr'><strong>sanguinem</strong></span> <span class='ocrx_word' id='word_1_229' title='bbox 3085 1797 3275 1853; x_wconf 89' lang='lat' dir='ltr'><strong>fratris</strong></span> <span class='ocrx_word' id='word_1_230' title='bbox 3292 1799 3397 1865; x_wconf 91' lang='lat' dir='ltr'><strong>tui,</strong></span> <span class='ocrx_word' id='word_1_231' title='bbox 3423 1807 3480 1855; x_wconf 90' lang='lat' dir='ltr'><strong>et</strong></span> <span class='ocrx_word' id='word_1_232' title='bbox 3501 1800 3615 1856; x_wconf 89' lang='lat' dir='ltr'><strong>eris</strong></span> 
     </span>
    </p>
   </div>
   <div class='ocr_carea' id='block_1_30' title="bbox 312 1878 1916 1959">
    <p class='ocr_par' dir='ltr' id='par_1_30' title="bbox 312 1878 1912 1958">
     <span class='ocr_line' id='line_1_30' title="bbox 312 1878 1912 1958; baseline 0.009 -30"><span class='ocrx_word' id='word_1_233' title='bbox 312 1878 411 1930; x_wconf 69' lang='grc' dir='ltr'>καὶ</span> <span class='ocrx_word' id='word_1_234' title='bbox 451 1879 686 1941; x_wconf 87' lang='grc' dir='ltr'>στένων,</span> <span class='ocrx_word' id='word_1_235' title='bbox 725 1879 820 1931; x_wconf 59' lang='grc' dir='ltr'><strong>καὶ</strong></span> <span class='ocrx_word' id='word_1_236' title='bbox 848 1880 1069 1953; x_wconf 80' lang='grc' dir='ltr'>τρέμων</span> <span class='ocrx_word' id='word_1_237' title='bbox 1099 1881 1197 1954; x_wconf 74' lang='grc' dir='ltr'><strong>ἔσῃ</strong></span> <span class='ocrx_word' id='word_1_238' title='bbox 1235 1885 1328 1938; x_wconf 75' lang='grc' dir='ltr'><strong>ἐπὶ</strong></span> <span class='ocrx_word' id='word_1_239' title='bbox 1357 1885 1457 1955; x_wconf 79' lang='grc' dir='ltr'>τῆς</span> <span class='ocrx_word' id='word_1_240' title='bbox 1481 1887 1606 1958; x_wconf 82' lang='grc' dir='ltr'>γῆς,</span> <span class='ocrx_word' id='word_1_241' title='bbox 1652 1907 1671 1940; x_wconf 82' lang='grc'>›</span> <span class='ocrx_word' id='word_1_242' title='bbox 1711 1891 1740 1944; x_wconf 89' lang='grc' dir='ltr'><strong>ό</strong></span> <span class='ocrx_word' id='word_1_243' title='bbox 1770 1891 1912 1944; x_wconf 81' lang='grc' dir='ltr'>Καΐν</span> 
     </span>
    </p>
   </div>
   <div class='ocr_carea' id='block_1_31' title="bbox 2019 1878 3610 1959">
    <p class='ocr_par' dir='ltr' id='par_1_31' title="bbox 2019 1885 3610 1959">
     <span class='ocr_line' id='line_1_31' title="bbox 2019 1885 3610 1959; baseline 0.003 -19"><span class='ocrx_word' id='word_1_244' title='bbox 2019 1900 2241 1956; x_wconf 88' lang='lat' dir='ltr'><strong>gemens</strong></span> <span class='ocrx_word' id='word_1_245' title='bbox 2262 1894 2319 1942; x_wconf 91' lang='lat' dir='ltr'><strong>et</strong></span> <span class='ocrx_word' id='word_1_246' title='bbox 2352 1897 2599 1944; x_wconf 90' lang='lat' dir='ltr'><strong>tremens</strong></span> <span class='ocrx_word' id='word_1_247' title='bbox 2638 1904 2807 1959; x_wconf 91' lang='lat' dir='ltr'><strong>super</strong></span> <span class='ocrx_word' id='word_1_248' title='bbox 2830 1897 3035 1945; x_wconf 90' lang='lat' dir='ltr'><strong>terram</strong></span> <span class='ocrx_word' id='word_1_249' title='bbox 3058 1885 3103 1942; x_wconf 83' lang='grc'><strong>⁸.</strong></span> <span class='ocrx_word' id='word_1_250' title='bbox 3133 1888 3241 1944; x_wconf 77' lang='grc' dir='ltr'><strong>»Ει</strong></span> <span class='ocrx_word' id='word_1_251' title='bbox 3268 1888 3406 1944; x_wconf 79' lang='lat' dir='ltr'><strong>dixit</strong></span> <span class='ocrx_word' id='word_1_252' title='bbox 3427 1889 3562 1945; x_wconf 88' lang='lat' dir='ltr'><strong>Cain</strong></span> <span class='ocrx_word' id='word_1_253' title='bbox 3595 1908 3610 1945; x_wconf 86' lang='lat'><strong>:</strong></span> 
     </span>
    </p>
   </div>
   <div class='ocr_carea' id='block_1_32' title="bbox 318 1967 1923 2050">
    <p class='ocr_par' dir='ltr' id='par_1_32' title="bbox 318 1967 1923 2050">
     <span class='ocr_line' id='line_1_32' title="bbox 318 1967 1923 2050; baseline 0.006 -31"><span class='ocrx_word' id='word_1_254' title='bbox 318 1984 460 2038; x_wconf 72' lang='grc' dir='ltr'>φησι</span> <span class='ocrx_word' id='word_1_255' title='bbox 483 1984 499 1998; x_wconf 85' lang='grc'><strong>·</strong></span> <span class='ocrx_word' id='word_1_256' title='bbox 543 1987 564 2020; x_wconf 76' lang='grc' dir='ltr'><strong>ι</strong></span> <span class='ocrx_word' id='word_1_257' title='bbox 599 1969 661 2021; x_wconf 77' lang='lat' dir='ltr'><strong>Ei</strong></span> <span class='ocrx_word' id='word_1_258' title='bbox 695 1967 987 2034; x_wconf 74' lang='grc' dir='ltr'>ἐκϐάλλεις</span> <span class='ocrx_word' id='word_1_259' title='bbox 1018 1989 1084 2042; x_wconf 88' lang='grc' dir='ltr'>με</span> <span class='ocrx_word' id='word_1_260' title='bbox 1115 1974 1358 2046; x_wconf 79' lang='grc' dir='ltr'><strong>σήμερον</strong></span> <span class='ocrx_word' id='word_1_261' title='bbox 1386 1976 1495 2030; x_wconf 79' lang='grc' dir='ltr'><strong>ἀπὸ</strong></span> <span class='ocrx_word' id='word_1_262' title='bbox 1525 1977 1626 2048; x_wconf 84' lang='grc' dir='ltr'>τῆς</span> <span class='ocrx_word' id='word_1_263' title='bbox 1658 1979 1783 2050; x_wconf 83' lang='grc' dir='ltr'>γῆς,</span> <span class='ocrx_word' id='word_1_264' title='bbox 1822 1982 1923 2034; x_wconf 76' lang='grc' dir='ltr'>καὶ,</span> 
     </span>
    </p>
   </div>
   <div class='ocr_carea' id='block_1_33' title="bbox 328 2060 1919 2142">
    <p class='ocr_par' dir='ltr' id='par_1_33' title="bbox 328 2060 1919 2142">
     <span class='ocr_line' id='line_1_33' title="bbox 328 2060 1919 2142; baseline 0.01 -30"><span class='ocrx_word' id='word_1_265' title='bbox 328 2060 444 2112; x_wconf 64' lang='grc' dir='ltr'>ἀπὸ</span> <span class='ocrx_word' id='word_1_266' title='bbox 468 2060 566 2114; x_wconf 69' lang='grc' dir='ltr'>τοῦ</span> <span class='ocrx_word' id='word_1_267' title='bbox 598 2061 888 2132; x_wconf 82' lang='grc' dir='ltr'>προσώπου</span> <span class='ocrx_word' id='word_1_268' title='bbox 923 2080 1018 2117; x_wconf 88' lang='grc' dir='ltr'><strong>σου</strong></span> <span class='ocrx_word' id='word_1_269' title='bbox 1040 2065 1412 2138; x_wconf 79' lang='grc' dir='ltr'>κρυϐήσομαι,</span> <span class='ocrx_word' id='word_1_270' title='bbox 1451 2072 1547 2124; x_wconf 77' lang='grc' dir='ltr'>καὶ</span> <span class='ocrx_word' id='word_1_271' title='bbox 1571 2071 1768 2142; x_wconf 83' lang='grc' dir='ltr'>ἔσομαι</span> <span class='ocrx_word' id='word_1_272' title='bbox 1800 2074 1919 2128; x_wconf 85' lang='grc' dir='ltr'>στέ-</span> 
     </span>
    </p>
   </div>
   <div class='ocr_carea' id='block_1_34' title="bbox 341 2151 1918 2236">
    <p class='ocr_par' dir='ltr' id='par_1_34' title="bbox 341 2151 1918 2236">
     <span class='ocr_line' id='line_1_34' title="bbox 341 2151 1918 2236; baseline 0.011 -34"><span class='ocrx_word' id='word_1_273' title='bbox 341 2166 455 2203; x_wconf 81' lang='grc' dir='ltr'><strong>νων</strong></span> <span class='ocrx_word' id='word_1_274' title='bbox 493 2151 592 2204; x_wconf 66' lang='grc' dir='ltr'>καὶ</span> <span class='ocrx_word' id='word_1_275' title='bbox 614 2154 819 2222; x_wconf 78' lang='grc' dir='ltr'>τρέμων</span> <span class='ocrx_word' id='word_1_276' title='bbox 867 2155 964 2209; x_wconf 80' lang='grc' dir='ltr'>ἐπὶ</span> <span class='ocrx_word' id='word_1_277' title='bbox 996 2155 1094 2226; x_wconf 82' lang='grc' dir='ltr'>τῆς</span> <span class='ocrx_word' id='word_1_278' title='bbox 1151 2159 1257 2229; x_wconf 84' lang='grc' dir='ltr'>γῆς</span> <span class='ocrx_word' id='word_1_279' title='bbox 1281 2199 1297 2222; x_wconf 93' lang='grc'><strong>,</strong></span> <span class='ocrx_word' id='word_1_280' title='bbox 1329 2161 1426 2214; x_wconf 75' lang='grc' dir='ltr'>καὶ</span> <span class='ocrx_word' id='word_1_281' title='bbox 1453 2163 1562 2226; x_wconf 76' lang='grc' dir='ltr'>πᾶς</span> <span class='ocrx_word' id='word_1_282' title='bbox 1593 2166 1621 2218; x_wconf 84' lang='grc' dir='ltr'><strong><em>ὁ</em></strong></span> <span class='ocrx_word' id='word_1_283' title='bbox 1648 2165 1918 2236; x_wconf 76' lang='grc' dir='ltr'>εὑρίσκων</span> 
     </span>
    </p>
   </div>
   <div class='ocr_carea' id='block_1_35' title="bbox 348 2245 1918 2326">
    <p class='ocr_par' dir='ltr' id='par_1_35' title="bbox 348 2245 1918 2326">
     <span class='ocr_line' id='line_1_35' title="bbox 348 2245 1918 2326; baseline 0.01 -31"><span class='ocrx_word' id='word_1_284' title='bbox 348 2245 645 2296; x_wconf 72' lang='grc' dir='ltr'>ἀποκτενεί</span> <span class='ocrx_word' id='word_1_285' title='bbox 685 2263 764 2314; x_wconf 87' lang='grc' dir='ltr'>με.</span> <span class='ocrx_word' id='word_1_286' title='bbox 807 2265 828 2298; x_wconf 78' lang='grc' dir='ltr'><strong>ι</strong></span> <span class='ocrx_word' id='word_1_287' title='bbox 883 2248 1031 2320; x_wconf 84' lang='grc' dir='ltr'>Πρὸς</span> <span class='ocrx_word' id='word_1_288' title='bbox 1077 2249 1141 2321; x_wconf 82' lang='grc' dir='ltr'><strong>δὴ</strong></span> <span class='ocrx_word' id='word_1_289' title='bbox 1188 2251 1350 2306; x_wconf 82' lang='grc' dir='ltr'>τοῦτο</span> <span class='ocrx_word' id='word_1_290' title='bbox 1393 2256 1422 2308; x_wconf 86' lang='grc' dir='ltr'><strong>ό</strong></span> <span class='ocrx_word' id='word_1_291' title='bbox 1472 2254 1674 2326; x_wconf 88' lang='grc' dir='ltr'>Κύριός</span> <span class='ocrx_word' id='word_1_292' title='bbox 1719 2274 1918 2326; x_wconf 77' lang='grc' dir='ltr'>φησιν·</span> 
     </span>
    </p>
   </div>
   <div class='ocr_carea' id='block_1_36' title="bbox 348 2335 1920 2408">
    <p class='ocr_par' dir='ltr' id='par_1_36' title="bbox 348 2335 1920 2408">
     <span class='ocr_line' id='line_1_36' title="bbox 348 2335 1920 2408; baseline 0.011 -23"><span class='ocrx_word' id='word_1_293' title='bbox 348 2353 368 2385; x_wconf 75' lang='grc' dir='ltr'>ι</span> <span class='ocrx_word' id='word_1_294' title='bbox 417 2335 531 2404; x_wconf 75' lang='grc' dir='ltr'><strong>οὐχ</strong></span> <span class='ocrx_word' id='word_1_295' title='bbox 577 2335 766 2400; x_wconf 77' lang='grc' dir='ltr'>οὕτως’</span> <span class='ocrx_word' id='word_1_296' title='bbox 825 2339 938 2402; x_wconf 78' lang='grc' dir='ltr'>πᾶς</span> <span class='ocrx_word' id='word_1_297' title='bbox 987 2341 1017 2392; x_wconf 93' lang='grc' dir='ltr'><strong>ό</strong></span> <span class='ocrx_word' id='word_1_298' title='bbox 1051 2341 1381 2408; x_wconf 80' lang='grc' dir='ltr'>ἀποκτείνας</span> <span class='ocrx_word' id='word_1_299' title='bbox 1412 2344 1552 2398; x_wconf 77' lang='grc' dir='ltr'>Καῒν</span> <span class='ocrx_word' id='word_1_300' title='bbox 1598 2347 1738 2401; x_wconf 76' lang='grc' dir='ltr'>ἑπτὰ</span> <span class='ocrx_word' id='word_1_301' title='bbox 1772 2350 1920 2403; x_wconf 80' lang='grc' dir='ltr'>ἐκδι-</span> 
     </span>
    </p>
   </div>
   <div class='ocr_carea' id='block_1_37' title="bbox 332 2425 1915 2508">
    <p class='ocr_par' dir='ltr' id='par_1_37' title="bbox 332 2425 1915 2508">
     <span class='ocr_line' id='line_1_37' title="bbox 332 2425 1915 2508; baseline 0.01 -30"><span class='ocrx_word' id='word_1_302' title='bbox 332 2425 576 2494; x_wconf 80' lang='grc' dir='ltr'>κούμενα</span> <span class='ocrx_word' id='word_1_303' title='bbox 605 2429 926 2499; x_wconf 82' lang='grc' dir='ltr'>παραλύσει.</span> <span class='ocrx_word' id='word_1_304' title='bbox 971 2451 988 2482; x_wconf 76' lang='grc' dir='ltr'><strong>ι</strong></span> <span class='ocrx_word' id='word_1_305' title='bbox 1039 2434 1258 2506; x_wconf 82' lang='grc' dir='ltr'>Ἐπειδὴ</span> <span class='ocrx_word' id='word_1_306' title='bbox 1288 2435 1396 2506; x_wconf 81' lang='grc' dir='ltr'>γὰρ</span> <span class='ocrx_word' id='word_1_307' title='bbox 1426 2437 1678 2508; x_wconf 76' lang='grc' dir='ltr'>ἐνόμισεν</span> <span class='ocrx_word' id='word_1_308' title='bbox 1709 2439 1915 2494; x_wconf 85' lang='grc' dir='ltr'><strong>εὐάλω-</strong></span> 
     </span>
    </p>
   </div>
   <div class='ocr_carea' id='block_1_38' title="bbox 323 2515 1917 2604">
    <p class='ocr_par' dir='ltr' id='par_1_38' title="bbox 323 2515 1917 2604">
     <span class='ocr_line' id='line_1_38' title="bbox 323 2515 1917 2604; baseline 0.012 -33"><span class='ocrx_word' id='word_1_309' title='bbox 323 2537 413 2583; x_wconf 82' lang='grc' dir='ltr'><strong>τος</strong></span> <span class='ocrx_word' id='word_1_310' title='bbox 442 2515 587 2574; x_wconf 73' lang='grc' dir='ltr'>εἶναι</span> <span class='ocrx_word' id='word_1_311' title='bbox 621 2525 788 2577; x_wconf 79' lang='grc' dir='ltr'>παντὶ</span> <span class='ocrx_word' id='word_1_312' title='bbox 817 2525 990 2591; x_wconf 75' lang='grc' dir='ltr'>Καῒν,</span> <span class='ocrx_word' id='word_1_313' title='bbox 1023 2528 1111 2581; x_wconf 79' lang='grc' dir='ltr'>διὰ</span> <span class='ocrx_word' id='word_1_314' title='bbox 1139 2529 1200 2582; x_wconf 83' lang='grc' dir='ltr'>τὸ</span> <span class='ocrx_word' id='word_1_315' title='bbox 1226 2531 1290 2583; x_wconf 88' lang='grc' dir='ltr'>ὲκ</span> <span class='ocrx_word' id='word_1_316' title='bbox 1329 2530 1432 2600; x_wconf 82' lang='grc' dir='ltr'>τῆς</span> <span class='ocrx_word' id='word_1_317' title='bbox 1463 2532 1568 2599; x_wconf 85' lang='grc' dir='ltr'>γῆς</span> <span class='ocrx_word' id='word_1_318' title='bbox 1615 2533 1714 2604; x_wconf 82' lang='grc' dir='ltr'><strong>τὴν</strong></span> <span class='ocrx_word' id='word_1_319' title='bbox 1742 2535 1917 2604; x_wconf 83' lang='grc' dir='ltr'><strong>ἀσφά-</strong></span> 
     </span>
    </p>
   </div>
   <div class='ocr_carea' id='block_1_39' title="bbox 319 2615 1915 2695">
    <p class='ocr_par' dir='ltr' id='par_1_39' title="bbox 319 2615 1915 2695">
     <span class='ocr_line' id='line_1_39' title="bbox 319 2615 1915 2695; baseline 0.008 -28"><span class='ocrx_word' id='word_1_320' title='bbox 319 2615 470 2668; x_wconf 76' lang='grc' dir='ltr'>λειαν</span> <span class='ocrx_word' id='word_1_321' title='bbox 506 2616 588 2686; x_wconf 86' lang='grc' dir='ltr'>μὴ</span> <span class='ocrx_word' id='word_1_322' title='bbox 623 2617 794 2687; x_wconf 80' lang='grc' dir='ltr'>ἔχειν·</span> <span class='ocrx_word' id='word_1_323' title='bbox 831 2621 1239 2691; x_wconf 79' lang='grc' dir='ltr'>ὲπικατάρατος</span> <span class='ocrx_word' id='word_1_324' title='bbox 1271 2623 1382 2690; x_wconf 77' lang='grc' dir='ltr'><strong>γὰρ</strong></span> <span class='ocrx_word' id='word_1_325' title='bbox 1411 2627 1443 2692; x_wconf 84' lang='grc' dir='ltr'>ἡ</span> <span class='ocrx_word' id='word_1_326' title='bbox 1487 2625 1554 2695; x_wconf 83' lang='grc' dir='ltr'>γῆ</span> <span class='ocrx_word' id='word_1_327' title='bbox 1585 2627 1682 2680; x_wconf 84' lang='grc' dir='ltr'><strong>ἀπ’</strong></span> <span class='ocrx_word' id='word_1_328' title='bbox 1712 2627 1915 2694; x_wconf 82' lang='grc' dir='ltr'>αὐτοῦ,</span> 
     </span>
    </p>
   </div>
   <div class='ocr_carea' id='block_1_40' title="bbox 312 2707 1920 2787">
    <p class='ocr_par' dir='ltr' id='par_1_40' title="bbox 312 2707 1920 2787">
     <span class='ocr_line' id='line_1_40' title="bbox 312 2707 1920 2787; baseline 0.008 -27"><span class='ocrx_word' id='word_1_329' title='bbox 312 2708 406 2760; x_wconf 84' lang='grc' dir='ltr'>καὶ</span> <span class='ocrx_word' id='word_1_330' title='bbox 434 2707 540 2777; x_wconf 76' lang='grc' dir='ltr'>τῆς</span> <span class='ocrx_word' id='word_1_331' title='bbox 571 2709 686 2762; x_wconf 82' lang='grc' dir='ltr'><strong>ἀπὸ</strong></span> <span class='ocrx_word' id='word_1_332' title='bbox 720 2709 860 2763; x_wconf 85' lang='grc' dir='ltr'>Θεοῦ</span> <span class='ocrx_word' id='word_1_333' title='bbox 902 2711 1154 2781; x_wconf 83' lang='grc' dir='ltr'>βοηθείας</span> <span class='ocrx_word' id='word_1_334' title='bbox 1193 2716 1536 2786; x_wconf 80' lang='grc' dir='ltr'>ἠρημᾶσθαι,</span> <span class='ocrx_word' id='word_1_335' title='bbox 1573 2719 1920 2787; x_wconf 81' lang='grc' dir='ltr'>ὀργισθέντος</span> 
     </span>
    </p>
   </div>
   <div class='ocr_carea' id='block_1_41' title="bbox 303 2799 1918 2876">
    <p class='ocr_par' dir='ltr' id='par_1_41' title="bbox 303 2799 1918 2876">
     <span class='ocr_line' id='line_1_41' title="bbox 303 2799 1918 2876; baseline 0.007 -24"><span class='ocrx_word' id='word_1_336' title='bbox 303 2799 478 2853; x_wconf 73' lang='grc' dir='ltr'>αὐτοῦ</span> <span class='ocrx_word' id='word_1_337' title='bbox 516 2801 616 2852; x_wconf 76' lang='grc' dir='ltr'>ἐπὶ</span> <span class='ocrx_word' id='word_1_338' title='bbox 645 2801 729 2872; x_wconf 81' lang='grc' dir='ltr'><strong>τῷ</strong></span> <span class='ocrx_word' id='word_1_339' title='bbox 759 2804 928 2873; x_wconf 81' lang='grc' dir='ltr'>φόνῳ,</span> <span class='ocrx_word' id='word_1_340' title='bbox 957 2803 1032 2866; x_wconf 83' lang='grc' dir='ltr'>ὡς</span> <span class='ocrx_word' id='word_1_341' title='bbox 1060 2803 1184 2858; x_wconf 79' lang='grc' dir='ltr'>οὔτε</span> <span class='ocrx_word' id='word_1_342' title='bbox 1214 2806 1322 2860; x_wconf 83' lang='grc' dir='ltr'><strong>ἀπὸ</strong></span> <span class='ocrx_word' id='word_1_343' title='bbox 1360 2809 1492 2876; x_wconf 81' lang='grc' dir='ltr'>γῆς,</span> <span class='ocrx_word' id='word_1_344' title='bbox 1535 2810 1657 2863; x_wconf 76' lang='grc' dir='ltr'>οὔτε</span> <span class='ocrx_word' id='word_1_345' title='bbox 1691 2811 1800 2864; x_wconf 84' lang='grc' dir='ltr'><strong>ἀπὸ</strong></span> <span class='ocrx_word' id='word_1_346' title='bbox 1821 2811 1918 2864; x_wconf 78' lang='grc' dir='ltr'>τοῦ</span> 
     </span>
    </p>
   </div>
   <div class='ocr_carea' id='block_1_42' title="bbox 301 2892 1913 2972">
    <p class='ocr_par' dir='ltr' id='par_1_42' title="bbox 301 2892 1913 2972">
     <span class='ocr_line' id='line_1_42' title="bbox 301 2892 1913 2972; baseline 0.007 -30"><span class='ocrx_word' id='word_1_347' title='bbox 301 2892 547 2960; x_wconf 76' lang='grc' dir='ltr'>οὐρανοῦ</span> <span class='ocrx_word' id='word_1_348' title='bbox 568 2893 922 2964; x_wconf 81' lang='grc' dir='ltr'>ἀντιλήψεως</span> <span class='ocrx_word' id='word_1_349' title='bbox 952 2896 1102 2967; x_wconf 87' lang='grc' dir='ltr'><strong>αύτῷ</strong></span> <span class='ocrx_word' id='word_1_350' title='bbox 1122 2897 1468 2970; x_wconf 82' lang='grc' dir='ltr'>λειπομένης,</span> <span class='ocrx_word' id='word_1_351' title='bbox 1495 2920 1512 2952; x_wconf 76' lang='grc' dir='ltr'><strong>ι</strong></span> <span class='ocrx_word' id='word_1_352' title='bbox 1535 2903 1738 2968; x_wconf 80' lang='grc' dir='ltr'>Ἔσται,</span> <span class='ocrx_word' id='word_1_353' title='bbox 1760 2903 1913 2972; x_wconf 71' lang='grc' dir='ltr'>φησι,</span> 
     </span>
    </p>
   </div>
   <div class='ocr_carea' id='block_1_43' title="bbox 304 2985 1915 3064">
    <p class='ocr_par' dir='ltr' id='par_1_43' title="bbox 304 2985 1915 3064">
     <span class='ocr_line' id='line_1_43' title="bbox 304 2985 1915 3064; baseline 0.009 -30"><span class='ocrx_word' id='word_1_354' title='bbox 304 2985 416 3046; x_wconf 76' lang='grc' dir='ltr'><strong>πᾶς</strong></span> <span class='ocrx_word' id='word_1_355' title='bbox 457 2985 490 3036; x_wconf 76' lang='grc' dir='ltr'><strong>ὁ</strong></span> <span class='ocrx_word' id='word_1_356' title='bbox 531 2986 816 3056; x_wconf 82' lang='grc' dir='ltr'>εὑρίσκων</span> <span class='ocrx_word' id='word_1_357' title='bbox 855 3005 923 3058; x_wconf 88' lang='grc' dir='ltr'>με</span> <span class='ocrx_word' id='word_1_358' title='bbox 963 2991 1256 3044; x_wconf 83' lang='grc' dir='ltr'>ἀποκτενεῖ</span> <span class='ocrx_word' id='word_1_359' title='bbox 1299 3009 1367 3062; x_wconf 83' lang='grc' dir='ltr'><strong>με</strong></span> <span class='ocrx_word' id='word_1_360' title='bbox 1391 3008 1404 3020; x_wconf 90' lang='grc'><strong>·</strong></span> <span class='ocrx_word' id='word_1_361' title='bbox 1451 2993 1708 3064; x_wconf 76' lang='grc' dir='ltr'>»ἐλέγχει</span> <span class='ocrx_word' id='word_1_362' title='bbox 1749 2996 1915 3050; x_wconf 79' lang='grc' dir='ltr'>αὐτοῦ</span> 
     </span>
    </p>
   </div>
   <div class='ocr_carea' id='block_1_44' title="bbox 301 3075 1918 3152">
    <p class='ocr_par' dir='ltr' id='par_1_44' title="bbox 301 3075 1918 3152">
     <span class='ocr_line' id='line_1_44' title="bbox 301 3075 1918 3152; baseline 0.008 -27"><span class='ocrx_word' id='word_1_363' title='bbox 301 3075 365 3125; x_wconf 73' lang='grc' dir='ltr'>τὸ</span> <span class='ocrx_word' id='word_1_364' title='bbox 397 3075 641 3145; x_wconf 70' lang='grc' dir='ltr'>σφάλμα</span> <span class='ocrx_word' id='word_1_365' title='bbox 687 3078 717 3129; x_wconf 83' lang='grc' dir='ltr'>ὁ</span> <span class='ocrx_word' id='word_1_366' title='bbox 766 3077 941 3145; x_wconf 81' lang='grc' dir='ltr'>Λόγος</span> <span class='ocrx_word' id='word_1_367' title='bbox 965 3117 981 3140; x_wconf 87' lang='grc'><strong>,</strong></span> <span class='ocrx_word' id='word_1_368' title='bbox 1014 3078 1189 3148; x_wconf 80' lang='grc' dir='ltr'>λέγων</span> <span class='ocrx_word' id='word_1_369' title='bbox 1217 3097 1231 3112; x_wconf 80' lang='grc' dir='ltr'><strong><em>ο</em></strong></span> <span class='ocrx_word' id='word_1_370' title='bbox 1271 3100 1288 3133; x_wconf 77' lang='grc' dir='ltr'><strong>ι</strong></span> <span class='ocrx_word' id='word_1_371' title='bbox 1341 3082 1450 3152; x_wconf 83' lang='grc' dir='ltr'><strong>Οὐχ</strong></span> <span class='ocrx_word' id='word_1_372' title='bbox 1488 3084 1695 3149; x_wconf 77' lang='grc' dir='ltr'>οὕτως,</span> <span class='ocrx_word' id='word_1_373' title='bbox 1738 3103 1757 3136; x_wconf 86' lang='grc'><strong>›</strong></span> <span class='ocrx_word' id='word_1_374' title='bbox 1795 3102 1918 3138; x_wconf 83' lang='grc' dir='ltr'>του-</span> 
     </span>
    </p>
   </div>
   <div class='ocr_carea' id='block_1_45' title="bbox 303 3166 1918 3248">
    <p class='ocr_par' dir='ltr' id='par_1_45' title="bbox 303 3166 1918 3248">
     <span class='ocr_line' id='line_1_45' title="bbox 303 3166 1918 3248; baseline 0.009 -32"><span class='ocrx_word' id='word_1_375' title='bbox 303 3166 516 3232; x_wconf 79' lang='grc' dir='ltr'>τέστιν,</span> <span class='ocrx_word' id='word_1_376' title='bbox 541 3167 651 3220; x_wconf 67' lang='grc' dir='ltr'>οὒκ</span> <span class='ocrx_word' id='word_1_377' title='bbox 685 3169 1050 3242; x_wconf 74' lang='grc' dir='ltr'>ἁναιρεθήση.</span> <span class='ocrx_word' id='word_1_378' title='bbox 1115 3173 1174 3226; x_wconf 89' lang='lat'><strong>&#39;0</strong></span> <span class='ocrx_word' id='word_1_379' title='bbox 1211 3173 1267 3226; x_wconf 72' lang='grc' dir='ltr'><strong>δέ</strong></span> <span class='ocrx_word' id='word_1_380' title='bbox 1293 3175 1356 3228; x_wconf 82' lang='grc' dir='ltr'>οὐ</span> <span class='ocrx_word' id='word_1_381' title='bbox 1391 3175 1550 3244; x_wconf 83' lang='grc' dir='ltr'>μόνον</span> <span class='ocrx_word' id='word_1_382' title='bbox 1593 3175 1825 3248; x_wconf 82' lang='grc' dir='ltr'>κρύπτει</span> <span class='ocrx_word' id='word_1_383' title='bbox 1855 3179 1918 3231; x_wconf 83' lang='grc' dir='ltr'>τὸ</span> 
     </span>
    </p>
   </div>
   <div class='ocr_carea' id='block_1_46' title="bbox 304 3260 1916 3340">
    <p class='ocr_par' dir='ltr' id='par_1_46' title="bbox 304 3260 1916 3340">
     <span class='ocr_line' id='line_1_46' title="bbox 304 3260 1916 3340; baseline 0.007 -28"><span class='ocrx_word' id='word_1_384' title='bbox 304 3261 492 3324; x_wconf 71' lang='grc' dir='ltr'>Ελκοτ,</span> <span class='ocrx_word' id='word_1_385' title='bbox 533 3260 676 3313; x_wconf 78' lang='grc' dir='ltr'><strong>ἀλλὰ</strong></span> <span class='ocrx_word' id='word_1_386' title='bbox 709 3260 809 3332; x_wconf 79' lang='grc' dir='ltr'><strong>καί</strong></span> <span class='ocrx_word' id='word_1_387' title='bbox 853 3261 1044 3335; x_wconf 67' lang='grc' dir='ltr'>ἕτερον</span> <span class='ocrx_word' id='word_1_388' title='bbox 1080 3268 1521 3337; x_wconf 75' lang='grc' dir='ltr'>προσεργάξεται</span> <span class='ocrx_word' id='word_1_389' title='bbox 1551 3270 1629 3338; x_wconf 84' lang='grc' dir='ltr'>τῷ</span> <span class='ocrx_word' id='word_1_390' title='bbox 1671 3269 1818 3340; x_wconf 83' lang='grc' dir='ltr'>φόνῳ</span> <span class='ocrx_word' id='word_1_391' title='bbox 1855 3271 1916 3324; x_wconf 84' lang='grc' dir='ltr'>τὸ</span> 
     </span>
    </p>
   </div>
   <div class='ocr_carea' id='block_1_47' title="bbox 305 3352 1914 3434">
    <p class='ocr_par' dir='ltr' id='par_1_47' title="bbox 305 3352 1914 3434">
     <span class='ocr_line' id='line_1_47' title="bbox 305 3352 1914 3434; baseline 0.009 -30"><span class='ocrx_word' id='word_1_392' title='bbox 305 3352 512 3418; x_wconf 70' lang='grc' dir='ltr'>ψεῦδος</span> <span class='ocrx_word' id='word_1_393' title='bbox 535 3393 552 3414; x_wconf 94' lang='grc'><strong>,</strong></span> <span class='ocrx_word' id='word_1_394' title='bbox 595 3355 1029 3410; x_wconf 74' lang='grc' dir='ltr'>ἐπισυνάπτωνο</span> <span class='ocrx_word' id='word_1_395' title='bbox 1069 3376 1088 3406; x_wconf 73' lang='grc' dir='ltr'>ε</span> <span class='ocrx_word' id='word_1_396' title='bbox 1126 3360 1243 3413; x_wconf 84' lang='grc' dir='ltr'>Οὐκ</span> <span class='ocrx_word' id='word_1_397' title='bbox 1288 3358 1408 3415; x_wconf 79' lang='grc' dir='ltr'>οἶδα</span> <span class='ocrx_word' id='word_1_398' title='bbox 1436 3377 1448 3391; x_wconf 75' lang='grc'><strong><em>⁸</em></strong></span> <span class='ocrx_word' id='word_1_399' title='bbox 1487 3362 1560 3434; x_wconf 78' lang='grc' dir='ltr'>μὴ</span> <span class='ocrx_word' id='word_1_400' title='bbox 1595 3363 1769 3431; x_wconf 75' lang='grc' dir='ltr'>φύλαξ</span> <span class='ocrx_word' id='word_1_401' title='bbox 1817 3365 1914 3418; x_wconf 82' lang='grc' dir='ltr'><strong>τοῦ</strong></span> 
     </span>
    </p>
   </div>
   <div class='ocr_carea' id='block_1_48' title="bbox 307 3444 1930 3526">
    <p class='ocr_par' dir='ltr' id='par_1_48' title="bbox 307 3444 1930 3526">
     <span class='ocr_line' id='line_1_48' title="bbox 307 3444 1930 3526; baseline 0.009 -30"><span class='ocrx_word' id='word_1_402' title='bbox 307 3444 551 3512; x_wconf 67' lang='grc' dir='ltr'>ἀδελφοῦ</span> <span class='ocrx_word' id='word_1_403' title='bbox 583 3447 707 3515; x_wconf 76' lang='grc' dir='ltr'>εἰμι</span> <span class='ocrx_word' id='word_1_404' title='bbox 740 3447 884 3515; x_wconf 60' lang='lat' dir='ltr'><strong>Evcl»;</strong></span> <span class='ocrx_word' id='word_1_405' title='bbox 925 3466 943 3499; x_wconf 76' lang='grc' dir='ltr'><strong>ι</strong></span> <span class='ocrx_word' id='word_1_406' title='bbox 994 3449 1274 3504; x_wconf 82' lang='grc' dir='ltr'>Ἐντεῦθεν</span> <span class='ocrx_word' id='word_1_407' title='bbox 1301 3451 1487 3506; x_wconf 78' lang='grc' dir='ltr'>λοιπὸν</span> <span class='ocrx_word' id='word_1_408' title='bbox 1517 3455 1930 3526; x_wconf 32' lang='grc' dir='ltr'>ἁπαριθμεῖταιξ</span> 
     </span>
    </p>
   </div>
   <div class='ocr_carea' id='block_1_49' title="bbox 307 3536 1910 3614">
    <p class='ocr_par' dir='ltr' id='par_1_49' title="bbox 307 3536 1910 3614">
     <span class='ocr_line' id='line_1_49' title="bbox 307 3536 1910 3614; baseline 0.007 -29"><span class='ocrx_word' id='word_1_409' title='bbox 307 3536 410 3598; x_wconf 70' lang='grc' dir='ltr'><strong>τὰς</strong></span> <span class='ocrx_word' id='word_1_410' title='bbox 458 3536 766 3607; x_wconf 80' lang='grc' dir='ltr'>τιμωρίας.</span> <span class='ocrx_word' id='word_1_411' title='bbox 828 3556 847 3588; x_wconf 75' lang='grc' dir='ltr'><strong>ι</strong></span> <span class='ocrx_word' id='word_1_412' title='bbox 901 3537 1337 3611; x_wconf 73' lang='grc' dir='ltr'>Ἐπικατάρατος</span> <span class='ocrx_word' id='word_1_413' title='bbox 1388 3543 1529 3614; x_wconf 83' lang='grc' dir='ltr'><strong>ήγῆ</strong></span> <span class='ocrx_word' id='word_1_414' title='bbox 1573 3544 1682 3598; x_wconf 82' lang='grc' dir='ltr'><strong>ἀπὸ</strong></span> <span class='ocrx_word' id='word_1_415' title='bbox 1730 3546 1848 3600; x_wconf 81' lang='grc' dir='ltr'>σοῦ.</span> <span class='ocrx_word' id='word_1_416' title='bbox 1890 3565 1910 3597; x_wconf 70' lang='grc' dir='ltr'><strong>ι</strong></span> 
     </span>
    </p>
   </div>
   <div class='ocr_carea' id='block_1_50' title="bbox 310 3626 1913 3706">
    <p class='ocr_par' dir='ltr' id='par_1_50' title="bbox 310 3626 1913 3706">
     <span class='ocr_line' id='line_1_50' title="bbox 310 3626 1913 3706; baseline 0.006 -27"><span class='ocrx_word' id='word_1_417' title='bbox 310 3626 428 3679; x_wconf 73' lang='grc' dir='ltr'>Μία</span> <span class='ocrx_word' id='word_1_418' title='bbox 468 3626 723 3691; x_wconf 77' lang='grc' dir='ltr'>κόλασις.</span> <span class='ocrx_word' id='word_1_419' title='bbox 767 3646 786 3679; x_wconf 77' lang='grc' dir='ltr'><strong>ι</strong></span> <span class='ocrx_word' id='word_1_420' title='bbox 831 3629 1014 3700; x_wconf 80' lang='grc' dir='ltr'>Ἔργα</span> <span class='ocrx_word' id='word_1_421' title='bbox 1054 3631 1154 3702; x_wconf 81' lang='grc' dir='ltr'>τὴν</span> <span class='ocrx_word' id='word_1_422' title='bbox 1185 3632 1312 3702; x_wconf 84' lang='grc' dir='ltr'>γῆν.</span> <span class='ocrx_word' id='word_1_423' title='bbox 1367 3651 1386 3685; x_wconf 75' lang='grc' dir='ltr'><strong>ι</strong></span> <span class='ocrx_word' id='word_1_424' title='bbox 1441 3635 1682 3705; x_wconf 86' lang='grc' dir='ltr'>Δευτέρα</span> <span class='ocrx_word' id='word_1_425' title='bbox 1731 3635 1872 3706; x_wconf 74' lang='grc' dir='ltr'>αὕτη</span> <span class='ocrx_word' id='word_1_426' title='bbox 1898 3652 1913 3667; x_wconf 89' lang='grc'><strong>·</strong></span> 
     </span>
    </p>
   </div>
   <div class='ocr_carea' id='block_1_51' title="bbox 314 3717 1918 3796">
    <p class='ocr_par' dir='ltr' id='par_1_51' title="bbox 314 3717 1918 3796">
     <span class='ocr_line' id='line_1_51' title="bbox 314 3717 1918 3796; baseline 0.006 -26"><span class='ocrx_word' id='word_1_427' title='bbox 314 3717 540 3787; x_wconf 67' lang='grc' dir='ltr'>ἀνάγκη</span> <span class='ocrx_word' id='word_1_428' title='bbox 573 3719 689 3790; x_wconf 83' lang='grc' dir='ltr'>γάρ</span> <span class='ocrx_word' id='word_1_429' title='bbox 729 3736 814 3781; x_wconf 88' lang='grc' dir='ltr'><strong>τις</strong></span> <span class='ocrx_word' id='word_1_430' title='bbox 843 3720 1083 3792; x_wconf 77' lang='grc' dir='ltr'>ἄρῤητος</span> <span class='ocrx_word' id='word_1_431' title='bbox 1117 3722 1268 3794; x_wconf 86' lang='grc' dir='ltr'><strong>αύτῷ</strong></span> <span class='ocrx_word' id='word_1_432' title='bbox 1295 3725 1649 3788; x_wconf 79' lang='grc' dir='ltr'>συνέζευκται</span> <span class='ocrx_word' id='word_1_433' title='bbox 1682 3727 1818 3796; x_wconf 77' lang='grc' dir='ltr'>πρὸς</span> <span class='ocrx_word' id='word_1_434' title='bbox 1854 3727 1918 3780; x_wconf 84' lang='grc' dir='ltr'>τὸ</span> 
     </span>
    </p>
   </div>
   <div class='ocr_carea' id='block_1_52' title="bbox 315 3806 1916 3886">
    <p class='ocr_par' dir='ltr' id='par_1_52' title="bbox 315 3806 1916 3886">
     <span class='ocr_line' id='line_1_52' title="bbox 315 3806 1916 3886; baseline 0.007 -28"><span class='ocrx_word' id='word_1_435' title='bbox 315 3806 482 3877; x_wconf 72' lang='grc' dir='ltr'>ἔργον</span> <span class='ocrx_word' id='word_1_436' title='bbox 509 3808 617 3878; x_wconf 80' lang='grc' dir='ltr'>τῆς</span> <span class='ocrx_word' id='word_1_437' title='bbox 643 3809 749 3879; x_wconf 85' lang='grc' dir='ltr'>γῆς</span> <span class='ocrx_word' id='word_1_438' title='bbox 775 3810 942 3863; x_wconf 73' lang='grc' dir='ltr'>αὐτὸν</span> <span class='ocrx_word' id='word_1_439' title='bbox 971 3813 1402 3880; x_wconf 83' lang='grc' dir='ltr'>κατεπείγουσα,</span> <span class='ocrx_word' id='word_1_440' title='bbox 1448 3813 1589 3869; x_wconf 80' lang='grc' dir='ltr'>ὥστε</span> <span class='ocrx_word' id='word_1_441' title='bbox 1625 3817 1760 3886; x_wconf 85' lang='grc' dir='ltr'>μηδὲ</span> <span class='ocrx_word' id='word_1_442' title='bbox 1791 3816 1916 3886; x_wconf 87' lang='grc' dir='ltr'>βου-</span> 
     </span>
    </p>
   </div>
   <div class='ocr_carea' id='block_1_53' title="bbox 318 3899 1917 3971">
    <p class='ocr_par' dir='ltr' id='par_1_53' title="bbox 318 3899 1917 3971">
     <span class='ocr_line' id='line_1_53' title="bbox 318 3899 1917 3971; baseline 0.008 -21"><span class='ocrx_word' id='word_1_443' title='bbox 318 3899 537 3970; x_wconf 78' lang='grc' dir='ltr'>λομένῳ</span> <span class='ocrx_word' id='word_1_444' title='bbox 588 3900 744 3971; x_wconf 85' lang='grc' dir='ltr'>αύτῷ</span> <span class='ocrx_word' id='word_1_445' title='bbox 783 3901 988 3968; x_wconf 81' lang='grc' dir='ltr'>ἐξεῖναι</span> <span class='ocrx_word' id='word_1_446' title='bbox 1019 3904 1432 3969; x_wconf 82' lang='grc' dir='ltr'>ἀναπαύεσθαι,</span> <span class='ocrx_word' id='word_1_447' title='bbox 1485 3907 1600 3960; x_wconf 87' lang='grc' dir='ltr'><strong>ἀλλ’</strong></span> <span class='ocrx_word' id='word_1_448' title='bbox 1631 3909 1718 3961; x_wconf 79' lang='grc' dir='ltr'><strong>ἀεὶ</strong></span> <span class='ocrx_word' id='word_1_449' title='bbox 1753 3909 1917 3962; x_wconf 80' lang='grc' dir='ltr'>αὑτὸν</span> 
     </span>
    </p>
   </div>
   <div class='ocr_carea' id='block_1_54' title="bbox 318 3992 1918 4070">
    <p class='ocr_par' dir='ltr' id='par_1_54' title="bbox 318 3992 1918 4070">
     <span class='ocr_line' id='line_1_54' title="bbox 318 3992 1918 4070; baseline 0.006 -27"><span class='ocrx_word' id='word_1_450' title='bbox 318 3994 456 4061; x_wconf 82' lang='grc' dir='ltr'>πρὸς</span> <span class='ocrx_word' id='word_1_451' title='bbox 480 3992 543 4044; x_wconf 84' lang='grc' dir='ltr'>τὸ</span> <span class='ocrx_word' id='word_1_452' title='bbox 569 3993 1045 4064; x_wconf 82' lang='grc' dir='ltr'>ταλαιπωρεῖσθαι</span> <span class='ocrx_word' id='word_1_453' title='bbox 1081 3998 1147 4066; x_wconf 83' lang='grc' dir='ltr'>τῇ</span> <span class='ocrx_word' id='word_1_454' title='bbox 1179 3995 1352 4068; x_wconf 72' lang='grc' dir='ltr'>ἐχθρᾷ</span> <span class='ocrx_word' id='word_1_455' title='bbox 1383 3997 1549 4052; x_wconf 78' lang='grc' dir='ltr'>αὐτοῦ</span> <span class='ocrx_word' id='word_1_456' title='bbox 1572 4003 1666 4070; x_wconf 80' lang='grc' dir='ltr'>γῇ,</span> <span class='ocrx_word' id='word_1_457' title='bbox 1695 4001 1762 4070; x_wconf 87' lang='grc' dir='ltr'>ἢν</span> <span class='ocrx_word' id='word_1_458' title='bbox 1798 4002 1918 4053; x_wconf 87' lang='grc' dir='ltr'>ἐπι-</span> 
     </span>
    </p>
   </div>
   <div class='ocr_carea' id='block_1_55' title="bbox 319 4085 1916 4163">
    <p class='ocr_par' dir='ltr' id='par_1_55' title="bbox 319 4085 1916 4163">
     <span class='ocr_line' id='line_1_55' title="bbox 319 4085 1916 4163; baseline 0.008 -28"><span class='ocrx_word' id='word_1_459' title='bbox 319 4085 640 4154; x_wconf 76' lang='grc' dir='ltr'>κατάρατον</span> <span class='ocrx_word' id='word_1_460' title='bbox 679 4085 852 4156; x_wconf 83' lang='grc' dir='ltr'>αὐτὴν</span> <span class='ocrx_word' id='word_1_461' title='bbox 886 4087 1164 4156; x_wconf 87' lang='grc' dir='ltr'>ἐποίησεν,</span> <span class='ocrx_word' id='word_1_462' title='bbox 1199 4089 1400 4160; x_wconf 79' lang='grc' dir='ltr'>μιάνας</span> <span class='ocrx_word' id='word_1_463' title='bbox 1425 4091 1788 4163; x_wconf 76' lang='grc' dir='ltr'>ἁδελφότητος</span> <span class='ocrx_word' id='word_1_464' title='bbox 1827 4094 1916 4147; x_wconf 78' lang='grc' dir='ltr'><strong>αἴ-</strong></span> 
     </span>
    </p>
   </div>
   <div class='ocr_carea' id='block_1_56' title="bbox 322 4175 1918 4252">
    <p class='ocr_par' dir='ltr' id='par_1_56' title="bbox 322 4175 1918 4252">
     <span class='ocr_line' id='line_1_56' title="bbox 322 4175 1918 4252; baseline 0.008 -25"><span class='ocrx_word' id='word_1_465' title='bbox 322 4191 475 4242; x_wconf 81' lang='grc' dir='ltr'>ματι.</span> <span class='ocrx_word' id='word_1_466' title='bbox 512 4175 674 4247; x_wconf 83' lang='grc' dir='ltr'>Δεινὴ</span> <span class='ocrx_word' id='word_1_467' title='bbox 703 4176 814 4248; x_wconf 77' lang='grc' dir='ltr'><strong>γὰρ</strong></span> <span class='ocrx_word' id='word_1_468' title='bbox 840 4180 1082 4250; x_wconf 79' lang='grc' dir='ltr'>τιμωρία</span> <span class='ocrx_word' id='word_1_469' title='bbox 1105 4181 1138 4249; x_wconf 82' lang='grc' dir='ltr'>ἡ</span> <span class='ocrx_word' id='word_1_470' title='bbox 1175 4180 1314 4250; x_wconf 80' lang='grc' dir='ltr'>μετὰ</span> <span class='ocrx_word' id='word_1_471' title='bbox 1355 4181 1466 4235; x_wconf 85' lang='grc' dir='ltr'><strong>τῶν</strong></span> <span class='ocrx_word' id='word_1_472' title='bbox 1493 4182 1797 4252; x_wconf 82' lang='grc' dir='ltr'>μισούντων</span> <span class='ocrx_word' id='word_1_473' title='bbox 1841 4185 1918 4240; x_wconf 88' lang='grc' dir='ltr'>δι-</span> 
     </span>
    </p>
   </div>
   <div class='ocr_carea' id='block_1_57' title="bbox 318 4267 1918 4348">
    <p class='ocr_par' dir='ltr' id='par_1_57' title="bbox 318 4267 1918 4348">
     <span class='ocr_line' id='line_1_57' title="bbox 318 4267 1918 4348; baseline 0.008 -29"><span class='ocrx_word' id='word_1_474' title='bbox 318 4267 541 4338; x_wconf 78' lang='grc' dir='ltr'>αγωγὴ,</span> <span class='ocrx_word' id='word_1_475' title='bbox 574 4267 826 4322; x_wconf 82' lang='grc' dir='ltr'>σύνοικον</span> <span class='ocrx_word' id='word_1_476' title='bbox 864 4269 1010 4340; x_wconf 74' lang='grc' dir='ltr'>ἔχειν</span> <span class='ocrx_word' id='word_1_477' title='bbox 1039 4271 1319 4341; x_wconf 85' lang='grc' dir='ltr'>πολέμιον,</span> <span class='ocrx_word' id='word_1_478' title='bbox 1353 4275 1632 4330; x_wconf 79' lang='grc' dir='ltr'>ἄπαυστον</span> <span class='ocrx_word' id='word_1_479' title='bbox 1677 4277 1823 4348; x_wconf 79' lang='grc' dir='ltr'>ἔχειν</span> <span class='ocrx_word' id='word_1_480' title='bbox 1858 4279 1918 4332; x_wconf 80' lang='grc' dir='ltr'>τὸ</span> 
     </span>
    </p>
   </div>
   <div class='ocr_carea' id='block_1_58' title="bbox 321 4359 1912 4431">
    <p class='ocr_par' dir='ltr' id='par_1_58' title="bbox 321 4359 1912 4431">
     <span class='ocr_line' id='line_1_58' title="bbox 321 4359 1912 4431; baseline 0.007 -23"><span class='ocrx_word' id='word_1_481' title='bbox 321 4359 504 4424; x_wconf 82' lang='grc' dir='ltr'>μῖσος.</span> <span class='ocrx_word' id='word_1_482' title='bbox 547 4375 566 4407; x_wconf 77' lang='grc' dir='ltr'><strong>ι</strong></span> <span class='ocrx_word' id='word_1_483' title='bbox 613 4359 798 4429; x_wconf 82' lang='grc' dir='ltr'>Ἔργα</span> <span class='ocrx_word' id='word_1_484' title='bbox 847 4359 948 4430; x_wconf 78' lang='grc' dir='ltr'>τὴν</span> <span class='ocrx_word' id='word_1_485' title='bbox 999 4361 1141 4431; x_wconf 82' lang='grc' dir='ltr'>γῆν,</span> <span class='ocrx_word' id='word_1_486' title='bbox 1202 4380 1222 4414; x_wconf 72' lang='grc' dir='ltr'><strong>ι</strong></span> <span class='ocrx_word' id='word_1_487' title='bbox 1257 4363 1561 4426; x_wconf 82' lang='grc' dir='ltr'>τουτέστιν,</span> <span class='ocrx_word' id='word_1_488' title='bbox 1595 4367 1912 4420; x_wconf 82' lang='grc' dir='ltr'>κατατεινό-</span> 
     </span>
    </p>
   </div>
   <div class='ocr_carea' id='block_1_59' title="bbox 319 4449 1912 4528">
    <p class='ocr_par' dir='ltr' id='par_1_59' title="bbox 319 4449 1912 4528">
     <span class='ocr_line' id='line_1_59' title="bbox 319 4449 1912 4528; baseline 0.008 -28"><span class='ocrx_word' id='word_1_489' title='bbox 319 4465 487 4516; x_wconf 86' lang='grc' dir='ltr'>μενος</span> <span class='ocrx_word' id='word_1_490' title='bbox 525 4451 640 4512; x_wconf 87' lang='grc' dir='ltr'><strong>τοίς</strong></span> <span class='ocrx_word' id='word_1_491' title='bbox 671 4449 856 4520; x_wconf 78' lang='grc' dir='ltr'>ἔργοις</span> <span class='ocrx_word' id='word_1_492' title='bbox 897 4451 1013 4514; x_wconf 82' lang='grc' dir='ltr'>τοῖς</span> <span class='ocrx_word' id='word_1_493' title='bbox 1065 4455 1446 4520; x_wconf 86' lang='grc' dir='ltr'>γεωπονικοῖς,</span> <span class='ocrx_word' id='word_1_494' title='bbox 1485 4455 1676 4509; x_wconf 71' lang='grc' dir='ltr'>οὐδένα</span> <span class='ocrx_word' id='word_1_495' title='bbox 1719 4458 1912 4528; x_wconf 87' lang='grc' dir='ltr'>χρόνον</span> 
     </span>
    </p>
   </div>
   <div class='ocr_carea' id='block_1_60' title="bbox 2032 1977 3612 2049">
    <p class='ocr_par' dir='ltr' id='par_1_60' title="bbox 2032 1977 3612 2049">
     <span class='ocr_line' id='line_1_60' title="bbox 2032 1977 3612 2049; baseline 0.008 -21"><span class='ocrx_word' id='word_1_496' title='bbox 2032 1995 2050 2027; x_wconf 73' lang='grc' dir='ltr'><strong>ι</strong></span> <span class='ocrx_word' id='word_1_497' title='bbox 2081 1977 2138 2032; x_wconf 86' lang='lat' dir='ltr'><strong>Si</strong></span> <span class='ocrx_word' id='word_1_498' title='bbox 2170 1979 2326 2049; x_wconf 89' lang='lat' dir='ltr'><strong>ejicis</strong></span> <span class='ocrx_word' id='word_1_499' title='bbox 2358 1995 2447 2034; x_wconf 92' lang='lat' dir='ltr'><strong>me</strong></span> <span class='ocrx_word' id='word_1_500' title='bbox 2475 1980 2640 2036; x_wconf 90' lang='lat' dir='ltr'><strong>hodie</strong></span> <span class='ocrx_word' id='word_1_501' title='bbox 2663 1996 2694 2036; x_wconf 88' lang='lat' dir='ltr'><strong>a</strong></span> <span class='ocrx_word' id='word_1_502' title='bbox 2724 1987 2892 2046; x_wconf 88' lang='lat' dir='ltr'><strong>terra,</strong></span> <span class='ocrx_word' id='word_1_503' title='bbox 2922 1989 2979 2037; x_wconf 91' lang='lat' dir='ltr'><strong>et</strong></span> <span class='ocrx_word' id='word_1_504' title='bbox 3009 1995 3042 2035; x_wconf 90' lang='lat' dir='ltr'><strong>a</strong></span> <span class='ocrx_word' id='word_1_505' title='bbox 3078 1979 3218 2038; x_wconf 89' lang='lat' dir='ltr'><strong>facie</strong></span> <span class='ocrx_word' id='word_1_506' title='bbox 3244 1989 3340 2036; x_wconf 91' lang='lat' dir='ltr'><strong>tua</strong></span> <span class='ocrx_word' id='word_1_507' title='bbox 3371 1981 3612 2040; x_wconf 84' lang='lat' dir='ltr'><strong>abscon-</strong></span> 
     </span>
    </p>
   </div>
   <div class='ocr_carea' id='block_1_61' title="bbox 2023 2068 3632 2142">
    <p class='ocr_par' dir='ltr' id='par_1_61' title="bbox 2023 2068 3632 2142">
     <span class='ocr_line' id='line_1_61' title="bbox 2023 2068 3632 2142; baseline 0.003 -19"><span class='ocrx_word' id='word_1_508' title='bbox 2023 2068 2143 2134; x_wconf 91' lang='lat' dir='ltr'><strong>dar,</strong></span> <span class='ocrx_word' id='word_1_509' title='bbox 2167 2078 2224 2124; x_wconf 92' lang='lat' dir='ltr'><strong>et</strong></span> <span class='ocrx_word' id='word_1_510' title='bbox 2246 2085 2343 2125; x_wconf 91' lang='lat' dir='ltr'><strong>ero</strong></span> <span class='ocrx_word' id='word_1_511' title='bbox 2369 2086 2595 2141; x_wconf 87' lang='lat' dir='ltr'><strong>gemens</strong></span> <span class='ocrx_word' id='word_1_512' title='bbox 2613 2080 2670 2126; x_wconf 76' lang='grc' dir='ltr'><strong>ει</strong></span> <span class='ocrx_word' id='word_1_513' title='bbox 2693 2080 2934 2128; x_wconf 87' lang='lat' dir='ltr'><strong>tremens</strong></span> <span class='ocrx_word' id='word_1_514' title='bbox 2960 2087 3128 2142; x_wconf 88' lang='lat' dir='ltr'><strong>super</strong></span> <span class='ocrx_word' id='word_1_515' title='bbox 3158 2080 3383 2137; x_wconf 85' lang='lat' dir='ltr'><strong>terram,</strong></span> <span class='ocrx_word' id='word_1_516' title='bbox 3411 2081 3468 2129; x_wconf 90' lang='lat' dir='ltr'><strong>et</strong></span> <span class='ocrx_word' id='word_1_517' title='bbox 3495 2089 3632 2128; x_wconf 82' lang='grc' dir='ltr'><strong>01η--</strong></span> 
     </span>
    </p>
   </div>
   <div class='ocr_carea' id='block_1_62' title="bbox 2021 2159 3632 2229">
    <p class='ocr_par' dir='ltr' id='par_1_62' title="bbox 2021 2159 3632 2229">
     <span class='ocr_line' id='line_1_62' title="bbox 2021 2159 3632 2229; baseline 0.003 -15"><span class='ocrx_word' id='word_1_518' title='bbox 2021 2159 2110 2214; x_wconf 90' lang='lat' dir='ltr'><strong>nis</strong></span> <span class='ocrx_word' id='word_1_519' title='bbox 2137 2159 2232 2229; x_wconf 87' lang='lat' dir='ltr'><strong>qui</strong></span> <span class='ocrx_word' id='word_1_520' title='bbox 2283 2175 2372 2215; x_wconf 91' lang='lat' dir='ltr'><strong>me</strong></span> <span class='ocrx_word' id='word_1_521' title='bbox 2409 2160 2720 2226; x_wconf 79' lang='lat' dir='ltr'><strong>invenerit,</strong></span> <span class='ocrx_word' id='word_1_522' title='bbox 2749 2161 2968 2216; x_wconf 90' lang='lat' dir='ltr'><strong>occidet</strong></span> <span class='ocrx_word' id='word_1_523' title='bbox 3021 2177 3112 2218; x_wconf 89' lang='lat' dir='ltr'><strong>me</strong></span> <span class='ocrx_word' id='word_1_524' title='bbox 3146 2164 3188 2216; x_wconf 82' lang='lat'><strong>’.</strong></span> <span class='ocrx_word' id='word_1_525' title='bbox 3222 2181 3242 2214; x_wconf 74' lang='grc' dir='ltr'><strong>ι</strong></span> <span class='ocrx_word' id='word_1_526' title='bbox 3277 2161 3358 2217; x_wconf 81' lang='lat' dir='ltr'><strong>Ad</strong></span> <span class='ocrx_word' id='word_1_527' title='bbox 3395 2163 3500 2218; x_wconf 91' lang='lat' dir='ltr'><strong>hoc</strong></span> <span class='ocrx_word' id='word_1_528' title='bbox 3531 2161 3632 2219; x_wconf 54' lang='lat' dir='ltr'><strong>re—&#39;</strong></span> 
     </span>
    </p>
   </div>
   <div class='ocr_carea' id='block_1_63' title="bbox 2021 2251 3631 2323">
    <p class='ocr_par' dir='ltr' id='par_1_63' title="bbox 2021 2251 3631 2323">
     <span class='ocr_line' id='line_1_63' title="bbox 2021 2251 3631 2323; baseline 0.003 -18"><span class='ocrx_word' id='word_1_529' title='bbox 2021 2251 2258 2321; x_wconf 87' lang='lat' dir='ltr'><strong>spondet</strong></span> <span class='ocrx_word' id='word_1_530' title='bbox 2277 2251 2544 2306; x_wconf 89' lang='lat' dir='ltr'><strong>Dominus</strong></span> <span class='ocrx_word' id='word_1_531' title='bbox 2569 2271 2582 2304; x_wconf 87' lang='lat'><strong>:</strong></span> <span class='ocrx_word' id='word_1_532' title='bbox 2614 2271 2631 2303; x_wconf 79' lang='grc' dir='ltr'><strong>ι</strong></span> <span class='ocrx_word' id='word_1_533' title='bbox 2658 2252 3018 2323; x_wconf 75' lang='lat' dir='ltr'><strong>Nequaquam</strong></span> <span class='ocrx_word' id='word_1_534' title='bbox 3049 2253 3127 2308; x_wconf 84' lang='lat' dir='ltr'><strong>ita</strong></span> <span class='ocrx_word' id='word_1_535' title='bbox 3149 2253 3264 2318; x_wconf 86' lang='lat' dir='ltr'><strong>ﬁet,</strong></span> <span class='ocrx_word' id='word_1_536' title='bbox 3291 2254 3387 2308; x_wconf 90' lang='lat' dir='ltr'><strong>sed</strong></span> <span class='ocrx_word' id='word_1_537' title='bbox 3427 2255 3631 2310; x_wconf 87' lang='lat' dir='ltr'><strong>omnis-</strong></span> 
     </span>
    </p>
   </div>
   <div class='ocr_carea' id='block_1_64' title="bbox 2021 2342 3610 2413">
    <p class='ocr_par' dir='ltr' id='par_1_64' title="bbox 2021 2342 3610 2413">
     <span class='ocr_line' id='line_1_64' title="bbox 2021 2342 3610 2413; baseline 0.002 -17"><span class='ocrx_word' id='word_1_538' title='bbox 2021 2343 2118 2413; x_wconf 89' lang='lat' dir='ltr'><strong>qni</strong></span> <span class='ocrx_word' id='word_1_539' title='bbox 2160 2342 2604 2406; x_wconf 89' lang='lat' dir='ltr'><strong>occideritCain,</strong></span> <span class='ocrx_word' id='word_1_540' title='bbox 2637 2343 2950 2413; x_wconf 90' lang='lat' dir='ltr'><strong>septuplum</strong></span> <span class='ocrx_word' id='word_1_541' title='bbox 2992 2344 3256 2413; x_wconf 89' lang='lat' dir='ltr'><strong>punietur</strong></span> <span class='ocrx_word' id='word_1_542' title='bbox 3279 2345 3324 2376; x_wconf 81' lang='grc'><strong>¹⁰</strong></span> <span class='ocrx_word' id='word_1_543' title='bbox 3388 2363 3406 2396; x_wconf 74' lang='grc' dir='ltr'><strong>ι</strong></span> <span class='ocrx_word' id='word_1_544' title='bbox 3469 2344 3610 2411; x_wconf 83' lang='lat' dir='ltr'><strong>Quia</strong></span> 
     </span>
    </p>
   </div>
   <div class='ocr_carea' id='block_1_65' title="bbox 2021 2427 3608 2506">
    <p class='ocr_par' dir='ltr' id='par_1_65' title="bbox 2021 2427 3608 2506">
     <span class='ocr_line' id='line_1_65' title="bbox 2021 2427 3608 2506; baseline -0.001 -17"><span class='ocrx_word' id='word_1_545' title='bbox 2021 2449 2153 2506; x_wconf 90' lang='lat' dir='ltr'><strong>ergo</strong></span> <span class='ocrx_word' id='word_1_546' title='bbox 2183 2427 2318 2490; x_wconf 83' lang='lat' dir='ltr'><strong>Cain</strong></span> <span class='ocrx_word' id='word_1_547' title='bbox 2356 2433 2691 2490; x_wconf 77' lang='lat' dir='ltr'><strong>existimavit</strong></span> <span class='ocrx_word' id='word_1_548' title='bbox 2720 2449 2778 2488; x_wconf 91' lang='lat' dir='ltr'><strong>se</strong></span> <span class='ocrx_word' id='word_1_549' title='bbox 2804 2449 2835 2488; x_wconf 84' lang='lat' dir='ltr'><strong>a</strong></span> <span class='ocrx_word' id='word_1_550' title='bbox 2857 2435 3053 2504; x_wconf 88' lang='lat' dir='ltr'><strong>quovis</strong></span> <span class='ocrx_word' id='word_1_551' title='bbox 3075 2433 3236 2488; x_wconf 88' lang='lat' dir='ltr'><strong>facile</strong></span> <span class='ocrx_word' id='word_1_552' title='bbox 3264 2443 3483 2504; x_wconf 82' lang='lat' dir='ltr'><strong>captum</strong></span> <span class='ocrx_word' id='word_1_553' title='bbox 3516 2434 3608 2500; x_wconf 91' lang='lat' dir='ltr'><strong>iri,</strong></span> 
     </span>
    </p>
   </div>
   <div class='ocr_carea' id='block_1_66' title="bbox 2022 2525 3606 2598">
    <p class='ocr_par' dir='ltr' id='par_1_66' title="bbox 2022 2525 3606 2598">
     <span class='ocr_line' id='line_1_66' title="bbox 2022 2525 3606 2598; baseline -0.001 -16"><span class='ocrx_word' id='word_1_554' title='bbox 2022 2527 2170 2598; x_wconf 91' lang='lat' dir='ltr'><strong>quod</strong></span> <span class='ocrx_word' id='word_1_555' title='bbox 2211 2541 2314 2581; x_wconf 90' lang='lat' dir='ltr'><strong>nec</strong></span> <span class='ocrx_word' id='word_1_556' title='bbox 2360 2531 2414 2581; x_wconf 85' lang='lat' dir='ltr'><strong>in</strong></span> <span class='ocrx_word' id='word_1_557' title='bbox 2458 2527 2623 2581; x_wconf 89' lang='lat' dir='ltr'><strong>terris</strong></span> <span class='ocrx_word' id='word_1_558' title='bbox 2659 2526 2834 2581; x_wconf 90' lang='lat' dir='ltr'><strong>ullum</strong></span> <span class='ocrx_word' id='word_1_559' title='bbox 2869 2526 3040 2581; x_wconf 89' lang='lat' dir='ltr'><strong>sciret</strong></span> <span class='ocrx_word' id='word_1_560' title='bbox 3087 2525 3406 2596; x_wconf 73' lang='lat' dir='ltr'><strong>prmsidium</strong></span> <span class='ocrx_word' id='word_1_561' title='bbox 3431 2565 3446 2590; x_wconf 93' lang='lat'><strong>,</strong></span> <span class='ocrx_word' id='word_1_562' title='bbox 3480 2540 3606 2580; x_wconf 84' lang='lat' dir='ltr'><strong>cum</strong></span> 
     </span>
    </p>
   </div>
   <div class='ocr_carea' id='block_1_67' title="bbox 2022 2617 3605 2682">
    <p class='ocr_par' dir='ltr' id='par_1_67' title="bbox 2022 2617 3605 2682">
     <span class='ocr_line' id='line_1_67' title="bbox 2022 2617 3605 2682; baseline -0.001 -9"><span class='ocrx_word' id='word_1_563' title='bbox 2022 2627 2168 2673; x_wconf 88' lang='lat' dir='ltr'><strong>terra</strong></span> <span class='ocrx_word' id='word_1_564' title='bbox 2192 2626 2339 2674; x_wconf 89' lang='lat' dir='ltr'><strong>esset</strong></span> <span class='ocrx_word' id='word_1_565' title='bbox 2383 2619 2453 2673; x_wconf 88' lang='lat' dir='ltr'><strong>ab</strong></span> <span class='ocrx_word' id='word_1_566' title='bbox 2497 2617 2591 2672; x_wconf 84' lang='lat' dir='ltr'><strong>illo</strong></span> <span class='ocrx_word' id='word_1_567' title='bbox 2639 2617 2949 2682; x_wconf 88' lang='lat' dir='ltr'><strong>maledicta,</strong></span> <span class='ocrx_word' id='word_1_568' title='bbox 2983 2631 3086 2671; x_wconf 91' lang='lat' dir='ltr'><strong>nec</strong></span> <span class='ocrx_word' id='word_1_569' title='bbox 3119 2631 3150 2670; x_wconf 92' lang='lat' dir='ltr'><strong>a</strong></span> <span class='ocrx_word' id='word_1_570' title='bbox 3182 2617 3295 2672; x_wconf 88' lang='lat' dir='ltr'><strong>Deo</strong></span> <span class='ocrx_word' id='word_1_571' title='bbox 3340 2617 3605 2672; x_wconf 72' lang='lat' dir='ltr'><strong>auxilium</strong></span> 
     </span>
    </p>
   </div>
   <div class='ocr_carea' id='block_1_68' title="bbox 2020 2709 3608 2782">
    <p class='ocr_par' dir='ltr' id='par_1_68' title="bbox 2020 2709 3608 2782">
     <span class='ocr_line' id='line_1_68' title="bbox 2020 2709 3608 2782; baseline -0.001 -16"><span class='ocrx_word' id='word_1_572' title='bbox 2020 2720 2383 2782; x_wconf 74' lang='lat' dir='ltr'><strong>exspectaret,</strong></span> <span class='ocrx_word' id='word_1_573' title='bbox 2419 2710 2516 2781; x_wconf 87' lang='lat' dir='ltr'><strong>qui</strong></span> <span class='ocrx_word' id='word_1_574' title='bbox 2547 2711 2724 2766; x_wconf 90' lang='lat' dir='ltr'><strong>iratus</strong></span> <span class='ocrx_word' id='word_1_575' title='bbox 2757 2709 2839 2765; x_wconf 91' lang='lat' dir='ltr'><strong>illi</strong></span> <span class='ocrx_word' id='word_1_576' title='bbox 2867 2718 2989 2764; x_wconf 88' lang='lat' dir='ltr'><strong>erat</strong></span> <span class='ocrx_word' id='word_1_577' title='bbox 3019 2717 3246 2779; x_wconf 89' lang='lat' dir='ltr'><strong>propter</strong></span> <span class='ocrx_word' id='word_1_578' title='bbox 3271 2709 3501 2774; x_wconf 65' lang='lat' dir='ltr'><strong>caedem,</strong></span> <span class='ocrx_word' id='word_1_579' title='bbox 3533 2709 3608 2765; x_wconf 89' lang='lat' dir='ltr'><strong>ita</strong></span> 
     </span>
    </p>
   </div>
   <div class='ocr_carea' id='block_1_69' title="bbox 2021 2800 3604 2873">
    <p class='ocr_par' dir='ltr' id='par_1_69' title="bbox 2021 2800 3604 2873">
     <span class='ocr_line' id='line_1_69' title="bbox 2021 2800 3604 2873; baseline -0.002 -15"><span class='ocrx_word' id='word_1_580' title='bbox 2021 2812 2084 2858; x_wconf 88' lang='lat' dir='ltr'><strong>ut</strong></span> <span class='ocrx_word' id='word_1_581' title='bbox 2115 2801 2239 2859; x_wconf 67' lang='grc' dir='ltr'>(ιωΙί</span> <span class='ocrx_word' id='word_1_582' title='bbox 2264 2810 2533 2873; x_wconf 66' lang='lat' dir='ltr'><strong>terraeque</strong></span> <span class='ocrx_word' id='word_1_583' title='bbox 2557 2817 2653 2873; x_wconf 90' lang='lat' dir='ltr'><strong>spe</strong></span> <span class='ocrx_word' id='word_1_584' title='bbox 2679 2817 2891 2872; x_wconf 89' lang='lat' dir='ltr'><strong>opeque</strong></span> <span class='ocrx_word' id='word_1_585' title='bbox 2913 2801 3068 2857; x_wconf 88' lang='lat' dir='ltr'><strong>illum</strong></span> <span class='ocrx_word' id='word_1_586' title='bbox 3101 2800 3388 2855; x_wconf 89' lang='lat' dir='ltr'><strong>deserente</strong></span> <span class='ocrx_word' id='word_1_587' title='bbox 3417 2801 3604 2864; x_wconf 78' lang='lat' dir='ltr'><strong>exelu-</strong></span> 
     </span>
    </p>
   </div>
   <div class='ocr_carea' id='block_1_70' title="bbox 2021 2893 3611 2963">
    <p class='ocr_par' dir='ltr' id='par_1_70' title="bbox 2021 2893 3611 2963">
     <span class='ocr_line' id='line_1_70' title="bbox 2021 2893 3611 2963; baseline -0.001 -13"><span class='ocrx_word' id='word_1_588' title='bbox 2021 2911 2116 2950; x_wconf 90' lang='lat' dir='ltr'><strong>sus</strong></span> <span class='ocrx_word' id='word_1_589' title='bbox 2146 2895 2350 2954; x_wconf 76' lang='lat' dir='ltr'><strong>dixerit</strong></span> <span class='ocrx_word' id='word_1_590' title='bbox 2385 2913 2400 2946; x_wconf 88' lang='lat'><strong>:</strong></span> <span class='ocrx_word' id='word_1_591' title='bbox 2454 2913 2474 2946; x_wconf 79' lang='grc' dir='ltr'><strong>ι</strong></span> <span class='ocrx_word' id='word_1_592' title='bbox 2524 2893 2716 2949; x_wconf 90' lang='lat' dir='ltr'><strong>Omnis</strong></span> <span class='ocrx_word' id='word_1_593' title='bbox 2755 2893 2853 2963; x_wconf 88' lang='lat' dir='ltr'><strong>qui</strong></span> <span class='ocrx_word' id='word_1_594' title='bbox 2891 2910 2981 2949; x_wconf 91' lang='lat' dir='ltr'><strong>me</strong></span> <span class='ocrx_word' id='word_1_595' title='bbox 3025 2893 3336 2957; x_wconf 80' lang='lat' dir='ltr'><strong>invenerit,</strong></span> <span class='ocrx_word' id='word_1_596' title='bbox 3391 2894 3611 2949; x_wconf 85' lang='lat' dir='ltr'><strong>occidet</strong></span> 
     </span>
    </p>
   </div>
   <div class='ocr_carea' id='block_1_71' title="bbox 2019 2984 3603 3058">
    <p class='ocr_par' dir='ltr' id='par_1_71' title="bbox 2019 2984 3603 3058">
     <span class='ocr_line' id='line_1_71' title="bbox 2019 2984 3603 3058; baseline 0.001 -16"><span class='ocrx_word' id='word_1_597' title='bbox 2019 3002 2138 3053; x_wconf 89' lang='lat' dir='ltr'><strong>me;</strong></span> <span class='ocrx_word' id='word_1_598' title='bbox 2173 3005 2190 3038; x_wconf 72' lang='grc' dir='ltr'><strong>ι</strong></span> <span class='ocrx_word' id='word_1_599' title='bbox 2230 2985 2460 3058; x_wconf 82' lang='lat' dir='ltr'><strong>corrigit</strong></span> <span class='ocrx_word' id='word_1_600' title='bbox 2492 2986 2640 3041; x_wconf 89' lang='lat' dir='ltr'><strong>illius</strong></span> <span class='ocrx_word' id='word_1_601' title='bbox 2667 3001 2913 3041; x_wconf 91' lang='lat' dir='ltr'><strong>errorem</strong></span> <span class='ocrx_word' id='word_1_602' title='bbox 2951 2986 3190 3040; x_wconf 82' lang='lat' dir='ltr'><strong>Verbum</strong></span> <span class='ocrx_word' id='word_1_603' title='bbox 3210 3026 3225 3051; x_wconf 88' lang='lat'><strong>,</strong></span> <span class='ocrx_word' id='word_1_604' title='bbox 3253 3001 3378 3041; x_wconf 84' lang='lat' dir='ltr'><strong>cum</strong></span> <span class='ocrx_word' id='word_1_605' title='bbox 3411 2984 3547 3040; x_wconf 82' lang='lat' dir='ltr'><strong>dicit</strong></span> <span class='ocrx_word' id='word_1_606' title='bbox 3590 3002 3603 3043; x_wconf 84' lang='lat'><strong>:</strong></span> 
     </span>
    </p>
   </div>
   <div class='ocr_carea' id='block_1_72' title="bbox 2029 3075 3607 3148">
    <p class='ocr_par' dir='ltr' id='par_1_72' title="bbox 2029 3075 3607 3148">
     <span class='ocr_line' id='line_1_72' title="bbox 2029 3075 3607 3148; baseline 0.001 -19"><span class='ocrx_word' id='word_1_607' title='bbox 2029 3096 2048 3129; x_wconf 77' lang='grc' dir='ltr'><strong>ι</strong></span> <span class='ocrx_word' id='word_1_608' title='bbox 2082 3079 2437 3148; x_wconf 79' lang='lat' dir='ltr'><strong>Nequaquam</strong></span> <span class='ocrx_word' id='word_1_609' title='bbox 2461 3077 2536 3132; x_wconf 90' lang='lat' dir='ltr'><strong>ita</strong></span> <span class='ocrx_word' id='word_1_610' title='bbox 2562 3077 2688 3132; x_wconf 82' lang='lat' dir='ltr'><strong>lict:</strong></span> <span class='ocrx_word' id='word_1_611' title='bbox 2723 3095 2741 3128; x_wconf 76' lang='grc' dir='ltr'><strong>ι</strong></span> <span class='ocrx_word' id='word_1_612' title='bbox 2777 3077 2882 3131; x_wconf 89' lang='lat' dir='ltr'><strong>hoc</strong></span> <span class='ocrx_word' id='word_1_613' title='bbox 2908 3087 3015 3142; x_wconf 91' lang='lat' dir='ltr'><strong>est,</strong></span> <span class='ocrx_word' id='word_1_614' title='bbox 3048 3093 3159 3132; x_wconf 91' lang='lat' dir='ltr'><strong>non</strong></span> <span class='ocrx_word' id='word_1_615' title='bbox 3177 3076 3470 3134; x_wconf 87' lang='lat' dir='ltr'><strong>occideris.</strong></span> <span class='ocrx_word' id='word_1_616' title='bbox 3498 3075 3607 3132; x_wconf 86' lang='lat' dir='ltr'><strong>Sed</strong></span> 
     </span>
    </p>
   </div>
   <div class='ocr_carea' id='block_1_73' title="bbox 2021 3168 3606 3239">
    <p class='ocr_par' dir='ltr' id='par_1_73' title="bbox 2021 3168 3606 3239">
     <span class='ocr_line' id='line_1_73' title="bbox 2021 3168 3606 3239; baseline -0.001 -14"><span class='ocrx_word' id='word_1_617' title='bbox 2021 3170 2113 3225; x_wconf 90' lang='lat' dir='ltr'><strong>ille</strong></span> <span class='ocrx_word' id='word_1_618' title='bbox 2141 3185 2252 3225; x_wconf 92' lang='lat' dir='ltr'><strong>non</strong></span> <span class='ocrx_word' id='word_1_619' title='bbox 2279 3170 2461 3224; x_wconf 86' lang='lat' dir='ltr'><strong>solum</strong></span> <span class='ocrx_word' id='word_1_620' title='bbox 2491 3168 2648 3224; x_wconf 85' lang='lat' dir='ltr'><strong>ulcus</strong></span> <span class='ocrx_word' id='word_1_621' title='bbox 2681 3168 2849 3238; x_wconf 88' lang='lat' dir='ltr'><strong>tegit,</strong></span> <span class='ocrx_word' id='word_1_622' title='bbox 2887 3168 2984 3222; x_wconf 90' lang='lat' dir='ltr'><strong>sed</strong></span> <span class='ocrx_word' id='word_1_623' title='bbox 3013 3169 3248 3224; x_wconf 85' lang='lat' dir='ltr'><strong>alterum</strong></span> <span class='ocrx_word' id='word_1_624' title='bbox 3283 3185 3505 3239; x_wconf 88' lang='lat' dir='ltr'><strong>quoque</strong></span> <span class='ocrx_word' id='word_1_625' title='bbox 3537 3169 3606 3224; x_wconf 90' lang='lat' dir='ltr'><strong>ad</strong></span> 
     </span>
    </p>
   </div>
   <div class='ocr_carea' id='block_1_74' title="bbox 2019 3259 3602 3326">
    <p class='ocr_par' dir='ltr' id='par_1_74' title="bbox 2019 3259 3602 3326">
     <span class='ocr_line' id='line_1_74' title="bbox 2019 3259 3602 3326; baseline -0.003 -9"><span class='ocrx_word' id='word_1_626' title='bbox 2019 3261 2224 3317; x_wconf 72' lang='lat' dir='ltr'><strong>caedem</strong></span> <span class='ocrx_word' id='word_1_627' title='bbox 2256 3261 2430 3326; x_wconf 88' lang='lat' dir='ltr'><strong>addit,</strong></span> <span class='ocrx_word' id='word_1_628' title='bbox 2459 3261 2591 3315; x_wconf 90' lang='lat' dir='ltr'><strong>dum</strong></span> <span class='ocrx_word' id='word_1_629' title='bbox 2620 3259 2968 3315; x_wconf 82' lang='lat' dir='ltr'><strong>mendacium</strong></span> <span class='ocrx_word' id='word_1_630' title='bbox 2996 3261 3312 3326; x_wconf 85' lang='lat' dir='ltr'><strong>concinnat,</strong></span> <span class='ocrx_word' id='word_1_631' title='bbox 3347 3270 3405 3315; x_wconf 91' lang='lat' dir='ltr'><strong>et</strong></span> <span class='ocrx_word' id='word_1_632' title='bbox 3426 3260 3562 3314; x_wconf 89' lang='lat' dir='ltr'><strong>dicit</strong></span> <span class='ocrx_word' id='word_1_633' title='bbox 3589 3278 3602 3312; x_wconf 91' lang='lat'>:</span> 
     </span>
    </p>
   </div>
   <div class='ocr_carea' id='block_1_75' title="bbox 2026 3350 3597 3422">
    <p class='ocr_par' dir='ltr' id='par_1_75' title="bbox 2026 3350 3597 3422">
     <span class='ocr_line' id='line_1_75' title="bbox 2026 3350 3597 3422; baseline -0.002 -18"><span class='ocrx_word' id='word_1_634' title='bbox 2026 3372 2044 3404; x_wconf 85' lang='grc'><strong><em>‹</em></strong></span> <span class='ocrx_word' id='word_1_635' title='bbox 2085 3353 2316 3417; x_wconf 86' lang='lat' dir='ltr'><strong>Nescio;</strong></span> <span class='ocrx_word' id='word_1_636' title='bbox 2351 3352 2606 3422; x_wconf 86' lang='lat' dir='ltr'><strong>nunquid</strong></span> <span class='ocrx_word' id='word_1_637' title='bbox 2648 3359 2836 3406; x_wconf 90' lang='lat' dir='ltr'><strong>custos</strong></span> <span class='ocrx_word' id='word_1_638' title='bbox 2875 3350 3063 3406; x_wconf 87' lang='lat' dir='ltr'><strong>fratris</strong></span> <span class='ocrx_word' id='word_1_639' title='bbox 3088 3353 3194 3405; x_wconf 89' lang='lat' dir='ltr'><strong>mei</strong></span> <span class='ocrx_word' id='word_1_640' title='bbox 3225 3367 3347 3406; x_wconf 86' lang='lat' dir='ltr'><strong>sum</strong></span> <span class='ocrx_word' id='word_1_641' title='bbox 3391 3352 3538 3421; x_wconf 86' lang='lat' dir='ltr'><strong>ego?</strong></span> <span class='ocrx_word' id='word_1_642' title='bbox 3579 3369 3597 3401; x_wconf 74' lang='grc' dir='ltr'><strong>ι</strong></span> 
     </span>
    </p>
   </div>
   <div class='ocr_carea' id='block_1_76' title="bbox 2018 3440 3604 3515">
    <p class='ocr_par' dir='ltr' id='par_1_76' title="bbox 2018 3440 3604 3515">
     <span class='ocr_line' id='line_1_76' title="bbox 2018 3440 3604 3515; baseline -0.003 -16"><span class='ocrx_word' id='word_1_643' title='bbox 2018 3444 2159 3500; x_wconf 84' lang='lat' dir='ltr'><strong>Hinc</strong></span> <span class='ocrx_word' id='word_1_644' title='bbox 2185 3445 2296 3515; x_wconf 90' lang='lat' dir='ltr'><strong>jam</strong></span> <span class='ocrx_word' id='word_1_645' title='bbox 2326 3459 2520 3514; x_wconf 71' lang='lat' dir='ltr'><strong>pmnas</strong></span> <span class='ocrx_word' id='word_1_646' title='bbox 2537 3458 2829 3498; x_wconf 89' lang='lat' dir='ltr'><strong>numerare</strong></span> <span class='ocrx_word' id='word_1_647' title='bbox 2851 3443 2998 3497; x_wconf 87' lang='lat' dir='ltr'><strong>Deus</strong></span> <span class='ocrx_word' id='word_1_648' title='bbox 3019 3443 3232 3512; x_wconf 87' lang='lat' dir='ltr'><strong>incipit.</strong></span> <span class='ocrx_word' id='word_1_649' title='bbox 3263 3461 3282 3493; x_wconf 83' lang='grc' dir='ltr'><strong>ι</strong></span> <span class='ocrx_word' id='word_1_650' title='bbox 3316 3440 3604 3495; x_wconf 81' lang='lat' dir='ltr'><strong>Maledicta</strong></span> 
     </span>
    </p>
   </div>
   <div class='ocr_carea' id='block_1_77' title="bbox 2017 3533 3606 3602">
    <p class='ocr_par' dir='ltr' id='par_1_77' title="bbox 2017 3533 3606 3602">
     <span class='ocr_line' id='line_1_77' title="bbox 2017 3533 3606 3602; baseline -0.005 -8"><span class='ocrx_word' id='word_1_651' title='bbox 2017 3539 2126 3594; x_wconf 91' lang='lat' dir='ltr'><strong>erit</strong></span> <span class='ocrx_word' id='word_1_652' title='bbox 2157 3546 2301 3593; x_wconf 87' lang='lat' dir='ltr'><strong>terra</strong></span> <span class='ocrx_word' id='word_1_653' title='bbox 2338 3538 2438 3593; x_wconf 90' lang='lat' dir='ltr'><strong>abs</strong></span> <span class='ocrx_word' id='word_1_654' title='bbox 2460 3547 2530 3593; x_wconf 91' lang='lat' dir='ltr'><strong>te.</strong></span> <span class='ocrx_word' id='word_1_655' title='bbox 2570 3557 2588 3589; x_wconf 74' lang='grc' dir='ltr'><strong>ι</strong></span> <span class='ocrx_word' id='word_1_656' title='bbox 2617 3538 2800 3592; x_wconf 88' lang='lat' dir='ltr'><strong>Prima</strong></span> <span class='ocrx_word' id='word_1_657' title='bbox 2834 3534 3263 3592; x_wconf 80' lang='lat' dir='ltr'><strong>animadversio.</strong></span> <span class='ocrx_word' id='word_1_658' title='bbox 3307 3553 3325 3584; x_wconf 76' lang='grc' dir='ltr'><strong>ι</strong></span> <span class='ocrx_word' id='word_1_659' title='bbox 3365 3533 3606 3602; x_wconf 89' lang='lat' dir='ltr'><strong>Operare</strong></span> 
     </span>
    </p>
   </div>
   <div class='ocr_carea' id='block_1_78' title="bbox 2019 3625 3606 3700">
    <p class='ocr_par' dir='ltr' id='par_1_78' title="bbox 2019 3625 3606 3700">
     <span class='ocr_line' id='line_1_78' title="bbox 2019 3625 3606 3700; baseline -0.003 -15"><span class='ocrx_word' id='word_1_660' title='bbox 2019 3639 2243 3685; x_wconf 89' lang='lat' dir='ltr'><strong>terram.</strong></span> <span class='ocrx_word' id='word_1_661' title='bbox 2281 3647 2300 3679; x_wconf 73' lang='grc' dir='ltr'><strong>ι</strong></span> <span class='ocrx_word' id='word_1_662' title='bbox 2333 3629 2460 3684; x_wconf 74' lang='lat' dir='ltr'><strong>Haec</strong></span> <span class='ocrx_word' id='word_1_663' title='bbox 2486 3629 2656 3684; x_wconf 90' lang='lat' dir='ltr'><strong>altera</strong></span> <span class='ocrx_word' id='word_1_664' title='bbox 2684 3644 2844 3700; x_wconf 68' lang='lat' dir='ltr'><strong>paena</strong></span> <span class='ocrx_word' id='word_1_665' title='bbox 2869 3637 2955 3683; x_wconf 90' lang='lat' dir='ltr'><strong>est</strong></span> <span class='ocrx_word' id='word_1_666' title='bbox 2991 3646 3004 3682; x_wconf 89' lang='lat'><strong>:</strong></span> <span class='ocrx_word' id='word_1_667' title='bbox 3031 3626 3430 3697; x_wconf 74' lang='lat' dir='ltr'><strong>inexplicabilis</strong></span> <span class='ocrx_word' id='word_1_668' title='bbox 3456 3625 3606 3680; x_wconf 89' lang='lat' dir='ltr'><strong>enim</strong></span> 
     </span>
    </p>
   </div>
   <div class='ocr_carea' id='block_1_79' title="bbox 2018 3717 3606 3792">
    <p class='ocr_par' dir='ltr' id='par_1_79' title="bbox 2018 3717 3606 3792">
     <span class='ocr_line' id='line_1_79' title="bbox 2018 3717 3606 3792; baseline -0.003 -16"><span class='ocrx_word' id='word_1_669' title='bbox 2018 3722 2268 3792; x_wconf 64' lang='lat' dir='ltr'><strong>quaedam</strong></span> <span class='ocrx_word' id='word_1_670' title='bbox 2301 3722 2404 3792; x_wconf 89' lang='lat' dir='ltr'><strong>ipsi</strong></span> <span class='ocrx_word' id='word_1_671' title='bbox 2443 3722 2747 3778; x_wconf 82' lang='lat' dir='ltr'><strong>necessitas</strong></span> <span class='ocrx_word' id='word_1_672' title='bbox 2787 3720 2948 3776; x_wconf 76' lang='lat' dir='ltr'><strong>aliixa</strong></span> <span class='ocrx_word' id='word_1_673' title='bbox 2986 3727 3136 3785; x_wconf 85' lang='lat' dir='ltr'><strong>erat,</strong></span> <span class='ocrx_word' id='word_1_674' title='bbox 3187 3734 3310 3790; x_wconf 66' lang='lat' dir='ltr'><strong>qua:</strong></span> <span class='ocrx_word' id='word_1_675' title='bbox 3342 3719 3498 3775; x_wconf 92' lang='lat' dir='ltr'><strong>illum</strong></span> <span class='ocrx_word' id='word_1_676' title='bbox 3537 3717 3606 3773; x_wconf 89' lang='lat' dir='ltr'><strong>ad</strong></span> 
     </span>
    </p>
   </div>
   <div class='ocr_carea' id='block_1_80' title="bbox 2019 3811 3608 3885">
    <p class='ocr_par' dir='ltr' id='par_1_80' title="bbox 2019 3811 3608 3885">
     <span class='ocr_line' id='line_1_80' title="bbox 2019 3811 3608 3885; baseline -0.004 -15"><span class='ocrx_word' id='word_1_677' title='bbox 2019 3829 2159 3884; x_wconf 88' lang='lat' dir='ltr'><strong>opus</strong></span> <span class='ocrx_word' id='word_1_678' title='bbox 2188 3815 2264 3869; x_wconf 85' lang='lat' dir='ltr'><strong>ita</strong></span> <span class='ocrx_word' id='word_1_679' title='bbox 2302 3815 2570 3885; x_wconf 90' lang='lat' dir='ltr'><strong>urgebat,</strong></span> <span class='ocrx_word' id='word_1_680' title='bbox 2606 3814 2689 3868; x_wconf 91' lang='lat' dir='ltr'><strong>uti</strong></span> <span class='ocrx_word' id='word_1_681' title='bbox 2719 3829 2899 3885; x_wconf 90' lang='lat' dir='ltr'><strong>neque</strong></span> <span class='ocrx_word' id='word_1_682' title='bbox 2927 3813 3132 3870; x_wconf 89' lang='lat' dir='ltr'><strong>volenti</strong></span> <span class='ocrx_word' id='word_1_683' title='bbox 3163 3812 3390 3882; x_wconf 90' lang='lat' dir='ltr'><strong>quidem</strong></span> <span class='ocrx_word' id='word_1_684' title='bbox 3415 3811 3608 3865; x_wconf 86' lang='lat' dir='ltr'><strong>liceret</strong></span> 
     </span>
    </p>
   </div>
   <div class='ocr_carea' id='block_1_81' title="bbox 2021 3903 3606 3977">
    <p class='ocr_par' dir='ltr' id='par_1_81' title="bbox 2021 3903 3606 3977">
     <span class='ocr_line' id='line_1_81' title="bbox 2021 3903 3606 3977; baseline -0.004 -17"><span class='ocrx_word' id='word_1_685' title='bbox 2021 3907 2188 3961; x_wconf 89' lang='lat' dir='ltr'><strong>ullam</strong></span> <span class='ocrx_word' id='word_1_686' title='bbox 2209 3906 2414 3977; x_wconf 88' lang='lat' dir='ltr'><strong>quietis</strong></span> <span class='ocrx_word' id='word_1_687' title='bbox 2438 3915 2650 3976; x_wconf 87' lang='lat' dir='ltr'><strong>partem</strong></span> <span class='ocrx_word' id='word_1_688' title='bbox 2679 3921 2899 3976; x_wconf 88' lang='lat' dir='ltr'><strong>capere,</strong></span> <span class='ocrx_word' id='word_1_689' title='bbox 2937 3905 3034 3961; x_wconf 93' lang='lat' dir='ltr'><strong>scd</strong></span> <span class='ocrx_word' id='word_1_690' title='bbox 3056 3903 3433 3959; x_wconf 89' lang='lat' dir='ltr'><strong>assiduissime</strong></span> <span class='ocrx_word' id='word_1_691' title='bbox 3473 3915 3606 3970; x_wconf 81' lang='lat' dir='ltr'><strong>pre-</strong></span> 
     </span>
    </p>
   </div>
   <div class='ocr_carea' id='block_1_82' title="bbox 2019 3989 3609 4062">
    <p class='ocr_par' dir='ltr' id='par_1_82' title="bbox 2019 3989 3609 4062">
     <span class='ocr_line' id='line_1_82' title="bbox 2019 3989 3609 4062; baseline -0.005 -12"><span class='ocrx_word' id='word_1_692' title='bbox 2019 3997 2224 4061; x_wconf 90' lang='lat' dir='ltr'><strong>mebat,</strong></span> <span class='ocrx_word' id='word_1_693' title='bbox 2255 4008 2404 4052; x_wconf 84' lang='lat' dir='ltr'><strong>terra</strong></span> <span class='ocrx_word' id='word_1_694' title='bbox 2443 3995 2524 4050; x_wconf 91' lang='lat' dir='ltr'><strong>illi</strong></span> <span class='ocrx_word' id='word_1_695' title='bbox 2555 3994 2754 4050; x_wconf 89' lang='lat' dir='ltr'><strong>infesta</strong></span> <span class='ocrx_word' id='word_1_696' title='bbox 2775 4003 2832 4050; x_wconf 92' lang='lat' dir='ltr'><strong>et</strong></span> <span class='ocrx_word' id='word_1_697' title='bbox 2859 3994 3106 4058; x_wconf 91' lang='lat' dir='ltr'><strong>inimica,</strong></span> <span class='ocrx_word' id='word_1_698' title='bbox 3131 4006 3295 4062; x_wconf 90' lang='lat' dir='ltr'><strong>quam</strong></span> <span class='ocrx_word' id='word_1_699' title='bbox 3325 3989 3430 4045; x_wconf 87' lang='lat' dir='ltr'><strong>sibi</strong></span> <span class='ocrx_word' id='word_1_700' title='bbox 3452 4003 3609 4044; x_wconf 76' lang='lat' dir='ltr'><strong>exse-</strong></span> 
     </span>
    </p>
   </div>
   <div class='ocr_carea' id='block_1_83' title="bbox 2020 4079 3606 4152">
    <p class='ocr_par' dir='ltr' id='par_1_83' title="bbox 2020 4079 3606 4152">
     <span class='ocr_line' id='line_1_83' title="bbox 2020 4079 3606 4152; baseline -0.005 -11"><span class='ocrx_word' id='word_1_701' title='bbox 2020 4086 2284 4141; x_wconf 87' lang='lat' dir='ltr'><strong>crabilem</strong></span> <span class='ocrx_word' id='word_1_702' title='bbox 2319 4086 2528 4142; x_wconf 84' lang='lat' dir='ltr'><strong>fecerat</strong></span> <span class='ocrx_word' id='word_1_703' title='bbox 2554 4125 2570 4151; x_wconf 92' lang='lat'><strong>,</strong></span> <span class='ocrx_word' id='word_1_704' title='bbox 2597 4101 2725 4140; x_wconf 90' lang='lat' dir='ltr'><strong>cum</strong></span> <span class='ocrx_word' id='word_1_705' title='bbox 2752 4099 2876 4141; x_wconf 91' lang='lat' dir='ltr'><strong>eam</strong></span> <span class='ocrx_word' id='word_1_706' title='bbox 2906 4083 3152 4140; x_wconf 89' lang='lat' dir='ltr'><strong>fraterno</strong></span> <span class='ocrx_word' id='word_1_707' title='bbox 3186 4081 3452 4152; x_wconf 86' lang='lat' dir='ltr'><strong>sanguine</strong></span> <span class='ocrx_word' id='word_1_708' title='bbox 3481 4079 3606 4150; x_wconf 84' lang='lat' dir='ltr'><strong>pol-</strong></span> 
     </span>
    </p>
   </div>
   <div class='ocr_carea' id='block_1_84' title="bbox 2019 4173 3606 4247">
    <p class='ocr_par' dir='ltr' id='par_1_84' title="bbox 2019 4173 3606 4247">
     <span class='ocr_line' id='line_1_84' title="bbox 2019 4173 3606 4247; baseline -0.006 -13"><span class='ocrx_word' id='word_1_709' title='bbox 2019 4179 2232 4235; x_wconf 91' lang='lat' dir='ltr'><strong>luisset.</strong></span> <span class='ocrx_word' id='word_1_710' title='bbox 2279 4178 2556 4234; x_wconf 81' lang='lat' dir='ltr'><strong>Acerbum</strong></span> <span class='ocrx_word' id='word_1_711' title='bbox 2603 4177 2752 4232; x_wconf 90' lang='lat' dir='ltr'><strong>enim</strong></span> <span class='ocrx_word' id='word_1_712' title='bbox 2789 4191 2963 4247; x_wconf 89' lang='lat' dir='ltr'><strong>genus</strong></span> <span class='ocrx_word' id='word_1_713' title='bbox 2994 4174 3251 4246; x_wconf 91' lang='lat' dir='ltr'><strong>supplicii</strong></span> <span class='ocrx_word' id='word_1_714' title='bbox 3289 4182 3374 4228; x_wconf 92' lang='lat' dir='ltr'><strong>est</strong></span> <span class='ocrx_word' id='word_1_715' title='bbox 3419 4173 3606 4226; x_wconf 79' lang='lat' dir='ltr'><strong>vivere</strong></span> 
     </span>
    </p>
   </div>
   <div class='ocr_carea' id='block_1_85' title="bbox 2020 4262 3605 4341">
    <p class='ocr_par' dir='ltr' id='par_1_85' title="bbox 2020 4262 3605 4341">
     <span class='ocr_line' id='line_1_85' title="bbox 2020 4262 3605 4341; baseline -0.009 -13"><span class='ocrx_word' id='word_1_716' title='bbox 2020 4289 2147 4328; x_wconf 90' lang='lat' dir='ltr'><strong>cum</strong></span> <span class='ocrx_word' id='word_1_717' title='bbox 2179 4273 2247 4327; x_wconf 91' lang='lat' dir='ltr'><strong>iis</strong></span> <span class='ocrx_word' id='word_1_718' title='bbox 2273 4273 2368 4341; x_wconf 88' lang='lat' dir='ltr'><strong>qui</strong></span> <span class='ocrx_word' id='word_1_719' title='bbox 2401 4279 2454 4326; x_wconf 89' lang='lat' dir='ltr'><strong>te</strong></span> <span class='ocrx_word' id='word_1_720' title='bbox 2485 4269 2726 4336; x_wconf 89' lang='lat' dir='ltr'><strong>oderint,</strong></span> <span class='ocrx_word' id='word_1_721' title='bbox 2752 4277 2809 4324; x_wconf 91' lang='lat' dir='ltr'><strong>et</strong></span> <span class='ocrx_word' id='word_1_722' title='bbox 2829 4269 3045 4323; x_wconf 77' lang='lat' dir='ltr'><strong>hostem</strong></span> <span class='ocrx_word' id='word_1_723' title='bbox 3073 4265 3436 4322; x_wconf 88' lang='lat' dir='ltr'><strong>domesticum</strong></span> <span class='ocrx_word' id='word_1_724' title='bbox 3468 4262 3605 4316; x_wconf 91' lang='lat' dir='ltr'><strong>reti-</strong></span> 
     </span>
    </p>
   </div>
   <div class='ocr_carea' id='block_1_86' title="bbox 2019 4356 3597 4429">
    <p class='ocr_par' dir='ltr' id='par_1_86' title="bbox 2019 4356 3597 4429">
     <span class='ocr_line' id='line_1_86' title="bbox 2019 4356 3597 4429; baseline -0.011 -9"><span class='ocrx_word' id='word_1_725' title='bbox 2019 4380 2174 4429; x_wconf 86' lang='lat' dir='ltr'><strong>nere,</strong></span> <span class='ocrx_word' id='word_1_726' title='bbox 2210 4371 2267 4419; x_wconf 86' lang='lat' dir='ltr'><strong>et</strong></span> <span class='ocrx_word' id='word_1_727' title='bbox 2285 4363 2474 4418; x_wconf 89' lang='lat' dir='ltr'><strong>odium</strong></span> <span class='ocrx_word' id='word_1_728' title='bbox 2491 4371 2762 4416; x_wconf 63' lang='lat' dir='ltr'><strong>aeternum</strong></span> <span class='ocrx_word' id='word_1_729' title='bbox 2792 4359 2959 4414; x_wconf 89' lang='lat' dir='ltr'><strong>alere.</strong></span> <span class='ocrx_word' id='word_1_730' title='bbox 3001 4377 3019 4410; x_wconf 80' lang='grc' dir='ltr'><strong>ι</strong></span> <span class='ocrx_word' id='word_1_731' title='bbox 3052 4356 3293 4427; x_wconf 89' lang='lat' dir='ltr'><strong>Operare</strong></span> <span class='ocrx_word' id='word_1_732' title='bbox 3323 4365 3548 4417; x_wconf 86' lang='lat' dir='ltr'><strong>terram,</strong></span> <span class='ocrx_word' id='word_1_733' title='bbox 3579 4371 3597 4402; x_wconf 75' lang='grc' dir='ltr'><strong>ι</strong></span> 
     </span>
    </p>
   </div>
   <div class='ocr_carea' id='block_1_87' title="bbox 2022 4445 3605 4522">
    <p class='ocr_par' dir='ltr' id='par_1_87' title="bbox 2022 4445 3605 4522">
     <span class='ocr_line' id='line_1_87' title="bbox 2022 4445 3605 4522; baseline -0.008 -12"><span class='ocrx_word' id='word_1_734' title='bbox 2022 4457 2129 4510; x_wconf 90' lang='lat' dir='ltr'><strong>hoc</strong></span> <span class='ocrx_word' id='word_1_735' title='bbox 2151 4466 2253 4519; x_wconf 86' lang='lat' dir='ltr'><strong>est,</strong></span> <span class='ocrx_word' id='word_1_736' title='bbox 2307 4454 2462 4508; x_wconf 92' lang='lat' dir='ltr'><strong>nullo</strong></span> <span class='ocrx_word' id='word_1_737' title='bbox 2496 4466 2744 4522; x_wconf 88' lang='lat' dir='ltr'><strong>unquam</strong></span> <span class='ocrx_word' id='word_1_738' title='bbox 2785 4459 3034 4520; x_wconf 89' lang='lat' dir='ltr'><strong>tempore</strong></span> <span class='ocrx_word' id='word_1_739' title='bbox 3084 4464 3115 4502; x_wconf 90' lang='lat' dir='ltr'><strong>a</strong></span> <span class='ocrx_word' id='word_1_740' title='bbox 3155 4456 3316 4502; x_wconf 63' lang='lat' dir='ltr'><strong>terra:</strong></span> <span class='ocrx_word' id='word_1_741' title='bbox 3357 4445 3605 4500; x_wconf 65' lang='lat' dir='ltr'><strong>colenda:</strong></span> 
     </span>
    </p>
   </div>
   <div class='ocr_carea' id='block_1_88' title="bbox 313 4537 1916 4618">
    <p class='ocr_par' dir='ltr' id='par_1_88' title="bbox 313 4539 1914 4618">
     <span class='ocr_line' id='line_1_88' title="bbox 313 4539 1914 4618; baseline 0.007 -26"><span class='ocrx_word' id='word_1_742' title='bbox 313 4541 549 4610; x_wconf 80' lang='grc' dir='ltr'>ἀνήσεις</span> <span class='ocrx_word' id='word_1_743' title='bbox 572 4579 589 4604; x_wconf 95' lang='grc'><strong>,</strong></span> <span class='ocrx_word' id='word_1_744' title='bbox 619 4539 745 4594; x_wconf 78' lang='grc' dir='ltr'>οὔτε</span> <span class='ocrx_word' id='word_1_745' title='bbox 784 4540 980 4605; x_wconf 76' lang='grc' dir='ltr'>νυκτὸς</span> <span class='ocrx_word' id='word_1_746' title='bbox 1003 4582 1020 4608; x_wconf 89' lang='grc'><strong>,</strong></span> <span class='ocrx_word' id='word_1_747' title='bbox 1053 4542 1179 4596; x_wconf 76' lang='grc' dir='ltr'>οὔτε</span> <span class='ocrx_word' id='word_1_748' title='bbox 1215 4544 1432 4615; x_wconf 81' lang='grc' dir='ltr'>ἡμέρας</span> <span class='ocrx_word' id='word_1_749' title='bbox 1471 4545 1802 4618; x_wconf 84' lang='grc' dir='ltr'>ἐκλυόμενος</span> <span class='ocrx_word' id='word_1_750' title='bbox 1848 4551 1914 4604; x_wconf 84' lang='grc' dir='ltr'><strong>ἐκ</strong></span> 
     </span>
    </p>
   </div>
   <div class='ocr_carea' id='block_1_89' title="bbox 2019 4537 3604 4618">
    <p class='ocr_par' dir='ltr' id='par_1_89' title="bbox 2019 4537 3604 4608">
     <span class='ocr_line' id='line_1_89' title="bbox 2019 4537 3604 4608; baseline -0.008 -4"><span class='ocrx_word' id='word_1_751' title='bbox 2019 4557 2078 4604; x_wconf 89' lang='lat' dir='ltr'><strong>et</strong></span> <span class='ocrx_word' id='word_1_752' title='bbox 2123 4547 2397 4603; x_wconf 72' lang='lat' dir='ltr'><strong>fodienda:</strong></span> <span class='ocrx_word' id='word_1_753' title='bbox 2439 4545 2641 4601; x_wconf 90' lang='lat' dir='ltr'><strong>sudore</strong></span> <span class='ocrx_word' id='word_1_754' title='bbox 2688 4542 2906 4598; x_wconf 89' lang='lat' dir='ltr'><strong>remitte</strong></span> <span class='ocrx_word' id='word_1_755' title='bbox 2931 4582 2945 4606; x_wconf 88' lang='lat'><strong>,</strong></span> <span class='ocrx_word' id='word_1_756' title='bbox 2979 4540 3058 4595; x_wconf 90' lang='lat' dir='ltr'><strong>uti</strong></span> <span class='ocrx_word' id='word_1_757' title='bbox 3093 4555 3272 4608; x_wconf 78' lang='lat' dir='ltr'><strong>neque</strong></span> <span class='ocrx_word' id='word_1_758' title='bbox 3311 4537 3378 4594; x_wconf 83' lang='lat' dir='ltr'><strong>de</strong></span> <span class='ocrx_word' id='word_1_759' title='bbox 3423 4548 3604 4592; x_wconf 80' lang='lat' dir='ltr'><strong>nocte.</strong></span> 
     </span>
    </p>
   </div>
   <div class='ocr_carea' id='block_1_90' title="bbox 313 4631 1916 4716">
    <p class='ocr_par' dir='ltr' id='par_1_90' title="bbox 313 4631 1914 4716">
     <span class='ocr_line' id='line_1_90' title="bbox 313 4631 1914 4716; baseline 0.009 -32"><span class='ocrx_word' id='word_1_760' title='bbox 313 4631 426 4684; x_wconf 83' lang='grc' dir='ltr'>τῶν</span> <span class='ocrx_word' id='word_1_761' title='bbox 453 4632 663 4698; x_wconf 72' lang='grc' dir='ltr'>πόνων,</span> <span class='ocrx_word' id='word_1_762' title='bbox 701 4632 977 4686; x_wconf 86' lang='grc' dir='ltr'>Δεσπότου</span> <span class='ocrx_word' id='word_1_763' title='bbox 1023 4635 1170 4698; x_wconf 82' lang='grc' dir='ltr'>τινὸς</span> <span class='ocrx_word' id='word_1_764' title='bbox 1198 4637 1592 4710; x_wconf 80' lang='grc' dir='ltr'>χαλεπωτέραν</span> <span class='ocrx_word' id='word_1_765' title='bbox 1639 4640 1792 4712; x_wconf 74' lang='grc' dir='ltr'>ἔχων</span> <span class='ocrx_word' id='word_1_766' title='bbox 1812 4643 1914 4716; x_wconf 83' lang='grc' dir='ltr'>τὴν</span> 
     </span>
    </p>
   </div>
   <div class='ocr_carea' id='block_1_91' title="bbox 2019 4631 3606 4716">
    <p class='ocr_par' dir='ltr' id='par_1_91' title="bbox 2019 4633 3606 4713">
     <span class='ocr_line' id='line_1_91' title="bbox 2019 4633 3606 4713; baseline -0.008 -16"><span class='ocrx_word' id='word_1_767' title='bbox 2019 4657 2191 4713; x_wconf 87' lang='lat' dir='ltr'><strong>neque</strong></span> <span class='ocrx_word' id='word_1_768' title='bbox 2218 4641 2287 4696; x_wconf 90' lang='lat' dir='ltr'><strong>de</strong></span> <span class='ocrx_word' id='word_1_769' title='bbox 2309 4640 2399 4695; x_wconf 89' lang='lat' dir='ltr'><strong>die</strong></span> <span class='ocrx_word' id='word_1_770' title='bbox 2421 4639 2663 4709; x_wconf 89' lang='lat' dir='ltr'><strong>respires</strong></span> <span class='ocrx_word' id='word_1_771' title='bbox 2691 4654 2721 4693; x_wconf 90' lang='lat' dir='ltr'><strong>a</strong></span> <span class='ocrx_word' id='word_1_772' title='bbox 2747 4637 2954 4701; x_wconf 90' lang='lat' dir='ltr'><strong>labore,</strong></span> <span class='ocrx_word' id='word_1_773' title='bbox 2983 4636 3080 4691; x_wconf 87' lang='lat' dir='ltr'><strong>sed</strong></span> <span class='ocrx_word' id='word_1_774' title='bbox 3109 4643 3168 4688; x_wconf 92' lang='lat' dir='ltr'><strong>ut</strong></span> <span class='ocrx_word' id='word_1_775' title='bbox 3195 4633 3385 4688; x_wconf 85' lang='lat' dir='ltr'><strong>ultima</strong></span> <span class='ocrx_word' id='word_1_776' title='bbox 3412 4646 3606 4687; x_wconf 88' lang='lat' dir='ltr'><strong>ncces-</strong></span> 
     </span>
    </p>
   </div>
   <div class='ocr_carea' id='block_1_92' title="bbox 310 4723 1915 4806">
    <p class='ocr_par' dir='ltr' id='par_1_92' title="bbox 310 4723 1915 4806">
     <span class='ocr_line' id='line_1_92' title="bbox 310 4723 1915 4806; baseline 0.01 -32"><span class='ocrx_word' id='word_1_777' title='bbox 310 4723 574 4793; x_wconf 75' lang='grc' dir='ltr'>ἀνάγκην</span> <span class='ocrx_word' id='word_1_778' title='bbox 593 4723 690 4776; x_wconf 78' lang='grc' dir='ltr'>ἐπὶ</span> <span class='ocrx_word' id='word_1_779' title='bbox 722 4725 789 4778; x_wconf 83' lang='grc' dir='ltr'>τὰ</span> <span class='ocrx_word' id='word_1_780' title='bbox 818 4724 956 4796; x_wconf 79' lang='grc' dir='ltr'>ἔργα</span> <span class='ocrx_word' id='word_1_781' title='bbox 989 4742 1050 4779; x_wconf 93' lang='grc' dir='ltr'><strong>σε</strong></span> <span class='ocrx_word' id='word_1_782' title='bbox 1082 4726 1490 4799; x_wconf 89' lang='grc' dir='ltr'>διεγείρουσαν,</span> <span class='ocrx_word' id='word_1_783' title='bbox 1527 4732 1624 4786; x_wconf 67' lang='grc' dir='ltr'><strong>καὶ⁷</strong></span> <span class='ocrx_word' id='word_1_784' title='bbox 1646 4735 1708 4787; x_wconf 82' lang='grc' dir='ltr'>οὐ</span> <span class='ocrx_word' id='word_1_785' title='bbox 1741 4753 1915 4806; x_wconf 86' lang='grc' dir='ltr'>προσ-</span> 
     </span>
    </p>
   </div>
   <div class='ocr_carea' id='block_1_93' title="bbox 314 4814 1914 4898">
    <p class='ocr_par' dir='ltr' id='par_1_93' title="bbox 314 4814 1914 4898">
     <span class='ocr_line' id='line_1_93' title="bbox 314 4814 1914 4898; baseline 0.008 -31"><span class='ocrx_word' id='word_1_786' title='bbox 314 4815 475 4884; x_wconf 80' lang='grc' dir='ltr'>θήσει</span> <span class='ocrx_word' id='word_1_787' title='bbox 501 4814 691 4868; x_wconf 75' lang='grc' dir='ltr'>δοῦναι</span> <span class='ocrx_word' id='word_1_788' title='bbox 739 4815 892 4887; x_wconf 77' lang='grc' dir='ltr'>ἰσχὺν</span> <span class='ocrx_word' id='word_1_789' title='bbox 924 4819 1118 4884; x_wconf 85' lang='grc' dir='ltr'>αὐτῆς.</span> <span class='ocrx_word' id='word_1_790' title='bbox 1171 4821 1366 4874; x_wconf 83' lang='grc' dir='ltr'>Καίτοι</span> <span class='ocrx_word' id='word_1_791' title='bbox 1389 4823 1438 4874; x_wconf 84' lang='grc' dir='ltr'><strong>εί</strong></span> <span class='ocrx_word' id='word_1_792' title='bbox 1469 4824 1566 4877; x_wconf 78' lang='grc' dir='ltr'>καὶ</span> <span class='ocrx_word' id='word_1_793' title='bbox 1597 4825 1659 4878; x_wconf 78' lang='grc' dir='ltr'>τὸ</span> <span class='ocrx_word' id='word_1_794' title='bbox 1684 4829 1784 4898; x_wconf 77' lang='grc' dir='ltr'>τῆς</span> <span class='ocrx_word' id='word_1_795' title='bbox 1822 4829 1914 4898; x_wconf 87' lang='grc' dir='ltr'>ἐρ-</span> 
     </span>
    </p>
   </div>
   <div class='ocr_carea' id='block_1_94' title="bbox 313 4901 1912 4981">
    <p class='ocr_par' dir='ltr' id='par_1_94' title="bbox 313 4901 1912 4981">
     <span class='ocr_line' id='line_1_94' title="bbox 313 4901 1912 4981; baseline 0.009 -25"><span class='ocrx_word' id='word_1_796' title='bbox 313 4907 522 4974; x_wconf 80' lang='grc' dir='ltr'>γασίας</span> <span class='ocrx_word' id='word_1_797' title='bbox 553 4905 838 4960; x_wconf 85' lang='grc' dir='ltr'>ἄπαυστον</span> <span class='ocrx_word' id='word_1_798' title='bbox 863 4901 978 4976; x_wconf 76' lang='grc' dir='ltr'>εἶχέ</span> <span class='ocrx_word' id='word_1_799' title='bbox 1000 4926 1120 4962; x_wconf 87' lang='grc' dir='ltr'>τινα</span> <span class='ocrx_word' id='word_1_800' title='bbox 1145 4911 1378 4981; x_wconf 83' lang='grc' dir='ltr'>καρπὸν,</span> <span class='ocrx_word' id='word_1_801' title='bbox 1412 4913 1576 4976; x_wconf 83' lang='grc' dir='ltr'>αὐτὸς</span> <span class='ocrx_word' id='word_1_802' title='bbox 1607 4917 1636 4969; x_wconf 85' lang='grc' dir='ltr'><strong>ό</strong></span> <span class='ocrx_word' id='word_1_803' title='bbox 1667 4916 1825 4980; x_wconf 81' lang='grc' dir='ltr'>πόνος</span> <span class='ocrx_word' id='word_1_804' title='bbox 1852 4919 1912 4970; x_wconf 83' lang='grc' dir='ltr'>οὐ</span> 
     </span>
    </p>
   </div>
   <div class='ocr_carea' id='block_1_95' title="bbox 319 4997 1912 5077">
    <p class='ocr_par' dir='ltr' id='par_1_95' title="bbox 319 4997 1912 5077">
     <span class='ocr_line' id='line_1_95' title="bbox 319 4997 1912 5077; baseline 0.009 -28"><span class='ocrx_word' id='word_1_805' title='bbox 319 4998 522 5070; x_wconf 84' lang='grc' dir='ltr'>μετρία</span> <span class='ocrx_word' id='word_1_806' title='bbox 559 4997 798 5067; x_wconf 83' lang='grc' dir='ltr'>βάσανος</span> <span class='ocrx_word' id='word_1_807' title='bbox 825 4999 904 5070; x_wconf 82' lang='grc' dir='ltr'>τῷ</span> <span class='ocrx_word' id='word_1_808' title='bbox 934 5001 1023 5053; x_wconf 77' lang='grc' dir='ltr'><strong>ἀεὶ</strong></span> <span class='ocrx_word' id='word_1_809' title='bbox 1049 5005 1488 5077; x_wconf 86' lang='grc' dir='ltr'>κατατεινομένῳ</span> <span class='ocrx_word' id='word_1_810' title='bbox 1511 5007 1607 5062; x_wconf 72' lang='grc' dir='ltr'>καὶ</span> <span class='ocrx_word' id='word_1_811' title='bbox 1631 5009 1912 5063; x_wconf 83' lang='grc' dir='ltr'>κοπιῶντι·</span> 
     </span>
    </p>
   </div>
   <div class='ocr_carea' id='block_1_96' title="bbox 308 5090 1916 5174">
    <p class='ocr_par' dir='ltr' id='par_1_96' title="bbox 308 5090 1916 5174">
     <span class='ocr_line' id='line_1_96' title="bbox 308 5090 1916 5174; baseline 0.015 -40"><span class='ocrx_word' id='word_1_812' title='bbox 308 5092 507 5161; x_wconf 69' lang='grc' dir='ltr'>ἐπειδὴ</span> <span class='ocrx_word' id='word_1_813' title='bbox 534 5090 730 5144; x_wconf 58' lang='lat' dir='ltr'><strong>(ie-mi</strong></span> <span class='ocrx_word' id='word_1_814' title='bbox 769 5094 803 5161; x_wconf 79' lang='grc' dir='ltr'>ἡ</span> <span class='ocrx_word' id='word_1_815' title='bbox 833 5093 1068 5164; x_wconf 81' lang='grc' dir='ltr'>ἐργασία</span> <span class='ocrx_word' id='word_1_816' title='bbox 1111 5097 1413 5162; x_wconf 85' lang='grc' dir='ltr'>ἄπαυστος,</span> <span class='ocrx_word' id='word_1_817' title='bbox 1461 5099 1556 5152; x_wconf 80' lang='grc' dir='ltr'>καὶ</span> <span class='ocrx_word' id='word_1_818' title='bbox 1595 5100 1843 5173; x_wconf 82' lang='grc' dir='ltr'>ἄκαρπος</span> <span class='ocrx_word' id='word_1_819' title='bbox 1883 5105 1916 5174; x_wconf 80' lang='grc' dir='ltr'>ἡ</span> 
     </span>
    </p>
   </div>
   <div class='ocr_carea' id='block_1_97' title="bbox 304 5183 1916 5258">
    <p class='ocr_par' dir='ltr' id='par_1_97' title="bbox 304 5183 1916 5258">
     <span class='ocr_line' id='line_1_97' title="bbox 304 5183 1916 5258; baseline 0.008 -25"><span class='ocrx_word' id='word_1_820' title='bbox 304 5199 379 5234; x_wconf 79' lang='grc' dir='ltr'><strong>πε</strong></span> <span class='ocrx_word' id='word_1_821' title='bbox 390 5186 444 5250; x_wconf 77' lang='grc' dir='ltr'><strong>ρί</strong></span> <span class='ocrx_word' id='word_1_822' title='bbox 467 5183 578 5252; x_wconf 83' lang='grc' dir='ltr'>γῆν</span> <span class='ocrx_word' id='word_1_823' title='bbox 600 5183 971 5254; x_wconf 86' lang='grc' dir='ltr'>ταλαιπωρία,</span> <span class='ocrx_word' id='word_1_824' title='bbox 995 5187 1028 5256; x_wconf 81' lang='grc' dir='ltr'>ὴ</span> <span class='ocrx_word' id='word_1_825' title='bbox 1059 5186 1309 5258; x_wconf 83' lang='grc' dir='ltr'>ἀκαρπία</span> <span class='ocrx_word' id='word_1_826' title='bbox 1328 5189 1436 5244; x_wconf 87' lang='grc' dir='ltr'><strong>τῶν</strong></span> <span class='ocrx_word' id='word_1_827' title='bbox 1462 5190 1660 5246; x_wconf 85' lang='grc' dir='ltr'>πόνων.</span> <span class='ocrx_word' id='word_1_828' title='bbox 1675 5194 1916 5248; x_wconf 78' lang='grc' dir='ltr'>«Στένων</span> 
     </span>
    </p>
   </div>
   <div class='ocr_carea' id='block_1_98' title="bbox 301 5272 1917 5353">
    <p class='ocr_par' dir='ltr' id='par_1_98' title="bbox 301 5272 1917 5353">
     <span class='ocr_line' id='line_1_98' title="bbox 301 5272 1917 5353; baseline 0.01 -31"><span class='ocrx_word' id='word_1_829' title='bbox 301 5275 408 5323; x_wconf 67' lang='lat' dir='ltr'><strong>xi:</strong></span> <span class='ocrx_word' id='word_1_830' title='bbox 439 5272 676 5344; x_wconf 83' lang='grc' dir='ltr'>τρέμων</span> <span class='ocrx_word' id='word_1_831' title='bbox 709 5272 810 5346; x_wconf 75' lang='grc' dir='ltr'><strong>ἔσῃ</strong></span> <span class='ocrx_word' id='word_1_832' title='bbox 830 5276 924 5327; x_wconf 79' lang='grc' dir='ltr'>ἐπὶ</span> <span class='ocrx_word' id='word_1_833' title='bbox 955 5279 1056 5346; x_wconf 83' lang='grc' dir='ltr'>τῆς</span> <span class='ocrx_word' id='word_1_834' title='bbox 1076 5277 1348 5348; x_wconf 79' lang='grc' dir='ltr'>γῆς.»Δύο</span> <span class='ocrx_word' id='word_1_835' title='bbox 1377 5281 1722 5353; x_wconf 84' lang='grc' dir='ltr'>προσέθηκεν</span> <span class='ocrx_word' id='word_1_836' title='bbox 1749 5283 1917 5348; x_wconf 81' lang='grc' dir='ltr'>ἄλλας</span> 
     </span>
    </p>
   </div>
   <div class='ocr_carea' id='block_1_99' title="bbox 297 5364 1918 5443">
    <p class='ocr_par' dir='ltr' id='par_1_99' title="bbox 297 5364 1918 5443">
     <span class='ocr_line' id='line_1_99' title="bbox 297 5364 1918 5443; baseline 0.009 -30"><span class='ocrx_word' id='word_1_837' title='bbox 297 5366 428 5426; x_wconf 70' lang='grc' dir='ltr'>ταῖς</span> <span class='ocrx_word' id='word_1_838' title='bbox 461 5364 654 5433; x_wconf 76' lang='grc' dir='ltr'>τρισὶ,</span> <span class='ocrx_word' id='word_1_839' title='bbox 696 5365 1004 5436; x_wconf 77' lang='grc' dir='ltr'>στεναγμὸν</span> <span class='ocrx_word' id='word_1_840' title='bbox 1033 5367 1280 5439; x_wconf 84' lang='grc' dir='ltr'>διηνεκῆ,</span> <span class='ocrx_word' id='word_1_841' title='bbox 1323 5371 1420 5424; x_wconf 79' lang='grc' dir='ltr'>καὶ</span> <span class='ocrx_word' id='word_1_842' title='bbox 1456 5373 1656 5443; x_wconf 86' lang='grc' dir='ltr'>τρόμον</span> <span class='ocrx_word' id='word_1_843' title='bbox 1687 5374 1778 5428; x_wconf 79' lang='grc' dir='ltr'>τοῦ</span> <span class='ocrx_word' id='word_1_844' title='bbox 1815 5375 1918 5428; x_wconf 83' lang='grc' dir='ltr'><strong>σώ-</strong></span> 
     </span>
    </p>
   </div>
   <div class='ocr_carea' id='block_1_100' title="bbox 2014 4728 3606 4803">
    <p class='ocr_par' dir='ltr' id='par_1_100' title="bbox 2014 4728 3606 4803">
     <span class='ocr_line' id='line_1_100' title="bbox 2014 4728 3606 4803; baseline -0.008 -13"><span class='ocrx_word' id='word_1_845' title='bbox 2014 4735 2175 4790; x_wconf 88' lang='lat' dir='ltr'><strong>sitate</strong></span> <span class='ocrx_word' id='word_1_846' title='bbox 2203 4775 2218 4799; x_wconf 86' lang='lat'><strong>,</strong></span> <span class='ocrx_word' id='word_1_847' title='bbox 2265 4747 2388 4803; x_wconf 65' lang='lat' dir='ltr'><strong>quae</strong></span> <span class='ocrx_word' id='word_1_848' title='bbox 2418 4746 2639 4788; x_wconf 91' lang='lat' dir='ltr'><strong>omnem</strong></span> <span class='ocrx_word' id='word_1_849' title='bbox 2691 4729 2948 4785; x_wconf 90' lang='lat' dir='ltr'><strong>servilem</strong></span> <span class='ocrx_word' id='word_1_850' title='bbox 2993 4728 3314 4782; x_wconf 85' lang='lat' dir='ltr'><strong>servitutem</strong></span> <span class='ocrx_word' id='word_1_851' title='bbox 3347 4732 3606 4795; x_wconf 88' lang='lat' dir='ltr'><strong>superet,</strong></span> 
     </span>
    </p>
   </div>
   <div class='ocr_carea' id='block_1_101' title="bbox 2012 4817 3606 4898">
    <p class='ocr_par' dir='ltr' id='par_1_101' title="bbox 2012 4817 3606 4898">
     <span class='ocr_line' id='line_1_101' title="bbox 2012 4817 3606 4898; baseline -0.007 -16"><span class='ocrx_word' id='word_1_852' title='bbox 2012 4835 2265 4898; x_wconf 86' lang='lat' dir='ltr'><strong>cogente,</strong></span> <span class='ocrx_word' id='word_1_853' title='bbox 2292 4841 2509 4895; x_wconf 87' lang='lat' dir='ltr'><strong>semper</strong></span> <span class='ocrx_word' id='word_1_854' title='bbox 2550 4823 2619 4878; x_wconf 91' lang='lat' dir='ltr'><strong>ad</strong></span> <span class='ocrx_word' id='word_1_855' title='bbox 2661 4838 2801 4893; x_wconf 90' lang='lat' dir='ltr'><strong>opus</strong></span> <span class='ocrx_word' id='word_1_856' title='bbox 2831 4819 3102 4893; x_wconf 90' lang='lat' dir='ltr'><strong>urgearis,</strong></span> <span class='ocrx_word' id='word_1_857' title='bbox 3143 4834 3246 4874; x_wconf 87' lang='lat' dir='ltr'><strong>nec</strong></span> <span class='ocrx_word' id='word_1_858' title='bbox 3270 4817 3494 4874; x_wconf 91' lang='lat' dir='ltr'><strong>assiduo</strong></span> <span class='ocrx_word' id='word_1_859' title='bbox 3527 4825 3606 4871; x_wconf 86' lang='lat' dir='ltr'><strong>ta-</strong></span> 
     </span>
    </p>
   </div>
   <div class='ocr_carea' id='block_1_102' title="bbox 2013 4909 3608 4979">
    <p class='ocr_par' dir='ltr' id='par_1_102' title="bbox 2013 4909 3608 4979">
     <span class='ocr_line' id='line_1_102' title="bbox 2013 4909 3608 4979; baseline -0.008 -5"><span class='ocrx_word' id='word_1_860' title='bbox 2013 4935 2141 4974; x_wconf 89' lang='lat' dir='ltr'><strong>men</strong></span> <span class='ocrx_word' id='word_1_861' title='bbox 2185 4919 2337 4973; x_wconf 90' lang='lat' dir='ltr'><strong>cultu</strong></span> <span class='ocrx_word' id='word_1_862' title='bbox 2383 4918 2533 4972; x_wconf 88' lang='lat' dir='ltr'><strong>illam</strong></span> <span class='ocrx_word' id='word_1_863' title='bbox 2575 4917 2864 4971; x_wconf 88' lang='lat' dir='ltr'><strong>meliorem</strong></span> <span class='ocrx_word' id='word_1_864' title='bbox 2918 4913 3138 4968; x_wconf 88' lang='lat' dir='ltr'><strong>reddas.</strong></span> <span class='ocrx_word' id='word_1_865' title='bbox 3175 4911 3313 4966; x_wconf 85' lang='lat' dir='ltr'><strong>Nam</strong></span> <span class='ocrx_word' id='word_1_866' title='bbox 3355 4909 3608 4979; x_wconf 86' lang='lat' dir='ltr'><strong>quamvis</strong></span> 
     </span>
    </p>
   </div>
   <div class='ocr_carea' id='block_1_103' title="bbox 2015 5003 3605 5078">
    <p class='ocr_par' dir='ltr' id='par_1_103' title="bbox 2015 5003 3605 5078">
     <span class='ocr_line' id='line_1_103' title="bbox 2015 5003 3605 5078; baseline -0.008 -14"><span class='ocrx_word' id='word_1_867' title='bbox 2015 5009 2342 5065; x_wconf 89' lang='lat' dir='ltr'><strong>continuum</strong></span> <span class='ocrx_word' id='word_1_868' title='bbox 2382 5022 2522 5078; x_wconf 90' lang='lat' dir='ltr'><strong>opus</strong></span> <span class='ocrx_word' id='word_1_869' title='bbox 2577 5007 2776 5062; x_wconf 84' lang='lat' dir='ltr'><strong>habeat</strong></span> <span class='ocrx_word' id='word_1_870' title='bbox 2808 5005 3043 5060; x_wconf 89' lang='lat' dir='ltr'><strong>subinde</strong></span> <span class='ocrx_word' id='word_1_871' title='bbox 3090 5018 3274 5074; x_wconf 66' lang='lat' dir='ltr'><strong>opera!</strong></span> <span class='ocrx_word' id='word_1_872' title='bbox 3326 5003 3605 5064; x_wconf 80' lang='lat' dir='ltr'><strong>fructum,</strong></span> 
     </span>
    </p>
   </div>
   <div class='ocr_carea' id='block_1_104' title="bbox 2017 5094 3604 5170">
    <p class='ocr_par' dir='ltr' id='par_1_104' title="bbox 2017 5094 3604 5170">
     <span class='ocr_line' id='line_1_104' title="bbox 2017 5094 3604 5170; baseline -0.008 -15"><span class='ocrx_word' id='word_1_873' title='bbox 2017 5111 2201 5156; x_wconf 92' lang='lat' dir='ltr'><strong>tamen</strong></span> <span class='ocrx_word' id='word_1_874' title='bbox 2225 5101 2342 5170; x_wconf 90' lang='lat' dir='ltr'><strong>ipse</strong></span> <span class='ocrx_word' id='word_1_875' title='bbox 2365 5101 2523 5155; x_wconf 91' lang='lat' dir='ltr'><strong>labor</strong></span> <span class='ocrx_word' id='word_1_876' title='bbox 2557 5100 2833 5170; x_wconf 88' lang='lat' dir='ltr'><strong>ingentem</strong></span> <span class='ocrx_word' id='word_1_877' title='bbox 2872 5097 3033 5151; x_wconf 79' lang='lat' dir='ltr'><strong>affert</strong></span> <span class='ocrx_word' id='word_1_878' title='bbox 3065 5094 3371 5149; x_wconf 86' lang='lat' dir='ltr'><strong>molestiam</strong></span> <span class='ocrx_word' id='word_1_879' title='bbox 3399 5099 3457 5145; x_wconf 88' lang='lat' dir='ltr'><strong>ct</strong></span> <span class='ocrx_word' id='word_1_880' title='bbox 3488 5099 3604 5145; x_wconf 89' lang='lat' dir='ltr'><strong>tor-</strong></span> 
     </span>
    </p>
   </div>
   <div class='ocr_carea' id='block_1_105' title="bbox 2016 5191 3604 5263">
    <p class='ocr_par' dir='ltr' id='par_1_105' title="bbox 2016 5191 3604 5263">
     <span class='ocr_line' id='line_1_105' title="bbox 2016 5191 3604 5263; baseline -0.007 -17"><span class='ocrx_word' id='word_1_881' title='bbox 2016 5202 2263 5248; x_wconf 91' lang='lat' dir='ltr'><strong>mentum</strong></span> <span class='ocrx_word' id='word_1_882' title='bbox 2294 5208 2513 5263; x_wconf 87' lang='lat' dir='ltr'><strong>semper</strong></span> <span class='ocrx_word' id='word_1_883' title='bbox 2533 5193 2795 5257; x_wconf 84' lang='lat' dir='ltr'><strong>distento,</strong></span> <span class='ocrx_word' id='word_1_884' title='bbox 2829 5205 3046 5259; x_wconf 84' lang='lat' dir='ltr'><strong>semper</strong></span> <span class='ocrx_word' id='word_1_885' title='bbox 3068 5193 3336 5254; x_wconf 85' lang='lat' dir='ltr'><strong>occupato</strong></span> <span class='ocrx_word' id='word_1_886' title='bbox 3370 5191 3426 5238; x_wconf 89' lang='lat' dir='ltr'><strong>et</strong></span> <span class='ocrx_word' id='word_1_887' title='bbox 3458 5193 3604 5236; x_wconf 61' lang='lat' dir='ltr'><strong>nun:</strong></span> 
     </span>
    </p>
   </div>
   <div class='ocr_carea' id='block_1_106' title="bbox 2015 5275 3606 5355">
    <p class='ocr_par' dir='ltr' id='par_1_106' title="bbox 2015 5275 3606 5355">
     <span class='ocr_line' id='line_1_106' title="bbox 2015 5275 3606 5355; baseline -0.005 -16"><span class='ocrx_word' id='word_1_888' title='bbox 2015 5301 2179 5355; x_wconf 89' lang='lat' dir='ltr'><strong>quam</strong></span> <span class='ocrx_word' id='word_1_889' title='bbox 2214 5285 2284 5339; x_wconf 88' lang='lat' dir='ltr'><strong>ab</strong></span> <span class='ocrx_word' id='word_1_890' title='bbox 2322 5301 2489 5355; x_wconf 84' lang='lat' dir='ltr'><strong>Opere</strong></span> <span class='ocrx_word' id='word_1_891' title='bbox 2513 5285 2774 5341; x_wconf 88' lang='lat' dir='ltr'><strong>ccssanti.</strong></span> <span class='ocrx_word' id='word_1_892' title='bbox 2813 5282 2918 5336; x_wconf 86' lang='lat' dir='ltr'><strong>Sed</strong></span> <span class='ocrx_word' id='word_1_893' title='bbox 2944 5288 3001 5334; x_wconf 91' lang='lat' dir='ltr'><strong>tu</strong></span> <span class='ocrx_word' id='word_1_894' title='bbox 3021 5295 3146 5334; x_wconf 89' lang='lat' dir='ltr'><strong>cum</strong></span> <span class='ocrx_word' id='word_1_895' title='bbox 3177 5278 3386 5347; x_wconf 74' lang='lat' dir='ltr'><strong>lugenti</strong></span> <span class='ocrx_word' id='word_1_896' title='bbox 3414 5275 3606 5331; x_wconf 83' lang='lat' dir='ltr'><strong>labore</strong></span> 
     </span>
    </p>
   </div>
   <div class='ocr_carea' id='block_1_107' title="bbox 2016 5369 3606 5446">
    <p class='ocr_par' dir='ltr' id='par_1_107' title="bbox 2016 5369 3606 5446">
     <span class='ocr_line' id='line_1_107' title="bbox 2016 5369 3606 5446; baseline -0.005 -16"><span class='ocrx_word' id='word_1_897' title='bbox 2016 5377 2156 5432; x_wconf 91' lang='lat' dir='ltr'><strong>nihil</strong></span> <span class='ocrx_word' id='word_1_898' title='bbox 2191 5376 2468 5446; x_wconf 85' lang='lat' dir='ltr'><strong>proficies,</strong></span> <span class='ocrx_word' id='word_1_899' title='bbox 2502 5392 2604 5433; x_wconf 92' lang='lat' dir='ltr'><strong>nec</strong></span> <span class='ocrx_word' id='word_1_900' title='bbox 2632 5390 2815 5445; x_wconf 68' lang='lat' dir='ltr'><strong>opera;</strong></span> <span class='ocrx_word' id='word_1_901' title='bbox 2845 5372 3082 5444; x_wconf 86' lang='lat' dir='ltr'><strong>pretium</strong></span> <span class='ocrx_word' id='word_1_902' title='bbox 3123 5370 3293 5426; x_wconf 86' lang='lat' dir='ltr'><strong>facies</strong></span> <span class='ocrx_word' id='word_1_903' title='bbox 3315 5411 3330 5437; x_wconf 95' lang='lat'><strong>,</strong></span> <span class='ocrx_word' id='word_1_904' title='bbox 3358 5384 3462 5426; x_wconf 89' lang='lat' dir='ltr'><strong>nec</strong></span> <span class='ocrx_word' id='word_1_905' title='bbox 3490 5369 3606 5426; x_wconf 88' lang='lat' dir='ltr'><strong>fru-</strong></span> 
     </span>
    </p>
   </div>
   <div class='ocr_carea' id='block_1_108' title="bbox 364 5601 1916 5677">
    <p class='ocr_par' dir='ltr' id='par_1_108' title="bbox 364 5601 1902 5677">
     <span class='ocr_line' id='line_1_108' title="bbox 364 5601 1902 5677; baseline 0.008 -19"><span class='ocrx_word' id='word_1_906' title='bbox 364 5602 384 5632; x_wconf 86' lang='grc'>⁶</span> <span class='ocrx_word' id='word_1_907' title='bbox 435 5603 580 5660; x_wconf 82' lang='lat' dir='ltr'><strong>Gen.</strong></span> <span class='ocrx_word' id='word_1_908' title='bbox 616 5622 686 5672; x_wconf 79' lang='lat' dir='ltr'><strong>tv,</strong></span> <span class='ocrx_word' id='word_1_909' title='bbox 715 5601 768 5662; x_wconf 87' lang='lat'><strong>8.</strong></span> <span class='ocrx_word' id='word_1_910' title='bbox 851 5607 871 5638; x_wconf 85' lang='grc'><strong>⁷</strong></span> <span class='ocrx_word' id='word_1_911' title='bbox 902 5607 1038 5664; x_wconf 88' lang='lat' dir='ltr'><strong>ibid.</strong></span> <span class='ocrx_word' id='word_1_912' title='bbox 1064 5609 1116 5666; x_wconf 88' lang='lat'><strong>9.</strong></span> <span class='ocrx_word' id='word_1_913' title='bbox 1194 5610 1215 5642; x_wconf 79' lang='grc'><strong>⁸</strong></span> <span class='ocrx_word' id='word_1_914' title='bbox 1245 5611 1380 5668; x_wconf 88' lang='lat' dir='ltr'><strong>ibid.</strong></span> <span class='ocrx_word' id='word_1_915' title='bbox 1410 5611 1495 5677; x_wconf 79' lang='grc'><strong>10,</strong></span> <span class='ocrx_word' id='word_1_916' title='bbox 1535 5614 1614 5668; x_wconf 87' lang='grc' dir='ltr'><strong>Η.</strong></span> <span class='ocrx_word' id='word_1_917' title='bbox 1695 5617 1714 5648; x_wconf 81' lang='grc'><strong>⁹</strong></span> <span class='ocrx_word' id='word_1_918' title='bbox 1769 5616 1902 5671; x_wconf 89' lang='lat' dir='ltr'><strong>ibid.</strong></span> 
     </span>
    </p>
   </div>
   <div class='ocr_carea' id='block_1_109' title="bbox 2019 5601 2427 5677">
    <p class='ocr_par' dir='ltr' id='par_1_109' title="bbox 2019 5617 2427 5674">
     <span class='ocr_line' id='line_1_109' title="bbox 2019 5617 2427 5674; baseline -0.005 -2"><span class='ocrx_word' id='word_1_919' title='bbox 2019 5660 2024 5672; x_wconf 85' lang='lat'><strong>.</strong></span> <span class='ocrx_word' id='word_1_920' title='bbox 2107 5619 2149 5651; x_wconf 84' lang='grc'><strong>¹⁰</strong></span> <span class='ocrx_word' id='word_1_921' title='bbox 2176 5617 2310 5674; x_wconf 87' lang='lat' dir='ltr'><strong>ibid.</strong></span> <span class='ocrx_word' id='word_1_922' title='bbox 2343 5617 2427 5672; x_wconf 79' lang='grc'><strong>15.</strong></span> 
     </span>
    </p>
   </div>
   <div class='ocr_carea' id='block_1_110' title="bbox 390 5845 698 5906">
    <p class='ocr_par' dir='ltr' id='par_1_110' title="bbox 390 5845 698 5906">
     <span class='ocr_line' id='line_1_110' title="bbox 390 5845 698 5906; baseline 0.01 -9"><span class='ocrx_word' id='word_1_923' title='bbox 390 5856 416 5884; x_wconf 72' lang='grc' dir='ltr'><strong>ει</strong></span> <span class='ocrx_word' id='word_1_924' title='bbox 442 5845 505 5899; x_wconf 81' lang='grc' dir='ltr'><strong>δ’.</strong></span> <span class='ocrx_word' id='word_1_925' title='bbox 587 5856 608 5883; x_wconf 77' lang='grc'><strong>⁷</strong></span> <span class='ocrx_word' id='word_1_926' title='bbox 642 5849 698 5906; x_wconf 88' lang='grc' dir='ltr'>ε’,</span> 
     </span>
    </p>
   </div>
  </div>
