4054 6438
442 359 542 418 571

1479 361 1536 426 8.
1575 364 1851 427 CYRILLI
1890 361 2362 426 ALEXANDRIN!
2399 371 2719 428 ARCIIIEP.

3605 375 3712 434 379

441 489 590 537 ctum
616 481 770 536 ilium
789 476 1114 549 reportabis.
1143 479 1373 550 insuper
1407 500 1425 532 ι
1449 493 1675 553 gemens
1696 494 1751 537 et
1785 478 2026 538 tremens

2139 503 2304 557 ματος
2325 528 2341 553 ,
2377 491 2467 544 τὸν
2494 493 2560 553 ἐεκ
2591 491 2691 559 τῆς
2723 488 2905 560 ίσχύος
2940 491 3242 561 στηριγμδν
3269 489 3377 544 τῶν
3410 489 3588 560 μελῶν
3612 491 3717 544 οὐκ

441 572 554 628 eris
576 587 744 644 super
767 573 991 628 terram.
1037 582 1056 623 ι
1091 572 1238 626 Duas
1267 573 1516 643 adjunxit
1537 572 1674 629 alias
1707 581 1900 645 poenas
1924 575 2027 628 tri«

442 665 568 730 bus,
593 663 814 723 assidua
834 661 1095 734 suspiria,
1121 665 1178 718 et
1203 664 1454 734 corporis
1486 673 1802 730 tremorem,
1829 667 2028 724 amissa

441 757 840 822 membrorum,
867 770 1034 826 quam
1065 771 1135 812 ex
1161 754 1486 812 fortitudine
1517 771 1618 811 seu
1655 755 1856 812 rob'ore
1879 758 2026 812 acci-

439 849 698 920 piebant,
748 848 1110 904 ﬁrmitudine.
1151 847 1291 904 Cum
1326 849 1475 904 enim
1513 851 1763 919 corporis
1814 849 2028 905 viribus

442 941 650 996 abusus
691 947 840 997 esset
861 981 876 1006 ,
909 949 1116 996 nervos
1147 941 1216 996 ab
1246 941 1342 996 illo
1371 941 1574 1007 cessit,
1609 949 1672 996 ut
1698 953 1941 1012 paveret,
1971 951 2030 999 et

441 1031 663 1087 assidua
699 1032 935 1103 quadam
967 1031 1334 1102 trepidatione
1361 1038 1770 1087 ooncuteretdr.
1802 1033 1884 1090 uti
1923 1049 2029 1091 nec

441 1124 628 1179 cibum
658 1131 780 1179 tuto
801 1125 885 1180 ori
911 1123 1228 1189 admovere,
1257 1137 1363 1178 nec
1385 1131 1599 1194 gestare
1627 1125 1885 1194 poculum
1907 1125 2027 1180 sine

443 1223 685 1272 tremore
721 1225 942 1286 posset,
975 1229 1140 1270 manu
1171 1215 1338 1285 impia
1367 1256 1381 1280 ,
1414 1222 1537 1286 post
1564 1215 1790 1286 impium
1822 1227 1874 1271 et
1905 1231 2032 1286 par-

443 1305 673 1362 ricidale
701 1307 928 1372 factum,
954 1321 1115 1367 usum
1137 1306 1461 1362 necessaria:
1480 1306 1730 1377 corporis
1756 1306 2027 1362 mnctioni

443 1399 808 1454 subdueente.
842 1397 963 1453 Alia
999 1413 1162 1468 pmna
1192 1405 1298 1462 est,
1328 1412 1494 1473 quam
1531 1398 1779 1468 prodidit
1799 1397 2025 1463 Cainus,
2048 1394 2069 1410 ⁴

443 1505 569 1548 cum
595 1487 730 1548 dixit
757 1507 772 1544 :
811 1508 830 1542 ι
871 1489 926 1546 Si
955 1489 1110 1560 ejicis
1143 1504 1232 1542 me
1261 1488 1426 1544 hodie
1451 1503 1482 1546 a
1514 1488 1652 1543 facie
1695 1497 1878 1552 terrm,
1909 1497 1965 1543 et
1999 1504 2031 1542 a

441 1581 581 1637 facie
611 1590 705 1636 tua
727 1582 1056 1636 abscondar.
1087 1600 1106 1633 ι
1127 1580 1526 1636 Gravissimum
1559 1581 1664 1634 hoc
1696 1580 2029 1655 supplicium

441 1673 832 1746 prudentibus,
867 1673 1091 1743 repulsa
1119 1688 1150 1726 a
1179 1671 1320 1727 facie
1338 1680 1396 1727 et
1416 1677 1724 1740 conspectu
1748 1669 1866 1724 Dei.
1901 1688 1919 1720 ι
1963 1669 2032 1723 Ει

443 1764 571 1830 erit,
599 1765 800 1834 inquit,
833 1765 1015 1820 omnis
1037 1763 1134 1833 qui
1178 1775 1264 1817 me
1298 1762 1590 1826 invenerit,
1626 1760 1844 1816 occidet
1866 1773 1975 1814 me.
2005 1777 2023 1810 ι

442 1827 729 1929 ConieCtat
750 1827 819 1914 ei:
845 1827 1125 1926 prioribus
1137 1855 1337 1926 prunis,
1360 1861 1770 1912 consecuturus.
1799 1851 1856 1907 Si
1877 1851 2036 1922 ejicis
2065 1827 2109 1883 Β

444 1965 534 2008 me
565 1965 598 2005 α
631 1948 773 2004 facie
805 1957 966 2004 terrae
989 1987 1004 2012 ,
1032 1946 1079 2002 si
1113 1962 1144 2002 a
1173 1946 1311 2001 facie
1355 1956 1448 2000 tua
1487 1957 1576 2000 me
1609 1943 1863 2014 repellis,
1897 1942 2031 2012 quid

444 2051 700 2115 superest
729 2042 839 2098 nisi
865 2050 928 2098 ut
956 2041 1302 2112 proscriptus
1325 2054 1357 2094 α
1389 2037 1586 2108 quovis
1624 2035 1830 2107 possim
1875 2035 2034 2090 tolli?

444 2134 732 2205 Quidcrgo
747 2132 1056 2190 Dominus:
1087 2151 1105 2184 ι
1134 2131 1255 2188 Non
1274 2130 1349 2185 ita
1377 2147 1390 2186 :
1423 2148 1441 2181 ι
1479 2129 1574 2186 sed
1597 2127 1783 2198 posuit
1815 2127 2031 2198 signum

444 2225 502 2280 in
531 2225 628 2294 illo
667 2242 682 2280 :
723 2223 957 2297 septima
983 2223 1100 2286 hanc
1123 2229 1208 2277 est
1232 2231 1416 2291 pruna.
1448 2217 1604 2284 Quod
1640 2226 1824 2276 autem
1858 2215 2033 2271 anim-

440 2316 698 2372 adversio
731 2321 844 2371 non
874 2314 1110 2379 occulta,
1137 2312 1234 2367 sed
1269 2319 1462 2382 aperto
1489 2309 1644 2381 signo
1666 2309 2033 2379 praenuntiata

441 2407 536 2473 sit,
569 2408 719 2462 hunc
749 2421 873 2462 esse
901 2415 1098 2476 nenipe
1131 2404 1287 2459 illum
1316 2403 1819 2458 consceleratorum
1857 2400 2031 2456 facto-

443 2515 568 2559 rum
596 2499 984 2565 architéctum,
1009 2497 1320 2570 sapientum
1335 2495 1566 2566 judicio,
1599 2508 1889 2564 pmnarum
1916 2508 2036 2548 om-

441 2593 596 2649 nium
626 2591 952 2664 gravissima
981 2597 1068 2646 est
1107 2589 1178 2644 ob
1222 2588 1578 2660 ignominiam
1641 2602 1808 2657 quam
1845 2601 1914 2639 ex
1951 2586 2037 2644 ul-

2129 581 2386 650 ὲχόντων.
2457 581 2677 652 Ἐπειδὴ
2715 582 2824 653 γὰρ
2863 582 3049 646 κακῶς
3087 583 3361 652 ἐχρήσατο
3387 584 3456 652 τῇ
3480 580 3716 652 δυνάμει

2129 671 2222 727 τοῦ
2258 671 2528 744 σώματος,
2572 673 2818 745 ὑφῃρέθη
2852 674 3020 729 αὐτοῦ
3048 675 3078 726 ὁ
3113 674 3264 736 τόνος
3284 715 3298 738 ,
3344 673 3485 726 ὥστε
3513 674 3718 727 κλονεῖν

2131 764 2255 819 σθαι
2284 766 2446 819 αὐτον
2488 767 2583 820 καὶ
2624 767 3028 831 κατασείεσθαι,
3056 767 3181 820 οὔτε
3223 767 3387 838 ἄρτον
3414 765 3721 838 δυνάμενον

2131 856 2462 928 προσφέρειν
2506 857 2680 921 ἀδεῶς
2713 857 2796 929 τῷ
2826 859 3091 930 στόματι,
3128 857 3252 911 οὔτε
3285 857 3449 912 ποτὺν
3473 874 3719 928 προσκο-

2134 944 2312 1015 μίςειν
2341 947 2440 1016 τῆς
2462 949 2706 1018 πονηρᾶς
2731 948 2914 1018 χειρὸς
2943 945 3083 1018 μετά
3110 944 3212 1017 τήν
3232 947 3456 1001 ἀνοσίαν,
3487 947 3716 1018 πρᾶξιν,

2129 1033 2253 1090 οὔτε
2288 1037 2408 1100 ταῖς
2436 1036 2592 1100 ἰδίαις
2618 1037 2716 1090 καὶ
2741 1039 3066 1107 ἀναγκαίαις
3097 1037 3187 1090 τοῦ
3215 1037 3464 1108 σώματος
3498 1037 3721 1108 χρείαις

2129 1127 2315 1180 λοιπὸν
2337 1127 2792 1200 ὲξυπηρετεϊσθαι
2817 1131 3301 1201 συγχωρουμένης.
3337 1129 3506 1200 ’Ἄλλη
3532 1146 3716 1199 τιμω-

2134 1217 2220 1288 ρία
2242 1257 2258 1282 ,
2298 1218 2365 1288 ἢν
2398 1220 2750 1290 ἀπεκάλυψεν
2785 1223 2812 1274 ὁ
2842 1220 2984 1275 Kuh
3033 1220 3231 1274 εἰπών·
3277 1240 3296 1270 ι
3333 1220 3395 1274 Ei
3427 1221 3720 1283 ὲκδάλλεις

2133 1326 2203 1379 με
2237 1309 2333 1364 νῦν
2375 1312 2484 1364 ἀπὸ
2520 1313 2621 1383 τῆς
2654 1313 2791 1382 γῆς,
2843 1314 2940 1367 καὶ
2981 1313 3089 1367 άπὸ
3135 1313 3229 1366 τοῦ
3275 1312 3567 1382 προσώπου
3617 1328 3719 1372 σου¹

2131 1403 2497 1475 κρυϐήσομαι.
2541 1423 2560 1456 ι
2609 1405 2673 1459 Ἦ
2701 1406 2979 1478 βαρυτάτη
3015 1407 3234 1468 κόλασις
3263 1409 3375 1468 τοῖς
3404 1405 3719 1474 σωφρονοῦν

2133 1507 2220 1550 σιν
2257 1498 2285 1550 ὁ
2312 1497 2422 1550 ἀπὸ
2445 1497 2582 1551 Θεοῦ
2615 1499 2912 1571 χωρισμός.
2955 1517 2976 1551 ι
3018 1499 3130 1552 Καὶ
3168 1498 3344 1561 Eueni,
3380 1499 3565 1566 φησιν,
3606 1498 3718 1560 πᾶς

2131 1589 2158 1641 ὁ
2187 1587 2458 1658 εὑρίσκων
2491 1605 2560 1658 με
2590 1589 2884 1646 ἀποκτενεῖ
2921 1607 3008 1659 με.
3047 1609 3066 1642 ι
3104 1588 3329 1652 Εἱκάζει
3360 1590 3424 1641 ὲκ
3458 1587 3553 1642 τοῦ
3585 1589 3720 1640 ἀκο-

2131 1678 2325 1732 λούθου
2359 1678 2468 1732 τῶν
2501 1679 2870 1750 προαγόντων.
2898 1681 2961 1734 Ei
2982 1680 3089 1734 ἀπὸ
3122 1681 3220 1750 τῆς
3248 1681 3350 1750 γῆς
3376 1678 3722 1746 ὲκῦἐόληκάς

2138 1789 2227 1842 με,
2270 1775 2318 1825 εί
2346 1773 2454 1826 ἀπὸ
2486 1773 2580 1826 τοῦ
2609 1771 2904 1842 προσώπου
2937 1788 3031 1824 σου
3055 1768 3434 1842 κρυϐήσομαι,
3467 1769 3722 1826 λείπεται

2133 1863 2242 1918 ἀπὸ
2289 1864 2490 1925 παντὸς
2535 1863 2897 1934 ἀναιρεῖσθαι.
2939 1862 3005 1916 Τί
3043 1857 3139 1916 οὖν
3180 1863 3209 1914 ὁ
3250 1861 3496 1930 Κύριοςς
3545 1877 3566 1911 ι
3605 1859 3720 1928 Οὐχ

2132 1955 2325 2018 οὕτως.
2379 1973 2396 2006 ι
2457 1955 2597 2008 Ἀλλ’
2654 1954 2806 2008 ἔθετο
2853 1955 3077 2024 σημεῖον
3121 1951 3213 2006 ἐπ’
3270 1951 3464 2005 αὐτόν·
3513 1948 3714 2018 ἑϐδόμη

2134 2047 2272 2120 αὔτη
2305 2049 2564 2120 τιμωρία.
2596 2046 2670 2102 To
2697 2046 2756 2102 δὲ
2803 2045 2878 2118 μὴ
2913 2045 3256 2116 κρύπτεσθαι
3288 2044 3388 2114 τὴν
3421 2041 3720 2113 τιμωρίαν,

2132 2138 2267 2194 ἀλλά
2293 2137 2504 2209 σημείῳ
2526 2136 2779 2208 προδῆλῳ
2808 2135 3280 2208 πρωεκηρύχθίαι,
3305 2134 3385 2187 ὅτι
3403 2129 3554 2196 οὗτός
3570 2133 3728 2185 ἐστιν

2132 2230 2162 2283 ὁ
2192 2229 2300 2282 τῶν
2329 2229 2560 2283 ἀνοσίων
2582 2228 2762 2300 ἔργων
2791 2226 3129 2298 δημιουργὸς
3160 2226 3278 2296 (καὶ
3328 2225 3438 2295 γὰρ
3458 2224 3519 2278 τὸ
3542 2222 3729 2294 ὀρθῶς

2133 2319 2479 2389 λογιζόμενον
2513 2320 2554 2390 ),
2589 2319 2868 2390 βαρυτάτη
2898 2317 3176 2372 κολάσεων
3219 2314 3451 2385 αἰσχύνη
3471 2355 3486 2377 ,
3516 2313 3583 2384 ἣν
3626 2313 3728 2365 καὶ

2135 2412 2264 2482 περὶ
2307 2413 2407 2480 τῆς
2441 2411 2675 2482 κρίσεως
2722 2410 3146 2480 μεμαθήκαμεν,
3188 2408 3278 2460 ὅτε
3309 2400 3456 2461 οὗτοι
3485 2405 3730 2474 ἀναστή-

2137 2518 2322 2555 σονται
2351 2503 2432 2564 εἰς
2479 2500 2626 2571 ζωὴν
2655 2500 2898 2566 αἰώνιον,
2931 2500 3025 2554 καὶ
3051 2494 3197 2557 οὗτοι
3227 2500 3306 2560 είς
3333 2495 3596 2566 αἰσχύνην
3630 2496 3731 2546 καὶ

2134 2594 2440 2664 ὀνειδισμὸν
2479 2593 2718 2646 αίώνιον.
2776 2592 3086 2646 Ἀκολουθεῖ
3116 2591 3291 2660 τούτῳ
3334 2589 3552 2660 ζήτημα
3586 2603 3728 2654 συγ-ν

442 2686 580 2748 timo
607 2700 828 2756 quoque
849 2683 1060 2756 judicio
1103 2683 1422 2739 existimare
1456 2694 1773 2751 possumus,
1812 2677 2035 2748 quando

2139 2687 2292 2754 γενὲς
2321 2687 2382 2740 τὸ
2424 2686 2576 2758 παρά
2605 2686 2700 2741 τοῦ
2736 2685 2934 2758 Λάμεχ
2961 2687 3082 2749 ταῖς
3108 2683 3359 2753 γυναιξὶν
3391 2681 3688 2752 εἰρημένον
3712 2696 3726 2709 ο

442 2778 501 2834 bi
525 2786 816 2850 resurgent
839 2777 896 2833 in
915 2777 1083 2834 vitam
1105 2785 1366 2836 aeternam
1391 2814 1406 2838 ,
1431 2781 1488 2828 et
1507 2772 1585 2826 illi
1603 2772 1659 2826 in
1677 2770 2035 2842 ignominiam

2143 2795 2162 2828 ι
2202 2777 2326 2829 Ὀτι
2348 2775 2517 2847 ἀνδρα
2540 2775 2860 2839 ἀπέκτεινα,
2877 2775 2973 2828 καὶ
2994 2774 3279 2828 νεανίσκον
3305 2772 3383 2834 εἰς
3405 2769 3667 2840 μώλωπα.
3705 2786 3728 2818 ι

441 2871 858 2942 sempiternam.
895 2869 1160 2939 Sequitur
1194 2867 1325 2925 huic
1365 2875 1579 2920 annch
1613 2861 1866 2932 qua-sitio,
1899 2860 2034 2930 quid

2155 2868 2320 2921 Ἀλλο
2343 2863 2436 2920 οὖν
2463 2866 2708 2938 τραῦμα,
2742 2865 2837 2919 καὶ
2867 2863 2996 2918 ἀλλο
3020 2861 3246 2932 μώλωψ,
3275 2862 3369 2915 καὶ
3409 2858 3538 2913 ἄλλο
3557 2856 3731 2928 ἀνὴρ,

442 2963 535 3027 sit,
559 2961 708 3032 quod
738 2959 1046 3023 Lamecbus
1069 2958 1337 3013 uxoribus
1357 2956 1474 3011 suis
1499 2953 1638 3008 dixit
1664 2971 1677 3005 :
1712 2971 1729 3000 σ
1763 2950 2035 3018 Quoniam

2139 2961 2232 3014 καὶ
2261 2959 2390 3012 ἄλλο
2416 2958 2717 3020 νεανίσκος.
2756 2957 2881 3009 Ὀτι
2907 2957 2956 3009 εί
2993 2957 3057 3007 ἐκ
3085 2953 3226 3008 Καῒν
3257 2951 3602 3021 ὲκδεδίκηται
3626 2947 3734 3003 ἑλπ-

442 3052 627 3114 virum
651 3050 925 3115 interfeci,
957 3057 1015 3104 et
1031 3050 1294 3120 juvenem
1327 3046 1382 3100 in
1407 3043 1785 3098 Ιὶνοτθιιιηιη.
1822 3061 1841 3094 ι
1869 3040 2036 3102 Aliud

2139 3052 2314 3114 τάκις,
2342 3052 2407 3104 ὲκ
2430 3050 2487 3103 δὲ
2507 3051 2698 3120 Λάμεχ
2714 3047 3176 3118 ἑϐδομηκοντάκις
3199 3045 3338 3099 ἑπτὰ
3365 3043 3736 3114 τετρακοσίας

442 3153 574 3216 ergo
600 3142 803 3198 vulnus
828 3182 843 3207 ,
873 3149 930 3197 et
957 3140 1109 3204 aliud
1141 3140 1306 3200 livor,
1347 3147 1406 3192 et
1448 3136 1600 3191 aliud
1641 3136 1747 3200 vir,
1795 3144 1852 3190 et
1882 3133 2034 3189 aliud

2139 3145 2236 3200 καὶ
2273 3145 2629 3215 ἐννενήκοντα
2662 3141 2935 3213 τιμωρίας
2961 3141 3239 3209 ὑποσχεῖν.
3274 3138 3337 3190 Εἰ
3377 3136 3452 3206 μὴ
3487 3135 3729 3197 δίκαιος,

444 3235 785 3298 adolescens.
823 3232 983 3300 Quod
1027 3232 1075 3286 si
1107 3231 1180 3287 ob
1219 3229 1451 3288 Cainum
1498 3228 1838 3299 septemplex
1873 3238 2037 3297 pana

445 3328 669 3384 decreta
718 3335 834 3392 est,
874 3342 944 3382 ex
975 3321 1238 3379 Lameohi
1285 3322 1434 3378 caede
1467 3320 1782 3392 septuagies
1813 3327 2042 3390 septena

446 3419 800 3478 decernetur.
824 3413 882 3471 Si
908 3413 1114 3484 impius
1132 3412 1240 3468 fuit
1259 3411 1486 3474 Caiuus,
1509 3409 1556 3464 si
1581 3407 1735 3478 pium
1753 3415 2041 3476 etaaquum

443 3510 715 3582 judicium
741 3507 839 3563 Dei
867 3506 935 3562 de
957 3505 1152 3569 Caino,
1183 3510 1246 3559 ut
1271 3501 1702 3573 septemgemina
1723 3515 1886 3570 poena
1919 3499 2041 3569 ple-

447 3608 716 3666 cteretur,
750 3600 798 3655 is
829 3599 980 3654 enim
1008 3598 1161 3652 nullo
1183 3595 1436 3665 exemplo
1457 3595 1662 3651 easdem
1697 3593 2036 3664 designavit,

449 3693 554 3754 itte
584 3703 720 3750 vero
750 3691 893 3746 vidit
939 3690 1104 3748 etiam
1144 3689 1473 3759 parricidam
1509 3703 1727 3758 pmnam
1762 3687 2032 3744 subiisse.

449 3788 566 3860 Ego
591 3802 728 3843 vero
757 3785 828 3840 ob
862 3782 1055 3838 oculos
1083 3781 1221 3836 mihi
1255 3789 1568 3836 versantem
1603 3781 1797 3836 videre
1824 3793 2044 3850 semper

449 3859 646 3933 videor
680 3877 995 3947 gementem
1031 3879 1089 3927 et
1130 3879 1458 3930 trementem
1499 3871 1768 3936 Cainum,
1805 3872 2042 3926 immen-

453 3979 683 4038 samque
726 3968 824 4022 Dei
853 3961 996 4021 iram
1020 3971 1076 4021 et
1116 3965 1363 4020 furorem
1387 4005 1400 4027 ,
1424 3979 1529 4020 nec
1557 3973 1742 4019 tamen
1790 3965 2044 4034 exemplo

455 4073 648 4129 sapere
681 4055 850 4116 didici
878 4076 890 4111 :
937 4055 1085 4112 unde
1111 4056 1312 4127 dignus
1340 4069 1465 4109 sum
1493 4053 1912 4124 quadringentis
1941 4069 2042 4108 no-

453 4155 678 4224 naginta
709 4149 906 4223 plagis.
938 4149 1174 4217 Quidam
1223 4155 1405 4204 tamen
1437 4148 1504 4202 ad
1534 4147 1917 4217 hujuscemodi
1952 4163 2043 4202 ra-

457 4245 662 4300 tionem
691 4243 968 4314 progressi
999 4251 1148 4307 sunt,
1183 4247 1304 4312 qua:
1332 4240 1555 4311 quidem
1583 4238 1652 4293 ab
1674 4239 2045 4298 ecclesiastica

456 4336 708 4393 doctrina
739 4336 968 4391 minime
1005 4344 1092 4392 est
1128 4333 1306 4388 aliena
1345 4349 1358 4386 :
1400 4347 1433 4386 a
1454 4330 1626 4386 Caino
1652 4345 1849 4402 nempe
1869 4347 2046 4402 usque

457 4425 527 4482 ad
565 4425 836 4482 diluvium
883 4437 1096 4496 septem
1145 4423 1527 4496 generationes
1571 4424 1934 4492 praeteriisse;
1989 4432 2045 4478 et

2145 3237 2306 3308 εἴπερ
2325 3236 2513 3290 δικαία
2543 3234 2638 3288 τοῦ
2666 3233 2804 3288 Θεοῦ
2843 3234 2877 3302 ἡ
2916 3233 3098 3304 κρίσις
3141 3232 3235 3286 ἐπὶ
3272 3230 3366 3284 τοῦ
3395 3227 3556 3291 Καῒν,
3583 3227 3735 3280 ὥστε

2145 3327 2286 3381 ἑπτὰ
2319 3325 2482 3380 αὑτὸν
2517 3324 2783 3395 παρέχειν
2828 3324 2926 3388 τὰς
2959 3322 3210 3385 κολάσεις
3230 3337 3243 3352 ·
3275 3324 3304 3375 ὁ
3335 3321 3434 3390 μὲν
3475 3319 3585 3388 γὰρ
3626 3319 3736 3372 οὐκ

2143 3416 2348 3488 ἔμαθεν
2387 3415 2516 3486 παρ’
2551 3413 2712 3468 ἄλλου
2740 3413 2802 3466 τὸ
2832 3410 3098 3481 φονεύειν,
3126 3405 3279 3472 οὗτος
3309 3408 3367 3461 δὲ
3389 3403 3528 3460 εἶδεν
3556 3424 3738 3476 τιμω-

2146 3506 2269 3579 ρίαν
2295 3505 2566 3576 ὑπέχοντα
2591 3505 2876 3574 φονευτήν,
2919 3500 3061 3570 Ἐγὼ
3087 3501 3144 3554 δὲ
3173 3502 3233 3554 ὲν
3261 3499 3560 3569 ὀφθαλμοῖς
3590 3497 3736 3566 ἔχων

2143 3599 2234 3652 τὸν
2264 3597 2518 3650 στένοντα
2533 3595 2629 3648 καὶ
2656 3593 2947 3665 τρέμοντα,
2979 3592 3072 3644 καὶ
3096 3590 3156 3644 τὸ
3175 3589 3405 3661 μέγεθος
3433 3588 3535 3658 τῆς
3556 3586 3738 3657 ὀργῆς

2143 3693 2238 3747 τοῦ
2277 3691 2411 3745 Θεοῦ
2433 3733 2446 3756 ,
2479 3690 2580 3744 οὐκ
2615 3687 3026 3758 ὲσωφρονὶσθην
3069 3685 3146 3755 τῷ
3180 3683 3574 3751 ὑποδείγματι,
3607 3678 3736 3732 ὅθεν

2145 3784 2296 3848 ἄξιός
2339 3786 2456 3852 εἰμι
2489 3780 2848 3853 τετρακοσίας
2890 3779 2985 3831 καὶ
3015 3777 3372 3846 ἐννενήκοντα
3403 3772 3593 3826 δοῦναι
3637 3789 3735 3824 κο-

2145 3878 2349 3939 λάσεις.
2384 3875 2558 3928 Ἔνιοι
2592 3873 2648 3925 δὲ
2676 3872 2810 3942 πρὸς
2848 3868 3094 3923 τοιοῦτον
3129 3867 3398 3939 ὥρμησαν
3431 3865 3592 3932 λόγον
3631 3863 3728 3914 οὐκ

2145 3967 2420 4037 ἀπᾴδοντα
2461 3963 2556 4016 τοῦ
2589 3961 3044 4033 ὲκκλησιαστικοῦ
3070 3960 3362 4030 δόγματος,
3387 3958 3471 4010 ὅτι
3498 3955 3601 4009 ἀπὸ
3630 3953 3723 4006 τοῦ

2144 4057 2286 4112 Καῒν
2335 4056 2440 4119 ἓως
2501 4054 2594 4108 τοῦ
2645 4050 3034 4122 κατακλυσμοῦ
3087 4050 3228 4104 ἑπτὰ
3286 4045 3730 4119 παρεληλύθασιν

2145 4151 2350 4220 γενεαί.
2386 4149 2496 4204 Καὶ
2525 4147 2728 4209 εὐθέως
2761 4144 3038 4218 ἑπηνὲχθη
3065 4146 3132 4212 τῇ
3163 4145 3232 4212 γῇ
3283 4144 3315 4210 ἡ
3343 4139 3614 4210 τιμωρία,
3647 4137 3741 4190 διὰ

2145 4245 2205 4298 τὺ
2228 4242 2429 4312 πολλὴν
2451 4239 2706 4310 γενέσθαι
2732 4236 2890 4308 χύσιν
2922 4236 3020 4305 τῆς
3043 4232 3340 4304 ἁμαρτίας.
3375 4231 3448 4283 Τὸ
3467 4229 3522 4281 δὲ
3551 4227 3743 4298 ἁμάρ-

2145 4353 2296 4408 τημα
2325 4335 2420 4388 τοῦ
2455 4333 2648 4403 Λάμεχ
2674 4332 2734 4385 οὑ
2765 4325 3158 4397 κατακλυσμοῦ
3186 4325 3360 4378 δεῖται
3393 4320 3527 4392 πρὸς
3563 4318 3742 4389 θερα-

2145 4430 2327 4494 πείαν,
2383 4427 2496 4482 ἀλλ’
2531 4425 2697 4480 αὐτοῦ
2730 4423 2826 4476 τοῦ
2869 4421 3126 4492 αἴροντος
3157 4417 3256 4489 τὴν
3300 4411 3576 4486 ἁμαρτίαν
3633 4408 3739 4462 τοῦ

460 4515 589 4570 inde
613 4515 905 4578 confestim
939 4515 1103 4570 terris
1134 4528 1352 4583 paruam
1393 4523 1620 4582 propter
1647 4513 1894 4567 omnium
1917 4528 2049 4582 pec-
2083 4510 2124 4564 D
2154 4517 2387 4586 κόσμου.

461 4613 708 4660 catorum
739 4597 1107 4661 colluvionem
1151 4612 1208 4659 et
1251 4604 1627 4659 confusionem
1663 4605 1888 4658 illatam.
1923 4603 2182 4660 Lamechi
2241 4621 2406 4676 porro
2445 4604 2709 4664 delictum
2762 4601 2828 4657 ad
2881 4599 3220 4656 curationem
3257 4595 3593 4665 cataclysmo
3628 4604 3744 4648 non

460 4697 762 4769 indigebat,
786 4697 884 4760 sed
908 4698 1002 4752 illo
1033 4698 1153 4768 ipso
1183 4697 1278 4768 qui
1313 4697 1454 4754 tollit
1478 4704 1700 4767 peccata
1729 4693 1922 4748 mundi
1978 4696 2041 4747 ¹³.

1520 5025 1556 5059 /

1786 4978 2124 5035 EPISTOLA
2164 4975 2404 5032 LXXXI.

1906 5103 2300 5176 (F:agmenta.)

746 5225 829 5281 Ad
861 5225 1141 5278 monachos
1176 5224 1231 5277 in
1261 5221 1414 5277 lea
1440 5223 1766 5276 constitutos.

2360 5218 2518 5288 Πρὸς
2554 5217 2696 5284 τοὺς
2723 5218 2792 5271 ἑν
2824 5211 2988 5279 Φουᾷ
3026 5205 3337 5279 μοιηχοὺς
3365 5203 3466 5273 (Ι).

463 5317 669 5374 Contra
703 5333 799 5373 eos
833 5315 931 5386 qui
963 5313 1238 5370 affirmant
1272 5330 1566 5384 corporum
1591 5314 2038 5368 resurrectionem

2151 5314 2310 5370 Κατά
2341 5313 2450 5367 τῶν
2478 5310 2747 5379 λεγόντων
2785 5305 2860 5377 μὴ
2901 5300 3042 5357 εἶναι
3075 5301 3373 5356 ἀνάστασιν
3401 5294 3509 5348 τῶν
3543 5295 3746 5366 σωμά-

1110 5401 1223 5439 non
1251 5399 1393 5439 esse.

540 5477 710 5532 Aiunt
750 5477 918 5547 igitur
955 5491 1075 5531 esse
1106 5475 1253 5545 apud
1295 5490 1394 5528 vos
1421 5473 1514 5544 qui
1548 5483 1751 5544 negent
1778 5475 2055 5529 humano-

473 5586 596 5624 rum
642 5583 938 5639 corporum
971 5568 1435 5623 resurrectionem
1470 5607 1483 5631 ,
1525 5583 1646 5637 quae
1680 5583 1807 5638 pars
1842 5565 2059 5621 confes-

548 5707 664 5738 ¹¹·¹⁹
692 5705 830 5761 Gen.
874 5721 946 5771 vv,
985 5703 1074 5758 25.
1155 5704 1370 5760 "Joan.
1401 5721 1439 5768 I,
1469 5703 1556 5758 29.

2874 5391 2983 5427 των
2990 5413 3004 5427 .

2225 5473 2362 5526 Φασὶ
2398 5469 2577 5526 τοίνυν
2605 5467 2713 5518 τῶν
2747 5466 2805 5517 ὲν
2835 5464 2964 5533 ὑμῖν
3003 5477 3159 5522 τινας
3187 5453 3471 5528 ἀρνεῖσθαι
3499 5450 3608 5505 τῶν
3639 5451 3748 5504 ἀνα

2157 5564 2445 5634 θρωπίνων
2483 5559 2750 5630 σωμάτων
2778 5557 2878 5623 τὴν
2903 5556 3222 5617 ἀνάστασιν,
3257 5550 3395 5618 ὅπερ
3420 5546 3537 5599 ἐστὶ
3571 5543 3749 5616 μέρος

551 5817 627 5890 (ι)
661 5818 867 5887 Labbe,
901 5817 1099 5874 Concil.
1143 5828 1277 5875 tom.
1317 5819 1380 5882 γ,
1417 5834 1470 5889 p.
1512 5817 1636 5878 658,
1673 5832 1739 5868 ex
1783 5813 2076 5876 Iustiniani
2114 5812 2249 5879 imp.
2279 5817 2511 5864 tractatu
2545 5812 2735 5860 contra
2760 5813 2978 5854 errores
3001 5794 3277 5867 Origenis.
