4076 6432
358 388 497 446 1169

1650 402 1875 462 DUBIA.
1914 434 1983 447 —
2021 408 2109 464 DE
2149 408 2542 470 TRINITATE.

3492 423 3644 482 υτον

357 504 480 558 οὐδὲ
522 504 981 577 ὑποτεταγμένας·
1029 510 1162 565 καθὸ
1208 513 1266 567 δὶ
1309 513 1616 588 ἄνθρωπος,
1650 518 1776 574 οὐδὲ
1806 538 1933 575 ποτε

2042 540 2144 581 nec
2172 536 2234 582 ut
2270 528 2435 595 Deus,
2461 546 2563 587 nec
2597 540 2656 586 ut
2693 531 2857 589 homo
2892 534 3190 595 derelictus
3213 548 3299 596 cst
3325 556 3569 612 unquam
3594 559 3631 598 a

355 594 592 666 ἀνήκοος
623 597 814 666 γέγονε
842 599 937 653 τοῦ
973 604 1296 674 γεννήτορες
1320 605 1408 660 ἵνα
1439 606 1720 681 ὑποταγῆς
1746 610 1935 683 δεηθῇ.

240 718 247 721 -
356 687 433 741 Τὸ
459 688 735 761 ἡμέτερον
760 691 939 747 τοίνυν
962 694 1330 766 οἰκειούμενος
1355 698 1670 770 πρόσωπον,
1694 702 1788 756 καὶ
1816 702 1937 773 μεθ’

354 780 518 853 ἡμῶν
535 781 753 837 τάσσων
772 783 988 853 ἑαυτὸν,
1014 785 1189 842 ταῦτα
1206 787 1410 859 ἔλεγεν.
1456 790 1648 864 Ἡμεῖς
1668 793 1777 864 γάρ
1795 790 1939 867 ἦμεν

353 872 408 924 ot
441 871 719 943 ἁμαρτίας
761 874 859 928 καὶ
908 876 1154 951 κατάρας
1191 877 1388 951 ἔνοχοι,
1424 881 1502 947 ὡς
1545 883 1791 949 ἀπειθεῖς
1844 886 1940 941 καὶ

354 965 648 1035 παρήκοοι,
674 966 770 1021 καὶ
815 967 906 1022 διά
927 968 1089 1024 τοῦτο
1127 971 1698 1047 ἐγκαταλελειμμένα.
1740 977 1822 1033 Τά
1856 979 1936 1045 δὲ,

353 1054 447 1110 διά
461 1056 560 1128 τὴν
586 1056 709 1112 κατ’
736 1058 982 1114 ἐπίνοιαν
1014 1061 1296 1134 διαίρεσιν.
1335 1065 1462 1122 Ἐὰν
1494 1067 1602 1142 γὰρ
1628 1072 1695 1143 τῇ
1724 1071 1938 1145 ἐπινοίᾳ

356 1147 538 1238 διέλῃς
565 1150 635 1204 τά
658 1151 725 1222 τῇ
773 1151 1001 1227 ἀληθείᾳ
1024 1156 1324 1227 ἀχώριστα,
1356 1159 1476 1231 ἦτοι
1520 1162 1622 1235 τὴν
1663 1164 1844 1238 σάρκα
1873 1170 1940 1223 ὲκ

355 1237 454 1292 τοῦ
480 1239 678 1308 Λόγου,
723 1241 940 1312 λέγεται
987 1246 1082 1300 καὶ
1106 1246 1289 1314 δοῦλος
1313 1250 1408 1311 καὶ
1439 1252 1670 1322 ἀγνοῶν.
1693 1259 1804 1335 Kal:
1829 1258 1939 1331 γὰρ

356 1327 457 1421 τῇς
477 1328 668 1421 δούλης
691 1331 785 1385 καὶ
807 1333 1108 1407 ἀγνοούσης
1129 1337 1346 1407 φύσεως
1362 1336 1450 1413 ἦν·
1477 1345 1570 1400 καὶ
1585 1346 1636 1400 εί
1667 1348 1742 1420 μὴ
1763 1327 1939 1421 ἧνωτο

354 1418 435 1490 τῷ
467 1419 586 1492 Θεῷ
603 1421 764 1494 Λόγῳ
798 1424 832 1495 ἡ
863 1424 1021 1497 σὰρξ,
1052 1428 1216 1501 δούλη
1239 1426 1308 1503 ἦν
1342 1433 1434 1488 καὶ
1460 1418 1752 1505 ἀγνοοῦσα.
1776 1418 1940 1496 ’Λλλά

354 1510 446 1566 διὰ
480 1512 579 1583 τὴν
610 1512 748 1584 πρὸς
776 1514 867 1570 τὸν
903 1517 1035 1573 Θεὸν
1061 1520 1234 1592 Λόγον
1262 1523 1383 1578 καθ’
1404 1526 1698 1584 ὑπόστασιν
1722 1531 1937 1599 ἕνωσιν,

357 1600 481 1656 οὔτε
508 1603 669 1676 δούλη
693 1600 785 1677 ἦν,
818 1606 941 1662 οὔτε
958 1610 1161 1680 ἠγνόει.
1192 1614 1348 1670 Οῦτω
1377 1619 1472 1672 καὶ
1492 1619 1626 1675 Θεὸν
1652 1623 1818 1678 αὑτοῦ
1847 1625 1939 1681 τὸν

360 1693 577 1766 Πατέρα
592 1697 842 1754 ἐκάλεσε.
873 1700 956 1755 Τά
983 1701 1061 1770 δὲ,
1079 1704 1167 1758 διὰ
1182 1705 1280 1777 τὴν
1306 1708 1442 1780 πρὸς
1464 1712 1614 1782 ἡμᾶς
1633 1714 1940 1787 φανέρωσίν

354 1802 415 1877 τε
443 1789 537 1877 καὶ
574 1788 842 1877 πίστωσιν
859 1833 875 1858 ,
909 1792 986 1858 ὡς
1018 1797 1098 1861 τὸ,
1136 1817 1154 1849 ι
1182 1799 1388 1872 Πάτερ,
1414 1801 1637 1868 δόξασόν
1663 1822 1733 1876 με
1756 1809 1820 1877 τῇ
1848 1808 1938 1861 δό-

354 1875 442 1949 ξῃ,
560 1875 707 1952 εῖχον
748 1883 856 1956 πρὸ
900 1884 996 1940 τοῦ
1039 1886 1132 1941 τὸν
1170 1888 1376 1962 κόσμον
1403 1888 1542 1948 εἶναι
1584 1872 1736 1968 παρά
1762 1872 1867 1953 σοι.
1913 1919 1933 1952 ι

350 1970 526 2060 Λύτὸς
566 1972 676 2046 γὰρ
709 1974 1100 2049 δεδοξασμένος
1121 1974 1190 2052 ἦν
1221 1998 1282 2034 τε
1324 1983 1418 2037 καὶ
1449 1983 1618 2039 ἔστιν’
1650 1986 1765 2041 ἀλλ’
1805 1990 1938 2060 ἡμῖν

355 2059 454 2114 οὐκ
481 2056 549 2133 ἦν
584 2066 959 2138 φανερωθεῖσα
998 2070 1094 2125 καὶ
1138 2074 1475 2130 πιστωθεῖσα
1508 2078 1543 2148 ἡ
1575 2077 1702 2142 δόξα
1739 2079 1930 2136 αὐτοῦ.

352 2151 463 2206 Καὶ
486 2152 546 2207 τὸ
572 2155 677 2209 ὑπὸ
699 2156 793 2211 τοῦ
838 2158 1157 2218 Ἀποστόλου
1178 2165 1520 2237 εἰρημένον·ι
1556 2170 1663 2223 Τοῦ
1695 2170 1938 2242 ὁρισθέν-

350 2260 444 2307 τος
480 2245 613 2338 Υίοῦ
653 2249 789 2304 Θεοῦ
829 2251 887 2305 ὲν
921 2254 1150 2326 δυνάμει
1187 2259 1329 2313 κατά
1363 2259 1587 2332 Πνεῦμα
1623 2264 1937 2338 ἁγιωσύνης

353 2336 446 2391 καὶ
477 2337 537 2403 ἐξ
575 2340 927 2409 ἀναστάσεως
969 2347 1200 2417 νεκρῶν.
1236 2367 1255 2401 ι
1287 2350 1389 2405 Διά
1434 2351 1551 2425 γὰρ
1572 2352 1680 2408 τῶν
1723 2336 1937 2427 θαυμά-

349 2443 460 2480 των
489 2428 585 2481 καὶ
612 2429 714 2500 τῆς
742 2432 1115 2502 ἀναστάσεως,
1157 2438 1253 2492 καὶ
1271 2440 1381 2509 τῆς
1413 2442 1822 2515 ἑπιφοιτήσεως.
1840 2446 1936 2500 τοῦ

347 2517 506 2587 ἀγίου
526 2521 666 2574 Πνεύ
673 2540 864 2594 ματος,
878 2526 1201 2602 ὲφανερώθη
1218 2531 1312 2585 καὶ
1330 2532 1608 2607 ὲπιστώθη
1629 2535 1707 2607 τῷ
1723 2538 1945 2610 κόσμῳ,

346 2611 431 2665 ὅτι
468 2612 599 2677 Υἱός
639 2614 758 2668 ἐστι
785 2615 882 2671 τοῦ
905 2618 1062 2675 Θεοῦ.
1101 2622 1213 2676 Καὶ
1253 2623 1339 2689 τὸ,
1368 2642 1388 2678 ι
1432 2625 1746 2698 Προέκοπτε
1774 2630 1937 2702 σοφίᾳ

348 2707 446 2761 καὶ
467 2707 671 2778 χάριτι.
716 2725 736 2760 ι
769 2709 850 2763 Td
882 2710 941 2765 δὲ
971 2713 1111 2767 κατά
1148 2714 1248 2786 τὴν
1283 2716 1378 2771 τοῦ
1424 2718 1718 2773 Ἰουδαϊκοῦ
1755 2740 1927 2794 προσ-

345 2800 500 2856 ώπου
529 2801 826 2872 οίκείωσιν,
847 2805 986 2877 μετά
1012 2806 1120 2861 τῶν
1135 2807 1404 2864 Ἰουδαίων
1424 2810 1676 2883 ἀριθμῶν
1708 2813 1940 2884 ἑαυτὸν,

346 2893 423 2959 ὥς
477 2896 611 2966 πρὸς
641 2897 742 2968 τὴν
771 2899 1101 2972 Σαμαρεῖτίν
1135 2918 1301 2973 φησιν
1327 2917 1341 2932 ’
1380 2922 1399 2956 ι
1440 2903 1632 2975 Ὑμεῖς
1687 2924 1927 2978 προσκυο

347 2988 487 3042 ’θεῖτε
518 2989 546 3043 δ
573 2990 674 3044 οὐκ
700 2990 900 3058 οἴδατε,
950 2995 1109 3064 ἡμεῖς
1154 2996 1567 3068 προσκυνοῦμεν
1612 2997 1641 3053 ὃ
1680 2997 1937 3071 οἴδαμεν,

346 3082 428 3135 ὅτι
456 3083 490 3153 ἡ
525 3085 767 3156 σωτηρία
786 3086 852 3139 ὲκ
883 3085 992 3140 τῶν
1034 3087 1304 3143 Ἰουδαίων
1331 3089 1499 3145 ἐστίν.
1537 3109 1557 3143 ι

2042 615 2202 672 Patre
2233 636 2246 670 :
2276 634 2380 674 nec
2420 629 2737 690 peccatum,
2774 640 2880 683 nec
2919 630 3275 687 maledictum
3304 632 3485 691 factus
3517 646 3626 706 est,

2039 721 2145 762 nec
2188 708 2338 763 Patri
2392 712 2588 783 subjici
2636 729 2864 772 necesse
2918 719 3101 776 habet.
3144 723 3430 789 Quatenus
3473 729 3637 784 enim

2038 797 2206 864 Deus,
2241 801 2389 856 Patri
2414 804 2640 874 aequalis
2668 815 2773 873 est,
2790 814 2848 863 et
2874 824 2978 865 nec
2999 815 3333 884 contrarius,
3366 833 3472 875 nec
3495 821 3627 875 sub-

2034 886 2250 958 jectus;
2297 901 2573 961 quatenus
2613 911 2747 953 vero
2795 899 2999 968 homo,
3052 918 3336 975 nunquam
3384 911 3629 981 genitori

2040 979 2370 1038 inobediens
2408 983 2530 1051 fuit,
2565 995 2629 1042 ut
2671 990 3013 1061 subjectione
3042 1010 3184 1066 opus
3223 979 3469 1055 haberet.
3512 1002 3626 1058 Nos

2037 1072 2186 1126 enim
2218 1073 2312 1144 qui
2344 1076 2556 1145 peccati
2580 1086 2636 1134 et
2662 1081 3063 1140 maledictionis
3089 1087 3168 1141 rei
3191 1104 3427 1156 eramus,
3453 1101 3513 1147 ut
3533 1093 3621 1148 in-

2038 1159 2365 1219 obedientes
2404 1174 2460 1221 et
2503 1176 2877 1237 contumaces,
2906 1181 2964 1230 et
2995 1190 3059 1232 ea
3076 1176 3145 1233 de
3175 1193 3344 1236 causa
3374 1180 3623 1240 derelieti

2039 1269 2278 1312 eramus.
2310 1256 2570 1326 Quaedam
2599 1263 2828 1335 insuper
2856 1277 3082 1337 propter
3111 1269 3440 1329 divisionem
3471 1274 3623 1346 cogi-

2039 1346 2248 1405 tatione
2293 1349 2492 1407 factam
2535 1352 2604 1409 de
2635 1370 2703 1411 eo
2747 1358 3078 1415 alienantur.
3114 1361 3172 1418 Si
3205 1364 3354 1420 enim
3395 1382 3460 1422 ea
3501 1384 3625 1438 qua:

2039 1454 2234 1497 revera
2277 1445 2524 1514 separari
2569 1461 2680 1502 non
2712 1461 2978 1520 possunt,
3020 1452 3128 1510 hoc
3167 1464 3284 1523 est,
3327 1473 3551 1515 carnem
3592 1476 3627 1516 a

2041 1530 2219 1587 Verbo
2250 1533 2526 1603 diviseris,
2556 1546 2614 1594 et
2646 1554 2836 1598 servus
2861 1550 2918 1598 et
2959 1543 3218 1615 ignorans
3251 1546 3476 1605 dicitur.
3523 1549 3623 1606 Et-

2039 1624 2186 1679 enim
2227 1641 2397 1684 serva:
2429 1641 2485 1685 et
2524 1631 2834 1702 ignorantis
2860 1644 3069 1693 natura:
3091 1646 3212 1695 erat
3238 1657 3252 1694 :
3278 1656 3343 1697 ac
3374 1642 3481 1699 nisi
3506 1644 3635 1700 Deo.

2039 1715 2221 1772 Verbo
2245 1720 2403 1776 unita
2430 1736 2559 1779 caro
2580 1722 2796 1792 fuisset,
2828 1742 2986 1786 serva
3007 1737 3065 1784 et
3088 1729 3346 1802 ignorans
3372 1735 3619 1790 exstitis-

2041 1816 2145 1863 set.
2189 1808 2354 1882 Atqui
2387 1825 2613 1885 propter
2658 1817 2919 1876 unionem
2961 1824 3308 1893 personalem
3348 1840 3473 1881 cum
3510 1829 3641 1885 Deo.

2040 1898 2222 1955 Verbo
2245 1916 2424 1973 neque
2450 1920 2611 1962 serva
2639 1906 2763 1974 fuit,
2794 1926 2973 1981 neque
3001 1911 3307 1984 ignorantia
3326 1915 3620 1975 laboravit.

2040 1990 2132 2048 Sic
2166 1993 2332 2049 etiam
2362 1997 2602 2061 Patrem,
2628 2001 2801 2057 Deum
2832 2019 2993 2060 suum
3023 2007 3336 2077 appellavit.
3361 2008 3620 2076 Qua-dam

2036 2099 2202 2154 porro
2224 2097 2450 2159 propter
2474 2092 2970 2152 manifestationem
2990 2098 3059 2154 ad
3079 2115 3181 2156 nos
3203 2108 3261 2155 et
3278 2100 3334 2156 in
3359 2102 3469 2159 fide
3487 2087 3621 2160 cori-

2036 2173 2402 2236 ﬁrmationem
2428 2221 2443 2246 ,
2471 2189 2534 2236 ut
2558 2183 2717 2250 illud,
2761 2205 2780 2237 (
2806 2185 3064 2245 Gloriflca
3092 2206 3203 2257 me,
3224 2192 3622 2267 Pater,eaglo-

2036 2266 2117 2324 ria
2138 2285 2303 2339 quam
2321 2272 2488 2328 habui
2504 2274 2647 2345 apud
2667 2283 2720 2331 te
2735 2277 3056 2349 priusquam
3076 2280 3316 2339 mundus
3334 2291 3482 2338 esset
3499 2283 3566 2338 ’⁸.
3593 2303 3627 2338 »-

2034 2360 2164 2415 Erat
2195 2360 2344 2417 enim
2380 2363 2497 2434 ipse
2540 2373 2598 2421 et
2639 2376 2726 2422 est
2754 2369 3115 2440 gloriﬁcatus,
3156 2371 3254 2429 sed
3303 2374 3464 2429 nobis
3504 2390 3619 2430 non

2033 2453 2382 2510 manifestata
2411 2464 2468 2512 et
2489 2471 2749 2527 persuasa
2776 2468 2897 2516 erat
2922 2461 3098 2533 gloria
3123 2463 3265 2533 ejus.
3290 2463 3360 2519 Et
3387 2463 3522 2520 illud
3544 2464 3617 2520 ab

2032 2545 2295 2617 Apostolo
2314 2549 2524 2606 dictum
2551 2567 2565 2605 :
2602 2570 2622 2603 ι
2650 2552 2755 2620 Qui
2779 2553 3091 2618 declaratus
3120 2563 3208 2612 est
3233 2557 3408 2613 Filius
3437 2558 3535 2614 Dei
3558 2558 3617 2614 in

2033 2637 2281 2706 potentia
2309 2641 2613 2697 secundum
2648 2643 2915 2714 Spiritum
2945 2645 3397 2704 sanctificationis
3429 2664 3498 2704 ex
3523 2665 3616 2705 re-

2034 2728 2378 2787 surrectione
2410 2747 2443 2787 a
2470 2734 2709 2791 mortuis
2749 2736 2817 2790 9'.
2865 2755 2885 2788 ι
2921 2737 3025 2792 Per
3067 2737 3333 2794 miracula
3374 2739 3523 2795 enim
3560 2747 3625 2796 et

2034 2822 2520 2890 resurrectionem,
2546 2832 2604 2880 et
2648 2825 2945 2883 adventum
2980 2828 3220 2899 Spiritus
3273 2830 3472 2897 sancti,
3497 2847 3617 2889 mas-

2032 2911 2352 2970 nifestatum
2391 2925 2448 2971 et
2478 2932 2803 2988 persuasum
2830 2927 2916 2975 est
2945 2921 3173 2988 mundo,
3198 2938 3324 2979 eum
3364 2938 3487 2979 esse
3518 2924 3629 2980 Dei

2033 3005 2253 3062 Filium.
2275 3008 2343 3063 Et
2362 3008 2521 3076 illud,
2558 3029 2578 3061 ι
2600 3010 2931 3068 Proﬁciebat
2947 3014 3213 3083 sapientia
3232 3021 3288 3069 et
3304 3014 3477 3086 gratia
3498 3015 3565 3070 ⁸⁸.
3589 3035 3608 3067 ι

2031 3096 2289 3165 Quaedam
2332 3100 2572 3172 denique
2613 3104 2917 3160 secundum
2957 3104 3200 3162 Iudaicae
3239 3121 3488 3177 personae
3518 3122 3613 3163 ac-

348 3176 858 3243 commodationem,
896 3185 1170 3249 quatenus
1205 3181 1419 3237 Iudaeis
1447 3194 1863 3252 annumeratur,
1900 3186 1953 3243 ei
1982 3192 2340 3257 conveniunt,
2370 3200 2433 3248 ut
2473 3209 2613 3253 cum.
2630 3195 2700 3253 ad
2739 3195 3137 3256 Samaritanam
3181 3176 3361 3270 inquit
3394 3215 3465 3254 τι
3504 3196 3625 3256 Vos.

347 3266 589 3325 adoratis
617 3271 766 3342 quod
794 3272 1023 3328 nescitis
1060 3291 1074 3328 :
1113 3290 1215 3332 nos
1271 3275 1567 3335 adoramus
1620 3279 1770 3350 quod
1799 3280 2025 3351 scimus,
2056 3283 2188 3355 quia
2211 3285 2361 3343 salus
2392 3301 2461 3344 ex
2483 3287 2691 3346 Iudaeis
2727 3296 2814 3345 est
2852 3292 2919 3345 ".
2952 3308 2973 3344 ι

909 3433 1160 3489 sema.
1193 3435 1340 3504 Kq'.

412 3580 524 3634 Καὶ
547 3579 656 3635 τῶν
697 3583 836 3653 μετά
882 3584 980 3655 τὴν
1004 3586 1301 3642 ἀνάστασιν
1338 3589 1408 3644 τά
1439 3590 1539 3663 μὲν
1571 3591 1679 3646 είσὶ
1702 3591 1930 3664 θεοπρε-

342 3672 440 3741 πῆ,
469 3672 545 3738 ὡς
570 3674 655 3740 τὸ,
694 3694 713 3726 ι
749 3676 1114 3744 Βάπτξζοντες
1156 3680 1355 3746 αὐτοὺς
1385 3683 1463 3747 εἰς
1501 3683 1563 3738 τὸ
1611 3684 1784 3755 ὄνομα
1830 3683 1926 3740 τοῦ

342 3763 577 3834 Πατρὸς,
611 3766 705 3820 καὶ
732 3766 824 3820 τοῦ
855 3767 1008 3836 Υίοῦ,
1067 3769 1163 3824 καὶ
1192 3770 1286 3826 τοῦ
1319 3773 1477 3843 ἁγίου
1520 3775 1859 3846 Πνεύματος,
1899 3796 1928 3831 ιλ

342 3858 418 3921 ώς
480 3859 617 3913 Θεοῦ
684 3858 928 3930 δηλονότι
997 3863 1094 3917 καὶ
1174 3863 1270 3918 τοῦ
1347 3866 1502 3936 ἀγίου
1551 3868 1872 3940 Πνεύματος
1906 3884 1924 3901 ⁶

341 3953 437 4007 καὶ
462 3953 545 4021 τὺ,
583 3971 604 4006 ι
644 3954 775 4009 Ἰδοὺ
809 3952 922 4022 ἐγὼ
964 3954 1086 4026 μεθ’
1108 3955 1264 4026 ὑμῶν
1295 3957 1411 4029 είμι
1445 3958 1626 4022 πάσας
1653 3958 1756 4023 τὰς
1790 3958 1930 4032 ἡμέ-

344 4063 465 4116 ρας,
503 4046 611 4109 ἓως
640 4045 1072 4116 τῆςσυντελείας
1086 4046 1181 4101 τοῦ
1214 4047 1410 4113 αἰῶνος
1429 4066 1444 4081 ο
1479 4068 1497 4101 ι
1528 4051 1623 4103 καὶ
1650 4049 1722 4105 τὰ
1744 4051 1931 4106 τοιαῦ-

340 4154 432 4190 τα.
473 4137 561 4201 Ὡς
580 4137 688 4209 γάρ
736 4136 891 4203 Θεὸς,
934 4137 1050 4191 ἐστι
1084 4138 1203 4208 μεθ’
1227 4139 1406 4210 ἡμῶν.
1438 4141 1520 4195 Τὰ
1552 4141 1610 4195 δὲ
1641 4141 1929 4214 ἀνθρωπο-

343 4229 555 4301 πρεπῆ,
587 4228 661 4294 ὡς
690 4229 771 4294 τδ,
811 4250 829 4282 ι
877 4230 1221 4303 Ἐκράτησαν
1266 4232 1433 4287 αὐτοῦ
1478 4237 1607 4299 τοὺς
1648 4236 1855 4302 πόδας⁶
1899 4256 1918 4291 ι

339 4323 440 4376 καὶ
476 4321 567 4388 τὸ,
603 4340 622 4373 ι
654 4322 835 4376 Κάκεῖ
870 4339 938 4394 με
965 4321 1185 4393 ὄψονται
1218 4337 1232 4352 ·
1266 4342 1285 4376 ι
1318 4325 1415 4379 καὶ
1439 4324 1773 4381 τὰτοιαῦτα.
1804 4326 1927 4382 Τῶν

343 4414 488 4486 μετά
540 4413 641 4486 τὴν
697 4414 999 4469 ἀνάστασιν
1051 4414 1537 4489 ἀνθρωποπρεπῶν
1590 4419 1783 4489 τρόποι
1820 4419 1928 4475 εἰσὶ

338 4504 613 4575 διάφοροι.
652 4504 733 4559 Τά
780 4505 880 4576 μὲν
921 4503 1033 4576 γὰρ
1060 4503 1297 4576 ἀληθῶς,
1329 4504 1446 4560 ἀλλ’
1472 4507 1533 4560 οὐ
1565 4506 1709 4562 κατά
1740 4507 1923 4578 φύσιν,

341 4596 480 4652 ἀλλὰ
500 4596 622 4651 κατ’
643 4595 974 4668 οἰκονομίαν,
1008 4596 1146 4670 πρὸς
1171 4598 1235 4652 τὸ
1270 4597 1645 4654 πιστώσασθαι
1681 4600 1766 4654 ὅτι
1794 4600 1927 4655 αὐτὸ

341 4691 405 4744 τὸ
431 4688 602 4744 παθὸν
628 4689 792 4761 σῶμα
838 4688 1061 4762 ἀνέστη,
1101 4689 1179 4755 ὡς
1214 4690 1264 4744 οί
1320 4690 1609 4763 μώλωπες,
1641 4693 1675 4765 ἠ
1717 4693 1925 4765 βρῶσις

342 4782 442 4835 καὶ
476 4783 510 4852 ἡ
541 4781 700 4845 πόσις
731 4782 765 4852 ἡ
812 4780 951 4852 μετά
977 4779 1078 4853 τὴν
1113 4782 1433 4838 ἀνάστασιν.
1471 4777 1553 4838 Τά
1596 4784 1676 4849 δὲ,
1706 4785 1924 4858 ἀληθῶς

2624 3443 2777 3502 CAP.
2817 3445 3008 3503 XXVI;

2101 3596 2169 3652 Et
2198 3607 2698 3670 eorumquiin-post
2729 3600 3195 3657 resurrectionem
3239 3600 3502 3657 dicuntur
3539 3601 3616 3660 de

2027 3681 2252 3740 Christo
2295 3684 2403 3740 alia
2437 3686 2714 3743 divinitati
2740 3695 2872 3745 sunt
2924 3698 3327 3757 consentanea,
3356 3698 3419 3746 ut
3448 3691 3607 3758 illud,

2037 3789 2056 3824 ι
2092 3772 2443 3844 Baptizantes
2476 3792 2573 3833 eos
2602 3778 2658 3832 in
2689 3779 2910 3834 nomine
2936 3780 3215 3845 Patris,.et
3232 3780 3381 3848 Filii,
3410 3790 3469 3838 et
3488 3781 3613 3853 Spi-

2027 3864 2171 3921 ritus
2200 3867 2373 3922 sancti
2398 3869 2468 3934 ”',
2506 3887 2539 3921 ιο
2559 3877 2624 3924 ut
2648 3870 3034 3927 Deividelicet
3063 3880 3121 3928 et
3146 3871 3384 3942 Spiritus
3410 3873 3608 3940 sancti;

2027 3964 2085 4011 et
2107 3956 2244 4012 illud
2268 3998 2284 4023 ,
2318 3977 2338 4010 ι
2370 3958 2512 4016 Ecce
2540 3975 2642 4032 ego
2662 3961 2954 4017 vobiscum
2974 3978 3096 4018 sum
3123 3963 3382 4021 omnibus
3412 3964 3612 4022 diebus

2029 4063 2205 4119 usque
2230 4048 2300 4104 ad
2321 4051 2853 4108 consummationem
2872 4054 3056 4109 saeculi
3077 4054 3146 4120 θ’,
3169 4074 3188 4107 ι
3216 4055 3483 4113 etsimilia
3510 4075 3525 4112 :
3549 4065 3612 4113 ut

1976 4188 1984 4193 .
2027 4140 2175 4196 Deus
2196 4140 2343 4196 enim
2364 4142 2654 4200 nobiscum
2670 4152 2775 4200 est.
2796 4144 2916 4200 Alia
2931 4145 3258 4202 humanitati
3275 4158 3607 4219 congruunt,

2028 4238 2091 4285 ut
2115 4231 2270 4298 illud,
2322 4250 2342 4284 ι
2387 4230 2709 4290 Tenuerunt
2732 4235 2901 4305 pedes
2931 4236 3052 4306 ejus
3081 4236 3120 4304 ¹;
3151 4255 3170 4288 ι
3197 4244 3255 4291 ει
3281 4236 3414 4293 illud
3439 4277 3454 4303 ,
3483 4257 3502 4290 ι
3525 4238 3609 4294 lbi

2026 4336 2115 4377 me
2142 4322 2413 4379 videbunt
2442 4326 2487 4389 ²,
2525 4344 2544 4376 ι
2574 4332 2632 4380 ει
2658 4324 2876 4381 similia.
2907 4326 3082 4381 Porro
3109 4340 3301 4381 eorum
3337 4342 3461 4397 qua:
3484 4337 3612 4397 post

2028 4416 2495 4472 resurrectionem
2524 4417 2854 4473 humanitati
2893 4426 3206 4489 congruunt
3244 4417 3449 4475 diversi
3480 4427 3612 4475 sunt

2026 4505 2196 4561 modi.
2229 4504 2488 4573 Qumdam
2527 4508 2687 4563 enim-
2704 4524 2833 4565 vere
2865 4509 3109 4581 quidem,
3137 4525 3249 4566 non
3290 4517 3475 4567 tamen
3518 4528 3611 4570 se-

2026 4598 2270 4654 cundum
2316 4607 2603 4666 naturam,
2634 4601 2733 4657 sed
2770 4617 2871 4672 per
2910 4602 3373 4674 dispensationem
3415 4605 3468 4660 ei
3508 4605 3611 4660 tri-

2026 4689 2295 4757 buuntur,
2335 4690 2405 4746 ad
2450 4690 2613 4747 fidem
2654 4691 2916 4750 nimirum
2944 4694 3253 4751 faciendam
3283 4697 3432 4767 quod
3473 4696 3611 4752 illud

2028 4779 2220 4850 ipsum
2235 4796 2437 4853 corpus
2463 4782 2610 4852 quod
2639 4799 2861 4854 passum
2883 4793 2969 4841 est
2990 4782 3297 4844 resurrexit
3321 4804 3336 4841 :
3362 4788 3613 4858 quaedam

342 4874 487 4928 κατὰ
526 4872 725 4944 φύσιν,
751 4872 828 4937 ὡς
875 4872 937 4927 τὸ
998 4873 1344 4944 μεταϐαίνειν
1372 4874 1574 4940 τόπους
1629 4877 1693 4931 ὲκ
1741 4877 1923 4932 τόπων

2032 4887 2157 4928 vere
2188 4873 2492 4930 secundum
2534 4884 2784 4931 naturam
2811 4878 3161 4950 contingunt,
3188 4886 3248 4934 ut
3276 4878 3346 4935 de
3375 4879 3513 4935 locis
3556 4879 3612 4935 in

343 4965 623 5037 ἀμόχθως,
654 4967 751 5021 καὶ
776 4966 839 5020 τὸ
876 4964 965 5020 διὰ
1019 4965 1129 5020 τῶν
1162 4965 1342 5038 θυρῶν
1389 4966 1790 5038 κεκλεισμένων
1814 4969 1927 5023 εισ-

2032 4966 2150 5021 Ioca
2170 4967 2310 5023 citra
2330 4966 2704 5038 fatigationem
2730 4969 2968 5027 transire
2983 4979 3041 5025 et
3064 4985 3165 5040 per
3178 4971 3375 5041 januas
3396 4969 3612 5026 clausas

341 5059 540 5113 ελθεῖν.
574 5059 657 5115 Τὰ
708 5058 786 5123 δὲ,
844 5059 986 5114 κατὰ
1030 5058 1416 5131 προσποίησιν,
1461 5060 1640 5125 ώςτὸ,
1681 5079 1701 5113 ι
1745 5064 1926 5134 [lpos-

2032 5053 2264 5126 ingredi.
2317 5055 2579 5123 Quzedam
2630 5057 2998 5115 simulationis
3050 5058 3248 5125 modo,
3298 5067 3362 5113 ut
3421 5057 3557 5113 illud
3590 5096 3608 5125 ,

339 5149 639 5221 εποιήσατο
700 5149 1039 5222 πορρωτέρω
1098 5149 1446 5230 πορεύεσθαι.
1494 5169 1513 5203 ι
1578 5152 1661 5206 Τὰ
1717 5152 1796 5219 δὲ,
1831 5153 1927 5208 τοῦ

2036 5166 2057 5200 ‹
2077 5148 2272 5203 Finxit-
2290 5162 2350 5204 se
2376 5148 2593 5221 longius
2623 5149 2725 5205 ire.
2763 5167 2787 5201 ι
2811 5148 3067 5215 Quaedam
3096 5148 3386 5219 utriusque
3422 5148 3608 5217 simul,

345 5240 782 5312 συναμφοτέρου,
817 5241 893 5304 ὡς
921 5239 1001 5308 τὸ,
1033 5258 1052 5292 ι
1106 5240 1406 5297 Ἀναϐαίνω
1436 5241 1574 5314 πρὸς
1595 5242 1687 5295 τὸν
1708 5243 1928 5315 Πατέρα

2032 5250 2093 5296 ut
2115 5240 2253 5297 illud
2280 5281 2295 5307 ,
2330 5259 2352 5292 ι
2383 5240 2637 5298 Aseendo
2658 5240 2727 5296 ad
2756 5241 2973 5296 Patrem
3003 5254 3188 5295 meum
3210 5245 3268 5295 et
3289 5238 3359 5296 ad
3391 5240 3611 5297 Patrem

345 5350 450 5404 μου
501 5334 597 5388 καὶ
644 5332 867 5406 Πατέρα
905 5333 1079 5405 ὑμῶν,
1139 5333 1235 5388 καὶ
1288 5333 1422 5389 Θεόν
1482 5352 1586 5406 μου
1641 5335 1736 5390 καὶ
1787 5335 1922 5390 Θεὸν

2032 5342 2293 5398 vestrum,
2324 5331 2392 5387 ad
2423 5333 2598 5389 Deum
2623 5346 2806 5386 meum
2844 5340 2901 5386 ct
2922 5330 2990 5386 ad
3021 5331 3193 5387 Deum
3221 5340 3465 5388 vestrum
3490 5333 3552 5401 ³;
3582 5353 3605 5388 ο

342 5423 530 5496 ὑμῶν’
566 5444 586 5476 ι
643 5424 739 5478 καὶ
782 5423 880 5490 τὸ,
931 5442 949 5476 ι
1007 5424 1389 5479 Είσελεύσεται
1433 5426 1463 5478 ὁ
1519 5425 1770 5497 βασιλεὺς
1819 5412 1921 5496 ﬁl?

2032 5432 2087 5479 et
2126 5423 2262 5478 illud
2292 5462 2307 5490 ,
2344 5443 2362 5475 ι
2417 5422 2761 5494 lngredietur
2792 5437 2890 5477 rex
2927 5421 3115 5492 gloriae
3142 5421 3203 5488 δς
3260 5441 3278 5474 ι
3313 5430 3371 5480 et
3413 5423 3549 5480 illud
3589 5462 3609 5490 ,

339 5517 501 5589 δόξης
526 5533 542 5550 ·
587 5536 606 5570 ι
644 5516 852 5582 καὶτὸ,
896 5537 914 5570 ι
960 5518 1243 5573 Ἐκάθισεν
1298 5521 1357 5574 ὲν
1398 5518 1548 5591 δεξιᾷ
1598 5520 1698 5590 τῆς
1754 5537 1924 5620 μεγα-

2037 5535 2056 5568 ‹
2094 5515 2251 5572 Sedit
2289 5516 2346 5571 in
2379 5514 2604 5571 dextera
2634 5513 2935 5586 majestatis
2964 5514 3020 5568 in
3047 5514 3280 5571 excelsis
3300 5516 3343 5571 ⁸.
3385 5535 3403 5568 ι
3448 5514 3610 5582 Qua:-

338 5606 592 5679 λωσύνης
645 5607 705 5662 ἐν
756 5608 870 5672 τοῖς
903 5605 1147 5679 ὑψηλοῖς.
1187 5626 1205 5660 ι
1247 5608 1329 5663 Td
1378 5608 1437 5663 δὲ
1468 5608 1545 5676 ὡς
1601 5608 1720 5680 μεθ’
1765 5608 1923 5681 ἡμῶν

2032 5608 2155 5664 dam
2178 5607 2419 5679 denique
2438 5615 2712 5678 quatenus
2729 5620 2791 5662 se
2806 5605 2865 5661 in
2895 5613 3147 5662 nostrum
3167 5605 3415 5663 ordinem
3435 5605 3609 5664 ascri-

413 5770 463 5805 ’⁸
492 5772 650 5829 Joan.
674 5789 816 5839 xvn,
842 5773 894 5828 5.
1001 5773 1047 5806 ⁸⁵
1080 5774 1238 5831 Rom.
1277 5791 1331 5842 ι,
1359 5776 1413 5830 4.
1523 5776 1569 5810 ⁸⁵
1591 5775 1726 5833 Luc.
1755 5791 1792 5831 ιι
1813 5817 1827 5842 ,
1852 5775 1933 5831 52.

2032 5776 2063 5808 ’τ
2097 5775 2253 5832 Joan.
2282 5789 2367 5839 iv,
2402 5772 2456 5827 2.
2571 5772 2616 5808 "
2640 5770 2831 5830 Matth.
2865 5788 3064 5842 xxviii,
3092 5771 3180 5831 i9.
3276 5772 3321 5807 "
3346 5770 3483 5828 Ibid.
3514 5770 3605 5828 ΞΟ.

347 5835 363 5868 ⁸
389 5842 530 5901 Ibid.
566 5847 619 5901 9.
694 5845 715 5875 ‘
743 5835 881 5901 Ibid.
921 5843 1002 5900 iO.
1080 5846 1100 5877 ³
1123 5844 1280 5902 Joau.
1309 5835 1398 5915 ix,
1430 5846 1513 5900 17.
1592 5847 1612 5880 ⁸
1635 5846 1777 5904 Psal.
1803 5835 1931 5903 risui

2032 5887 2036 5900 .
2112 5847 2133 5878 "
2158 5845 2327 5902 Hebr.
2356 5835 2407 5913 ἰ,
2433 5844 2486 5900 5.
