4076 6482
492 390 624 448 1171

1469 396 1527 452 8.
1568 396 1911 457 CYRlLLL‘S
1946 401 2485 466 ALEXANDRINUS
2521 412 2839 469 ARCillEP.

3633 404 3768 463 “‘12

485 510 565 565 bit
599 510 888 565 divisionis
930 511 1094 565 modo
1130 527 1252 582 quae
1292 513 1348 567 in
1376 514 1526 568 nuda
1565 515 1898 585 cogitatione
1937 532 2042 571 con

2180 523 2369 577 ἑαυτὸν
2390 525 2677 591 τάττοντος
2707 524 2785 596 τῷ
2810 523 2997 595 τρόπῳ
3024 525 3122 594 τῆς
3154 523 3297 577 κατὰ
3329 520 3491 592 ψιλὴν
3524 520 3769 575 ἐπίνοιαν

482 602 626 659 sistit
653 603 723 657 de
761 617 830 658 eo
871 602 1152 670 dicuntur,
1197 615 1295 672 ut,
1326 626 1344 658 ι
1373 606 1546 662 Deum
1588 624 1773 663 meum
1817 619 1872 665 et
1894 611 2069 666 Deum

481 703 723 750 vestrum
759 738 774 750 .
821 714 840 747 ι
874 695 1141 753 Sublimia
1173 698 1341 769 igitur
1386 707 1596 756 natura:
1633 702 1835 761 divinae
1879 704 2070 774 illique

479 799 599 856 qua:
628 784 986 855 passioiiibus
1006 796 1092 844 est
1116 790 1369 860 superior
1399 800 1456 847 et
1482 803 1639 848 vacat
1665 809 1930 866 corpore;
1961 798 2067 853 hu-

478 878 629 935 milia
661 879 917 937 humanze
959 899 973 937 :
1006 884 1318 939 communia
1348 885 1686 956 composito,
1731 904 1928 960 nempe
1972 891 2067 946 uni

474 966 716 1040 Christo,
746 975 844 1044 qui
874 975 1021 1031 Deus
1051 985 1108 1031 et
1142 976 1309 1032 homo
1330 987 1436 1041 est,
1466 977 1815 1037 attribuenda
1846 994 1993 1038 sunt.

1069 1090 1223 1146 CAP.
1268 1087 1478 1147 XXVII.

543 1198 845 1254 Sciendum
889 1200 1074 1272 itaque
1108 1212 1221 1265 est,
1258 1206 1404 1271 quod
1442 1206 1745 1263 divinitatis
1774 1216 1829 1263 et
1868 1210 2062 1265 huma—

473 1290 664 1345 nitatis
679 1292 902 1346 nomina
922 1294 1191 1348 essentias
1212 1296 1325 1350 sive
1344 1304 1568 1352 naturas
1589 1298 1897 1370 designent:
1919 1302 2065 1358 Deus

471 1388 655 1436 autem
681 1391 737 1437 et
758 1383 923 1439 homo
942 1385 1107 1439 etiam
1138 1385 1206 1440 de
1230 1394 1425 1441 natura
1448 1399 1786 1458 usurpantur
1814 1408 1827 1443 :
1854 1399 1915 1445 ut
1937 1407 2062 1446 cum

470 1478 710 1535 dicimus
745 1497 757 1532 :
788 1480 935 1534 Deus
973 1488 1058 1535 est
1098 1481 1337 1535 essentia
1384 1482 1978 1553 incomprehensibilis,
2007 1497 2063 1542 et

469 1570 616 1639 quod
655 1572 799 1626 Deus
830 1587 973 1627 unus
999 1572 1090 1627 sit.
1119 1571 1224 1627 Sed
1249 1582 1305 1627 et
1331 1573 1399 1628 de
1430 1576 1683 1644 personis
1709 1577 2062 1647 accipiuntur

468 1670 531 1715 ut
565 1662 956 1731 particularius
996 1664 1417 1721 universalioris
1457 1682 1659 1723 nomen
1695 1670 1929 1741 accipiat
1959 1690 1972 1724 :
2001 1680 2063 1727 ut

467 1770 594 1809 cum
642 1752 777 1811 dicit
809 1754 1092 1827 Scriptura
1127 1774 1141 1811 :
1180 1777 1197 1808 ι
1247 1758 1549 1828 Propterea
1593 1761 1751 1814 unxit
1797 1769 1848 1816 te
1876 1761 2056 1827 Deus,

2177 613 2513 687 διαιρέσεως,
2531 618 2608 682 ώς
2624 618 2714 684 τὸ,
2743 637 2761 671 ι
2791 617 2923 671 Θεόν
2949 632 3051 687 μου
3072 615 3166 669 καὶ
3184 613 3316 669 Θεὸν
3339 612 3512 684 ὑμῶν.
3530 631 3548 664 ι
3566 613 3657 667 Δεῖ
3674 608 3769 668 οῦν

2173 706 2242 760 τὰ
2275 706 2373 778 μὲν
2398 707 2579 778 ὑψηλὰ
2606 707 2936 780 προσνέμειν
2965 709 3030 778 τῇ
3066 705 3189 775 θείᾳ
3217 705 3314 758 xui.
3355 704 3628 774 κρείττονι
3658 703 3766 771 φύ-

2173 812 2255 849 σει
2291 797 2478 852 παθῶν
2509 799 2603 853 καὶ
2627 798 2902 869 σώματος’
2928 796 2998 851 τὰ
3020 796 3077 850 δὲ
3105 794 3357 860 ταπεινὰ,
3387 796 3454 865 τῇ
3487 791 3766 863 ἀνθρωπί-

2170 902 2255 960 νῃ·
2290 890 2356 944 τά
2381 888 2438 942 δὲ
2485 890 2660 954 κοινὰ,
2688 891 2768 959 τῷ
2799 888 3059 961 συνθὲτῳ,
3093 888 3264 959 ἤγουν
3305 884 3383 956 τῷ
3412 885 3494 939 ὲν).
3519 882 3764 956 Χριστῷ,

2168 981 2227 1043 ὃς
2256 981 2373 1034 ἐστι
2401 981 2533 1046 Θεὸς
2564 982 2660 1038 xui.
2684 982 2992 1053 ἄνθρωπος.

2769 1091 3025 1146 ΚΕΦΑΛ.
3064 1086 3193 1146 KZ’.

2248 1202 2447 1256 ’ἰστέον
2468 1202 2649 1257 τοίνυν
2686 1205 2868 1259 ὅτιτὸ
2920 1205 3019 1276 μὲν
3053 1205 3153 1274 τῆς
3210 1204 3466 1273 θεότητος
3514 1203 3610 1258 καὶ
3659 1202 3764 1270 τῆς

2164 1294 2585 1366 άνθρωπότητος
2638 1295 2812 1368 ὄνομα
2856 1297 2969 1350 τῶν
3001 1297 3201 1351 οὐσιῶν
3225 1295 3586 1368 ἧτοιφύσεών
3641 1297 3760 1349 ἐστι

2166 1388 2592 1458 παραστατικόν·
2616 1387 2678 1442 τὸ
2701 1387 2758 1441 δὲ
2781 1388 2914 1453 Θεὸς
2937 1390 3030 1443 xui.
3059 1388 3348 1461 ἄνθρωπος
3387 1390 3483 1443 καὶ
3532 1388 3627 1441 ἐπὶ
3658 1388 3761 1458 τῆς

2164 1474 2382 1545 φύσεως
2406 1477 2683 1531 τάττεται·
2708 1478 2912 1531 ὁπόταν
2941 1478 3220 1549 λέγωμεν,
3246 1478 3381 1542 Θεός
3407 1479 3558 1530 ἐστιν
3615 1477 3760 1531 ἀκα-

2161 1567 2438 1638 τάληπτος
2464 1567 2643 1635 οὐσία,
2672 1570 2767 1622 καὶ
2793 1568 2875 1622 ὅτι
2904 1564 3116 1633 εἷςὲστι
3145 1568 3301 1633 Θεός.
3320 1568 3676 1640 Λαμσάνεται
3701 1566 3760 1621 δὲ

2163 1660 2257 1713 xui
2285 1662 2380 1713 ἐπὶ
2413 1660 2519 1715 τῶν
2552 1660 2926 1725 ὑποστάσεων,
2954 1660 3032 1724 ώς
3060 1660 3157 1715 τοῦ
3194 1659 3572 1733 μερικωτέρου
3599 1659 3756 1730 δεχο-

2166 1752 2328 1823 μένου
2353 1752 2415 1805 τὸ
2460 1751 2555 1805 τοῦ
2598 1751 3036 1823 καθολικώτερον
3068 1752 3262 1823 ὄνομα.
3310 1752 3399 1815 Ὠς
3430 1751 3558 1805 ὅταν
3588 1751 3757 1822 φησὶν

467 1844 614 1902 Deus
661 1854 788 1902 tuus
814 1846 854 1901 ⁸.
897 1866 915 1900 ›
946 1847 1084 1904 Vide
1128 1849 1277 1903 enim
1320 1849 1470 1919 quod
1514 1850 1729 1905 Patrem
1760 1860 1817 1906 et
1857 1850 2044 1907 Filium

2164 1843 2431 1916 ήΓραφή⁹
2471 1860 2489 1894 ι
2510 1841 2608 1896 Διὰ
2638 1843 2799 1897 τοῦτο
2819 1843 3005 1915 ἔχρισέ
3036 1860 3097 1898 σε
3126 1842 3155 1895 6
3183 1842 3339 1907 Θεὸς,
3368 1844 3398 1895 6
3427 1842 3559 1904 Θεός
3588 1858 3704 1895 σου.
3729 1860 3748 1892 ι

465 1938 786 1996 declaravit.
816 1940 883 1995 Et
907 1955 1031 1996 cum
1056 1941 1193 1996 dicit
1217 1941 1499 2012 Scriptura
1531 1960 1542 1996 :
1578 1963 1595 1991 ι
1628 1944 1804 2000 Homo
1830 1945 2054 2016 quidam

461 2039 581 2088 erat
614 2033 669 2087 in
705 2033 928 2104 regione
962 2034 1213 2090 Ausitide
1240 2035 1282 2090 ⁷.
1324 2056 1342 2086 ›
1374 2035 1560 2090 Solum
1594 2038 1743 2091 enim
1776 2038 1878 2094 Job
1908 2038 2055 2094 desi-

461 2121 667 2191 gnavit.
692 2121 960 2190 Quoniam
990 2124 1160 2196 igitur
1191 2125 1246 2179 in
1267 2125 1501 2182 Domino
1522 2138 1713 2183 nostro
1734 2128 1865 2185 Jesu
1887 2128 2051 2185 Chri-

459 2223 547 2268 sto
573 2211 710 2267 duas
732 2213 956 2283 quidem
987 2224 1234 2280 naturas,
1272 2218 1435 2270 unam
1466 2225 1649 2271 autem
1679 2232 1747 2272 ex
1784 2218 2052 2274 ambabus

458 2305 819 2376 compositam
868 2322 1161 2377 personam
1214 2309 1594 2380 agnoscimus;
1651 2326 1776 2366 eum
1823 2319 2051 2366 naturas

456 2397 681 2466 quidem
719 2396 1153 2466 consideramus,
1182 2400 1527 2457 divinitatem
1560 2411 1617 2458 et
1650 2402 2050 2458 humanitatem

454 2488 796 2559 appellamus
826 2509 838 2544 :
863 2507 988 2546 eum
1011 2499 1193 2547 autem
1213 2507 1279 2546 ex
1305 2493 1518 2548 naturis
1544 2495 1901 2565 compositam
1926 2510 2050 2565 per-

453 2594 645 2635 sonam
669 2593 883 2638 contcm
893 2583 1128 2653 plamur,
1151 2583 1286 2639 alias
1306 2585 1375 2639 ab
1396 2594 1630 2656 utroque
1649 2584 1930 2641 Christum
1951 2601 2051 2640 no-

453 2671 749 2737 minamus,
775 2681 830 2727 et
855 2674 1028 2728 Deum
1063 2684 1228 2746 atque
1252 2674 1532 2730 hominem
1564 2676 1867 2731 secundum
1900 2675 2048 2730 idem

452 2776 509 2821 et
529 2766 702 2821 Deum
725 2769 1090 2834 incarnatum,
1116 2769 1251 2823 alias
1271 2783 1337 2823 ex
1360 2785 1469 2824 una
1488 2774 1644 2839 parte
1669 2769 1843 2824 Deum
1869 2770 2046 2824 solum

452 2866 510 2912 et
527 2857 727 2911 Filium
747 2857 864 2921 Dei,
882 2868 938 2913 el.
956 2858 1235 2913 hominem
1254 2859 1429 2913 solum
1459 2858 1741 2930 liliumque
1768 2858 2042 2915 hominis:

452 2957 507 3004 ct
529 2949 823 3019 aliquando
845 2950 1067 3019 quidem
1092 2967 1121 3005 a
1143 2951 1470 3007 sublimibus
1494 2959 1725 3017 tantum,
1751 2950 2046 3023 aliquando

451 3054 585 3094 vero
614 3038 683 3094 ab
720 3038 1021 3095 humilibus
1078 3048 1291 3098 tantum
1327 3042 1685 3112 appellamus.
1715 3042 1869 3099 Unus
1897 3045 2043 3099 enim

450 3138 537 3186 est
569 3132 663 3202 qui
703 3139 760 3188 et
789 3132 925 3189 illud
956 3142 1010 3189 et
1044 3134 1297 3191 similiter
1336 3135 1553 3192 exsistit
1585 3154 1597 3189 :
1630 3151 1866 3207 quorum
1907 3134 2043 3192 illud

2172 1932 2304 1988 Ἰδοὺ
2331 1934 2442 2007 γὰρ
2468 1934 2561 1989 τὸν
2592 1935 2816 2007 Πατέρα
2842 1936 2936 1991 καὶ
2961 1935 3055 1989 τὸν
3084 1935 3212 1989 Υἱὸν
3239 1934 3497 2006 ἐδήλωσε.
3532 1934 3643 1988 Καὶ
3676 1932 3756 1998 ώς

2156 2027 2283 2081 ὅταν
2302 2026 2456 2101 λέγῃ.
2495 2046 2513 2079 ι
2540 2026 2863 2098 ’Ἄνθρωπός
2881 2042 2967 2090 τις
2993 2022 3061 2098 ἦν
3088 2027 3146 2080 ἐν
3176 2024 3332 2097 χώρᾳ
3352 2027 3419 2095 τῇ
3448 2023 3745 2077 Αὐσίτιδι.»

2155 2118 2260 2173 Τὸν
2288 2118 2399 2190 γάρ
2441 2116 2565 2171 Ἰὼϐ
2592 2118 2752 2190 μόνον
2783 2118 3075 2189 ἐδήλωσεν.
3126 2118 3250 2170 Ἐπὶ
3287 2112 3381 2170 οὖν
3412 2115 3505 2169 τοῦ
3538 2114 3752 2187 Κυρίου

2152 2207 2314 2279 ἡμῶν
2346 2207 2523 2280 Ἰησοῦ
2553 2208 2815 2282 Χριστοῦ,
2840 2208 3028 2281 ἐπειδὴ
3063 2207 3157 2261 δύο
3182 2205 3282 2279 μὲν
3313 2207 3413 2270 τὰς
3437 2205 3627 2275 φύσεις
3663 2220 3753 2273 γι-

2154 2295 2468 2370 νώσκομεν,
2528 2301 2659 2371 μίαν
2701 2299 2759 2353 δὲ
2814 2299 2913 2372 τὴν
2961 2299 3259 2353 ὑπόστασιν
3313 2297 3373 2364 ἐξ
3420 2296 3751 2368 ἀμφοτέρων

2154 2388 2429 2443 σύνθετοψ
2476 2389 2605 2444 ὅταν
2647 2386 2747 2460 μὲν
2773 2388 2875 2453 τὰς
2909 2387 3103 2458 φύσεις
3150 2384 3597 2458 ἁναθεωροῦμεν,
3630 2383 3750 2436 θεό-

2150 2496 2292 2552 τητα
2320 2480 2416 2535 καὶ
2442 2480 2841 2552 άνθρωπότητα
2868 2477 3161 2548 καλοῦμεν·
3207 2478 3298 2531 ὅτε
3322 2477 3379 2531 δὲ
3413 2478 3516 2547 τὴν
3542 2476 3609 2529 ὲκ
3637 2474 3747 2528 τῶν

2152 2571 2370 2640 φύσεων
2404 2571 2754 2625 συντεθεῖσαν
2802 2572 3122 2634 ὑπόστασιν,
3182 2569 3315 2623 ποτὲ
3377 2569 3477 2639 μὲν
3534 2569 3600 2620 ὲκ
3647 2565 3745 2619 τοῦ

2152 2663 2569 2735 συναμφοτέρου
2609 2661 2845 2735 Χριστὸν
2891 2661 3253 2733 ὀνομάζομεν,
3310 2658 3407 2714 xui.
3459 2657 3592 2713 Θεὸν
3648 2656 3746 2711 καὶ

2149 2755 2435 2828 ἄνθρωπον
2469 2755 2612 2811 κατὰ
2626 2754 2823 2808 ταυτὸν
2851 2754 2947 2808 καὶ
2973 2753 3108 2807 Θεὸν
3142 2747 3743 2824 σεσαρκωμένον.Ποτὲ

2148 2851 2205 2906 δὲ
2241 2851 2298 2919 ἐξ
2320 2850 2438 2916 ἑνὸς
2469 2851 2576 2905 τῶν
2595 2849 2799 2922 μερῶν,
2826 2848 2959 2903 Θεὸν
2989 2848 3150 2919 μόνον
3174 2848 3270 2901 xui.
3300 2846 3427 2899 Υἰὸν
3457 2843 3613 2909 Θεοῦ,
3648 2842 3743 2896 καὶ
3796 2874 3800 2878 -

2149 2944 2436 3016 ἄνθρωπον
2461 2943 2620 3015 μόνον
2656 2941 2752 2997 xui.
2780 2941 2900 2995 υἱὸν
2916 2939 3230 3012 ἀνθρώπου.
3254 2939 3367 2993 Καὶ
3390 2937 3522 2992 ποτὲ
3550 2936 3650 3009 μὲν
3675 2936 3743 2990 ἐκ

2147 3033 2255 3087 τῶν
2282 3033 2504 3106 ὑψηλῶν
2534 3033 2712 3105 μόνον,
2755 3032 2888 3086 ποτὲ
2922 3032 2979 3086 δὲ
3008 3033 3075 3085 ὲκ
3098 3030 3206 3085 τῶν
3239 3027 3517 3084 ταπεινῶν
3550 3027 3740 3102 μόνον.

2148 3119 2242 3189 Εἷς
2265 3125 2374 3197 γάρ
2397 3127 2545 3178 ἐστιν
2578 3126 2606 3178 6
2632 3124 2856 3178 κάκεῖνο
2888 3123 2986 3178 καὶ
3016 3122 3177 3176 τοῦτο
3212 3122 3417 3193 ὁμοίως
3451 3120 3736 3192 ὑπάρχων⁸

450 3221 674 3291 quidem
730 3239 946 3294 semper
991 3232 1104 3288 est,
1140 3225 1245 3281 hoc
1285 3241 1416 3282 vero
1464 3226 1816 3297 postmodum
1857 3240 2043 3283 amore

2146 3217 2209 3271 τὸ
2256 3219 2354 3289 μὲν
2382 3216 2459 3271 ὢν
2487 3217 2595 3271 άεί⁸
2639 3218 2702 3270 τὸ
2722 3217 2781 3270 δὲ
2829 3215 3125 3286 γενόμενος
3164 3215 3392 3287 ὕστερον
3420 3213 3511 3267 διά
3543 3213 3739 3282 φιλαν-

450 3314 669 3383 generis
712 3316 936 3371 humani
982 3316 1161 3373 factus
1189 3326 1290 3373 est.
1340 3317 1475 3375 Cum
1524 3334 1655 3389 ergo
1696 3318 2041 3375 divinitatem

449 3405 706 3471 dicimus,
739 3408 807 3463 ab
837 3408 1198 3465 humanitatis
1235 3408 1671 3479 proprietatibus
1708 3410 1883 3480 ipsam
1929 3426 2041 3466 non

449 3495 890 3554 denominamus.
924 3500 1114 3569 Neque
1144 3499 1292 3554 enim
1339 3496 1683 3555 divinitatem
1724 3501 2041 3570 passibilem

449 3599 547 3645 aut
564 3598 808 3647 creatam
827 3590 1089 3655 dicimus,
1101 3606 1281 3661 neque
1297 3591 1366 3646 de
1385 3605 1550 3645 carne
1564 3592 1679 3647 sive
1698 3593 2041 3650 humanitate

451 3677 762 3735 divinitatis
787 3679 1044 3735 idiomata
1084 3680 1465 3750 praedicamus.
1497 3681 1618 3736 Non
1644 3682 1792 3738 enim
1817 3697 2042 3740 carnem

449 3784 548 3825 seu
578 3769 979 3825 humanitatem
1009 3771 1307 3827 increatam
1335 3772 1591 3828 dicimus.
1624 3773 1880 3829 Persona:
1905 3789 2040 3830 vero

450 3860 571 3916 sive
594 3874 718 3916 eam
747 3861 815 3916 ab
844 3869 1098 3933 utraque,
1129 3862 1245 3919 sive
1276 3864 1343 3918 ab
1373 3879 1482 3918 una
1507 3863 1749 3934 partium
1785 3860 2037 3921 denomi-

447 3968 667 4019 ncmus,
703 3955 988 4011 ambarum
1032 3965 1354 4013 naturarum
1389 3958 1758 4029 proprietates
1803 3957 2042 4028 imponi-

446 4063 589 4103 mus.
622 4046 879 4104 Christus
904 4048 1054 4104 enim
1088 4049 1181 4120 qui
1216 4059 1512 4121 utrumque
1555 4049 1718 4105 simul
1751 4057 1861 4115 est,
1892 4050 2038 4106 Deus

444 4148 503 4195 et
533 4142 720 4205 homo,
747 4150 969 4197 creatus
989 4148 1046 4198 et
1071 4142 1369 4208 increatus,
1400 4140 1678 4212 passibilis
1705 4149 1762 4196 et
1787 4139 2039 4211 impassn-

444 4233 574 4289 bilis
600 4235 826 4290 dicitur.
860 4228 929 4290 Et
970 4250 1096 4291 cum
1127 4252 1213 4291 ex.
1238 4251 1347 4291 una
1375 4234 1614 4305 partium
1647 4244 1708 4290 ut
1735 4233 1906 4290 Filius
1937 4234 2035 4290 Dei

442 4334 500 4383 et
528 4328 673 4383 Deus
705 4329 1046 4394 nominatur,
1077 4336 1134 4385 et
1162 4328 1547 4384 coexsistentis
1578 4327 1684 4383 sibi
1718 4336 1949 4393 naturae,
1978 4327 2036 4383 id

442 4426 547 4483 est,
581 4421 764 4474 carnis
807 4419 1174 4490 proprietates
1204 4419 1521 4490 assumpsit,
1566 4428 1628 4475 ut
1666 4419 1814 4475 Deus
1839 4435 2036 4489 passus

441 4516 497 4563 et
521 4510 710 4581 gloriae
739 4510 1036 4566 cruciﬁxus
1065 4518 1326 4576 vocetur,
1363 4528 1474 4567 non
1506 4511 1689 4581 quoad
1730 4512 1897 4576 Deus,
1933 4510 2031 4569 sed

442 4601 624 4669 quoad
647 4600 792 4656 idem
815 4602 980 4657 etiam
1012 4602 1180 4656 homo
1210 4607 1314 4656 est.
1338 4599 1586 4671 Cumque
1608 4603 1775 4656 homo
1802 4612 1859 4657 et
1883 4602 2033 4659 filius

442 4689 684 4745 hominis
727 4692 1066 4753 nominatur,
1097 4687 1299 4745 divinae
1332 4700 1540 4745 natura:
1567 4691 1932 4761 proprietates
1974 4701 2033 4748 et

442 4781 829 4853 prazrogativas
867 4781 1089 4852 accipit,
1132 4789 1195 4834 ut
1228 4795 1368 4849 puer
1402 4781 1618 4837 saeculis
1647 4782 1929 4853 antiquior
1974 4792 2031 4839 et

442 4873 607 4928 homo
651 4873 911 4945 principii
960 4888 1159 4942 expers
1204 4872 1543 4942 appelletur;
1593 4889 1705 4928 non
1755 4884 2028 4945 quatenus

442 4981 577 5033 puer
608 4973 663 5020 et
687 4965 872 5028 homo,
902 4963 1000 5017 sed
1028 4970 1303 5032 quatenus
1322 4979 1449 5018 cum
1471 4964 1617 5020 Deus
1640 4976 1787 5021 esset
1813 4967 2030 5024 saeculis

439 5056 739 5127 antiquior,
775 5053 998 5110 tandem
1028 5069 1168 5123 puer
1189 5053 1367 5109 iactus
1389 5065 1493 5111 est.
1521 5056 1727 5128 Estque
1760 5058 1851 5114 hic
1880 5074 2031 5114 com-

442 5148 766 5203 mutationis
803 5145 1000 5202 modus
1028 5146 1294 5201 alterutra
1323 5157 1520 5203 natura
1564 5151 1721 5205 alteri
1769 5167 1868 5205 sua
1900 5164 2031 5219 pro-

440 5240 557 5311 pria
608 5248 835 5310 propter
872 5254 1119 5310 personae
1160 5240 1507 5299 idcntitatem
1544 5251 1601 5299 et
1637 5252 1886 5298 mutuam
1930 5242 2032 5295 im-

441 5334 776 5388 mentionem
836 5333 1297 5390 communicantc.
1360 5334 1475 5390 Hoc
1529 5344 1783 5406 respectu
1841 5334 2027 5389 dicere

440 5437 734 5494 possumus
767 5422 971 5479 Christi
999 5443 1012 5478 :
1047 5444 1065 5477 ι
1109 5425 1207 5481 llic
1235 5424 1381 5482 Deus
1406 5434 1596 5482 noster
1618 5427 1674 5479 in
1705 5432 1847 5480 terra
1876 5425 2027 5480 visus

435 5520 542 5581 est,
568 5521 624 5569 et
650 5529 776 5569 cum
806 5515 1123 5572 hominibus
1150 5525 1509 5573 conversatus
1534 5524 1622 5572 est
1649 5517 1705 5581 8;
1745 5535 1763 5570 ι
1791 5526 1847 5573 et
1881 5555 1896 5581 ,
1926 5518 2027 5573 Hic

437 5603 604 5662 homo
632 5608 942 5677 increatus,
985 5618 1044 5665 et
1084 5608 1474 5679 impassibilis,
1514 5616 1573 5663 et
1614 5606 2024 5667 incircumscri-

438 5707 567 5771 ptus
593 5707 699 5755 est.

510 5868 699 5935 “Paul.
736 5887 878 5944 κων,
904 5876 958 5931 8.
1033 5875 1054 5908 ⁷
1086 5872 1211 5931 Job.
1248 5888 1288 5941 ι,
1324 5874 1371 5929 1.
1449 5872 1470 5904 ⁸
1500 5874 1716 5933 Bai-uel!
1753 5896 1830 5947 lii,
1869 5882 1957 5937 ΞΒ.

2146 3311 2414 3384 θρωπίαν.
2449 3311 2693 3383 Θεότητα
2720 3308 2820 3381 μὲν
2848 3304 2940 3364 οὖν
2961 3309 3234 3378 λέγοντες,
3265 3308 3328 3361 οὐ
3361 3304 3738 3377 κατονομάζο-

2146 3420 2246 3475 μεν
2275 3404 2447 3475 αὐτῆς
2474 3404 2543 3458 τά
2575 3404 2674 3474 τῆς
2720 3401 3142 3474 άνθρωπότητος
3169 3399 3457 3471 ἰδιώματα.
3500 3399 3577 3452 Ub
3626 3399 3740 3470 γάρ

2143 3512 2326 3567 φαμεν
2359 3495 2591 3567 θεότητα
2624 3494 2874 3566 παθητὴν
2908 3494 2942 3565 ἢ
2971 3494 3219 3566 κτιστήν⁶
3251 3491 3374 3547 οὐτε
3404 3492 3459 3546 δὲ
3476 3492 3579 3562 τῆς
3600 3508 3737 3563 σαρ-⁵

2143 3589 2238 3654 κὸς
2277 3588 2398 3659 ἦτοι
2434 3591 2533 3660 τῆς
2571 3587 2992 3661 άνθρωπότητος
3033 3584 3453 3659 κατηγοροῦμεν
3509 3584 3579 3638 τά
3635 3584 3736 3656 τῆς

2145 3680 2398 3752 θεότητος
2448 3681 2740 3753 ἰδιώματα.
2786 3681 2865 3734 Oti
2892 3681 3002 3753 γάρ
3054 3697 3237 3752 φαμεν
3273 3679 3455 3750 σάρκα
3488 3678 3607 3749 ἦτοι
3638 3676 3734 3730 άν-

2142 3772 2474 3846 θρωπότητα
2504 3774 2783 3830 ἄκτιστον.
2827 3773 2952 3828 Ἐπί
2997 3773 3055 3826 δὲ
3089 3772 3189 3843 τῆς
3220 3769 3596 3835 ὑποστάσεως,
3629 3767 3735 3823 κᾶν

2141 3866 2207 3920 ὲκ
2243 3865 2339 3919 τοῦ
2366 3865 2806 3937 συναμφοτέρου,
2828 3864 2931 3921 κᾶν
2964 3865 3025 3932 ἒξ
3047 3864 3167 3929 ἐνὸς
3193 3862 3302 3916 τῶν
3326 3860 3510 3936 μερῶν
3529 3861 3735 3929 ταύτην

2139 3955 2517 4026 ὀνομάσωμεν,
2572 3954 2905 4026 ἀμφοτέρων
2952 3954 3064 4008 τῶν
3094 3952 3310 4023 φύσεων
3358 3951 3428 4005 τὰ
3466 3948 3735 4020 ἰδιώματα

2136 4048 2277 4120 αὐτῇ
2317 4046 2654 4119 ὲπιτίθεμεν.
2702 4046 2816 4102 Καὶ
2862 4045 2973 4119 γὰρ
3006 4047 3035 4100 6
3067 4044 3325 4118 Χριστὸς,
3354 4044 3491 4114 ὅπερ
3523 4042 3643 4095 ἐστὶ
3672 4039 3733 4094 τὸ

2139 4143 2573 4213 συναμφότερον,
2604 4140 2699 4194 xui.
2723 4139 2855 4203 Θεὸς
2894 4137 2990 4194 xui
3029 4138 3318 4211 ἅνθρωπος
3348 4137 3592 4206 λέγεται,
3624 4150 3730 4187 κτι-

2138 4234 2262 4297 στὸς
2313 4234 2410 4289 καὶ
2441 4234 2719 4299 ἄκτιστος,
2773 4232 2870 4287 xui
2915 4232 3160 4303 παθητὸς
3191 4231 3285 4284 καὶ
3331 4228 3571 4300 ἀπαθής.
3619 4224 3733 4281 Καὶ

2134 4326 2263 4382 ὅταν
2291 4324 2352 4391 ἐξ
2378 4325 2499 4391 ἑνὸς
2531 4325 2639 4379 τῶν
2671 4323 2856 4397 μερῶν
2881 4322 2978 4379 καὶ
3006 4322 3133 4387 Υἱὸς
3171 4320 3307 4376 Θεοῦ
3333 4321 3427 4375 καὶ
3453 4319 3587 4385 Θεὸς
3609 4319 3732 4374 ὀνο-

2138 4416 2400 4489 μάζηται,
2452 4418 2671 4491 δέχεται
2720 4417 2790 4472 τά
2841 4417 2940 4489 τῆς
2999 4413 3475 4487 συνυφεστηκυίας
3512 4412 3732 4481 φὸσεως

2140 4509 2430 4581 ἰδιώματα,
2461 4511 2694 4582 ἧτοιτῆς
2722 4507 2924 4580 σαρκὸς
2954 4506 3088 4571 Θεὸς
3122 4504 3367 4578 παθητὸς
3391 4504 3730 4575 ὀνομαζόμεο

2065 4575 2109 4630 D
2137 4575 2272 4668 νος,
2290 4601 2386 4655 xui.
2424 4575 2629 4673 Κῦριος
2650 4575 2765 4672 ’τῆς
2794 4575 2976 4670 ⁷δόξης
3005 4575 3439 4678 ἐσταυρωμένος
3472 4597 3534 4650 οὐ
3589 4594 3732 4649 καθὸ

2138 4695 2295 4761 Θεὸς,
2320 4694 2457 4750 ἀλλὰ
2477 4693 2615 4749 καθὸ
2630 4694 2727 4749 καὶ
2752 4693 3041 4764 ἄνθρωπος
3074 4693 3102 4745 6
3127 4692 3311 4756 αὐτός.
3339 4691 3452 4745 Καὶ
3478 4691 3609 4744 ὅταν
3633 4687 3728 4743 ἄν·

2139 4786 2358 4856 θρωπος
2410 4785 2505 4838 καὶ
2534 4785 2651 4849 υἱὸς
2703 4783 2998 4854 ἀνθρώπου
3025 4781 3383 4855 ὀνομάζηται,
3413 4780 3627 4853 δέχεται
3656 4779 3724 4831 τά

2135 4877 2237 4946 τῆς
2284 4876 2439 4939 θείας
2490 4874 2677 4940 οὐσίας
2739 4873 3009 4946 ἰδιώματα
3046 4875 3139 4929 xui.
3167 4875 3464 4945 αὐχήματα
3510 4871 3721 4926 παιδίον

2140 4967 2469 5040 προαιώνιον
2497 4966 2593 5020 καὶ
2633 4966 2925 5039 ἄνθρωπος
2947 4962 3221 5037 ’ἄναρχος,
3248 4964 3309 5018 οὐ
3345 4963 3482 5020 καθὸ
3512 4961 3726 5016 παιδίον

2135 5063 2232 5117 xui.
2265 5060 2574 5133 ἄνθρωπος,
2598 5060 2737 5117 άλλά
2761 5062 2901 5118 καθὸ
2934 5060 3169 5128 Θεὸςιῶν
3196 5059 3546 5132 προαιώνιος,
3570 5058 3726 5127 γέγο-

2133 5171 2224 5209 νεν
2260 5154 2348 5207 ἐπ’
2378 5138 2625 5225 ἐσχάτων
2667 5155 2904 5210 παιδίον.
2936 5155 3047 5210 Καὶ
3090 5148 3248 5218 οὗτός
3281 5156 3429 5208 ἐστιν
3460 5152 3489 5204 6
3520 5150 3722 5223 τρόπος

2132 5247 2234 5317 τῆς
2289 5246 2645 5313 ἀντιδόσεως,
2699 5247 2967 5323 ἑκατέρας
3023 5248 3241 5317 φύσεως
3288 5244 3611 5316 ἀντιδοὺσης
3651 5245 3720 5316 τῇ

2132 5336 2298 5408 ἑτέρᾳ
2330 5337 2401 5392 τὰ
2436 5338 2565 5404 ῐδια,
2599 5337 2693 5392 διὰ
2722 5339 2825 5409 τὴν
2863 5340 2962 5410 τῆς
3004 5338 3358 5403 ὑποστάσεως
3390 5336 3722 5408 ταυτότητά,

2134 5428 2229 5483 καὶ
2256 5430 2354 5501 τὴν
2386 5431 2467 5495 εἰς
2494 5429 2701 5500 ἄλληλα
2731 5431 2916 5484 αὐτῶν
2953 5430 3348 5504 περιχώρησιν.
3380 5427 3542 5484 Κατὰ
3563 5426 3725 5485 τοῦτο

2131 5522 2412 5593 δυνάμεθα
2437 5523 2611 5577 εἰπεῖν
2648 5523 2776 5593 περὶ
2799 5522 3035 5595 Χριστοῦ
3059 5539 3071 5552 ·
3116 5541 3135 5573 ι
3157 5516 3324 5585 Οὗτος
3350 5522 3379 5575 6
3404 5519 3536 5583 Θεὸς
3565 5519 3725 5589 ἡμῶι

2132 5612 2227 5667 ἐπὶ
2257 5614 2356 5684 τῆς
2387 5614 2491 5685 γῆς
2527 5611 2705 5685 ὤφθη,
2735 5614 2833 5668 xui.
2858 5616 2972 5679 τοῖς
3010 5613 3318 5686 ἀνθρώποις
3358 5608 3726 5681 συνανεστρά-

2134 5724 2238 5779 φη·
2266 5726 2284 5758 ι
2331 5707 2444 5771 καί,
2485 5706 2543 5762 Ὀ
2589 5705 2876 5778 ἄνθρωπος
2936 5702 3096 5772 οὗτος
3152 5704 3406 5769 ἆκτιστός
3465 5703 3582 5758 ἐστι
3630 5698 3721 5762 καί

2133 5797 2352 5871 ἀπαθὴς
2378 5799 2472 5854 xui
2501 5797 2936 5871 ἁπερίγραπτος.
