4076 6426
337 333 478 387 1175

421 516 842 607 Ἐνηνθρώπησε
871 535 1049 588 τοίνυν
1076 536 1104 587 ὁ
1134 532 1259 597 Υἱὸς
1300 532 1395 585 καὶ
1440 530 1615 599 Λόγος
1637 528 1731 583 τοῦ
1761 528 1921 595 Θεοῦ,

337 626 426 684 ἵνα
457 628 526 682 δι’
560 625 729 681 αὑτοῦ
769 626 864 679 καὶ
907 625 966 678 ὲν
1013 623 1164 694 αὑτῷ
1214 622 1545 694 ὰνακαινίσῃ
1582 621 1683 693 μὲν
1713 621 1772 674 τὺ
1803 623 1923 675 κατ’

336 720 523 775 εἰκόνα
568 718 667 772 καὶ
710 717 832 771 καθ’
864 714 1154 787 ὁμοίωσιν·
1185 713 1374 786 διδάξῃ
1417 714 1476 767 δὲ
1518 714 1613 767 καὶ
1647 714 1799 784 ἡμᾶς
1825 712 1925 785 τὴν

335 814 594 885 ἐνάρετον
626 808 924 874 πολιτείαν,
952 807 1158 876 ταύτην
1197 806 1265 861 δι’
1301 805 1496 860 ἑαυτοῦ
1532 807 1766 877 ποιήσας
1794 805 1926 876 ἡμῖν
1954 830 1959 833 τ

337 902 693 958 εὐεπίϐατον·
723 900 821 954 καὶ
858 903 923 971 τῇ
965 899 1066 969 τῆς
1113 898 1260 970 ζωῆς
1283 895 1542 968 κοινωνίᾳ
1581 895 1928 968 ἐλευθερώσῃ

336 995 438 1066 τῆς
484 992 691 1064 φθορᾶς
735 990 836 1062 τὴν
873 990 1320 1061 καταφθαρεῖσαν
1381 987 1690 1059 ἀνθρώπων
1739 985 1923 1057 φύσιν,

337 1084 562 1157 ἀπαρχὴ
606 1082 901 1153 γενόμενος
946 1080 1048 1151 τῆς
1098 1078 1257 1151 ἡμῶν
1299 1080 1675 1143 ἀναστάσεως,
1705 1077 1928 1147 καὶτῆς

336 1174 657 1249 τυραννίδος
686 1173 782 1229 τοῦ
815 1173 1067 1227 διαϐόλου
1104 1170 1471 1243 λυτρώσηται,
1511 1170 1648 1241 πρὸς
1694 1167 1927 1237 θεογνω-

342 1269 466 1323 σίαν
500 1269 649 1339 ἡμᾶς
686 1264 943 1329 καλέσας.
973 1264 1259 1319 Πέπαυται
1296 1264 1429 1332 γοῦν
1460 1265 1493 1335 ἡ
1520 1262 1629 1318 τῶν
1654 1262 1927 1333 δαιμόνων

340 1359 629 1433 θρησκεία,
659 1359 694 1426 ή
735 1357 914 1421 κτίσις
951 1355 1033 1428 τῷ
1058 1356 1190 1428 θείῳ
1218 1357 1478 1428 ἡγίασται
1504 1354 1721 1437 αἵματι,
1754 1352 1935 1424 βωμοὶ

342 1454 438 1509 καὶ
454 1453 572 1507 ναοὶ
588 1450 821 1505 εἰδώλων
838 1448 1204 1521 καθῄρηνται,
1235 1448 1536 1516 θεογνωσία
1563 1449 1924 1515 πεφύτευται,

343 1547 515 1617 Τριὰς
542 1547 576 1617 ή
618 1542 926 1615 ὁμοούσιος,
958 1544 987 1596 ὀ
1018 1537 1100 1607 εἷς
1132 1542 1266 1607 Θεὸς
1293 1541 1551 1612 ἀληθινὸς
1607 1538 1927 1595 πιστεύεται

345 1641 442 1693 καὶ
477 1635 822 1708 λατρεύεται,
864 1636 1061 1707 ἀρεταὶ
1106 1635 1486 1688 πολιτεύονται
1519 1672 1534 1698 ,
1572 1631 1926 1696 ἀναστάσεως

342 1732 537 1804 βεϐαία
570 1731 727 1795 ἐλπὶς
758 1728 847 1783 διὰ
876 1729 976 1807 τῆς
1010 1727 1250 1800 Χριστοῦ
1282 1726 1496 1780 δέδοται
1548 1724 1922 1792 ἀναστάσεως,

1522 326 1748 384 DUBIA.
1789 358 1858 367 —
1898 328 1985 381 DE
2025 328 2417 383 TRINITATE.

902 442 1154 495 ΚΕΦΛΛ.
1197 441 1332 493 KII'.
1506 501 1511 503 Α
1952 450 1998 503 Α

3474 324 3613 383 HM

2596 439 2748 494 CAP.
2794 438 3029 494 XXVIII.

2099 533 2272 587 llomo
2304 532 2470 603 igitur
2504 531 2679 585 factus
2715 541 2801 586 est
2842 531 3013 585 Filius
3043 537 3098 585 et
3134 529 3371 585 Verbum
3411 527 3527 591 Dei,
3556 538 3614 581 ut

2027 640 2127 694 per
2155 624 2395 695 scipsum
2435 632 2491 679 et
2535 624 2590 677 in
2632 623 2814 693 seipso
2860 622 3113 693 imaginis
3140 631 3196 677 et
3237 621 3615 677 similitudinis

2027 717 2195 771 decus
2224 724 2577 781 restauraret,
2609 731 2818 786 nosque
2848 717 3036 771 virtuti
3066 726 3487 772 consentancam
3518 731 3615 785 per

2028 822 2087 863 se
2108 808 2361 863 eﬂ‘ectam
2385 792 3100 863 facilemiconversationem
3128 808 3402 872 edoceret,
3425 823 3490 862 ac
3517 821 3615 876 per

2027 902 2154 957 vitm
2175 900 2728 956 communicationem
2750 917 2779 954 a
2802 900 3155 970 corruptione
3180 900 3473 954 humanam
3497 914 3617 953 cor-

2028 1004 2247 1062 ruptam
2284 1001 2537 1047 naturam
2572 1002 2775 1047 nostrze
2801 991 3221 1047 resurrectionis
3243 991 3499 1061 primitiu‘.
3540 990 3617 1045 fa-

2029 1092 2152 1140 ctus
2177 1088 2198 1118 ⁸
2230 1086 2524 1154 liberaret,
2558 1093 2614 1139 et
2656 1084 2723 1138 ad
2764 1083 2859 1139 Dei
2912 1082 3280 1154 cognitionem
3314 1091 3538 1137 vocatos
3585 1098 3617 1135 e

2029 1162 2318 1249 tyrannide
2352 1176 2556 1235 diaboli
2594 1176 2909 1232 redimeret.
2942 1174 3180 1230 Proinde
3203 1175 3386 1230 cultus
3413 1173 3619 1229 damiu-

2027 1288 2161 1327 num
2207 1272 2399 1339 desiit,
2439 1280 2693 1326 creatura
2743 1268 2932 1325 divino
2983 1268 3249 1339 sanguine
3283 1266 3620 1324 sanctiﬁcata

2026 1370 2145 1429 est,
2195 1362 2388 1418 altaria
2436 1368 2493 1416 et
2542 1360 2744 1430 templa
2794 1359 3067 1414 idolorum
3116 1357 3399 1413 destructa
3454 1367 3619 1423 sunt,

2029 1455 2271 1527 cognitio
2299 1455 2394 1510 Dei
2425 1454 2481 1509 in
2512 1454 2713 1509 animis
2757 1452 3045 1507 hominum
3086 1451 3330 1522 plantata
3358 1458 3462 1516 est,
3501 1450 3623 1505 Tri-
3692 1488 3697 1493 η

2027 1552 2175 1606 nitas
2227 1546 2608 1604 coessentialis
2663 1559 2810 1599 unus
2853 1558 3021 1599 verus
3070 1543 3217 1597 Deus
3265 1540 3515 1597 creditur
3567 1548 3625 1593 et

2030 1642 2251 1706 colitur,
2297 1640 2536 1695 virtutes
2590 1644 2953 1702 exercentur;
3005 1631 3434 1689 resurrectionis
3469 1630 3624 1685 ﬁrma

2032 1749 2161 1805 spes
2191 1747 2290 1803 per
2323 1730 2531 1787 Christi
2561 1727 3022 1787 resurrectionem
3060 1724 3263 1779 donata
3288 1732 3393 1788 est,
3422 1721 3627 1776 daemo-

341 1786 627 1895 τρέπουσι
661 1786 792 1885 τᾶὓς
851 1786 1027 1881 πόλεις
1064 1786 1437 1890 ⁵ὑποχειρίους
1489 1814 1818 1887 ἀνθρώπους
1852 1786 1926 1868 ἰοί

2036 1842 2136 1882 nes
2168 1825 2301 1880 olim
2347 1821 2688 1893 mancipatos
2733 1818 2837 1875 sibi
2877 1817 3132 1873 homines
3160 1816 3624 1888 perhorrescunt;

338 1913 594 1985 δαίμονες
638 1928 653 1945 ’
683 1910 782 1965 καὶ⁵
829 1909 892 1985 τό
945 1925 1011 1978 γε
1039 1908 1377 1980 θαυμαστὸν,
1411 1908 1495 1961 ὅτι
1529 1905 1704 1977 ταῦτα
1751 1902 1933 1957 πάντα

340 2002 429 2058 διὰ
453 2000 711 2073 σταυροῦ,
743 2000 837 2054 καὶ
873 1996 1213 2064 παθῶνίκαὶ
1254 1990 1487 2053 θανάτου
1530 1993 1889 2067 κατώρθωται
1917 2011 1929 2024 ·

344 2093 426 2156 εἰς
464 2092 648 2145 πᾶσαν
689 2090 790 2161 τὴν
825 2090 930 2159 γῆν
984 2089 1047 2142 τὸ
1079 2089 1416 2159 Εὑαγγέλιον
1453 2087 1556 2157 τῆς
1599 2083 1934 2155 θεογνωσίας

344 2186 706 2255 κεκήρυκται,
739 2182 802 2255 οὐ
834 2180 1057 2253 πολέμῳ
1081 2181 1178 2234 καὶ
1206 2180 1390 2244 ὅπλοις
1424 2180 1519 2234 και
1544 2177 1935 2251 στρατοπέδοις
1970 2212 1977 2216 -

342 2254 475 2339 τοὺς
527 2254 811 2338 ὲναντίοῦς
877 2273 1273 2346 τροπούμενον,
1333 2273 1448 2328 ἀλλ’
1486 2272 1660 2341 ὀλίγοι
1709 2269 1930 2341 γυμνοὶ,

343 2364 552 2437 πτωχοὶ
595 2364 693 2417 καὶ
748 2364 1109 2436 ἀγράμματοι
1154 2350 1513 2434 διωκόμενοι,
1565 2362 1931 2433 αἰκιζόμενοι,

342 2456 758 2527 θανατούμενοι,
804 2456 1193 2528 σταυρωθέντα
1250 2456 1419 2528 σαρκὶ
1444 2456 1542 2511 καὶ
1569 2455 1800 2511 θανόντα
1830 2472 1933 2527 κη-

343 2547 655 2619 ρύττοντες,
698 2546 810 2600 τῶν
852 2546 1067 2614 πολλῶν
1103 2547 1200 2602 καὶ
1234 2546 1481 2603 δυνατῶν
1518 2546 1615 2601 κα)⁸
1662 2545 1934 2602 πλουσίων

343 2642 441 2715 καὶ
476 2639 659 2711 σοφῶν
703 2640 1128 2712 κατεκράτησαν
1152 2656 1165 2669 ·
1190 2640 1410 2711 ὲνίσχυε
1447 2638 1557 2709 γὰρ
1604 2638 1803 2702 αὐτοὺς
1833 2635 1929 2691 τοῦ

346 2731 756 2804 σταυρωθέντος
800 2734 834 2803 ή
900 2732 1311 2805 παντοδύναμος
1361 2732 1613 2808 δύναμις.
1658 2731 1717 2785 '0
1767 2729 1935 2785 πάλαι

284 2836 289 2840 ’
344 2822 725 2897 φοϐερώτατος
757 2823 985 2890 θάνατος
1012 2827 1261 2898 ἥττηται,
1295 2825 1510 2897 καὶτῆς
1535 2823 1757 2897 ἡδίστης
1787 2821 1935 2895 ζωῆς

344 2915 441 2971 νῦν
496 2915 883 2989 προκρίνεταιι
934 2915 1122 2971 Ταῦτα
1171 2919 1274 2989 τῆς
1331 2913 1574 2987 Χριστοῦ
1630 2913 1937 2984 παρουσίας

345 3008 416 3064 τὰ
471 3008 898 3082 κατορθώματα,
955 3009 1129 3063 ταῦτα
1177 3010 1280 3080 τῆς
1319 3007 1486 3063 αὐτοῦ
1533 3005 1821 3080 δυνάμεως
1867 3005 1938 3060 τά

346 3102 727 3173 γνωρίσματα.
783 3102 860 3155 0ρὺ
911 3101 1023 3173 γὰρ
1073 3100 1256 3166 ώςδιὰ
1304 3099 1556 3165 Μωσέως
1594 3100 1691 3175 ἕνα
1725 3096 1854 3175 λαὸν
1877 3095 1938 3161 ἐξ

349 3164 626 3263 Ᾰὶγῦπτου
658 3194 754 3248 καὶ
786 3194 885 3265 τῆς
917 3164 1162 3259 δουλείας
1184 3193 1387 3271 Φαραὼ
1415 3164 1693 3249 θάλασσαν
1718 3170 1938 3262 διαστή-
1966 3164 2008 3222 C‘

352 3301 455 3347 σας
478 3285 731 3340 διέσωσεο
757 3286 937 3339 πᾶσαν
969 3285 1028 3339 δὲ
1068 3285 1269 3357 μᾶλλον
1300 3286 1400 3357 τὴν
1424 3282 1826 3356 ἁνθρωπότητα
1873 3282 1939 3335 ἐκ

347 3376 557 3449 φθορᾶς
592 3377 827 3432 θανάτου
857 3376 949 3430 καὶ
970 3375 1065 3430 τοῦ
1091 3376 1290 3447 πικροῦ
1330 3379 1599 3449 τυράννου
1630 3376 1732 3447 τῆς
1754 3376 1937 3445 ἁμαρ-

346 3470 472 3534 τίας
512 3468 816 3545 ξῤῥύσατοο
839 3469 901 3524 οὺ
939 3468 1031 3542 βίᾳ
1068 3469 1220 3538 ἄγων
1258 3468 1396 3540 προς
1425 3467 1629 3542 ἀρετὴν
1667 3468 1762 3522 καὶ
1788 3456 1939 3520 εὐσέ-

346 3563 525 3627 ϐειαν,
557 3563 679 3634 οὐχὶ
705 3565 778 3634 γῇ
809 3562 1184 3634 καταχωννὺς,
1239 3562 1303 3616 οὐ
1357 3561 1496 3634 πορὶ
1550 3558 1935 3630 καταφλέγων,

348 3655 447 3708 καὶ
476 3651 877 3707 λιθοϐολεῖσθαι
920 3652 1279 3725 προστάσσων
1318 3653 1446 3718 τοὺς
1490 3652 1933 3726 ἁμαρτάνοντας·

347 3745 493 3800 ἀλλὰ
537 3736 809 3817 πραότητι
858 3745 956 3799 καὶ
1019 3745 1375 3818 μακροθυμίᾳ
1434 3743 1711 3817 αἱρεῖσθαι
1762 3743 1940 3798 ταῦτα

350 3835 553 3909 πείθων
572 3836 701 3899 τοὺς
720 3834 1063 3907 ἀνθρώπους.
1120 3836 1245 3891 Ἀλλ
1260 3838 1294 3905 ’,
1318 3831 1363 3892 ῶ
1384 3837 1518 3891 Θεοῦ
1542 3836 1706 3907 Λόγε,
1730 3835 1826 3891 καὶ
1852 3853 1940 3889 σο-

349 3925 472 3995 φία,
497 3924 591 3980 καὶ
610 3924 867 3995 δύναμις,
892 3925 1039 3981 τίσοι
1055 3927 1177 3981 ἀντὶ
1195 3927 1401 3983 τούτων
1432 3927 1691 3983 ἁπάντων
1721 3928 1771 3981 oi
1804 3925 1940 3982 ἄπο-

351 4034 437 4089 ροι
456 4018 553 4071 καὶ
572 4016 818 4082 ἀσθενεῖς
850 4020 1014 4089 ἡμεῖς
1043 4018 1431 4092 ἀντιδοίημενς
1464 4020 1546 4075 Σά
1578 4020 1688 4093 γὰρ
1721 4018 1940 4075 ἅπαντα

349 4107 448 4161 καὶ
482 4108 656 4172 αἰτεῖς
698 4106 830 4181 παρ’
858 4108 1017 4180 ἡμῶν
1051 4109 1223 4175 οὐδὲν,
1256 4110 1290 4183 ἢ
1343 4111 1405 4166 τὸ
1453 4111 1746 4177 σώζεσθαι.
1769 4110 1942 4175 Αὐτὸς

350 4197 462 4269 γὰρ
499 4198 593 4252 καὶ
636 4198 798 4255 τοῦτο
831 4198 1028 4265 διδοὺς,
1065 4201 1161 4255 καὶ
1214 4202 1556 4274 λαμϐάνουσι
1590 4203 1749 4276 χάριν
1783 4201 1943 4267 εἰδὼς

349 4287 419 4342 δι’
449 4287 653 4357 ἄφατον
684 4287 1023 4360 ἁγαθότητα.
1058 4290 1153 4346 Σοὶ
1185 4291 1368 4367 χάρις,
1391 4291 1469 4364 τῷ
1504 4292 1564 4346 τὸ
1588 4288 1727 4348 εἶναι
1777 4293 1941 4348 δεδω-

348 4379 491 4447 κότι,
531 4380 627 4435 καὶ
659 4380 723 4435 τὸ
751 4376 811 4436 εῦ
844 4376 987 4436 εἶναι
1033 4382 1391 4455 χαρισαμένῳ
1412 4400 1426 4415 ο
1461 4386 1572 4438 κάκ
1608 4376 1803 4440 τούτου
1833 4402 1941 4440 πα-

349 4470 696 4543 ραπεσόντας
731 4465 889 4534 αὖθις
922 4471 1330 4541 ὲπαναγαγόντι
1365 4472 1503 4544 πρὸς
1536 4471 1695 4526 τοῦτο
1720 4470 1809 4527 διὰ
1840 4471 1942 4542 τῆς

348 4564 592 4636 ἀρρήτου
643 4579 738 4617 σου
801 4563 1282 4633 συγκαταϐάσεως.
1351 4564 1442 4618 Σοὶ
1496 4564 1676 4619 τοίνυν
1732 4550 1942 4636 πρέπει

350 4658 504 4713 πᾶσα
536 4655 683 4725 δόξα,
716 4655 854 4729 τιμὴ
887 4658 982 4711 καὶ
1020 4642 1415 4733 προσκύνησις,
1453 4659 1551 4712 σὺν
1598 4657 1675 4730 τῷ
1714 4657 1939 4730 άνάρχῳ

354 4766 448 4804 σου
474 4749 673 4822 Πατρὶ,
702 4751 798 4805 καὶ
827 4750 907 4822 τῷ
928 4753 1182 4824 παναγίῳ
1213 4752 1307 4806 καὶ
1337 4752 1530 4824 ἀγαθῷ
1563 4753 1656 4807 καὶ
1691 4751 1944 4822 ζωοποιῴ

354 4857 448 4895 σου
476 4842 779 4914 Πνεῦματι,
804 4840 898 4898 νῦν
942 4843 1038 4901 καὶ
1076 4844 1165 4899 ἀεὶ
1197 4845 1296 4903 καὶ
1324 4846 1407 4910 είς
1438 4845 1567 4909 τοὺς
1602 4844 1805 4911 αἰῶνας
1832 4845 1943 4900 τῶν

355 4933 585 4992 αἰώνων.
630 4936 828 5009 ’Δμήν.

428 5193 448 5226 ⁸
476 5192 496 5250 Ι
526 5192 654 5250 Cor.
685 5210 774 5264 xv,
808 5193 899 5254 23.

2034 1928 2111 1985 et,
2137 1916 2284 1989 quod
2314 1916 2540 1980 mirum,
2571 1913 2757 1971 omnia
2782 1913 2899 1968 haec
2921 1925 3021 1982 per
3045 1923 3292 1974 crucem,
3318 1906 3627 1978 perpessio-

2034 2024 2154 2073 nes,
2183 2015 2241 2063 et
2277 2015 2512 2061 mortem
2541 2004 2745 2061 Christi
2776 2002 3026 2058 confecta
3071 2010 3233 2061 sunt;
3266 1998 3626 2069 Evangelium

2035 2099 2368 2173 cognitionis
2397 2098 2496 2153 Dei
2527 2097 2585 2151 in
2618 2104 2797 2151 totum
2836 2093 3026 2149 orbem
3059 2100 3330 2148 terrarum
3362 2089 3628 2160 praedica-

2036 2198 2152 2247 tum
2182 2198 2288 2257 est,
2320 2205 2432 2245 non
2472 2190 2620 2245 bello
2664 2197 2722 2244 et
2768 2189 2939 2244 armis
2961 2184 3043 2243 ἐι
3075 2185 3251 2256 copiis
3292 2181 3633 2238 militaribus

2035 2284 2383 2340 adversarios
2403 2283 2460 2338 in
2480 2282 2664 2354 fugam
2686 2281 2989 2353 eonjiciens
3014 2298 3028 2333 :
3050 2278 3150 2336 sed
3184 2276 3345 2353 pauci
3374 2276 3630 2331 homines

2034 2376 2205 2442 nudi,
2237 2390 2510 2446 pauperes
2537 2382 2595 2430 et
2629 2373 2899 2430 illitterati
2922 2415 2936 2439 ,
2972 2372 3416 2444 persecutionem
3446 2384 3626 2440 passr,

2035 2465 2312 2522 verberati
2342 2475 2398 2521 et
2421 2462 2675 2530 cruciati,
2698 2464 2902 2530 enecti,
2925 2462 3249 2520 cruciﬁxum
3287 2476 3452 2517 carne
3481 2474 3629 2513 mor-

2037 2568 2305 2630 tuumque
2333 2559 2699 2630 praadicantes
2735 2556 2925 2614 multis
2964 2565 3022 2612 et
3050 2555 3372 2627 potentibus
3397 2559 3454 2609 et
3482 2550 3627 2608 divi-

2036 2654 2186 2710 tibus
2210 2662 2269 2710 et
2288 2653 2629 2723 sapientibus
2650 2652 3056 2722 praevaluerunt
3076 2657 3134 2704 et
3165 2647 3480 2719 superiores
3501 2645 3629 2700 facti

2037 2752 2188 2800 sunt.
2220 2743 2470 2814 Namque
2500 2742 2586 2801 vis
2615 2742 2863 2799 cruciﬁxi
2893 2743 3244 2812 omnipotens
3287 2736 3633 2795 conﬁrmavit

2037 2852 2156 2894 eos.
2193 2837 2339 2894 Mors
2380 2837 2512 2892 olim
2560 2836 2963 2893 terribilissima
2994 2836 3139 2889 victa
3171 2840 3276 2897 est,
3319 2840 3376 2886 et
3411 2831 3523 2885 vita
3546 2832 3633 2902 ju-

2038 2929 2380 2987 cundissima
2428 2928 2612 2999 potior
2647 2926 2903 2983 habetur.
2940 2924 3068 2980 Hzec
3108 2922 3318 2979 Christi
3365 2920 3635 2975 adventus

2039 3022 2303 3093 praeclare
2337 3029 2492 3093 gesta
2521 3029 2674 3086 sunt,
2707 3020 2827 3075 haec
2854 3018 3030 3088 ipsius
3054 3014 3317 3087 potentiae
3341 3020 3471 3068 sunt
3496 3011 3634 3066 insi-

2040 3113 2191 3183 gnia.
2221 3111 2342 3167 Non
2370 3111 2519 3167 enim
2560 3118 2626 3166 ut
2652 3125 2771 3179 per
2799 3107 3005 3164 Mosem
3041 3120 3212 3160 unum
3257 3102 3526 3175 pupulum
3567 3115 3633 3155 ex

2040 3202 2274 3275 Egypto
2296 3211 2355 3259 et
2370 3203 2635 3259 servitute
2656 3199 2959 3256 Pharaonis
2979 3197 3158 3253 diviso
3178 3196 3318 3250 mari
3335 3193 3595 3249 liberavit
3618 3211 3630 3245 :

2039 3295 2138 3352 sed
2178 3294 2364 3365 potius
2406 3293 2728 3349 universum
2770 3304 2947 3361 genus
2989 3288 3295 3343 humanum
3338 3299 3404 3340 ex
3440 3283 3636 3337 mortis

2041 3386 2269 3442 interitu
2291 3393 2349 3440 et
2374 3384 2571 3439 acerba
2596 3381 2882 3455 tyrannide
2913 3379 3124 3450 peccati
3145 3378 3386 3449 eripuit;
3409 3392 3520 3431 non
3542 3375 3634 3429 ille

2039 3478 2266 3550 quidem
2306 3483 2627 3547 peccatores
2664 3472 2718 3528 vi
2749 3472 2820 3528 ad
2852 3472 3113 3527 virtutem
3141 3478 3198 3525 et
3225 3468 3484 3540 pietatem
3519 3467 3633 3522 adi-

2040 3586 2195 3643 gens,
2224 3570 2311 3626 vel
2349 3576 2494 3625 terra
2528 3565 2833 3630 defodiens,
2880 3564 2969 3619 vel
3004 3563 3118 3634 igni
3152 3562 3501 3626 comburens,
3547 3559 3636 3615 vel

2024 3662 2189 3719 saxis
2220 3659 2333 3731 peti
2366 3658 2637 3728 obruique
2678 3654 3007 3727 praecipiens
3036 3671 3050 3707 :
3077 3653 3177 3708 sed
3215 3651 3639 3707 mansuetudine

2040 3769 2106 3809 ac
2126 3753 2354 3809 lenitate
2376 3751 2576 3807 horum
2596 3748 2843 3803 studium
2864 3754 2922 3802 et
2940 3744 3255 3816 amplexum
3277 3742 3635 3815 persuadens.

2043 3846 2173 3911 Sed,
2191 3860 2226 3901 ο
2247 3844 2343 3900 Dei
2366 3843 2629 3908 Verbum,
2642 3849 2699 3897 et
2717 3839 3076 3911 sapicntia,et
3092 3836 3359 3909 potentia,
3375 3834 3638 3906 quidnam

2042 3937 2267 3995 tandem
2316 3935 2413 3993 tibi
2457 3948 2561 3991 nos
2592 3934 2785 4005 inopes
2812 3941 2869 3988 et
2908 3931 3213 3988 imbecilles
3239 3944 3339 4000 pro
3382 3927 3640 3984 omnibus

2043 4029 2197 4086 hisce
2222 4026 2632 4085 retribuemus?
2651 4025 2769 4081 Tua
2791 4023 2941 4081 enim
2962 4030 3094 4079 sunt
3111 4022 3330 4078 omnia:
3355 4035 3458 4076 nec
3479 4020 3641 4091 quid—

2042 4138 2209 4195 quam
2252 4139 2285 4179 a
2325 4122 2487 4178 nobis
2505 4121 2621 4192 nisi
2667 4128 2913 4176 nostram
2957 4118 3192 4173 salutem
3238 4113 3471 4185 ﬂagitas.
3517 4112 3639 4182 Ipse

2043 4217 2194 4274 enim
2223 4224 2280 4273 et
2304 4216 2449 4273 hanc
2478 4215 2579 4272 das
2604 4221 2663 4270 et
2687 4210 3089 4283 accipientibus
3114 4217 3340 4280 propter
3382 4204 3637 4261 ineffabi-

2043 4310 2154 4366 lem
2199 4308 2505 4365 bonitatem
2538 4306 2710 4362 habes
2752 4303 3003 4377 gratiam.
3041 4300 3166 4357 Tibi
3198 4300 3396 4373 gratia,
3440 4297 3538 4369 qui
3577 4304 3641 4353 ut

2045 4417 2296 4460 essemus
2322 4400 2547 4465 dedisti,
2575 4408 2634 4456 ct
2660 4406 2722 4455 ut
2750 4398 2894 4455 bene
2920 4410 3172 4453 essemus
3196 4394 3437 4467 gratiose
3464 4392 3640 4448 dona-

1976 4525 2019 4580 ὓ
2047 4493 2119 4549 sti
2152 4510 2165 4545 :
2193 4505 2430 4561 cumque
2460 4488 2594 4545 hinc
2616 4488 3041 4553 excidissemus,
3067 4501 3168 4557 per
3204 4485 3357 4542 omni
3389 4483 3641 4540 oratione

2049 4583 2314 4655 majorem
2361 4581 2510 4637 illam
2560 4588 2713 4636 tuam
2756 4578 3151 4635 demissionem
3186 4592 3290 4633 nos
3331 4575 3533 4633 iterum
3572 4590 3641 4631 eo

2048 4675 2341 4733 reduxisti.
2373 4675 2498 4731 Tibi
2532 4674 2701 4747 igitur
2720 4672 2903 4730 omnis
2928 4671 3103 4743 gloria
3130 4677 3190 4728 ει
3217 4671 3398 4727 honor
3423 4676 3482 4726 et
3507 4668 3642 4725 ado-

2049 4769 2189 4824 ratio
2211 4767 2490 4833 convenit,
2518 4781 2627 4822 una
2652 4779 2779 4821 cum
2802 4762 3064 4835 principii
3084 4770 3313 4833 experte
3338 4770 3433 4817 tuo
3456 4761 3640 4826 Patre,

2045 4871 2104 4917 et
2140 4861 2504 4932 undecunque
2538 4867 2733 4917 sancto
2766 4865 2824 4912 ει
2858 4857 3007 4913 bono
3045 4863 3103 4913 et
3132 4854 3354 4912 viviﬁco
3384 4862 3481 4909 tuo
3510 4853 3642 4923 Spi-

2050 4954 2194 5019 ritu,
2254 4969 2400 5009 nuuc
2463 4962 2518 5008 et
2576 4964 2797 5023 semper
2833 4950 2987 5006 etin
3046 4949 3246 5006 saacula
3284 4946 3635 5004 saeculorum.

2050 5048 2243 5101 Amen.
