  <div class='ocr_page' id='page_1' title='image "/cluster/home/n/w/nwhite01/storage/ocr_20150623/77:no.10/coo.31924054869783/595.png"; bbox 0 0 4076 6440; ppageno 0'>
   <div class='ocr_carea' id='block_1_1' title="bbox 461 343 598 403">
    <p class='ocr_par' dir='ltr' id='par_1_1' title="bbox 461 343 598 403">
     <span class='ocr_line' id='line_1_1' title="bbox 461 343 598 403; baseline 0 -1"><span class='ocrx_word' id='word_1_1' title='bbox 461 343 598 403; x_wconf 78' lang='lat' dir='ltr'><strong>H75</strong></span> 
     </span>
    </p>
   </div>
   <div class='ocr_carea' id='block_1_2' title="bbox 1663 359 2513 424">
    <p class='ocr_par' dir='ltr' id='par_1_2' title="bbox 1663 359 2513 424">
     <span class='ocr_line' id='line_1_2' title="bbox 1663 359 2513 424; baseline 0.007 -8"><span class='ocrx_word' id='word_1_2' title='bbox 1663 359 1718 416; x_wconf 87' lang='lat' dir='ltr'><strong>S.</strong></span> <span class='ocrx_word' id='word_1_3' title='bbox 1759 359 2034 417; x_wconf 83' lang='lat' dir='ltr'><strong>CYRILLI</strong></span> <span class='ocrx_word' id='word_1_4' title='bbox 2075 361 2165 418; x_wconf 88' lang='lat' dir='ltr'><strong>ET</strong></span> <span class='ocrx_word' id='word_1_5' title='bbox 2203 363 2513 424; x_wconf 79' lang='lat' dir='ltr'><strong>ALIORUM</strong></span> 
     </span>
    </p>
   </div>
   <div class='ocr_carea' id='block_1_3' title="bbox 3611 376 3750 434">
    <p class='ocr_par' dir='ltr' id='par_1_3' title="bbox 3611 376 3750 434">
     <span class='ocr_line' id='line_1_3' title="bbox 3611 376 3750 434; baseline 0.022 -3"><span class='ocrx_word' id='word_1_6' title='bbox 3611 376 3750 434; x_wconf 80' lang='lat' dir='ltr'><strong>H76</strong></span> 
     </span>
    </p>
   </div>
   <div class='ocr_carea' id='block_1_4' title="bbox 683 485 2949 515">
    <p class='ocr_par' dir='ltr' id='par_1_4' title="bbox 683 485 2949 515">
     <span class='ocr_line' id='line_1_4' title="bbox 683 485 2949 515; baseline 0 0"><span class='ocrx_word' id='word_1_7' title='bbox 683 485 2949 515; x_wconf 41' lang='grc' dir='ltr'>Μ</span> 
     </span>
    </p>
   </div>
   <div class='ocr_carea' id='block_1_5' title="bbox 496 497 3456 541">
    <p class='ocr_par' dir='ltr' id='par_1_5' title="bbox 503 497 3456 520">
     <span class='ocr_line' id='line_1_5' title="bbox 503 497 3456 520; baseline 0.005 -18"><span class='ocrx_word' id='word_1_8' title='bbox 503 497 804 512; x_wconf 56' lang='lat' dir='ltr'><strong>m—l-</strong></span> <span class='ocrx_word' id='word_1_9' title='bbox 871 499 908 512; x_wconf 56' lang='grc' dir='ltr'><strong>η.</strong></span> <span class='ocrx_word' id='word_1_10' title='bbox 931 502 1006 513; x_wconf 69' lang='grc' dir='ltr'><strong>--Ι</strong></span> <span class='ocrx_word' id='word_1_11' title='bbox 1123 497 1127 498; x_wconf 56' lang='grc' dir='ltr'><em>ν</em></span> <span class='ocrx_word' id='word_1_12' title='bbox 1211 497 3456 520; x_wconf 43' lang='grc' dir='ltr'><strong>τὴ-ἯἭῌ</strong></span> 
     </span>
    </p>
   </div>
   <div class='ocr_carea' id='block_1_6' title="bbox 2952 499 3729 520">
    <p class='ocr_par' dir='ltr' id='par_1_6' title="bbox 2952 499 3729 520">
     <span class='ocr_line' id='line_1_6' title="bbox 2952 499 3729 520; baseline 0.003 -2"><span class='ocrx_word' id='word_1_13' title='bbox 2952 505 3248 520; x_wconf 55' lang='grc' dir='ltr'><strong>...καις-</strong></span> <span class='ocrx_word' id='word_1_14' title='bbox 3259 499 3729 520; x_wconf 53' lang='grc' dir='ltr'><strong>Μ--ι-ν-’έ</strong></span> 
     </span>
    </p>
   </div>
   <div class='ocr_carea' id='block_1_7' title="bbox 1765 597 2570 716">
    <p class='ocr_par' dir='ltr' id='par_1_7' title="bbox 1765 597 2570 716">
     <span class='ocr_line' id='line_1_7' title="bbox 1765 597 2570 716; baseline 0.007 -6"><span class='ocrx_word' id='word_1_15' title='bbox 1765 597 2570 716; x_wconf 88' lang='grc' dir='ltr'><strong>ΣΥΝΑΓΩΓΗ</strong></span> 
     </span>
    </p>
   </div>
   <div class='ocr_carea' id='block_1_8' title="bbox 777 795 3425 920">
    <p class='ocr_par' dir='ltr' id='par_1_8' title="bbox 777 795 3425 920">
     <span class='ocr_line' id='line_1_8' title="bbox 777 795 3425 920; baseline 0.008 -20"><span class='ocrx_word' id='word_1_16' title='bbox 777 815 1004 901; x_wconf 74' lang='grc' dir='ltr'><strong>ΤΩΝ</strong></span> <span class='ocrx_word' id='word_1_17' title='bbox 1108 795 1824 908; x_wconf 80' lang='grc' dir='ltr'><strong>ΑΝΑΓΩΓΙΚΩΣ</strong></span> <span class='ocrx_word' id='word_1_18' title='bbox 1914 823 2937 919; x_wconf 79' lang='grc' dir='ltr'><strong>ΕΡΜΗΝΕΥΟΜΕΝΩΝ</strong></span> <span class='ocrx_word' id='word_1_19' title='bbox 3047 829 3425 920; x_wconf 81' lang='grc' dir='ltr'><strong>ΡΗΤΩΝ</strong></span> 
     </span>
    </p>
   </div>
   <div class='ocr_carea' id='block_1_9' title="bbox 1569 1000 2683 1064">
    <p class='ocr_par' dir='ltr' id='par_1_9' title="bbox 1569 1000 2683 1064">
     <span class='ocr_line' id='line_1_9' title="bbox 1569 1000 2683 1064; baseline 0.007 -10"><span class='ocrx_word' id='word_1_20' title='bbox 1569 1001 1707 1054; x_wconf 85' lang='grc' dir='ltr'><strong>ΤΗΣ</strong></span> <span class='ocrx_word' id='word_1_21' title='bbox 1763 1000 2072 1058; x_wconf 75' lang='grc' dir='ltr'><strong>ΠΑΛΑῙΛΣ</strong></span> <span class='ocrx_word' id='word_1_22' title='bbox 2141 1006 2345 1060; x_wconf 79' lang='lat' dir='ltr'><strong>AFle</strong></span> <span class='ocrx_word' id='word_1_23' title='bbox 2411 1007 2683 1064; x_wconf 77' lang='grc' dir='ltr'><strong>ΓΡΑΦΗΣ</strong></span> 
     </span>
    </p>
   </div>
   <div class='ocr_carea' id='block_1_10' title="bbox 471 1153 3753 1247">
    <p class='ocr_par' dir='ltr' id='par_1_10' title="bbox 471 1153 3753 1247">
     <span class='ocr_line' id='line_1_10' title="bbox 471 1153 3753 1247; baseline 0.007 -40"><span class='ocrx_word' id='word_1_24' title='bbox 471 1153 883 1225; x_wconf 83' lang='grc' dir='ltr'><strong>Ἐρανισθεῐσα</strong></span> <span class='ocrx_word' id='word_1_25' title='bbox 923 1155 1073 1211; x_wconf 83' lang='grc' dir='ltr'><strong>κατὰ</strong></span> <span class='ocrx_word' id='word_1_26' title='bbox 1102 1155 1371 1236; x_wconf 60' lang='grc' dir='ltr'><strong>σύνοψιν</strong></span> <span class='ocrx_word' id='word_1_27' title='bbox 1403 1157 1932 1247; x_wconf 40' lang='grc' dir='ltr'><strong>καὶησαφεςςέραί</strong></span> <span class='ocrx_word' id='word_1_28' title='bbox 1961 1159 2370 1247; x_wconf 53' lang='grc' dir='ltr'><strong>ιξλιιιξγνγελίιινι</strong></span> <span class='ocrx_word' id='word_1_29' title='bbox 2393 1163 2462 1219; x_wconf 73' lang='grc' dir='ltr'><strong>ἐκ</strong></span> <span class='ocrx_word' id='word_1_30' title='bbox 2492 1182 2561 1244; x_wconf 57' lang='grc' dir='ltr'><strong>τε</strong></span> <span class='ocrx_word' id='word_1_31' title='bbox 2595 1165 2718 1247; x_wconf 64' lang='grc' dir='ltr'><strong>τῷν</strong></span> <span class='ocrx_word' id='word_1_32' title='bbox 2747 1165 2861 1247; x_wconf 69' lang='grc' dir='ltr'><strong>τοτξ</strong></span> <span class='ocrx_word' id='word_1_33' title='bbox 2891 1165 3222 1224; x_wconf 72' lang='grc' dir='ltr'><strong>θεσπεσίου</strong></span> <span class='ocrx_word' id='word_1_34' title='bbox 3271 1168 3604 1238; x_wconf 66' lang='grc' dir='ltr'><strong>Κυρίλλον,</strong></span> <span class='ocrx_word' id='word_1_35' title='bbox 3648 1169 3753 1230; x_wconf 72' lang='lat' dir='ltr'><strong>md</strong></span> 
     </span>
    </p>
   </div>
   <div class='ocr_carea' id='block_1_11' title="bbox 1275 1224 2926 1308">
    <p class='ocr_par' dir='ltr' id='par_1_11' title="bbox 1275 1224 2926 1308">
     <span class='ocr_line' id='line_1_11' title="bbox 1275 1224 2926 1308; baseline 0.008 -27"><span class='ocrx_word' id='word_1_36' title='bbox 1275 1224 1396 1283; x_wconf 74' lang='grc' dir='ltr'><strong>τῶν</strong></span> <span class='ocrx_word' id='word_1_37' title='bbox 1430 1227 1540 1283; x_wconf 85' lang='grc' dir='ltr'><strong>τοῦ</strong></span> <span class='ocrx_word' id='word_1_38' title='bbox 1567 1224 1836 1301; x_wconf 65' lang='grc' dir='ltr'><strong>μεγάλοι)</strong></span> <span class='ocrx_word' id='word_1_39' title='bbox 1871 1224 2172 1300; x_wconf 79' lang='grc' dir='ltr'><strong>Μαξίμόύ,</strong></span> <span class='ocrx_word' id='word_1_40' title='bbox 2203 1232 2303 1288; x_wconf 79' lang='grc' dir='ltr'><strong>καὶ</strong></span> <span class='ocrx_word' id='word_1_41' title='bbox 2331 1224 2565 1292; x_wconf 63' lang='grc' dir='ltr'><strong>λοιπῶν</strong></span> <span class='ocrx_word' id='word_1_42' title='bbox 2593 1235 2926 1308; x_wconf 77' lang='grc' dir='ltr'><strong>ἐξηγητῶν.</strong></span> 
     </span>
    </p>
   </div>
   <div class='ocr_carea' id='block_1_12' title="bbox 1751 1539 2562 1660">
    <p class='ocr_par' dir='ltr' id='par_1_12' title="bbox 1751 1539 2562 1660">
     <span class='ocr_line' id='line_1_12' title="bbox 1751 1539 2562 1660; baseline 0.009 -7"><span class='ocrx_word' id='word_1_43' title='bbox 1751 1539 2562 1660; x_wconf 85' lang='lat' dir='ltr'><strong>COLLECTIO</strong></span> 
     </span>
    </p>
   </div>
   <div class='ocr_carea' id='block_1_13' title="bbox 1075 1768 3146 1885">
    <p class='ocr_par' dir='ltr' id='par_1_13' title="bbox 1075 1768 3146 1885">
     <span class='ocr_line' id='line_1_13' title="bbox 1075 1768 3146 1885; baseline 0.01 -21"><span class='ocrx_word' id='word_1_44' title='bbox 1075 1771 1708 1870; x_wconf 86' lang='lat' dir='ltr'><strong>DICTORUM</strong></span> <span class='ocrx_word' id='word_1_45' title='bbox 1783 1768 2332 1874; x_wconf 25' lang='lat' dir='ltr'><strong>VETERIS&#39;</strong></span> <span class='ocrx_word' id='word_1_46' title='bbox 2377 1783 3146 1885; x_wconf 85' lang='lat' dir='ltr'><strong>TESTAMENTI</strong></span> 
     </span>
    </p>
   </div>
   <div class='ocr_carea' id='block_1_14' title="bbox 459 1943 3754 2090">
    <p class='ocr_par' dir='ltr' id='par_1_14' title="bbox 459 1943 3754 2090">
     <span class='ocr_line' id='line_1_14' title="bbox 459 1943 3754 2090; baseline 0.012 -90"><span class='ocrx_word' id='word_1_47' title='bbox 459 1943 761 2020; x_wconf 78' lang='lat' dir='ltr'><strong>Anagogice</strong></span> <span class='ocrx_word' id='word_1_48' title='bbox 804 1951 1178 2022; x_wconf 66' lang='lat' dir='ltr'><strong>expositorum,</strong></span> <span class='ocrx_word' id='word_1_49' title='bbox 1218 1954 1444 2011; x_wconf 77' lang='lat' dir='ltr'><strong>breviter</strong></span> <span class='ocrx_word' id='word_1_50' title='bbox 1478 1967 1527 2012; x_wconf 78' lang='lat' dir='ltr'><strong>et</strong></span> <span class='ocrx_word' id='word_1_51' title='bbox 1552 1958 1782 2016; x_wconf 81' lang='lat' dir='ltr'><strong>dilucide</strong></span> <span class='ocrx_word' id='word_1_52' title='bbox 1811 1959 2155 2086; x_wconf 50' lang='lat' dir='ltr'><strong>c’ouectqrtttm</strong></span> <span class='ocrx_word' id='word_1_53' title='bbox 2179 1971 2231 2018; x_wconf 85' lang='lat' dir='ltr'><strong>et</strong></span> <span class='ocrx_word' id='word_1_54' title='bbox 2250 1981 2320 2090; x_wconf 58' lang='lat' dir='ltr'><strong>tab</strong></span> <span class='ocrx_word' id='word_1_55' title='bbox 2334 1965 2512 2023; x_wconf 80' lang='lat' dir='ltr'><strong>divino</strong></span> <span class='ocrx_word' id='word_1_56' title='bbox 2544 1965 2747 2042; x_wconf 79' lang='lat' dir='ltr'><strong>Cyriuo</strong></span> <span class='ocrx_word' id='word_1_57' title='bbox 2778 1979 2830 2029; x_wconf 81' lang='lat' dir='ltr'><strong>et</strong></span> <span class='ocrx_word' id='word_1_58' title='bbox 2863 1991 2899 2030; x_wconf 81' lang='grc' dir='ltr'><strong>α</strong></span> <span class='ocrx_word' id='word_1_59' title='bbox 2965 1989 3164 2050; x_wconf 76' lang='lat' dir='ltr'><strong>magno</strong></span> <span class='ocrx_word' id='word_1_60' title='bbox 3197 1973 3462 2050; x_wconf 60' lang='lat' dir='ltr'><strong>Maximo,</strong></span> <span class='ocrx_word' id='word_1_61' title='bbox 3496 1984 3548 2036; x_wconf 73' lang='lat' dir='ltr'><strong>cl</strong></span> <span class='ocrx_word' id='word_1_62' title='bbox 3576 1997 3612 2040; x_wconf 73' lang='grc' dir='ltr'><strong><em>η</em></strong></span> <span class='ocrx_word' id='word_1_63' title='bbox 3644 1995 3754 2040; x_wconf 69' lang='lat' dir='ltr'><strong>aa!-</strong></span> 
     </span>
     <span class='ocr_line' id='line_1_15' title="bbox 1855 2047 2404 2090; baseline 0.007 -4"><span class='ocrx_word' id='word_1_64' title='bbox 1855 2047 1959 2087; x_wconf 82' lang='lat' dir='ltr'><strong>em</strong></span> <span class='ocrx_word' id='word_1_65' title='bbox 2009 2048 2066 2087; x_wconf 72' lang='lat' dir='ltr'><strong>in</strong></span> <span class='ocrx_word' id='word_1_66' title='bbox 2091 2049 2288 2090; x_wconf 73' lang='lat' dir='ltr'><strong>crure:</strong></span> <span class='ocrx_word' id='word_1_67' title='bbox 2321 2052 2404 2090; x_wconf 81' lang='lat' dir='ltr'><strong>us.</strong></span> 
     </span>
    </p>
   </div>
   <div class='ocr_carea' id='block_1_15' title="bbox 1855 2047 2404 2106">
    <p class='ocr_par' dir='ltr' id='par_1_15' title="bbox 1855 2047 2404 2106">
     <span class='ocr_line' id='line_1_16' title="bbox 1855 2047 2404 2106; baseline 0.007 -20"><span class='ocrx_word' id='word_1_68' title='bbox 1855 2047 1959 2087; x_wconf 82' lang='lat' dir='ltr'><strong>em</strong></span> <span class='ocrx_word' id='word_1_69' title='bbox 2009 2047 2404 2106; x_wconf 72' lang='lat' dir='ltr'><strong>interpretibus.</strong></span> 
     </span>
    </p>
   </div>
   <div class='ocr_carea' id='block_1_16' title="bbox 876 2319 1636 2385">
    <p class='ocr_par' dir='ltr' id='par_1_16' title="bbox 876 2319 1636 2385">
     <span class='ocr_line' id='line_1_17' title="bbox 876 2319 1636 2385; baseline 0.013 -10"><span class='ocrx_word' id='word_1_70' title='bbox 876 2319 972 2376; x_wconf 78' lang='lat' dir='ltr'><strong>EX</strong></span> <span class='ocrx_word' id='word_1_71' title='bbox 1010 2321 1217 2381; x_wconf 83' lang='lat' dir='ltr'><strong>LIBRO</strong></span> <span class='ocrx_word' id='word_1_72' title='bbox 1257 2324 1636 2385; x_wconf 81' lang='lat' dir='ltr'><strong>GENESEOS.</strong></span> 
     </span>
    </p>
   </div>
   <div class='ocr_carea' id='block_1_17' title="bbox 711 2431 1799 2514">
    <p class='ocr_par' dir='ltr' id='par_1_17' title="bbox 711 2431 1799 2514">
     <span class='ocr_line' id='line_1_18' title="bbox 711 2431 1799 2514; baseline 0.014 -25"><span class='ocrx_word' id='word_1_73' title='bbox 711 2431 1001 2493; x_wconf 79' lang='lat' dir='ltr'><strong>Maledicta</strong></span> <span class='ocrx_word' id='word_1_74' title='bbox 1042 2446 1191 2494; x_wconf 88' lang='lat' dir='ltr'><strong>terra</strong></span> <span class='ocrx_word' id='word_1_75' title='bbox 1230 2441 1288 2495; x_wconf 86' lang='lat' dir='ltr'><strong>in</strong></span> <span class='ocrx_word' id='word_1_76' title='bbox 1327 2444 1571 2514; x_wconf 84' lang='lat' dir='ltr'><strong>operibus</strong></span> <span class='ocrx_word' id='word_1_77' title='bbox 1613 2449 1716 2504; x_wconf 75' lang='lat' dir='ltr'><strong>tuis</strong></span> <span class='ocrx_word' id='word_1_78' title='bbox 1758 2450 1799 2504; x_wconf 74' lang='grc'><strong>⁸.</strong></span> 
     </span>
    </p>
   </div>
   <div class='ocr_carea' id='block_1_18' title="bbox 530 2546 2058 2630">
    <p class='ocr_par' dir='ltr' id='par_1_18' title="bbox 530 2546 2058 2630">
     <span class='ocr_line' id='line_1_19' title="bbox 530 2546 2058 2630; baseline 0.016 -28"><span class='ocrx_word' id='word_1_79' title='bbox 530 2546 824 2606; x_wconf 79' lang='lat' dir='ltr'><strong>Maledicta</strong></span> <span class='ocrx_word' id='word_1_80' title='bbox 863 2559 1014 2609; x_wconf 87' lang='lat' dir='ltr'><strong>terra</strong></span> <span class='ocrx_word' id='word_1_81' title='bbox 1051 2553 1110 2610; x_wconf 90' lang='lat' dir='ltr'><strong>in</strong></span> <span class='ocrx_word' id='word_1_82' title='bbox 1131 2555 1398 2627; x_wconf 84' lang='lat' dir='ltr'><strong>operibus</strong></span> <span class='ocrx_word' id='word_1_83' title='bbox 1430 2559 1627 2630; x_wconf 83' lang='lat' dir='ltr'><strong>Adam,</strong></span> <span class='ocrx_word' id='word_1_84' title='bbox 1647 2578 1781 2621; x_wconf 89' lang='lat' dir='ltr'><strong>caro</strong></span> <span class='ocrx_word' id='word_1_85' title='bbox 1799 2575 1886 2624; x_wconf 88' lang='lat' dir='ltr'><strong>est</strong></span> <span class='ocrx_word' id='word_1_86' title='bbox 1905 2582 2058 2626; x_wconf 87' lang='lat' dir='ltr'><strong>men-</strong></span> 
     </span>
    </p>
   </div>
   <div class='ocr_carea' id='block_1_19' title="bbox 459 2640 2058 2732">
    <p class='ocr_par' dir='ltr' id='par_1_19' title="bbox 459 2640 2058 2732">
     <span class='ocr_line' id='line_1_20' title="bbox 459 2640 2058 2732; baseline 0.014 -37"><span class='ocrx_word' id='word_1_87' title='bbox 459 2640 534 2696; x_wconf 86' lang='lat' dir='ltr'><strong>tis</strong></span> <span class='ocrx_word' id='word_1_88' title='bbox 558 2651 795 2699; x_wconf 72' lang='lat' dir='ltr'><strong>terrenae</strong></span> <span class='ocrx_word' id='word_1_89' title='bbox 825 2643 1006 2713; x_wconf 60' lang='lat' dir='ltr'><strong>factae,</strong></span> <span class='ocrx_word' id='word_1_90' title='bbox 1038 2648 1198 2720; x_wconf 84' lang='lat' dir='ltr'><strong>cujus</strong></span> <span class='ocrx_word' id='word_1_91' title='bbox 1217 2663 1389 2719; x_wconf 83' lang='lat' dir='ltr'><strong>opera</strong></span> <span class='ocrx_word' id='word_1_92' title='bbox 1411 2662 1545 2709; x_wconf 90' lang='lat' dir='ltr'><strong>sunt</strong></span> <span class='ocrx_word' id='word_1_93' title='bbox 1571 2656 1861 2725; x_wconf 83' lang='lat' dir='ltr'><strong>passiones</strong></span> <span class='ocrx_word' id='word_1_94' title='bbox 1898 2660 2058 2732; x_wconf 82' lang='lat' dir='ltr'><strong>igno—</strong></span> 
     </span>
    </p>
   </div>
   <div class='ocr_carea' id='block_1_20' title="bbox 462 2732 2059 2818">
    <p class='ocr_par' dir='ltr' id='par_1_20' title="bbox 462 2732 2059 2818">
     <span class='ocr_line' id='line_1_21' title="bbox 462 2732 2059 2818; baseline 0.016 -33"><span class='ocrx_word' id='word_1_95' title='bbox 462 2732 689 2788; x_wconf 68' lang='lat' dir='ltr'><strong>miniaa:</strong></span> <span class='ocrx_word' id='word_1_96' title='bbox 737 2735 948 2792; x_wconf 88' lang='lat' dir='ltr'><strong>idcirco</strong></span> <span class='ocrx_word' id='word_1_97' title='bbox 988 2739 1282 2796; x_wconf 88' lang='lat' dir='ltr'><strong>maledicta</strong></span> <span class='ocrx_word' id='word_1_98' title='bbox 1325 2750 1432 2798; x_wconf 87' lang='lat' dir='ltr'><strong>est.</strong></span> <span class='ocrx_word' id='word_1_99' title='bbox 1473 2744 1606 2811; x_wconf 68' lang='lat' dir='ltr'><strong>Quae</strong></span> <span class='ocrx_word' id='word_1_100' title='bbox 1654 2749 1880 2818; x_wconf 80' lang='lat' dir='ltr'><strong>quidem</strong></span> <span class='ocrx_word' id='word_1_101' title='bbox 1929 2767 2059 2810; x_wconf 87' lang='lat' dir='ltr'><strong>caro</strong></span> 
     </span>
    </p>
   </div>
   <div class='ocr_carea' id='block_1_21' title="bbox 462 2825 2058 2900">
    <p class='ocr_par' dir='ltr' id='par_1_21' title="bbox 462 2825 2058 2900">
     <span class='ocr_line' id='line_1_22' title="bbox 462 2825 2058 2900; baseline 0.015 -23"><span class='ocrx_word' id='word_1_102' title='bbox 462 2825 725 2893; x_wconf 79' lang='lat' dir='ltr'><strong>producit</strong></span> <span class='ocrx_word' id='word_1_103' title='bbox 759 2825 864 2897; x_wconf 87' lang='lat' dir='ltr'><strong><em>ipsi</em></strong></span> <span class='ocrx_word' id='word_1_104' title='bbox 896 2838 1014 2883; x_wconf 88' lang='lat' dir='ltr'><strong>tum</strong></span> <span class='ocrx_word' id='word_1_105' title='bbox 1042 2830 1253 2900; x_wconf 83' lang='lat' dir='ltr'><strong>spinas,</strong></span> <span class='ocrx_word' id='word_1_106' title='bbox 1279 2849 1441 2890; x_wconf 88' lang='lat' dir='ltr'><strong>curas</strong></span> <span class='ocrx_word' id='word_1_107' title='bbox 1470 2835 1682 2894; x_wconf 79' lang='lat' dir='ltr'><strong>scilicet</strong></span> <span class='ocrx_word' id='word_1_108' title='bbox 1701 2847 1760 2895; x_wconf 89' lang='lat' dir='ltr'><strong>et</strong></span> <span class='ocrx_word' id='word_1_109' title='bbox 1788 2841 2058 2900; x_wconf 89' lang='lat' dir='ltr'><strong>sollicitu-</strong></span> 
     </span>
    </p>
   </div>
   <div class='ocr_carea' id='block_1_22' title="bbox 463 2914 2062 3004">
    <p class='ocr_par' dir='ltr' id='par_1_22' title="bbox 463 2914 2062 3004">
     <span class='ocr_line' id='line_1_23' title="bbox 463 2914 2062 3004; baseline 0.015 -37"><span class='ocrx_word' id='word_1_110' title='bbox 463 2914 671 2982; x_wconf 87' lang='lat' dir='ltr'><strong>dines;</strong></span> <span class='ocrx_word' id='word_1_111' title='bbox 729 2924 845 2972; x_wconf 89' lang='lat' dir='ltr'><strong>tum</strong></span> <span class='ocrx_word' id='word_1_112' title='bbox 896 2919 1153 2987; x_wconf 76' lang='lat' dir='ltr'><strong>tribulos,</strong></span> <span class='ocrx_word' id='word_1_113' title='bbox 1191 2923 1299 2979; x_wconf 84' lang='lat' dir='ltr'><strong>hoc</strong></span> <span class='ocrx_word' id='word_1_114' title='bbox 1345 2935 1432 2982; x_wconf 90' lang='lat' dir='ltr'><strong>est</strong></span> <span class='ocrx_word' id='word_1_115' title='bbox 1459 2929 1794 2988; x_wconf 77' lang='lat' dir='ltr'><strong>tentationes</strong></span> <span class='ocrx_word' id='word_1_116' title='bbox 1832 2940 1888 2988; x_wconf 90' lang='lat' dir='ltr'><strong>et</strong></span> <span class='ocrx_word' id='word_1_117' title='bbox 1913 2936 2062 3004; x_wconf 78' lang='lat' dir='ltr'><strong>peri-</strong></span> 
     </span>
    </p>
   </div>
   <div class='ocr_carea' id='block_1_23' title="bbox 462 3005 2055 3094">
    <p class='ocr_par' dir='ltr' id='par_1_23' title="bbox 462 3005 2055 3094">
     <span class='ocr_line' id='line_1_24' title="bbox 462 3005 2055 3094; baseline 0.015 -35"><span class='ocrx_word' id='word_1_118' title='bbox 462 3005 587 3061; x_wconf 86' lang='lat' dir='ltr'><strong>cula</strong></span> <span class='ocrx_word' id='word_1_119' title='bbox 617 3007 672 3062; x_wconf 91' lang='lat' dir='ltr'><strong>in</strong></span> <span class='ocrx_word' id='word_1_120' title='bbox 703 3016 857 3078; x_wconf 88' lang='lat' dir='ltr'><strong>parte</strong></span> <span class='ocrx_word' id='word_1_121' title='bbox 882 3011 1158 3079; x_wconf 75' lang='lat' dir='ltr'><strong>rationali,</strong></span> <span class='ocrx_word' id='word_1_122' title='bbox 1201 3014 1465 3074; x_wconf 79' lang='lat' dir='ltr'><strong>irascibili</strong></span> <span class='ocrx_word' id='word_1_123' title='bbox 1510 3027 1568 3076; x_wconf 88' lang='lat' dir='ltr'><strong>et</strong></span> <span class='ocrx_word' id='word_1_124' title='bbox 1613 3025 2055 3094; x_wconf 87' lang='lat' dir='ltr'><strong>concupiscibili.</strong></span> 
     </span>
    </p>
   </div>
   <div class='ocr_carea' id='block_1_24' title="bbox 463 3098 2056 3190">
    <p class='ocr_par' dir='ltr' id='par_1_24' title="bbox 463 3098 2056 3190">
     <span class='ocr_line' id='line_1_25' title="bbox 463 3098 2056 3190; baseline 0.016 -38"><span class='ocrx_word' id='word_1_125' title='bbox 463 3098 605 3154; x_wconf 91' lang='lat' dir='ltr'><strong>lllud</strong></span> <span class='ocrx_word' id='word_1_126' title='bbox 648 3116 782 3156; x_wconf 82' lang='lat' dir='ltr'><strong>vero</strong></span> <span class='ocrx_word' id='word_1_127' title='bbox 804 3141 819 3168; x_wconf 92' lang='lat'><strong>,</strong></span> <span class='ocrx_word' id='word_1_128' title='bbox 875 3122 895 3156; x_wconf 73' lang='grc' dir='ltr'><strong>ι</strong></span> <span class='ocrx_word' id='word_1_129' title='bbox 925 3104 985 3160; x_wconf 83' lang='lat' dir='ltr'><strong>in</strong></span> <span class='ocrx_word' id='word_1_130' title='bbox 1026 3107 1230 3164; x_wconf 86' lang='lat' dir='ltr'><strong>sudore</strong></span> <span class='ocrx_word' id='word_1_131' title='bbox 1251 3110 1436 3168; x_wconf 88' lang='lat' dir='ltr'><strong>vultus</strong></span> <span class='ocrx_word' id='word_1_132' title='bbox 1469 3113 1550 3169; x_wconf 90' lang='lat' dir='ltr'><strong>tui</strong></span> <span class='ocrx_word' id='word_1_133' title='bbox 1572 3116 1831 3173; x_wconf 88' lang='lat' dir='ltr'><strong>comedes</strong></span> <span class='ocrx_word' id='word_1_134' title='bbox 1858 3135 2056 3190; x_wconf 90' lang='lat' dir='ltr'><strong>panem</strong></span> 
     </span>
    </p>
   </div>
   <div class='ocr_carea' id='block_1_25' title="bbox 464 3192 2056 3278">
    <p class='ocr_par' dir='ltr' id='par_1_25' title="bbox 464 3192 2056 3278">
     <span class='ocr_line' id='line_1_26' title="bbox 464 3192 2056 3278; baseline 0.014 -36"><span class='ocrx_word' id='word_1_135' title='bbox 464 3197 623 3244; x_wconf 88' lang='lat' dir='ltr'><strong>tuum</strong></span> <span class='ocrx_word' id='word_1_136' title='bbox 664 3192 705 3257; x_wconf 82' lang='lat'><strong>&#39;,</strong></span> <span class='ocrx_word' id='word_1_137' title='bbox 739 3211 758 3244; x_wconf 71' lang='grc' dir='ltr'><strong>ι</strong></span> <span class='ocrx_word' id='word_1_138' title='bbox 806 3192 1040 3267; x_wconf 80' lang='lat' dir='ltr'><strong>intelligi</strong></span> <span class='ocrx_word' id='word_1_139' title='bbox 1074 3205 1258 3267; x_wconf 82' lang='lat' dir='ltr'><strong>potest</strong></span> <span class='ocrx_word' id='word_1_140' title='bbox 1288 3198 1356 3256; x_wconf 90' lang='lat' dir='ltr'><strong>de</strong></span> <span class='ocrx_word' id='word_1_141' title='bbox 1393 3201 1611 3259; x_wconf 81' lang='lat' dir='ltr'><strong>actione</strong></span> <span class='ocrx_word' id='word_1_142' title='bbox 1634 3211 1693 3260; x_wconf 90' lang='lat' dir='ltr'><strong>et</strong></span> <span class='ocrx_word' id='word_1_143' title='bbox 1714 3208 2056 3278; x_wconf 88' lang='lat' dir='ltr'><strong>contempla-</strong></span> 
     </span>
    </p>
   </div>
   <div class='ocr_carea' id='block_1_26' title="bbox 464 3282 2056 3370">
    <p class='ocr_par' dir='ltr' id='par_1_26' title="bbox 464 3282 2056 3370">
     <span class='ocr_line' id='line_1_27' title="bbox 464 3282 2056 3370; baseline 0.015 -36"><span class='ocrx_word' id='word_1_144' title='bbox 464 3282 617 3337; x_wconf 82' lang='lat' dir='ltr'><strong>tione</strong></span> <span class='ocrx_word' id='word_1_145' title='bbox 645 3301 657 3337; x_wconf 91' lang='lat'>:</span> <span class='ocrx_word' id='word_1_146' title='bbox 702 3284 757 3339; x_wconf 87' lang='lat' dir='ltr'><strong>in</strong></span> <span class='ocrx_word' id='word_1_147' title='bbox 790 3285 980 3344; x_wconf 87' lang='lat' dir='ltr'><strong>labore</strong></span> <span class='ocrx_word' id='word_1_148' title='bbox 1007 3289 1158 3345; x_wconf 88' lang='lat' dir='ltr'><strong>enim</strong></span> <span class='ocrx_word' id='word_1_149' title='bbox 1185 3291 1378 3349; x_wconf 68' lang='lat' dir='ltr'><strong>activae</strong></span> <span class='ocrx_word' id='word_1_150' title='bbox 1407 3297 1668 3354; x_wconf 88' lang='lat' dir='ltr'><strong>comedes</strong></span> <span class='ocrx_word' id='word_1_151' title='bbox 1686 3313 1884 3370; x_wconf 81' lang='lat' dir='ltr'><strong>panem</strong></span> <span class='ocrx_word' id='word_1_152' title='bbox 1920 3317 2056 3358; x_wconf 89' lang='lat' dir='ltr'><strong>eon-</strong></span> 
     </span>
    </p>
   </div>
   <div class='ocr_carea' id='block_1_27' title="bbox 465 3376 818 3447">
    <p class='ocr_par' dir='ltr' id='par_1_27' title="bbox 465 3376 818 3447">
     <span class='ocr_line' id='line_1_28' title="bbox 465 3376 818 3447; baseline 0.011 -17"><span class='ocrx_word' id='word_1_153' title='bbox 465 3376 818 3447; x_wconf 70' lang='lat' dir='ltr'><strong>templativm.</strong></span> 
     </span>
    </p>
   </div>
   <div class='ocr_carea' id='block_1_28' title="bbox 535 3469 2060 3560">
    <p class='ocr_par' dir='ltr' id='par_1_28' title="bbox 535 3469 2060 3560">
     <span class='ocr_line' id='line_1_29' title="bbox 535 3469 2060 3560; baseline 0.012 -34"><span class='ocrx_word' id='word_1_154' title='bbox 535 3469 668 3526; x_wconf 85' lang='lat' dir='ltr'><strong>Cain</strong></span> <span class='ocrx_word' id='word_1_155' title='bbox 692 3472 941 3543; x_wconf 85' lang='lat' dir='ltr'><strong>quidem,</strong></span> <span class='ocrx_word' id='word_1_156' title='bbox 974 3476 1236 3548; x_wconf 83' lang='lat' dir='ltr'><strong>cogitatio</strong></span> <span class='ocrx_word' id='word_1_157' title='bbox 1259 3481 1464 3548; x_wconf 88' lang='lat' dir='ltr'><strong>carnis,</strong></span> <span class='ocrx_word' id='word_1_158' title='bbox 1493 3497 1658 3553; x_wconf 90' lang='lat' dir='ltr'><strong>quam</strong></span> <span class='ocrx_word' id='word_1_159' title='bbox 1683 3485 1926 3555; x_wconf 89' lang='lat' dir='ltr'><strong>primum</strong></span> <span class='ocrx_word' id='word_1_160' title='bbox 1962 3503 2060 3560; x_wconf 80' lang='lat' dir='ltr'><strong>ge-</strong></span> 
     </span>
    </p>
   </div>
   <div class='ocr_carea' id='block_1_29' title="bbox 461 3560 2059 3648">
    <p class='ocr_par' dir='ltr' id='par_1_29' title="bbox 461 3560 2059 3648">
     <span class='ocr_line' id='line_1_30' title="bbox 461 3560 2059 3648; baseline 0.013 -34"><span class='ocrx_word' id='word_1_161' title='bbox 461 3561 588 3615; x_wconf 88' lang='lat' dir='ltr'><strong>nuit</strong></span> <span class='ocrx_word' id='word_1_162' title='bbox 620 3560 796 3617; x_wconf 87' lang='lat' dir='ltr'><strong>Adam</strong></span> <span class='ocrx_word' id='word_1_163' title='bbox 824 3577 924 3634; x_wconf 88' lang='lat' dir='ltr'><strong>per</strong></span> <span class='ocrx_word' id='word_1_164' title='bbox 946 3565 1382 3624; x_wconf 86' lang='lat' dir='ltr'><strong>inobedientiam</strong></span> <span class='ocrx_word' id='word_1_165' title='bbox 1403 3588 1418 3638; x_wconf 90' lang='lat'><strong>;</strong></span> <span class='ocrx_word' id='word_1_166' title='bbox 1443 3572 1580 3628; x_wconf 85' lang='lat' dir='ltr'><strong>Abel</strong></span> <span class='ocrx_word' id='word_1_167' title='bbox 1612 3589 1770 3644; x_wconf 74' lang='lat' dir='ltr'><strong>vero,</strong></span> <span class='ocrx_word' id='word_1_168' title='bbox 1796 3577 2059 3648; x_wconf 80' lang='lat' dir='ltr'><strong>cogitatio</strong></span> 
     </span>
    </p>
   </div>
   <div class='ocr_carea' id='block_1_30' title="bbox 2077 2347 2125 2406">
    <p class='ocr_par' dir='ltr' id='par_1_30' title="bbox 2077 2347 2125 2406">
     <span class='ocr_line' id='line_1_31' title="bbox 2077 2347 2125 2406; baseline 0 0"><span class='ocrx_word' id='word_1_169' title='bbox 2077 2347 2125 2406; x_wconf 84' lang='lat' dir='ltr'><strong>A</strong></span> 
     </span>
    </p>
   </div>
   <div class='ocr_carea' id='block_1_31' title="bbox 2625 2341 3278 2402">
    <p class='ocr_par' dir='ltr' id='par_1_31' title="bbox 2625 2341 3278 2402">
     <span class='ocr_line' id='line_1_32' title="bbox 2625 2341 3278 2402; baseline 0.005 -6"><span class='ocrx_word' id='word_1_170' title='bbox 2625 2341 2872 2401; x_wconf 82' lang='grc' dir='ltr'><strong>ΒΙΒΛΟΣ</strong></span> <span class='ocrx_word' id='word_1_171' title='bbox 2907 2342 3278 2402; x_wconf 80' lang='grc' dir='ltr'><strong>ΙἛΝΕΣΕΩΣ.</strong></span> 
     </span>
    </p>
   </div>
   <div class='ocr_carea' id='block_1_32' title="bbox 2315 2453 3606 2530">
    <p class='ocr_par' dir='ltr' id='par_1_32' title="bbox 2315 2453 3606 2530">
     <span class='ocr_line' id='line_1_33' title="bbox 2315 2453 3606 2530; baseline 0.007 -21"><span class='ocrx_word' id='word_1_172' title='bbox 2315 2453 2781 2526; x_wconf 74' lang='grc' dir='ltr'><strong>Ἐπικατάρατος</strong></span> <span class='ocrx_word' id='word_1_173' title='bbox 2807 2457 2848 2528; x_wconf 73' lang='grc' dir='ltr'>ἡ</span> <span class='ocrx_word' id='word_1_174' title='bbox 2882 2456 2961 2530; x_wconf 76' lang='grc' dir='ltr'><strong>τῆ</strong></span> <span class='ocrx_word' id='word_1_175' title='bbox 2989 2457 3062 2514; x_wconf 72' lang='grc' dir='ltr'><strong>ἐν</strong></span> <span class='ocrx_word' id='word_1_176' title='bbox 3082 2457 3209 2528; x_wconf 80' lang='grc' dir='ltr'><strong>τοῖς</strong></span> <span class='ocrx_word' id='word_1_177' title='bbox 3237 2458 3438 2530; x_wconf 62' lang='grc' dir='ltr'><strong>ἔργοις</strong></span> <span class='ocrx_word' id='word_1_178' title='bbox 3462 2471 3606 2518; x_wconf 85' lang='grc' dir='ltr'><strong>σου.</strong></span> 
     </span>
    </p>
   </div>
   <div class='ocr_carea' id='block_1_33' title="bbox 2227 2569 3750 2646">
    <p class='ocr_par' dir='ltr' id='par_1_33' title="bbox 2227 2569 3750 2646">
     <span class='ocr_line' id='line_1_34' title="bbox 2227 2569 3750 2646; baseline 0.003 -21"><span class='ocrx_word' id='word_1_179' title='bbox 2227 2570 2605 2644; x_wconf 76' lang='grc' dir='ltr'><strong>Κατηραμὲνη</strong></span> <span class='ocrx_word' id='word_1_180' title='bbox 2632 2575 2704 2645; x_wconf 81' lang='grc' dir='ltr'><strong>γῆ</strong></span> <span class='ocrx_word' id='word_1_181' title='bbox 2734 2574 2793 2627; x_wconf 79' lang='grc' dir='ltr'><strong>ὲν</strong></span> <span class='ocrx_word' id='word_1_182' title='bbox 2823 2575 2938 2639; x_wconf 78' lang='grc' dir='ltr'><strong>τοῖς</strong></span> <span class='ocrx_word' id='word_1_183' title='bbox 2971 2574 3158 2645; x_wconf 74' lang='grc' dir='ltr'><strong>ἔργοις</strong></span> <span class='ocrx_word' id='word_1_184' title='bbox 3178 2572 3274 2629; x_wconf 79' lang='grc' dir='ltr'><strong>τοῦ</strong></span> <span class='ocrx_word' id='word_1_185' title='bbox 3307 2572 3503 2646; x_wconf 80' lang='grc' dir='ltr'><strong>’Δδὰμ,</strong></span> <span class='ocrx_word' id='word_1_186' title='bbox 3547 2574 3584 2646; x_wconf 74' lang='grc' dir='ltr'>ἡ</span> <span class='ocrx_word' id='word_1_187' title='bbox 3612 2569 3750 2646; x_wconf 72' lang='grc' dir='ltr'><strong>σάρξ</strong></span> 
     </span>
    </p>
   </div>
   <div class='ocr_carea' id='block_1_34' title="bbox 2159 2659 3747 2737">
    <p class='ocr_par' dir='ltr' id='par_1_34' title="bbox 2159 2659 3747 2737">
     <span class='ocr_line' id='line_1_35' title="bbox 2159 2659 3747 2737; baseline 0.002 -20"><span class='ocrx_word' id='word_1_188' title='bbox 2159 2663 2276 2718; x_wconf 70' lang='grc' dir='ltr'><strong>ἐστι</strong></span> <span class='ocrx_word' id='word_1_189' title='bbox 2305 2663 2400 2719; x_wconf 79' lang='grc' dir='ltr'><strong>τοῦ</strong></span> <span class='ocrx_word' id='word_1_190' title='bbox 2433 2664 2736 2734; x_wconf 80' lang='grc' dir='ltr'><strong>γεωθὲντος</strong></span> <span class='ocrx_word' id='word_1_191' title='bbox 2775 2665 2869 2720; x_wconf 86' lang='grc' dir='ltr'><strong>νοῦ</strong></span> <span class='ocrx_word' id='word_1_192' title='bbox 2891 2684 2904 2697; x_wconf 92' lang='grc'><strong>·</strong></span> <span class='ocrx_word' id='word_1_193' title='bbox 2936 2659 2999 2722; x_wconf 68' lang='grc' dir='ltr'><strong>οὗ</strong></span> <span class='ocrx_word' id='word_1_194' title='bbox 3042 2665 3183 2737; x_wconf 75' lang='grc' dir='ltr'><strong>ἔργα</strong></span> <span class='ocrx_word' id='word_1_195' title='bbox 3212 2665 3282 2722; x_wconf 80' lang='grc' dir='ltr'><strong>τὰ</strong></span> <span class='ocrx_word' id='word_1_196' title='bbox 3313 2664 3465 2736; x_wconf 81' lang='grc' dir='ltr'><strong>πάθη</strong></span> <span class='ocrx_word' id='word_1_197' title='bbox 3496 2665 3597 2737; x_wconf 86' lang='grc' dir='ltr'><strong>τῆς</strong></span> <span class='ocrx_word' id='word_1_198' title='bbox 3627 2665 3747 2720; x_wconf 75' lang='grc' dir='ltr'><strong>ἀτι-</strong></span> 
     </span>
    </p>
   </div>
   <div class='ocr_carea' id='block_1_35' title="bbox 2162 2755 3860 2831">
    <p class='ocr_par' dir='ltr' id='par_1_35' title="bbox 2162 2755 3860 2831">
     <span class='ocr_line' id='line_1_36' title="bbox 2162 2755 3860 2831; baseline 0.004 -22"><span class='ocrx_word' id='word_1_199' title='bbox 2162 2755 2311 2828; x_wconf 83' lang='grc' dir='ltr'><strong>μίας.</strong></span> <span class='ocrx_word' id='word_1_200' title='bbox 2347 2755 2440 2810; x_wconf 81' lang='grc' dir='ltr'><strong>Διδ</strong></span> <span class='ocrx_word' id='word_1_201' title='bbox 2483 2757 2580 2812; x_wconf 73' lang='grc' dir='ltr'><strong>καὶ</strong></span> <span class='ocrx_word' id='word_1_202' title='bbox 2628 2758 2958 2830; x_wconf 84' lang='grc' dir='ltr'><strong>κατήραται.</strong></span> <span class='ocrx_word' id='word_1_203' title='bbox 2998 2759 3164 2824; x_wconf 87' lang='grc' dir='ltr'><strong>Ἤτις</strong></span> <span class='ocrx_word' id='word_1_204' title='bbox 3214 2757 3354 2831; x_wconf 83' lang='grc' dir='ltr'><strong>σὰρξ</strong></span> <span class='ocrx_word' id='word_1_205' title='bbox 3427 2758 3749 2815; x_wconf 77' lang='grc' dir='ltr'><strong>ἀναδίδωσιν</strong></span> <span class='ocrx_word' id='word_1_206' title='bbox 3853 2766 3860 2771; x_wconf 82' lang='grc'><strong><em>“</em></strong></span> 
     </span>
    </p>
   </div>
   <div class='ocr_carea' id='block_1_36' title="bbox 2160 2847 3745 2922">
    <p class='ocr_par' dir='ltr' id='par_1_36' title="bbox 2160 2847 3745 2922">
     <span class='ocr_line' id='line_1_37' title="bbox 2160 2847 3745 2922; baseline 0 -20"><span class='ocrx_word' id='word_1_207' title='bbox 2160 2847 2334 2920; x_wconf 82' lang='grc' dir='ltr'><strong>αὐτῷ,</strong></span> <span class='ocrx_word' id='word_1_208' title='bbox 2370 2847 2448 2913; x_wconf 87' lang='grc' dir='ltr'><strong>ὡς</strong></span> <span class='ocrx_word' id='word_1_209' title='bbox 2485 2849 2588 2920; x_wconf 84' lang='grc' dir='ltr'><strong>μὲν</strong></span> <span class='ocrx_word' id='word_1_210' title='bbox 2637 2848 2904 2915; x_wconf 82' lang='grc' dir='ltr'><strong>ἀκάνθας,</strong></span> <span class='ocrx_word' id='word_1_211' title='bbox 2949 2849 3247 2922; x_wconf 81' lang='grc' dir='ltr'><strong>μερίμνας,</strong></span> <span class='ocrx_word' id='word_1_212' title='bbox 3292 2848 3389 2904; x_wconf 74' lang='grc' dir='ltr'><strong>καὶ</strong></span> <span class='ocrx_word' id='word_1_213' title='bbox 3421 2847 3745 2922; x_wconf 78' lang='grc' dir='ltr'><strong>φροντίδας·</strong></span> 
     </span>
    </p>
   </div>
   <div class='ocr_carea' id='block_1_37' title="bbox 2157 2937 3750 3014">
    <p class='ocr_par' dir='ltr' id='par_1_37' title="bbox 2157 2937 3750 3014">
     <span class='ocr_line' id='line_1_38' title="bbox 2157 2937 3750 3014; baseline -0.001 -19"><span class='ocrx_word' id='word_1_214' title='bbox 2157 2939 2236 3006; x_wconf 84' lang='grc' dir='ltr'><strong>ὡς</strong></span> <span class='ocrx_word' id='word_1_215' title='bbox 2278 2941 2334 2996; x_wconf 81' lang='grc' dir='ltr'><strong>δὲ</strong></span> <span class='ocrx_word' id='word_1_216' title='bbox 2375 2941 2684 3014; x_wconf 77' lang='grc' dir='ltr'><strong>τριϐόλους,</strong></span> <span class='ocrx_word' id='word_1_217' title='bbox 2716 2942 3083 3014; x_wconf 81' lang='grc' dir='ltr'><strong>πειρασμοὺς,</strong></span> <span class='ocrx_word' id='word_1_218' title='bbox 3122 2941 3218 2996; x_wconf 79' lang='grc' dir='ltr'><strong>καὶ</strong></span> <span class='ocrx_word' id='word_1_219' title='bbox 3267 2939 3572 3006; x_wconf 84' lang='grc' dir='ltr'><strong>κινδύνους,</strong></span> <span class='ocrx_word' id='word_1_220' title='bbox 3604 2937 3750 2994; x_wconf 77' lang='grc' dir='ltr'><strong>κατά</strong></span> 
     </span>
    </p>
   </div>
   <div class='ocr_carea' id='block_1_38' title="bbox 2158 3031 3751 3106">
    <p class='ocr_par' dir='ltr' id='par_1_38' title="bbox 2158 3031 3751 3106">
     <span class='ocr_line' id='line_1_39' title="bbox 2158 3031 3751 3106; baseline -0.001 -18"><span class='ocrx_word' id='word_1_221' title='bbox 2158 3051 2220 3089; x_wconf 87' lang='grc' dir='ltr'><strong>τε</strong></span> <span class='ocrx_word' id='word_1_222' title='bbox 2274 3033 2434 3105; x_wconf 87' lang='grc' dir='ltr'><strong>λόγον</strong></span> <span class='ocrx_word' id='word_1_223' title='bbox 2479 3032 2576 3088; x_wconf 77' lang='grc' dir='ltr'><strong>καὶ</strong></span> <span class='ocrx_word' id='word_1_224' title='bbox 2634 3033 2808 3105; x_wconf 75' lang='grc' dir='ltr'><strong>θυμὸν</strong></span> <span class='ocrx_word' id='word_1_225' title='bbox 2860 3034 2957 3089; x_wconf 78' lang='grc' dir='ltr'><strong>καὶ</strong></span> <span class='ocrx_word' id='word_1_226' title='bbox 3008 3033 3329 3106; x_wconf 77' lang='grc' dir='ltr'><strong>ἐπιθυμίαν.</strong></span> <span class='ocrx_word' id='word_1_227' title='bbox 3363 3031 3440 3087; x_wconf 76' lang='grc' dir='ltr'>Τὸ</span> <span class='ocrx_word' id='word_1_228' title='bbox 3469 3031 3568 3100; x_wconf 80' lang='grc' dir='ltr'><strong>δὲ,</strong></span> <span class='ocrx_word' id='word_1_229' title='bbox 3603 3050 3622 3085; x_wconf 78' lang='grc' dir='ltr'><strong>ι</strong></span> <span class='ocrx_word' id='word_1_230' title='bbox 3661 3031 3751 3087; x_wconf 86' lang='grc' dir='ltr'><strong>Ἐν</strong></span> 
     </span>
    </p>
   </div>
   <div class='ocr_carea' id='block_1_39' title="bbox 2163 3124 3744 3200">
    <p class='ocr_par' dir='ltr' id='par_1_39' title="bbox 2163 3124 3744 3200">
     <span class='ocr_line' id='line_1_40' title="bbox 2163 3124 3744 3200; baseline -0.001 -21"><span class='ocrx_word' id='word_1_231' title='bbox 2163 3126 2351 3198; x_wconf 79' lang='grc' dir='ltr'><strong>ἱδρῶτι</strong></span> <span class='ocrx_word' id='word_1_232' title='bbox 2399 3125 2496 3180; x_wconf 82' lang='grc' dir='ltr'><strong>τοῦ</strong></span> <span class='ocrx_word' id='word_1_233' title='bbox 2549 3124 2850 3198; x_wconf 85' lang='grc' dir='ltr'><strong>προσώπου</strong></span> <span class='ocrx_word' id='word_1_234' title='bbox 2915 3142 3011 3180; x_wconf 90' lang='grc' dir='ltr'><strong>σου</strong></span> <span class='ocrx_word' id='word_1_235' title='bbox 3049 3124 3202 3200; x_wconf 80' lang='grc' dir='ltr'><strong>φάγῃ</strong></span> <span class='ocrx_word' id='word_1_236' title='bbox 3241 3125 3335 3180; x_wconf 70' lang='grc' dir='ltr'><strong>τόν</strong></span> <span class='ocrx_word' id='word_1_237' title='bbox 3369 3125 3538 3198; x_wconf 76' lang='grc' dir='ltr'><strong>ἄρτον</strong></span> <span class='ocrx_word' id='word_1_238' title='bbox 3576 3141 3693 3191; x_wconf 87' lang='grc' dir='ltr'><strong>σου,</strong></span> <span class='ocrx_word' id='word_1_239' title='bbox 3723 3141 3744 3178; x_wconf 71' lang='grc' dir='ltr'><strong>ι</strong></span> 
     </span>
    </p>
   </div>
   <div class='ocr_carea' id='block_1_40' title="bbox 2160 3216 3753 3292">
    <p class='ocr_par' dir='ltr' id='par_1_40' title="bbox 2160 3216 3753 3292">
     <span class='ocr_line' id='line_1_41' title="bbox 2160 3216 3753 3292; baseline -0.001 -20"><span class='ocrx_word' id='word_1_240' title='bbox 2160 3217 2477 3290; x_wconf 75' lang='grc' dir='ltr'><strong>λαμϐάνοιτ’</strong></span> <span class='ocrx_word' id='word_1_241' title='bbox 2528 3218 2594 3273; x_wconf 84' lang='grc' dir='ltr'><strong>ἃν</strong></span> <span class='ocrx_word' id='word_1_242' title='bbox 2645 3219 2903 3291; x_wconf 74' lang='grc' dir='ltr'><strong>καὶπερὶ</strong></span> <span class='ocrx_word' id='word_1_243' title='bbox 2953 3218 3207 3292; x_wconf 83' lang='grc' dir='ltr'><strong>πράξεως</strong></span> <span class='ocrx_word' id='word_1_244' title='bbox 3257 3217 3354 3273; x_wconf 78' lang='grc' dir='ltr'><strong>καὶ</strong></span> <span class='ocrx_word' id='word_1_245' title='bbox 3387 3216 3657 3290; x_wconf 79' lang='grc' dir='ltr'><strong>θεωρίας·</strong></span> <span class='ocrx_word' id='word_1_246' title='bbox 3692 3217 3753 3271; x_wconf 75' lang='grc' dir='ltr'><strong>ἐν</strong></span> 
     </span>
    </p>
   </div>
   <div class='ocr_carea' id='block_1_41' title="bbox 2162 3305 3752 3382">
    <p class='ocr_par' dir='ltr' id='par_1_41' title="bbox 2162 3305 3752 3382">
     <span class='ocr_line' id='line_1_42' title="bbox 2162 3305 3752 3382; baseline -0.002 -19"><span class='ocrx_word' id='word_1_247' title='bbox 2162 3309 2450 3382; x_wconf 59' lang='grc' dir='ltr'><strong>πόνῳγὰρ</strong></span> <span class='ocrx_word' id='word_1_248' title='bbox 2479 3308 2581 3380; x_wconf 86' lang='grc' dir='ltr'><strong>τῆς</strong></span> <span class='ocrx_word' id='word_1_249' title='bbox 2613 3309 2924 3382; x_wconf 80' lang='grc' dir='ltr'><strong>πρακτικῆς</strong></span> <span class='ocrx_word' id='word_1_250' title='bbox 2970 3308 3121 3382; x_wconf 84' lang='grc' dir='ltr'><strong>φάγῃ</strong></span> <span class='ocrx_word' id='word_1_251' title='bbox 3156 3305 3248 3364; x_wconf 71' lang='grc' dir='ltr'><strong>τὸν</strong></span> <span class='ocrx_word' id='word_1_252' title='bbox 3293 3306 3460 3380; x_wconf 77' lang='grc' dir='ltr'><strong>ἄρτον</strong></span> <span class='ocrx_word' id='word_1_253' title='bbox 3491 3308 3595 3379; x_wconf 78' lang='grc' dir='ltr'><strong>τῆς</strong></span> <span class='ocrx_word' id='word_1_254' title='bbox 3614 3305 3752 3360; x_wconf 85' lang='grc' dir='ltr'><strong>θεω-</strong></span> 
     </span>
    </p>
   </div>
   <div class='ocr_carea' id='block_1_42' title="bbox 2167 3400 2428 3473">
    <p class='ocr_par' dir='ltr' id='par_1_42' title="bbox 2167 3400 2428 3473">
     <span class='ocr_line' id='line_1_43' title="bbox 2167 3400 2428 3473; baseline 0.004 -19"><span class='ocrx_word' id='word_1_255' title='bbox 2167 3400 2428 3473; x_wconf 84' lang='grc' dir='ltr'><strong>ρητικῆς.</strong></span> 
     </span>
    </p>
   </div>
   <div class='ocr_carea' id='block_1_43' title="bbox 2237 3485 3755 3566">
    <p class='ocr_par' dir='ltr' id='par_1_43' title="bbox 2237 3485 3755 3566">
     <span class='ocr_line' id='line_1_44' title="bbox 2237 3485 3755 3566; baseline -0.004 -18"><span class='ocrx_word' id='word_1_256' title='bbox 2237 3494 2380 3548; x_wconf 81' lang='grc' dir='ltr'><strong>Κόιῖν</strong></span> <span class='ocrx_word' id='word_1_257' title='bbox 2413 3493 2536 3566; x_wconf 80' lang='grc' dir='ltr'><strong>μὲν,</strong></span> <span class='ocrx_word' id='word_1_258' title='bbox 2571 3493 2634 3548; x_wconf 77' lang='grc' dir='ltr'><strong>τὸ</strong></span> <span class='ocrx_word' id='word_1_259' title='bbox 2679 3491 2941 3566; x_wconf 84' lang='grc' dir='ltr'><strong>φρόνημα</strong></span> <span class='ocrx_word' id='word_1_260' title='bbox 2993 3490 3094 3563; x_wconf 87' lang='grc' dir='ltr'><strong>τῆς</strong></span> <span class='ocrx_word' id='word_1_261' title='bbox 3145 3488 3386 3564; x_wconf 75' lang='grc' dir='ltr'><strong>σαρκὸς,</strong></span> <span class='ocrx_word' id='word_1_262' title='bbox 3453 3485 3486 3544; x_wconf 82' lang='grc' dir='ltr'><strong>δ</strong></span> <span class='ocrx_word' id='word_1_263' title='bbox 3533 3487 3755 3562; x_wconf 69' lang='grc' dir='ltr'><strong>πρῶτον</strong></span> 
     </span>
    </p>
   </div>
   <div class='ocr_carea' id='block_1_44' title="bbox 2164 3577 3756 3659">
    <p class='ocr_par' dir='ltr' id='par_1_44' title="bbox 2164 3577 3756 3659">
     <span class='ocr_line' id='line_1_45' title="bbox 2164 3577 3756 3659; baseline -0.005 -17"><span class='ocrx_word' id='word_1_264' title='bbox 2164 3587 2454 3659; x_wconf 79' lang='grc' dir='ltr'><strong>ἐγέννησεν</strong></span> <span class='ocrx_word' id='word_1_265' title='bbox 2477 3588 2507 3641; x_wconf 84' lang='grc' dir='ltr'>ὁ</span> <span class='ocrx_word' id='word_1_266' title='bbox 2544 3585 2734 3657; x_wconf 75' lang='grc' dir='ltr'><strong>Ἀδὰμ,</strong></span> <span class='ocrx_word' id='word_1_267' title='bbox 2774 3583 2863 3639; x_wconf 87' lang='grc' dir='ltr'><strong>διὰ</strong></span> <span class='ocrx_word' id='word_1_268' title='bbox 2886 3582 2989 3656; x_wconf 89' lang='grc' dir='ltr'><strong>τῆς</strong></span> <span class='ocrx_word' id='word_1_269' title='bbox 3017 3581 3326 3655; x_wconf 81' lang='grc' dir='ltr'><strong>παρακοῆς·</strong></span> <span class='ocrx_word' id='word_1_270' title='bbox 3364 3577 3537 3634; x_wconf 73' lang='grc' dir='ltr'><strong>’Δδελ</strong></span> <span class='ocrx_word' id='word_1_271' title='bbox 3567 3577 3626 3633; x_wconf 71' lang='grc' dir='ltr'><strong>δὲ</strong></span> <span class='ocrx_word' id='word_1_272' title='bbox 3651 3619 3668 3646; x_wconf 92' lang='grc'><strong>,</strong></span> <span class='ocrx_word' id='word_1_273' title='bbox 3690 3577 3756 3634; x_wconf 75' lang='grc' dir='ltr'><strong>τὸ</strong></span> 
     </span>
    </p>
   </div>
   <div class='ocr_carea' id='block_1_45' title="bbox 463 3653 2095 3772">
    <p class='ocr_par' dir='ltr' id='par_1_45' title="bbox 463 3653 2095 3772">
     <span class='ocr_line' id='line_1_46' title="bbox 463 3653 2095 3742; baseline 0.01 -37"><span class='ocrx_word' id='word_1_274' title='bbox 463 3653 716 3722; x_wconf 80' lang='lat' dir='ltr'><strong>spiritus,</strong></span> <span class='ocrx_word' id='word_1_275' title='bbox 769 3672 936 3725; x_wconf 84' lang='lat' dir='ltr'><strong>quam</strong></span> <span class='ocrx_word' id='word_1_276' title='bbox 993 3669 1120 3730; x_wconf 88' lang='lat' dir='ltr'><strong>post</strong></span> <span class='ocrx_word' id='word_1_277' title='bbox 1155 3663 1346 3732; x_wconf 80' lang='lat' dir='ltr'><strong>genuit</strong></span> <span class='ocrx_word' id='word_1_278' title='bbox 1387 3664 1503 3736; x_wconf 87' lang='lat' dir='ltr'><strong>ipse</strong></span> <span class='ocrx_word' id='word_1_279' title='bbox 1535 3667 1711 3724; x_wconf 84' lang='lat' dir='ltr'><strong>Adam</strong></span> <span class='ocrx_word' id='word_1_280' title='bbox 1751 3686 1852 3741; x_wconf 88' lang='lat' dir='ltr'><strong>per</strong></span> <span class='ocrx_word' id='word_1_281' title='bbox 1883 3672 2061 3742; x_wconf 79' lang='lat' dir='ltr'><strong>pceni-</strong></span> <span class='ocrx_word' id='word_1_282' title='bbox 2092 3714 2095 3721; x_wconf 86' lang='lat'><strong>.</strong></span> 
     </span>
     <span class='ocr_line' id='line_1_47' title="bbox 469 3746 1696 3772; baseline 0 0"><span class='ocrx_word' id='word_1_283' title='bbox 469 3746 696 3772; x_wconf 57' lang='lat' dir='ltr'><strong>ann-2....“</strong></span> <span class='ocrx_word' id='word_1_284' title='bbox 767 3749 951 3772; x_wconf 61' lang='lat' dir='ltr'><strong>ln..----</strong></span> <span class='ocrx_word' id='word_1_285' title='bbox 1003 3753 1141 3772; x_wconf 73' lang='lat'><strong>___-)</strong></span> <span class='ocrx_word' id='word_1_286' title='bbox 1185 3754 1217 3772; x_wconf 70' lang='grc' dir='ltr'>η</span> <span class='ocrx_word' id='word_1_287' title='bbox 1267 3756 1278 3768; x_wconf 77' lang='grc' dir='ltr'><strong>ο</strong></span> <span class='ocrx_word' id='word_1_288' title='bbox 1318 3756 1351 3772; x_wconf 75' lang='grc' dir='ltr'><strong>ο,</strong></span> <span class='ocrx_word' id='word_1_289' title='bbox 1582 3760 1615 3772; x_wconf 72' lang='grc' dir='ltr'><strong>ο-</strong></span> <span class='ocrx_word' id='word_1_290' title='bbox 1665 3761 1696 3772; x_wconf 35' lang='grc' dir='ltr'><strong>Α.</strong></span> 
     </span>
    </p>
   </div>
   <div class='ocr_carea' id='block_1_46' title="bbox 2166 3653 3754 3772">
    <p class='ocr_par' dir='ltr' id='par_1_46' title="bbox 2169 3653 3754 3772">
     <span class='ocr_line' id='line_1_48' title="bbox 2169 3653 3754 3772; baseline -0.007 -39"><span class='ocrx_word' id='word_1_291' title='bbox 2169 3653 2429 3751; x_wconf 76' lang='grc' dir='ltr'><strong>φρόνημα</strong></span> <span class='ocrx_word' id='word_1_292' title='bbox 2462 3678 2558 3732; x_wconf 82' lang='grc' dir='ltr'><strong>τοῦ</strong></span> <span class='ocrx_word' id='word_1_293' title='bbox 2593 3653 3113 3748; x_wconf 16' lang='grc' dir='ltr'><strong>πνεύματοςξδπερή</strong></span> <span class='ocrx_word' id='word_1_294' title='bbox 3139 3673 3372 3772; x_wconf 65' lang='grc' dir='ltr'><strong>ὕστερον</strong></span> <span class='ocrx_word' id='word_1_295' title='bbox 3403 3670 3754 3772; x_wconf 45' lang='grc' dir='ltr'><strong>ἐγέννησεν-ό</strong></span> 
     </span>
    </p>
   </div>
   <div class='ocr_carea' id='block_1_47' title="bbox 469 3746 2095 3840">
    <p class='ocr_par' dir='ltr' id='par_1_47' title="bbox 469 3746 2061 3833">
     <span class='ocr_line' id='line_1_49' title="bbox 469 3746 2061 3833; baseline 0.013 -32"><span class='ocrx_word' id='word_1_296' title='bbox 469 3746 720 3802; x_wconf 87' lang='lat' dir='ltr'><strong>tentiam.</strong></span> <span class='ocrx_word' id='word_1_297' title='bbox 766 3749 955 3820; x_wconf 84' lang='lat' dir='ltr'><strong>Itaque</strong></span> <span class='ocrx_word' id='word_1_298' title='bbox 995 3753 1143 3823; x_wconf 90' lang='lat' dir='ltr'><strong>quod</strong></span> <span class='ocrx_word' id='word_1_299' title='bbox 1185 3754 1428 3826; x_wconf 85' lang='lat' dir='ltr'><strong>Spiritus</strong></span> <span class='ocrx_word' id='word_1_300' title='bbox 1477 3760 1755 3833; x_wconf 83' lang='lat' dir='ltr'><strong>cogitatio,</strong></span> <span class='ocrx_word' id='word_1_301' title='bbox 1796 3779 1920 3833; x_wconf 58' lang='lat' dir='ltr'><strong>quae</strong></span> <span class='ocrx_word' id='word_1_302' title='bbox 1974 3772 2061 3820; x_wconf 91' lang='lat' dir='ltr'><strong>est</strong></span> 
     </span>
    </p>
   </div>
   <div class='ocr_carea' id='block_1_48' title="bbox 2166 3746 3756 3840">
    <p class='ocr_par' dir='ltr' id='par_1_48' title="bbox 2166 3746 3756 3840">
     <span class='ocr_line' id='line_1_50' title="bbox 2166 3746 3756 3840; baseline -0.004 -18"><span class='ocrx_word' id='word_1_303' title='bbox 2166 3746 2560 3840; x_wconf 26' lang='grc' dir='ltr'><strong>ὠτὸς-*Ἀδὰμ</strong></span> <span class='ocrx_word' id='word_1_304' title='bbox 2595 3767 2686 3822; x_wconf 85' lang='grc' dir='ltr'><strong>διὰ</strong></span> <span class='ocrx_word' id='word_1_305' title='bbox 2711 3746 2812 3837; x_wconf 80' lang='grc' dir='ltr'><strong>τῆς</strong></span> <span class='ocrx_word' id='word_1_306' title='bbox 2847 3765 3157 3838; x_wconf 88' lang='grc' dir='ltr'><strong>μετανοίας.</strong></span> <span class='ocrx_word' id='word_1_307' title='bbox 3181 3764 3256 3819; x_wconf 83' lang='grc' dir='ltr'>Τὸ</span> <span class='ocrx_word' id='word_1_308' title='bbox 3282 3762 3462 3818; x_wconf 84' lang='grc' dir='ltr'><strong>τοίνυν</strong></span> <span class='ocrx_word' id='word_1_309' title='bbox 3491 3761 3636 3818; x_wconf 82' lang='grc' dir='ltr'><strong>κατά</strong></span> <span class='ocrx_word' id='word_1_310' title='bbox 3660 3760 3756 3816; x_wconf 86' lang='grc' dir='ltr'><strong>τδν</strong></span> 
     </span>
    </p>
   </div>
   <div class='ocr_carea' id='block_1_49' title="bbox 464 3837 2062 3913">
    <p class='ocr_par' dir='ltr' id='par_1_49' title="bbox 464 3837 2062 3913">
     <span class='ocr_line' id='line_1_51' title="bbox 464 3837 2062 3913; baseline 0.013 -22"><span class='ocrx_word' id='word_1_311' title='bbox 464 3837 626 3903; x_wconf 84' lang='lat' dir='ltr'><strong>Abel,</strong></span> <span class='ocrx_word' id='word_1_312' title='bbox 667 3849 795 3897; x_wconf 87' lang='lat' dir='ltr'><strong>ante</strong></span> <span class='ocrx_word' id='word_1_313' title='bbox 815 3843 1126 3913; x_wconf 87' lang='lat' dir='ltr'><strong>perfectum</strong></span> <span class='ocrx_word' id='word_1_314' title='bbox 1163 3848 1414 3906; x_wconf 88' lang='lat' dir='ltr'><strong>habitum</strong></span> <span class='ocrx_word' id='word_1_315' title='bbox 1438 3868 1549 3908; x_wconf 87' lang='lat' dir='ltr'><strong>una</strong></span> <span class='ocrx_word' id='word_1_316' title='bbox 1576 3869 1706 3908; x_wconf 87' lang='lat' dir='ltr'><strong>cum</strong></span> <span class='ocrx_word' id='word_1_317' title='bbox 1747 3855 1933 3911; x_wconf 85' lang='lat' dir='ltr'><strong>carnis</strong></span> <span class='ocrx_word' id='word_1_318' title='bbox 1964 3871 2062 3912; x_wconf 87' lang='lat' dir='ltr'><strong>co-</strong></span> 
     </span>
    </p>
   </div>
   <div class='ocr_carea' id='block_1_50' title="bbox 465 3931 2064 4015">
    <p class='ocr_par' dir='ltr' id='par_1_50' title="bbox 465 3931 2064 4015">
     <span class='ocr_line' id='line_1_52' title="bbox 465 3931 2064 4015; baseline 0.011 -31"><span class='ocrx_word' id='word_1_319' title='bbox 465 3931 754 4000; x_wconf 82' lang='lat' dir='ltr'><strong>gitatione,</strong></span> <span class='ocrx_word' id='word_1_320' title='bbox 775 3949 899 4004; x_wconf 82' lang='lat' dir='ltr'><strong>quae</strong></span> <span class='ocrx_word' id='word_1_321' title='bbox 925 3947 1012 3993; x_wconf 88' lang='lat' dir='ltr'><strong>est</strong></span> <span class='ocrx_word' id='word_1_322' title='bbox 1039 3937 1198 4006; x_wconf 88' lang='lat' dir='ltr'><strong>Cain,</strong></span> <span class='ocrx_word' id='word_1_323' title='bbox 1223 3942 1542 4012; x_wconf 83' lang='lat' dir='ltr'><strong>egrediatur</strong></span> <span class='ocrx_word' id='word_1_324' title='bbox 1567 3944 1624 3999; x_wconf 92' lang='lat' dir='ltr'><strong>in</strong></span> <span class='ocrx_word' id='word_1_325' title='bbox 1648 3959 1924 4015; x_wconf 84' lang='lat' dir='ltr'><strong>campum,</strong></span> <span class='ocrx_word' id='word_1_326' title='bbox 1955 3946 2064 4002; x_wconf 89' lang='lat' dir='ltr'><strong>hoc</strong></span> 
     </span>
    </p>
   </div>
   <div class='ocr_carea' id='block_1_51' title="bbox 465 4024 2064 4106">
    <p class='ocr_par' dir='ltr' id='par_1_51' title="bbox 465 4024 2064 4106">
     <span class='ocr_line' id='line_1_53' title="bbox 465 4024 2064 4106; baseline 0.01 -27"><span class='ocrx_word' id='word_1_327' title='bbox 465 4035 551 4079; x_wconf 89' lang='lat' dir='ltr'><strong>est</strong></span> <span class='ocrx_word' id='word_1_328' title='bbox 585 4024 640 4079; x_wconf 89' lang='lat' dir='ltr'><strong>in</strong></span> <span class='ocrx_word' id='word_1_329' title='bbox 675 4026 1029 4084; x_wconf 88' lang='lat' dir='ltr'><strong>latitudinem</strong></span> <span class='ocrx_word' id='word_1_330' title='bbox 1045 4033 1314 4088; x_wconf 88' lang='lat' dir='ltr'><strong>naturalis</strong></span> <span class='ocrx_word' id='word_1_331' title='bbox 1349 4035 1856 4106; x_wconf 86' lang='lat' dir='ltr'><strong>contemplationis,</strong></span> <span class='ocrx_word' id='word_1_332' title='bbox 1893 4038 2064 4094; x_wconf 84' lang='lat' dir='ltr'><strong>inter-</strong></span> 
     </span>
    </p>
   </div>
   <div class='ocr_carea' id='block_1_52' title="bbox 465 4116 2063 4198">
    <p class='ocr_par' dir='ltr' id='par_1_52' title="bbox 465 4116 2063 4198">
     <span class='ocr_line' id='line_1_54' title="bbox 465 4116 2063 4198; baseline 0.009 -26"><span class='ocrx_word' id='word_1_333' title='bbox 465 4116 651 4173; x_wconf 83' lang='lat' dir='ltr'><strong>ﬁcitur</strong></span> <span class='ocrx_word' id='word_1_334' title='bbox 687 4121 756 4176; x_wconf 88' lang='lat' dir='ltr'><strong>ab</strong></span> <span class='ocrx_word' id='word_1_335' title='bbox 779 4135 863 4176; x_wconf 91' lang='lat' dir='ltr'><strong>ea.</strong></span> <span class='ocrx_word' id='word_1_336' title='bbox 890 4121 1104 4179; x_wconf 89' lang='lat' dir='ltr'><strong>Bonum</strong></span> <span class='ocrx_word' id='word_1_337' title='bbox 1129 4137 1216 4180; x_wconf 89' lang='lat' dir='ltr'><strong>est</strong></span> <span class='ocrx_word' id='word_1_338' title='bbox 1243 4127 1392 4182; x_wconf 90' lang='lat' dir='ltr'><strong>enim</strong></span> <span class='ocrx_word' id='word_1_339' title='bbox 1414 4135 1543 4183; x_wconf 86' lang='lat' dir='ltr'><strong>ante</strong></span> <span class='ocrx_word' id='word_1_340' title='bbox 1565 4127 1872 4198; x_wconf 82' lang='lat' dir='ltr'><strong>perfectum</strong></span> <span class='ocrx_word' id='word_1_341' title='bbox 1901 4130 2063 4186; x_wconf 81' lang='lat' dir='ltr'><strong>habi-</strong></span> 
     </span>
    </p>
   </div>
   <div class='ocr_carea' id='block_1_53' title="bbox 466 4215 2062 4293">
    <p class='ocr_par' dir='ltr' id='par_1_53' title="bbox 466 4215 2062 4293">
     <span class='ocr_line' id='line_1_55' title="bbox 466 4215 2062 4293; baseline 0.01 -27"><span class='ocrx_word' id='word_1_342' title='bbox 466 4221 583 4267; x_wconf 86' lang='lat' dir='ltr'><strong>tum</strong></span> <span class='ocrx_word' id='word_1_343' title='bbox 615 4229 727 4268; x_wconf 90' lang='lat' dir='ltr'><strong>non</strong></span> <span class='ocrx_word' id='word_1_344' title='bbox 762 4215 1032 4287; x_wconf 76' lang='lat' dir='ltr'><strong>attingere</strong></span> <span class='ocrx_word' id='word_1_345' title='bbox 1065 4221 1376 4276; x_wconf 84' lang='lat' dir='ltr'><strong>naturalem</strong></span> <span class='ocrx_word' id='word_1_346' title='bbox 1414 4223 1959 4293; x_wconf 86' lang='lat' dir='ltr'><strong>contemplationem,</strong></span> <span class='ocrx_word' id='word_1_347' title='bbox 1991 4241 2062 4282; x_wconf 89' lang='lat' dir='ltr'><strong>ne</strong></span> 
     </span>
    </p>
   </div>
   <div class='ocr_carea' id='block_1_54' title="bbox 466 4307 2065 4390">
    <p class='ocr_par' dir='ltr' id='par_1_54' title="bbox 466 4307 2065 4390">
     <span class='ocr_line' id='line_1_56' title="bbox 466 4307 2065 4390; baseline 0.011 -32"><span class='ocrx_word' id='word_1_348' title='bbox 466 4320 755 4362; x_wconf 82' lang='lat' dir='ltr'><strong>sermones</strong></span> <span class='ocrx_word' id='word_1_349' title='bbox 775 4307 1092 4378; x_wconf 80' lang='lat' dir='ltr'><strong>Spirituales</strong></span> <span class='ocrx_word' id='word_1_350' title='bbox 1110 4327 1141 4367; x_wconf 92' lang='lat' dir='ltr'><strong>e</strong></span> <span class='ocrx_word' id='word_1_351' title='bbox 1163 4312 1522 4370; x_wconf 87' lang='lat' dir='ltr'><strong>sensibilibus</strong></span> <span class='ocrx_word' id='word_1_352' title='bbox 1543 4316 1920 4386; x_wconf 81' lang='lat' dir='ltr'><strong>exquirentes,</strong></span> <span class='ocrx_word' id='word_1_353' title='bbox 1939 4334 2065 4390; x_wconf 81' lang='lat' dir='ltr'><strong>pas-</strong></span> 
     </span>
    </p>
   </div>
   <div class='ocr_carea' id='block_1_55' title="bbox 467 4399 2062 4486">
    <p class='ocr_par' dir='ltr' id='par_1_55' title="bbox 467 4399 2062 4486">
     <span class='ocr_line' id='line_1_57' title="bbox 467 4399 2062 4486; baseline 0.009 -32"><span class='ocrx_word' id='word_1_354' title='bbox 467 4399 654 4454; x_wconf 79' lang='lat' dir='ltr'><strong>siones</strong></span> <span class='ocrx_word' id='word_1_355' title='bbox 680 4401 1022 4472; x_wconf 82' lang='lat' dir='ltr'><strong>colligamus.</strong></span> <span class='ocrx_word' id='word_1_356' title='bbox 1055 4404 1342 4474; x_wconf 87' lang='lat' dir='ltr'><strong>Siquidem</strong></span> <span class='ocrx_word' id='word_1_357' title='bbox 1374 4407 1521 4477; x_wconf 85' lang='lat' dir='ltr'><strong>apud</strong></span> <span class='ocrx_word' id='word_1_358' title='bbox 1559 4408 1934 4480; x_wconf 78' lang='lat' dir='ltr'><strong>imperfectos,</strong></span> <span class='ocrx_word' id='word_1_359' title='bbox 1961 4428 2062 4486; x_wconf 89' lang='lat' dir='ltr'><strong>ap-</strong></span> 
     </span>
    </p>
   </div>
   <div class='ocr_carea' id='block_1_56' title="bbox 465 4497 2064 4572">
    <p class='ocr_par' dir='ltr' id='par_1_56' title="bbox 465 4497 2064 4572">
     <span class='ocr_line' id='line_1_58' title="bbox 465 4497 2064 4572; baseline 0.01 -28"><span class='ocrx_word' id='word_1_360' title='bbox 465 4501 728 4560; x_wconf 86' lang='lat' dir='ltr'><strong>parentes</strong></span> <span class='ocrx_word' id='word_1_361' title='bbox 787 4509 972 4549; x_wconf 88' lang='lat' dir='ltr'><strong>rerum</strong></span> <span class='ocrx_word' id='word_1_362' title='bbox 1037 4497 1384 4553; x_wconf 84' lang='lat' dir='ltr'><strong>sensibilium</strong></span> <span class='ocrx_word' id='word_1_363' title='bbox 1441 4497 1632 4571; x_wconf 69' lang='lat' dir='ltr'><strong>ﬁgurm</strong></span> <span class='ocrx_word' id='word_1_364' title='bbox 1681 4503 1806 4572; x_wconf 89' lang='lat' dir='ltr'><strong>plus</strong></span> <span class='ocrx_word' id='word_1_365' title='bbox 1875 4505 2064 4560; x_wconf 82' lang='lat' dir='ltr'><strong>valent</strong></span> 
     </span>
    </p>
   </div>
   <div class='ocr_carea' id='block_1_57' title="bbox 467 4583 2062 4665">
    <p class='ocr_par' dir='ltr' id='par_1_57' title="bbox 467 4583 2062 4665">
     <span class='ocr_line' id='line_1_59' title="bbox 467 4583 2062 4665; baseline 0.009 -29"><span class='ocrx_word' id='word_1_366' title='bbox 467 4583 650 4650; x_wconf 82' lang='lat' dir='ltr'><strong>quoad</strong></span> <span class='ocrx_word' id='word_1_367' title='bbox 682 4599 934 4641; x_wconf 85' lang='lat' dir='ltr'><strong>sensum:</strong></span> <span class='ocrx_word' id='word_1_368' title='bbox 960 4588 1143 4657; x_wconf 82' lang='lat' dir='ltr'><strong>quoad</strong></span> <span class='ocrx_word' id='word_1_369' title='bbox 1165 4587 1412 4643; x_wconf 86' lang='lat' dir='ltr'><strong>animum</strong></span> <span class='ocrx_word' id='word_1_370' title='bbox 1435 4606 1591 4658; x_wconf 75' lang='lat' dir='ltr'><strong>vero,</strong></span> <span class='ocrx_word' id='word_1_371' title='bbox 1618 4593 1722 4648; x_wconf 88' lang='lat' dir='ltr'><strong>sub</strong></span> <span class='ocrx_word' id='word_1_372' title='bbox 1743 4595 2062 4665; x_wconf 88' lang='lat' dir='ltr'><strong>apparenti-</strong></span> 
     </span>
    </p>
   </div>
   <div class='ocr_carea' id='block_1_58' title="bbox 469 4673 1964 4754">
    <p class='ocr_par' dir='ltr' id='par_1_58' title="bbox 469 4673 1964 4754">
     <span class='ocr_line' id='line_1_60' title="bbox 469 4673 1964 4754; baseline 0.008 -26"><span class='ocrx_word' id='word_1_373' title='bbox 469 4673 576 4730; x_wconf 85' lang='lat' dir='ltr'><strong>bus</strong></span> <span class='ocrx_word' id='word_1_374' title='bbox 600 4674 792 4746; x_wconf 83' lang='lat' dir='ltr'><strong>ﬁguris</strong></span> <span class='ocrx_word' id='word_1_375' title='bbox 811 4677 1205 4737; x_wconf 77' lang='lat' dir='ltr'><strong>delitescentes</strong></span> <span class='ocrx_word' id='word_1_376' title='bbox 1227 4695 1514 4738; x_wconf 88' lang='lat' dir='ltr'><strong>sermones</strong></span> <span class='ocrx_word' id='word_1_377' title='bbox 1533 4683 1782 4754; x_wconf 80' lang='lat' dir='ltr'><strong>potiores</strong></span> <span class='ocrx_word' id='word_1_378' title='bbox 1815 4693 1964 4742; x_wconf 91' lang='lat' dir='ltr'><strong>sunt.</strong></span> 
     </span>
    </p>
   </div>
   <div class='ocr_carea' id='block_1_59' title="bbox 469 4873 2056 4949">
    <p class='ocr_par' dir='ltr' id='par_1_59' title="bbox 469 4873 2056 4949">
     <span class='ocr_line' id='line_1_61' title="bbox 469 4873 2056 4949; baseline 0.007 -22"><span class='ocrx_word' id='word_1_379' title='bbox 469 4873 652 4930; x_wconf 80' lang='lat' dir='ltr'><strong>Omnis</strong></span> <span class='ocrx_word' id='word_1_380' title='bbox 677 4875 768 4947; x_wconf 84' lang='lat' dir='ltr'><strong>qui</strong></span> <span class='ocrx_word' id='word_1_381' title='bbox 791 4877 1037 4932; x_wconf 77' lang='lat' dir='ltr'><strong>occiderit</strong></span> <span class='ocrx_word' id='word_1_382' title='bbox 1059 4876 1215 4944; x_wconf 82' lang='lat' dir='ltr'><strong>Cain,</strong></span> <span class='ocrx_word' id='word_1_383' title='bbox 1241 4885 1440 4949; x_wconf 81' lang='lat' dir='ltr'><strong>septem</strong></span> <span class='ocrx_word' id='word_1_384' title='bbox 1463 4879 1728 4935; x_wconf 83' lang='lat' dir='ltr'><strong>vindicata</strong></span> <span class='ocrx_word' id='word_1_385' title='bbox 1750 4881 1992 4937; x_wconf 79' lang='lat' dir='ltr'><strong>dissolvet</strong></span> <span class='ocrx_word' id='word_1_386' title='bbox 2015 4884 2056 4940; x_wconf 85' lang='grc'><strong>³.</strong></span> 
     </span>
    </p>
   </div>
   <div class='ocr_carea' id='block_1_60' title="bbox 2170 3850 3757 3932">
    <p class='ocr_par' dir='ltr' id='par_1_60' title="bbox 2170 3850 3757 3932">
     <span class='ocr_line' id='line_1_62' title="bbox 2170 3850 3757 3932; baseline -0.006 -17"><span class='ocrx_word' id='word_1_387' title='bbox 2170 3861 2336 3915; x_wconf 77' lang='grc' dir='ltr'><strong>Ἅϐελ</strong></span> <span class='ocrx_word' id='word_1_388' title='bbox 2391 3860 2649 3932; x_wconf 86' lang='grc' dir='ltr'><strong>φρόνημα</strong></span> <span class='ocrx_word' id='word_1_389' title='bbox 2703 3860 2798 3913; x_wconf 82' lang='grc' dir='ltr'><strong>τοῦ</strong></span> <span class='ocrx_word' id='word_1_390' title='bbox 2856 3856 3172 3930; x_wconf 82' lang='grc' dir='ltr'><strong>πνεύματος</strong></span> <span class='ocrx_word' id='word_1_391' title='bbox 3227 3856 3336 3928; x_wconf 80' lang='grc' dir='ltr'><strong>πρὸ</strong></span> <span class='ocrx_word' id='word_1_392' title='bbox 3399 3855 3502 3927; x_wconf 88' lang='grc' dir='ltr'><strong>τῆς</strong></span> <span class='ocrx_word' id='word_1_393' title='bbox 3539 3850 3757 3916; x_wconf 86' lang='grc' dir='ltr'><strong>τελείας</strong></span> 
     </span>
    </p>
   </div>
   <div class='ocr_carea' id='block_1_61' title="bbox 2164 3942 3756 4019">
    <p class='ocr_par' dir='ltr' id='par_1_61' title="bbox 2164 3942 3756 4019">
     <span class='ocr_line' id='line_1_63' title="bbox 2164 3942 3756 4019; baseline -0.003 -17"><span class='ocrx_word' id='word_1_394' title='bbox 2164 3948 2334 4014; x_wconf 74' lang='grc' dir='ltr'><strong>ἕξεως</strong></span> <span class='ocrx_word' id='word_1_395' title='bbox 2365 3947 2702 4014; x_wconf 82' lang='grc' dir='ltr'><strong>συνεξελθεῖν</strong></span> <span class='ocrx_word' id='word_1_396' title='bbox 2729 3947 2809 4019; x_wconf 82' lang='grc' dir='ltr'><strong>τῷ</strong></span> <span class='ocrx_word' id='word_1_397' title='bbox 2842 3947 2985 4002; x_wconf 79' lang='grc' dir='ltr'><strong>κατὰ</strong></span> <span class='ocrx_word' id='word_1_398' title='bbox 3015 3946 3108 4001; x_wconf 78' lang='grc' dir='ltr'><strong>τὸν</strong></span> <span class='ocrx_word' id='word_1_399' title='bbox 3145 3945 3288 4001; x_wconf 83' lang='grc' dir='ltr'><strong>Κόιῖν</strong></span> <span class='ocrx_word' id='word_1_400' title='bbox 3321 3944 3632 4018; x_wconf 79' lang='grc' dir='ltr'><strong>φρονήματι</strong></span> <span class='ocrx_word' id='word_1_401' title='bbox 3655 3942 3756 4013; x_wconf 88' lang='grc' dir='ltr'><strong>τῆς</strong></span> 
     </span>
    </p>
   </div>
   <div class='ocr_carea' id='block_1_62' title="bbox 2168 4035 3750 4112">
    <p class='ocr_par' dir='ltr' id='par_1_62' title="bbox 2168 4035 3750 4112">
     <span class='ocr_line' id='line_1_64' title="bbox 2168 4035 3750 4112; baseline -0.004 -18"><span class='ocrx_word' id='word_1_402' title='bbox 2168 4040 2367 4112; x_wconf 83' lang='grc' dir='ltr'><strong>σαρκὸς</strong></span> <span class='ocrx_word' id='word_1_403' title='bbox 2405 4042 2485 4104; x_wconf 83' lang='grc' dir='ltr'><strong>εἰς</strong></span> <span class='ocrx_word' id='word_1_404' title='bbox 2511 4039 2576 4094; x_wconf 82' lang='grc' dir='ltr'><strong>τὸ</strong></span> <span class='ocrx_word' id='word_1_405' title='bbox 2607 4038 2809 4106; x_wconf 87' lang='grc' dir='ltr'><strong>πεδίον,</strong></span> <span class='ocrx_word' id='word_1_406' title='bbox 2840 4037 2987 4108; x_wconf 82' lang='grc' dir='ltr'><strong>λέγω</strong></span> <span class='ocrx_word' id='word_1_407' title='bbox 3023 4036 3082 4092; x_wconf 83' lang='grc' dir='ltr'><strong>δὲ</strong></span> <span class='ocrx_word' id='word_1_408' title='bbox 3115 4036 3176 4091; x_wconf 83' lang='grc' dir='ltr'><strong>τὸ</strong></span> <span class='ocrx_word' id='word_1_409' title='bbox 3208 4036 3415 4100; x_wconf 82' lang='grc' dir='ltr'><strong>πλάτος</strong></span> <span class='ocrx_word' id='word_1_410' title='bbox 3450 4035 3555 4106; x_wconf 88' lang='grc' dir='ltr'><strong>τῆς</strong></span> <span class='ocrx_word' id='word_1_411' title='bbox 3593 4049 3750 4106; x_wconf 88' lang='grc' dir='ltr'><strong>φυσι-</strong></span> 
     </span>
    </p>
   </div>
   <div class='ocr_carea' id='block_1_63' title="bbox 2165 4125 3752 4206">
    <p class='ocr_par' dir='ltr' id='par_1_63' title="bbox 2165 4125 3752 4206">
     <span class='ocr_line' id='line_1_65' title="bbox 2165 4125 3752 4206; baseline -0.005 -18"><span class='ocrx_word' id='word_1_412' title='bbox 2165 4135 2269 4204; x_wconf 85' lang='grc' dir='ltr'><strong>κῆς</strong></span> <span class='ocrx_word' id='word_1_413' title='bbox 2308 4133 2565 4206; x_wconf 87' lang='grc' dir='ltr'><strong>θεωρίας,</strong></span> <span class='ocrx_word' id='word_1_414' title='bbox 2601 4130 2984 4188; x_wconf 84' lang='grc' dir='ltr'><strong>ἁποκτείνεται</strong></span> <span class='ocrx_word' id='word_1_415' title='bbox 3021 4131 3155 4204; x_wconf 90' lang='grc' dir='ltr'><strong>παρ’</strong></span> <span class='ocrx_word' id='word_1_416' title='bbox 3187 4128 3376 4185; x_wconf 80' lang='grc' dir='ltr'><strong>αὐτοῦ.</strong></span> <span class='ocrx_word' id='word_1_417' title='bbox 3425 4127 3610 4183; x_wconf 80' lang='grc' dir='ltr'><strong>Καλὸν</strong></span> <span class='ocrx_word' id='word_1_418' title='bbox 3649 4125 3752 4198; x_wconf 86' lang='grc' dir='ltr'><strong>γὰρ</strong></span> 
     </span>
    </p>
   </div>
   <div class='ocr_carea' id='block_1_64' title="bbox 2169 4219 3759 4299">
    <p class='ocr_par' dir='ltr' id='par_1_64' title="bbox 2169 4219 3759 4299">
     <span class='ocr_line' id='line_1_66' title="bbox 2169 4219 3759 4299; baseline -0.005 -18"><span class='ocrx_word' id='word_1_419' title='bbox 2169 4227 2280 4299; x_wconf 82' lang='grc' dir='ltr'><strong>πρὸ</strong></span> <span class='ocrx_word' id='word_1_420' title='bbox 2317 4226 2417 4298; x_wconf 89' lang='grc' dir='ltr'><strong>τῆς</strong></span> <span class='ocrx_word' id='word_1_421' title='bbox 2449 4226 2664 4292; x_wconf 85' lang='grc' dir='ltr'><strong>τελείας</strong></span> <span class='ocrx_word' id='word_1_422' title='bbox 2703 4223 2890 4292; x_wconf 76' lang='grc' dir='ltr'><strong>ἕξεως,</strong></span> <span class='ocrx_word' id='word_1_423' title='bbox 2927 4223 3002 4295; x_wconf 83' lang='grc' dir='ltr'><strong>μὴ</strong></span> <span class='ocrx_word' id='word_1_424' title='bbox 3037 4221 3311 4277; x_wconf 72' lang='grc' dir='ltr'><strong>ἅπτεσθαι</strong></span> <span class='ocrx_word' id='word_1_425' title='bbox 3357 4219 3596 4291; x_wconf 78' lang='grc' dir='ltr'><strong>φυσικῆς</strong></span> <span class='ocrx_word' id='word_1_426' title='bbox 3624 4219 3759 4274; x_wconf 82' lang='grc' dir='ltr'><strong>θεω-</strong></span> 
     </span>
    </p>
   </div>
   <div class='ocr_carea' id='block_1_65' title="bbox 2171 4308 3761 4392">
    <p class='ocr_par' dir='ltr' id='par_1_65' title="bbox 2171 4308 3761 4392">
     <span class='ocr_line' id='line_1_67' title="bbox 2171 4308 3761 4392; baseline -0.006 -20"><span class='ocrx_word' id='word_1_427' title='bbox 2171 4320 2315 4392; x_wconf 86' lang='grc' dir='ltr'><strong>ρίας,</strong></span> <span class='ocrx_word' id='word_1_428' title='bbox 2352 4319 2440 4373; x_wconf 76' lang='grc' dir='ltr'><strong>ἵνα</strong></span> <span class='ocrx_word' id='word_1_429' title='bbox 2474 4318 2548 4391; x_wconf 80' lang='grc' dir='ltr'><strong>μὴ</strong></span> <span class='ocrx_word' id='word_1_430' title='bbox 2579 4318 2775 4388; x_wconf 80' lang='grc' dir='ltr'><strong>λόγους</strong></span> <span class='ocrx_word' id='word_1_431' title='bbox 2801 4314 3209 4386; x_wconf 72' lang='grc' dir='ltr'><strong>πνευματικοὲις</strong></span> <span class='ocrx_word' id='word_1_432' title='bbox 3238 4315 3305 4368; x_wconf 84' lang='grc' dir='ltr'><strong>ὲκ</strong></span> <span class='ocrx_word' id='word_1_433' title='bbox 3337 4312 3448 4367; x_wconf 90' lang='grc' dir='ltr'><strong>τῶν</strong></span> <span class='ocrx_word' id='word_1_434' title='bbox 3481 4308 3761 4382; x_wconf 82' lang='grc' dir='ltr'><strong>αίσθητῶν</strong></span> 
     </span>
    </p>
   </div>
   <div class='ocr_carea' id='block_1_66' title="bbox 2171 4401 3761 4485">
    <p class='ocr_par' dir='ltr' id='par_1_66' title="bbox 2171 4401 3761 4485">
     <span class='ocr_line' id='line_1_68' title="bbox 2171 4401 3761 4485; baseline -0.007 -17"><span class='ocrx_word' id='word_1_435' title='bbox 2171 4411 2581 4485; x_wconf 78' lang='grc' dir='ltr'><strong>ἐπιζητοῦντες.</strong></span> <span class='ocrx_word' id='word_1_436' title='bbox 2644 4449 2660 4466; x_wconf 93' lang='grc'><strong>.</strong></span> <span class='ocrx_word' id='word_1_437' title='bbox 2731 4451 2748 4466; x_wconf 96' lang='grc'><strong>.</strong></span> <span class='ocrx_word' id='word_1_438' title='bbox 2797 4451 2812 4464; x_wconf 93' lang='grc'><strong>.</strong></span> <span class='ocrx_word' id='word_1_439' title='bbox 2852 4449 2867 4464; x_wconf 96' lang='grc'><strong>.</strong></span> <span class='ocrx_word' id='word_1_440' title='bbox 2909 4408 3060 4479; x_wconf 85' lang='grc' dir='ltr'><strong>πάθη</strong></span> <span class='ocrx_word' id='word_1_441' title='bbox 3102 4405 3476 4475; x_wconf 82' lang='grc' dir='ltr'><strong>συλλέγοντες.</strong></span> <span class='ocrx_word' id='word_1_442' title='bbox 3525 4402 3621 4458; x_wconf 85' lang='grc' dir='ltr'><strong>Ἐν</strong></span> <span class='ocrx_word' id='word_1_443' title='bbox 3647 4401 3761 4472; x_wconf 84' lang='grc' dir='ltr'><strong>γὰρ</strong></span> 
     </span>
    </p>
   </div>
   <div class='ocr_carea' id='block_1_67' title="bbox 2171 4491 3760 4571">
    <p class='ocr_par' dir='ltr' id='par_1_67' title="bbox 2171 4491 3760 4571">
     <span class='ocr_line' id='line_1_69' title="bbox 2171 4491 3760 4571; baseline -0.009 -11"><span class='ocrx_word' id='word_1_444' title='bbox 2171 4507 2284 4570; x_wconf 89' lang='grc' dir='ltr'><strong>τοῖς</strong></span> <span class='ocrx_word' id='word_1_445' title='bbox 2334 4503 2576 4571; x_wconf 82' lang='grc' dir='ltr'><strong>ἀτελέσι,</strong></span> <span class='ocrx_word' id='word_1_446' title='bbox 2612 4502 2778 4557; x_wconf 81' lang='grc' dir='ltr'><strong>πλέον</strong></span> <span class='ocrx_word' id='word_1_447' title='bbox 2829 4499 2901 4555; x_wconf 83' lang='grc' dir='ltr'><strong>τὰ</strong></span> <span class='ocrx_word' id='word_1_448' title='bbox 2964 4498 3268 4570; x_wconf 85' lang='grc' dir='ltr'><strong>φαινόμενα</strong></span> <span class='ocrx_word' id='word_1_449' title='bbox 3311 4496 3424 4551; x_wconf 86' lang='grc' dir='ltr'><strong>τῶν</strong></span> <span class='ocrx_word' id='word_1_450' title='bbox 3479 4491 3760 4565; x_wconf 83' lang='grc' dir='ltr'><strong>αίσθητῶν</strong></span> 
     </span>
    </p>
   </div>
   <div class='ocr_carea' id='block_1_68' title="bbox 2170 4585 3761 4670">
    <p class='ocr_par' dir='ltr' id='par_1_68' title="bbox 2170 4585 3761 4670">
     <span class='ocr_line' id='line_1_70' title="bbox 2170 4585 3761 4670; baseline -0.008 -18"><span class='ocrx_word' id='word_1_451' title='bbox 2170 4600 2429 4670; x_wconf 85' lang='grc' dir='ltr'><strong>σχήματα</strong></span> <span class='ocrx_word' id='word_1_452' title='bbox 2465 4595 2781 4653; x_wconf 81' lang='grc' dir='ltr'><strong>δυναστεύει</strong></span> <span class='ocrx_word' id='word_1_453' title='bbox 2830 4593 2970 4665; x_wconf 76' lang='grc' dir='ltr'><strong>πρὸς</strong></span> <span class='ocrx_word' id='word_1_454' title='bbox 3009 4593 3109 4665; x_wconf 81' lang='grc' dir='ltr'><strong>τὴν</strong></span> <span class='ocrx_word' id='word_1_455' title='bbox 3140 4590 3413 4660; x_wconf 77' lang='grc' dir='ltr'><strong>αἴσθησιν,</strong></span> <span class='ocrx_word' id='word_1_456' title='bbox 3448 4588 3573 4651; x_wconf 85' lang='grc' dir='ltr'><strong>ταῖς</strong></span> <span class='ocrx_word' id='word_1_457' title='bbox 3620 4585 3761 4658; x_wconf 68' lang='grc' dir='ltr'><strong>πρὸς</strong></span> 
     </span>
    </p>
   </div>
   <div class='ocr_carea' id='block_1_69' title="bbox 2166 4678 3757 4762">
    <p class='ocr_par' dir='ltr' id='par_1_69' title="bbox 2166 4678 3757 4762">
     <span class='ocr_line' id='line_1_71' title="bbox 2166 4678 3757 4762; baseline -0.01 -16"><span class='ocrx_word' id='word_1_458' title='bbox 2166 4692 2264 4762; x_wconf 79' lang='grc' dir='ltr'><strong>τὴν</strong></span> <span class='ocrx_word' id='word_1_459' title='bbox 2296 4689 2499 4762; x_wconf 79' lang='grc' dir='ltr'><strong>ψυχὴν,</strong></span> <span class='ocrx_word' id='word_1_460' title='bbox 2533 4691 2584 4742; x_wconf 84' lang='lat' dir='ltr'><strong>oi</strong></span> <span class='ocrx_word' id='word_1_461' title='bbox 2616 4687 3059 4760; x_wconf 74' lang='grc' dir='ltr'><strong>ἐγκεκρυμμένοι</strong></span> <span class='ocrx_word' id='word_1_462' title='bbox 3093 4680 3444 4755; x_wconf 79' lang='grc' dir='ltr'><strong>φαινομένοις</strong></span> <span class='ocrx_word' id='word_1_463' title='bbox 3491 4678 3757 4752; x_wconf 78' lang='grc' dir='ltr'><strong>σχήμασι,</strong></span> 
     </span>
    </p>
   </div>
   <div class='ocr_carea' id='block_1_70' title="bbox 2167 4783 2800 4856">
    <p class='ocr_par' dir='ltr' id='par_1_70' title="bbox 2167 4783 2800 4856">
     <span class='ocr_line' id='line_1_72' title="bbox 2167 4783 2800 4856; baseline -0.006 -15"><span class='ocrx_word' id='word_1_464' title='bbox 2167 4788 2315 4856; x_wconf 88' lang='grc' dir='ltr'><strong>λόγοι</strong></span> <span class='ocrx_word' id='word_1_465' title='bbox 2339 4785 2453 4840; x_wconf 85' lang='grc' dir='ltr'><strong>τῶν</strong></span> <span class='ocrx_word' id='word_1_466' title='bbox 2475 4783 2800 4854; x_wconf 88' lang='grc' dir='ltr'><strong>γεγονότων.</strong></span> 
     </span>
    </p>
   </div>
   <div class='ocr_carea' id='block_1_71' title="bbox 2167 4889 3762 5021">
    <p class='ocr_par' dir='ltr' id='par_1_71' title="bbox 2167 4889 3762 5021">
     <span class='ocr_line' id='line_1_73' title="bbox 2167 4889 3762 5021; baseline -0.01 -63"><span class='ocrx_word' id='word_1_467' title='bbox 2167 4899 2294 4967; x_wconf 84' lang='grc' dir='ltr'><strong>Πᾶς</strong></span> <span class='ocrx_word' id='word_1_468' title='bbox 2327 4901 2362 4954; x_wconf 81' lang='grc' dir='ltr'><em>ὁ</em></span> <span class='ocrx_word' id='word_1_469' title='bbox 2390 4897 2755 4964; x_wconf 83' lang='grc' dir='ltr'><strong>ἀποκτείνας</strong></span> <span class='ocrx_word' id='word_1_470' title='bbox 2781 4892 3104 5021; x_wconf 67' lang='grc' dir='ltr'><strong>Κάέηέπώ</strong></span> <span class='ocrx_word' id='word_1_471' title='bbox 3131 4889 3530 4962; x_wconf 80' lang='grc' dir='ltr'><strong>ἐκδικούμενα</strong></span> <span class='ocrx_word' id='word_1_472' title='bbox 3572 4899 3762 4958; x_wconf 73' lang='grc' dir='ltr'><strong>παρα-</strong></span> 
     </span>
     <span class='ocr_line' id='line_1_74' title="bbox 2909 4981 3061 5021; baseline -0.026 0"><span class='ocrx_word' id='word_1_473' title='bbox 2909 4981 3061 5021; x_wconf 49' lang='grc' dir='ltr'><strong>υσεδ</strong></span> 
     </span>
    </p>
   </div>
   <div class='ocr_carea' id='block_1_72' title="bbox 2909 4981 3061 5021">
    <p class='ocr_par' dir='ltr' id='par_1_72' title="bbox 2909 4981 3061 5021">
     <span class='ocr_line' id='line_1_75' title="bbox 2909 4981 3061 5021; baseline -0.026 0"><span class='ocrx_word' id='word_1_474' title='bbox 2909 4981 3061 5021; x_wconf 79' lang='grc' dir='ltr'><strong>ῡσει.</strong></span> 
     </span>
    </p>
   </div>
   <div class='ocr_carea' id='block_1_73' title="bbox 539 5048 2095 5134">
    <p class='ocr_par' dir='ltr' id='par_1_73' title="bbox 539 5049 2095 5125">
     <span class='ocr_line' id='line_1_76' title="bbox 539 5049 2095 5125; baseline 0.004 -19"><span class='ocrx_word' id='word_1_475' title='bbox 539 5049 673 5106; x_wconf 85' lang='lat' dir='ltr'><strong>Cain</strong></span> <span class='ocrx_word' id='word_1_476' title='bbox 720 5051 945 5121; x_wconf 89' lang='lat' dir='ltr'><strong>quidem</strong></span> <span class='ocrx_word' id='word_1_477' title='bbox 995 5059 1081 5107; x_wconf 91' lang='lat' dir='ltr'><strong>est</strong></span> <span class='ocrx_word' id='word_1_478' title='bbox 1127 5050 1391 5121; x_wconf 82' lang='lat' dir='ltr'><strong>cogitatio</strong></span> <span class='ocrx_word' id='word_1_479' title='bbox 1433 5052 1592 5123; x_wconf 71' lang='lat' dir='ltr'><strong>gulre.</strong></span> <span class='ocrx_word' id='word_1_480' title='bbox 1624 5054 1851 5125; x_wconf 85' lang='lat' dir='ltr'><strong>Septem</strong></span> <span class='ocrx_word' id='word_1_481' title='bbox 1874 5065 2095 5113; x_wconf 60' lang='lat' dir='ltr'><strong>autemi</strong></span> 
     </span>
    </p>
   </div>
   <div class='ocr_carea' id='block_1_74' title="bbox 2166 5048 3765 5134">
    <p class='ocr_par' dir='ltr' id='par_1_74' title="bbox 2237 5048 3765 5134">
     <span class='ocr_line' id='line_1_77' title="bbox 2237 5048 3765 5134; baseline -0.009 -18"><span class='ocrx_word' id='word_1_482' title='bbox 2237 5062 2382 5118; x_wconf 83' lang='grc' dir='ltr'><strong>Κάῖν</strong></span> <span class='ocrx_word' id='word_1_483' title='bbox 2416 5061 2516 5134; x_wconf 82' lang='grc' dir='ltr'><strong>μὲν</strong></span> <span class='ocrx_word' id='word_1_484' title='bbox 2554 5061 2584 5116; x_wconf 86' lang='grc' dir='ltr'>ὁ</span> <span class='ocrx_word' id='word_1_485' title='bbox 2632 5062 2733 5133; x_wconf 81' lang='grc' dir='ltr'><strong>τῆς</strong></span> <span class='ocrx_word' id='word_1_486' title='bbox 2790 5055 3237 5130; x_wconf 84' lang='grc' dir='ltr'><strong>γαστριμαργίας</strong></span> <span class='ocrx_word' id='word_1_487' title='bbox 3277 5051 3557 5125; x_wconf 85' lang='grc' dir='ltr'><strong>λογισμός.</strong></span> <span class='ocrx_word' id='word_1_488' title='bbox 3590 5048 3765 5104; x_wconf 78' lang='grc' dir='ltr'><strong>Ἑπτὰ</strong></span> 
     </span>
    </p>
   </div>
   <div class='ocr_carea' id='block_1_75' title="bbox 469 5142 2065 5219">
    <p class='ocr_par' dir='ltr' id='par_1_75' title="bbox 469 5142 2065 5219">
     <span class='ocr_line' id='line_1_78' title="bbox 469 5142 2065 5219; baseline 0.006 -24"><span class='ocrx_word' id='word_1_489' title='bbox 469 5143 768 5207; x_wconf 79' lang='lat' dir='ltr'><strong>vindicata,</strong></span> <span class='ocrx_word' id='word_1_490' title='bbox 798 5143 851 5198; x_wconf 93' lang='lat' dir='ltr'><strong>id</strong></span> <span class='ocrx_word' id='word_1_491' title='bbox 875 5151 960 5197; x_wconf 88' lang='lat' dir='ltr'><strong>est</strong></span> <span class='ocrx_word' id='word_1_492' title='bbox 983 5142 1147 5214; x_wconf 83' lang='lat' dir='ltr'><strong>digna</strong></span> <span class='ocrx_word' id='word_1_493' title='bbox 1171 5159 1296 5213; x_wconf 72' lang='lat' dir='ltr'><strong>qua:</strong></span> <span class='ocrx_word' id='word_1_494' title='bbox 1330 5145 1652 5214; x_wconf 89' lang='lat' dir='ltr'><strong>puniantur,</strong></span> <span class='ocrx_word' id='word_1_495' title='bbox 1695 5155 1826 5202; x_wconf 87' lang='lat' dir='ltr'><strong>sunt</strong></span> <span class='ocrx_word' id='word_1_496' title='bbox 1853 5149 2065 5219; x_wconf 83' lang='lat' dir='ltr'><strong>cogita-</strong></span> 
     </span>
    </p>
   </div>
   <div class='ocr_carea' id='block_1_76' title="bbox 469 5233 2068 5306">
    <p class='ocr_par' dir='ltr' id='par_1_76' title="bbox 469 5233 2068 5306">
     <span class='ocr_line' id='line_1_79' title="bbox 469 5233 2068 5306; baseline 0.005 -20"><span class='ocrx_word' id='word_1_497' title='bbox 469 5233 550 5286; x_wconf 86' lang='lat' dir='ltr'><strong>tio</strong></span> <span class='ocrx_word' id='word_1_498' title='bbox 600 5233 1004 5299; x_wconf 80' lang='lat' dir='ltr'><strong>fornicationis,</strong></span> <span class='ocrx_word' id='word_1_499' title='bbox 1035 5242 1092 5289; x_wconf 84' lang='lat' dir='ltr'><strong>et</strong></span> <span class='ocrx_word' id='word_1_500' title='bbox 1121 5235 1384 5305; x_wconf 67' lang='lat' dir='ltr'><strong>avaritia},</strong></span> <span class='ocrx_word' id='word_1_501' title='bbox 1410 5245 1466 5293; x_wconf 86' lang='lat' dir='ltr'><strong>et</strong></span> <span class='ocrx_word' id='word_1_502' title='bbox 1495 5238 1755 5304; x_wconf 66' lang='lat' dir='ltr'><strong>tristitiae,</strong></span> <span class='ocrx_word' id='word_1_503' title='bbox 1778 5248 1836 5294; x_wconf 86' lang='lat' dir='ltr'><strong>et</strong></span> <span class='ocrx_word' id='word_1_504' title='bbox 1858 5241 1974 5306; x_wconf 63' lang='lat' dir='ltr'><strong>irae,</strong></span> <span class='ocrx_word' id='word_1_505' title='bbox 2010 5249 2068 5295; x_wconf 88' lang='lat' dir='ltr'><strong>et</strong></span> 
     </span>
    </p>
   </div>
   <div class='ocr_carea' id='block_1_77' title="bbox 470 5325 2066 5402">
    <p class='ocr_par' dir='ltr' id='par_1_77' title="bbox 470 5325 2066 5402">
     <span class='ocr_line' id='line_1_80' title="bbox 470 5325 2066 5402; baseline 0.004 -23"><span class='ocrx_word' id='word_1_506' title='bbox 470 5325 728 5397; x_wconf 80' lang='lat' dir='ltr'><strong>pigritiae,</strong></span> <span class='ocrx_word' id='word_1_507' title='bbox 773 5334 830 5381; x_wconf 89' lang='lat' dir='ltr'><strong>et</strong></span> <span class='ocrx_word' id='word_1_508' title='bbox 871 5342 1026 5383; x_wconf 68' lang='lat' dir='ltr'><strong>vanae</strong></span> <span class='ocrx_word' id='word_1_509' title='bbox 1048 5328 1253 5398; x_wconf 72' lang='lat' dir='ltr'><strong>gloriae,</strong></span> <span class='ocrx_word' id='word_1_510' title='bbox 1281 5337 1339 5386; x_wconf 88' lang='lat' dir='ltr'><strong>et</strong></span> <span class='ocrx_word' id='word_1_511' title='bbox 1356 5331 1651 5402; x_wconf 64' lang='lat' dir='ltr'><strong>superbiae.</strong></span> <span class='ocrx_word' id='word_1_512' title='bbox 1677 5329 1781 5395; x_wconf 87' lang='lat' dir='ltr'><strong>Qui</strong></span> <span class='ocrx_word' id='word_1_513' title='bbox 1808 5344 1939 5400; x_wconf 84' lang='lat' dir='ltr'><strong>ergo</strong></span> <span class='ocrx_word' id='word_1_514' title='bbox 1968 5345 2066 5386; x_wconf 90' lang='lat' dir='ltr'><strong>oc—</strong></span> 
     </span>
    </p>
   </div>
   <div class='ocr_carea' id='block_1_78' title="bbox 472 5417 2065 5489">
    <p class='ocr_par' dir='ltr' id='par_1_78' title="bbox 472 5417 2065 5489">
     <span class='ocr_line' id='line_1_81' title="bbox 472 5417 2065 5489; baseline 0.004 -17"><span class='ocrx_word' id='word_1_515' title='bbox 472 5417 610 5472; x_wconf 88' lang='lat' dir='ltr'><strong>cidit</strong></span> <span class='ocrx_word' id='word_1_516' title='bbox 654 5417 839 5487; x_wconf 79' lang='lat' dir='ltr'><strong>gulam</strong></span> <span class='ocrx_word' id='word_1_517' title='bbox 885 5434 985 5489; x_wconf 89' lang='lat' dir='ltr'><strong>per</strong></span> <span class='ocrx_word' id='word_1_518' title='bbox 1028 5420 1442 5488; x_wconf 85' lang='lat' dir='ltr'><strong>abstinentiam,</strong></span> <span class='ocrx_word' id='word_1_519' title='bbox 1471 5421 1637 5476; x_wconf 91' lang='lat' dir='ltr'><strong>simul</strong></span> <span class='ocrx_word' id='word_1_520' title='bbox 1665 5421 1831 5476; x_wconf 88' lang='lat' dir='ltr'><strong>etiam</strong></span> <span class='ocrx_word' id='word_1_521' title='bbox 1853 5437 1978 5478; x_wconf 92' lang='lat' dir='ltr'><strong>cum</strong></span> <span class='ocrx_word' id='word_1_522' title='bbox 2001 5438 2065 5479; x_wconf 90' lang='lat' dir='ltr'><strong>ea</strong></span> 
     </span>
    </p>
   </div>
   <div class='ocr_carea' id='block_1_79' title="bbox 472 5508 2058 5590">
    <p class='ocr_par' dir='ltr' id='par_1_79' title="bbox 472 5508 2058 5590">
     <span class='ocr_line' id='line_1_82' title="bbox 472 5508 2058 5590; baseline 0.006 -26"><span class='ocrx_word' id='word_1_523' title='bbox 472 5508 680 5566; x_wconf 88' lang='lat' dir='ltr'><strong>occidit</strong></span> <span class='ocrx_word' id='word_1_524' title='bbox 709 5524 832 5580; x_wconf 76' lang='lat' dir='ltr'><strong>qua:</strong></span> <span class='ocrx_word' id='word_1_525' title='bbox 872 5525 1310 5586; x_wconf 86' lang='lat' dir='ltr'><strong>consequuntur,</strong></span> <span class='ocrx_word' id='word_1_526' title='bbox 1329 5513 1619 5571; x_wconf 86' lang='lat' dir='ltr'><strong>dissolutis</strong></span> <span class='ocrx_word' id='word_1_527' title='bbox 1649 5513 1910 5571; x_wconf 80' lang='lat' dir='ltr'><strong>omnibus</strong></span> <span class='ocrx_word' id='word_1_528' title='bbox 1928 5517 2058 5590; x_wconf 83' lang='lat' dir='ltr'><strong>jun-</strong></span> 
     </span>
    </p>
   </div>
   <div class='ocr_carea' id='block_1_80' title="bbox 472 5602 667 5659">
    <p class='ocr_par' dir='ltr' id='par_1_80' title="bbox 472 5602 667 5659">
     <span class='ocr_line' id='line_1_83' title="bbox 472 5602 667 5659; baseline 0.005 -3"><span class='ocrx_word' id='word_1_529' title='bbox 472 5602 667 5659; x_wconf 84' lang='lat' dir='ltr'><strong>cturis.</strong></span> 
     </span>
    </p>
   </div>
   <div class='ocr_carea' id='block_1_81' title="bbox 555 5842 1846 5917">
    <p class='ocr_par' dir='ltr' id='par_1_81' title="bbox 555 5842 1846 5917">
     <span class='ocr_line' id='line_1_84' title="bbox 555 5842 1846 5917; baseline 0.002 -15"><span class='ocrx_word' id='word_1_530' title='bbox 555 5843 570 5878; x_wconf 79' lang='lat'>&#39;</span> <span class='ocrx_word' id='word_1_531' title='bbox 605 5842 744 5902; x_wconf 85' lang='lat' dir='ltr'><strong>Gen.</strong></span> <span class='ocrx_word' id='word_1_532' title='bbox 767 5864 846 5917; x_wconf 85' lang='grc' dir='ltr'><strong>ιιι,</strong></span> <span class='ocrx_word' id='word_1_533' title='bbox 878 5845 959 5904; x_wconf 85' lang='grc'><strong>17.</strong></span> <span class='ocrx_word' id='word_1_534' title='bbox 1039 5850 1056 5882; x_wconf 88' lang='grc'>²</span> <span class='ocrx_word' id='word_1_535' title='bbox 1087 5846 1228 5907; x_wconf 89' lang='lat' dir='ltr'><strong>Ibid.</strong></span> <span class='ocrx_word' id='word_1_536' title='bbox 1259 5846 1323 5903; x_wconf 83' lang='lat' dir='ltr'><strong>i9</strong></span> <span class='ocrx_word' id='word_1_537' title='bbox 1424 5848 1442 5879; x_wconf 87' lang='grc'>³</span> <span class='ocrx_word' id='word_1_538' title='bbox 1475 5846 1614 5904; x_wconf 84' lang='lat' dir='ltr'><strong>Gen.</strong></span> <span class='ocrx_word' id='word_1_539' title='bbox 1655 5859 1730 5914; x_wconf 79' lang='lat' dir='ltr'><strong>tv,</strong></span> <span class='ocrx_word' id='word_1_540' title='bbox 1760 5844 1846 5904; x_wconf 82' lang='grc'><strong>15.</strong></span> 
     </span>
    </p>
   </div>
   <div class='ocr_carea' id='block_1_82' title="bbox 2169 5143 3764 5246">
    <p class='ocr_par' dir='ltr' id='par_1_82' title="bbox 2169 5143 3764 5246">
     <span class='ocr_line' id='line_1_85' title="bbox 2169 5143 3764 5246; baseline -0.011 -34"><span class='ocrx_word' id='word_1_541' title='bbox 2169 5156 2228 5212; x_wconf 82' lang='grc' dir='ltr'><strong>δὲ</strong></span> <span class='ocrx_word' id='word_1_542' title='bbox 2263 5156 2655 5228; x_wconf 77' lang='grc' dir='ltr'><strong>ὲκδικούμενα,</strong></span> <span class='ocrx_word' id='word_1_543' title='bbox 2686 5151 2834 5208; x_wconf 78' lang='grc' dir='ltr'><strong>τοῦτ’</strong></span> <span class='ocrx_word' id='word_1_544' title='bbox 2869 5151 3006 5219; x_wconf 72' lang='grc' dir='ltr'><strong>ἔστι,</strong></span> <span class='ocrx_word' id='word_1_545' title='bbox 3057 5150 3339 5246; x_wconf 76' lang='grc' dir='ltr'><strong>κολάσεως</strong></span> <span class='ocrx_word' id='word_1_546' title='bbox 3371 5146 3520 5213; x_wconf 78' lang='grc' dir='ltr'><strong>ἄξια.</strong></span> <span class='ocrx_word' id='word_1_547' title='bbox 3543 5143 3628 5246; x_wconf 42' lang='lat'><strong>.1.)</strong></span> <span class='ocrx_word' id='word_1_548' title='bbox 3661 5143 3764 5246; x_wconf 63' lang='grc' dir='ltr'><strong>τῆς</strong></span> 
     </span>
    </p>
   </div>
   <div class='ocr_carea' id='block_1_83' title="bbox 2169 5237 3760 5325">
    <p class='ocr_par' dir='ltr' id='par_1_83' title="bbox 2169 5237 3760 5325">
     <span class='ocr_line' id='line_1_86' title="bbox 2169 5237 3760 5325; baseline -0.011 -19"><span class='ocrx_word' id='word_1_549' title='bbox 2169 5254 2424 5325; x_wconf 86' lang='grc' dir='ltr'><strong>πορνείας</strong></span> <span class='ocrx_word' id='word_1_550' title='bbox 2465 5249 2725 5322; x_wconf 83' lang='grc' dir='ltr'><strong>λογισμὸς</strong></span> <span class='ocrx_word' id='word_1_551' title='bbox 2758 5246 2856 5303; x_wconf 76' lang='grc' dir='ltr'><strong>καὶ</strong></span> <span class='ocrx_word' id='word_1_552' title='bbox 2904 5245 3007 5316; x_wconf 82' lang='grc' dir='ltr'><strong>τῆς</strong></span> <span class='ocrx_word' id='word_1_553' title='bbox 3040 5240 3430 5313; x_wconf 83' lang='grc' dir='ltr'><strong>φιλαργυρίας,</strong></span> <span class='ocrx_word' id='word_1_554' title='bbox 3471 5237 3568 5292; x_wconf 76' lang='grc' dir='ltr'><strong>καὶ</strong></span> <span class='ocrx_word' id='word_1_555' title='bbox 3593 5237 3624 5290; x_wconf 86' lang='grc' dir='ltr'><strong>ό</strong></span> <span class='ocrx_word' id='word_1_556' title='bbox 3657 5237 3760 5325; x_wconf 75' lang='grc' dir='ltr'><strong>τῆς</strong></span> 
     </span>
    </p>
   </div>
   <div class='ocr_carea' id='block_1_84' title="bbox 2167 5324 3766 5416">
    <p class='ocr_par' dir='ltr' id='par_1_84' title="bbox 2167 5324 3766 5416">
     <span class='ocr_line' id='line_1_87' title="bbox 2167 5324 3766 5416; baseline -0.013 -18"><span class='ocrx_word' id='word_1_557' title='bbox 2167 5324 2368 5416; x_wconf 82' lang='grc' dir='ltr'><strong>λύπης,</strong></span> <span class='ocrx_word' id='word_1_558' title='bbox 2403 5343 2498 5397; x_wconf 74' lang='grc' dir='ltr'><strong>καὶ</strong></span> <span class='ocrx_word' id='word_1_559' title='bbox 2548 5343 2577 5395; x_wconf 85' lang='grc' dir='ltr'>ὁ</span> <span class='ocrx_word' id='word_1_560' title='bbox 2620 5340 2724 5410; x_wconf 84' lang='grc' dir='ltr'><strong>τῆς</strong></span> <span class='ocrx_word' id='word_1_561' title='bbox 2769 5337 2962 5412; x_wconf 79' lang='grc' dir='ltr'><strong>ὀργῆς,</strong></span> <span class='ocrx_word' id='word_1_562' title='bbox 2989 5333 3087 5391; x_wconf 74' lang='grc' dir='ltr'><strong>καὶ</strong></span> <span class='ocrx_word' id='word_1_563' title='bbox 3118 5335 3146 5387; x_wconf 86' lang='grc' dir='ltr'><strong>ὁ</strong></span> <span class='ocrx_word' id='word_1_564' title='bbox 3176 5332 3276 5404; x_wconf 90' lang='grc' dir='ltr'><strong>τῆς</strong></span> <span class='ocrx_word' id='word_1_565' title='bbox 3308 5326 3562 5402; x_wconf 81' lang='grc' dir='ltr'><strong>ἀκηδίας,</strong></span> <span class='ocrx_word' id='word_1_566' title='bbox 3601 5340 3698 5380; x_wconf 86' lang='grc' dir='ltr'><strong>και</strong></span> <span class='ocrx_word' id='word_1_567' title='bbox 3733 5324 3766 5377; x_wconf 74' lang='grc' dir='ltr'><strong>ό</strong></span> 
     </span>
    </p>
   </div>
   <div class='ocr_carea' id='block_1_85' title="bbox 2169 5417 3768 5509">
    <p class='ocr_par' dir='ltr' id='par_1_85' title="bbox 2169 5417 3768 5509">
     <span class='ocr_line' id='line_1_88' title="bbox 2169 5417 3768 5509; baseline -0.015 -17"><span class='ocrx_word' id='word_1_568' title='bbox 2169 5439 2272 5509; x_wconf 84' lang='grc' dir='ltr'><strong>τῆς</strong></span> <span class='ocrx_word' id='word_1_569' title='bbox 2307 5433 2616 5500; x_wconf 78' lang='grc' dir='ltr'><strong>κενοδοξίας</strong></span> <span class='ocrx_word' id='word_1_570' title='bbox 2667 5432 2764 5486; x_wconf 71' lang='grc' dir='ltr'><strong>καὶ</strong></span> <span class='ocrx_word' id='word_1_571' title='bbox 2800 5431 2830 5484; x_wconf 79' lang='grc' dir='ltr'><strong>ὁ</strong></span> <span class='ocrx_word' id='word_1_572' title='bbox 2880 5430 2981 5501; x_wconf 89' lang='grc' dir='ltr'><strong>τῆς</strong></span> <span class='ocrx_word' id='word_1_573' title='bbox 3033 5421 3436 5497; x_wconf 81' lang='grc' dir='ltr'><strong>ὑπερηφανίας.</strong></span> <span class='ocrx_word' id='word_1_574' title='bbox 3481 5419 3543 5474; x_wconf 85' lang='lat'><strong>&#39;0</strong></span> <span class='ocrx_word' id='word_1_575' title='bbox 3581 5417 3768 5472; x_wconf 86' lang='grc' dir='ltr'><strong>τοίνυν</strong></span> 
     </span>
    </p>
   </div>
   <div class='ocr_carea' id='block_1_86' title="bbox 2171 5511 3762 5602">
    <p class='ocr_par' dir='ltr' id='par_1_86' title="bbox 2171 5511 3762 5602">
     <span class='ocr_line' id='line_1_89' title="bbox 2171 5511 3762 5602; baseline -0.014 -18"><span class='ocrx_word' id='word_1_576' title='bbox 2171 5530 2268 5602; x_wconf 81' lang='grc' dir='ltr'><strong>τὴν</strong></span> <span class='ocrx_word' id='word_1_577' title='bbox 2306 5525 2750 5601; x_wconf 84' lang='grc' dir='ltr'><strong>γαστριμαργίαν</strong></span> <span class='ocrx_word' id='word_1_578' title='bbox 2783 5520 3112 5583; x_wconf 82' lang='grc' dir='ltr'><strong>ἀποκτείνας</strong></span> <span class='ocrx_word' id='word_1_579' title='bbox 3154 5517 3223 5572; x_wconf 86' lang='grc' dir='ltr'><strong>δι’</strong></span> <span class='ocrx_word' id='word_1_580' title='bbox 3257 5511 3587 5588; x_wconf 74' lang='grc' dir='ltr'><strong>ἐγκρατείας</strong></span> <span class='ocrx_word' id='word_1_581' title='bbox 3627 5526 3762 5602; x_wconf 82' lang='grc' dir='ltr'><strong>συν-</strong></span> 
     </span>
    </p>
   </div>
   <div class='ocr_carea' id='block_1_87' title="bbox 2172 5599 3764 5690">
    <p class='ocr_par' dir='ltr' id='par_1_87' title="bbox 2172 5599 3764 5690">
     <span class='ocr_line' id='line_1_90' title="bbox 2172 5599 3764 5690; baseline -0.015 -13"><span class='ocrx_word' id='word_1_582' title='bbox 2172 5599 2493 5677; x_wconf 79' lang='grc' dir='ltr'><strong>απέκτεινεν</strong></span> <span class='ocrx_word' id='word_1_583' title='bbox 2545 5620 2684 5690; x_wconf 78' lang='grc' dir='ltr'><strong>αὐτῇ</strong></span> <span class='ocrx_word' id='word_1_584' title='bbox 2732 5617 2827 5671; x_wconf 74' lang='grc' dir='ltr'><strong>καὶ</strong></span> <span class='ocrx_word' id='word_1_585' title='bbox 2875 5613 2944 5669; x_wconf 79' lang='grc' dir='ltr'><strong>τὰ</strong></span> <span class='ocrx_word' id='word_1_586' title='bbox 2980 5609 3341 5688; x_wconf 82' lang='grc' dir='ltr'><strong>παρεπόμενα</strong></span> <span class='ocrx_word' id='word_1_587' title='bbox 3391 5605 3552 5676; x_wconf 76' lang='grc' dir='ltr'><strong>αὐτῇ·</strong></span> <span class='ocrx_word' id='word_1_588' title='bbox 3587 5599 3764 5671; x_wconf 74' lang='grc' dir='ltr'><strong>πάθη,</strong></span> 
     </span>
    </p>
   </div>
   <div class='ocr_carea' id='block_1_88' title="bbox 2177 5705 2986 5786">
    <p class='ocr_par' dir='ltr' id='par_1_88' title="bbox 2177 5705 2986 5786">
     <span class='ocr_line' id='line_1_91' title="bbox 2177 5705 2986 5786; baseline -0.009 -18"><span class='ocrx_word' id='word_1_589' title='bbox 2177 5709 2497 5786; x_wconf 82' lang='grc' dir='ltr'><strong>παραλύσας</strong></span> <span class='ocrx_word' id='word_1_590' title='bbox 2529 5707 2630 5774; x_wconf 80' lang='grc' dir='ltr'><strong>τὰς</strong></span> <span class='ocrx_word' id='word_1_591' title='bbox 2669 5705 2986 5778; x_wconf 70' lang='grc' dir='ltr'><strong>συναφείας.</strong></span> 
     </span>
    </p>
   </div>
  </div>
