4076 6458
379 405 520 466 H77

804 515 947 586 Περί
984 516 1094 586 τῆς
1126 515 1536 586 πυρτοποιΐας.

449 636 514 690 Oi
549 634 641 690 τὸν
675 633 778 707 τῆς
809 632 1066 702 Χαλάνης
1117 631 1332 703 πύργον
1384 630 1819 702 οἰκοδομοῦντες,
1868 629 1972 701 τῆς

382 726 474 782 τοῦ
519 725 699 798 φωτὸς
731 723 915 796 χώρας
950 724 1050 796 τῆς
1083 723 1350 795 ἀνατολῆς
1383 723 1718 792 κινηθέντες,
1745 723 1890 792 λέγω
1913 722 1972 776 δὲ

381 820 477 891 τῆς
515 819 648 890 μιᾶς
682 818 776 872 καὶ
830 817 1067 888 ἀληθοῦς
1102 815 1458 886 θεογνωσίας,
1517 811 1682 888 ἦλθον
1735 816 1817 880 είς
1871 815 1972 888 τὴν

379 912 484 984 γῆν
519 911 693 983 Σενάρ
726 909 827 982 τὴν
854 909 1303 984 ἐρμηνευομένην
1327 907 1696 980 Βλασφήμους
1727 908 1970 976 ὀδόντας,

380 982 476 1059 καὶ
505 1005 589 1065 εἰς
640 982 841 1065 πολλὰς
875 982 1005 1074 περὶ
1037 982 1189 1055 Θεοῦ
1217 1000 1376 1067 δόξας
1409 999 1840 1064 καταπεσόντες,
1875 999 1972 1054 τὸν

380 1095 619 1164 ἑκάστης
649 1092 809 1162 λόγον
837 1092 995 1163 δόξης
1014 1091 1179 1146 οἱονεὶ
1204 1089 1459 1155 πλίνθους
1478 1089 1631 1155 τινάς
1665 1089 1971 1156 συνθέντες,

379 1186 739 1259 ᾠκοδόμησαν
768 1184 1022 1258 καθάπερ
1056 1185 1266 1259 πύργον
1301 1184 1401 1257 τὴν
1423 1183 1685 1239 πολύθεον
1719 1183 1934 1240 ἀθεῖαν.

454 1367 668 1438 ’Ὠσπερ
702 1363 780 1436 τῷ
816 1363 1072 1438 Ἀϐραὰμ
1108 1362 1346 1418 οἰκοῦντι
1404 1361 1502 1434 μὲν
1535 1362 1594 1416 ἐν
1624 1363 1691 1434 τῇ
1741 1360 1847 1433 ἰδίᾳ
1900 1362 1971 1433 γῇ

383 1458 483 1512 οὐκ
519 1455 677 1528 ὤφθη
721 1454 959 1527 Κύριος·
995 1454 1250 1526 κληθέντι
1303 1453 1362 1508 δὲ
1419 1452 1516 1507 καὶ
1549 1451 1842 1518 ἐξελθόντι,
1877 1453 1974 1506 καὶ

383 1551 463 1613 εἰς
486 1547 584 1618 τὴν
620 1545 1036 1618 ὑποδειχθεῖσαν
1069 1543 1176 1617 γῆν
1211 1545 1536 1616 ἀφικομένῳ
1571 1543 1727 1616 ὤφθη
1755 1543 1975 1608 καὶτὰς

388 1641 628 1712 μεγάλας
668 1639 1005 1708 ἐπαγγελίας
1035 1638 1257 1703 δέδωκε,
1299 1638 1412 1693 καὶ.
1439 1637 1826 1709 θυσιαστήριον
1871 1638 1976 1707 ἀφ-

383 1734 516 1804 ῆκεν
540 1734 846 1803 οἰκοδομεῖν
879 1733 975 1785 καὶ
1013 1731 1206 1786 θῦσαιο
1252 1730 1398 1785 οὕτω
1428 1731 1524 1785 καὶ
1556 1732 1688 1802 ἡμῖν
1717 1731 1974 1802 παραμέ-

1766 398 2291 461 COLLECTANEA.

2004 517 2051 576 Δ

3522 407 3662 468 H78

2501 519 2578 581 De
2615 525 2776 581 turris
2815 525 3161 595 wdiﬁcatione
3199 521 3240 579 ⁸.

2147 637 2254 704 Qui
2280 635 2551 692 Chalanes
2581 635 2773 690 turrim
2796 636 3153 701 aediﬁcantes,
3192 648 3225 688 a
3256 632 3482 703 regione
3518 634 3660 692 lucis

2075 727 2308 784 orientis
2358 727 2515 792 moti,
2556 728 2742 794 unius,
2789 728 3034 798 inquam,
3077 734 3134 782 et
3159 741 3304 781 verte
3336 725 3433 780 Dei
3463 726 3659 797 cogni-

2075 821 2264 886 tionis,
2312 828 2585 876 venerunt
2620 820 2675 874 in
2707 829 2911 874 terram
2935 819 3200 885 Sennaar,
3226 833 3350 888 quae
3383 817 3658 890 interpre-

2077 920 2229 968 tatur
2261 913 2574 984 Blaspbemi
2601 913 2816 977 dentes,
2841 923 2898 967 et
2923 927 3049 967 cum
3080 910 3407 966 incidissent
3434 912 3490 966 in
3517 911 3660 967 mul-

2078 1010 2164 1058 tas
2207 1001 2276 1058 de
2321 1003 2435 1057 Deo
2493 1003 2804 1072 Opiniones,
2862 1001 3171 1057 rationibus
3223 1000 3661 1072 uniuscujusque

2077 1096 2362 1167 opinionis
2383 1137 2396 1163 ,
2429 1104 2688 1166 tanquam
2711 1095 2980 1150 later-ibus
3000 1093 3278 1164 aliquibus
3315 1094 3656 1164 compositis,

2073 1189 2420 1246 aediﬁcarunt
2441 1197 2702 1260 tanquam
2730 1188 2949 1255 turrim,
2975 1187 3277 1242 multorum
3301 1185 3531 1241 deorqu
3555 1187 3660 1242 im-

2073 1280 2356 1352 pietatem.
2435 1338 2454 1348 _

2149 1372 2438 1440 Quomodo
2489 1373 2803 1430 Abrahamo
2849 1371 3124 1428 habitanti
3169 1371 3226 1426 in
3265 1368 3488 1441 propria
3516 1377 3664 1424 terra

2075 1484 2190 1525 non
2233 1470 2491 1540 apparuit
2519 1467 2784 1524 Dominus
2824 1469 2868 1533 ',
2900 1476 3096 1523 vocato
3127 1473 3313 1521 autem
3342 1471 3399 1519 et
3419 1478 3662 1534 egresso,

2076 1574 2204 1616 cum
2230 1561 2476 1616 venisset
2499 1560 2557 1616 in
2582 1568 2786 1616 terram
2813 1559 2866 1615 ei
2890 1565 3271 1622 monstratam,
3296 1556 3451 1612 visus
3473 1565 3577 1619 est,
3609 1563 3667 1611 ct

2075 1668 2274 1724 magna
2289 1651 2442 1708 dedit
2463 1652 2824 1723 promissa,et
2838 1651 3146 1722 jussiteum
3169 1648 3444 1704 aedificare
3467 1648 3664 1712 altare,

2076 1752 2135 1800 et
2183 1743 2494 1801 sacriﬁcare
2521 1761 2536 1798 :
2587 1744 2662 1799 ita
2691 1744 2858 1799 etiam
2891 1743 3054 1798 nobis
3081 1744 3136 1797 in
3160 1742 3368 1797 mundo
3394 1741 3666 1796 manenti-

383 1843 532 1879 νουσι
590 1825 670 1897 τῷ
731 1825 944 1896 κόσμῳ.
985 1813 1083 1878 καὶ
1139 1825 1262 1887 ταῖς
1326 1823 1701 1895 οἰκοδομικαῖς
1735 1824 1970 1894 ἡδοναῖς,

2081 1839 2182 1894 bus
2233 1847 2290 1894 et
2327 1835 2625 1893 mundanis
2668 1835 3066 1907 voluptatibus,
3123 1834 3274 1889 nulla
3307 1833 3369 1889 ﬁt
3395 1833 3665 1889 divinitus

385 1918 618 1989 οὐδεμία
681 1915 894 1986 γίνεται
941 1913 1128 1968 θεόθεν
1179 1913 1473 1984 ἐλλαμψιςο
1533 1911 1876 1984 πειθομένοις
1915 1913 1973 1967 δὲ

387 2013 500 2075 τοῖς
536 2010 706 2074 θείοις
761 2006 1174 2081 προστάγμασι,
1211 2006 1306 2060 καί.
1345 2004 1477 2061 ἔνθα
1519 2004 1734 2060 κελεύει
1769 2003 1974 2078 Κύριος

386 2101 841 2174 ἀφικνουμένοις,
875 2098 1167 2170 ἐμφανίζει
1203 2095 1302 2168 μὲν
1333 2095 1434 2168 τὴν
1468 2095 1600 2166 περὶ
1629 2093 1796 2149 αὐτοῦ
1829 2094 1974 2164 γνῶ-

382 2213 487 2260 σιν,
539 2195 666 2249 ὅσον
719 2193 989 2262 ἐγχωρεῖ·
1024 2189 1257 2261 παρέχει
1316 2187 1380 2242 δὲ
1439 2187 1682 2258 μεγάλας
1730 2186 1973 2255 ἐλπίδας,

382 2285 613 2362 ῥωννύει
647 2285 708 2340 δὲ
738 2284 833 2340 τὸν
880 2282 1008 2340 νοῦν
1042 2282 1237 2354 ὴμῶν·
1277 2281 1356 2346 ὡς
1407 2282 1616 2354 ἐγεῖραι
1673 2281 1774 2351 μὲν
1826 2281 1977 2353 αὐτῷ

380 2377 791 2450 θυσιαστήριον,
826 2375 926 2449 τὴν
959 2373 1191 2446 καρδίαν
1213 2389 1227 2403 ·
1265 2373 1416 2428 θύειν
1447 2373 1506 2427 δὲ
1549 2371 1781 2446 πράξεις
1827 2373 1973 2444 ἀγα-

381 2468 502 2535 θάς,
528 2470 624 2524 καὶ
657 2467 894 2540 θεωρίας
929 2465 1330 2538 πνευματικὰς.

380 2582 489 2638 Καί
547 2579 788 2654 ἐγένετο
826 2579 1034 2654 ⁸λιμρς
1097 2579 1197 2654 ἐπὶ
1263 2578 1373 2654 ⁴ζῆς
1424 2578 1559 2650 τῆς,
1596 2579 1700 2635 καί
1757 2579 1977 2649 κατέϐη

824 2650 1082 2721 Ἀϐραὰμ
1113 2651 1199 2719 εἰς
1228 2649 1556 2722 Αιγυπτον.

451 2765 620 2820 Ὅταν
648 2767 677 2820 ό
709 2764 834 2830 νοῦς
882 2765 1118 2820 ἑκάστου
1163 2763 1313 2836 λιμῷ
1362 2763 1644 2837 περιπέσῃ
1688 2763 1851 2819 θείων
1893 2765 1982 2822 ἐν-

379 2857 540 2913 νοιῶν
589 2857 686 2913 καὶ
735 2858 835 2930 τῆς
873 2857 1273 2928 διατρεφούσης
1321 2856 1421 2928 τήν
1455 2857 1636 2929 ψυχὴν
1673 2875 1981 2931 πνευματι-

381 2949 494 3014 κῶς
545 2948 826 3022 βρώσεως,
880 2949 1252 3018 ἀναγκάζεται
1302 2947 1660 3004 καταϐαίνειν
1729 2950 1813 3014 εἰς
1879 2949 1981 3021 τὴν

382 3043 672 3116 ἀλλοτρίαν
715 3041 860 3108 ἓξιν·
897 3042 952 3095 εῐ
995 3059 1119 3096 τινα
1160 3041 1218 3094 δέ
1255 3041 1801 3114 συμπερινοστοῦσαν
1830 3043 1982 3116 αύτῷ

383 3136 592 3206 ἀγαθὴν
631 3135 850 3190 σύνεσιν
901 3135 1064 3188 ἴδοιεν
1095 3135 1145 3188 οἱ
1182 3133 1458 3206 δαίμονες,
1494 3135 1822 3192 σπεύδουσιν
1873 3137 1980 3190 ὑπ-

2076 1930 2410 1986 illuminatio
2436 1947 2450 1984 :
2491 1928 2816 2000 parentibus
2842 1937 3027 1984 autem
3053 1927 3256 1982 divinis
3277 1925 3588 1997 praeceptis,
3610 1932 3668 1980 et

2076 2022 2433 2078 venientibus
2461 2035 2573 2091 quo
2609 2019 2838 2092 jusserit
2859 2019 3148 2084 Dominus,
3180 2019 3267 2075 sui
3292 2016 3516 2088 quidem
3546 2031 3667 2071 ma-

2075 2115 2301 2171 nifestat
2337 2129 2440 2184 pro
2477 2113 2778 2184 capacitate
2813 2112 3206 2184 cognitionem,
3233 2110 3445 2181 praabet
3482 2116 3667 2164 autem

2076 2223 2331 2279 magnam
2375 2222 2529 2278 spem
2561 2223 2576 2261 :
2618 2214 2865 2261 nostram
2895 2215 3078 2262 autem
3117 2203 3442 2261 corroborat
3465 2201 3670 2258 intelli-

2079 2299 2341 2371 gentiam,
2379 2306 2441 2354 ut
2471 2297 2576 2369 ipsi
2610 2297 2835 2368 quidem
2869 2299 3047 2369 erigat
3073 2298 3271 2364 altare,
3312 2310 3510 2367 nempe
3533 2310 3665 2352 cor:

2079 2387 2352 2446 sacriﬁcet
2384 2396 2570 2446 autem
2601 2387 2849 2445 actiones
2887 2389 3062 2444 bonas
3089 2396 3147 2445 et
3173 2387 3670 2459 contemplationes

2078 2483 2414 2555 spirituales.

2081 2593 2155 2652 Et
2202 2594 2302 2666 fuit
2353 2594 2520 2666 fames
2576 2595 2632 2650 in
2670 2601 2838 2666 terra,
2895 2601 2945 2649 et
2995 2594 3260 2651 descendit
3298 2592 3573 2650 Abraham
3609 2591 3668 2649 in

2696 2665 2988 2738 ngyptum
3007 2665 3052 2720 °.

2152 2777 2384 2847 Quando
2413 2795 2570 2836 mens
2597 2779 3034 2852 uniuscujusque
3062 2778 3259 2835 incidit
3280 2779 3336 2834 in
3358 2778 3560 2836 famem
3588 2777 3674 2833 di-

2081 2871 2340 2928 vinarum
2363 2871 2655 2927 notionum
2687 2879 2744 2928 et
2764 2871 2874 2927 cibi
2898 2871 2993 2941 qui
3021 2871 3385 2942 spiritualitcr
3422 2869 3520 2926 alit
3548 2869 3674 2925 ani-

2082 2978 2250 3028 mam,
2274 2977 2503 3018 necesse
2519 2961 2689 3018 habet
2715 2961 3052 3018 descendere
3079 2962 3136 3016 in
3155 2961 3398 3017 alienum
3424 2961 3674 3017 habitum

2085 3054 2384 3128 [amantem
2417 3054 2654 3126 peccati,
2708 3062 2765 3110 et
2808 3053 2906 3125 qui
2953 3062 3040 3110 est
3089 3053 3375 3125 subjectus
3428 3051 3671 3117 diabolo,

2081 3162 2280 3217 nempe
2306 3146 2650 3201 Pharaonem
2676 3144 2771 3214 qui
2797 3143 2946 3200 Cadit
2977 3143 3082 3200 sub
3113 3142 3582 3215 intelligentiam].
3616 3141 3676 3198 Si

385 3229 613 3298 ἀγαγεῖν
646 3227 819 3298 αὐτὴν
853 3228 969 3290 τοῖς
1003 3229 1442 3298 σπερματισμοῖς
1472 3225 1567 3281 τοῦ
1595 3227 1854 3301 ἄρχοντος
1878 3229 1976 3282 αύ-

2083 3254 2248 3310 quam
2285 3245 2471 3292 autem
2509 3251 2636 3292 cum
2671 3250 2740 3291 eo
2770 3234 3221 3307 peregrinantem
3252 3233 3673 3305 intelligentiam

383 3320 522 3375 τῶν·
567 3321 642 3385 ὡς
689 3319 769 3390 τῷ
792 3318 995 3392 Φαραὼ
1024 3318 1122 3390 τὴν
1167 3320 1386 3392 Σάρῤαν
1418 3321 1469 3374 οἰ
1495 3320 1808 3390 Αἰγύπτιοι.
1841 3321 1978 3376 Θεοῦ

390 3413 448 3466 δὲ
488 3413 652 3484 μόνου
684 3413 833 3467 ἐστὶν
863 3409 1144 3476 ἐξελέσθαι
1174 3411 1269 3465 καὶ
1300 3411 1494 3465 τοῦτον
1519 3413 1616 3466 καὶ
1650 3413 1879 3484 ταύτην,
1903 3413 1981 3477 ὡς

384 3503 476 3558 τὸν
515 3504 770 3577 Ἀϐραὰμ
821 3503 918 3558 καί⁵
971 3503 1071 3574 τὴν
1122 3503 1364 3576 Σάρῤαν,
1410 3505 1511 3576 τῆς
1559 3503 1652 3558 τοῦ
1713 3505 1977 3577 τυράννου

381 3599 566 3671 χειρὸς
593 3595 1244 3667 καταδυναστευομένους
1283 3596 1378 3652 καὶ
1408 3596 1844 3662 κινδυνεύοντας.

396 3800 597 3886 Ἀνέϐη
614 3798 691 3881 es
719 3795 1068 3886 mensem
1078 3791 1980 3886 A,lr}’.?i€eyai?téeea?_irit?!

453 3865 664 3932 αὑτοῦ,
708 3865 821 3922 καί
845 3865 1044 3928 πάντα
1069 3868 1143 3921 τὰ
1178 3865 1390 3932 αὑτοῦ,
1417 3865 1519 3920 καί
1552 3865 1683 3920 Λὼτ
1711 3865 1841 3936 μετ’
1869 3865 1982 3919 αὐ-

459 3940 592 4004 τοῦ,
622 3941 711 4006 είς
739 3938 856 4008 τὴν
881 3938 1126 4008 ἔρημον.

454 4053 576 4125 Χρὴ
609 4053 719 4124 γάρ
749 4052 841 4107 τὸν
879 4051 940 4117 ἐξ
976 4051 1153 4122 ἄκρας
1190 4051 1467 4123 κοσμικῆς
1508 4048 1604 4104 καὶ
1659 4049 1982 4122 ἐφαμάρτου

389 4144 534 4216 ζωῆς
567 4147 646 4208 εἰς
684 4144 837 4216 ἱεράν
864 4143 1144 4196 πολιτείαν
1170 4142 1564 4214 ἀνατρέχοντα,
1600 4140 1773 4212 μηδέν
1797 4159 1853 4194 τι
1872 4139 1982 4194 τῶν

389 4236 585 4292 ἑαυτοῦ
606 4236 929 4291 καταλιπεῖν
951 4233 1148 4298 ὀπίσω,
1175 4234 1250 4304 μὴ
1269 4233 1530 4298 διάνοιαν,
1557 4233 1632 4305 μὴ
1654 4233 1980 4303 φαντασίαν,

389 4331 466 4401 μή
509 4348 637 4384 ποτε
663 4330 728 4384 δι’
764 4332 940 4384 ἐκεῖνο
963 4326 1308 4381 παλινοστεῖν
1333 4327 1722 4396 ἀναγκάζοιτο.
1748 4326 1980 4396 Μεθαρ-

391 4423 651 4493 μόζεσθαι
688 4423 746 4477 δὲ
789 4421 1009 4494 πρῶτον
1034 4424 1117 4487 εἰς
1155 4422 1496 4476 κατάστασιν
1537 4419 1746 4493 ἔρημον
1781 4420 1984 4486 κακίας

389 4513 484 4566 καὶ
514 4513 954 4586 ἀπαρενόχλητον
993 4511 1279 4583 ἐπιμιξίας
1305 4511 1667 4584 φαυλότητος.

462 4690 674 4762 ’Ὠσπερ
719 4690 998 4764 Ἀϐραὰμ,
1033 4689 1569 4763 αἰχμαλωτισθέντπ
1606 4691 1714 4745 ὑπὸ
1740 4691 1850 4747 τῶν
1879 4710 1981 4746 πο-

389 4776 594 4848 λεμίων
619 4777 716 4832 τοῦ
757 4780 1052 4849 συγγενοῦς
1082 4780 1250 4834 αὐτοῦ
1293 4781 1450 4847 Λὼτ,
1487 4781 1822 4854 παραλαϐὼν
1854 4785 1983 4848 τοὺς

387 4871 686 4939 οἰκογενεῖς
709 4871 876 4925 αὐτοῦ
901 4872 996 4926 καί
1014 4891 1169 4937 τινας
1194 4873 1506 4944 ἁλλογενεῖς
1532 4875 1653 4946 μὲν,
1685 4875 1875 4945 φίλους
1900 4876 1979 4945 δὲ,

389 4962 714 5030 κατεδίωξεν
746 4962 924 5018 ὀπίσω
943 4965 1133 5022 αὐτοῦ·
1180 4967 1276 5020 καὶ
1301 4966 1607 5039 συμμαχῶν
1630 4967 1722 5021 καὶ
1760 4985 1980 5040 τροπω-

391 5059 628 5129 σάμενος
686 5057 1002 5131 ἀπέστρεψε
1065 5057 1160 5112 τὸν
1201 5061 1477 5130 συγγενῆ,
1515 5059 1612 5112 καί⁵
1659 5060 1840 5114 πᾶσαν
1881 5059 1982 5128 τὴν

387 5148 806 5220 αἰχμαλωσίαν·
849 5149 992 5203 οὕτω
1037 5151 1133 5204 καὶ
1166 5150 1216 5204 οί
1265 5149 1566 5221 ἀπόστολοι,
1591 5150 1982 5221 πνευματικῶς

386 5218 771 5303 ἐξοπλίσαντες
795 5239 922 5303 τοὺς
946 5238 1247 5311 τροφίμους
1275 5238 1375 5311 τῆς
1436 5218 1772 5310 Ἐκκλησίας-
1791 5280 1807 5306 ,
1841 5257 1982 5312 συμ-

389 5330 798 5400 παραλαϐόντες
839 5331 899 5385 δέ
947 5331 1043 5385 καί
1080 5348 1233 5396 τινας
1282 5331 1392 5386 τῶν
1430 5333 1676 5404 κοσμικά
1717 5335 1816 5405 μέν
1849 5353 1982 5407 φρο·

399 5422 623 5476 τούντων
651 5421 752 5490 ἔτι,
784 5422 953 5492 φίλων
985 5422 1045 5476 δέ
1071 5425 1137 5493 τῇ
1165 5422 1448 5494 εὐσεϐείᾳ,
1487 5424 1832 5498 κατέδραμον
1868 5427 1979 5481 τῶν

389 5513 912 5583 αἰχμαλωτισάντων
948 5515 1098 5585 ημᾶς
1133 5514 1426 5585 δαιμόνων,
1474 5515 1570 5570 καὶ
1595 5517 1978 5586 καταγωνισά-

395 5625 546 5677 μενοι
570 5607 794 5673 τούτους
819 5649 834 5673 ,
873 5608 1218 5680 ἐπέστρεψαν
1259 5609 1387 5673 τοὺς
1438 5609 1978 5681 αἰχμαλωτισθέντας

394 5702 677 5769 συγγενεῖς
703 5700 886 5756 αὐτῶν
921 5701 1061 5756 κα.τά
1099 5701 1189 5756 τὸν
1215 5702 1373 5770 λόγον
1404 5705 1502 5774 τῆς
1534 5703 1973 5777 ἀνθρωπότητος.

2082 3331 2283 3386 bonam
2325 3327 2568 3384 viderint
2610 3327 2909 3392 daemones,
2951 3326 3177 3382 student
3206 3340 3327 3381 eam
3362 3324 3676 3382 subducere

2081 3421 2151 3478 ad
2209 3420 2632 3477 seminationem
2693 3419 2777 3474 sui
2830 3418 3147 3489 principis:
3199 3418 3344 3473 sicut
3394 3416 3673 3473 Pharaoni

2082 3511 2304 3568 Sarram
2323 3509 2585 3581 Egyptii.
2603 3508 2699 3564 Dei
2724 3515 2909 3564 autem
2933 3507 3101 3562 solius
3122 3513 3208 3561 est
3233 3505 3382 3576 ipsos
3405 3504 3672 3569 eximere,

2081 3604 2229 3660 sicut
2269 3601 2546 3658 Abraham
2589 3609 2647 3655 et
2690 3600 2910 3656 Sarram
2935 3614 2966 3653 a
2988 3613 3156 3652 manu
3179 3595 3398 3669 tyranni
3425 3595 3674 3667 potentia

2081 3708 2394 3765 oppressos,
2425 3701 2482 3747 et
2502 3691 2558 3746 in
2580 3690 2889 3762 periculum
2913 3687 3202 3744 adductos.

2081 3803 2328 3860 Ascendit
2376 3809 2558 3856 autem
2604 3799 2878 3856 Abraham
2928 3815 2992 3854 ea:
3014 3797 3266 3870 Egypto,
3310 3799 3421 3869 ipse
3459 3805 3508 3870 et
3539 3813 3676 3852 uxor

2154 3876 2288 3942 ejus,
2320 3882 2368 3927 et
2388 3873 2568 3927 omnia
2595 3887 2712 3942 qua:
2744 3879 2899 3926 erant
2931 3871 3068 3942 ejus,
3089 3867 3165 3924 'e't'
3189 3867 3287 3924 Lat
3321 3867 3440 3923 eum
3461 3869 3596 3939 ipso,
3619 3871 3676 3924 in

2193 3953 2420 3999 exertam
2459 3943 2502 3997 ⁷.

2153 4057 2384 4129 Oportet
2413 4057 2562 4114 enim
2587 4071 2716 4112 eum
2747 4055 2843 4126 qui
2884 4071 2952 4112 ex
2989 4055 3102 4111 vita
3134 4070 3349 4110 summe
3397 4053 3677 4109 mundana

2084 4160 2145 4206 et
2161 4150 2403 4221 peccatis
2423 4149 2684 4213 obnoxia,
2707 4147 2908 4203 transit
2926 4147 2994 4202 ad
3014 4147 3166 4202 aliud
3187 4147 3314 4202 vita:
3338 4145 3673 4211 institutum,

2085 4241 2225 4296 nihil
2253 4255 2323 4295 ex
2354 4239 2423 4295 iis
2454 4255 2577 4310 qum
2602 4253 2703 4295 sua
2735 4245 2867 4292 sunt
2899 4243 3050 4292 retro
3080 4235 3417 4304 relinquere,
3445 4247 3558 4288 non
3582 4245 3678 4287 co-

2085 4331 2430 4402 gitationem,
2468 4346 2580 4385 non
2613 4328 2959 4400 phantasiam
2987 4343 3085 4383 seu
3106 4325 3401 4391 visionem,
3439 4339 3511 4380 ne
3532 4323 3676 4380 forte

2083 4430 2314 4494 propter
2358 4421 2495 4478 illud
2527 4431 2756 4492 cogatur
2789 4420 3018 4476 reverti.
3049 4418 3320 4490 Componi
3353 4425 3537 4472 autem
3563 4414 3678 4487 pri-

2088 4531 2264 4581 mum,
2321 4515 2380 4570 in
2403 4522 2607 4571 statum
2632 4530 2663 4569 a
2691 4513 2829 4569 vitio
2853 4513 3160 4578 desertum,
3185 4521 3242 4567 et
3275 4511 3366 4567 cui
3392 4509 3533 4564 nihil
3555 4522 3676 4564 mo-

2014 4575 2061 4632 D
2088 4575 2263 4665 lestiie
2293 4607 2554 4663 exhibeat
2573 4606 2837 4662 admistio
2854 4575 3247 4676 improbitatis.

2157 4699 2445 4767 Quomodo
2476 4699 2777 4764 Abraham,
2823 4705 3058 4769 cognato
3083 4711 3186 4752 suo
3222 4693 3328 4751 Lot
3364 4693 3420 4750 in
3447 4691 3681 4765 captivi-

2085 4801 2255 4849 tatem
2293 4791 2532 4847 abducto
2569 4791 2638 4846 ab
2675 4790 2952 4855 hostibus,
2986 4787 3288 4860 assumptis
3326 4787 3446 4842 suis
3472 4785 3678 4852 vernis,

2083 4900 2210 4942 cum
2239 4884 2518 4955 aliquibus
2554 4882 2879 4954 alienigenis
2911 4880 3161 4952 quidem,
3188 4878 3284 4936 sed
3306 4878 3524 4944 amicis,
3551 4892 3680 4948 per-

2084 4985 2312 5032 secutus
2346 4982 2432 5029 est
2467 4989 2584 5038 eos,
2610 4981 2668 5029 et
2711 4973 2934 5040 socios;
2977 4972 3182 5044 quibus
3209 4971 3268 5025 in
3293 4969 3477 5040 fugam
3501 4966 3680 5022 versis

2086 5083 2152 5123 ac
2193 5066 2515 5138 proﬂigatis,
2574 5065 2799 5121 reduxit
2847 5073 3144 5137 cognatum
3189 5075 3353 5117 suum
3385 5066 3444 5115 et
3485 5073 3682 5115 omnes

2085 5159 2332 5229 captivos
2373 5158 2394 5188 ⁸
2426 5175 2440 5212 :
2482 5157 2558 5212 ita
2586 5156 2753 5213 etiam
2782 5156 3037 5228 apostoli,
3064 5151 3426 5224 spiritualitcr
3451 5149 3683 5206 armatis

2084 5247 2328 5305 alumnis
2350 5246 2632 5314 Ecclesia},
2670 5255 2728 5303 et
2762 5245 2926 5302 simul
2959 5243 3127 5299 etiam
3157 5238 3455 5311 assumptis
3485 5238 3682 5310 aliqui-

2088 5340 2195 5397 bus
2233 5355 2301 5396 ex
2335 5339 2404 5395 iis
2432 5339 2530 5410 qui
2571 5337 2854 5394 mundana
2894 5334 3121 5406 quidem
3159 5332 3342 5388 adhuc
3367 5330 3680 5402 sapiebant,

2089 5438 2249 5486 erant
2280 5439 2465 5486 autem
2505 5428 2669 5484 amici
2705 5425 2919 5499 pietati,
2949 5422 3224 5497 persecuti
3251 5430 3383 5480 sunt
3405 5421 3683 5478 daemones

2089 5523 2186 5595 qui
2214 5538 2318 5579 nos
2349 5522 2685 5594 redegerunt
2720 5519 2776 5575 in
2815 5517 3212 5590 captivitatem,
3235 5523 3293 5572 et
3315 5516 3384 5571 iis
3405 5507 3682 5586 superatis

2091 5617 2428 5672 reduxerunt
2453 5621 2714 5686 cognatos
2741 5627 2872 5668 suos
2905 5611 2960 5667 in
2982 5609 3355 5681 captivitatem
3381 5607 3676 5671 abductos,

2089 5717 2366 5780 cognatos,
2399 5707 2644 5779 inquam,
2674 5705 2820 5778 quod
2849 5704 3047 5760 attinet
3080 5701 3150 5758 ad
3180 5701 3448 5758 rationem
3477 5697 3676 5755 huma-

464 5875 484 5910 ⁸
515 5875 653 5935 Gen.
700 5895 774 5947 χι,
809 5879 830 5934 ι
867 5895 1019 5953 seqq.
1098 5881 1117 5913 ⁸
1147 5880 1284 5938 Gen.
1307 5897 1401 5950 xu,
1443 5880 1639 5956 lseqq.
1719 5885 1737 5916 ⁸
1764 5884 1904 5942 Ibid.
1950 5887 2032 5943 10.
2109 5888 2127 5920 ⁷
2156 5887 2292 5944 Gen.
2329 5904 2442 5957 xm,
2473 5888 2520 5943 ι.
2600 5888 2618 5920 ⁸
2657 5886 2800 5944 Gen.
2833 5901 2940 5953 xw,
2975 5883 3176 5954 lscqq.
