4076 6430
410 346 541 407 1W!

1793 363 2314 427 COLLECTANEA.

3554 393 3698 454 1162

404 464 486 575 είς
517 462 795 575 ἑίγμπτον
826 465 959 522 λαοῦ
999 468 1192 542 πρώτη
1223 473 1364 544 φορὰ
1385 514 1402 540 ,
1449 474 1818 534 ἀπεδυσπέτει
1864 482 1963 554 πρὲ

2065 511 2078 543 ι
2107 489 2323 558 primus
2366 500 2549 548 motus
2587 508 2731 564 aegre
2765 493 2977 553 ferebat
3012 499 3359 565 servitutem.
3388 502 3564 575 Capra
3589 523 3688 562 au-

400 557 497 627 τὴν
525 556 789 614 δουλείαν.
835 560 901 614 Ἦ
941 561 987 614 δ’
1022 561 1113 629 αἲξ
1159 564 1389 638 δευτέρα
1437 567 1704 641 ληφθεῖσα
1746 574 1845 644 τὴν
1877 574 1996 627 δευ-

396 648 565 719 τέραν
606 650 801 718 γενεάν
850 652 1113 724 ᾐνίττετο.
1174 658 1388 731 Ὥσπερ
1442 660 1551 732 γὰρ
1598 662 1631 733 ἡ
1681 663 1771 728 αἲξ
1804 665 1993 736 ὀλίγην

395 738 628 813 παρέχει
655 744 768 806 τοῖς
788 743 1074 811 δεσπόταις
1112 747 1395 819 πρόσοδον,
1424 750 1567 806 οὕτω
1591 755 1684 807 καὶ
1706 757 1739 827 ή
1760 755 1993 828 δευτέρα

393 830 559 897 γενεὰ
586 830 775 904 ὀλίγην
807 834 1072 907 ἀπένειμε
1104 837 1348 893 δουλείαν
1390 844 1502 906 τοῖς
1546 845 1886 914 Αἰγυπτίοις.
1932 848 1991 901 'O

390 919 450 974 δὲ
508 921 666 993 κριὸς
716 922 903 995 τρίτος
984 925 1215 997 ληφθεὶς
1274 930 1374 1002 τὴν
1425 932 1619 1004 τρίτην
1677 938 1987 1007 προεμήνυε

390 1016 607 1083 γενεάν.
643 1017 857 1089 ’Ὠσπερ
885 1018 994 1092 γὰρ
1028 1016 1181 1086 οὗτος
1230 1023 1453 1078 πλείονα
1478 1026 1664 1081 δίδωσι
1701 1030 1984 1100 πρόσοδον,

388 1107 535 1161 οὕτω
562 1109 655 1161 καὶ
687 1109 824 1182 αῦτη
853 1111 1073 1167 πλείονα
1098 1113 1285 1170 δοῦλον
1314 1118 1613 1189 παρέσχεν.
1660 1120 1723 1172 Ἢ
1766 1120 1868 1191 μὲν
1893 1115 1986 1177 οῦν

387 1202 654 1274 διαίρεσις
681 1203 790 1257 τῶν
812 1204 978 1277 τριῶν
1007 1206 1231 1276 γενεῶν*
1257 1210 1290 1280 ἡ
1316 1208 1362 1262 δ’
1391 1209 1808 1282 ἀντιπρόσωπος
1837 1212 1987 1277 θέσις

386 1293 497 1347 τῶν
542 1295 1018 1367 διχοτομημάτων,
1058 1298 1158 1371 τὴν
1190 1301 1475 1356 κοινωνίαν
1514 1305 1614 1375 τῆς
1659 1305 1980 1375 κακουχίας.

386 1385 500 1439 Καὶ
522 1387 556 1457 ἡ
583 1386 773 1459 πρώτη
802 1388 911 1457 γὰρ
937 1389 1100 1459 γενεὰ
1153 1392 1443 1463 ἐδυσφόρει
1484 1393 1827 1464 παροικοῦσα
1861 1399 1975 1461 τοῖς

384 1475 727 1545 Αἰγυπτίοις.
762 1479 1118 1552 Συνεχώρησε
1145 1481 1203 1535 δὲ
1229 1483 1329 1554 τὴν
1358 1485 1418 1537 ἐν
1446 1485 1709 1558 Αἰγύπτῳ
1735 1488 1981 1544 κάκωσιν

385 1570 415 1622 6
451 1569 602 1634 Θεὸς,
635 1569 724 1622 ἵνα
762 1570 1040 1643 δυσχερῶν
1073 1573 1343 1629 τοσούτων
1375 1574 1603 1647 ὕστερον
1637 1579 1981 1650 ἀπαλλαγέν-

385 1672 513 1726 τες,
552 1663 720 1731 γνῶσι
757 1664 1020 1735 μειζόνως
1066 1666 1154 1722 τὸν
1203 1668 1589 1736 ἀπαλλάξαντα
1619 1685 1635 1699 ·
1668 1673 1885 1746 γνωσθῇ
1922 1675 1979 1728 δὲ

386 1752 479 1805 καὶ
507 1753 670 1818 αὐτὸς
703 1756 761 1808 ὲν
794 1755 946 1830 πάσῃ
984 1759 1050 1829 τῇ
1078 1760 1147 1831 γῇ
1183 1757 1250 1812 δι’
1275 1752 1351 1814 ὧν
1378 1762 1555 1816 ἐποίει
1586 1766 1849 1834 σημείων.

464 2031 819 2103 ’Λσύμφωνος
846 2035 924 2108 τῷ
945 2036 1051 2111 νέῳ
1074 2038 1208 2109 λαῷ,
1243 2042 1272 2094 6
1300 2044 1442 2098 κατὰ
1474 2045 1665 2116 χρόνον
1693 2050 1972 2120 πρωτότο-

380 2136 493 2188 κος.
526 2125 699 2181 Τοῦτο
724 2130 832 2200 γὰρ
855 2131 1099 2201 ᾐνίττετο
1118 2134 1187 2187 τὰ
1210 2135 1266 2189 ἐν
1290 2138 1356 2207 τῇ
1384 2137 1539 2209 νηδύϊ
1572 2140 1672 2210 τῆς
1714 2142 1972 2207 Ῥεϐἐκας

376 2214 797 2287 διασκιρτῶντα,
825 2223 919 2275 καὶ
937 2225 1325 2296 ταρασσόμενα
1352 2227 1552 2300 βρέφη,
1584 2230 1684 2303 τὴν
1704 2233 1970 2306 ἐσομένην

376 2307 580 2379 ἔχθραν
620 2310 796 2384 ὑποση
804 2314 1089 2383 μαίνοντα.

446 2400 558 2471 Τῆς
580 2402 817 2475 πτέρνης
843 2405 936 2459 τοῦ
976 2407 1148 2463 Ἡσαῦ
1169 2411 1197 2464 6
1236 2412 1437 2466 Ἰακὼϐ
1461 2414 1760 2487 ἐπείληπτο
1789 2419 1968 2473 τικτό-

376 2508 559 2561 μενος.
608 2494 831 2566 Ἐδήλου
864 2497 920 2551 δὲ
949 2501 1010 2553 τὸ
1034 2502 1345 2574 γενόμενον,
1379 2505 1454 2571 ὡς
1475 2507 1503 2559 6
1534 2508 1663 2572 νοῦς
1690 2510 1719 2561 6
1751 2509 1965 2579 βλέπων

371 2582 507 2636 Θεὸν
580 2584 669 2640 διὰ
732 2588 1084 2664 καθαρότητα
1160 2592 1359 2667 (τοῦτο
1430 2598 1538 2670 γὰρ
1601 2601 1965 2672 ἑρμηνεύεται

387 2673 639 2764 ἰΙσραηλ)
670 2680 950 2751 πτερνίζει
978 2683 1045 2737 τὰ
1071 2685 1219 2755 πάθη
1244 2687 1344 2757 τῆς
1368 2692 1838 2762 γαστριμαργίας,
1870 2694 1964 2764 ἀφ’

372 2757 449 2820 ὧν
482 2768 575 2822 καὶ
607 2768 777 2824 τᾶλλα
807 2771 1018 2844 ψυχικά
1047 2776 1334 2848 νοσήματα
1367 2757 1663 2837 τίκτοντἀι.

456 2953 692 3026 Ἐρίφων
739 2956 984 3029 δέρματα
1039 2958 1208 3030 νεκρὰ
1253 2959 1611 3031 περιθέμενος
1653 2962 1682 3013 6
1736 2960 1959 3027 Ἰακὼϐ,

368 3044 571 3101 ἐτύπου
602 3048 840 3119 Χριστὸν
870 3050 1052 3122 σάρκα
1089 3051 1451 3121 περιθέμενον
1477 3053 1683 3124 νεκρὰν
1712 3053 1795 3107 ὅτι
1826 3052 1963 3125 πρὸς

370 3138 665 3211 ἁμαρτίαν,
719 3140 789 3193 δι’
831 3134 900 3213 ἦς
951 3143 1053 3214 τὴν
1105 3142 1383 3213 ἡμετέραν
1429 3145 1709 3215 σωτηρῖαν
1756 3145 1959 3218 βρῶσιν

370 3229 591 3303 ἡδίστην
616 3231 693 3303 τῷ
725 3233 904 3303 Πατρὶ
934 3235 1327 3305 προσεκόμισε,
1349 3237 1446 3291 καὶ
1465 3237 1566 3307 τὴν
1592 3239 1959 3310 ἀναφαίρετον

365 3322 639 3394 εὐλογίαν,
689 3326 765 3391 ὡς
808 3326 1108 3403 ἁπόδεκτος
1153 3330 1478 3400 γενόμενος,
1513 3331 1810 3403 ἐκομίσατο
1866 3333 1959 3387 καὶ

361 3419 473 3481 τοῖς
505 3418 853 3489 Χριστιανοῖς
881 3420 1203 3491 ἐχαρίσατο.
1502 3410 1511 3413 ἡ

718 3534 1004 3604 Ἀλείφων
1033 3537 1142 3590 τὸν
1165 3539 1345 3595 λίθον
1386 3538 1612 3596 Ἰακώϐ.

428 3647 716 3701 Δείκνυσιν
763 3648 841 3713 ὡς
889 3650 924 3720 ἡ
979 3650 1410 3723 σκληροκάρδιος
1445 3653 1595 3727 ψυχὴ
1640 3656 1750 3711 τῶν
1784 3656 1956 3713 ἐθνῶν

358 3739 717 3811 χρισθήσεται
760 3741 861 3811 μὲν
887 3742 966 3814 τῷ
996 3742 1139 3814 ἁγίῳ
1168 3743 1448 3817 Πνεύματι
1469 3786 1484 3810 ,
1526 3748 1955 3821 ἀφορισθήσεται

357 3827 415 3883 δὲ
449 3829 528 3901 τῷ
559 3830 701 3901 Θεῷ.
742 3832 991 3904 ’ῌνίξατο
1015 3833 1076 3888 δὲ
1102 3835 1198 3889 καὶ
1225 3836 1307 3890 ὅτι
1342 3838 1698 3910 χρισθήσεται
1721 3842 1787 3910 τῇ
1832 3839 1956 3894 θεό-

355 3939 479 3994 τητι
538 3926 573 3995 ἡ
619 3924 1033 3996 προσληφθεῖσα
1072 3926 1247 3998 σάρξ·
1293 3929 1440 3995 λίθος
1489 3930 1601 4003 γὰρ
1639 3932 1669 3984 6
1720 3930 1954 4003 Χριστὸς

355 4016 751 4087 άκρογωνιαῖος
775 4018 1068 4074 συνάπτων
1094 4020 1161 4073 δι’
1189 4021 1387 4076 ἐαυτοῦ
1416 4024 1544 4089 τοὺς
1574 4021 1670 4079 δύο
1696 4023 1879 4089 λαούς.

356 4129 469 4184 Kal
500 4128 630 4205 εἷπε
657 4132 866 4201 Φαραὼ
899 4134 1048 4201 πρὸς
1099 4134 1351 4205 Ἰωσήφ·
1385 4133 1577 4192 Εἶπον
1613 4137 1739 4204 τοῖς
1772 4137 1951 4192 ἀδελ-

430 4201 566 4277 φοῖς
590 4216 732 4277 σου,
765 4205 1226 4277 Παραλαβόντες
1249 4201 1358 4261 τόν
1385 4208 1620 4275 Πατέρα
1652 4201 1822 4277 ὑμῶν
1851 4208 1953 4263 καὶ

426 4271 886 4354 τὰνύπὰρχοντα
1132 4274 1312 4354 ἥξετε
1331 4278 1489 4354 ⁸πρός
1512 4271 1611 4346 με,
1642 4271 1743 4333 κὰὶ
1776 4277 1950 4333 δώσω

424 4342 567 4412 ὑμῖν
596 4342 851 4399 ..πάντων
881 4342 999 4399 τῶν
1024 4343 1264 4415 ἀγαθῶν
1277 4342 1600 4417 Αἰγύπτου,

436 4455 499 4511 '0
536 4456 785 4521 διάϐολος
813 4458 864 4511 εί
895 4457 1055 4530 μόνον
1080 4457 1238 4512 λάϐοι
1260 4458 1412 4523 τινὰς
1442 4458 1739 4530 ὑπηκόους,
1764 4459 1950 4531 πάσης

2105 589 2213 635 tem
2236 598 2356 652 quae
2378 592 2596 653 sumpta
2636 594 2721 641 est
2742 588 2987 643 secunda
3016 591 3182 646 tacite
3207 593 3561 664 signiﬁcabat
3601 615 3691 652 se-

2098 675 2336 730 cundam
2376 677 2789 746 generationem
2829 679 2893 733 ¹².
2964 679 3252 747 Quomodo
3309 685 3457 740 enim
3521 702 3691 757 capra

2097 768 2308 838 praebet
2341 769 2581 825 demittis
2611 771 2868 840 exiguum
2890 781 3240 840 proventum,
3276 777 3351 830 ita
3386 779 3553 833 etiam
3597 795 3687 834 se--

2096 860 2277 915 cunda
2308 862 2590 931 generatio
2619 861 2889 935 Egyptiis
2922 863 3176 934 exiguam
3192 868 3685 935 prazbuitservitu-

2096 961 2228 1008 tem.
2253 953 2412 1009 Aries
2438 964 2620 1010 autem
2646 964 2919 1025 sumptus,
2938 956 3135 1011 tertius
3165 958 3207 988 ⁸³
3225 960 3685 1029 praesigniﬁcabat

2094 1045 2317 1099 tertiam
2352 1045 3088 1116 generationem.Quomodo
3119 1047 3268 1101 enim
3288 1049 3403 1117 ipse
3426 1049 3572 1105 aries
3589 1052 3684 1106 dat

2092 1135 2359 1205 majorem
2386 1144 2738 1206 proventum,
2760 1137 2838 1191 ita
2864 1137 3030 1193 etiam
3056 1153 3120 1192 ea
3151 1139 3389 1209 praebuit
3414 1143 3681 1212 majorem

2091 1227 2623 1298 servitutem.Atque
2643 1229 2760 1285 bam
2774 1229 2998 1299 quidem
3013 1238 3098 1285 est
3117 1229 3316 1286 divisio
3333 1232 3496 1287 trium
3512 1249 3681 1304 gene-

2088 1319 2384 1375 rationum.
2402 1321 2712 1375 Divisarum
2734 1330 2917 1376 autem
2941 1322 3182 1392 partium
3207 1338 3330 1392 qua:
3351 1324 3707 1380 altrinsecus

2087 1410 2228 1465 facta
2266 1418 2351 1465 est
2384 1411 2631 1481 positura
2676 1411 2951 1483 signiﬁcat
2992 1413 3313 1469 societatem
3347 1414 3677 1470 aﬂlictionis.

2086 1504 2223 1559 Nam
2249 1512 2303 1557 et
2326 1504 2501 1573 prima
2528 1505 2812 1575 generatio
2860 1521 3004 1576 azgre
3024 1506 3235 1563 ferebat
3257 1523 3314 1563 se
3340 1524 3463 1563 esse
3491 1508 3679 1579 inqui-

2085 1594 2253 1653 linam
2311 1595 2455 1667 apud
2506 1596 2807 1669 Egyptios.
2855 1598 3113 1653 Permisit
3161 1607 3347 1654 autem
3383 1600 3531 1655 Deus
3554 1616 3678 1655 eam

2086 1689 2436 1744 alllictionem
2462 1689 2517 1743 in
2546 1688 2797 1762 Egypto,
2830 1698 2912 1756 ut,
2945 1706 2977 1745 a
3003 1699 3086 1745 tot
3106 1698 3163 1746 et
3190 1692 3359 1746 tantis
3381 1690 3675 1747 ditlieulta-

2089 1782 2238 1837 tibus
2287 1789 2479 1853 postea
2516 1783 2759 1851 liberati,
2800 1784 2975 1855 magis
3017 1791 3381 1855 agnoscerent
3413 1801 3539 1839 eum
3578 1787 3674 1855 qui

2003 1846 2048 1902 Β
2081 1874 2823 1947 liberavit;cognosceretur
2853 1884 3039 1932 autem
3076 1885 3133 1931 et
3170 1876 3287 1947 ipse
3323 1877 3379 1931 in
3412 1878 3673 1933 universa

2083 1973 2228 2020 terra
2256 1982 2354 2037 per
2377 1983 2440 2021 ea
2468 1983 2591 2037 qua:
2618 1967 2748 2022 fecit
2778 1968 2954 2038 signa.

2147 2055 2299 2110 Novo
2321 2057 2525 2126 populo
2549 2073 2656 2112 non
2680 2057 2936 2113 convenit
2956 2057 3048 2127 qui
3076 2064 3162 2111 est
3191 2056 3494 2112 secundum
3526 2063 3670 2111 tem-

2075 2165 2177 2219 pus
2205 2148 2624 2220 primogenitus.
2653 2150 2767 2205 Hoc
2791 2151 2939 2205 enim
2968 2150 3132 2204 tacite
3158 2148 3543 2219 significabant
3569 2148 3668 2218 qui

2073 2241 2129 2295 in
2161 2249 2321 2297 utero
2358 2241 2623 2298 Rebeccae
2667 2241 2937 2297 saliebant
2981 2250 3037 2298 et
3066 2242 3439 2313 turbabantur
3480 2240 3666 2296 infan-

2074 2342 2156 2389 tes
2192 2336 2276 2399 “‘,
2316 2335 2530 2390 futuras
2562 2337 2883 2391 inimicitias
2909 2336 3307 2405 significantes.

2143 2426 2470 2485 Calcaneum
2491 2429 2633 2484 Esau
2663 2429 3032 2500 apprehendit
3055 2428 3225 2484 Jacob
3255 2443 3377 2483 cum
3409 2443 3667 2484 nascere-

2071 2522 2241 2577 tur“.
2282 2520 2441 2588 Quod
2495 2522 2698 2576 factum
2746 2529 2830 2575 est
2871 2528 3082 2585 autem,
3111 2520 3476 2590 signiﬁcabat,
3513 2520 3663 2589 quod

2069 2629 2224 2668 mens
2272 2603 2394 2683 qum
2439 2612 2637 2683 aspicit
2682 2612 2857 2666 Deum
2908 2620 3138 2682 propter
3184 2611 3479 2681 puritatem
3533 2611 3664 2684 (hoc

2066 2702 2214 2757 enim
2240 2700 2638 2771 interpretatur
2662 2699 2852 2771 lsrael)
2882 2701 3203 2771 supplantat
3240 2702 3381 2771 gula:
3409 2700 3660 2755 aﬂ‘ectio-

2067 2810 2167 2850 nes
2204 2810 2269 2849 ae
2301 2793 2434 2849 vitia
2456 2834 2470 2861 ,
2503 2810 2534 2849 a
2561 2793 2767 2862 quibus
2798 2802 3107 2848 nascuntur
3134 2793 3304 2847 etiam
3344 2792 3441 2847 alii
3476 2792 3660 2848 morbi

2065 2887 2281 2942 animae.

2138 2975 2433 3031 Hredorum
2462 2983 2645 3031 autem
2680 2974 2913 3031 mortuis
2946 2976 3190 3046 pellibus
3230 2976 3460 3033 indutus
3488 2975 3660 3032 Iacob

2068 3068 2414 3140 signiﬁcabat
2453 3069 2735 3125 Christum
2764 3085 2930 3125 carne
2960 3070 3218 3126 indutum
3240 3079 3488 3133 mortua,
3510 3069 3660 3140 quod

1987 3193 2030 3250 α
2065 3162 2262 3215 attinet
2290 3161 2358 3216 ad
2402 3169 2712 3232 peccatum,
2750 3178 2852 3232 per
2889 3179 3056 3233 quam
3105 3170 3356 3219 nostram
3387 3163 3655 3227 salutem,

2064 3252 2252 3308 cibum
2290 3253 2440 3308 Patri
2484 3253 2646 3324 longe
2692 3254 3082 3309 suavissimum
3128 3255 3330 3309 obtulit
3382 3273 3394 3308 :
3431 3263 3488 3310 et
3535 3268 3660 3325 qua:

2061 3343 2267 3421 auferri
2314 3360 2424 3399 non
2454 3352 2639 3414 potest
2680 3345 3148 3413 benedictionem,
3177 3354 3239 3401 ut
3276 3346 3370 3417 qui
3397 3354 3659 3417 acceptus

2059 3442 2227 3500 esset,
2251 3433 2398 3501 tulit,
2425 3442 2481 3489 et
2505 3433 2837 3490 Christianis
2860 3434 3107 3490 donavit.

2483 3547 2649 3602 Iacob
2684 3565 2884 3619 ungeus
2922 3548 3157 3620 lapidem
3175 3548 3237 3603 ¹⁸.

2128 3662 2383 3719 Ostendit
2427 3662 2575 3733 quod
2612 3678 2736 3733 quae
2773 3669 2860 3718 est
2899 3663 3040 3718 duro
3083 3659 3251 3717 corde
3289 3662 3473 3717 anima
3514 3679 3649 3735 gen-

2058 3752 2220 3817 tium,
2254 3760 2493 3823 ungetur
2519 3752 2747 3823 quidem
2792 3759 2986 3808 sancto
3020 3752 3230 3823 Spiritu
3252 3794 3267 3818 ,
3306 3753 3422 3808 Deo
3464 3764 3651 3809 autem

2057 3844 2455 3915 segregabitur.
2491 3844 2680 3899 Tacite
2701 3853 2888 3900 autem
2914 3844 3244 3916 signiﬁcavit
3264 3846 3411 3916 quod
3445 3845 3651 3901 divini-

2058 3942 2168 3989 tate
2219 3941 2461 4004 ungetur
2513 3942 2799 4003 assumpta
2847 3949 3001 3988 caro.
3054 3932 3315 3991 Christus
3367 3935 3516 3990 enim
3566 3943 3651 3991 est

2055 4026 2195 4097 lapis
2218 4024 2520 4097 angularis,
2558 4024 2653 4094 qui
2679 4024 2783 4079 sibi
2810 4025 3098 4096 conjungit
3124 4025 3264 4080 duos
3291 4026 3541 4096 populos.

2055 4138 2126 4193 Et
2153 4138 2288 4193 dixit
2321 4138 2536 4193 Pharao
2553 4136 2748 4207 Ioseph
2772 4153 2789 4189 :
2819 4135 2912 4190 Dic
2932 4137 3195 4207 fratribus
3216 4139 3341 4203 tuis,
3366 4137 3650 4192 Assumen-

2123 4218 2198 4263 tes
2233 4219 2439 4280 patrem
2463 4206 2693 4280 vestrum
2717 4214 2766 4259 et
2794 4206 3075 4280 facultates
3112 4215 3335 4280 uestras,
3368 4208 3538 4280 uenite
3577 4207 3650 4261 ad

2126 4276 2305 4344 me,'et
2325 4278 2459 4332 dabo
2483 4277 2623 4332 vobis
2653 4293 2716 4331 ea;
2744 4276 2983 4331 omnibus
3009 4277 3156 4329 bonis
3181 4276 3518 4371 Ai‘gypti“..

2121 4451 2387 4507 Diabolus
2429 4451 2476 4507 si
2516 4452 2693 4507 solum
2719 4451 3000 4523 acceperit
3042 4452 3257 4521 aliquos
3301 4453 3643 4521 obcdientes,

354 4550 662 4620 φιληδονίας
698 4551 897 4614 αὐτοὺς
927 4551 1288 4623 ἐμπίπλησιν.
1328 4551 1610 4622 Αἴγυπτος
1638 4552 1737 4624 μὲν
1766 4551 1875 4624 γάρ
1907 4555 1941 4626 ἡ

2065 4561 2146 4600 ξοε
2180 4545 2355 4616 replet
2408 4544 2667 4600 omnibus
2705 4545 2925 4601 deliciis
2969 4554 3027 4601 et
3079 4547 3480 4617 voluptatibus.
3510 4548 3647 4602 Nam

351 4640 636 4711 ἁμαρτία,
676 4638 861 4709 ἀγαθὰ
906 4640 966 4696 δὲ
1010 4640 1185 4712 αὐτῆς
1234 4641 1292 4695 al
1344 4640 1467 4695 κατ’
1505 4642 1677 4713 αὐτὴν
1733 4642 1940 4714 ἡδοναί.

367 4730 528 4787 Ἀλλὰ
547 4732 641 4787 καὶ
661 4730 878 4803 ἀμάξας
895 4731 1114 4789 δίδωσιν
1131 4716 1211 4797 ε’ίς
1238 4733 1606 4805 μετακομιδὴν
1632 4734 1742 4787 τῶν
1770 4734 1884 4788 ὑπα
1893 4751 1945 4806 ρ-

354 4823 560 4894 χόντων
588 4824 795 4891 αὐτοῖς,
819 4822 1000 4879 εὔοδον
1027 4825 1198 4890 τιθεὶς
1219 4825 1320 4897 τὴν
1343 4825 1481 4897 πρὸς
1506 4825 1669 4881 αὐτὸν
1692 4825 1939 4899 πορείαν,

352 4915 448 4969 καὶ
474 4913 694 4970 ἄπονον.
726 4914 919 4987 Πατὴρ
949 4916 1049 4986 μὲν
1066 4910 1162 4971 οῦν
1184 4916 1295 4971 τῶν
1322 4916 1718 4989 ἁλισκομένων,
1745 4919 1773 4972 ὁ
1793 4917 1939 4983 νοῦς.

360 5005 710 5077 ’Υπάρχοντα
741 5006 801 5061 δὲ
830 5008 883 5060 οί
909 5006 1164 5079 λογισμοὶ
1195 5008 1291 5062 καὶ
1314 5010 1371 5063 αἱ
1414 5008 1665 5081 πράξεις.
1709 5009 1942 5079 Ὁμοίως

354 5098 412 5151 δὲ
447 5097 613 5152 πάλιν
640 5100 670 5152 6
704 5098 959 5169 βασιλεὺς
1002 5099 1302 5170 Ἀσσυρίων
1338 5102 1453 5164 τοῖς
1482 5102 1541 5155 ἐν
1589 5099 1944 5173 Ἰερουσαλὴμ

353 5190 727 5262 ἐπηγγέλλετο
772 5190 981 5260 λέγων⁹
1026 5211 1047 5245 ι
1086 5190 1483 5264 Ἐκπορεύεσθε
1541 5192 1679 5264 πρός
1730 5210 1797 5263 με
1845 5194 1943 5247 καὶ

355 5280 596 5348 φάγεσθε
639 5281 868 5344 ἕκαστος
891 5281 989 5354 τὴν
1010 5280 1255 5352 ἄμπελον
1296 5281 1482 5345 αὑτοῦ,
1508 5282 1607 5336 καὶ
1637 5282 1738 5354 τὴν
1770 5282 1942 5351 συκῆν

351 5372 542 5439 αὐτοῦ,
559 5374 653 5428 καὶ
677 5372 864 5428 πίεσθε
886 5372 1032 5444 ὕδωρ
1055 5373 1149 5428 τοῦ
1170 5374 1377 5430 λάκκου
1400 5373 1576 5446 ὑμῶν.
1593 5373 1813 5446 Ἐπειδὴ
1834 5374 1942 5444 γάρ

349 5462 528 5528 διττὸς
557 5466 587 5519 6
610 5466 815 5537 τρόπος
851 5467 951 5536 τῆς
982 5466 1259 5539 ἁμαρτίας
1280 5507 1298 5535 ,
1325 5468 1423 5522 καὶ
1464 5466 1499 5538 ἢ
1539 5466 1649 5522 τῶν
1680 5465 1942 5538 ἐμφύτων

288 5613 301 5622 ,
349 5554 577 5627 ἡδονῶν,
610 5556 647 5629 ἢ
688 5556 800 5613 τῶν
840 5556 1079 5630 θύραθεν
1127 5558 1434 5631 ἡττώμενοι
1484 5556 1936 5631 πλημμελοῦμεν,

426 5731 624 5788 “Gen.
665 5746 755 5795 xv,
778 5732 831 5789 9.
912 5735 1116 5794 I’Ibid.

354 5799 489 5873 lies.
524 5819 672 5872 xvm,
704 5803 795 5860 51.

1179 5714 1185 5721 ’
1231 5737 1290 5771 ⁸³⁸
1315 5736 1452 5794 Gen.
1481 5752 1605 5803 xxv,
1628 5736 1718 5792 22.
1802 5736 1842 5769 ιδ
1878 5735 2132 5792 ibid.

2045 4634 2312 4710 [Egyptus
2355 4637 2579 4708 quidem
2620 4647 2707 4692 est
2738 4647 3064 4708 peceatum,
3107 4637 3251 4693 bona
3301 4648 3485 4693 autem
3528 4641 3649 4709 ejus

2046 4738 2176 4786 sunt
2198 4745 2320 4801 qua:
2355 4737 2485 4785 sunt
2524 4729 2582 4783 in
2614 4729 2733 4800 ipsa
2759 4730 3093 4800 voluptates.
3137 4730 3243 4786 Sed
3275 4741 3330 4787 et
3357 4730 3451 4787 dat
3489 4731 3645 4785 vehi-

2045 4822 2168 4876 cula
2194 4820 2260 4875 ad
2287 4820 2743 4892 transportandas
2775 4819 3096 4887 facultates,
3122 4823 3363 4877 reddens
3391 4822 3537 4877 viam
3576 4822 3645 4877 ad

2044 4929 2103 4969 se
2127 4913 2345 4969 facilem
2376 4920 2434 4968 et
2465 4929 2577 4968 non
2599 4914 2957 4969 laboriosam.
2986 4914 3167 4985 Atque
3196 4930 3388 4969 eorum
3421 4914 3646 4984 quidem

2041 5004 2137 5075 qui
2183 5003 2481 5075 capiuntur
2530 5013 2687 5075 pater
2733 5013 2821 5061 est
2884 5022 3061 5061 mens.
3108 5005 3422 5061 Facultates
3458 5014 3645 5059 autem

2041 5105 2170 5153 sunt
2195 5095 2560 5169 cogitationes
2605 5106 2662 5152 et
2694 5098 2964 5153 actiones.
3013 5097 3282 5153 Similiter
3311 5104 3493 5150 autem
3520 5111 3646 5150 rur-

2039 5204 2135 5245 sus
2155 5204 2377 5259 quoque
2401 5203 2496 5242 rex
2515 5187 2867 5258 Assyriorum
2891 5186 3258 5257 promittebat
3280 5185 3348 5240 iis
3371 5185 3464 5255 qui
3485 5194 3644 5240 erant

2041 5278 2458 5352 Hierosolymis,
2488 5278 2679 5335 dicens
2708 5296 2719 5331 :
2760 5297 2777 5329 ‹
2821 5276 2979 5332 Exite
3004 5277 3072 5331 ad
3103 5292 3191 5332 me
3212 5318 3225 5342 ,
3266 5286 3323 5332 et
3369 5277 3643 5333 comedite

2048 5374 2431 5445 unusquisque
2462 5371 2631 5426 vitem
2666 5385 2844 5434 suam,
2868 5378 2926 5424 et
2960 5368 3126 5423 [leum
3162 5386 3338 5436 suam,
3369 5377 3427 5426 et
3468 5369 3643 5425 bibite

2046 5482 2244 5537 aquam
2287 5464 2540 5519 cisternae
2583 5462 2866 5517 vestris".
2902 5479 2919 5512 ι
2967 5460 3106 5515 Nam
3142 5461 3405 5530 quoniam
3437 5459 3641 5530 duplex

2047 5568 2131 5614 est
2161 5557 2357 5613 modus
2406 5555 2641 5628 peccati,
2698 5561 2754 5609 et
2784 5566 3102 5625 peccamus,
3158 5554 3243 5607 vel
3290 5551 3535 5623 superati
3570 5549 3642 5606 ab

2248 5737 2290 5770 ¹⁸
2314 5735 2664 5804 Gen._xxvtu,
2708 5733 2789 5790 18.
2902 5733 2943 5768 ³⁸
2975 5732 3114 5790 Gen.
3146 5746 3269 5799 XLV,
3298 5730 3385 5786 18.
3501 5729 3543 5764 ⁸⁷
3569 5726 3640 5787 IV
