4076 6442
457 380 597 436 “83

1689 388 1748 447 S.
1783 389 2059 448 CYRILLI
2097 391 2186 448 ET
2225 393 2536 452 ALIORUM

3574 394 3714 453 H343

453 498 662 552 innatis
715 498 1117 569 voluptatibus,
1159 503 1246 559 vel
1291 503 1362 561 ab
1410 505 1478 562 iis
1520 521 1643 576 quae
1684 509 2000 566 extrinsecu

2135 507 2246 565 εἷεν
2279 511 2346 566 ἂν
2378 511 2622 582 ἄμπελος
2668 512 2768 584 μὲν
2817 511 2913 568 καὶ
2953 511 3092 582 συκῆ
3137 510 3196 566 αι
3236 509 3470 584 θύραθεν
3495 509 3710 582 ἡδοναὶ,

451 588 774 653 adveniunt,
812 591 980 648 fuerit
1007 593 1231 664 quidem
1256 596 1386 653 vitis
1413 608 1471 653 et
1492 598 1647 664 ficus,
1679 616 1803 670 qua:
1821 601 2030 657 extrin-

2133 605 2278 676 ὕδωρ
2306 605 2363 658 δὲ
2393 604 2486 658 τοῦ
2518 604 2723 660 λάκκου
2757 605 2912 676 ἡμῶν
2945 606 3000 659 αῑ
3033 603 3302 674 ἔμφυτοι,
3329 602 3425 657 τοῦ
3457 602 3712 674 σώματος

449 693 616 733 secus
659 680 965 736 adveniunt
1005 684 1320 756 voluptates
1350 705 1362 742 :
1395 704 1536 758 aqua
1566 700 1749 745 autem
1776 692 2006 748 cisterna

2127 697 2286 767 ἡμῶν
2312 696 2733 761 ἀναϐλύζουσαι.
2761 697 2872 750 Καὶ
2897 696 2954 750 αἱ
2983 695 3084 766 μὲν
3112 694 3368 766 θύραθεν,
3398 695 3508 748 εἰσὶ
3534 693 3711 765 πρόσ-

447 781 673 836 nostrae,
705 788 784 828 ea:
812 790 934 843 quae
983 787 1115 830 sunt
1161 777 1382 844 innatze,
1434 788 1708 837 scatentes
1755 797 1788 837 ο
1840 793 2006 839 ηοειιη

2128 804 2333 858 καιροι,
2374 787 2430 839 αἱ
2461 786 2518 839 δὲ
2548 785 2778 856 ἔμφυτοι
2817 783 3378 857 μακροχρονιώτεραι.
3401 777 3503 838 Ὧν
3534 781 3710 837 ἀπάν-

447 876 699 931 corpore.
735 863 806 918 Et
855 882 977 935 qua:
1025 868 1373 924 extrinsecus
1425 871 1648 940 quidem
1707 873 2028 940 adveniunt,

445 964 576 1009 sunt
597 959 1018 1026 extemporales,
1050 959 1270 1015 caducae
1294 970 1350 1016 et
1372 973 1787 1032 momentaneae,
1811 973 2024 1021 scaten-

443 1048 530 1096 tes
557 1059 624 1096 ex
648 1059 880 1113 corpore
913 1062 927 1098 :
957 1063 1076 1116 qua:
1104 1058 1288 1103 autem
1315 1059 1445 1105 sunt
1478 1051 1700 1118 innataa,
1728 1061 1857 1107 sunt
1895 1053 2023 1108 diu-

445 1135 744 1191 turniores.
766 1137 913 1203 Quas
935 1153 1127 1195 omnes
1157 1139 1419 1198 frucndas
1448 1145 1744 1213 pollicetur
1771 1146 2024 1204 diabolus

2126 895 2234 931 των
2271 876 2373 948 τὴν
2401 877 2699 932 ἀπόλαυσιν
2725 878 2754 930 ὁ
2783 875 3028 940 διάϐολος
3066 875 3412 945 ὑπισχνεῖται
3451 875 3568 938 τοῖς
3598 870 3709 928 ἀπὸ

2128 969 2227 1039 τῆς
2256 967 2626 1041 ἀγιοπρεποῦς
2658 968 2932 1032 πολιτείας
2953 967 3061 1033 ,ὡς
3091 967 3152 1032 ἐξ
3196 966 3572 1039 Ἰερουσαλὴμ,
3603 965 3704 1018 αὐ-

2128 1059 2418 1130 τομολοῦσι
2447 1059 2583 1133 πρὸς
2609 1058 2790 1128 αὐτὸν,
2817 1059 2912 1113 καὶ
2937 1058 3211 1113 δουλεύειν
3237 1056 3387 1129 αὐτῷ
3416 1056 3707 1128 καταδεχο-

2133 1149 2334 1220 μένοις.

441 1224 510 1278 iis
535 1226 630 1294 qui
658 1242 690 1280 a
713 1235 904 1284 saneto
935 1229 1061 1285 vitae
1091 1231 1375 1301 instituto,
1409 1243 1668 1308 tanquam
1695 1253 1763 1294 ex
1789 1237 2118 1309 Jerusalem,
2148 1242 2217 1299 ad
2253 1242 2434 1314 ipsum
2474 1243 2863 1317 transfugiunt,
2896 1251 2954 1301 et
2988 1243 3041 1300 ei
3071 1241 3283 1300 servire
3343 1242 3402 1299 in
3454 1241 3699 1296 animum

443 1314 734 1372 inducunt.

885 1433 972 1488 Ea:
996 1436 1162 1491 exodo
1185 1437 1250 1492 de
1274 1437 1575 1496 Pharaone.

513 1543 728 1600 Pharao
756 1547 995 1616 primum
1041 1552 1264 1620 quidem
1300 1553 1458 1609 saevis
1505 1554 1790 1612 laboribus
1826 1555 2019 1614 afﬂixit

442 1637 709 1705 pupulum
743 1639 1124 1707 lsraelitieum,
1167 1645 1489 1702 existimans
1514 1662 1574 1703 se
1609 1648 2020 1718 prohibiturum

441 1741 512 1779 ne
539 1726 621 1781 eis
646 1739 942 1800 augeretur
963 1734 1276 1791 multitudo.
1301 1739 1414 1792 Deo
1441 1747 1625 1794 autem
1659 1741 2015 1798 adversante:

438 1817 560 1883 Quo
582 1822 755 1891 magis
774 1823 953 1889 enim,
994 1825 1194 1896 inquit,
1232 1845 1328 1885 eos
1369 1831 1735 1889 humiliabant
1776 1832 2015 1906 Egypti,

437 1925 506 1964 eo
547 1913 721 1982 magis
753 1917 1077 1972 crescebant
1124 1929 1180 1974 et
1206 1920 1651 1979 invalescebant:
1685 1925 1752 1980 ad
1786 1926 2014 1981 alteram

2452 1443 2568 1514 Τῆς
2604 1443 2820 1511 ἐξόδου
2844 1443 2978 1514 περὶ
3005 1443 3110 1498 τοῦ
3133 1444 3362 1513 Φαραώ.

2205 1557 2265 1611 '0
2293 1557 2492 1628 Φαραὼ
2527 1558 2743 1628 πρῶτον
2777 1558 2875 1628 μὲν
2907 1557 3118 1629 ἀγρίοις
3158 1557 3338 1621 πόνοις
3372 1555 3574 1611 ἐκάκου
3605 1556 3697 1611 τδν

2135 1648 2528 1721 Ἰσραηλιτικδν
2560 1649 2707 1713 λαὸν,
2752 1647 2848 1720 τὴν
2894 1650 2972 1711 είς
3026 1647 3229 1718 πλῆθος
3271 1647 3500 1716 αὔξησιν
3531 1646 3696 1702 αὐτοῦ

2124 1740 2354 1795 κωλύειν
2379 1741 2643 1813 οἰόμενος.
2686 1741 3161 1809 Ἀντιπράττοντος
3183 1739 3239 1792 δὲ
3263 1738 3352 1791 τοῦ
3380 1738 3535 1792 Θεοῦ
3557 1737 3696 1793 Καθ’

2123 1834 2153 1888 ὃ
2175 1851 2228 1887 τι
2252 1834 2380 1906 γὰρ,
2419 1834 2604 1904 φησὶν,
2631 1832 2950 1886 ἐταπείνουν
2971 1832 3166 1894 αὐτοὺς
3194 1831 3243 1883 οἱ
3275 1827 3582 1898 Αἰγύπτιοι,
3607 1847 3700 1882 το-

2123 1926 2298 1997 σούτῳ
2338 1925 2555 1988 πλείους
2587 1924 2824 1994 ἐγίνοντο
2844 1961 2859 1988 ,
2889 1922 2983 1976 καὶ
3011 1922 3213 1992 ἴσχυον⁶
3256 1921 3341 1990 ἐφ’
3378 1920 3572 1991 ἑτέραν
3608 1920 3699 1973 λα-

437 2003 1007 2075 acceditmachinam,
1042 2020 1097 2065 et
1123 2013 1282 2080 jubet
1311 2015 1708 2073 obstetricibus
1750 2018 2006 2075 Hebraao-

2117 2017 2322 2088 θραίως
2344 2016 2562 2088 ἔρχεται
2588 2015 2861 2088 μηχανὴν,
2891 2015 2984 2068 καὶ
3007 2013 3333 2085 προστάττει
3360 2014 3484 2074 ταῖς
3507 2012 3698 2083 μαίαις

436 2109 560 2148 rum
593 2103 654 2149 ut
681 2113 748 2152 ex
781 2099 926 2155 natis
970 2103 1194 2172 quidem
1223 2105 1426 2162 fetibus
1457 2109 1742 2165 masculos
1790 2112 2014 2168 occide-

435 2195 580 2250 rent,
605 2186 836 2246 feminas
857 2201 1040 2247 autem
1060 2207 1470 2254 conservarent.
1511 2200 1804 2272 Postquam
1833 2211 2017 2259 autem

434 2276 542 2333 hoc
570 2295 788 2350 quoque
823 2283 967 2339 Deus
998 2286 1315 2354 prohibuit:
1344 2308 1362 2341 ι
1381 2290 1708 2349 Timuerunt
1739 2295 1908 2358 enim,
1929 2297 2016 2351 in-

431 2370 573 2438 quit,
605 2371 933 2431 obstetrices
964 2377 1158 2444 Deum,
1203 2389 1260 2436 et
1293 2397 1404 2436 non
1429 2383 1680 2440 fecerunt
1717 2387 1860 2444 sicut
1885 2404 2018 2444 con-

431 2461 690 2518 stituerat
733 2464 815 2520 eis
851 2466 1068 2523 Pharao
1105 2469 1149 2500 ¹⁸
1187 2489 1250 2538 ›;
1319 2474 1387 2528 ad
1443 2477 1634 2532 tertias
1694 2481 2014 2551 aggreditur

429 2553 659 2610 insidias
682 2573 694 2586 ·
728 2565 785 2612 οι
817 2559 931 2614 suis
953 2569 1143 2630 aperte
1161 2562 1322 2634 jubet
1351 2572 1413 2619 ut
1437 2566 1707 2637 quidquid
1744 2572 2014 2626 nasceba-

429 2651 521 2698 tur
539 2646 763 2715 quidem
795 2652 1100 2707 masculum
1125 2655 1458 2726 projicerent
1483 2658 1540 2714 in
1564 2659 1816 2728 fluvium,
1845 2663 2012 2734 quid-

426 2736 560 2805 quid
586 2747 773 2794 autem
802 2740 1152 2810 femininum,
1189 2746 1375 2803 vivum
1405 2765 1526 2807 esse
1565 2752 1816 2810 sinerent
1842 2756 1906 2810 ".
1929 2756 2010 2812 lta

427 2827 590 2920 etiam
607 2831 861 2887 diabolus
881 2837 975 2903 qui
999 2844 1083 2891 est
1105 2839 1317 2895 Pharao
1337 2843 1541 2898 cadens
1561 2845 1664 2900 sub
1703 2846 2013 2920 intelligen-

429 2918 582 2984 tiam,
603 2921 869 2980 adversus
889 2925 1144 2983 lsraelem
1161 2930 1257 3000 qui
1278 2940 1528 2990 versatur
1549 2934 1605 2990 in
1625 2918 2006 3010 intelligentia,

426 3011 696 3068 trifariam
742 3017 968 3072 molitur
1001 3019 1251 3089 insidias,
1297 3039 1398 3095 per
1449 3027 1727 3085 maleﬁcas
1766 3032 2008 3090 rationes

427 3111 647 3162 tentans
669 3109 967 3177 prohibere
991 3129 1060 3169 ne
1085 3126 1390 3187 augeantur
1408 3119 1662 3176 virtutes.
1682 3121 1752 3176 Et
1767 3123 2007 3193 primum

425 3195 651 3265 quidem
674 3198 755 3254 eis
785 3199 950 3256 infert
975 3203 1192 3260 labores
1220 3213 1276 3262 et
1298 3209 1567 3264 malorum
1597 3213 2000 3283 perpessiones.

423 3284 562 3344 Cum
601 3301 784 3344 autem
829 3292 1140 3351 aberrasset
1169 3313 1200 3351 a
1224 3313 1412 3369 scopo,
1445 3315 1561 3366 eos,
1596 3303 1711 3372 qui,
1745 3304 1892 3374 quod
1933 3304 2003 3360 ad

424 3376 586 3433 ﬁdem
629 3381 859 3448 attinet,
887 3400 1080 3440 eorum
1129 3395 1259 3442 sunt
1295 3389 1492 3446 fratres
1521 3401 1575 3447 et
1619 3393 1800 3456 amici,
1825 3405 2003 3451 armat

422 3465 477 3521 in
511 3483 605 3525 eos
632 3471 726 3539 qui
770 3482 896 3527 sunt
923 3474 1092 3530 fortes
1123 3476 1178 3531 in
1209 3479 1410 3548 pietate
1452 3497 1516 3537 ac
1544 3498 1674 3538 vera
1703 3484 1997 3555 religione;

421 3557 756 3617 effeminatis
786 3565 955 3630 enim,
995 3577 1056 3622 ut
1081 3570 1174 3638 qui
1218 3580 1348 3626 sunt
1393 3571 1674 3640 imbecilli,
1723 3592 1832 3632 non
1869 3576 2001 3632 insi-

422 3647 628 3716 diatur,
653 3668 750 3708 eos
782 3655 963 3711 sciens
1002 3674 1123 3714 esse
1173 3663 1278 3716 sibi
1320 3665 1483 3720 utiles
1517 3665 1582 3720 ad
1627 3668 1994 3736 peccandum.

424 3738 657 3797 Sorores
681 3755 862 3801 autem
887 3758 942 3804 et
970 3752 1158 3807 amica:
1197 3754 1553 3812 Hebraeorum
1580 3772 1710 3817 sunt
1733 3761 1998 3816 obstetri-

423 3846 536 3896 ces,
556 3845 783 3904 propter
826 3842 1290 3900 necessitudinem
1324 3856 1377 3902 et
1413 3851 1860 3919 conjunctionem
1879 3869 2000 3922 qua:

422 3932 507 3978 est
545 3941 611 3979 ex
643 3943 862 3997 genere.
888 3931 1024 3987 Cum
1062 3946 1243 3991 autem
1277 3955 1378 3994 nec
1416 3943 1672 3998 secunda:
1697 3945 1748 3999 ci
1782 3960 2002 4000 succes-

422 4015 622 4072 sissent
654 4020 884 4087 insidiae,
935 4040 1032 4080 eos
1077 4029 1170 4097 qui
1218 4042 1377 4086 erant
1420 4034 1617 4088 armati
1662 4036 1999 4104 reprimente

423 4104 518 4160 Dei
550 4117 722 4173 metu,
752 4123 938 4182 aperte
963 4117 1122 4187 jubet
1157 4120 1272 4175 suis
1297 4124 1658 4189 satellitibus,
1689 4136 1750 4181 ut
1782 4127 1836 4181 in
1869 4143 1998 4182 san-

421 4203 540 4252 ctos
572 4212 826 4259 exserant
855 4220 1010 4260 suam
1043 4209 1426 4268 crudelitatem
1455 4223 1512 4268 et.
1538 4214 1761 4270 caadem.
1781 4217 1997 4273 Pharao

419 4290 592 4344 nostri
618 4293 743 4348 vitae
770 4294 1028 4364 instituti,
1052 4300 1106 4355 id
1131 4303 1352 4371 quidem
1387 4305 1536 4374 quod
1559 4315 1644 4361 est
1669 4307 1997 4366 femininum

419 4393 476 4437 et
501 4384 858 4453 imbecillum,
882 4399 939 4445 et
969 4392 1167 4460 docile,
1192 4395 1369 4466 diligit
1388 4406 1444 4452 ct
1464 4397 1650 4454 vivum
1674 4413 1994 4459 conservat:

421 4471 476 4526 id
495 4491 624 4529 vero
654 4477 802 4546 quod
831 4489 916 4536 est
938 4485 1299 4540 masculinum
1327 4495 1383 4542 et
1411 4489 1568 4545 virile
1585 4501 1642 4546 et
1678 4501 1996 4562 suspectum

420 4566 488 4621 de
521 4567 927 4629 insurrectione
948 4615 964 4640 ,
1002 4577 1289 4633 contendit
1346 4579 1678 4644 interficere.
1708 4581 1998 4642 Moderata:

421 4668 603 4714 autem
644 4670 700 4716 et
739 4665 1095 4732 providentes
1125 4670 1396 4736 rationes,
1436 4687 1560 4727 cum
1608 4674 1873 4730 virtutem
1901 4694 1994 4748 ge-

419 4748 663 4815 nuerint,
690 4759 752 4805 ut
774 4762 1030 4822 parentes
1045 4757 1270 4820 Mosem,
1293 4767 1349 4814 et
1377 4762 1679 4818 munierint
1713 4773 1996 4837 tutamque

419 4841 763 4898 reddiderint
782 4861 908 4902 arca
924 4849 1254 4905 eruditionis
1274 4865 1385 4906 non
1396 4854 1706 4912 concedunt
1721 4860 1877 4914 utvir
1899 4860 1998 4916 bo-

419 4945 526 4986 nus
563 4933 914 5006 demergatur
935 4937 990 4991 in
1017 4937 1284 4994 ﬂuentum
1305 4941 1450 4997 vitae.
1484 4943 1622 5000 Eum
1655 4955 1839 5006 autem
1864 4951 1996 5006 alla-

421 5030 536 5076 tum
566 5025 634 5079 ad
655 5027 828 5096 ripam
859 5029 1195 5096 stabilitatis,
1217 5041 1440 5090 externa
1461 5038 1735 5109 accipiens
1748 5042 1994 5112 philoso-

418 5113 568 5183 phia,
601 5125 661 5170 ut
686 5133 807 5187 quae
849 5127 996 5174 esset
1019 5120 1242 5188 quidem
1285 5121 1396 5180 ﬁlia
1431 5127 1734 5185 Pharaonis
1767 5139 1996 5201 propter

420 5205 616 5262 fastum
637 5217 692 5263 et
716 5209 1076 5279 impietatem,
1101 5214 1306 5271 sterilis
1328 5225 1510 5274 autem
1536 5232 1827 5293 propterea
1849 5222 1998 5292 quod

420 5298 634 5354 nullum
667 5300 837 5356 fetum
881 5301 1082 5359 divina:
1121 5307 1452 5380 cognitionis
1481 5312 1811 5381 produceret
1835 5312 1997 5366 inlu-

419 5404 562 5458 cem,
595 5409 724 5449 eum
747 5395 972 5464 adeptat
1005 5412 1304 5473 suggerens
1332 5411 1394 5458 ut
1424 5403 1668 5459 aleretur
1703 5404 1848 5459 laete
1877 5418 1996 5460 ma-

421 5488 601 5540 terno.
653 5485 777 5540 Non
811 5486 959 5542 enim
1008 5489 1244 5548 discedit
1302 5509 1333 5548 a
1366 5493 1542 5548 sacris
1606 5493 1994 5563 dogmatibus,

419 5575 637 5632 etiamsi
675 5575 917 5635 Graecam
973 5591 1171 5640 tractet
1207 5583 1598 5642 eruditionem.
1635 5584 1772 5640 Cum
1810 5594 1994 5642 autem

494 5715 535 5746 "'
569 5716 737 5774 Exod.
778 5735 816 5786 ι,
860 5721 944 5776 l7.
1023 5725 1063 5755 "
1091 5723 1337 5778 lbidﬂﬂ.

495 5829 574 5898 (Ι)
625 5833 902 5892 Aubcrtus
971 5841 1212 5907 ἀπειθές,
1276 5859 1375 5896 non
1433 5859 1642 5911 parcus,
1690 5846 1848 5901 male.
1924 5845 2070 5901 Enn.

2118 2109 2228 2162 τῶν
2270 2109 2537 2180 Ἐϐραίων
2565 2107 2908 2162 ἀποκτείνειν
2939 2106 3038 2176 μὲν
3060 2104 3128 2158 τὰ
3161 2105 3366 2174 ἄρσενα
3394 2103 3503 2158 τῶν
3522 2121 3698 2157 τικτο·

2121 2201 2319 2271 μένων,
2345 2200 2415 2253 τὰ
2443 2199 2607 2270 θήλεα
2631 2199 2689 2252 δὲ
2709 2197 3130 2271 περιποιεῖσθαι.
3168 2195 3320 2249 Ἐπεὶ
3338 2193 3394 2247 δὲ
3420 2195 3513 2248 καὶ
3536 2194 3696 2248 τοῦτο

2117 2290 2428 2346 κεκώλυκεν
2469 2294 2498 2346 ὁ
2543 2290 2696 2356 Θεός·
2737 2309 2756 2343 ι
2817 2288 3195 2359 Ἐφοϐήθησαν
3226 2287 3358 2358 γάρ,
3407 2286 3590 2356 φησὶν,
3635 2285 3696 2340 αἱ

2119 2386 2278 2454 μαῖαι
2307 2383 2398 2437 τὸν
2427 2381 2583 2447 Θεὸν,
2612 2381 2708 2437 καὶ
2738 2381 2839 2436 οὐκ
2866 2379 3127 2452 ἐποίησαν
3160 2378 3235 2443 ὡς
3272 2377 3562 2443 συνέταξεν
3590 2378 3694 2431 αὐ-

2115 2481 2237 2542 ταῖς
2263 2478 2462 2549 Φαραώ
2479 2495 2493 2509 ·
2527 2496 2544 2530 ι
2581 2478 2771 2550 τρίτης
2795 2475 3086 2546 ἐπιϐουλῆς
3113 2475 3366 2538 ἀπτεται,
3405 2474 3502 2528 καὶ
3528 2491 3694 2542 φανε-

2115 2570 2225 2642 ρῶς
2255 2569 2555 2624 ἐντέλλεται
2583 2571 2696 2633 τοῖς
2741 2568 2834 2623 ὐπ’
2865 2568 3048 2634 αὐτὸν,
3092 2569 3202 2621 πᾶν
3240 2567 3338 2637 μέν
3375 2566 3694 2636 τικτόμενον

2113 2661 2280 2732 ἄρσεν
2315 2660 2524 2732 ῥίπτειν
2559 2660 2638 2724 εἰς
2667 2659 2757 2714 τὸν
2789 2658 3052 2730 ποταμὸν,
3089 2660 3196 2712 πᾶν
3227 2657 3286 2712 δὲ
3319 2656 3454 2727 θῆλυ
3490 2655 3692 2724 ζωογο-

2112 2753 2243 2808 νεῖν.
2289 2751 2449 2804 Καὶὸ
2486 2750 2728 2815 διάϐολος
2769 2750 2878 2822 γὰρ
2909 2751 2938 2804 ὁ
2965 2748 3153 2820 νοητὸς
3179 2746 3381 2820 Φαραὼ
3415 2746 3555 2801 κατά
3591 2746 3688 2800 τοῦ

2111 2840 2304 2914 νοητοῦ
2361 2841 2598 2914 Ἰσραὴλ,
2651 2841 2742 2895 τὸν
2785 2840 2984 2911 εὐσεϐῆ
3033 2839 3176 2909 λέγω
3225 2840 3372 2906 λαὸν,
3425 2839 3689 2912 τριπλοῦν

2110 2933 2308 3006 τρόπον
2335 2933 2626 3004 ἐπιϐουλῆς
2653 2931 2863 3004 ἐνόησε,
2889 2931 2977 2984 διὰ
3000 2930 3324 3004 κακούργων
3352 2931 3690 3003 σκεμμάτων

2107 3026 2206 3097 τὴν
2235 3025 2315 3090 εἰς
2347 3025 2548 3096 ἀρετὴν
2587 3023 2824 3077 ἐπίδοσιν
2855 3020 3023 3076 αὐτοῦ
3053 3021 3282 3077 κωλύειν
3323 3023 3685 3094 πειρώμενος.

2106 3118 2218 3171 Καὶ
2243 3117 2438 3187 πρῶτα
2477 3117 2576 3188 μὲν
2605 3117 2786 3183 πόνον,
2817 3117 2913 3176 καὶ
2942 3117 3312 3172 κακοπάθειαν
3351 3118 3538 3182 αὐτοῖς
3563 3119 3688 3172 ἐπι-

2107 3207 2280 3278 φέρει·
2311 3206 2629 3280 διαμαρτὼν
2654 3207 2710 3262 δὲ
2743 3207 2839 3262 τοῦ
2879 3207 3083 3262 σκοποῦ
3104 3247 3119 3273 ,
3157 3208 3285 3272 τοὺς
3323 3209 3466 3264 κατὰ
3503 3209 3692 3264 πίστιν

2107 3298 2370 3367 ἀδελφοὺς
2401 3299 2582 3354 αὐτῶν
2609 3299 2705 3354 καὶ
2734 3299 2922 3368 φίλους
2962 3299 3244 3370 ἐφοπλίζει
3278 3301 3390 3364 τοῖς
3421 3299 3691 3371 ἀνδρείοις

2031 3364 2076 3424 C
2109 3392 2188 3454 εἰς
2219 3364 2319 3462 τὴν
2343 3391 2646 3446 εὐσέϐειαν.
2681 3364 2808 3455 Τοῖς
2839 3391 2950 3463 γὰρ
2981 3364 3389 3463 θνηλυπρεπέσιν
3418 3392 3494 3454 ὡς
3521 3364 3690 3445 ἀσθεξ

2107 3483 2254 3538 νέσιν
2277 3483 2378 3538 οὐκ
2410 3483 2768 3552 ἐπιϐουλεύει,
2801 3482 3106 3554 χρησίμους
3130 3481 3307 3553 ἐαυτῷ
3337 3483 3473 3555 πρὸς
3504 3483 3691 3554 ἁμαρ-

2105 3576 2229 3630 τίαν
2282 3573 2506 3639 τούτους
2557 3573 2734 3638 εἰδώς.
2804 3575 3053 3646 ’Δδελφαὶ
3112 3574 3170 3628 δὲ
3225 3573 3320 3628 καὶ
3375 3574 3526 3642 φίλαι
3577 3573 3691 3629 τῶν

2119 3667 2386 3739 Ἐϐραίων
2421 3668 2476 3721 αἱ
2512 3669 2688 3738 μαῖαι,
2723 3667 2811 3722 διά
2837 3668 2937 3739 τὴν
2962 3667 3026 3720 ἐκ
3050 3665 3146 3720 τοῦ
3176 3666 3368 3736 γένους
3392 3664 3684 3719 οἱκείωσιν.

2121 3759 2536 3829 Ἀποτυγχάνων
2571 3760 2629 3814 δὲ
2659 3761 2753 3814 καὶ
2794 3759 2896 3830 τῆς
2923 3759 3181 3830 δευτέρας
3225 3757 3518 3828 ἐπιϐουλῆς
3541 3797 3557 3823 ,
3591 3756 3689 3811 τοῦ

2108 3853 2254 3907 θείου
2289 3853 2455 3922 φόϐου
2485 3854 2609 3916 τοὺς
2633 3853 3052 3922 ἐφοπλισθέντας
3078 3851 3362 3922 ἐπέχοντος
3387 3892 3404 3916 ,
3442 3852 3687 3920 ἀναφανο

2105 3945 2193 3999 δὸν
2214 3945 2499 4014 ἐπιτρέπει
2530 3946 2641 4008 τοῖς
2661 3944 2880 4008 οἰκείοις
2899 3945 3269 4008 ὑπασπισταῖς
3293 3943 3392 4013 τὴν
3411 3943 3556 3997 κατά
3575 3942 3690 3997 τῶν

2106 4032 2278 4102 ἁγίων
2298 4033 2598 4105 ἀγριότητα
2623 4034 2718 4087 καὶ
2737 4033 3070 4104 μιαιφονίαν.
3107 4035 3168 4088 '0
3186 4032 3385 4104 Φαραὼ
3406 4033 3510 4103 τῆς
3549 4033 3689 4103 ἡμε-

2105 4124 2268 4195 τέρας
2293 4125 2589 4188 πολιτείας,
2619 4122 2681 4177 τδ
2713 4124 2813 4194 μὲν
2841 4124 2972 4195 θῆλυ
2994 4124 3090 4178 καλ⁸
3124 4123 3348 4187 ἀσθενὲς
3377 4123 3471 4178 καὶ
3495 4123 3687 4178 εὐπει-

2107 4213 2456 4285 θὲς(1)αὐτῷ
2472 4214 2618 4283 φιλεῖ
2632 4213 2727 4270 καὶ
2758 4215 3031 4284 ζωογονεί⁸
3059 4214 3121 4268 τὸ
3154 4214 3212 4268 δὲ
3254 4214 3422 4286 ἀρῤεν
3453 4214 3549 4268 καὶ
3584 4214 3687 4268 άν-

2104 4305 2283 4377 δρεῖον
2315 4307 2410 4360 καλ⁸
2430 4306 2570 4376 πρὸς
2588 4307 2959 4361 ἐπανάστασιν
2978 4304 3220 4361 ὕποπτον
3251 4305 3498 4375 φονεύειν
3529 4305 3686 4360 ἐπεί-

2104 4417 2282 4471 γεται.
2299 4401 2363 4456 Ol
2381 4401 2436 4455 δὲ
2459 4400 2735 4472 σώφρονες
2749 4401 2842 4455 καὶ
2859 4399 3208 4472 προνοητικοὶ
3227 4398 3478 4469 λογισμοὶ
3493 4399 3685 4470 γεννή-

2106 4509 2300 4556 σαντες
2335 4491 2433 4563 τὴν
2467 4491 2689 4563 ἀρετὴν,
2719 4490 2796 4554 ὡς
2831 4492 2878 4544 οἱ
2903 4491 3080 4558 γονεῖς
3106 4489 3198 4543 τὸν
3237 4488 3466 4552 Μωσέα,
3495 4488 3592 4542 καὶ
3615 4490 3684 4559 τῇ

2104 4583 2320 4654 κιϐωτῷ
2335 4584 2434 4654 τῆς
2451 4583 2786 4645 παιδεύσεως
2805 4580 3412 4651 ἐνασφαλισάμενοι,τὺν
3429 4579 3684 4652 ἐνάρετον

2103 4675 2162 4728 οὐ
2200 4675 2543 4746 συγχωροῦσι
2565 4671 3158 4742 καταποντισθῆναιτῷ
3190 4671 3392 4744 ῥείθρῳ
3410 4671 3506 4725 τοῦ
3541 4671 3680 4741 βίου.

2104 4765 2452 4836 Κομισθέντα
2478 4763 2534 4816 δὲ
2565 4761 2753 4816 τοῦτον
2778 4762 2872 4814 ἐπὶ
2895 4760 2992 4833 τὴν
3016 4762 3183 4831 ὄχθην
3219 4761 3320 4832 τῆς
3351 4759 3681 4832 σταθερότη-

2101 4873 2212 4919 τος,
2237 4857 2270 4924 ἡ
2304 4853 2408 4919 ἔξω
2440 4851 2724 4921 φιλοσοφία
2753 4849 3018 4917 λαϐοῦσα,
3050 4851 3297 4921 θυγάτηρ
3318 4851 3416 4921 μὲν
3445 4846 3584 4904 οὖσα
3605 4849 3685 4920 τῷ

2101 4943 2322 5015 Φαραὼ,
2358 4944 2445 4998 διὰ
2476 4943 2569 4997 τὸν
2607 4942 2778 5012 τῦφον
2817 4942 2912 4996 καὶ
2951 4942 3050 5012 τὴν
3079 4941 3356 5004 ἀσέϐειαν,
3393 4942 3582 5009 ἄγονος
3624 4939 3683 4994 δὲ

2099 5036 2190 5090 διὰ
2211 5035 2272 5089 τδ
2299 5036 2502 5107 μηδένα
2529 5035 2688 5091 τόκον
2713 5035 2882 5106 αὐτῆς
2911 5036 2990 5099 είς
3019 5035 3133 5102 φῶς
3157 5033 3420 5104 προάγειν
3447 5033 3681 5101 θεογνω-

2103 5127 2264 5190 σίας,
2311 5124 2726 5196 ὑποϐαλλομένη
2776 5125 3006 5178 υίοθετεϊ
3041 5123 3119 5192 τῷ
3163 5122 3404 5193 μητρῴῳ
3449 5120 3682 5189 γάλακτι

2097 5217 2504 5290 τιθηνούμενον.
2557 5219 2633 5272 Οὐ
2667 5218 2778 5288 γὰρ
2812 5217 3110 5286 ἀφίσταται
3139 5213 3248 5268 τῶν
3293 5213 3455 5285 ἱερῶν
3482 5212 3672 5283 δογμά⁹

2094 5327 2224 5372 των,
2277 5311 2325 5364 ει
2367 5311 2464 5364 καὶ
2492 5310 2590 5380 τὴν
2644 5310 2963 5380 Ἑλληνικὴν
3011 5306 3332 5379 μετέρχεται
3374 5305 3680 5358 παίδευσιν.

2096 5403 2240 5474 Πρὸς
2263 5401 2394 5472 ὕψος
2410 5403 2468 5456 δὲ
2493 5402 2872 5473 πνευματικῆς
2891 5399 3111 5472 ἡλικίας
3130 5397 3482 5470 ἀναδραμὼν,
3517 5396 3679 5466 μέσος

2095 5496 2305 5565 γίνεται
2345 5494 2440 5548 δύο
2475 5495 2817 5566 μαχομένων,
2871 5491 3167 5564 ὁμογενοῦς
3201 5490 3296 5544 καὶ
3339 5486 3676 5555 ἀλλοφύλου,

2094 5584 2239 5641 τοῦτ’
2273 5585 2440 5654 ἔστιν,
2485 5585 2743 5650 εὐσεϐοῦς
2795 5583 2957 5654 λόγου
2989 5582 3086 5636 καὶ
3108 5579 3340 5644 ἀσεϐοῦς
3365 5619 3379 5644 ,
3411 5578 3446 5650 ἢ
3475 5576 3677 5650 ἀρετῆς
