4076 6428
377 325 516 395 H85

1750 327 2276 391 COLLECTANEA.

3519 342 3660 399 “88

371 441 471 496 καὶ
501 439 699 505 κακίας
722 480 738 510 ,
767 442 861 497 καὶ
901 442 981 515 τῷ
1012 444 1198 515 οἰκείῳ
1228 445 1433 511 συστάς
1458 448 1674 520 ἀναιρεῖ
1705 448 1766 502 τὸ
1803 448 1931 503 ἁλλό

2061 451 2379 523 pervenerit
2404 452 2473 509 ad
2502 452 2852 510 altitudinem
2880 454 3059 512 aetatis
3093 454 3418 526 spiritualis,
3439 458 3659 514 exsistit

368 550 544 605 τριον.
598 533 861 604 Φοϐηθεὶς
897 535 954 589 δὲ
999 534 1091 590 τὸν
1138 536 1250 592 ἀπὸ
1295 538 1389 592 τοῦ
1433 538 1636 611 Φαραὼ
1693 540 1959 607 κίνδυνον,

370 626 566 697 φεύγει
593 627 933 698 πορρωτάτω
962 629 1059 698 τῆς
1090 628 1340 695 ἐξουσίας
1367 631 1557 697 αὐτοῦ,
1586 633 1726 705 πρὸς
1758 634 1962 705 ὑψηλο-

367 718 539 788 τέραν
566 717 842 770 πολιτείαν
881 719 1299 791 ἀνατεινόμενος
1321 762 1338 787 ,
1388 721 1486 775 καὶ
1525 723 1653 787 τοὺς
1688 724 1958 795 πονηροὺς

368 808 635 879 ποιμένας
663 808 863 873 ἀδίκως
888 811 1209 881 χρωμένους
1236 811 1317 883 τῷ
1351 814 1551 884 νάματι
1587 813 1956 881 διδασκαλίας,

365 897 665 953 ἀπελαύνει
689 900 756 970 τῇ
784 898 966 972 ῥάϐδῳ
986 901 1094 954 τῶν
1118 900 1380 971 ἐλέγχων,
1410 900 1512 955 κᾶν
1538 901 1825 974 ἀλλοφύλῳ
1854 903 1958 958 πά-

364 989 449 1043 λιν
484 990 801 1061 συνοικῆσαι
826 990 942 1062 δέῃ,
970 991 1113 1045 τοῦτ’
1143 991 1260 1045 ἐστι
1295 994 1658 1061 συγγενέσθαι
1688 996 1754 1066 τῇ
1785 995 1955 1066 θύρα-

339 1080 457 1135 .θεν
487 1080 799 1153 φιλοσοφίᾳ,
830 1083 1187 1155 καταδέχεται
1215 1083 1375 1138 τοῦτο
1404 1084 1495 1139 διά
1522 1086 1622 1152 τὴν
1652 1087 1865 1158 χρείαν,
1895 1090 1955 1143 ἐν

363 1170 575 1244 γαλήνῃ
603 1171 807 1240 διάγων
835 1171 934 1226 καὶ
967 1173 1273 1243 ποιμαίνων
1307 1174 1685 1246 τὰ⁴κινήματα
1720 1176 1821 1247 τῆς
1852 1176 1953 1246 ψυι-

363 1268 484 1336 χῆς.
521 1264 679 1319 Οὕτω
706 1264 763 1317 δὲ
792 1263 999 1334 βιοῦντι
1049 1269 1351 1338 φανήσεται
1401 1267 1465 1320 τὸ
1497 1268 1639 1322 κατά
1664 1268 1766 1341 τὴν
1792 1269 1953 1340 βάτον

365 1358 663 1429 μυστήριον
690 1356 968 1428 ὲλλάμπον
997 1357 1182 1429 αὐτῷ,
1213 1360 1309 1412 καὶ
1342 1359 1593 1414 διδάσκον
1626 1360 1709 1414 ὅτι
1749 1359 1811 1415 τὸ
1840 1360 1953 1434 πῦρ

358 1451 458 1520 τῆς
491 1448 745 1520 θεότητος
772 1448 1069 1520 περιλαϐὸν
1101 1450 1198 1521 τὴν
1221 1450 1574 1522 ἀνθρωπίνην
1598 1452 1783 1523 φύσιν,
1808 1453 1954 1508 κατά

359 1541 458 1613 τὴν
504 1540 941 1615 ὲνανθρώπησιν,
994 1543 1199 1614 ταύτην
1252 1542 1355 1614 μὲν
1429 1544 1786 1616 ἐπυράκτωσε
1858 1547 1952 1602 καὶ

360 1638 582 1701 ἔθέωσε,
621 1637 770 1693 σῶαν
823 1638 1192 1710 συντηρῆσαν.
1241 1639 1353 1703 Τάς
1399 1638 1456 1693 δὲ
1502 1638 1950 1711 προϐαλλομένοις

358 1732 602 1796 ἀκάνθας
640 1730 742 1801 τῆς
789 1731 1068 1803 ἁμαρτίας
1107 1731 1441 1786 κατέκαυσε.
1473 1732 1584 1786 Καὶ
1611 1732 1694 1785 ὅτι
1744 1720 1969 1805 προτύ-“

2070 544 2287 601 medius
2310 545 2455 601 inter
2479 545 2620 602 duos
2648 555 2976 617 pugnantes,
3000 563 3199 617 nempe
3224 547 3370 604 inter
3388 562 3518 604 eum
3558 549 3656 619 qui

2067 645 2154 692 est
2182 637 2431 707 ejusdem
2467 638 2685 709 generis
2734 646 2791 692 et
2815 654 2941 693 eum
2967 640 3062 709 qui
3088 639 3278 704 alieni,
3307 638 3415 695 hoe
3436 646 3542 705 est,
3566 640 3656 694 in-

2070 735 2154 782 ter
2182 729 2329 797 piam
2370 729 2642 782 rationem
2683 734 2740 781 et
2790 725 3037 798 impiam,
3075 731 3160 784 vel
3191 733 3452 787 virtutem
3496 741 3555 788 et
3574 732 3658 787 vi-

2069 822 2205 878 tium
2239 838 2251 875 :
2284 828 2340 876 et
2379 835 2505 875 cum
2555 819 2929 888 conspirasset
2968 835 3092 875 cum
3127 837 3194 877 eo
3246 824 3392 894 quod
3432 832 3519 880 est
3544 825 3653 881 sibi

2066 912 2426 983 conjunctum
2449 925 2515 966 ac
2541 909 2832 975 familiare,
2859 909 3129 965 interimit
3153 913 3413 969 alienum.
3437 915 3654 970 Formi-

2065 1004 2204 1060 dans
2240 1012 2423 1058 autem
2447 1002 2758 1074 periculum
2784 1002 2931 1073 quod
2965 1003 3072 1057 sibi
3113 1004 3435 1062 imminebat
3458 1024 3487 1063 a
3512 1009 3655 1065 Pha-

2064 1108 2254 1158 raone,
2278 1093 2417 1166 fugit
2449 1093 2767 1165 longissime
2793 1095 2862 1148 ab
2881 1094 3002 1165 ejus
3017 1094 3301 1151 dominatu
3328 1112 3394 1153 ac
3416 1098 3648 1166 ditione,

2061 1186 2403 1243 contendens
2424 1186 2493 1241 ad
2521 1186 2773 1240 altiorem
2814 1186 2940 1241 vita:
2968 1186 3406 1243 institutionem:
3447 1197 3504 1244 et
3531 1205 3651 1246 ma-

2060 1277 2145 1333 los
2173 1285 2425 1348 pastores
2451 1277 2639 1347 inique
2668 1284 2890 1332 utentes
2915 1277 3123 1332 fluento
3145 1278 3410 1335 doctrinae
3424 1281 3648 1351 expellit

2059 1370 2113 1427 vi
2145 1380 2597 1442 argumentorum
2642 1384 2708 1423 ac
2743 1370 3235 1440 reprehensionum
3257 1411 3273 1436 ,
3315 1381 3373 1427 et
3403 1372 3449 1427 si
3487 1387 3650 1442 opor-

2059 1467 2174 1516 teat
2202 1475 2395 1514 rursus
2432 1458 2684 1514 habitare
2715 1473 2841 1513 cum
2876 1457 3206 1529 alienigena,
3235 1459 3342 1515 hoc
3376 1468 3482 1527 est,
3517 1477 3647 1516 vcr-

2058 1550 2171 1606 sari
2193 1565 2320 1606 cum
2348 1560 2577 1606 externa
2604 1550 2974 1620 philosophia,
3007 1551 3114 1606 hoc
3145 1551 3390 1607 admittit
3419 1563 3646 1623 propter

2057 1658 2241 1708 usum,
2288 1642 2493 1713 degens
2521 1643 2577 1696 in
2623 1643 3055 1712 tranquillitate,
3086 1651 3144 1699 et
3188 1659 3422 1714 pascens
3462 1653 3647 1704 motus

2057 1734 2274 1789 animae.
2313 1733 2405 1788 Sic
2442 1740 2626 1788 autem
2662 1732 2871 1787 viventi
2912 1731 3198 1803 apparebit
3232 1732 3554 1805 mysterium
3586 1733 3643 1790 in

355 1822 533 1887 πωσίς
566 1825 686 1877 ἐστι
735 1823 836 1893 τῆς
873 1823 932 1890 ἐξ
970 1821 1142 1875 ἐθνῶν
1190 1822 1544 1893 Ἐκκλησίας.
1585 1824 1798 1895 Ὠσπερ
1838 1824 1941 1896 γὰρ

2055 1823 2216 1889 rubo,
2245 1839 2375 1879 eum
2408 1822 2728 1878 illuminans
2752 1830 2809 1877 et
2835 1822 3040 1879 docens
3057 1864 3072 1891 ,
3098 1824 3247 1896 quod
3276 1825 3420 1897 ignis
3443 1826 3646 1885 divini-

358 1917 394 1987 ἡ
422 1915 585 1986 βάτος
612 1916 962 1987 χαμαιπετής
994 1916 1133 1979 ἐστι,
1165 1915 1263 1969 καὶ
1296 1914 1653 1987 διηπλωμένη
1683 1917 1826 1970 κατὰ
1850 1916 1951 1988 τῆς

268 2018 279 2027 ⁸
355 2009 479 2078 γῆς,
511 2006 607 2061 καὶ
635 2007 937 2078 πεφρικυῖα
955 2007 1076 2069 ταῖς
1102 2004 1390 2069 ἀκάνθαις·
1416 2004 1560 2059 οὕτω
1590 2005 1786 2059 καὶτὰ
1817 2004 1945 2076 ἔθνη

359 2100 487 2171 περὶ
522 2100 593 2153 τά
622 2097 802 2172 γεηρὰ
830 2098 1096 2171 πρότερον
1128 2095 1388 2168 ἐσύροντο
1432 2098 1682 2168 νοήματα
1701 2138 1717 2165 ,
1750 2100 1845 2151 καὶ
1876 2097 1947 2151 τὰ

356 2191 505 2264 πάθη
542 2191 639 2263 τῆς
668 2191 962 2263 ἁμαρτίας,
1000 2191 1169 2262 μηδὲν
1202 2191 1406 2264 ὑψηλὸν
1434 2190 1709 2263 δυνάμενα
1734 2207 1946 2260 ,φανταο

356 2283 572 2357 σθῆναν
598 2283 693 2338 καὶ
720 2282 863 2338 κατὰ
886 2284 985 2356 τῆς
1009 2284 1111 2355 γῆς
1130 2279 1271 2355 ἦσαν
1295 2282 1693 2353 ὲσκεδασμένα,
1720 2283 1815 2338 καὶ
1840 2283 1942 2349 τὰς

351 2374 597 2440 ἀκάνθας
621 2374 722 2447 τῆς
742 2375 1019 2448 ἁμαρτίας
1057 2375 1503 2449 περιεϐέϐληντο.
1538 2376 1611 2429 Τὸ
1636 2374 1696 2429 δὲ
1724 2374 1816 2428 διὰ
1842 2373 1939 2429 τοῦ

279 2488 291 2494 ·
353 2467 499 2523 θείου
531 2468 910 2540 βαπτίσματος
934 2468 1099 2524 ᾶῢλον
1124 2466 1237 2540 πῦρ
1264 2466 1521 2538 φλογίζον
1549 2464 1775 2532 ἀπαθῶς
1800 2466 1941 2522 αὐτὰ

352 2558 609 2631 καθαίρει
632 2598 649 2625 ,
680 2559 851 2630 μόνας
881 2559 1180 2633 ὲμπιπρῶν
1202 2559 1304 2625 τὰς
1332 2559 1578 2625 ἀκάνθας
1615 2560 1716 2633 τῆς
1754 2561 1941 2633 ἀμαρ-

349 2648 509 2715 τίας’
557 2668 576 2703 ι
607 2651 782 2716 Αὐτὸς
817 2651 957 2723 γὰρ,
988 2652 1175 2723 φησὶν,
1217 2652 1364 2724 ὑμᾶς
1398 2651 1651 2723 βαπτίσει
1683 2653 1743 2706 ὲν
1768 2649 1939 2709 Πνεύ-

352 2758 489 2813 ματι
512 2740 658 2815 ἁγίῳ
689 2742 785 2796 καὶ
812 2742 965 2812 πυρί.
1005 2761 1025 2795 ι
1070 2744 1180 2797 Καὶ
1213 2743 1297 2797 ὅτι
1332 2744 1672 2817 σκιαγραφεί
1706 2744 1806 2816 τὴν
1838 2760 1941 2814 νη-

346 2832 446 2888 δὺν
472 2833 571 2905 τῆς
600 2833 954 2906 θεομήτορος’
977 2835 1038 2888 ἐν
1062 2827 1098 2908 ᾖ
1122 2833 1183 2889 τὸ
1207 2832 1320 2904 πῦρ
1338 2834 1439 2905 τῆς
1462 2832 1718 2906 θεότητος
1737 2832 1944 2905 ἀστρά-

348 2923 461 2995 ψαν
491 2923 907 2994 ἀκατάφλεκτον
933 2924 1104 2996 αὐτὴν
1132 2924 1478 2995 διεφύλαξεν.

2055 1917 2183 1973 tatis
2214 1916 2695 1987 comprehendens
2742 1917 3040 1973 humanam
3082 1928 3356 1986 naturam,
3384 1920 3531 1990 quod
3571 1921 3643 1976 ad

2050 2008 2414 2064 humanitatis
2437 2007 2635 2064 attinet
2675 2009 3111 2080 susceptionem,
3138 2025 3261 2066 eam
3283 2009 3509 2080 quidem
3549 2011 3639 2066 in-

2049 2099 2350 2156 ﬂammavit
2393 2110 2451 2156 et
2490 2100 2733 2156 divinam
2772 2101 2978 2168 effecit,
3023 2102 3230 2158 salvam
3283 2116 3637 2159 conservans.

2048 2192 2267 2248 Peccati
2286 2201 2469 2249 autem
2488 2208 2612 2263 quae
2627 2192 3078 2263 producebantur
3092 2193 3279 2264 spinas
3298 2193 3635 2262 combussit;

2048 2292 2108 2339 et
2142 2283 2293 2354 quod
2321 2299 2387 2339 ea
2409 2291 2496 2339 est
2532 2283 2905 2356 praefiguratio
2952 2285 3214 2341 Ecclesiae
3252 2284 3535 2342 sumenda:
3567 2301 3638 2342 ex

2046 2375 2322 2451 gentibus.
2359 2374 2648 2443 Quomodo
2676 2377 2823 2432 enim
2859 2376 3034 2432 rubus
3065 2385 3152 2432 est
3187 2376 3418 2433 humilis
3447 2387 3506 2433 et
3535 2393 3635 2434 ex-

2046 2473 2240 2523 tensus
2265 2464 2321 2521 in
2355 2476 2519 2533 terra,
2541 2475 2599 2523 et
2632 2466 2865 2523 horrens
2888 2466 3065 2538 spinis
3092 2484 3107 2522 :
3143 2466 3220 2522 ita
3247 2465 3414 2523 etiam
3443 2475 3638 2539 gentes

2041 2557 2200 2630 prius
2227 2558 2589 2614 trahebantur
2611 2558 2762 2615 circa
2780 2566 3028 2616 terrenas
3052 2558 3417 2631 cogitationes
3435 2567 3494 2616 et
3506 2574 3636 2631 pec—

2030 2648 2153 2731 .cati
2204 2647 2527 2704 affectiones
2570 2663 2638 2703 ac
2680 2647 3168 2719 perturbationes,
3207 2647 3351 2704 nihil
3386 2648 3635 2705 valentes

2044 2741 2326 2798 excelsum
2363 2741 2784 2813 apprehendere
2818 2740 3058 2807 visione,
3096 2750 3151 2798 et
3195 2740 3255 2796 in
3290 2748 3442 2796 terra
3474 2749 3636 2797 erant

2045 2833 2330 2905 dispersae,
2355 2844 2414 2890 et
2435 2833 2612 2905 spinis
2637 2834 2849 2905 peccati
2877 2834 3103 2890 indutae.
3127 2833 3231 2902 Qui
3255 2851 3356 2907 per
3380 2834 3633 2890 divinum

2045 2932 2233 2980 autem
2264 2923 2603 2995 baptismum
2643 2922 2862 2980 exsistit
2904 2923 3049 2995 ignis
3105 2938 3306 2995 expers
3362 2926 3632 2990 materiae,

351 3013 739 3086 impatibiliter
779 3031 846 3072 ea
886 3015 1235 3074 inﬂammans
1274 3027 1563 3092 expurgat,
1607 3018 1945 3075 comburens
1982 3017 2129 3074 solas
2154 3017 2342 3089 spinas
2371 3017 2606 3088 peccati.
2648 3035 2668 3069 ι
2711 3017 2835 3087 Ipse
2867 3016 3038 3083 enim,
3082 3016 3284 3088 inquit,
3327 3032 3427 3073 vos
3458 3017 3636 3089 bapti—

349 3105 502 3162 zabit
537 3106 597 3162 in
635 3107 847 3179 Spiritu
887 3118 1079 3167 sancto
1117 3121 1175 3167 et
1207 3110 1420 3183 igne".
1466 3130 1487 3165 ι
1520 3112 1591 3170 Et
1629 3113 1780 3184 quod
1818 3112 2086 3170 describit
2134 3121 2193 3168 et
2226 3111 2524 3168 adumbrat
2566 3119 2789 3167 uterum
2820 3111 3016 3168 matris
3048 3111 3169 3178 Dei,
3224 3112 3280 3168 in
3306 3127 3417 3184 quo
3455 3111 3635 3184 fulgu-

351 3212 483 3253 rans
504 3198 646 3270 ignis
674 3199 1008 3267 divinitatis,
1049 3201 1232 3287 ipsum
1269 3204 1623 3261 conservavit
1656 3205 2094 3262 incombustum.

425 3292 636 3367 Ὠσπερ
666 3299 694 3350 6
737 3296 945 3367 Μωσῆς
991 3296 1408 3368 βραδύγλωσσος
1449 3295 1539 3372 ἦν,
1587 3299 1732 3356 οὕτω
1779 3300 1875 3356 καὶ
1904 3300 1934 3355 6

2110 3300 2266 3358 Sicut
2290 3301 2468 3357 Moses
2491 3309 2611 3358 erat
2648 3299 2913 3357 tardioris
2938 3299 3228 3372 linguae“,
3270 3299 3348 3356 ita
3384 3300 3473 3357 lex
3516 3301 3633 3359 Mo-

346 3386 643 3453 Μωσαῖκδς
671 3388 837 3460 νόμος
869 3388 1287 3460 βραδύγλωσσός
1337 3393 1454 3447 ἐστι
1498 3392 1638 3465 πρὸς
1677 3393 1743 3446 τὸ
1788 3392 1940 3464 διαρ⁹

349 3477 517 3551 θροῦν
552 3479 644 3534 τὸν
673 3481 804 3552 περὶ
847 3480 946 3534 τοῦ
996 3482 1151 3546 ὄντος
1186 3482 1367 3553 λόγον,
1417 3484 1512 3538 καὶ
1557 3485 1788 3558 τρανοῦν
1840 3484 1940 3558 τήν

346 3571 479 3642 περὶ
502 3570 619 3643 τῆς·
643 3572 809 3642 ἁγίας
835 3572 1067 3644 Τριάδος
1107 3573 1414 3644 θεολογίαν.
1449 3574 1564 3629 Καὶ
1611 3570 1939 3646 ἰσχνόφωνος

345 3662 439 3730 δὲ,
472 3663 550 3728 ὡς
597 3662 815 3732 ὀλίγους
860 3665 1185 3736 προσλαλεῖν
1223 3666 1543 3738 δυνάμενος.
1587 3665 1790 3736 Ὀλίγοι
1827 3666 1938 3739 γὰρ

345 3757 399 3810 oi
453 3756 789 3829 Ἰσραηλῖται
835 3758 943 3829 πρὸ
986 3758 1085 3814 ὅλα
1129 3757 1200 3814 τὰ
1241 3757 1393 3830 ἔθνη.
1446 3757 1540 3813 Διὸ
1583 3758 1937 3831 προστίθεται

346 3846 522 3920 τούτῳ
562 3849 660 3903 καὶ
703 3848 916 3922 Ἀαρὼν
962 3852 991 3904 6
1030 3849 1260 3921 ἀδελφὸς
1292 3850 1459 3906 αὐτοῦ
1480 3893 1496 3920 ,
1527 3850 1676 3906 τοῦτ’
1710 3850 1883 3919 ἔστιν,
1907 3852 1937 3906 6

345 3939 705 4011 εὐαγγελικὸς
739 3941 925 4014 νόμος.
957 3942 1173 4015 ’Ὠσπερ
1213 3942 1326 4015 γὰρ
1357 3945 1387 3998 6
1431 3944 1670 4016 Χριστὸς
1702 3944 1938 4015 ἀδελφός

341 4034 466 4088 ἐστι
492 4035 738 4101 Μωσέως
766 4036 910 4092 κατά
934 4035 995 4092 τὸ
1023 4036 1390 4110 ἀνθρώπινον·
1425 4037 1570 4093 οὕτω
1595 4038 1689 4094 καὶ
1711 4039 1741 4092 6
1772 4038 1938 4108 εὐαγ-

343 4123 564 4194 γελικδς
582 4125 746 4197 νόμος
762 4125 989 4197 ἀδελφός
1008 4126 1234 4181 ἐστικαὶ
1250 4127 1542 4199 σύμφωνος
1557 4127 1634 4199 τῷ
1653 4126 1936 4200 Μωσαῖκῷ

345 4216 490 4272 κατὰ
514 4216 577 4270 τὸ
603 4217 974 4289 πνευματικὸν
1013 4217 1180 4273 αὐτοῦ
1216 4218 1311 4272 καὶ
1341 4218 1652 4289 νοούμενον.
1690 4221 1789 4283 ’ος
1838 4221 1935 4275 καὶ

340 4307 651 4378 διαλέγεται
681 4311 819 4367 πᾶσι
847 4311 961 4373 τοῖς
991 4308 1222 4377 ἔθνεσιν,
1252 4309 1331 4375 ὡς
1374 4310 1470 4364 καὶ
1515 4309 1730 4383 Ἀαρὼν
1768 4311 1933 4366 παντὶ

339 4397 424 4470 τῷ
451 4398 588 4471 λαῷ.
617 4400 730 4455 Καὶ
771 4401 800 4455 6
845 4401 945 4473 μὲν
974 4400 1332 4471 εὑαγγελικδς
1363 4400 1444 4472 τῷ
1464 4400 1755 4474 Μωσαῖκῷ
1782 4403 1934 4471 γίνε-

338 4506 435 4546 ται
463 4491 663 4563 στόμα,
696 4494 821 4548 ἐπεὶ
846 4492 944 4548 καὶ
985 4492 1198 4566 Ἀαρὼν
1224 4491 1305 4564 τῷ
1331 4493 1529 4549 Μωσεϊ
1579 4495 1672 4549 καὶ
1703 4495 1933 4567 διερμη-

340 4581 492 4638 νεύει
517 4581 556 4638 ἀ
586 4584 980 4656 πνευματικῶς
1018 4585 1117 4640 καὶ
1146 4584 1487 4657 ἀσυμφανῶς
1512 4586 1723 4651 ἐκεῖνος
1753 4586 1926 4652 λαλεῖ,

2039 3392 2188 3450 saica
2214 3402 2300 3450 est
2326 3392 2588 3448 tardioris
2611 3392 2814 3464 lingua
2833 3392 2903 3447 ad
2922 3391 3309 3465 explicandum
3328 3392 3452 3465 ejus
3477 3393 3630 3464 quod

2037 3496 2125 3544 est
2160 3488 2454 3554 rationem,
2496 3495 2553 3543 et
2572 3487 2927 3558 aperiendam
2943 3495 3149 3543 sanctas
3166 3487 3456 3545 Trinitatis
3473 3489 3631 3546 theo-

2037 3579 2262 3652 logiam.
2297 3580 2433 3635 Erat
2458 3579 2626 3636 etiam
2652 3594 2790 3635 voce
2818 3579 2971 3646 exili,
2999 3587 3061 3635 ut
3084 3580 3180 3650 qui
3208 3588 3396 3650 posset
3422 3596 3631 3652 paucos

2037 3671 2269 3743 alloqui.
2302 3672 2472 3728 Pauci
2512 3671 2662 3727 enim
2698 3679 2830 3727 sunt
2866 3670 3150 3736 lsraelitae,
3176 3671 3224 3726 si
3267 3672 3630 3729 conferantur

2037 3781 2166 3822 cum
2207 3764 2333 3822 aliis
2373 3765 2653 3836 gentibus.
2698 3763 3068 3831 Quamobrem
3095 3763 3148 3819 ei
3193 3764 3420 3821 additur
3456 3766 3630 3823 frater

2036 3860 2158 3930 ejus
2193 3858 2397 3923 Aaron,
2425 3858 2533 3913 hoc
2556 3866 2661 3923 est,
2685 3857 2777 3912 lex
2805 3856 3136 3929 evangeliea.
3161 3856 3450 3924 Quomodo
3476 3860 3626 3916 enim

2035 3950 2291 4009 Christus
2316 3959 2401 4007 est
2414 3949 2587 4006 frater
2606 3948 2793 4015 Mosis,
2821 3949 2969 4020 quod
3000 3949 3197 4006 attinet
3214 3949 3284 4005 ad
3314 3950 3626 4009 humanita-

2038 4051 2153 4100 tem
2184 4060 2199 4099 :
2235 4043 2311 4099 ita
2332 4042 2500 4098 etiam
2529 4041 2620 4097 lex
2647 4041 2963 4112 evangelica
2997 4040 3242 4096 fraterne
3270 4042 3533 4098 convenit
3565 4051 3626 4099 et

2036 4134 2317 4192 consentit
2335 4149 2463 4191 cum
2492 4131 2751 4198 Mosaica,
2782 4131 2932 4202 quod
2963 4132 3163 4187 attinet
3186 4131 3254 4186 ad
3279 4133 3537 4203 spiritum
3564 4140 3624 4189 et

2036 4227 2093 4283 id
2122 4227 2271 4298 quod
2295 4225 2643 4298 intelligitur.
2673 4224 2804 4292 Quae
2824 4224 2991 4278 etiam
3024 4223 3270 4294 loquitur
3297 4239 3423 4279 cum
3442 4224 3621 4279 omni-

2035 4319 2142 4375 bus
2162 4318 2441 4391 gentibus,
2473 4318 2619 4374 sicut
2654 4325 2712 4373 et
2735 4315 2920 4372 Aaron
2949 4331 3077 4373 cum
3103 4315 3365 4371 universo
3387 4317 3617 4386 populo.

2033 4412 2105 4468 Et
2130 4412 2218 4466 lex
2254 4409 2478 4481 quidem
2526 4408 2843 4480 evangelica
2886 4406 2949 4464 ﬁt
2986 4422 3050 4463 os
3079 4406 3350 4473 Mosaicae,
3385 4407 3530 4463 sicut
3561 4416 3621 4464 et

2032 4503 2215 4562 Aaron
2232 4501 2390 4558 Mosi.
2418 4501 2558 4558 Nam
2593 4509 2651 4557 et
2665 4500 2847 4557 Aaron
2878 4500 3275 4571 interpretatur
3296 4498 3454 4566 Mosi,
3495 4514 3620 4570 quae

2034 4595 2130 4651 ille
2179 4592 2427 4664 loquitur
2468 4590 2836 4663 spiritualiter
2874 4597 2933 4645 et
2983 4588 3171 4645 minus
3210 4588 3535 4660 perspicue,
3561 4597 3622 4645 et

342 4674 524 4728 καὶτὸ
549 4651 877 4747 ίσχνόῴωνον
901 4674 1070 4732 αὐτοῦ
1107 4651 1337 4749 πρδςντδ
1370 4676 1729 4749 εύηχέστερον
1763 4695 1929 4749 μετα-

2044 4687 2187 4744 vocis
2236 4651 2541 4742 exilitatem
2583 4682 2828 4740 traducit
2875 4681 2946 4739 ad
2996 4651 3617 4755 sonum-grandiorem.

339 4763 576 4836 τίθησιν.
603 4783 624 4818 ι
650 4765 766 4821 Οὐκ
789 4761 956 4839 ἦλθον
975 4767 1107 4838 γὰρ,
1131 4766 1290 4837 φησι,
1311 4766 1615 4822 καταλῦσαι
1630 4769 1723 4823 τὸν
1740 4769 1927 4841 νόμον,

342 4855 482 4909 ἀλλὰ
502 4856 794 4929 πληρῶσαι
812 4857 905 4913 διὰ
926 4859 1026 4931 τῆς
1050 4857 1148 4913 τοῦ
1174 4859 1517 4927 ἐλλείποντος
1533 4860 1875 4934 προσθήκης.
1902 4880 1923 4913 ι

349 4948 415 5002 ’0
439 4948 498 5004 δὲ
526 4950 822 5015 Μωσαῖκὸς
853 4949 933 5021 τῷ
970 4950 1312 5025 εὐαγγελικῷ
1337 4952 1547 5023 γίνεται
1570 4953 1642 5009 τὰ
1670 4953 1809 5026 πρὸς
1837 4954 1929 5009 τὸν

340 5039 496 5097 Θεόν’
523 5041 604 5113 τῷ
628 5042 740 5116 γὰρ
764 5043 1108 5117 εὐαγγελικῷ
1128 5046 1186 5100 αί
1214 5046 1466 5118 ἀφορμαὶ
1487 5047 1587 5119 τῆς
1615 5045 1929 5112 θεοσεϐείας

337 5135 407 5188 εκ
446 5133 544 5188 τοῦ
578 5135 881 5191 Μωσαῖκοῦ
927 5137 1207 5208 γεγόνασι.
1237 5158 1257 5192 ι
1292 5139 1499 5211 Μωσῆς
1527 5138 1608 5205 δὲ,
1635 5140 1824 5212 φησὶν,
1856 5136 1924 5212 ἦν

336 5226 480 5282 ἑτῶν
511 5232 590 5292 π’,
617 5228 709 5283 ὅτε
732 5228 963 5300 ἐλάλησα
991 5230 1131 5302 πρὸς
1152 5230 1372 5303 Φαραώ.
1415 5230 1626 5304 Ἀαρὼν
1650 5231 1711 5287 δὲ
1740 5238 1830 5303 πγ’
1854 5227 1925 5303 ἦν

338 5317 503 5372 ἐτῶν·
538 5335 559 5372 ι
593 5318 738 5374 κατά
772 5321 966 5392 χρόνον
1002 5320 1104 5393 μὲν
1142 5321 1255 5395 γὰρ
1284 5322 1314 5376 6
1347 5321 1568 5394 πρῶτος
1612 5323 1642 5377 6
1689 5322 1923 5395 ’Λαρών.

351 5410 509 5465 Ἐπεὶ
535 5412 631 5465 καὶ
655 5414 690 5483 ή
722 5413 1057 5487 εὐαγγελικὴ
1084 5413 1331 5468 πολιτεία
1352 5414 1461 5487 πρὸ
1478 5415 1580 5487 τῆς
1611 5416 1841 5488 νομικῆς
1866 5417 1927 5472 ὲν

351 5500 631 5574 Ἀϐραὰμ,
661 5504 758 5558 καὶ
784 5506 899 5568 τοῖς
924 5506 1045 5560 κατ’
1070 5506 1298 5573 ἐκεῖνον,
1331 5506 1527 5578 ἐφάνη.
1558 5508 1717 5562 Κατὰ
1744 5507 1800 5561 δὲ
1826 5507 1927 5580 τὴν

2037 4798 2056 4832 ι
2087 4778 2207 4835 Non
2225 4778 2374 4841 veni,
2404 4774 2603 4846 inquit,
2632 4774 2702 4829 ad
2738 4772 3059 4830 solvendam
3079 4772 3279 4845 legem,
3301 4772 3399 4830 sed
3422 4771 3492 4829 ad
3517 4773 3622 4830 im-

2030 4870 2289 4942 plendam
2316 4870 2385 4935 “,
2419 4887 2438 4920 ι
2478 4882 2579 4938 per
2597 4867 2719 4939 ejus
2737 4865 2888 4938 quod
2917 4865 3076 4922 deest
3102 4864 3464 4921 additionem.
3505 4864 3620 4921 Lex

2029 4968 2217 5017 autem
2238 4958 2475 5017 Mosaica
2502 4956 2565 5012 ﬁt
2581 4972 2644 5014 os
2666 4957 2999 5031 evangelica;
3017 4957 3075 5014 in
3106 4957 3176 5015 iis
3209 4973 3334 5029 qua:
3353 4957 3424 5013 ad
3444 4957 3619 5013 Deum

2030 5051 2312 5124 pertinent
2333 5066 2349 5119 ;
2373 5050 2482 5121 legi
2522 5050 2673 5106 enim
2693 5050 3024 5123 evangelicae
3049 5050 3149 5106 Dei
3174 5050 3358 5105 cultus
3379 5056 3437 5104 et
3481 5046 3618 5103 reli-

2031 5142 2212 5215 gionis
2231 5142 2451 5199 occasio
2481 5151 2540 5198 et
2569 5140 2975 5198 adminiculum
3012 5140 3226 5196 exstitit
3257 5154 3326 5196 ex
3362 5139 3484 5210 lege
3504 5137 3619 5195 Mo-

2028 5235 2196 5292 saica.
2209 5253 2228 5284 ι
2251 5233 2431 5290 Moses
2451 5240 2661 5299 autem,
2686 5230 2887 5301 inquit,
2904 5238 3026 5285 erat
3045 5228 3323 5300 octoginta
3341 5241 3615 5283 annorum

2027 5324 2249 5396 quando
2283 5324 2506 5380 locutus
2540 5332 2627 5379 est
2655 5337 2782 5378 eum
2829 5321 3153 5387 Pharaone;
3189 5317 3376 5375 Aaron
3425 5325 3616 5375 autem

2025 5423 2146 5470 erat
2183 5412 2464 5485 octoginta
2507 5412 2676 5469 trium
2729 5424 3003 5466 annorum
3025 5410 3092 5465 ³³.
3140 5428 3160 5462 ι
3204 5409 3341 5466 Nam
3363 5418 3614 5480 tempore

2025 5506 2252 5578 quidem
2282 5506 2437 5577 prior
2465 5513 2552 5562 est
2586 5504 2793 5569 Aaron,
2820 5500 3271 5574 quandoquidem
3298 5509 3358 5558 et
3377 5514 3612 5572 cvange-
3684 5584 3691 5589 Ν

338 5592 649 5665 ἀποστολὴν
669 5594 767 5651 καὶ
791 5596 1090 5666 διακονίαν,
1119 5595 1392 5669 δεύτερος,
1421 5597 1545 5652 ἐπεὶ
1568 5598 1665 5653 καὶ
1682 5598 1745 5654 τὸ
1767 5599 1925 5669 εὐαγ-

2047 5599 2144 5656 ica:
2157 5599 2282 5657 vitae
2303 5599 2598 5670 institutio,
2620 5608 2747 5656 ante
2762 5596 3061 5670 legitimam
3086 5595 3342 5668 apparuit
3367 5593 3425 5651 in
3439 5591 3613 5651 Abra-

412 5772 671 5831 “Katth.
704 5792 784 5843 ιιι,
818 5776 905 5833 ll.
979 5777 1024 5810 ²¹
1056 5773 1228 5832 Exod.
1266 5792 1339 5844 tv,
1382 5777 1466 5834 ιο.
1543 5778 1589 5810 ³⁸
1614 5774 1805 5833 Matth.
1838 5794 1888 5840 ν.
1921 5780 1972 5834 7.
2049 5778 2095 5811 ¹³
2118 5777 2291 5837 Exod.
2326 5793 2418 5846 vu,
2448 5779 2505 5834 τ.
