4076 6442
466 357 601 412 H87

1694 345 1749 402 S.
1790 344 2063 402 CYRILLI
2105 341 2193 397 ET
2235 342 2542 399 ALIORUM

3608 342 3748 397 “33

464 473 631 527 hamo
661 476 718 524 et
755 466 824 522 iis
850 466 945 537 qui
967 474 1126 521 erant
1152 463 1246 519 illo
1268 470 1515 533 tempore
1543 479 1556 514 :
1586 461 1851 516 missione
1873 470 2058 515 autem

2173 456 2343 526 γέλιον
2387 457 2614 526 ὕστερον
2661 452 2755 507 τοῦ
2818 454 2985 526 νόμον
3045 454 3270 509 δέδοται.
3345 454 3638 526 ’Υπερὲχει
3691 458 3749 512 δὲ

464 572 522 618 et
561 559 869 616 ministerio
888 566 975 612 est
998 556 1294 627 posterior,
1333 553 1782 624 quandoquidem
1815 553 2060 623 Evange-

464 654 603 710 lium
630 652 818 707 datum
847 650 951 704 fuit
997 657 1122 719 post
1143 649 1339 718 legem.
1371 646 1637 701 Ternario
1665 654 1849 701 autem
1885 662 2057 701 anno-

466 760 591 800 rum
628 750 853 812 superat
890 742 1092 795 Aaron.
1126 740 1263 793 Nam
1305 738 1560 793 Christus
1585 752 1806 807 quoque
1837 747 2060 807 superat

467 837 759 893 divinitate
797 834 1059 889 ternaria.
1092 833 1160 886 Et
1198 831 1403 901 alioqui
1436 830 1696 886 Christus
1717 830 1940 900 quidem
1974 838 2059 884 est

465 928 758 993 vetustior,
787 926 833 981 si
856 932 1137 995 spectetur
1160 924 1438 979 divinitas.
1474 921 1755 978 Posterior
1784 931 1987 987 autem,
2011 921 2057 975 si

468 1019 785 1074 humanitas
815 1026 871 1073 et
887 1016 1239 1086 dispensatio.

540 1105 705 1176 Virga
740 1120 863 1175 quae
892 1104 1095 1159 cecidit
1125 1119 1193 1157 ex
1221 1118 1385 1157 manu
1418 1102 1600 1167 Mosis,
1629 1110 1684 1156 et
1721 1110 1929 1157 mutata
1954 1100 2060 1157 fuit

471 1199 531 1253 in
552 1205 887 1268 serpentem,
917 1206 974 1252 et
1004 1211 1196 1250 rursus
1225 1198 1281 1249 in
1301 1211 1523 1249 manum
1553 1196 1672 1265 ejus
1706 1210 1803 1267 per
1827 1195 2055 1249 caudam

471 1299 719 1360 accepta,
761 1298 819 1345 et
857 1290 913 1343 in
944 1288 1157 1359 virgam
1180 1288 1513 1354 restituta”,
1540 1287 1885 1358 signiﬁcabat
1910 1288 2058 1357 quod

471 1382 867 1453 protoplastus,
886 1379 1085 1434 cumin
1101 1394 1265 1432 manu
1296 1380 1392 1435 Dei
1408 1379 1624 1433 essetin
1644 1379 1936 1449 principio,
1965 1380 2062 1435 de—

473 1473 613 1528 cidit
636 1472 705 1527 ad
738 1488 827 1527 res
852 1480 1099 1526 terrenas
1121 1471 1439 1524 mandatum
1455 1479 1853 1541 transgressus,
1886 1480 1943 1526 et
1962 1487 2062 1542 per

472 1564 669 1619 vitium
698 1560 920 1632 irrepsit
941 1561 1009 1615 ad
1047 1561 1385 1616 mortiferam
1430 1564 1704 1633 serpentis
1734 1563 2058 1635 improbita—

474 1665 607 1712 tem.
634 1654 829 1725 Opifex
853 1663 1037 1709 autem
1063 1668 1190 1707 cum
1211 1668 1407 1708 rursus
1434 1654 1803 1725 apprehendit
1827 1670 1926 1726 per
1950 1656 2059 1710 hu-

475 1746 801 1803 manitatem
853 1754 1018 1815 atque
1064 1747 1121 1801 in
1164 1747 1399 1816 primam
1443 1746 1692 1803 restituit
1740 1747 2055 1818 imaginem,

2162 552 2354 622 Τριάδι
2376 550 2512 603 ἐτῶν
2543 552 2573 603 6
2611 548 2844 621 Ἀαρὼν,
2878 549 3003 605 ἐπεὶ
3037 551 3132 602 καὶ
3161 551 3188 602 ὁ
3217 548 3451 619 Χριστὸς
3480 551 3621 602 κατὰ
3649 545 3750 614 τὴν

2161 643 2411 714 θεότητα.
2442 643 2553 695 Καὶ
2578 641 2778 713 ἑτέρως
2806 640 2864 694 δὲ
2898 640 3273 712 πρεσϐύτερος
3303 641 3404 711 μὲν
3434 643 3462 695 6
3490 642 3749 712 Χριστος,

2161 736 2303 788 κατὰ
2339 736 2439 806 τὴν
2479 732 2731 805 θεότηταο
2783 733 3303 806 ὑστερογενέστερος
3353 733 3411 789 δὲ
3460 734 3603 789 κατὰ
3647 752 3750 806 την

2160 828 2557 899 ἁνθρωπότητα
2592 826 2686 880 καὶ
2715 825 3051 881 οἰκονομίαν.

2244 1103 2622 1158 Ἀποπεσοῦσα
2651 1102 2750 1172 τῆς
2778 1101 2963 1174 χειρὸς
3010 1102 3105 1156 τοῦ
3145 1103 3392 1168 Μωσέως
3424 1106 3457 1176 ή
3510 1106 3706 1175 ῥάϐδος
3732 1144 3750 1173 ,

2160 1197 2255 1249 καὶ
2282 1198 2361 1260 είς
2396 1197 2519 1265 ὅφιν
2563 1193 3173 1267 μετασχηματισθεῖσα,
3204 1196 3301 1250 καὶ
3332 1196 3495 1251 πάλιν
3523 1201 3581 1251 ὲν
3603 1201 3752 1271 χειρὶ

2161 1288 2325 1343 αὐτοῦ
2353 1289 2622 1360 ληφθεῖσα
2646 1291 2743 1360 τῆς
2766 1290 2991 1360 κέρκου,
3020 1289 3113 1343 καὶ
3141 1292 3218 1353 εἰς
3248 1289 3445 1360 ῥάϐδον
3471 1292 3752 1345 ἀποκαταο

2162 1383 2357 1445 στᾶσα,
2392 1382 2688 1452 ἐσήμανεν,
2724 1381 2800 1443 ὡς
2833 1383 2861 1435 6
2889 1380 3313 1453 πρωτόπλαστος
3342 1383 3399 1435 ἐν
3438 1384 3583 1453 χειρὶ
3611 1385 3749 1438 Θεοῦ

2163 1493 2267 1531 κατ
2285 1477 2298 1496 ’
2318 1476 2491 1547 ἀρχὰς
2520 1474 2595 1528 ὢν
2620 1476 2897 1528 ἀπέπεσεν
2927 1477 3007 1537 εἰς
3038 1473 3109 1528 τὰ
3134 1476 3607 1547 γήϊνα,’παρα6ὰς
3649 1478 3751 1548 τὴν

2161 1566 2404 1637 ἐντολὴν,
2441 1566 2536 1619 καὶ
2557 1565 2646 1619 διὰ
2673 1566 2776 1636 τῆς
2800 1566 3019 1629 κακίας,
3055 1568 3138 1630 είς
3176 1566 3556 1637 θανατηφόρον
3584 1586 3752 1641 πονη-

2164 1656 2287 1727 ρίαν
2327 1656 2507 1725 ὄφεως
2555 1657 2806 1726 εϊρπυσε.
2845 1655 3015 1709 Πάλιν
3064 1654 3121 1707 δὲ
3167 1656 3196 1707 ὁ
3239 1654 3573 1728 δημιουργὸς
3617 1655 3750 1711 Θεὸς

2163 1746 2558 1817 ἐπιλαϐόμενος
2591 1746 2757 1801 αὐτοῦ
2786 1746 2877 1800 διὰ
2906 1748 3003 1816 τῆς
3031 1746 3499 1817 ἐνανθρωπήσεως
3528 1749 3609 1809 είς
3649 1748 3752 1817 τὴν

474 1839 821 1910 pristinoque
855 1838 1058 1893 decore
1096 1837 1276 1893 induit
1306 1853 1405 1909 per
1426 1838 1872 1893 observationem
1899 1855 2058 1894 man-

2173 1839 2389 1910 πρὼτην
2411 1838 2854 1907 ὰπεκατέστησεν
2881 1840 3086 1905 είκόνα,
3109 1838 3285 1893 καὶτὸ
3302 1839 3526 1909 ἀρχαῖον
3554 1838 3754 1900 κάλλος

475 1932 752 1987 datorum.
785 1929 970 1985 Cauda
991 1938 1177 1985 autem
1206 1945 1336 1984 cum
1363 1929 1434 1985 sit
1455 1945 1583 2001 pars
1600 1938 1867 1996 extrema,
1895 1931 2064 2002 signi-

474 2022 673 2080 ﬁcabat
704 2022 1103 2078 humanitatem
1151 2030 1465 2095 susceptam
1503 2023 1561 2078 in
1592 2023 1805 2079 ultimis
1845 2024 2059 2080 diebus.

543 2199 607 2253 In
639 2198 823 2253 sinum
846 2198 1015 2254 Mosis
1042 2198 1291 2255 immissa
1306 2214 1505 2255 manus
1527 2201 1669 2270 ejus,
1696 2208 1753 2256 et
1773 2200 1907 2255 dum
1929 2200 2066 2256 edu-

475 2297 702 2345 ceretur
715 2290 913 2346 eﬂ'ccta
955 2292 1195 2364 leprosa,
1217 2300 1274 2347 et
1299 2307 1499 2347 rursus
1523 2292 1767 2348 immissa
1787 2301 1844 2347 et
1864 2292 2065 2348 educta

475 2381 714 2447 munda,
753 2381 1100 2452 signiﬁcabat
1150 2382 1301 2452 quod
1349 2382 1445 2452 qui
1498 2382 1567 2437 ad
1612 2383 1715 2438 Dei.
1768 2383 2066 2454 imaginem

474 2471 654 2528 factus
680 2480 766 2527 est
787 2472 972 2539 homo,
1000 2472 1250 2544 quandiu
1293 2472 1518 2543 quidem
1549 2473 1656 2529 fuit
1685 2474 1744 2528 in
1770 2473 1869 2529 Dei
1905 2483 2064 2543 tegu-

474 2571 684 2631 mento,
710 2572 972 2635 tanquam
1009 2566 1065 2619 in
1098 2565 1245 2629 sinu,
1280 2573 1401 2619 erat
1448 2565 1690 2620 mundus
1722 2574 1780 2620 et
1808 2565 2067 2636 pulcher-

477 2655 673 2710 rimus.
708 2656 852 2710 Dum
891 2664 1078 2711 autem
1112 2672 1214 2727 per
1237 2655 1525 2712 libidinem
1549 2665 1606 2711 et
1633 2655 2067 2713 inobedientiam

476 2761 544 2801 ex
559 2762 627 2802 eo
650 2747 1004 2814 educeretur,
1034 2748 1216 2803 factus
1236 2758 1324 2804 est
1360 2748 1614 2818 leprosns
1641 2747 1990 2804 deformitate
2012 2754 2078 2800 ct'

476 2837 889 2894 abominatione
928 2839 1160 2909 peccati.
1208 2840 1422 2894 Rursus
1455 2847 1639 2893 autem
1680 2853 1937 2894 reversus
1964 2837 2066 2892 sub

477 2928 576 2984 Dei
610 2936 989 3000 tegumentum
1038 2945 1137 3000 per
1165 2930 1562 2985 continentiam
1598 2938 1656 2983 et
1695 2926 2064 2983 obedientiam

478 3027 538 3074 et
572 3020 630 3074 in
663 3019 840 3074 ﬁlium
887 3020 1241 3090 adoptionem
1264 3061 1279 3086 ,
1319 3021 1612 3075 restitutus
1658 3019 1765 3074 fuit
1820 3017 2068 3089 pristina

479 3113 906 3184 pulchritudini,
934 3121 991 3169 et
1018 3113 1277 3184 apparuit
1303 3113 1545 3169 mundus
1580 3123 1637 3168 et
1666 3111 1896 3166 nitidus.

551 3204 841 3259 Desertum
865 3213 1050 3259 autem
1095 3220 1167 3258 ex
1202 3219 1313 3275 quo
1351 3204 1591 3259 mittitur
1618 3204 1794 3258 Moses
1818 3203 1876 3257 in
1902 3201 2069 3275 .Egy-
2095 3219 2139 3278 ο

479 3304 657 3368 ptum,
691 3305 778 3353 est
798 3296 891 3352 hic
918 3296 1180 3362 mundus,
1214 3304 1311 3352 aut
1334 3297 1575 3351 humana
1602 3306 1819 3361 natura,
1850 3304 1945 3351 aut
1971 3297 2069 3352 lia-

480 3390 633 3446 bitus
662 3397 720 3445 et
757 3398 936 3445 status
973 3389 1220 3460 privatus
1262 3388 1435 3454 vitiis,
1470 3388 1567 3442 ubi
1598 3403 1697 3458 per
1731 3388 2068 3457 contempla-

484 3482 692 3543 tionem
740 3494 898 3537 mens
929 3481 1092 3535 docta
1133 3496 1329 3535 eorum
1366 3494 1489 3550 quae
1523 3488 1650 3535 sunt
1676 3479 2067 3550 cognitionem,

476 3574 706 3646 jubetur
727 3589 761 3627 a
785 3573 898 3627 Deo
924 3588 1024 3642 per
1069 3572 1256 3627 cordis
1282 3572 1698 3637 obscuritatem,
1738 3573 1976 3628 educere
2003 3587 2069 3627 ex

483 3679 650 3720 carne
675 3672 734 3718 et
765 3677 955 3728 sensu,
994 3670 1257 3733 tanquam
1282 3678 1351 3718 ex
1372 3662 1626 3734 ZEgypto,
1668 3664 1826 3733 quasi
1858 3662 2073 3719 Israeli-

486 3764 589 3822 tas,
616 3755 834 3813 divinas
868 3771 1058 3809 rerum
1098 3755 1489 3826 intelligentias
1519 3770 1641 3826 quae
1666 3755 1982 3825 aﬁliguntur
2015 3754 2073 3810 in

483 3847 605 3903 luto
633 3845 918 3901 vitiorum.
949 3845 1031 3900 Ad
1065 3847 1172 3901 hoc
1200 3856 1385 3902 autem
1409 3849 1770 3919 progrediens
1796 3862 1922 3901 cum
1947 3846 2075 3901 vita:

486 3954 600 3995 sua
628 3947 886 3994 consorte
911 3939 1206 4008 sapientia,
1238 3948 1294 3994 et
1317 3955 1440 4010 qua:
1481 3955 1549 3994 ex
1576 3955 1645 3994 ea
1679 3947 1765 3994 est
1786 3947 2076 4009 procreata

486 4031 632 4089 bona
657 4039 714 4087 et
739 4047 861 4101 quae
893 4040 978 4088 est
1008 4047 1078 4088 ex
1107 4032 1313 4087 virtute
1344 4033 1699 4104 cogitatione,
1742 4040 1799 4087 et
1830 4032 2076 4088 honestis

485 4124 758 4190 moribus,
790 4124 1012 4195 quando
1049 4124 1341 4181 diverterit
1372 4136 1431 4181 et
1460 4141 1490 4179 a
1522 4140 1689 4180 cursu
1723 4124 1938 4180 steterit
1966 4125 2077 4180 vir-

488 4216 643 4283 tutis,
675 4219 833 4289 cujus
866 4224 1045 4273 status
1074 4227 1161 4273 est
1189 4227 1373 4274 motus
1398 4217 1539 4283 vitii,
1579 4227 1842 4287 occupata
1878 4218 1935 4272 in
1972 4217 2074 4272 ali-

486 4329 597 4386 qua
622 4329 693 4369 ex
732 4314 902 4369 rebus
924 4314 1306 4369 materialibus
1326 4327 1450 4382 quae
1479 4312 1743 4383 utrinque
1774 4313 1831 4367 in
1866 4312 1971 4368 hac
1988 4312 2077 4368 via

487 4411 746 4481 adjacent
778 4426 790 4460 :
818 4416 953 4462 tunc
994 4422 1122 4462 cum
1158 4407 1473 4461 declaratus
1500 4404 1606 4460 fuit
1648 4406 1769 4476 ejus
1812 4405 1958 4461 ﬁlius
1982 4405 2079 4459 ha-

2168 1927 2382 1981 ἐνέδυσε
2415 1927 2502 1980 διὰ
2527 1928 2628 1998 τῆς
2651 1928 2898 1998 φυλακῆς
2923 1927 3031 1983 τῶν
3059 1927 3313 1983 ἐντολῶν.
3369 1928 3435 1981 Ἦ
3463 1928 3523 1981 δὲ
3554 1928 3753 1999 κέρκος

2167 2016 2393 2088 ἔσχατον
2421 2019 2586 2090 μέρος
2620 2016 2786 2086 οὖσα,
2812 2021 2909 2091 τὴν
2940 2021 3028 2074 ἐπ’
3050 2021 3298 2092 ἐσχάτων
3329 2021 3553 2092 ἡμερῶν
3596 2023 3752 2075 ἐναν-

2167 2109 2452 2179 θρὼπησιν
2483 2111 2807 2183 παρεδήλου.

2240 2201 2622 2272 Είσενεχθεῖσα
2661 2205 2744 2266 είς
2773 2203 2866 2257 τὸν
2915 2202 3118 2256 κόλπον
3150 2203 3401 2266 Μωσέως
3438 2204 3469 2274 ή
3502 2204 3624 2275 χεὶρ
3656 2203 3753 2257 αύ-

2166 2293 2283 2359 τοῦ,
2336 2295 2432 2347 καὶ
2468 2295 2527 2348 ἐν
2566 2293 2645 2364 τῷ
2695 2294 2987 2363 ἐξάγεσθαι
3033 2294 3382 2365 λεπρωθείσα
3406 2335 3420 2360 ,
3464 2296 3558 2349 καὶ
3595 2291 3752 2362 αὖθις

2167 2385 2542 2455 είσενεχθεῖσα
2567 2425 2581 2449 ,
2613 2387 2710 2439 καὶ
2730 2385 3076 2455 ἐξενεχθεῖσα
3109 2385 3352 2457 καθαρὰ,
3376 2387 3652 2458 ἐσήμανεν
3674 2386 3750 2451 ὡς

2167 2478 2196 2531 6
2224 2478 2343 2531 κατ’
2383 2478 2567 2531 εἰκόνα
2598 2476 2737 2531 Θεοῦ
2774 2478 3145 2550 πεποιημένος
3167 2478 3489 2551 ἄνθρωπος,
3510 2479 3617 2542 ἕως
3657 2479 3753 2550 μὲν

2164 2564 2237 2641 ἦν
2266 2571 2333 2639 τῇ
2372 2568 2549 2640 σκέπῃ
2575 2566 2671 2621 τοῦ
2704 2568 2863 2634 Θεοῦ,
2897 2569 3155 2640 καθάπερ
3189 2570 3248 2623 ἐν
3272 2569 3477 2641 κόλπῳ,
3516 2568 3755 2640 καθαρὸς

2168 2662 2266 2714 καὶ
2303 2662 2588 2728 κάλλιστος
2620 2656 2709 2733 ἦν.
2755 2661 2842 2714 Ἐν
2872 2661 2930 2716 δὲ
2962 2661 3040 2734 τῷ
3083 2660 3381 2729 ἐξάγεσθαι
3421 2659 3631 2733 ταύτης
3665 2661 3757 2715 διὰ

2169 2755 2480 2827 φιληδονίας
2522 2759 2618 2810 καὶ
2666 2756 2993 2828 παρακοῆς,
3033 2753 3321 2827 ἐλεπρὼθη
3373 2757 3441 2826 τῇ
3486 2753 3755 2825 είδεχθεία

2170 2847 2263 2900 καὶ
2292 2847 2550 2919 βδελυρίᾳ
2578 2848 2699 2921 ,τῆς
2736 2848 3037 2920 ἁμαρτίας.
3068 2843 3234 2912 Αὖθις
3270 2848 3328 2903 δὲ
3369 2849 3428 2900 ἐν
3466 2849 3534 2917 τῇ
3574 2846 3755 2921 σκέπῃ

2167 2937 2263 2993 τοῦ
2294 2939 2454 3006 Θεοῦ,
2482 2940 2549 2993 δι’
2574 2942 2900 3011 ἐγκρατείας
2931 2941 3026 2995 καὶ
3056 2941 3327 3010 ὑπακοῆς,
3362 2939 3458 2994 καὶ
3477 2937 3756 3001 υἱοθεσίας

2169 3033 2464 3099 γενόμενος
2491 3070 2506 3094 ,
2549 3032 2906 3103 ἀποκατέστη
2939 3033 3077 3103 πρὸς
3107 3032 3207 3103 τὴν
3243 3031 3304 3096 ἐξ
3330 3030 3509 3103 ἀρχῆς
3557 3030 3758 3100 ὼραιό·

2170 3137 2332 3191 τητα,
2361 3122 2457 3175 καὶ
2483 3123 2657 3193 ἐφάνη
2684 3123 2924 3194 καθαρὸς
2952 3123 3049 3178 καὶ
3077 3123 3349 3194 λαμπρός.

2256 3212 2319 3265 Ἦ
2345 3211 2551 3284 ἔρημος
2585 3216 2676 3283 ἀφ’
2698 3210 2766 3287 ἧς
2798 3216 3075 3286 πέμπεται
3106 3215 3315 3281 Μωσῆς
3341 3215 3423 3277 είς
3456 3212 3753 3281 Αἴγυπτον,

2169 3302 2320 3356 ἔστιν
2344 3303 2372 3354 6
2400 3303 2607 3373 κόσμος
2638 3299 2815 3369 οὗτος,
2851 3305 2885 3375 ἡ
2918 3303 3237 3375 ἀνθρωπίνη
3287 3302 3471 3372 φύσις,
3506 3303 3537 3372 ἢ
3586 3303 3619 3371 ή
3648 3301 3756 3355 τῶν

2171 3394 2362 3449 παθῶν
2395 3397 2738 3468 ἐστερημένη
2785 3398 2899 3464 ἐξις
2948 3398 3044 3451 καὶ
3087 3397 3456 3459 κατάστασις,
3500 3394 3637 3447 ὅπου
3670 3392 3757 3450 διὰ

2172 3485 2407 3561 θεωρίας
2442 3488 2544 3559 τὴν
2583 3490 2693 3543 τῶν
2738 3489 2909 3543 ὄντων
2944 3490 3151 3559 γνῶσιν
3187 3486 3499 3550 παιδευθεὶς
3531 3488 3560 3540 6
3593 3484 3753 3550 νοῦς,

2179 3580 2468 3636 κελεύεται
2498 3580 2653 3652 παρὰ
2670 3581 2765 3635 τοῦ
2796 3581 2933 3636 Θεοῦ
2961 3582 3182 3636 κατὰτὸ
3218 3581 3319 3651 τῆς
3352 3579 3582 3651 καρδίας
3615 3578 3757 3647 ἁφα-

2172 3674 2284 3739 νὲς,
2313 3675 2607 3744 ἐξαγαγεῖν
2633 3676 2735 3747 τῆς
2756 3675 2961 3747 σαρκὸς
2986 3675 3084 3729 καὶ
3118 3675 3218 3745 τῆς
3240 3672 3573 3745 αἰσθήσεως,
3598 3671 3673 3735 ὡς
3701 3668 3759 3736 ἐξ

2173 3765 2476 3834 Αἰγύπτου,
2519 3766 2773 3837 καθάπερ
2827 3765 3172 3839 Ἰσραηλίτας
3202 3765 3271 3819 τὰ
3297 3764 3416 3818 θεῖα
3448 3763 3557 3817 τῶν
3591 3763 3759 3816 ὄντων

2173 3859 2446 3928 νοήματα,
2494 3857 2626 3929 περὶ
2674 3858 2768 3912 τὸν
2811 3858 2982 3929 πηλὸν
3034 3857 3143 3910 τῶν
3191 3854 3378 3910 παθῶν
3430 3853 3757 3923 πονούμενα.

2176 3950 2322 4021 Πρὸς
2341 3948 2500 4004 τοῦτο
2517 3949 2573 4003 δὲ
2607 3948 2839 4019 βαδίζων
2867 3949 3007 4020 μετὰ
3034 3948 3129 4003 καὶ
3151 3949 3254 4019 τῆς
3282 3947 3515 4018 συμϐίου
3548 3944 3758 4014 σοφίας,

2175 4041 2273 4095 καὶ
2304 4041 2401 4095 τοῦ
2446 4041 2507 4106 ἐξ
2544 4042 2716 4111 αὐτῆς
2743 4041 2894 4112 αὐτῷ
2928 4039 3284 4113 γεννηθέντος
3326 4039 3585 4110 ἐναρέτου
3618 4037 3759 4106 λογι-

2180 4130 2343 4204 σμοῦ,
2377 4133 2475 4186 καὶ
2502 4132 2710 4204 τρόπου
2744 4130 2967 4203 σεμνοῦ,
2999 4132 3086 4186 ὅτε
3116 4129 3398 4204 καταλύσῃ
3428 4127 3523 4182 καὶ
3542 4129 3643 4197 στῇ
3666 4122 3756 4179 τοῦ

2175 4225 2380 4296 δρόμου
2433 4224 2534 4294 τῆς
2561 4225 2817 4296 ίάρετῆς,
2857 4220 2929 4297 ἦς
2972 4225 3006 4295 ή
3059 4223 3251 4286 στάσις
3299 4221 3517 4292 κίνησις
3566 4218 3766 4279 κακίας

2179 4318 2348 4382 ἐστὶν,
2384 4317 2711 4389 ἀσχοληθεὶς
2743 4317 2870 4385 περί
2917 4335 2968 4370 τι
3019 4315 3128 4370 τῶν
3162 4312 3505 4385 ἑκατέρωθεν
3542 4314 3609 4382 τῇ
3660 4308 3769 4380 ὀδῷ

2177 4409 2351 4482 ταύτῃ
2380 4396 2807 4481 παρακειμένων
2839 4407 3043 4462 ὑλικῶν
3063 4423 3077 4437 '
3123 4405 3430 4477 τηνικαῦτα
3462 4405 3557 4458 τοῦ
3590 4403 3770 4473 δηλω-

489 4502 631 4561 hens
669 4501 1002 4570 pmpntium
1039 4508 1097 4554 et
1123 4498 1409 4568 profanus,
1444 4497 1595 4553 videt
1632 4504 1890 4569 tanquam
1917 4510 2071 4569 ange-

2182 4499 2367 4563 θέντος
2408 4500 2524 4554 υἱοῦ
2563 4499 2731 4554 αὐτοῦ
2765 4498 3054 4571 γινομένου
3094 4497 3440 4568 ἀκροϐύστου
3472 4496 3567 4549 καὶ
3597 4492 3769 4564 βεϐή-

489 4596 608 4655 tum
645 4591 883 4662 rigidum
910 4598 967 4645 et
990 4602 1272 4652 severum,
1310 4596 1629 4658 arguentem
1653 4588 1923 4642 rationem
1948 4603 2071 4643 con-

2184 4592 2301 4659 λου,
2341 4558 2444 4664 δρᾷ
2490 4592 2748 4664 καθάπερ
2777 4558 3018 4662 ’ἄγγελον
3049 4558 3327 4662 ἀπότομον
3353 4589 3446 4642 τὸν
3475 4558 3773 4656 ἐλέγχοντα

492 4684 761 4749 scientiae,
788 4690 1027 4737 mortem
1082 4677 1455 4734 minitantem.
1490 4680 1665 4746 Quem
1695 4680 1935 4750 placavit
1961 4694 2085 4748 quae

492 4793 623 4838 cum
647 4791 714 4831 eo
744 4775 961 4829 habitat
1006 4770 1299 4840 sapientia,
1348 4772 1690 4828 materialem
1736 4772 2082 4843 phantasiam

494 4871 742 4927 innatam
767 4867 903 4930 ﬁlio,
931 4877 1131 4932 nempe
1162 4863 1386 4931 rationi,
1422 4864 1849 4929 circumcidens,
1880 4872 1940 4919 et
1964 4871 2084 4919 tan-

490 4977 658 5033 quam
710 4960 921 5016 ﬁuxnm
950 4955 1234 5027 sanguinis
1266 4958 1556 5014 exsiccans
1588 4964 1801 5011 motum
1826 4956 1954 5012 vitae
1988 4971 2087 5028 pa-

485 5054 691 5114 ‘libilis.

567 5148 746 5207 Moses
800 5145 1024 5219 quidem
1070 5147 1141 5203 ad
1190 5144 1561 5219 apostolatum
1608 5155 1706 5196 seu
1759 5140 2081 5199 missionem

496 5249 793 5315 provectus
831 5240 1191 5305 subveretur,
1225 5250 1284 5294 et
1322 5252 1435 5291 non
1477 5242 1627 5289 recta
1670 5235 1944 5306 pergit",
1985 5234 2081 5291 sed

496 5343 556 5390 et
576 5333 644 5389 de
668 5331 1109 5402 peregrinatione
1129 5328 1505 5388 communicat
1530 5340 1655 5380 cum
1677 5325 1747 5382 iis
1762 5327 1857 5397 qui
1878 5342 2085 5399 genere

499 5426 569 5483 ad
609 5439 737 5478 eum
779 5425 1126 5491 attinebant,
1174 5435 1231 5478 et
1274 5422 1437 5477 simul
1486 5420 1719 5475 assumit
1763 5434 1990 5476 uxorem
2029 5427 2087 5475 et

500 5516 667 5576 ﬁlios.
716 5516 899 5572 Aaron
941 5525 1125 5571 autem
1171 5515 1314 5569 nihil
1355 5529 1421 5568 ex
1464 5512 1533 5567 iis
1571 5511 1779 5567 faciens
1831 5512 2088 5582 protinus

502 5605 891 5681 proﬁciscitur.
917 5606 1055 5662 Nam
1088 5606 1185 5675 qui
1219 5616 1350 5661 sunt
1376 5604 1603 5676 quidem
1639 5603 1777 5674 legis
1812 5604 2083 5667 Mosaicae,

585 5791 822 5848 “Exod.
855 5808 945 5857 vn,
986 5791 1019 5847 9
1050 5806 1203 5859 seqq.
1281 5791 1325 5822 ’⁵
1351 5790 1523 5847 Exod.
1551 5804 1599 5841 Iv
1620 5828 1632 5850 ,
1664 5787 1751 5841 9.0.

2184 4685 2345 4754 λόγον
2392 4687 2494 4758 τῆς
2542 4686 2902 4756 συνειδήσεως
2932 4684 3261 4739 ἀπειλοῦντα
3301 4683 3548 4737 θάνατον.
3589 4681 3687 4732 Ὃν
3734 4679 3771 4749 ή

2188 4778 2437 4841 σύνοικος
2488 4777 2658 4830 αὐτοῦ
2707 4777 2953 4830 δυσωπεῖ
2991 4775 3192 4845 σοφία,
3244 4773 3343 4842 τὴν
3404 4768 3776 4840 ἐγγενομένην

2189 4869 2385 4941 ὑλικὴν
2416 4869 2719 4938 φαντασίαν
2761 4867 2841 4939 τῷ
2872 4868 3024 4922 παιδὶ
3073 4866 3322 4937 λογισμῷ
3358 4861 3737 4934 περιτεμοῦσα
3758 4900 3774 4924 ,

2189 4963 2285 5016 καὶ
2331 4960 2589 5031 καθάπερ
2643 4960 2877 5032 αἵματος
2906 4960 3062 5032 ῥύσιν
3105 4960 3206 5030 τὴν
3235 4957 3453 5020 κίνησιν
3490 4948 3780 5023 ἐμπαθοῦς

2189 5053 2334 5123 ζωῆς
2362 5050 2537 5124 ἀποξη
2548 5053 2777 5124 ράνασα.

2259 5143 2469 5213 Μωσῆς
2502 5143 2600 5215 μὲν
2644 5142 3051 5215 προχειρισθεὶς
3094 5143 3174 5206 είς
3206 5138 3511 5208 ἀποστολὴν
3556 5134 3781 5190 ὑποδει-

2190 5234 2281 5305 λιᾷ
2315 5235 2412 5289 καὶ
2448 5237 2548 5289 οὐκ
2599 5235 2944 5308 εὐθυδρομεί,
2975 5234 3116 5289 ἀλλὰ
3143 5232 3239 5287 καὶ
3286 5233 3401 5294 τοῖς
3441 5228 3585 5283 κατὰ
3617 5227 3788 5297 γένος

2194 5328 2535 5397 προσήκουσι
2565 5327 2959 5396 κοινολογεῖται
2993 5325 3124 5396 περὶ
3159 5325 3264 5395 τῆς
3291 5322 3464 5391 ἁποδη
3475 5321 3604 5391 μίας
3626 5360 3642 5385 ,
3682 5320 3789 5374 καὶ

2200 5418 2742 5491 συμπαραλαμϐάνει
2804 5420 2905 5491 τὴν
2970 5421 3207 5488 γυναῖκα
3271 5415 3368 5470 καὶ
3433 5414 3506 5467 τὰ
3567 5411 3788 5465 παιδία.

2208 5511 2421 5583 Ἀαρὼν
2466 5513 2525 5568 δὲ
2579 5513 2745 5584 μηδέν
2777 5530 2829 5567 τι
2865 5511 3108 5567 τοιοῦτον
3151 5508 3359 5581 δράσας
3395 5505 3561 5571 εὐθὺς
3609 5505 3789 5576 ὁρμᾷ.

2196 5606 2259 5658 Ol
2292 5606 2391 5675 μὲν
2434 5606 2545 5678 γὰρ
2569 5606 2664 5661 τοῦ
2691 5606 2988 5662 Μωσαῖκοῦ
3016 5606 3185 5676 νόμου
3210 5600 3375 5657 δειλοί
3406 5598 3469 5653 τέ
3498 5600 3606 5652 είσι
3644 5596 3793 5667 πρὸς
