4076 6438
371 318 510 375 H89

1751 315 2277 377 COLLECTANEA.

3509 323 3650 382 U90

370 436 719 509 πειρασμοῢς
743 434 836 491 καὶ
861 434 1210 500 όκλάζοντες,
1242 435 1336 489 καὶ
1360 434 1708 506 μεριζόμενοι
1738 434 1876 505 πρός
1898 452 1955 487 τε

2062 446 2193 493 sunt
2232 437 2411 494 timidi
2453 439 2519 495 ad
2564 439 2930 505 tentationes,
2971 448 3028 497 et
3068 440 3378 510 labascunt,
3412 448 3471 497 et
3509 442 3653 500 divi-

365 526 467 591 τὰς
501 527 653 589 Θείας
681 525 925 591 ἐντολὰς,
965 525 1061 581 καὶ
1088 527 1226 598 πρὸς
1250 525 1350 590 τὰς
1386 524 1708 598 σωματικὰς
1748 526 1843 579 καὶ
1874 542 1958 596 κοτ

241 633 255 649 ⁸
368 620 579 690 σμικάς
605 618 843 689 σχέσεις.
878 621 943 673 Οί
968 618 1025 673 δὲ
1051 618 1146 672 τοῦ
1175 618 1539 687 Εὐαγγελίου,
1570 617 1667 672 καὶ
1690 610 1769 671 ὧν
1789 616 1959 681 τύπος

362 707 393 758 ό
437 706 673 777 ’Δαρὼν,
697 707 961 778 τολμηροί
988 723 1049 760 τε
1076 706 1210 778 πρὸς
1235 704 1513 770 κινδύνους
1531 706 1625 760 καὶ
1661 705 1956 778 πρόθυμοι,

365 797 460 853 καὶ
499 799 850 871 μεριζόμενοι
889 798 1027 871 πρὸς
1069 799 1203 855 Θεὸν
1252 800 1348 854 καὶ
1382 800 1624 871 κόσμον,
1677 798 1856 870 μόνων
1902 797 1959 851 δὲ

363 890 474 949 τῶν
501 890 663 944 θείων
695 890 923 944 ἐντολῶν
955 891 1289 962 ἐξεχόμενοι.
1318 891 1597 962 Σεπφώρα
1633 892 1665 962 ἡ
1692 891 1959 945 Μαδιανί-

363 1001 449 1047 τις
474 984 646 1047 τύπος
690 978 761 1055 ἦν
799 983 900 1055 τῆς
939 984 1000 1048 ἐξ
1056 985 1229 1039 ἐθνῶν
1275 983 1603 1055 Ἐκκλησίας
1626 1022 1642 1049 ,
1677 983 1804 1054 ἥτις
1858 985 1960 1036 ὑπο

367 1074 602 1146 αχθείσα
638 1078 755 1139 τοῖς
793 1078 1243 1146 σπερματισμοϊς
1266 1074 1534 1139 Μωσέως,
1560 1074 1682 1145 ἦτοι
1712 1076 1833 1137 ταῖς
1862 1073 1957 1128 τοῦ

365 1165 665 1221 Μωσαῖκοῦ
700 1167 869 1237 νόμου
910 1168 1041 1238 περὶ
1079 1169 1177 1238 τῆς
1214 1168 1376 1236 ἁγίοις
1412 1166 1645 1239 Τριάδος
1687 1167 1959 1239 ἀμυδραῖς

367 1257 669 1327 θεολογίαις
704 1257 800 1312 τοῦ
837 1258 1319 1328 πα¹ιδαγωγοῦντος
1342 1260 1436 1313 ἐπὶ
1456 1259 1518 1312 τὸ
1553 1259 1695 1314 κατά
1722 1259 1959 1331 Χριστὸν

366 1349 723 1417 Εὑαγγέλιον,
758 1350 875 1404 υίὸν
909 1350 1035 1422 ἔσχε
1073 1350 1135 1405 τὸ
1176 1351 1384 1423 πλῆθος
1408 1350 1519 1404 τῶν
1547 1351 1636 1406 διὰ
1658 1350 1754 1406 τοῦ
1798 1351 1957 1421 ἁγίου

368 1440 689 1510 Πνεύματος
730 1442 1198 1513 ἀναγεννωμὲνων
1224 1445 1362 1514 αὐτῇ
1388 1460 1402 1473 ·
1433 1442 1493 1496 δν
1542 1444 1636 1497 καὶ
1661 1443 1956 1514 περιέτεμε

368 1530 599 1603 πετρίνῃ
632 1531 903 1602 μαχαίρᾳ,
946 1532 1276 1605 περιελοῦσα
1300 1534 1486 1587 πᾶσαν
1512 1534 1827 1605 φιληδονίαν
1861 1534 1959 1588 καὶ

369 1622 644 1693 ἁμαρτίαν
677 1622 842 1676 αὑτοῦ
875 1622 955 1694 τῷ
993 1624 1135 1678 κατά
1164 1625 1401 1695 Χριστὸν
1433 1624 1599 1695 λόγῳ,
1629 1625 1691 1688 ὃς
1731 1624 1956 1693 λέγεται

366 1716 543 1787 πέτρα
572 1716 671 1786 μὲν
705 1715 793 1770 διά
820 1716 881 1770 τὸ
906 1716 1157 1788 στερρὸν,
1201 1717 1449 1789 μάχαιρα
1482 1717 1541 1771 δὲ
1563 1758 1579 1785 ,
1612 1717 1704 1771 διὰ
1734 1718 1795 1771 τὸ
1818 1718 1956 1771 διαι-

367 1782 486 1879 ρεῖν
507 1782 584 1860 τὸ-
600 1810 850 1879 κρεῖττον
880 1808 989 1862 ἀπὸ
1004 1782 1109 1861 ’τοῦ
1148 1782 1414 1881 χείρονος.
1450 1782 1622 1880 Ἔστη
1658 1809 1716 1863 δὲ
1741 1851 1754 1875 ,
1796 1810 1955 1881 φησι,
1986 1782 2033 1842 Β

363 1897 427 1951 τὸ
454 1891 593 1970 αἷμα
623 1900 723 1970 τῆς
757 1899 1085 1971 περιτομῆς,
1124 1901 1247 1955 ἀντὶ
1268 1901 1385 1966 τοῦ,
1423 1901 1788 1972 πεπλήρωται
1815 1902 1963 1955 ἐντε-

364 1989 472 2056 λῶς
504 1993 538 2062 ἡ
567 1992 870 2063 δηλωθεῖσα
897 1992 1245 2064 πνευματικὴ
1271 1994 1567 2064 περιτομή.
1601 1993 1695 2047 Διὸ
1721 1994 1817 2047 καὶ
1865 1994 1960 2047 ἀν-

366 2082 646 2154 εχώρησεν
692 2085 721 2136 ὁ
757 2082 850 2137 τὸν
872 2083 1104 2138 θάνατον
1137 2084 1629 2154 ἐπανατεινόμενος
1659 2082 1738 2155 τῷ
1768 2085 1960 2139 Μωσεί

365 2174 615 2242 ἄγγελος.
682 2173 774 2239 Ὠς
811 2169 955 2226 εἶναι
1000 2174 1163 2245 δῆλον
1185 2217 1199 2241 ,
1256 2175 1340 2237 ὅτι
1392 2175 1642 2230 κινδύνου
1694 2174 1954 2239 πολλάκις

367 2265 690 2328 διδάσκαλος
711 2265 1120 2337 ἐλευθεροῦται,
1149 2267 1427 2338 καθαίρων
1453 2267 1545 2321 τὸν
1568 2267 1838 2339 μαθητὴν,
1862 2267 1957 2321 καὶ

368 2359 468 2429 τῆς
506 2358 777 2429 ὡφελείας
814 2358 1010 2412 τούτου
1048 2361 1328 2432 σωτηρίαν
1361 2361 1500 2415 ίδίαν
1534 2359 1845 2432 κομίζεται.

439 2556 655 2627 Ὥσπερ
694 2558 724 2610 ὁ
771 2556 971 2628 Φαραὼ
1014 2557 1215 2628 ἀπῄτει
1263 2558 1362 2629 μὲν
1407 2559 1802 2632 ἀπαραιτήτως
1828 2562 1956 2626 τοὺς

378 2644 669 2717 Ἐϐραίους
695 2645 794 2718 τὴν
822 2647 1126 2712 πλινθείαν,
1157 2648 1258 2702 οὐκ
1284 2649 1453 2702 ἐδίδου
1485 2651 1541 2703 δὲ
1573 2650 1752 2721 ἄχυρα
1779 2651 1849 2704 δι’
1879 2645 1955 2707 ὧν

366 2736 508 2809 αὐτὴ
552 2737 796 2806 γίνεται·
847 2738 992 2792 οὕτω
1049 2741 1146 2793 καὶ
1192 2742 1220 2793 ὁ
1268 2740 1519 2803 διάϐολος
1572 2743 1799 2796 ἀπαιτεῖ
1853 2743 1954 2815 μὲν

364 2825 786 2896 ἀναγκαστικῶς
815 2829 942 2892 τοὺς
963 2829 1110 2901 αύτῷ
1132 2830 1482 2892 δουλεύοντας
1514 2833 1834 2904 ἀνθρώπους
1864 2837 1955 2889 τὸν

371 2920 669 2991 μολυσμὸν,
730 2923 824 2974 καὶ
874 2923 975 2994 τὴν
1031 2923 1399 2994 ἀκαθαρσίαν,
1461 2926 1701 2979 ἐκκαίων
1753 2928 1955 2991 αὐτοὺς

366 3010 575 3081 ἀγρίως
597 3013 677 3077 είς
709 3012 1002 3078 λυσσώδεις
1031 3014 1362 3085 ἐπιθυμίας·
1407 3015 1768 3088 δυσπόριστον
1798 3017 1857 3072 δὲ
1893 3017 1956 3072 τὸ

2062 533 2273 587 duntur
2306 534 2374 588 ad
2411 533 2600 589 divina
2634 535 2909 600 mandata,
2945 544 3001 591 et
3031 535 3101 590 ad
3134 536 3451 607 corporales
3490 552 3652 593 mun-

2055 625 2344 696 danasque
2380 627 2756 683 habitudines.
2786 627 2890 694 Qui
2945 637 3076 684 sunt
3123 636 3309 683 autem
3342 629 3650 701 Evangelii,

2058 723 2117 770 et
2137 731 2372 787 quorum
2414 726 2576 789 typus
2613 726 2699 773 est
2725 718 2931 784 Aaron,
2963 729 3092 774 sunt
3118 719 3182 773 ad
3216 720 3467 775 adeunda
3498 719 3652 791 peri-

2060 809 2187 863 cula
2220 809 2460 864 audaces
2495 819 2551 865 et
2590 811 2825 875 alacres,
2852 819 2909 864 et
2945 810 3267 866 dividuntur
3291 812 3358 867 ad
3385 812 3559 866 Deum
3592 821 3651 867 et

2060 902 2353 969 mundum,
2391 902 2595 956 divinis
2638 911 2821 956 autem
2856 902 2990 957 solis
3020 903 3303 958 adhzerent
3350 904 3644 959 mandatis.

2061 991 2310 1062 Sephora
2344 1002 2529 1048 autem
2576 992 2888 1048 Madianitis
2923 1002 3044 1048 erat
3080 1002 3239 1066 typus
3280 995 3540 1051 Ecclesia:
3578 1011 3649 1050 ex

2059 1085 2337 1154 gentibus,
2366 1101 2492 1155 quae
2530 1085 2695 1140 Mosis
2734 1086 2896 1157 jactis
2929 1086 3257 1153 seminibus,
3292 1103 3389 1142 seu
3411 1088 3650 1144 exilibus

2059 1176 2197 1247 legis
2226 1177 2475 1233 Mosaicae
2517 1178 2587 1233 de
2616 1187 2807 1233 sancta
2846 1179 3120 1235 Trinitate
3155 1179 3477 1250 theologicis
3514 1195 3649 1235 con-

2060 1269 2534 1340 templationibus,
2568 1270 2742 1326 instar
2766 1271 3044 1342 paedagogi
3072 1270 3327 1339 ducentis
3349 1272 3417 1349 ad
3440 1270 3651 1328 Christi

2058 1362 2440 1433 Evangelium,
2471 1362 2646 1418 ﬁlium
2677 1363 2873 1418 habuit
2895 1362 3311 1419 multitudinem
3340 1378 3534 1419 eorum
3552 1366 3650 1434 qui

2059 1452 2163 1525 ipsi
2180 1463 2579 1525 regenerantur
2594 1471 2693 1526 per
2709 1464 2958 1511 sanetum
2982 1455 3274 1525 Spiritum.
3290 1455 3463 1522 Quem
3481 1457 3651 1512 etiam

2059 1547 2410 1603 circumcidit
2451 1548 2638 1620 gladio
2670 1549 2923 1619 petrino,
2967 1565 3189 1605 omnem
3239 1549 3361 1621 ejus
3393 1550 3650 1606 auferens

2058 1639 2350 1694 libidinem
2393 1648 2451 1694 et
2479 1648 2769 1710 peccatum
2802 1640 2979 1694 verbo
3004 1639 3234 1706 Christi,
3273 1641 3422 1710 quod
3447 1641 3654 1697 dicitur

2060 1731 2286 1802 quidem
2326 1738 2760 1802 petra-propter
2800 1732 3065 1787 duritiem
3108 1751 3122 1787 :
3165 1733 3383 1803 gladius
3439 1741 3648 1799 autem,

2061 1833 2355 1895 propterea
2390 1824 2538 1895 quod
2573 1824 2785 1879 dividat
2832 1825 3035 1881 melius
3083 1841 3114 1880 a
3154 1824 3441 1880 deteriori.
3486 1825 3652 1881 Stetit

2062 1926 2269 1983 autem,
2308 1917 2508 1988 inquit,
2544 1919 2770 1990 sanguis
2802 1918 3261 1983 circumeisionis,
3288 1934 3392 1989 pro
3415 1933 3481 1974 eo
3500 1918 3649 1988 quod

2058 2019 2143 2068 est
2178 2030 2191 2066 :
2227 2012 2471 2082 perfecte
2500 2019 2585 2066 est
2624 2009 2898 2080 completa
2939 2026 3063 2080 qum
3101 2019 3323 2067 ostensa
3352 2009 3456 2065 fuit
3480 2010 3647 2081 spiri-

2058 2104 2225 2160 tualis
2246 2104 2613 2159 circumcisio.
2648 2103 3019 2170 Quamobrem
3047 2102 3279 2157 recessit
3308 2102 3354 2157 is
3374 2102 3470 2173 qui
3495 2117 3647 2156 mor-

2059 2204 2169 2251 tem
2197 2195 2503 2250 intentabat
2531 2194 2665 2249 Mosi
2688 2194 2934 2264 angelus.
2956 2192 3076 2260 Quo
3103 2192 3162 2247 ﬁt
3185 2201 3247 2248 ut
3274 2193 3406 2248 hinc
3422 2192 3496 2248 sit
3525 2208 3649 2263 per-

2058 2285 2332 2357 spicuum,
2373 2286 2523 2356 quod
2559 2301 2589 2340 a
2622 2284 2872 2355 periculo
2907 2299 3051 2354 saepe
3091 2284 3361 2339 liberatur
3385 2284 3647 2355 magister

2056 2377 2151 2447 qui
2178 2384 2376 2447 purgat
2408 2376 2768 2447 discipulum,
2803 2386 2859 2432 et
2885 2390 2987 2447 pro
3020 2375 3073 2430 ei
3103 2375 3231 2431 data
3258 2376 3499 2431 utilitate
3522 2390 3650 2446 pro-

2055 2470 2232 2540 priam
2262 2468 2462 2539 recipit
2493 2469 2746 2524 salutem.

2127 2561 2414 2629 Quomodo
2454 2561 2670 2616 Pharao
2711 2559 2782 2614 ab
2827 2558 3076 2615 llebraais
3128 2558 3353 2630 quidem
3394 2558 3649 2630 exigebat

2056 2653 2474 2709 inexorabiliter
2496 2655 2738 2709 laterum
2764 2653 3191 2718 confectionem,
3220 2669 3333 2707 non
3354 2652 3520 2707 dabat
3545 2668 3645 2707 au-

2057 2754 2167 2801 tem
2194 2746 2381 2814 paleas
2403 2759 2503 2813 per
2527 2759 2664 2813 quas
2700 2743 2838 2797 ﬁunt
2860 2743 2907 2775 ²⁶
2935 2761 2947 2797 :
2979 2744 3055 2797 ita
3084 2743 3252 2798 etiam
3280 2742 3537 2798 diabolus
3576 2742 3647 2798 ab

2057 2836 2127 2892 iis
2156 2837 2252 2906 qui
2286 2835 2390 2905 ipsi
2419 2834 2669 2890 serviunt
2693 2834 3011 2889 necessario
3048 2833 3218 2903 exigit
3260 2832 3649 2903 inquinamen-

2058 2938 2177 2982 tum
2210 2935 2267 2981 et
2307 2926 2736 2989 immunditiam,
2780 2940 2877 2989 eos
2924 2924 3186 2980 ferociter
3237 2923 3539 2979 incendens
3581 2923 3650 2977 ad

2058 3019 2251 3074 rabida
2276 3017 2573 3074 desideria.
2617 3017 2821 3072 Reddit
2847 3024 3032 3072 autem
3073 3032 3190 3072 rem
3216 3023 3411 3087 paratu
3443 3013 3644 3070 difﬁci-

367 3105 602 3174 πρᾶγμα
628 3104 862 3175 τίθησιν,
901 3106 987 3158 ἵνα
1012 3106 1087 3178 μὴ
1115 3105 1195 3177 τῷ
1224 3107 1395 3179 ῥᾳδίῳ
1423 3108 1637 3178 ταχέως
1673 3110 1755 3173 εἰς
1793 3109 1954 3181 κόρον

2058 3111 2188 3175 lem,
2220 3126 2289 3166 ne
2328 3108 2734 3165 facilitatecito
2762 3107 2953 3163 veniat
2980 3107 3038 3163 in
3079 3109 3389 3161 satietatem
3418 3113 3475 3161 et
3510 3119 3647 3160 con-

370 3195 442 3249 τοι
476 3198 569 3250 καί⁸
592 3215 775 3268 καταφ
785 3200 910 3271 ρόνη
920 3216 1025 3255 σιν.

440 3283 574 3342 Εἷπε
624 3291 832 3362 Μωσῆς
880 3292 1019 3363 πρὸς
1057 3291 1277 3363 Φαραώ⁸
1327 3312 1346 3346 ι
1398 3294 1788 3367 Πορευσόμεθα
1832 3296 1951 3350 ὁδὸν

365 3381 534 3454 τριῶν
565 3383 811 3455 ἡμερῶν,
848 3386 927 3448 εἰς
966 3384 1065 3457 τὴν
1103 3385 1336 3457 ἔρημον,
1363 3387 1510 3453 ὅπως
1548 3388 1799 3460 θύσωμεν
1834 3388 1950 3442 Κυ-

369 3473 467 3544 ρίῳ
496 3473 574 3545 τῷ
594 3474 715 3547 Θεῷ
749 3476 935 3545 ἡμῶνο
972 3477 1184 3547 μήποτε
1214 3478 1519 3549 συναντήσῃ
1555 3480 1687 3550 ἡμῖν
1720 3480 1948 3543 θάνατος

362 3565 397 3638 ἢ
434 3567 616 3635 φόνος.
662 3586 678 3617 ι
727 3565 948 3637 Ἐπειδὴ
982 3567 1089 3637 γάρ
1113 3565 1407 3634 Αἰγύπτιοι
1441 3569 1501 3620 ὲν
1548 3566 1628 3638 τῷ
1667 3566 1817 3620 θύειν
1845 3568 1951 3621 ἀπ-

362 3658 753 3730 ετροπιάζοντο
782 3659 907 3723 τοὺς
933 3657 1181 3730 νεκρούς·
1216 3657 1487 3730 πρόφασιν
1516 3659 1544 3711 ὁ
1572 3660 1777 3730 Μωσῆς
1793 3659 1951 3713 τοῦτο

362 3752 599 3803 ποιεῖται
644 3750 745 3819 τῆς
794 3751 874 3813 εἰς
930 3750 1150 3821 μακρὰν
1202 3751 1634 3821 ἀποχωρήσεως.
1682 3752 1947 3823 Μήποτε,

364 3843 520 3913 φησι,
563 3843 659 3895 καὶ
698 3842 806 3895 τῶν
837 3842 1153 3911 ἀλλοφύλων
1182 3843 1401 3906 θύοντες
1448 3842 1834 3915 περιτύχωμεν
1864 3862 1950 3898 νε-

364 3933 515 4005 κρῷ,
554 3934 649 3987 καὶ
685 3934 1083 4005 καταλύσωμεν
1122 3933 1221 4006 τὴν
1279 3934 1489 3988 θυσίαν.
1540 3936 1785 3990 Θάνατον
1848 3936 1949 4007 μὲν

359 4024 560 4094 λέγων,
606 4025 700 4078 τὸν
749 4024 999 4095 φυσικῶς
1037 4024 1380 4080 ἀποθανόντα
1404 4042 1417 4055 ·
1471 4026 1630 4094 φόνον
1662 4025 1719 4079 δὲ
1753 4029 1844 4080 τὸν
1891 4025 1952 4094 ἐξ

362 4118 659 4188 ἐπιϐουλῆς
688 4117 1040 4188 φονευθέντα.
1067 4119 1187 4189 Χρὴ
1223 4117 1279 4175 δὲ
1305 4117 1401 4172 καὶ
1434 4119 1582 4191 ἡμᾶς
1611 4120 1951 4192 πορρωτάτω

334 4211 465 4279 ,τῆς
496 4209 772 4282 ἁμαρτίας
798 4209 1152 4280 γινομένους,
1183 4209 1332 4263 θύειν
1353 4209 1491 4281 Θεῷ,
1521 4211 1616 4263 καὶ
1645 4212 1951 4283 ἀποτρεπο-

365 4301 563 4373 μένους
600 4303 668 4356 τά
698 4302 1009 4373 νεκρωτικά
1042 4302 1138 4356 καὶ
1169 4302 1461 4372 φονευτικά
1492 4303 1641 4374 πάθη
1667 4303 1775 4357 τῶν
1816 4307 1952 4376 ἠμε-

357 4392 540 4464 τέρων
566 4392 777 4464 ψυχῶν.

2062 3211 2354 3258 temntum.

2128 3219 2171 3257 m
2219 3219 2354 3257 tum.

2128 3219 2276 3349 Dixit
2302 3293 2516 3364 Moyses
2538 3288 2815 3347 Pharaoni
2844 3306 2857 3342 :
2892 3307 2911 3340 ‹
2938 3287 3149 3344 Ibimus
3178 3286 3284 3342 iter
3311 3286 3481 3341 trium
3522 3284 3647 3340 die~

2060 3403 2182 3442 rum
2232 3386 2290 3440 in
2335 3383 2712 3449 solitudinem,
2752 3390 2816 3436 ut
2857 3380 3235 3436 sacriﬁcemus
3268 3377 3502 3433 Domino
3532 3377 3650 3433 Deo

2058 3490 2281 3536 nostro:
2313 3493 2383 3532 ne
2412 3477 2556 3532 forte
2575 3481 2833 3531 occurrat
2851 3473 3014 3528 nobis
3041 3487 3191 3526 mors
3210 3477 3306 3525 aut
3332 3469 3594 3525 caedes".
3620 3487 3639 3521 ι

2057 3573 2193 3629 Nam
2226 3570 2484 3641 quoniam
2510 3566 2749 3639 [Egyptii
2774 3567 2829 3621 in
2863 3562 3226 3621 sacriﬁcando
3246 3560 3648 3618 aversabantur

2059 3673 2329 3729 mortuos,
2367 3662 2547 3718 Moses
2582 3662 2733 3715 hunc
2771 3658 2933 3714 affert
2959 3663 3287 3727 praetextum
3331 3670 3432 3710 cur
3455 3652 3647 3724 procul

2059 3754 2302 3810 recedat.
2331 3752 2410 3807 Ne
2438 3751 2602 3819 forte,
2626 3749 2827 3819 inquit,
2856 3745 3236 3803 sacriﬁcantes
3258 3744 3569 3799 incidamus
3590 3742 3648 3797 in

2059 3846 2284 3917 aliquod
2322 3861 2524 3915 corpus
2553 3850 2836 3899 mortuum
2865 3840 3323 3911 alienigenarum,
3350 3842 3407 3901 et
3446 3834 3647 3890 dissol~

2058 3954 2252 3995 vamus
2277 3937 2629 3993 sacriﬁcium.
2655 3935 2887 3990 Mortem
2920 3933 3114 3989 dicens
3142 3931 3263 4003 ejus
3292 3928 3389 3999 qui
3409 3927 3648 3983 moritur

2058 4032 2420 4097 naturaliter;
2454 4029 2658 4085 eaedem
2681 4036 2866 4083 autem
2905 4027 3028 4098 ejus
3055 4026 3151 4096 qui
3175 4022 3430 4080 consulto
3463 4027 3562 4075 aut
3579 4034 3647 4075 ex

2059 4125 2279 4181 insidiis
2307 4132 2393 4179 est
2414 4123 2650 4179 occisus.
2684 4122 2916 4193 Oportet
2944 4127 3129 4173 autem
3152 4132 3258 4185 nos
3279 4128 3500 4185 quoque
3532 4112 3647 4167 Deo

2060 4216 2372 4273 sacriﬁcare
2408 4215 2729 4286 longissime
2770 4218 3013 4267 remotos
3051 4225 3082 4265 a
3119 4214 3369 4279 peccato,
3399 4221 3464 4263 ac
3490 4218 3644 4259 aver-

2059 4316 2245 4362 santes
2288 4307 2513 4361 morbos
2553 4306 2867 4361 animarum
2908 4309 3227 4358 nostrarum
3272 4297 3370 4369 qui
3411 4304 3647 4352 mortem

2059 4408 2116 4456 et
2139 4398 2343 4455 caedem
2373 4398 2633 4453 afferunt.

432 4486 544 4541 Καὶ
595 4482 716 4540 εἶπε
761 4486 968 4558 Μωσῆς
1020 4486 1157 4559 πρὸς
1202 4486 1438 4558 Φαραώο
1499 4506 1517 4539 ι
1564 4487 1954 4560 Πορευσόμεθα

2131 4491 2201 4546 Et
2238 4490 2379 4545 dixit
2422 4490 2635 4560 Moyses
2679 4488 2749 4543 ad
2797 4487 3141 4543 Pharaonem
3175 4502 3187 4537 :
3222 4502 3240 4535 ι
3266 4480 3479 4537 Ibimus
3519 4494 3647 4535 cum

363 4580 463 4633 σὺν
495 4582 606 4642 τοῖς
647 4579 954 4643 νεανίσκοις
998 4579 1191 4650 ἡμῶν,
1231 4579 1471 4645 καὶτοῖς
1515 4580 1947 4653 πρεσϐυτέροις,

364 4671 463 4724 σὺν
496 4673 610 4734 τοῖς
648 4673 783 4734 υἱοῖς
811 4670 972 4742 ἡμῶν
1008 4671 1101 4724 καὶ
1150 4670 1486 4742 θυγατράσι,
1525 4673 1622 4726 καὶ
1657 4673 1952 4744 προϐάτοις

360 4763 455 4814 καὶ
505 4760 692 4833 βουσὶν
740 4760 935 4833 ἡμῶνο
983 4761 1098 4814 ἔστι
1156 4762 1265 4834 γὰρ
1291 4761 1452 4834 ἑορτὴ
1495 4763 1684 4836 Κυρίῳ
1717 4763 1795 4835 τῷ
1832 4765 1952 4838 Θεῷ

356 4849 539 4920 ἡμῶν.
604 4870 623 4902 ι
660 4850 783 4923 Χρὴ
821 4853 949 4914 τοὺς
996 4852 1096 4922 τῆς
1132 4850 1241 4905 τῶν
1284 4852 1558 4924 δαιμόνων
1608 4856 1702 4909 καὶ
1760 4855 1952 4910 παθῶν

360 4938 673 5012 ἐλευθερίας
696 4939 1120 5011 ἐπιθυμοῦντας,
1152 4939 1352 5012 φεύγεν
1377 4943 1673 5015 πειρᾶσθαι
1703 4945 1946 5011 τελείως,

369 5030 537 5103 μηδέν
562 5049 614 5084 τι
646 5032 898 5103 λείψανον
934 5032 1037 5104 τῆς
1082 5032 1291 5088 ἑαυτῶν
1342 5034 1520 5106 ψυχῆς
1567 5037 1662 5090 καὶ
1714 5038 1953 5105 διανοίας

362 5121 604 5189 ἀφέντας
642 5122 849 5189 ὀπίσω,
880 5124 946 5178 δι’
983 5118 1043 5178 οὗ
1078 5126 1320 5198 μέλλοιεν
1361 5127 1723 5200 ὑπενεχθῆναι
1765 5131 1949 5198 πάλιν,

360 5214 461 5267 καλ⁵
493 5214 696 5269 ἁλῶναι
730 5217 844 5279 τοῖς
874 5221 1161 5291 προτέροις
1187 5221 1398 5282 κακοῖς.
1438 5215 1563 5272 Εἶεν
1593 5220 1637 5273 δ’
1661 5219 1728 5274 ἂν
1751 5222 1802 5273 οἱ
1828 5239 1952 5277 νεα·-

358 5304 538 5358 νίσκοι
564 5304 663 5375 μὲν
710 5307 789 5370 είς
819 5306 990 5360 τύπον
1015 5308 1286 5378 ἀνδρείας,
1316 5310 1366 5363 oi
1397 5309 1761 5384 πρεσϐύτεροι
1782 5312 1836 5366 δὲ
1871 5315 1951 5378 είς

359 5391 630 5463 σύμϐολον
663 5397 1000 5468 φρονήσεως,
1055 5399 1104 5451 oi
1156 5397 1212 5451 δὲ
1253 5400 1358 5454 uici.
1398 5401 1492 5453 καὶ
1531 5401 1831 5474 θυγατέρες
1866 5406 1945 5469 εἰς

357 5484 549 5541 εἰκόνα
597 5487 695 5559 τῆς
743 5488 801 5542 ὲν
836 5488 1058 5561 Χριστῷ
1102 5491 1432 5564 νηπιότητος
1479 5494 1575 5548 καὶ
1614 5495 1943 5567 ἁπλότητος.

356 5576 464 5630 Σὺν
496 5578 722 5652 ἀνδρείᾳ
755 5579 866 5651 γὰρ
896 5582 991 5636 καὶ
1020 5583 1279 5654 φρονήσει
1311 5584 1407 5638 καὶ
1444 5583 1586 5640 κατά
1615 5586 1747 5643 Θεὸν
1777 5589 1946 5645 ἁπλό-

429 5752 475 5784 “
499 5753 671 5810 Etod.
703 5774 756 5823 γ,
787 5757 837 5811 7.
925 5759 967 5790 ’⁷
989 5759 1128 5816 Ibid.
1154 5760 1205 5814 5.
1283 5761 1328 5790 ’⁸
1354 5761 1525 5817 Exod.
1554 5779 1606 5829 Χ,
1633 5764 1685 5819 9.

2053 4584 2504 4641 adolescentibus
2525 4581 2735 4637 nostris
2758 4589 2816 4636 et
2852 4579 3100 4644 senibus,
3130 4592 3259 4632 cum
3289 4574 3419 4630 ﬁliis
3440 4573 3649 4629 nostris

2051 4687 2110 4736 et
2152 4677 2393 4743 ﬁliabus,
2439 4684 2497 4731 et
2525 4674 2746 4739 ovibus,
2784 4682 2842 4729 et
2874 4672 3055 4728 bobus
3084 4667 3292 4724 nostris
3322 4684 3336 4721 :
3369 4673 3457 4722 est
3498 4664 3648 4721 enim

2054 4773 2259 4829 festum
2285 4769 2519 4826 Domino
2548 4769 2663 4824 Deo
2688 4776 2884 4824 nostro
2906 4765 2972 4819 ’⁸.
3019 4783 3037 4816 ι
3066 4761 3297 4833 Oportet
3317 4775 3414 4816 eos
3435 4759 3532 4830 qui
3553 4758 3650 4813 de-

2054 4864 2301 4920 siderant
2349 4859 2579 4918 liberari
2624 4876 2659 4916 a
2708 4857 3055 4915 daemonibus
3096 4853 3358 4924 vitiisque
3388 4859 3444 4906 et
3476 4849 3647 4906 animi

2054 4953 2605 5027 perturbationibus,
2664 4959 2879 5008 tentare
2924 4947 3168 5020 perfecte
3209 4944 3431 5014 fugere,
3479 4940 3649 4999 nullis

2054 5046 2230 5103 animi
2260 5054 2357 5101 aut
2389 5045 2743 5118 cogitationis
2781 5058 2895 5100 sua:
2932 5050 3084 5097 retro
3122 5035 3331 5092 relictis
3371 5030 3642 5101 reliquiis,

2053 5154 2155 5211 per
2177 5153 2316 5209 quas
2348 5138 2559 5195 reversi
2590 5153 2623 5192 a
2656 5135 2936 5208 prioribus
2964 5129 3124 5186 malis
3146 5134 3334 5182 essent
3366 5122 3641 5193 capiendi.

2054 5231 2196 5288 Sunt
2228 5240 2415 5287 autem
2438 5230 2821 5287 adolescentes
2857 5223 3085 5296 quidem
3113 5220 3171 5276 in
3203 5227 3393 5291 typum
3418 5216 3644 5273 fortitu-

2053 5320 2201 5376 dinis
2224 5336 2321 5376 seu
2340 5320 2521 5392 magni
2540 5317 2984 5383 animivirtutis;
3010 5328 3172 5372 senes
3187 5327 3322 5368 vero
3344 5311 3401 5366 in
3425 5309 3645 5380 signum

2050 5412 2385 5484 prudentiae,
2416 5412 2521 5468 ﬁlii
2578 5420 2762 5469 autem
2788 5416 2846 5465 et
2884 5407 3010 5465 ﬁlia:
3036 5406 3107 5463 ad
3144 5404 3443 5477 imaginem
3469 5400 3654 5456 infan-

2057 5502 2147 5558 tia:
2179 5512 2239 5559 et
2263 5503 2636 5575 simplicitatis
2658 5502 2714 5556 in
2735 5500 2977 5557 Christo.
3002 5499 3140 5554 Nam
3163 5513 3292 5554 cum
3318 5491 3645 5552 fortitudine

2054 5605 2112 5651 et
2138 5596 2439 5667 prudentia
2477 5604 2534 5652 et
2566 5593 2874 5653 secundum
2905 5593 3080 5650 Deum
3117 5588 3470 5661 simplicitate
3494 5597 3647 5639 roce-
