4076 6438
449 323 582 382 Ηθί

1648 317 1705 375 S.
1742 315 2020 375 CYRILLI
2059 315 2147 372 ET
2185 314 2495 372 ALIORUM

3563 317 3706 375 M92

447 437 693 494 dendum
720 444 804 492 est
829 451 862 493 a
880 440 1107 507 peccato
1130 432 1200 490 ad
1222 433 1736 490 sanetilicationem.
1765 455 1782 486 ι
1811 435 2022 500 Estote,

2136 449 2248 502 ιητι
2268 427 2664 500 ἀποφοιτητέον
2693 425 2755 492 ἐξ
2779 425 3053 500 ἁμαρτίας
3077 425 3159 491 εἰς
3185 426 3476 499 ἁγιασμόν.
3511 449 3530 481 ι
3581 431 3703 485 Ἀν-

447 528 660 598 inquit,
698 526 869 582 fortes
908 534 966 582 et
995 525 1355 582 confirmetur
1392 541 1488 582 cor
1527 536 1772 582 vestrum
1794 529 1872 592 '9;
1915 547 1932 579 ι
1973 538 2031 582 et

455 639 475 672 ι
512 621 700 675 Estote
726 619 1029 690 prudentes
1047 619 1195 673 sicut
1219 627 1525 688 serpentes,
1561 626 1618 673 et
1641 619 1925 689 simplices
1948 617 2027 671 si-

447 721 544 767 cut
568 711 840 767 columba:
860 711 924 764 ³⁸.
965 730 984 764 ›
1009 710 1164 766 .Oves
1197 719 1384 766 autem
1412 719 1469 766 et
1512 711 1684 766 boves
1709 719 1837 765 sunt
1871 719 2030 780 typus

447 805 820 874 corporalium
854 812 1105 858 motuum
1130 811 1186 856 et
1213 817 1248 856 a
1273 802 1483 856 ratione
1515 801 1896 864 remotiorum,
1933 798 2028 869 qui

450 910 553 949 nec
573 892 678 965 ipsi
700 893 924 964 quidem
943 901 1072 948 sunt
1095 891 1408 947 dimittendi
1432 891 1667 948 diabolo.
1689 892 1796 948 Sed
1817 892 2029 946 Pharao

447 986 673 1055 quidem
713 985 866 1039 viros
904 984 1073 1038 etiam
1122 983 1331 1038 invitus
1376 983 1633 1049 dimittit,
1674 983 2028 1038 mulierculas

447 1084 634 1131 autem
668 1083 725 1130 et
750 1090 952 1145 pueros
983 1073 1318 1144 impuberes,
1344 1085 1400 1127 et
1427 1072 1732 1129 imbecillos
1768 1088 1947 1138 senes,
1973 1081 2030 1127 et

450 1167 614 1222 bruta
629 1165 931 1220 animantia
949 1174 1184 1220 conatur
1202 1165 1460 1220 retinere.
1480 1165 1615 1219 Nam
1633 1165 1790 1219 timet
1804 1164 2028 1234 quidem

453 1260 660 1314 virtute
699 1258 891 1320 fortes,
918 1265 980 1312 ut
1003 1258 1098 1327 qui
1126 1257 1342 1326 possint
1378 1257 1656 1312 resistere.
1689 1255 1806 1312 Sibi
1841 1265 2028 1312 autem

452 1351 696 1405 vindicat
732 1351 946 1404 animos
995 1349 1342 1404 effeminatos
1374 1358 1430 1403 ct
1458 1349 1674 1414 molles,
1701 1356 1758 1403 et
1796 1349 2029 1418 spiritus

455 1441 704 1496 infirmos
755 1451 813 1496 et
874 1457 1069 1512 pugnae
1119 1456 1231 1494 non
1281 1449 1437 1510 aptos
1474 1456 1488 1494 :
1524 1450 1582 1497 et
1622 1441 1730 1496 sibi
1783 1439 2030 1496 vindicat

447 1541 725 1605 quotquot
771 1543 900 1588 sunt
952 1533 1312 1603 intelligentia
1350 1533 1606 1600 infantes,
1648 1540 1707 1590 et
1757 1531 2029 1604 quidquid

453 1634 539 1682 est
560 1641 804 1681 crassum
828 1635 884 1680 et
906 1640 1103 1696 expers
1139 1625 1390 1679 rationis.

453 1741 801 1833 υίεὶεμυτεηξ
822 1738 1328 1833 Μ9.υεξξ-ἒί¹ιειντξονιε
1354 1735 2027 1833 -',S_€‘f_i‘__‘".:!3?38."ef’f§
2061 1778 2102 1833 υ

525 1811 834 1911 holocausta
878 1807 932 1864 εἰ
959 1811 1156 1863 hostias
1191 1826 1324 1880 quas
1365 1810 1618 1879 faciemus
1660 1807 1883 1862 Domino
1917 1809 2028 1863 Deo

525 1888 704 1911 aunt-er

525 1888 704 1934 nostro
725 1888 789 1933 ³³.

522 1991 737 2060 Accipit
779 1990 977 2061 aliquis
999 2006 1068 2045 ex
1102 1989 1336 2062 Egypto
1369 1997 1424 2046 et
1443 1990 1751 2056 Pharaone,
1776 1999 1832 2046 et
1867 1991 2032 2048 offert

453 2081 586 2146 Deo,
629 2080 906 2150 accipiens
947 2079 1017 2134 ab
1042 2079 1210 2149 impia
1250 2080 1600 2150 philosophia
1632 2096 1696 2136 ac
1717 2082 2031 2138 eruditione

454 2171 622 2227 veluti
653 2171 861 2227 hostias
883 2172 1085 2241 lingua:
1114 2171 1430 2225 facundiam
1469 2179 1526 2227 et
1555 2171 1953 2241 eloquentiam,
1975 2181 2033 2229 et

449 2261 765 2317 admiscens
787 2260 1138 2332 dogmatibus
1170 2262 1411 2331 pietatis,
1445 2269 1502 2316 et
1534 2275 1633 2332 per
1655 2278 1721 2317 ea
1748 2279 1872 2334 qua:
1903 2273 2033 2320 sunt

453 2352 770 2418 artificiosa,
798 2353 992 2423 pietati
1025 2360 1082 2407 et
1115 2353 1304 2407 divino
1344 2352 1518 2407 cultui
1555 2367 1714 2422 opem
1738 2354 1945 2421 ferens,
1977 2363 2034 2410 et

454 2463 523 2502 ex
560 2446 728 2501 armis
772 2445 1047 2501 mendacii
1079 2443 1322 2500 efﬁciens
1346 2460 1498 2499 arma
1522 2447 1792 2502 veritatis.
1835 2447 1943 2503 Sed
1977 2455 2035 2502 et

452 2533 863 2606 contemplandi
893 2549 958 2589 ac
985 2532 1337 2588 examinandi
1366 2533 1708 2599 facultatem,
1747 2534 2032 2590 discendi-

455 2642 563 2698 que
607 2626 855 2681 studium
893 2633 949 2679 et
989 2623 1333 2694 diligentiam
1357 2663 1372 2688 ,
1415 2633 1472 2678 et
1512 2624 1558 2679 si
1597 2624 1896 2695 quidquam
1949 2635 2035 2683 est

455 2717 748 2790 ejusmodi,
773 2733 805 2772 a
829 2715 1007 2771 noxiis
1034 2715 1431 2770 transferentes
1457 2715 1526 2770 ad
1553 2716 1940 2784 conducibilia,
1967 2733 2036 2774 ex

457 2809 690 2882 Egypto
721 2817 778 2864 et
800 2808 1086 2864 Pharaone
1103 2807 1173 2863 ad
1192 2807 1366 2863 Deum
1390 2806 1754 2864 traducimus.

459 2987 641 3060 Neque
666 3004 751 3043 eos
783 2986 998 3041 deduxit
1031 2985 1170 3041 Deus
1201 3004 1294 3059 per
1315 2987 1455 3060 uiam
1479 2987 1889 3060 Pliilistteorum,
1909 3004 2038 3059 quo—

533 3057 678 3112 niam
716 3066 842 3138 erat_
866 3073 1047 3138 prape,
1075 3073 1140 3138 ne
1169 3057 1394 3138 populus
1427 3060 1604 3138 videns
1645 3059 1840 3138 bellum
1867 3057 2039 3114 move-

531 3136 680 3183 retur
704 3127 1010 3200 paenitentia
1037 3134 1087 3181 et
1113 3127 1308 3181 rediret
1339 3129 1393 3182 in
1419 3127 1706 3199 Egyptum
1731 3129 1796 3184 ³³.

533 3308 632 3364 Est
663 3307 813 3364 enim
844 3321 1017 3378 prope
1059 3313 1117 3362 et
1143 3305 1302 3362 facile
1338 3306 1700 3377 conspicuum
1723 3305 1792 3362 de
1816 3304 2042 3363 Christo

463 3399 807 3473 mysterium.
857 3399 1006 3454 Deus
1043 3405 1228 3453 autem
1251 3413 1362 3452 non
1397 3399 1583 3453 statim
1617 3397 1688 3452 ad
1726 3397 1783 3453 id
1814 3397 2045 3454 deduxit

461 3487 722 3552 Judaeos,
772 3485 871 3541 sed
919 3500 1018 3556 per
1070 3485 1246 3556 legem
1288 3487 1582 3557 prolixam,
1626 3492 1683 3541 et
1726 3501 1826 3557 per
1870 3487 2044 3542 multa

461 3580 772 3650 enigmata,
817 3584 1080 3647 tanquam
1128 3592 1229 3647 per
1266 3577 1562 3647 quamdam
1614 3577 1836 3648 longam
1873 3577 2041 3645 viam,

461 3686 563 3728 eos
601 3670 672 3725 ad
707 3669 764 3724 id
808 3668 1054 3734 deduxit,
1101 3684 1170 3724 ne
1205 3668 1251 3723 si
1289 3668 1432 3724 forte
1466 3676 1653 3725 essent
1689 3670 1986 3742 oppugnati
2013 3685 2044 3726 a

463 3758 892 3831 cogitationibus
920 3758 1250 3830 hyperboles
1275 3765 1332 3813 et
1364 3759 1829 3829 exsuperationis,
1849 3776 2046 3817 rursus

464 3853 717 3909 redirent
737 3851 805 3906 ad
828 3851 1168 3922 impietatem
1190 3849 1588 3922 1Egyptiacam,
1613 3851 1710 3906 sed
1737 3861 1799 3907 ut
1829 3853 2047 3908 eminus

465 3945 525 4000 in
570 3943 768 3998 umbra
804 3944 1057 3999 veritatis
1095 3941 1427 4001 meditantes
1455 3950 1513 3997 et
1565 3943 1874 4009 exercitati,
1910 3953 2049 4000 tem-

465 4054 601 4112 pore
661 4038 1014 4094 convenienti
1063 4037 1224 4093 facile
1270 4037 1527 4092 venirent
1573 4037 1644 4092 ad
1685 4038 1740 4093 id
1778 4040 1927 4110 quod
1963 4050 2050 4097 est

467 4133 796 4206 perfectum.
838 4133 1020 4202 Atque
1063 4130 1378 4186 Philistaaus
1404 4129 1628 4199 quidem
1655 4130 2050 4202 interpretatur

465 4225 826 4291 admirabilis,
845 4223 934 4278 via
969 4228 1158 4276 autem
1193 4220 1516 4277 adinirablis
1543 4230 1629 4277 est
1650 4223 1739 4277 via
1776 4223 1962 4281 brevis
1986 4242 2050 4282 ac

466 4317 876 4389 compendiosa,
906 4313 1217 4386 cujusmodi
1246 4321 1332 4369 est
1352 4313 1442 4368 via
1465 4313 1770 4386 Evangelii.

471 4433 611 4512 Deus
640 4442 818 4488 autem
842 4444 938 4512 eos
978 4427 1324 4512 prcccedebat,
1359 4427 1590 4512 interdiu
1631 4431 1924 4512 quidemin
1953 4446 2044 4512 co-

541 4503 725 4557 lumna
761 4500 910 4556 nubis
944 4473 1016 4554 eis
1053 4500 1195 4552 viam
1225 4473 1500 4553 ostendens
1525 4539 1539 4566 ,
1584 4473 1741 4555 no'ctu
1773 4510 1950 4557 autem
1989 4501 2047 4555 in
2079 4473 2124 4530 θ

537 4572 784 4627 columna
802 4571 938 4641 ignis
957 4569 1023 4624 ³³.

533 4681 804 4738 Columna
831 4686 1014 4735 autem
1040 4677 1289 4736 veritatis
1307 4687 1392 4734 est
1412 4680 1559 4736 Deus
1587 4697 1618 4736 a
1646 4689 1796 4736 terra
1819 4681 2049 4737 trahens

467 4773 537 4829 ad
563 4774 784 4829 emtum.
808 4771 878 4826 Et
916 4785 1025 4826 nox
1047 4769 1271 4840 quidem
1299 4779 1386 4826 est
1408 4780 1624 4842 tempus
1645 4772 1795 4842 quod
1820 4772 1926 4826 fuit
1947 4788 2048 4827 an-

469 4874 690 4936 tequam
734 4861 990 4918 Christus
1045 4861 1342 4917 humanam
1390 4845 1701 4932 susciperet
1754 4871 2049 4931 naturam,

466 4960 692 5023 propter
711 4949 921 5006 erroris
958 4949 1214 5007 tenebras
1239 4959 1297 5007 et
1329 4951 1836 5022 supereminentem
1877 4954 2047 5009 vitio-

468 5063 589 5102 rum
613 5046 891 5114 animique
919 5044 1400 5114 perturbationum
1427 5045 1738 5115 caliginem.
1773 5046 1903 5103 Dies
1946 5063 2050 5103 au-

469 5145 580 5192 tem
609 5143 728 5201 est,
753 5144 972 5205 tempus
1007 5136 1127 5208 ejus
1163 5137 1452 5202 adventus,
1481 5150 1593 5205 quo
1632 5145 1790 5193 ortus
1840 5147 1929 5194 est
1969 5141 2053 5196 sol

2119 522 2375 593 δρίζεσθε
2400 521 2534 592 γὰρ,
2563 520 2714 591 φησί,
2735 519 2830 573 καὶ
2853 519 3232 590 κραταιούσθω
3253 519 3452 591 καρδία
3469 519 3645 590 ὑμῶν·
3677 539 3699 572 ι

2128 615 2248 678 καὶ,
2299 630 2318 664 ι
2354 611 2576 666 Γίνεσθε
2620 612 2874 682 φρόνιμοι
2913 611 2990 676 ὡς
3020 612 3070 664 οἱ
3106 611 3260 682 δφεις
3283 654 3298 678 ,
3326 613 3423 666 καὶ
3455 613 3706 681 ἀκέραιοι

2127 705 2204 768 ὡς
2235 704 2290 757 αἱ
2330 703 2697 774 περιστεραί,
2727 720 2746 754 ι
2787 701 2870 757 Τά
2915 701 3168 774 πρόϐατα
3207 701 3266 755 δὲ
3309 701 3408 755 καὶ
3451 703 3502 755 οἰ
3549 701 3707 772 βόεςο

2127 796 2298 861 τύπος
2330 796 2440 850 τῶν
2477 793 2810 866 σωματικῶν
2837 811 2898 847 τε
2944 795 3039 848 καὶ
3064 793 3421 863 ἀλογωτέρων
3465 793 3709 864 κινημά-

2128 905 2237 943 των
2257 902 2270 916 ⁸
2321 886 2357 942 ὃ.
2398 886 2533 958 μηδὲ
2583 885 2722 939 αὐτὰ
2771 884 3026 956 μεθετέον
3066 883 3144 954 τῷ
3188 883 3440 954 διαϐόλῳ.
3496 882 3638 937 Ἀλλ’
3677 884 3709 935 ὁ

2127 980 2328 1052 Φαραὼ
2357 979 2484 1042 τοὺς
2512 978 2609 1049 μὲν
2637 978 2836 1049 ἄνδρας
2863 977 3049 1049 ἀνίησι
3085 976 3180 1029 καί
3199 976 3379 1031 ἄκων·
3405 974 3475 1028 τὰ
3507 973 3709 1044 γύναια

2127 1075 2186 1129 δὲ
2221 1074 2462 1136 καὶτοὺς
2502 1072 2734 1143 ἀνήϐους
2770 1073 3000 1138 παῖδας,
3031 1071 3126 1125 καὶ
3161 1071 3290 1135 τοὺς
3319 1070 3566 1133 ἀσθενεῖς
3609 1068 3706 1138 γέ-

2132 1183 2326 1238 ροντας
2349 1205 2364 1229 ,
2398 1165 2493 1218 καὶ
2522 1165 2591 1218 τὰ
2634 1164 2768 1217 ἄλλα
2797 1163 2911 1228 ζῶα
2932 1205 2944 1227 ,
2980 1164 3241 1234 πειρᾶται
3276 1162 3703 1232 παρακατέχειν.

2128 1257 2277 1309 Δέδιε
2319 1258 2418 1327 μὲν
2451 1255 2562 1326 γὰρ
2592 1255 2720 1316 τοὺς
2753 1253 3029 1323 ἀνδρείους
3065 1254 3145 1316 εἰς
3176 1251 3380 1322 ἀρετὴν
3403 1290 3419 1316 ,
3468 1250 3543 1314 ὡς
3576 1249 3706 1302 ἀνθ-

2133 1345 2385 1400 ίστασθαι
2415 1343 2746 1416 δυναμένους
2766 1359 2778 1372 ·
2811 1345 3167 1396 ἀντιποιεῖται
3195 1342 3252 1395 δὲ
3289 1342 3400 1394 τῶν
3429 1341 3708 1412 θηλυπρε-

2131 1436 2248 1490 πῶν
2277 1453 2340 1489 τε
2373 1435 2470 1489 καὶ
2507 1433 2801 1505 μαλθακῶν
2823 1432 3035 1504 ψυχῶν,
3065 1433 3158 1486 καί
3186 1431 3294 1485 τῶν
3322 1431 3708 1501 ἠσθενηκότων

2130 1526 2224 1580 καί¹
2253 1527 2558 1598 ἀπομάχων
2604 1525 2967 1596 φρονημάτων
2991 1562 3007 1588 ,
3041 1524 3136 1576 καὶ
3171 1525 3534 1593 περιποιεῖται
3582 1522 3706 1575 ὅσον

2130 1617 2397 1688 νηπιῶδες
2425 1619 2504 1681 εἰς
2543 1616 2778 1680 σύνεσιν,
2807 1617 2902 1670 καί
2929 1616 3054 1668 ὅσον
3080 1615 3225 1686 παχὺ
3265 1613 3359 1666 καὶ
3383 1613 3596 1681 ἄλογον.

2128 1724 2273 1783 Eine
2310 1725 2380 1780 δὲ
2407 1725 2634 1793 Μωσῆς
2665 1726 2816 1794 πρὸς
2849 1725 3093 1794 Φαραώ’
3135 1725 3313 1778 Ἀλλὰ
3347 1724 3445 1777 καί
3473 1723 3555 1777 σὺ
3594 1723 3704 1794 δὼ-

2201 1813 2333 1864 σεις
2357 1797 2504 1866 ἡμῖν
2535 1793 3147 1866 ὁλοκαυτώματακαί
3175 1795 3394 1860 θυσίας
3426 1793 3499 1860 ἂς
3537 1793 3711 1861 ποιή-

2201 1865 2405 1937 σομε-κ
2421 1867 2500 1932 τῷ
2530 1866 2728 1935 Κυρίῳ
2763 1866 2884 1932 Θεῷ
2913 1865 3106 1935 ἡμῶν.

2203 1977 2489 2050 Λαμϐάνει
2519 1995 2604 2041 τις
2633 1976 2691 2044 ἐξ
2727 1975 3004 2046 Αἰγύπτου
3030 1973 3124 2029 καὶ
3153 1972 3372 2044 Φαραὼ,
3408 1975 3514 2028 καί
3543 1991 3707 2044 προσ-

2133 2073 2292 2142 φέρει
2325 2070 2401 2140 τῷ
2430 2069 2550 2141 Θεῷ
2578 2109 2593 2135 ,
2624 2067 2916 2137 λαμϐάνων
2945 2068 3011 2120 ὲκ
3053 2069 3154 2138 τῆς
3189 2064 3352 2120 ἀθέου
3393 2065 3584 2133 σοφίας
3615 2065 3711 2118 καὶ

2133 2164 2231 2234 τῆς
2264 2161 2605 2225 παιδεύσεως
2641 2161 2750 2214 τῶν
2779 2159 2884 2227 ἔξω
2907 2202 2922 2226 ,
2958 2158 3218 2229 καθάπερ
3261 2158 3436 2227 ίερεῖα
3479 2157 3578 2227 τὴν
3615 2158 3708 2211 εὐν

2137 2253 2408 2322 γλωττίαν
2437 2252 2532 2307 καί
2557 2252 2934 2319 καλλιέπειαν,
2957 2250 3052 2304 καί
3074 2248 3422 2320 ἀναμιγνύων
3441 2249 3580 2303 αὐτά
3598 2251 3712 2312 τοῖς

2132 2345 2234 2414 τῆς
2283 2343 2569 2408 εὐσεϐείας
2609 2343 2864 2414 δόγμασι,
2919 2343 3016 2394 καὶ
3047 2340 3137 2394 διὰ
3183 2341 3293 2394 τῶν
3330 2341 3600 2411 ἐντέχνων
3641 2342 3711 2414 τῇ

2135 2436 2415 2507 θεοσεϐείᾳ.
2453 2434 2685 2506 βοηθῶν,
2724 2435 2821 2488 καὶ
2859 2433 2928 2488 τὰ
2971 2433 3112 2487 ὅπλα
3144 2432 3238 2486 τοῦ
3291 2432 3524 2503 ψεύδους
3569 2432 3712 2486 ὅπλα

2135 2529 2236 2600 τῆς
2273 2527 2530 2601 ἀληθείας
2559 2526 2916 2598 ποιούμενος’
2961 2525 3097 2581 ἀλλά
3139 2527 3234 2580 καί
3272 2526 3334 2580 τὸ
3378 2523 3714 2597 θεωρητικόν

2135 2637 2196 2674 τε
2222 2619 2317 2674 καί
2350 2618 2716 2686 ἐξεταστικὸν,
2747 2618 2842 2672 καὶ
2863 2617 2922 2670 τὸ
2947 2616 3246 2688 φιλομαθὲς
3271 2617 3364 2670 καὶ
3391 2616 3453 2669 τὸ
3481 2615 3716 2686 φερέπο-

2135 2727 2226 2766 νον
2265 2710 2360 2764 καί
2397 2711 2452 2764 εί
2474 2727 2529 2763 τι
2558 2707 2822 2776 τοιοῦτον,
2866 2706 2976 2762 ἀπὸ
3025 2707 3134 2763 τῶν
3177 2706 3454 2778 βλαϐερῶν
3503 2706 3596 2759 ἐπὶ
3645 2703 3717 2758 τὰ

2136 2802 2389 2874 ὠφέλιμα
2429 2801 2960 2873 μεταλαμϐάνοντες,
2997 2799 3060 2864 ἐξ
3088 2799 3366 2870 Αἰγύπτου
3389 2799 3485 2853 καὶ
3515 2795 3716 2870 Φαραὼ

2137 2891 2276 2964 πρὸς
2300 2892 2433 2948 Θεὸν
2466 2891 2799 2963 μετάγομεν.

2139 3004 2250 3074 Καὶ
2279 3005 2393 3074 οὐχ
2415 3003 2732 3074 ὡδήγησεν
2757 3001 2978 3074 αὐτοὺς
3001 3002 3145 3069 Θεὸς
3170 3000 3316 3074 ὁδὸν
3345 3002 3720 3074 Φυλιστιεψ,

2213 3073 2304 3128 ὅτι
2550 3070 2649 3143 ’ἦν
2673 3113 2688 3140 ,
2735 3073 2973 3143 μήποτε
3004 3071 3400 3143 μεταμελήσῃ
3441 3070 3531 3143 τῷ,
3569 3070 3720 3143 λαῷ,

2066 3123 2116 3189 C
2219 3123 2405 3198 an};
2419 3123 2432 3143 '
2448 3123 2719 3214 εἶτόλὲρὼ
2735 3123 2898 3210 ῖγᾶιὰὶ
2916 3123 3308 3212 assensus
3322 3123 3430 3208 sic
3449 3123 3607 3212 ῗὴιῖ
3618 3123 3725 3197 Ill

2213 3227 2464 3286 γυπτον.

2225 3326 2422 3398 Ἐγγὺς
2463 3326 2561 3398 μὲν
2593 3325 2702 3398 γὰρ
2740 3327 2836 3382 καί
2870 3325 3198 3382 εὐσύνοπτον
3237 3325 3299 3380 τὸ
3329 3323 3459 3397 περὶ
3485 3321 3724 3397 Χριστοῦ

2147 3421 2467 3493 μυστήριον.
2497 3419 2611 3472 Οὐκ
2641 3418 2803 3484 εὐθὺς
2828 3418 2885 3472 δὲ
2918 3417 3056 3490 πρὸς
3080 3417 3238 3471 τοῦτο
3268 3419 3393 3482 τοὺς
3439 3416 3724 3481 Ἰουδαίους

2143 3512 2174 3565 ό
2216 3510 2350 3575 θεὸς
2391 3511 2599 3581 ἤγαγε,
2651 3510 2741 3566 διὰ
2782 3511 2840 3564 δὲ
2875 3510 2970 3564 τοῦ
3017 3509 3230 3582 μακροῦ
3270 3510 3436 3580 νόμου
3478 3510 3574 3564 καὶ
3616 3510 3728 3564 τῶν

2145 3601 2358 3658 πολλῶν
2385 3601 2748 3673 αἰνιγμάτων,
2788 3601 2865 3666 ὡς
2887 3601 2976 3657 διὰ
3003 3604 3222 3673 μακρᾶς
3242 3619 3390 3666 τινος
3417 3602 3538 3656 ὀδοῦ
3559 3641 3574 3668 ,
3603 3603 3730 3656 τούς

2144 3711 2270 3758 τους
2300 3693 2503 3766 ὼδὴγει
2533 3694 2671 3766 πρὸς
2693 3693 2853 3747 τοῦτο
2875 3709 2889 3724 ⁸
2921 3695 3134 3765 μήποτε
3189 3694 3594 3766 πολεμηθέντες
3617 3697 3728 3758 τοῖς

2148 3785 2430 3856 λογισμοῖς
2457 3785 2558 3856 τῆς
2579 3784 2906 3856 ὑπερϐολῆς,
2930 3783 3314 3858 ἀποστρέψωσι
3343 3785 3506 3838 πάλιν
3527 3786 3607 3848 εἰς
3633 3784 3730 3852 τὴν

2148 3877 2526 3947 Αἰγυπτιακὴν
2558 3876 2838 3942 ἀσέϐειαν,
2881 3876 2998 3930 ἀλλ’
3051 3877 3138 3930 ῐνα
3170 3875 3456 3949 πόρρωθεν
3493 3875 3729 3947 ἐμμελε-

2146 3968 2349 4031 τῶντες
2372 3970 2439 4039 τῇ
2465 3969 2593 4039 σκιᾷ
2618 3968 2719 4038 τῆς
2740 3967 3016 4040 ἀληθείας,
3050 3967 3148 4022 καὶ
3167 3966 3566 4038 γυμναζόμενοι
3589 3966 3733 4021 κατά

2153 4057 2246 4112 τὸν
2278 4058 2560 4129 πρέποντα
2601 4059 2825 4131 καιρὸν,
2869 4059 3127 4131 εὐμαρῶς
3161 4060 3255 4113 ἐπὶ
3298 4059 3360 4114 τὸ
3396 4059 3602 4113 τέλειον
3645 4057 3730 4112 έλ-

2150 4149 2312 4203 θοιεν.
2343 4149 2664 4222 Φυλιπιείμ
2686 4152 2785 4221 μὲν
2813 4146 2905 4206 οὖν
2936 4153 2969 4220 ἡ
3017 4151 3309 4223 θαυμαστὴ
3347 4151 3729 4223 δρμηνεύεται,

2149 4233 2265 4296 ὁδὸς
2295 4234 2353 4287 δὲ
2403 4235 2693 4308 θαυμαστὴ
2726 4239 2760 4309 ὴ
2795 4237 3089 4310 σύντομος,
3133 4239 3294 4293 ὁποία
3345 4240 3496 4293 ἐστὶν
3543 4239 3579 4312 ἡ
3636 4234 3732 4292 τοῦ

2151 4321 2296 4376 θείου
2328 4324 2688 4393 Εὐαγγελίου.

2163 4435 2226 4490 '0
2273 4435 2514 4509 etesse
2547 4437 2748 4509 ἡγεῖτο
2777 4436 2997 4503 αὐτῶν,
3027 4439 3252 4509 ἡμέρας
3286 4438 3404 4509 μὲν
3425 4439 3493 4493 ἐν
3529 4438 3738 4506 στύλῳ

2221 4507 2501 4579 νεφέλης,
2532 4507 2725 4572 δεῖξαι
2753 4509 2960 4576 αὐτοῖς
2982 4507 3098 4578 τὴν·
3120 4507 3426 4579 ὀδόν-’τὴν
3453 4509 3522 4563 δὲ
3540 4510 3737 4564 νύκτα

2221 4577 2293 4630 ἐυν
2325 4579 2532 4645 στύλῳ
2554 4580 2767 4646 πυρός.

2226 4685 2426 4750 Στύλος
2451 4687 2569 4741 ἐστὶ
2597 4689 2697 4758 τῆς
2733 4689 2991 4760 ἀληθείας
3013 4732 3028 4754 ,
3064 4691 3092 4743 ό
3121 4690 3253 4754 Θεὸς
3282 4691 3391 4746 ἀπὸ
3417 4692 3520 4763 γῆς
3556 4690 3738 4746 ἕλκων

2152 4779 2235 4842 εἰς
2268 4779 2520 4850 οὐρανόν.
2552 4781 2664 4835 Καὶ
2695 4779 2791 4846 νὺξ
2821 4782 2920 4853 μὲν
2942 4785 2971 4836 ὁ
3016 4783 3123 4856 πρὸ
3147 4785 3245 4856 τῆς
3267 4785 3739 4857 ἐνανθρωπήσεως

2152 4870 2248 4925 τοῦ
2284 4871 2488 4943 Κυρίου
2520 4872 2714 4944 καιρός
2737 4889 2752 4906 ·
2786 4874 2876 4928 διὰ
2903 4875 2994 4931 τὸν
3031 4876 3222 4930 σκότον
3253 4878 3353 4947 τῆς
3387 4876 3616 4947 πλάνης,
3641 4877 3740 4931 καί⁵

2151 4963 2247 5018 τὸν
2275 4962 2673 5028 ἐπιπολάζοντα
2706 4965 2869 5037 ζόφον
2893 4967 3004 5022 τῶν
3033 4968 3223 5024 παθῶν
3242 4985 3256 5000 ·
3290 4969 3472 5042 ἡμέρα
3497 4969 3555 5024 δὲ
3583 4971 3611 5022 ὁ
3637 4970 3740 5040 τῆς

2152 5052 2451 5124 ἐπιδημίας
2475 5055 2641 5110 αὐτοῦ
2657 5095 2674 5122 ,
2694 5057 2818 5112 καθ’
2839 5058 2900 5113 δν
2928 5059 3198 5114 ἀνέτειλεν
3224 5060 3388 5126 αὐτὸς
3406 5063 3435 5115 ὁ
3458 5059 3609 5132 ἥλιος
3638 5062 3744 5132 τῆς

2151 5145 2503 5218 δικαιοσύνης
2523 5191 2538 5217 ,
2573 5149 2828 5219 φωτίζων
2873 5151 2969 5207 καί
3001 5149 3337 5223 λαμπρύνων
3369 5152 3469 5217 τὰς
3501 5151 3612 5206 τῶν
3650 5170 3745 5206 πι-

464 5227 693 5301 justitize
724 5225 1040 5284 illuminans
1079 5228 1292 5283 animas
1331 5226 1699 5283 credentium.
1743 5228 1863 5284 Jam
1911 5245 2041 5286 vero

2155 5239 2453 5295 στευόντων
2477 5241 2672 5314 ψυχάς.
2721 5245 2922 5300 Λοιπὸν
2949 5240 3043 5299 οὖν
3074 5243 3174 5316 μὲν
3210 5244 3501 5308 Ἰουδαίους
3540 5245 3746 5316 ὡδήγει

467 5319 688 5377 Judaaos
699 5317 923 5389 quidem
943 5318 1388 5388 deducebatlege
1407 5318 1674 5388 puniente
1694 5338 1707 5374 :
1737 5321 1880 5393 ignis
1899 5323 2041 5379 enim

2157 5329 2238 5401 τῷ
2291 5333 2574 5400 κολάζοντι
2627 5337 2810 5409 νόμῳ⁸
2866 5337 3147 5400 κολάσεως
3192 5336 3304 5408 γὰρ
3359 5336 3629 5408 σύμϐολον
3683 5337 3750 5392 τὸ

469 5421 557 5468 est
591 5410 899 5482 symbolum
924 5409 1252 5483 punitionis.
1288 5409 1524 5464 Deducit
1550 5419 1735 5467 autem
1773 5413 2041 5471 Christia-

2159 5421 2293 5493 πῦρ.
2328 5423 2469 5489 Τοὺς
2515 5427 2877 5500 Χριστιανοὺς
2903 5429 2960 5482 δὲ
2989 5429 3174 5498 ὁδηγεῖ
3212 5430 3280 5499 τῇ
3323 5427 3412 5481 διὰ
3454 5427 3549 5481 τοῦ
3583 5429 3749 5497 ἁγίου

472 5519 574 5560 nos
598 5502 668 5558 ad
690 5503 922 5560 salutem
948 5517 1048 5572 per
1069 5507 1320 5556 sanctum
1344 5501 1702 5573 baptismum.
1726 5505 1881 5576 Aqua
1902 5508 2041 5563 enim

2163 5511 2543 5584 βαπτίσματος
2595 5516 2860 5588 σωτηρίᾳ.
2916 5517 3102 5587 ’Υδωρ
3153 5513 3264 5586 γὰρ
3312 5516 3346 5586 ἡ
3403 5514 3601 5585 νεφέλη
3649 5513 3754 5568 καὶ

473 5599 560 5651 est
597 5590 771 5648 nubes
809 5603 869 5648 et
897 5591 1116 5661 signum
1149 5591 1322 5648 sancti
1355 5591 1721 5662 baptismatis.
1761 5595 1880 5652 Non
1925 5598 2041 5654 licel

2164 5601 2434 5674 σύμϐολον
2457 5604 2553 5660 τοῦ
2585 5606 2736 5670 θείου
2765 5608 2957 5673 ὕδατος
2987 5607 3082 5661 τοῦ
3109 5605 3507 5678 βαπτίσματος.
3539 5607 3613 5660 Οὐ
3639 5607 3752 5676 γὰρ

551 5748 596 5780 ²⁹
619 5749 772 5805 Joan.
796 5767 904 5818 xlv,
933 5751 1020 5806 27.
1100 5751 1144 5783 ³ο
1175 5751 1363 5807 Matth.
1405 5769 1479 5818 χι,
1517 5752 1606 5806 ΞΠ.
1687 5753 1726 5788 ³³
1769 5756 1941 5812 Exod,
1979 5773 2030 5823 Χ,

2136 5801 2143 5810 .
2223 5762 2267 5792 ³²
2305 5763 2473 5819 Exod.
2517 5781 2630 5830 xm,
2664 5768 2745 5822 l7.
2825 5768 2868 5800 ³³
2907 5768 3043 5825 Ibid.
3081 5769 3172 5826 2i.
