4076 6430
397 296 536 353 H93

392 596 851 671 ὕποδεικνύοντος.

403 707 611 793 Ἐξῆρε
647 706 718 761 δὲ
735 708 845 793 *καὶ
942 709 1170 793 στύλος
1196 709 1306 793 τῆς
1331 710 1752 793 regehinc-dm)
1781 729 1968 793 προσ-

457 777 652 859 ώπου.
681 777 915 859 ιιλῖιτῷνδ
948 779 1053 859 οιαὶ
1092 779 1240 859 ἐρ’τη
1259 777 1337 834 ἐκ
1350 777 1488 859 *τῶν
1515 777 1964 859 όπίοίωμρὺὶῶχ,

461 848 560 933 καὶ
598 846 892 933 εισῇλθεν
1068 846 1263 933 “suos:
1302 849 1412 916 τῆς
1432 852 1818 933 παρεμϐολῆς
1847 846 1967 933 τάξὺέ

462 918 827 990 Δέγυπζίωκ,
872 918 974 990 καλ
1018 918 1135 973 ἀνὰ
1169 918 1369 990 μέσον
1420 918 1547 990 τῆς.
1577 918 1967 990 παρεμϐολῆς

457 985 577 1060 ζῶν
601 985 749 1060 υιῷν
784 987 1054 1060 Ἰσραὴλ,
1084 985 1184 1042 καί
1211 991 1286 1044 οὐ
1304 985 1640 1060 συνέμιξαν
1659 985 1967 1059 ’ἀλλήλοις

453 1055 614 1123 ’ὅλην
642 1055 760 1124 τὴν·
792 1058 1005 1113 νύκτα.
1367 1055 1379 1060 ⁷
1455 1055 1469 1058 ⁷
1536 1066 1537 1069 “

457 1169 674 1232 Νυκτὸς
699 1169 809 1241 γάρ
834 1168 1024 1239 οὖτης,
1056 1170 1175 1242 ἦτοι
1210 1169 1404 1242 καιροῦ
1434 1170 1639 1225 δειλίαν
1672 1175 1787 1239 τοῖς
1813 1171 1967 1233 εύσεε

378 1258 538 1317 ,σέσιν
569 1257 870 1325 ἐπάγοντος
891 1297 907 1322 ,
940 1255 1154 1311 ἵσταται
1204 1258 1371 1328 μέσον
1397 1258 1582 1313 αὐτῶν
1627 1276 1688 1313 τε
1720 1262 1816 1315 καὶ
1858 1260 1965 1314 τῶν

380 1346 836 1425 ¹καιταδιωκόντων
869 1347 1095 1412 αὐτοὺς,
1128 1348 1341 1420 ὁρατῶν
1370 1350 1404 1422 ἢ
1435 1350 1684 1419 ἀοράτων
1728 1351 1963 1422 ἐχθρῶν,

386 1443 420 1512 ἡ
446 1438 540 1493 τοῦ
584 1437 787 1509 Κυρίου
816 1436 1080 1508 δύναμις·
1113 1440 1216 1493 οὐκ
1250 1440 1399 1494 ἐῶσα
1423 1442 1836 1513 συῤῥήγνυσθαι
1867 1443 1966 1514 μέ-

386 1548 508 1602 χρις
527 1530 594 1585 ἂν
609 1530 639 1583 ὁ
666 1528 834 1598 φόϐος
852 1528 1125 1601 παρέλθῃ.
1156 1532 1228 1584 Ἦ
1251 1532 1348 1586 καὶ
1368 1534 1500 1603 περὶ
1521 1533 1629 1586 τῶν
1681 1534 1807 1607 ἄρτι
1828 1552 1965 1589 κατ-

381 1621 701 1694 ,ηχουμένων
740 1621 833 1673 τὸν
877 1624 977 1693 τῆς
1032 1621 1316 1687 εὐσεϐείας
1364 1623 1522 1692 λόγον
1571 1626 1600 1676 ὁ
1643 1625 1800 1694 λόγος
1820 1666 1835 1690 ,
1884 1620 1964 1689 οἷς

1758 314 2067 381 bonum
2084 316 2297 367 amca:

399 410 550 462 ἔστιν
580 410 660 471 εἰς
685 407 785 478 τὴν
823 410 934 463 ἀνω
957 427 1016 463 τε
1046 412 1142 466 καὶ
1164 411 1328 480 ἁγίαν
1358 413 1653 481 ἀφικέσθαι
1688 415 1861 477 πόλιν.
1896 417 1956 485 μ’)

2070 421 2217 474 enim
2242 424 2429 480 venire
2458 428 2511 481 in
2537 444 2831 499 supernam
2856 442 2913 488 et
2939 442 3186 509 sanctam
3216 441 3515 512 civitatem,
3540 449 3648 519 nisi

392 499 868 569 καθοδηγουμένου
895 502 1154 574 Χριστοῦ,
1182 504 1276 571 καὶ
1298 503 1397 573 τὴν
1422 503 1540 557 ὁδὸν
1568 504 1667 575 τῆς
1693 508 1967 578 σωτηρίας

3516 338 3649 403 μοι

2072 507 2310 586 deducat
2338 513 2591 572 Christus
2617 529 2674 574 et
2709 524 2962 579 ostendat
2985 507 3128 581 viam
3153 530 3364 587 salutis.

2070 705 2236 770 Elata
2261 719 2336 764 est
2357 722 2537 797 autem
2555 716 2800 797 columna
2824 721 2972 797 nubis
2990 741 3024 778 a
3048 724 3181 794 facie
3200 745 3403 797 eorum,
3431 742 3479 786 et
3510 739 3651 790 stetit

2141 793 2276 873 pone
2299 796 2383 873 eos
2401 799 2419 836 :
2442 793 2489 837 et
2520 787 2662 873 stetit
2684 786 2743 841 ἐπ’
2762 790 2931 873 medio
2953 786 3249 873 castrorum
3277 786 3651 873 Ερῂρεὶοῆιοι

2139 856 2514 973 ῖιῑοαειηίι-ιᾝι
2545 854 2783 931 ﬁliorum
2806 859 2999 927 Israel,
3022 872 3071 937 et
3100 881 3206 932 ιιοη
3236 854 3650 945 είιηῖἳόὶῂἦιὲἔὶὲ

2164 934 2193 969 ο
2220 935 2252 970 a
2277 935 2373 973 noc
2399 938 2425 973 ε
2500 965 2513 973 .
3444 946 3447 951 ’

2164 934 2252 970 ora
2277 934 2425 975 nocte
2449 934 2513 976 ".
3046 934 3049 937 ’
3444 946 3447 951 ’

2140 1174 2282 1231 Dum
2319 1186 2406 1233 est
2446 1179 2670 1248 quidem
2714 1198 2842 1250 nox,
2890 1199 2989 1241 seu
3030 1193 3380 1262 tempuspiis
3411 1195 3647 1266 aﬂ’crcns

2070 1265 2344 1334 timorem,
2365 1277 2472 1341 stat
2503 1270 2649 1326 inter
2678 1289 2775 1330 eos
2806 1285 2863 1330 et
2894 1293 2991 1333 eos
3009 1281 3104 1349 qui
3128 1281 3277 1351 ipsos
3300 1300 3648 1357 persequun-
3680 1300 3689 1309 '

2069 1365 2180 1422 tur,
2218 1375 2418 1430 nempe
2456 1363 2644 1421 hostes
2677 1369 3042 1437 aspectabilcs
3082 1378 3139 1425 et
3183 1372 3372 1446 hostes
3413 1378 3509 1446 qui
3545 1381 3648 1445 sub

2066 1456 2345 1519 aspectum
2374 1469 2484 1511 non
2509 1456 2957 1527 cadunt,Christi
2977 1464 3171 1533 virtus,
3199 1481 3307 1531 non
3343 1467 3534 1539 sinetis
3553 1485 3649 1539 eos

2067 1543 2357 1615 conﬂigere
2378 1547 2554 1605 donec
2601 1552 2764 1608 timor
2804 1559 3156 1626 praeterierit.
3203 1561 3317 1629 Aut
3361 1538 3543 1635 agitur
3579 1538 3649 1621 de

2067 1649 2244 1705 nuper
2267 1641 2700 1719 catechumenis,
2732 1645 2838 1703 hoc
2865 1656 2952 1703 est
2980 1650 3213 1707 initiatis
3235 1653 3289 1707 in
3333 1655 3504 1712 verbo
3530 1657 3651 1728 pie:-

386 1713 668 1768 ἀσθενέσιν
696 1708 849 1766 οὖσιν
889 1712 971 1773 ἔτι
1012 1705 1436 1785 συμπλέκεσθαι
1474 1716 1673 1775 κωλύει
1707 1718 1835 1781 τοὺς
1866 1734 1956 1770 πο-

383 1805 402 1820 .
495 1804 509 1820 .
667 1802 942 1820 ηιμ...
1075 1803 1132 1820 η.
1285 1804 1528 1820 αι...
1754 1807 1827 1820 -.
1932 1808 1956 1819 ..

2071 1725 2220 1794 tatis,
2247 1742 2372 1781 cum
2398 1731 2617 1799 quibus,
2646 1705 2707 1787 ut
2729 1736 2824 1805 qui
2856 1737 2969 1792 sint
2998 1739 3181 1799 adhuc
3208 1742 3492 1814 imbecilli,

383 1804 625 1875 λεμίους.
665 1802 802 1858 Μεθ’
836 1802 866 1856 θ
897 1804 956 1856 δὲ
996 1803 1252 1875 καθάπερ
1281 1804 1368 1859 διὰ
1395 1805 1700 1877 θαλάσσης,
1750 1807 1840 1861 διά
1864 1808 1956 1863 τοῦ

2070 1811 2225 1869 hibet
2258 1814 2448 1873 hostes
2475 1802 2789 1895 conﬂigere.
2828 1825 3124 1897 Postquam
3165 1839 3349 1891 autem
3389 1802 3647 1909 tanquam

373 1896 529 1950 ,θείου
567 1893 948 1966 βαπτίσματος
998 1894 1241 1960 ἔλθοιεν,
1278 1894 1476 1967 ἀφίησι
1529 1898 1835 1968 μάχεσθαι,
1866 1898 1967 1969 τὴν

372 1983 585 2047 ,δειλίαν
624 1983 1023 2052 ἀποθεμένους.
1077 1985 1192 2054 Τὴν
1235 1986 1346 2057 γὰρ
1381 1986 1651 2057 Ἐρυθρὰν
1687 1987 1967 2043 θάλασσαν

372 2074 668 2137 διαϐάντες
693 2075 744 2129 οἱ
785 2074 1136 2144 Ἰσραηλῖται,
1181 2076 1556 2155 μαχιμώτατοι
1600 2080 1696 2133 καὶ
1731 2079 1966 2153 δυσκατ·

383 2166 674 2239 αγώνιστοι
703 2166 1012 2235 γεγόνασιν.

463 2258 530 2329 Ἡ
584 2246 995 2332 προσγενομένη
1051 2257 1180 2332 δίψα
1223 2261 1336 2322 τοῖς
1396 2259 1764 2332 Ἰσραηλίταις
1814 2262 1957 2330 κατά

382 2347 731 2420 τὴνοέρημον
771 2348 943 2414 τύπος
992 2345 1060 2421 ἦν
1108 2346 1222 2405 τῶν
1253 2352 1312 2405 ὲν
1340 2353 1571 2423 ἀσκήσει
1612 2354 1813 2420 πόνων,
1868 2355 1964 2409 καὶ

381 2438 693 2507 γυμνασίας
746 2439 1055 2510 προοίμιον.
1089 2440 1232 2513 Ὅρα
1270 2440 1402 2511 γὰρ,
1450 2442 1533 2495 ὅτι
1589 2443 1688 2495 οὐκ
1731 2445 1788 2496 ἐν
1817 2445 1958 2515 ἀρχῇ

380 2529 720 2601 προσέϐαλεν
751 2531 937 2593 αὐτοῖς
968 2531 1202 2601 πόλεμος
1246 2532 1475 2603 ἔχθρῶψ
1514 2533 1667 2587 οὔπω
1696 2535 1806 2605 γὰρ
1835 2537 1961 2604 ἐγυ-

384 2620 703 2693 μνάσθησαν
749 2622 831 2685 είς
869 2622 931 2693 τὸ
977 2624 1308 2693 ἀριστεύειν.
1364 2624 1465 2677 Διά
1497 2624 1656 2679 τοῦτο
1702 2628 1815 2689 τοῖς
1859 2626 1961 2697 τῆς

381 2712 582 2782 σαρκὸς
613 2713 880 2784 πρότερον
924 2713 1309 2784 δοκιμάζονται
1342 2716 1543 2780 πόνοις.
1587 2719 1682 2783 Εἰς
1726 2718 1960 2792 τοῦτοδὲ

380 2804 568 2878 βλέπει
610 2806 708 2858 καὶ
738 2804 822 2858 τό·
859 2823 880 2857 ι
920 2805 1231 2876 Πειρασμδς
1256 2807 1403 2877 ὑμᾶς
1430 2805 1583 2881 οὔπω
1632 2809 1956 2881 κατέλαϐεν,

375 2884 430 2951 ἐἰ
460 2898 534 2967 μὴ
563 2895 925 2968 ἀνθρώπινος.
962 2916 982 2949 ι

449 2988 603 3059 Ξύλφ
634 2987 1048 3060 κατεγλυκάνθη
1081 2988 1144 3043 τὸ
1183 2991 1283 3063 τῆς
1324 2991 1516 3064 Μερᾶς
1560 2994 1757 3068 πικρὸν
1787 2993 1955 3066 ὕδωρ.

2067 1918 2169 1973 per
2196 1921 2347 1962 mare
2379 1924 2478 1978 per
2504 1927 2722 1967 sacrum
2745 1917 3003 1971 venerint
3024 1919 3380 1990 baptismum,
3400 1925 3531 1982 sinit
3553 1943 3649 1995 eos

2068 2011 2334 2067 pugnare,
2368 2015 2601 2059 excusso
2638 2006 2860 2061 timore.
2894 2007 3031 2079 Nam
3060 2026 3185 2067 cum
3218 2014 3472 2087 Rubrum
3498 2033 3648 2080 mare

2068 2088 2416 2151 transiissent
2432 2090 2715 2162 lsraelilm,
2743 2110 3040 2164 evaserunt
3065 2104 3458 2182 pugnacissimi
3481 2117 3646 2177 etc;-

2065 2191 2307 2253 pugnatu
2342 2182 2671 2261 diﬁicillimi.

2136 2271 2269 2331 Sitis
2292 2290 2415 2344 qua:
2434 2273 2698 2334 Israelitis
2720 2280 2905 2334 evenit
2928 2281 2985 2336 in
3031 2282 3255 2355 deserto
3289 2286 3354 2361 3’,
3392 2297 3516 2345 erat
3556 2300 3640 2368 ty-

2061 2377 2167 2433 pus
2196 2364 2448 2421 laborum
2471 2367 2567 2437 qui
2601 2369 2918 2427 subeuntur
2937 2373 2995 2428 in
3018 2376 3435 2446 exercitatione,
3458 2390 3516 2437 et
3538 2364 3647 2439 ini-

2065 2452 2202 2508 tium
2230 2457 2660 2519 exercitationis.
2708 2461 2845 2517 Vide
2884 2463 3031 2521 enim
3077 2466 3225 2538 quod
3265 2467 3322 2522 in
3371 2450 3647 2555 principio

2061 2560 2174 2600 non
2216 2546 2417 2602 invasit
2440 2564 2535 2617 cos
2568 2549 2773 2605 bellum
2812 2555 3189 2625 inimicorum.
3217 2553 3474 2638 Nondum
3491 2546 3645 2635 enim

2061 2643 2221 2704 erant
2247 2638 2529 2695 exercitati
2565 2640 2632 2694 ad
2656 2656 2716 2696 se
2736 2641 2958 2714 fortiter
2985 2644 3317 2715 gerendum.
3344 2648 3647 2735 Propterea

2056 2736 2393 2784 exercentur
2427 2731 2670 2800 primum
2736 2734 2918 2799 carnis
2962 2735 3268 2799 laboribus.
3318 2739 3403 2803 Eo
3453 2731 3648 2811 autem

2063 2828 2275 2888 spectat
2295 2829 2351 2876 et
2375 2821 2538 2879 illud:
2566 2823 2850 2893 «Tentatio
2873 2842 2975 2893 vos
2995 2827 3240 2897 nondum
3259 2831 3657 2912 apprehendit,

2061 2908 2166 2964 nisi
2200 2910 2440 2968 humana
2458 2915 2524 2968 ³³.
2552 2934 2567 2967 ι

2131 3000 2307 3073 Ligno
2331 3003 2512 3061 dulcis
2557 3006 2702 3077 facta
2747 3017 2832 3065 est
2860 3025 3054 3081 amara
3103 3027 3247 3083 aqua
3297 3015 3532 3075 Marath.
3579 3019 3644 3093 In

388 3079 481 3134 Ἔν
524 3079 748 3153 Χριστῷ
794 3079 905 3153 γὰρ
943 3080 1020 3153 τῷ
1061 3080 1163 3151 τῆς
1190 3083 1337 3154 ζωῆς
1386 3083 1527 3155 ξύλῳ
1586 3086 1956 3155 καταγλυκαί-

2064 3088 2285 3146 Christo
2309 3094 2479 3161 enim,
2501 3095 2593 3165 qui
2618 3079 2926 3169 estlignum
2949 3079 3097 3173 vitm,
3141 3079 3469 3173 dulcescunt
3521 3079 3647 3178 qui:-

380 3187 559 3229 νονται
586 3174 684 3244 μὲν
713 3173 783 3227 τὰ
808 3172 1003 3244 πικρά*
1035 3175 1251 3247 φορητά
1281 3175 1341 3229 δὲ
1371 3175 1439 3229 τά
1468 3174 1728 3230 δύσοιστα
1776 3177 1955 3247 γίνον-

378 3278 493 3317 ται.

452 3354 661 3430 Ὠσπερ
708 3358 758 3410 οἱ
809 3356 1143 3426 Ἰσραηλῖται
1172 3358 1279 3411 τῶν
1311 3357 1489 3428 κρεῶν
1517 3358 1955 3433 ὑπομνησθέντες

376 3446 730 3518 ἐπεθύμησαν
779 3450 836 3510 έν
892 3446 1154 3518 Αἰγύπτῳ
1199 3448 1487 3518 γενέσθαι,
1549 3450 1643 3503 καὶ⁹
1686 3450 1955 3514 δουλεύειν

374 3538 536 3593 πάλιν
582 3538 724 3597 ὥστε
784 3538 1163 3610 ἐμπλησθῆναι
1222 3539 1403 3593 αὐτῶν
1429 3579 1445 3606 ,
1494 3539 1638 3594 οὕτω
1688 3542 1783 3597 καὶ
1830 3543 1956 3604 τοὺς

372 3631 759 3702 ἀνοητοτέρους
804 3633 861 3686 ὲν
886 3633 1018 3703 ἡμῖν
1059 3632 1300 3704 δριμεῖαι
1330 3631 1589 3697 πολλάκις
1628 3633 1956 3688 ἀναπείθου-

374 3740 459 3776 σιν
497 3722 683 3794 ήδοναὶ
709 3722 919 3789 παθῶν,
965 3723 1207 3795 φορητὴν
1247 3722 1496 3794 ἡγεῖσθαι
1527 3724 1627 3795 τὴν
1659 3724 1752 3778 τοῦ
1778 3725 1955 3797 διαόὁο

372 3817 463 3887 λου
493 3815 762 3879 δουλείαν,
811 3817 999 3881 ἕνεκεν
1027 3816 1122 3869 τοῦ
1156 3816 1454 3870 ἀπολαύειν
1496 3816 1696 3872 αὐτῶν.
1734 3819 1951 3890 Ἐφίησι

371 3886 433 3959 δὲ
449 3905 660 3968 τούτοις
702 3907 731 3959 ὁ
770 3904 924 3971 Θεὸς,
954 3904 1278 3979 ἀκαθέκτως
1309 3905 1512 3988 έχουσι.
1560 3907 1734 3962 Τοῦτο
1775 3886 1890 3981 γὰρ
1919 3912 1952 3982 ἡ

369 3998 470 4069 τῆς
500 3998 924 4070 ὀρτυγομήτρας
956 3998 1211 4062 εἰκονίζει
1239 3998 1561 4075 μετάληψις.
1603 4000 1743 4054 Ἀλλ’
1764 4000 1954 4074 ὥσπερ

370 4086 599 4151 ἐκείνοις
631 4087 1009 4157 προτιμήσασι
1040 4085 1135 4140 τοῦ
1186 4088 1362 4158 μάννα
1398 4090 1459 4143 τὸ
1498 4090 1664 4161 κρέας
1692 4092 1773 4154 είς
1801 4091 1954 4162 χολέ-

373 4196 474 4251 ραν
506 4180 799 4250 κατέληξεν
842 4183 875 4251 ἡ
912 4180 1131 4250 βρῶσις·
1176 4180 1321 4235 οὕτω
1358 4184 1453 4235 καὶ
1503 4182 1714 4248 τούτοις
1761 4201 1952 4258 προτι-

375 4270 516 4345 μῶσι
572 4272 670 4342 τῆς
718 4272 969 4343 οὐρανίου
1016 4271 1232 4351 τρυφῆς
1278 4272 1376 4343 τὴν
1426 4274 1654 4344 γεηράν,
1711 4275 1808 4328 καὶ
1851 4276 1952 4346 τῆς

361 4364 748 4434 πνευματικῆς
774 4363 969 4435 ἡδονῆς
1011 4363 1109 4433 τὴν
1146 4365 1434 4439 σαρκίικὴν,
1473 4367 1552 4428 είς
1579 4364 1808 4436 ψυχικὸν
1833 4367 1951 4420 δλε..

369 4460 496 4525 θρον
526 4457 560 4527 ἡ
601 4456 898 4527 μετάληψις
921 4444 1238 4527 καταλήξει.

877 4570 1014 4647 Περὶ
1048 4570 1155 4624 τοῦ
1197 4569 1416 4638 μάννα.

435 4685 509 4741 Τὸ
558 4686 655 4754 μὲν
698 4687 870 4756 μάννα
930 4684 1076 4758 πρωῒ
1132 4686 1454 4757 κατήρχετο,
1491 4686 1807 4752 προτυποῦν
1853 4687 1945 4746 τὸν

369 4774 622 4847 Χριστὸν,
656 4778 713 4840 ὃς
746 4779 893 4830 ἐστιν
936 4776 1184 4848 οὐράνιος
1212 4775 1376 4845 άρτος
1400 4774 1615 4848 τρέφων
1641 4775 1739 4840 τὰς
1767 4777 1946 4848 ψυχὰς

365 4868 471 4921 τῶν
527 4868 741 4922 πινῶν·
778 4869 837 4931 ὃς
879 4869 971 4922 καὶ
1030 4864 1265 4939 ἀνατολὴ
1303 4866 1455 4939 ἡλίου
1492 4870 1606 4931 τοῖς
1659 4870 1716 4921 ὲν
1761 4870 1946 4922 σκότει

366 4960 694 5030 καθημένοις
735 4959 1164 5031 ἐπιδεδήμηκε-,νο
1200 4959 1235 5029 ἡ
1277 4958 1335 5011 δὲ
1375 4957 1761 5030 ὀρτυγομήτρα
1813 4961 1950 5040 πρὸς

366 5051 623 5122 ἑσπέραν,
655 5051 892 5121 δηλοῦσα
919 5054 1019 5123 τῆς
1065 5051 1296 5121 νομικῆς
1326 5050 1584 5122 λατρείας
1611 5052 1711 5121 τὴν
1745 5053 1948 5117 ζωοθυ-

365 5140 524 5202 σίαν,
571 5142 694 5212 ἥτις
743 5145 800 5197 ὲν
854 5144 1033 5213 σκιαῖς
1084 5159 1144 5193 τε
1200 5142 1294 5194 κα)¹
1342 5142 1607 5213 ἀμυδροῖς
1643 5143 1812 5214 ἴχνεσι
1837 5146 1946 5215 τῆς

361 5232 619 5303 ἀληθείας
648 5234 972 5299 ἑπετελεῖτο,
1000 5232 1092 5287 καὶ
1117 5231 1291 5304 πέρας
1309 5231 1500 5302 ἔμελλε
1530 5233 1806 5309 δέξασθαι,
1839 5237 1945 5290 l'lé-

361 5343 466 5405 ρας
502 5326 612 5398 γάρ
642 5327 737 5398 τῆς
767 5326 977 5398 ἡμέρας
1002 5328 1037 5396 ἡ
1068 5326 1298 5397 ἑσπέρα.

446 5415 853 5487 Ἐντειλάμενος
896 5418 924 5470 ὁ
970 5416 1175 5488 Μωσῆς
1206 5415 1384 5486 Ἰησοῦ
1426 5417 1520 5470 τοῦ
1560 5418 1715 5489 Ναυῆ
1765 5420 1947 5474 ἐπιλέ-

361 5505 569 5574 ξασθαι
599 5507 799 5580 ἄνδρας
832 5508 1088 5573 δυνατοὺς
1143 5508 1237 5563 καὶ
1283 5507 1516 5574 ἐξελθεῖν
1559 5511 1653 5564 καὶ
1693 5515 1942 5582 παρατά-

433 5649 482 5681 “
506 5650 678 5708 Exod.
713 5669 836 5721 xw,
881 5653 968 5722 l9,
1008 5652 1097 5709 20.

1198 5653 1243 5686 ³⁸
1268 5653 1441 5709 Exod.
1473 5670 1601 5721 xvn,
1634 5657 1659 5710 l
1707 5673 1859 5737 seqq.

360 5732 498 5801 seqq

694 5812 962 5881 PATHOL.
1011 5810 1105 5875 Gn
1177 5809 1278 5875 LX
1294 5808 1482 5885 XVII.

1976 4434 2030 4492 D

1945 5662 2038 5718 ³⁸1
2071 5658 2194 5715 Cor.
2237 5672 2291 5718 Χ,
2330 5656 2414 5710 15.

2060 3180 2185 3235 dem
2219 3198 2342 3252 qua:
2367 3194 2493 3239 sunt
2536 3201 2744 3254 amara,
2769 3189 2910 3244 ﬁunt
2955 3199 3142 3246 autem
3182 3194 3491 3259 tolerabilia
3520 3216 3645 3270 qua:

2060 3281 2189 3343 sunt
2227 3275 2464 3330 toleratu
2492 3277 2751 3333 dilIicilia.

2128 3362 2600 3431 Quemadmodum
2616 3370 2880 3427 Israelita;
2915 3374 3190 3449 recordati
3221 3368 3471 3434 carnium
3494 3380 3641 3436 desi-

2059 3454 2326 3523 derarunt
2354 3474 2478 3525 esse
2502 3459 2560 3514 in
2587 3460 2821 3532 Egypto
2848 3464 2913 3527 ³⁷,
2940 3474 2997 3519 et
3023 3482 3214 3522 rursus
3233 3469 3446 3526 servire
3473 3480 3535 3526 ut
3556 3473 3640 3528 eis

2057 3548 2421 3619 implerentur
2452 3569 2465 3603 :
2504 3550 2579 3606 ita
2593 3552 2760 3607 etiam
2789 3569 2887 3609 eos
2913 3556 3010 3625 qui
3050 3556 3196 3613 inter
3223 3574 3326 3615 nos
3346 3571 3477 3618 sunt
3505 3564 3641 3625 insie

2057 3637 2379 3709 pientiores,
2421 3656 2578 3698 acres
2608 3643 2779 3701 animi
2829 3654 3083 3700 motuum
3123 3649 3438 3719 voluptates
3493 3668 3639 3725 saepe

2056 3729 2395 3800 persuadent
2425 3733 3111 3791 existimaretolerabilem
3150 3737 3357 3794 diaboli
3397 3743 3639 3799 servitu-

2058 3826 2189 3891 tem,
2217 3829 2279 3873 ut
2303 3819 2386 3874 eis
2409 3819 2684 3876 fruantur.
2717 3822 2828 3879 Eos
2853 3832 3038 3879 autem
3075 3825 3309 3883 dimittit
3340 3830 3487 3887 Deus
3511 3849 3637 3911 cum

2057 3924 2166 3963 non
2201 3911 2413 3979 possint
2446 3912 2717 3967 cohiberi.
2747 3914 2923 3986 Hujus
2942 3917 3098 3981 enim
3131 3920 3211 3973 rei
3234 3919 3404 3976 habet
3450 3923 3638 3996 imagi-

2056 4016 2184 4055 nem
2210 4010 2596 4073 ortygometrze
2624 4006 2998 4077 participatio.
3036 4008 3143 4064 Sed
3203 4014 3482 4081 quomodo
3526 4017 3641 4085 illis

2056 4090 2150 4161 qui
2178 4106 2400 4147 carnem
2430 4109 2644 4149 manna:
2667 4097 3043 4165 praetulerant,
3074 4098 3233 4155 cibus
3261 4102 3318 4175 in
3356 4102 3526 4178 bilem
3553 4091 3640 4162 est

2054 4194 2358 4239 conversus
2386 4198 2398 4235 :
2434 4182 2509 4237 ita
2535 4182 2602 4256 iis
2631 4184 2727 4253 qui
2757 4185 3077 4256 coelestibus
3092 4187 3309 4244 deliciis
3333 4193 3637 4262 praeierunt

2056 4280 2326 4338 terrenas,
2348 4281 2405 4327 et
2424 4275 2695 4343 spirituali
2720 4276 2989 4346 voluptati
3009 4280 3279 4349 carnales,
3312 4283 3381 4338 ad
3405 4284 3636 4360 exitium

2054 4361 2248 4417 animm
2279 4363 2424 4418 redit
2450 4380 2639 4420 earum
2664 4366 3031 4437 participatio.

2668 4573 2747 4638 De
2773 4592 2991 4630 manna.

2126 4685 2321 4740 Manna
2344 4686 2569 4754 quidem
2589 4703 2751 4757 mane
2769 4691 2938 4761 coepit
2965 4692 3031 4758 ³⁸,
3061 4692 3345 4753 Christum
3382 4702 3639 4775 praeﬁgu-

2055 4793 2207 4843 rans,
2232 4778 2327 4848 qui
2376 4786 2463 4834 est
2504 4779 2744 4835 ccelestis
2779 4784 2938 4852 panis
2970 4786 3228 4844 nutriens
3251 4791 3468 4847 animas
3505 4809 3629 4851 esu-

2055 4866 2342 4922 rientium:
2377 4867 2661 4937 quietiam
2681 4869 2904 4927 advenit
2929 4872 3127 4931 Oriens
3154 4876 3224 4932 iis
3244 4880 3337 4949 qui
3366 4882 3637 4938 sedebant

2047 4960 2104 5013 in
2139 4958 2404 5015 tenebris.
2459 4958 2841 5032 Ortygometra
2881 4974 3066 5021 autem
3106 4967 3176 5022 ad
3210 4984 3518 5040 vesperam,
3552 4975 3630 5028 si-

2045 5051 2310 5123 gniﬁcans
2359 5053 2544 5108 cultus
2587 5055 2776 5126 legalis
2815 5059 3135 5113 animalium
3177 5061 3468 5128 sacriﬁcia,
3506 5080 3631 5135 quae

2044 5143 2452 5217 peragebantur
2500 5146 2556 5200 in
2595 5147 2807 5215 umbris
2838 5157 2895 5203 et
2933 5150 3168 5203 exilibus
3200 5151 3449 5223 vestigiis
3479 5156 3630 5211 veri-

2043 5233 2193 5299 tatis,
2217 5241 2274 5287 et
2304 5233 2468 5288 ﬁnem
2513 5244 2672 5291 erant
2701 5245 3013 5306 acceptura.
3041 5238 3192 5293 Finis
3214 5239 3363 5295 enim
3404 5241 3515 5299 diei
3544 5255 3632 5303 est

2055 5341 2304 5396 vespera.

2123 5418 2261 5473 Cum
2302 5419 2557 5490 jussissct
2585 5419 2760 5485 Moses
2812 5420 2943 5475 Jesu
2988 5422 3103 5477 ﬁlio
3129 5422 3280 5479 Nave
3322 5427 3634 5501 uteligerct

2054 5512 2204 5566 viros
2243 5519 2517 5581 potentes,
2550 5520 2607 5567 ct
2651 5511 2832 5568 exiret
2876 5523 2934 5568 ct
2988 5516 3108 5572 acie
3165 5518 3461 5577 dimicaret
3499 5537 3626 5592 cum

3299 5661 3345 5694 ε”
3386 5659 3629 5734 tbut.i;

3227 5823 3304 5903 38

2515 5657 2556 5688 ³*
2590 5654 2762 5711 Exod.
2811 5673 2924 5725 xw,
2957 5658 2994 5714 2
3031 5676 3187 5732 seqq.
