4076 6468
455 336 593 395 H95

1640 328 1696 384 S.
1736 327 2008 384 CYRILLI
2048 326 2135 382 ET
2165 324 2478 406 .ALIORUM

3554 317 3581 371 1
3595 312 3692 371 196

449 453 675 513 Amalec
694 448 1207 523 “,subsigniﬁcavit
1255 450 1404 523 quod
1441 451 1599 507 Iesus
1617 450 1869 506 Christus
1891 448 2020 503 sub-

2128 447 2325 513 ξασθαι
2360 444 2625 516 ’Δμαλὴκ,
2658 442 3027 512 ύπεσήμαινεν
3058 439 3138 493 ὅτι
3179 434 3383 508 Ἰησοῦς
3409 435 3438 487 ὁ
3462 434 3703 504 Χριστὸς

448 548 670 622 jicietur
701 544 974 600 mandatis
990 544 1127 617 legis
1152 544 1420 599 Mosaicae.
1449 562 1466 594 ι
1500 542 1620 597 Non
1638 541 1788 606 veni,
1819 539 2020 609 inquit,

447 638 518 695 ad
549 636 867 692 solvendam
891 635 1090 707 legem,
1131 635 1230 691 sed
1249 633 1583 705 implendam
1611 632 1674 685 ⁸ο.
1736 651 1755 683 ι
1795 631 1864 685 Ει
1898 645 2021 684 cum

454 727 707 798 elegisset
727 742 795 782 ex
834 727 1095 782 universo
1124 726 1327 782 lsraele
1357 735 1412 780 et
1442 739 1513 780 ex
1552 723 1811 777 universa
1861 729 2023 791 gente

447 818 599 872 viros
626 825 902 887 potentes,
924 831 1131 881 sacros,
1161 816 1407 886 inquam,
1428 813 1705 885 apostolos
1749 821 1806 866 et
1829 825 2022 864 eorum

449 923 817 972 successores,
844 908 913 963 ad
941 907 1347 978 conﬂigendum
1365 904 1482 961 acie
1511 921 1638 960 cum
1654 903 1872 959 diabolo
1895 918 2021 973 rege

444 1000 571 1056 vitii
597 1010 654 1056 et
679 999 912 1070 peccati,
950 1014 1077 1054 eum
1113 998 1469 1069 expugnabit.
1513 996 1786 1053 Postridie
1833 1004 2019 1049 autem

443 1090 609 1162 jussit
645 1091 784 1145 strui
822 1090 1016 1155 aciem,
1044 1088 1361 1159 signiﬁcans
1375 1089 1521 1159 quod
1545 1096 1736 1158 postea
1769 1094 2020 1141 secutum

448 1189 761 1250 esttempus
774 1189 1040 1249 susceptae
1056 1180 1434 1243 humanitatis,
1450 1178 1592 1249 quod
1612 1187 1696 1233 est
1711 1186 1835 1247 post
1850 1176 2022 1230 adim-

448 1270 745 1339 pletionem
783 1269 1046 1338 temporis
1088 1267 1299 1338 legalis.
1341 1265 1601 1321 Ascendit
1629 1274 1809 1319 autem
1845 1261 2022 1316 Moses

450 1377 617 1431 super
629 1362 893 1416 verticem
915 1360 1166 1424 collis,;ut
1181 1368 1365 1429 posset
1382 1358 1583 1413 intueri
1603 1356 1871 1427 praelium.
1884 1354 2020 1408 Nam

449 1458 667 1518 quaeest
679 1463 746 1502 ex
760 1449 874 1518 lege
890 1448 1239 1520 mystagogia,
1256 1446 1577 1502 conscendit
1596 1446 1662 1500 ad
1676 1443 2019 1499 altitudinem

448 1538 778 1609 cognitionis
833 1554 1130 1610 congruam
1151 1547 1206 1593 et
1251 1539 1547 1593 habentem
1601 1536 2016 1608 symmetriam,

450 1631 596 1686 unde
615 1632 828 1701 possint
849 1631 1022 1686 ,ἰυόωί
1044 1631 1246 1686 intueri
1293 1629 1733 1686 Christianorum
1762 1636 2023 1698 stratage-

447 1706 595 1778 mata
614 1740 629 1774 :
653 1730 708 1777 et
725 1723 904 1794 Moyse
920 1722 1141 1792 quidem
1156 1721 1487 1776 extendente
1509 1736 1703 1775 manus
1718 1720 2019 1774 invalesce-

448 1812 543 1868 bat
576 1812 763 1878 Israel,
792 1796 1105 1868 remittente
1147 1822 1330 1867 autem
1368 1811 1741 1867 invalescebat
1776 1810 2016 1864 Amalec.

445 1904 583 1959 Nam
612 1919 805 1959 manus
825 1905 1046 1974 quidem
1079 1905 1132 1958 in
1168 1921 1350 1959 acrem
1377 1892 1649 1974 expansae,
1695 1902 2021 1958 describunt

449 1994 676 2066 ﬁguram
700 1997 886 2051 crucis
903 2014 914 2048 :
931 1997 1102 2050 vincit
1118 2004 1300 2050 autem
1315 1995 1632 2066 quicunque
1650 1994 1756 2049 fert
1775 2008 2016 2048 crucem:

446 2085 721 2155 quomodo
744 2101 934 2141 rursus
981 2087 1295 2156 quicunque
1344 2102 1453 2141 non
1474 2088 1580 2141 fert
1620 2101 1863 2150 crucem,
1923 2083 2020 2139 scd

447 2175 652 2232 Christi
686 2174 847 2230 ﬁdem
869 2176 1075 2241 amisit,
1107 2176 1252 2231 bello
1270 2176 1561 2247 premitur.
1598 2176 1804 2232 Graves
1835 2183 2020 2229 autem

449 2282 645 2322 manus
667 2266 850 2333 Mosis,
878 2279 935 2325 et
961 2282 1082 2338 quae
1100 2268 1193 2322 vix
1216 2269 1546 2322 attolluntur
1574 2269 1630 2322 in
1654 2268 1855 2322 dictam
1884 2266 2019 2341 ﬁgu-

450 2373 567 2413 ram
598 2375 613 2411 :
654 2357 911 2427 quoniam
933 2365 990 2413 et
1008 2359 1103 2429 qui
1123 2359 1382 2430 sintlegis
1415 2375 1541 2413 raro
1565 2358 1633 2413 ad
1658 2359 1764 2413 hoc
1794 2358 2022 2413 veniunt

449 2458 510 2504 ut
536 2448 717 2504 ferant
762 2462 985 2503 crucem
1029 2448 1256 2505 Christi.
1310 2450 1381 2504 Et
1418 2449 1773 2520 accipientes,
1819 2449 2019 2518 inquit,

448 2537 683 2609 lapidem
704 2537 755 2592 ei
796 2546 1223 2608 supposuerunt.
1255 2539 1324 2593 Et
1348 2538 1528 2593 Aaron
1545 2547 1601 2593 et
1631 2538 1705 2593 Or
1744 2538 2023 2593 suffulcie-

448 2631 601 2698 bant,
625 2631 823 2700 inquit,
847 2629 898 2685 ei
929 2645 1125 2685 manus
1146 2631 1276 2685 hinc
1305 2647 1449 2686 unus
1464 2640 1520 2686 et
1547 2631 1675 2686 inde
1720 2634 1881 2685 unus.
1917 2631 2021 2685 La-

446 2724 534 2793 pis
554 2723 705 2778 enim
743 2721 1019 2792 pretiosus
1061 2730 1118 2776 et
1156 2721 1370 2777 electus
1415 2730 1501 2776 cst
1543 2720 1795 2777 Christus
1828 2721 1896 2785 δ’,
1931 2721 2021 2775 cui

449 2813 750 2867 innitentes
775 2811 1070 2881 quiescunt
1095 2811 1189 2881 qui
1223 2811 1460 2889 credunt
1497 2827 1564 2867 ex
1596 2812 1813 2867 lsraele.
1873 2813 2022 2868 ldem

449 2913 633 2959 autem
666 2902 921 2957 Christus
939 2900 1267 2971 intelligitur
1293 2910 1350 2957 et
1373 2902 1552 2957 Aaron
1578 2911 1633 2958 et
1657 2901 1753 2970 Or,
1787 2912 1849 2957 ut
1882 2919 2021 2973 pon-

450 2996 583 3051 tilcx
604 3004 660 3049 et
687 2995 874 3065 judex.
900 2992 1037 3047 Nam
1059 2992 1242 3047 Aaron
1267 2993 1491 3064 quidem
1519 3004 1603 3050 est
1624 2995 1889 3066 pontifex,
1946 2995 2022 3051 Or

2125 539 2530 607 ύποταγήσεται
2578 536 2697 596 ταῖς
2740 532 2976 595 ἐντολαῖς
3022 528 3117 583 τοῦ
3172 525 3467 582 Μωσαῖκοῦ
3506 524 3700 594 νόμου.

2132 649 2151 682 ι
2192 630 2308 683 Οὐκ
2335 624 2497 698 ἦλθον
2527 626 2656 695 γὰρ,
2698 624 2852 694 φησι,
2888 620 3188 676 καταλῦσαι
3218 619 3309 672 τὸν
3339 617 3525 688 νόμον,
3554 614 3692 669 ἀλλὰ

2123 720 2431 791 πληρῶσαι.
2502 737 2521 769 ι
2587 717 2698 771 Καὶ
2755 714 3142 783 ἐπιλεξάμενος
3201 711 3267 763 ἐκ
3336 708 3539 771 παντὸς
3596 705 3693 760 τοῦ

2135 810 2373 882 Ἰσραὴλ,
2409 810 2505 863 καὶ
2547 809 2611 861 ἐκ
2666 805 2866 869 παντὸς
2921 803 3130 867 ἔθνους,
3182 801 3380 872 ἄνδρας
3410 795 3688 859 δυνατούς·

2122 904 2267 975 φημὶ
2303 901 2367 972 δὴ
2391 900 2516 963 τοὺς
2569 897 2745 969 ἱεροὺς
2776 894 3102 956 ἀποστόλους
3136 891 3230 945 καὶ
3264 890 3390 953 τοὺς
3417 888 3692 957 διαδόχους

2121 989 2697 1065 αὐτῶν-παρατάξεται
2717 987 2794 1059 τῷ
2815 986 3044 1056 διαϐόλῳ
3057 983 3137 1055 τῷ
3155 982 3364 1053 βασιλεί
3378 981 3473 1049 τῆς
3492 977 3692 1040 κακίας

2125 1086 2220 1140 καί⁵
2252 1082 2545 1154 ἁμαρτίας,
2577 1079 2671 1133 καὶ⁵
2715 1075 3153 1145 καταπολεμήσει
3186 1070 3364 1125 αὐτόν.
3401 1067 3694 1138 Είσαύριον

2120 1177 2177 1230 δὲ
2198 1176 2299 1247 τὴν
2345 1173 2650 1245 παράταξιν
2666 1168 2975 1239 ’διωρίσατο
3005 1163 3351 1234 ποιήσασθαι’
3384 1159 3559 1230 δηλῶν
3598 1159 3693 1210 τὸν

2125 1267 2420 1338 μετέπειτα
2447 1262 2639 1335 καιρὸν
2671 1264 2771 1332 τῆς
2830 1256 3291 1328 ἐνανθρωπήσεως
3320 1252 3410 1305 τὸν
3455 1249 3591 1320 μετὰ

2122 1337 2394 1427 πλήρωμα
2426 1352 2521 1407 τοῦ
2551 1351 2774 1423 νομικοῦ
2831 1348 3042 1419 χρόνου.
3090 1345 3298 1397 Ἀνεισι
3352 1341 3408 1393 δὲ
3448 1340 3543 1392 ἐπὶ
3589 1337 3692 1408 τὴν

2123 1448 2364 1519 κορυφὴν
2407 1444 2502 1499 τοῦ
2554 1442 2741 1514 βουνοῦ
2775 1441 3001 1509 Μωσῆς,
3045 1438 3111 1490 ἵν’
3150 1434 3250 1507 ἐχῃ
3301 1434 3540 1503 καθορᾷν
3590 1430 3692 1502 τὴν

2125 1540 2322 1611 μάχην.
2352 1533 2694 1599 Ἀναϐιόάζει
2722 1533 2832 1604 γὰρ
2861 1533 2955 1585 καὶ
2983 1533 3017 1600 ὴ
3049 1527 3192 1582 κατὰ
3211 1527 3373 1597 νόμον
3397 1539 3690 1596 μυσταγωο

2120 1633 2214 1700 γία
2262 1630 2395 1701 πρὸς
2445 1628 2576 1698 ὕψος
2631 1627 2941 1695 σύμμετρον
2968 1619 3254 1691 γνώσεως’
3300 1617 3422 1670 ὃθεν
3450 1615 3516 1668 ἂν
3560 1615 3692 1666 ’1ου-
3784 1659 3791 1666 .

2120 1725 2259 1777 δαίοι
2282 1721 2525 1775 δύναιντο
2561 1718 2799 1789 καθορᾷν
2827 1716 2897 1768 τὰ
2929 1713 3036 1767 τῶν
3068 1711 3197 1783 περὶ
3234 1706 3466 1780 Χριστὸν
3495 1722 3690 1779 στρατ-

2122 1815 2416 1885 ηγήματα*
2463 1811 2554 1864 καὶ
2584 1809 2958 1869 ἀνατείναντος
2987 1805 3086 1875 μὲν
3116 1802 3362 1864 Μωσέως
3380 1799 3481 1863 τὰς
3502 1801 3691 1869 χεῖρας

2123 1906 2410 1975 κατίσχυεν
2441 1902 2687 1974 Ἰσραήλο
2709 1899 2987 1962 καθιέντος
3019 1898 3075 1952 δὲ
3090 1894 3379 1964 κατίσχυεν
3419 1892 3690 1962 ’Δμαλήκ.

2122 1999 2314 2067 Χείρες
2343 1996 2442 2067 μὲν
2464 1994 2571 2065 γὰρ
2584 1991 2856 2062 ἀποτάδην
2875 1991 2955 2053 είς
2970 1989 3105 2061 ἀέρα
3122 1988 3487 2056 δεικνύμεναι,
3503 1982 3564 2035 τὸ
3594 1980 3690 2034 τοῦ

2123 2085 2357 2157 σταυροῦ
2386 2084 2574 2155 σχῆμα
2615 2082 2909 2154 γράφουσι,
2940 2080 3049 2142 πᾶς
3074 2078 3130 2131 δέ
3153 2075 3518 2147 σταυροφόρος
3537 2073 3685 2142 νικᾷ·

2121 2176 2371 2247 καθάπερ
2415 2170 2482 2229 αὖ
2536 2175 2644 2237 πᾶς
2678 2175 2754 2244 μὴ
2799 2171 2891 2224 τὸν
2931 2168 3162 2239 σταυρὸν
3187 2167 3387 2237 φέρων,
3416 2164 3551 2219 ἀλλὰ
3587 2163 3691 2232 τὴν

2121 2268 2264 2323 κατὰ
2285 2267 2519 2339 Χριστὸν
2550 2265 2731 2318 πίστιν
2763 2262 3085 2335 προέμενος,
3114 2259 3450 2330 πολεμεῖται.
3470 2257 3694 2327 Βαρείαι

2119 2361 2178 2414 δέ
2212 2362 2268 2415 αἱ
2298 2361 2478 2431 χεῖρες
2518 2357 2781 2421 Μωσέως,
2815 2356 2910 2409 καὶ
2956 2354 3110 2426 μόλις
3153 2351 3506 2423 ἐπαιρόμεναι
3552 2346 3693 2419 πρὸς

2121 2452 2212 2506 τὸν
2238 2451 2529 2522 εἰρημένον
2561 2448 2750 2501 τύπον.
2786 2446 2909 2501 Ὀτι
2959 2446 3053 2499 καὶ
3094 2445 3145 2497 οἱ
3198 2443 3294 2497 τοῦ
3324 2442 3491 2513 νόμου
3538 2440 3693 2511 μόλις

2125 2542 2352 2610 ἥκουσιν
2400 2540 2481 2602 εἰς
2509 2538 2571 2591 τὸ
2603 2536 2831 2608 φορέσαι
2883 2534 2975 2588 τὸν
3032 2531 3261 2602 σταυρὸν
3291 2529 3386 2583 τοῦ
3428 2527 3688 2599 Χριστοῦ.

2123 2631 2238 2685 Καὶ
2271 2629 2549 2693 λαϐόντες,
2577 2627 2732 2698 φησὶ,
2758 2624 2905 2679 λίθον
2951 2621 3230 2692 ὑπέθηκαν
3261 2621 3351 2674 ὑπ’
3383 2618 3564 2680 αὐτὸν,
3598 2618 3694 2671 καὶ

2122 2722 2355 2791 ἐκάθητο
2395 2721 2482 2773 ἐπ’
2513 2718 2701 2772 αὐτοῦ’
2731 2717 2824 2770 καὶ
2876 2714 3086 2785 Ἀαρὼν
3118 2714 3213 2767 καὶ
3247 2713 3367 2783 Ὦρ,
3403 2706 3692 2779 ἐστήριζον

2120 2815 2218 2878 τὰς
2241 2816 2430 2885 χεῖρας
2448 2810 2634 2875 αὐτοῦ,
2657 2809 2904 2864 ἐντεῦθεν
2923 2802 3025 2872 εἷς,
3048 2806 3142 2860 καὶ
3158 2804 3403 2858 ἐντεῦθεν
3417 2798 3516 2866 εἷς.
3533 2801 3695 2864 Δίθος

2124 2907 2224 2977 μὲν
2261 2905 2370 2977 γὰρ
2401 2903 2579 2975 τίμιος
2598 2900 2694 2955 καὶ
2720 2898 2972 2963 ἐκλεκτὸς
2994 2900 3021 2950 6
3044 2895 3297 2968 Χριστὸς,
3318 2894 3403 2964 ἐφ’
3417 2892 3696 2964 δνέρειδό-

2125 3017 2275 3072 μενοι
2318 2997 2721 3061 ἀναπαύονται,
2757 2994 2806 3047 οἱ
2841 2993 2900 3060 ἐξ
2952 2991 3169 3064 Ἰσραὴλ
3215 2990 3578 3053 πιστεύοντες.
3636 2990 3697 3042 'O

449 3101 582 3142 vero
604 3085 771 3157 iudex
801 3102 815 3138 :
846 3083 940 3154 qui
965 3083 1217 3139 Christus
1233 3101 1331 3155 per
1353 3097 1647 3157 utrumque
1672 3087 2014 3157 intelligitur,

2125 3091 2284 3156 αὐτὸς
2313 3090 2372 3144 δὲ
2407 3088 2639 3161 Χριστὸς
2694 3088 2897 3141 νοεῖται
2944 3084 3038 3139 καὶ
3088 3080 3296 3154 ’Δαρὼν
3347 3082 3440 3135 καὶ
3467 3082 3585 3152 Ὢρ,
3619 3079 3696 3144 ὡς

447 3175 697 3234 suﬁ‘ulcit
731 3175 921 3233 ﬁdeles
958 3191 1027 3231 ex
1070 3174 1272 3231 Israele
1334 3175 1391 3230 in
1451 3176 1613 3231 ﬁdem
1642 3186 1697 3232 et
1727 3178 2018 3233 victoriam

2126 3184 2417 3255 ἀρχιερεὺς
2469 3180 2565 3235 καλ⁵
2603 3179 2815 3251 κριτής·
2859 3174 3069 3245 Ἀαρὼν
3105 3175 3202 3245 μὲν
3232 3174 3338 3246 γὰρ
3384 3175 3696 3245 ἀρχιερεὺς,

446 3286 568 3342 qna:
594 3279 679 3326 est
703 3285 802 3341 per
831 3281 1071 3330 crucem.
1106 3281 1286 3340 neque
1315 3283 1411 3326 eos
1438 3268 1572 3325 sinit
1597 3271 1811 3341 gravari
1845 3272 2017 3329 etde-

443 3379 627 3435 primi.

516 3627 696 3683 loses
742 3633 926 3683 autem
961 3639 992 3678 a
1040 3624 1152 3677 Deo
1178 3621 1477 3678 institutus
1517 3624 1676 3697 jussit
1722 3624 1927 3694 popqu
1962 3633 2021 3678 ut

446 3720 658 3775 lavaret
677 3718 1006 3774 vestimenta
1033 3730 1153 3779 sua,
1180 3722 1237 3769 et
1276 3714 1576 3770 abstineret
1604 3732 1635 3771 a
1660 3717 1924 3781 muliere,
1965 3725 2021 3771 et

448 3812 525 3866 ita
554 3811 658 3866 sub
676 3818 861 3865 monte
887 3808 1037 3863 Sinai
1062 3824 1121 3865 se
1148 3809 1261 3863 Deo
1280 3809 1497 3863 sisteret
1524 3808 1586 3862 δ’.
1613 3807 1841 3879 Oportet
1872 3810 2020 3864 enim

447 3917 653 3959 exuere
706 3900 1100 3973 turpitudinem
1127 3900 1290 3966 vitii,
1334 3908 1391 3956 et
1416 3900 1650 3957 induere
1716 3903 2023 3972 pulchritu-

449 3994 638 4050 dinem
696 3992 920 4048 virtutis
947 4033 961 4056 ,
1012 4001 1069 4047 et
1116 4007 1318 4062 purum
1375 4007 1497 4048 esse
1552 4007 1583 4045 a
1642 3993 1921 4063 voluptate
1967 4002 2024 4050 et

446 4085 868 4156 inquinamento
939 4084 1205 4154 corporis.
1267 4082 1385 4137 Hoc
1441 4090 1624 4137 autem
1673 4083 1762 4137 lex
1798 4084 2019 4154 ,jubet,

446 4179 606 4251 cujus
664 4177 837 4250 ﬁgura
882 4176 1093 4248 Moyses
1147 4176 1372 4232 Christo
1427 4176 1541 4229 Deo
1591 4173 1737 4230 sistit
1784 4190 1881 4231 eos
1926 4176 2022 4247 qui

445 4270 702 4336 credunt,
742 4269 919 4325 instar
954 4262 1238 4339 paedagogi
1263 4266 1546 4333 erudiens,
1577 4275 1634 4322 et
1664 4282 2018 4338 componens,

444 4372 505 4422 et
530 4362 811 4419 adducens
830 4359 899 4416 ad
923 4360 1340 4431 perfectionem.
1366 4359 1662 4417 Descendit
1675 4369 1858 4416 autem
1876 4361 2022 4417 Deus

2127 3278 2321 3349 κριτὴς
2366 3276 2423 3329 δὲ
2458 3262 2585 3347 Ὠρ.
2628 3276 2725 3338 Ὃς
2755 3273 2989 3344 Χριστὸς
3029 3271 3095 3325 δι’
3122 3271 3444 3341 ἀμφοτέρων
3476 3270 3701 3341 νοούμε-

2129 3383 2239 3431 νος,
2273 3362 2547 3435 ύπερείδει
2575 3362 2701 3426 τοὺς
2746 3361 2807 3426 ἐξ
2846 3357 3066 3432 Ἰσραὴλ
3097 3360 3338 3422 πιστοὺς,
3373 3358 3452 3420 είς
3484 3358 3582 3428 τὴν
3610 3358 3700 3410 διὰ

2127 3456 2221 3510 τοῦ
2257 3452 2491 3525 σταυροῦ
2539 3452 2633 3506 καὶ
2671 3450 2877 3517 πίστιν,
2906 3449 3001 3503 καὶ
3032 3449 3211 3520 νίκην,
3249 3447 3345 3501 καὶ¹
3385 3447 3484 3500 οὐκ
3514 3448 3579 3518 ἐᾷ
3610 3446 3702 3518 βα-

2132 3545 2340 3618 ρεῖσθαι
2368 3544 2463 3598 καὶ
2485 3540 2883 3597 κατασπᾶσθαι.

2212 3634 2530 3705 Ἐνηχηθεὶς
2584 3631 2767 3686 θεόθεν
2818 3635 2846 3686 6
2893 3631 3099 3702 Μωσῆς
3132 3629 3431 3703 προσέταξε
3468 3629 3547 3701 τῷ
3587 3628 3699 3699 λαῷ

2135 3726 2331 3781 πλῦναι
2360 3727 2428 3779 τὰ
2465 3723 2657 3796 ἱμάτια
2688 3723 2915 3789 ἑαυτῶν,
2943 3723 3038 3778 καὶ
3070 3722 3404 3794 ἀποσχέσθαι
3421 3721 3695 3790 γυναικὸς,

2130 3820 2221 3874 καὶ
2246 3817 2419 3881 οὕτως
2464 3816 2569 3871 ὑπὸ
2592 3816 2653 3869 τὸ
2689 3816 2813 3887 ὅρος
2869 3815 3001 3869 Σινᾶ
3052 3814 3399 3886 παραστῆναι
3448 3814 3528 3885 τῷ
3556 3814 3696 3885 Θεῷ.

2132 3911 2253 3982 Χρὴ
2293 3910 2400 3980 γὰρ
2453 3906 2863 3963 ἀποπλύνασθαι
2920 3906 2982 3960 τὸ
3020 3901 3209 3977 αῐσχος
3250 3907 3347 3975 τῆς
3379 3907 3574 3971 κακίας
3605 3908 3699 3960 καὶ

2129 4000 2451 4055 ἐνδύσασθαι
2479 3998 2541 4052 τὸ
2568 3998 2763 4061 κάλλος
2803 3999 2903 4067 τῆς
2949 3997 3179 4070 ἀρετῆς,
3235 3998 3330 4052 καὶ
3375 3997 3700 4068 καθαρεύειν

2131 4087 2450 4159 σωματικῆς
2475 4086 2668 4157 ἡδονῆς
2698 4087 2793 4139 καὶ
2826 4084 3125 4155 μολυσμοῦ.
3154 4085 3324 4140 Τοῦτο
3348 4086 3405 4140 δὲ
3431 4089 3702 4158 προστάτ-

2127 4196 2234 4233 των
2261 4180 2289 4231 6
2318 4178 2501 4249 νόμος,
2538 4171 2598 4231 οὖ
2629 4177 2799 4240 τύπος
2831 4178 2860 4229 6
2892 4177 3114 4247 Μωσῆς,
3151 4179 3447 4250 παρίστησι
3480 4177 3702 4250 Χριστῷ

2128 4271 2207 4344 τῷ
2226 4272 2344 4343 Θεῷ
2368 4271 2494 4334 τοὺς
2519 4269 2875 4340 πειθομένους
2895 4270 3258 4340 παιδαγωγῶν
3287 4272 3380 4326 καὶ
3398 4271 3698 4343 ῥυθμίζων,

2130 4364 2223 4419 κα)⁵
2257 4363 2552 4434 προσάγων
2588 4365 2654 4434 τῇ
2690 4363 3005 4435 τελειότητι.
3053 4363 3276 4434 Κατέὁη
3303 4363 3360 4417 δὲ
3392 4366 3421 4417 ό
3461 4365 3593 4428 Θεὸς
3636 4365 3701 4417 ού

446 4470 558 4510 non
582 4453 650 4509 ad
673 4452 959 4524 populum,
985 4451 1082 4507 sed
1112 4451 1171 4505 in
1215 4457 1478 4507 montem.
1508 4452 1644 4508 Nam
1671 4453 1759 4508 lex
1798 4453 2020 4523 quidem

2133 4455 2267 4527 πρὸς
2304 4455 2394 4507 τὸν
2443 4454 2590 4519 λαὸν,
2616 4453 2751 4508 ἀλλὰ
2781 4455 2919 4525 πρὸς
2950 4454 3010 4507 τὸ
3043 4453 3189 4524 ὅρος.
3227 4454 3284 4506 ’0
3310 4452 3412 4523 μὲν
3447 4454 3555 4525 γὰρ
3589 4453 3699 4507 τῶν

447 4546 807 4602 Hehmorum
835 4551 924 4598 est
945 4542 1195 4608 humilis,
1223 4541 1435 4613 abjecta
1479 4552 1536 4599 et
1585 4544 1879 4601 terrestris.
1910 4544 2024 4600 Lex

447 4642 632 4690 autem
651 4631 1091 4687 Christianorum
1114 4640 1200 4686 est
1227 4639 1410 4688 mente
1435 4634 1668 4703 excelsa,
1699 4635 2025 4691 etsublimis

420 4724 942 4794 contemplatione,
970 4731 1028 4779 et
1059 4741 1223 4796 super
1251 4727 1537 4782 terrestria
1560 4728 1617 4782 in
1648 4728 1819 4782 altum
1857 4726 2020 4791 elata,

446 4815 518 4871 ad
541 4830 664 4884 quae
697 4814 842 4870 Deus
870 4829 1088 4886 quoque
1121 4816 1343 4873 advenit
1381 4818 1762 4887 corporaliter,
1813 4824 1869 4872 et
1896 4832 2021 4872 cum

445 4905 651 4978 quibus
676 4911 762 4959 est
797 4914 1153 4962 conversatus
1196 4907 1361 4962 homo
1413 4906 1610 4961 factus.
1645 4904 1800 4960 Mons
1838 4914 2019 4960 autem

443 5002 562 5050 erat
594 4994 736 5067 ignis
763 4995 829 5051 ad
870 5002 1135 5052 terrorem
1182 4996 1404 5067 quidem
1455 4995 1626 5051 crassi
1673 4996 1881 5065 populi,
1933 4997 2024 5052 cui

446 5102 556 5142 non
588 5096 707 5143 erat
739 5088 967 5159 spiritus
990 5088 1227 5145 ﬁliorum
1271 5088 1601 5159 adoptionis,
1644 5087 1739 5142 sed
1786 5089 2024 5144 servitu-

445 5176 557 5245 tis,
577 5178 645 5232 ad
672 5187 936 5235 terrorem
958 5179 1076 5250 ejus
1100 5180 1194 5248 qui
1221 5179 1491 5232 violenter
1512 5186 1569 5232 et
1587 5193 1698 5232 non
1720 5179 2027 5235 voluntarie

447 5269 622 5325 Deum
657 5271 819 5325 colit:
851 5270 919 5325 ad
969 5269 1421 5340 expurgationem
1465 5277 1648 5322 autem
1675 5269 2022 5339 juventutis;

446 5370 532 5418 cst
554 5362 701 5416 enim
735 5362 961 5433 quidam
1005 5363 1145 5432 ignis
1191 5360 1561 5433 purgatorius,
1612 5360 1791 5417 l‘umus
1836 5373 2017 5418 autem

448 5451 612 5507 tacite
669 5455 933 5510 innuebat
967 5470 1229 5508 arcanum
1263 5453 1462 5508 divinae
1501 5460 1731 5507 naturae.
1786 5473 1804 5505 ι
1829 5456 2020 5511 Posuit

448 5544 617 5609 enim,
674 5543 872 5613 inquit,
934 5543 1189 5599 tenebras
1231 5543 1543 5598 .latibulum
1584 5558 1746 5598 suum
1800 5545 1906 5600 ⁸³.»
1949 5548 2017 5601 Et

2139 4547 2407 4619 Ἑϐραίων
2456 4547 2584 4611 λαὸς
2641 4547 2977 4618 χαμαίζηλος
3030 4546 3125 4600 καὶ
3171 4546 3399 4618 γεώδης,
3433 4549 3461 4600 ὁ
3504 4546 3559 4600 δέ
3592 4546 3700 4601 τῶν

2126 4638 2490 4708 Χριστιανῶν,
2531 4639 2770 4710 ὑψίνους,
2794 4639 2890 4692 καὶ
2922 4642 2990 4711 τῇ
3026 4639 3227 4710 θεωρίᾳ
3271 4640 3558 4710 μετέωρος.
3605 4642 3700 4695 καὶ⁹

2125 4730 2233 4783 τῶν
2285 4732 2490 4800 γηίνων
2547 4729 2950 4806 ὑπερηρμένος.
2990 4723 3086 4793 Οἷς
3139 4730 3233 4781 καὶ
3297 4730 3623 4800 σωματικῶς
3670 4733 3701 4784 6

2126 4821 2258 4884 Θεὸς
2292 4821 2605 4891 ἐπεδήμησε
2649 4823 2741 4873 καὶ
2779 4821 3189 4892 συνανεστράφη
3250 4820 3696 4892 ἐνανθρωπήσας.

2125 4912 2245 4983 Πῦρ
2277 4912 2333 4965 δὲ
2362 4914 2487 4983 περὶ
2514 4913 2573 4966 τὸ
2603 4912 2747 4983 ὅρος,
2778 4915 2857 4976 εἰς
2887 4911 3050 4982 φόϐον
3075 4912 3173 4983 μὲν
3195 4912 3287 4965 τοῦ
3324 4912 3523 4984 παχέος
3545 4912 3701 4979 λαοῦ,

2123 4999 2167 5073 ᾧ
2204 5004 2305 5057 οὐκ
2343 4999 2412 5074 ἦν
2460 5001 2676 5074 πνεῦμα
2708 5002 3001 5070 υἱοθεσίας,
3033 5003 3168 5058 ἀλλὰ
3197 5003 3439 5068 δουλείας
3493 5004 3571 5068 είς
3607 5006 3703 5073 φό-

2124 5093 2239 5155 ϐον,
2276 5092 2466 5163 βιαίως
2494 5092 2717 5163 ἡγμένῳ
2755 5092 2849 5145 καὶ
2880 5093 2980 5146 οὐκ
3013 5092 3332 5155 ἐθελουσίως
3365 5091 3695 5147 εὐσεϐοῦντι·

2124 5187 2203 5249 είς
2235 5183 2500 5255 κάθαρσιν
2530 5185 2586 5238 δὲ
2610 5182 2703 5237 τοῦ
2747 5184 2866 5237 νέου
2887 5202 2899 5217 ο
2938 5184 3049 5238 ἐστι
3081 5184 3190 5254 γὰρ
3216 5184 3308 5238 καὶ
3342 5183 3456 5256 πῦρ
3492 5186 3703 5257 καθαρ-

2123 5276 2191 5346 τή
2202 5288 2336 5346 ριον.
2371 5276 2430 5326 '0
2450 5274 2507 5327 δὲ
2538 5275 2740 5336 καπνὸς
2754 5274 2815 5327 τὸ
2835 5275 3150 5347 ἀπόκρυφον
3167 5274 3409 5346 ᾐνίττετο
3430 5277 3527 5348 τῆς
3552 5277 3702 5343 θείας

2129 5363 2363 5447 φύσεως.
2404 5384 2423 5441 ς
2460 5365 2652 5417 Ἐθετο
2673 5364 2801 5433 γὰρ,
2841 5365 2994 5436 φησι,
3028 5365 3219 5430 σκότος
3260 5367 3582 5440 άποκρυφὴν
3604 5370 3702 5423 αὐ-

2127 5450 2240 5511 τοῦ.
2283 5475 2301 5509 ι
2339 5453 2415 5510 Ἦ
2438 5457 2531 5510 καὶ
2561 5456 2756 5525 ἄλλως,
2784 5459 2813 5510 6
2845 5458 2945 5529 μὲν
2974 5458 3180 5522 καπνὸς
3208 5460 3286 5523 είς
3311 5458 3577 5530 σύμϐολον
3598 5460 3701 5532 τῆς

2125 5546 2343 5619 ἀχλύος,
2371 5544 2405 5620 ἥ
2439 5549 2809 5620 κατακέχυται
2860 5551 2957 5622 τῆς
2984 5552 3228 5615 διανοίας
3253 5552 3362 5605 τῶν
3406 5551 3696 5619 Ἰουδαίων,

520 5726 563 5756 ³’
592 5727 763 5784 Exod.
792 5728 988 5794 xvn,9.
1067 5727 1111 5761 ⁶⁰
1142 5727 1331 5785 Matth.
1358 5747 1410 5797 ν,
1448 5729 1535 5785 i7.
1613 5731 1654 5764 “
1683 5733 1700 5787 Ι
1725 5733 1848 5799 Cor.
1881 5752 1932 5803 x,
1966 5736 2018 5790 4.

2125 5702 2344 5794 ’,Εχοὼ
2371 5754 2480 5807 xxx,
2508 5740 2592 5807 H,
2634 5739 2713 5795 l5.
2791 5740 2836 5773 "
2858 5741 2997 5798 Psal.
3026 5757 3153 5810 xvn,
3189 5742 3276 5798 l‘i.
