  <div class='ocr_page' id='page_1' title='image "/cluster/home/n/w/nwhite01/storage/ocr_20150623/77:no.10/coo.31924054869783/606.png"; bbox 0 0 4076 6426; ppageno 0'>
   <div class='ocr_carea' id='block_1_1' title="bbox 369 270 509 320">
    <p class='ocr_par' dir='ltr' id='par_1_1' title="bbox 369 270 509 320">
     <span class='ocr_line' id='line_1_1' title="bbox 369 270 509 320; baseline -0.029 0"><span class='ocrx_word' id='word_1_1' title='bbox 369 270 509 320; x_wconf 72' lang='lat'><strong>1197</strong></span> 
     </span>
    </p>
   </div>
   <div class='ocr_carea' id='block_1_2' title="bbox 1743 254 2269 312">
    <p class='ocr_par' dir='ltr' id='par_1_2' title="bbox 1743 254 2269 312">
     <span class='ocr_line' id='line_1_2' title="bbox 1743 254 2269 312; baseline -0.01 0"><span class='ocrx_word' id='word_1_2' title='bbox 1743 254 2269 312; x_wconf 71' lang='lat' dir='ltr'><strong>CULLECTANEA.</strong></span> 
     </span>
    </p>
   </div>
   <div class='ocr_carea' id='block_1_3' title="bbox 3494 247 3632 304">
    <p class='ocr_par' dir='ltr' id='par_1_3' title="bbox 3494 247 3632 304">
     <span class='ocr_line' id='line_1_3' title="bbox 3494 247 3632 304; baseline 0.014 -3"><span class='ocrx_word' id='word_1_3' title='bbox 3494 247 3632 304; x_wconf 72' lang='lat'><strong>“98</strong></span> 
     </span>
    </p>
   </div>
   <div class='ocr_carea' id='block_1_4' title="bbox 373 362 1969 448">
    <p class='ocr_par' dir='ltr' id='par_1_4' title="bbox 373 371 1951 448">
     <span class='ocr_line' id='line_1_4' title="bbox 373 371 1951 448; baseline -0.005 -18"><span class='ocrx_word' id='word_1_4' title='bbox 373 379 450 448; x_wconf 81' lang='grc' dir='ltr'>μὴ</span> <span class='ocrx_word' id='word_1_5' title='bbox 506 373 868 446; x_wconf 78' lang='grc' dir='ltr'><strong>συγχωροῦσα</strong></span> <span class='ocrx_word' id='word_1_6' title='bbox 909 372 1243 441; x_wconf 75' lang='grc' dir='ltr'>ἐντρανίζειν</span> <span class='ocrx_word' id='word_1_7' title='bbox 1273 375 1396 435; x_wconf 84' lang='grc' dir='ltr'>ταῖς</span> <span class='ocrx_word' id='word_1_8' title='bbox 1438 372 1534 439; x_wconf 84' lang='grc' dir='ltr'><strong>τῆς</strong></span> <span class='ocrx_word' id='word_1_9' title='bbox 1567 371 1822 440; x_wconf 82' lang='grc' dir='ltr'><strong>ἀληθείας</strong></span> <span class='ocrx_word' id='word_1_10' title='bbox 1854 372 1951 423; x_wconf 83' lang='grc' dir='ltr'><strong>αὺ-</strong></span> 
     </span>
    </p>
   </div>
   <div class='ocr_carea' id='block_1_5' title="bbox 2069 362 3635 448">
    <p class='ocr_par' dir='ltr' id='par_1_5' title="bbox 2069 362 3635 440">
     <span class='ocr_line' id='line_1_5' title="bbox 2069 362 3635 440; baseline -0.003 -16"><span class='ocrx_word' id='word_1_11' title='bbox 2069 370 2259 440; x_wconf 72' lang='lat' dir='ltr'><strong>ilioqui</strong></span> <span class='ocrx_word' id='word_1_12' title='bbox 2307 367 2491 422; x_wconf 91' lang='lat' dir='ltr'><strong>fumus</strong></span> <span class='ocrx_word' id='word_1_13' title='bbox 2522 367 2744 434; x_wconf 82' lang='lat' dir='ltr'><strong>quidem</strong></span> <span class='ocrx_word' id='word_1_14' title='bbox 2793 373 2877 421; x_wconf 89' lang='lat' dir='ltr'><strong>est</strong></span> <span class='ocrx_word' id='word_1_15' title='bbox 2930 365 2986 419; x_wconf 89' lang='lat' dir='ltr'><strong>in</strong></span> <span class='ocrx_word' id='word_1_16' title='bbox 3031 362 3336 436; x_wconf 86' lang='lat' dir='ltr'><strong>symbolum</strong></span> <span class='ocrx_word' id='word_1_17' title='bbox 3383 365 3635 436; x_wconf 81' lang='lat' dir='ltr'><strong>caliginis</strong></span> 
     </span>
    </p>
   </div>
   <div class='ocr_carea' id='block_1_6' title="bbox 373 460 1950 534">
    <p class='ocr_par' dir='ltr' id='par_1_6' title="bbox 373 460 1950 534">
     <span class='ocr_line' id='line_1_6' title="bbox 373 460 1950 534; baseline -0.005 -15"><span class='ocrx_word' id='word_1_18' title='bbox 373 468 516 534; x_wconf 86' lang='grc' dir='ltr'>γαῖς.</span> <span class='ocrx_word' id='word_1_19' title='bbox 552 465 626 517; x_wconf 87' lang='grc' dir='ltr'><strong>Τὸ</strong></span> <span class='ocrx_word' id='word_1_20' title='bbox 643 465 699 517; x_wconf 84' lang='grc' dir='ltr'>δὲ</span> <span class='ocrx_word' id='word_1_21' title='bbox 725 463 835 532; x_wconf 87' lang='grc' dir='ltr'><strong>πῦρ</strong></span> <span class='ocrx_word' id='word_1_22' title='bbox 869 465 948 526; x_wconf 80' lang='grc' dir='ltr'><strong>είς</strong></span> <span class='ocrx_word' id='word_1_23' title='bbox 983 462 1169 514; x_wconf 80' lang='grc' dir='ltr'><strong>εἰκόνα</strong></span> <span class='ocrx_word' id='word_1_24' title='bbox 1202 464 1294 514; x_wconf 89' lang='grc' dir='ltr'><strong>τοῦ</strong></span> <span class='ocrx_word' id='word_1_25' title='bbox 1337 461 1514 530; x_wconf 73' lang='grc' dir='ltr'>φωτὸς</span> <span class='ocrx_word' id='word_1_26' title='bbox 1549 460 1576 512; x_wconf 83' lang='grc' dir='ltr'><strong>ὃ</strong></span> <span class='ocrx_word' id='word_1_27' title='bbox 1605 461 1950 529; x_wconf 79' lang='grc' dir='ltr'><strong>καταλάμπει</strong></span> 
     </span>
    </p>
   </div>
   <div class='ocr_carea' id='block_1_7' title="bbox 372 547 1952 620">
    <p class='ocr_par' dir='ltr' id='par_1_7' title="bbox 372 547 1952 620">
     <span class='ocr_line' id='line_1_7' title="bbox 372 547 1952 620; baseline -0.005 -12"><span class='ocrx_word' id='word_1_28' title='bbox 372 557 461 608; x_wconf 86' lang='grc' dir='ltr'><strong>τὸν</strong></span> <span class='ocrx_word' id='word_1_29' title='bbox 494 554 618 606; x_wconf 83' lang='grc' dir='ltr'>νοῦν</span> <span class='ocrx_word' id='word_1_30' title='bbox 651 551 760 605; x_wconf 90' lang='grc' dir='ltr'><strong>τῶν</strong></span> <span class='ocrx_word' id='word_1_31' title='bbox 807 553 886 614; x_wconf 90' lang='grc' dir='ltr'>εἰς</span> <span class='ocrx_word' id='word_1_32' title='bbox 913 551 1148 620; x_wconf 86' lang='grc' dir='ltr'>Χριστὸν</span> <span class='ocrx_word' id='word_1_33' title='bbox 1183 550 1566 606; x_wconf 86' lang='grc' dir='ltr'>πιστευόντων.</span> <span class='ocrx_word' id='word_1_34' title='bbox 1622 547 1952 620; x_wconf 74' lang='grc' dir='ltr'>Προϐαίνου-</span> 
     </span>
    </p>
   </div>
   <div class='ocr_carea' id='block_1_8' title="bbox 373 639 1949 714">
    <p class='ocr_par' dir='ltr' id='par_1_8' title="bbox 373 639 1949 714">
     <span class='ocr_line' id='line_1_8' title="bbox 373 639 1949 714; baseline -0.003 -16"><span class='ocrx_word' id='word_1_35' title='bbox 373 639 462 700; x_wconf 82' lang='grc' dir='ltr'><strong>σαι</strong></span> <span class='ocrx_word' id='word_1_36' title='bbox 492 646 548 700; x_wconf 78' lang='grc' dir='ltr'>δὲ</span> <span class='ocrx_word' id='word_1_37' title='bbox 587 648 642 698; x_wconf 87' lang='grc' dir='ltr'>αἱ</span> <span class='ocrx_word' id='word_1_38' title='bbox 664 646 841 714; x_wconf 74' lang='grc' dir='ltr'>φωναὶ</span> <span class='ocrx_word' id='word_1_39' title='bbox 863 647 961 714; x_wconf 79' lang='grc' dir='ltr'>τῆς</span> <span class='ocrx_word' id='word_1_40' title='bbox 988 644 1287 711; x_wconf 83' lang='grc' dir='ltr'>σάλπιγγος</span> <span class='ocrx_word' id='word_1_41' title='bbox 1320 644 1559 710; x_wconf 76' lang='grc' dir='ltr'>ἐγίνοντο</span> <span class='ocrx_word' id='word_1_42' title='bbox 1587 643 1949 714; x_wconf 87' lang='grc' dir='ltr'>ἰσχυρότεραι·</span> 
     </span>
    </p>
   </div>
   <div class='ocr_carea' id='block_1_9' title="bbox 372 734 1954 807">
    <p class='ocr_par' dir='ltr' id='par_1_9' title="bbox 372 734 1954 807">
     <span class='ocr_line' id='line_1_9' title="bbox 372 734 1954 807; baseline -0.004 -17"><span class='ocrx_word' id='word_1_43' title='bbox 372 738 810 807; x_wconf 72' lang='grc' dir='ltr'><strong>ἐπιδημήσαντος</strong></span> <span class='ocrx_word' id='word_1_44' title='bbox 831 738 940 807; x_wconf 85' lang='grc' dir='ltr'>γὰρ</span> <span class='ocrx_word' id='word_1_45' title='bbox 959 735 1053 788; x_wconf 89' lang='grc' dir='ltr'><strong>τοῦ</strong></span> <span class='ocrx_word' id='word_1_46' title='bbox 1081 735 1318 806; x_wconf 82' lang='grc' dir='ltr'>Χριστοῦ</span> <span class='ocrx_word' id='word_1_47' title='bbox 1345 737 1498 805; x_wconf 75' lang='grc' dir='ltr'>ἡμῖν,</span> <span class='ocrx_word' id='word_1_48' title='bbox 1535 735 1838 806; x_wconf 79' lang='grc' dir='ltr'>τρανότερα</span> <span class='ocrx_word' id='word_1_49' title='bbox 1859 734 1954 786; x_wconf 78' lang='grc' dir='ltr'><strong>καὶ</strong></span> 
     </span>
    </p>
   </div>
   <div class='ocr_carea' id='block_1_10' title="bbox 373 824 1951 899">
    <p class='ocr_par' dir='ltr' id='par_1_10' title="bbox 373 824 1951 899">
     <span class='ocr_line' id='line_1_10' title="bbox 373 824 1951 899; baseline -0.003 -18"><span class='ocrx_word' id='word_1_50' title='bbox 373 828 771 899; x_wconf 87' lang='grc' dir='ltr'>γνωριμώτερα</span> <span class='ocrx_word' id='word_1_51' title='bbox 799 828 1060 895; x_wconf 86' lang='grc' dir='ltr'>γεγόνασι</span> <span class='ocrx_word' id='word_1_52' title='bbox 1099 827 1169 878; x_wconf 80' lang='grc' dir='ltr'>τὰ</span> <span class='ocrx_word' id='word_1_53' title='bbox 1202 828 1331 898; x_wconf 78' lang='grc' dir='ltr'>περὶ</span> <span class='ocrx_word' id='word_1_54' title='bbox 1365 824 1532 879; x_wconf 87' lang='grc' dir='ltr'>αὐτοῦ</span> <span class='ocrx_word' id='word_1_55' title='bbox 1559 825 1637 896; x_wconf 85' lang='grc' dir='ltr'>τῷ</span> <span class='ocrx_word' id='word_1_56' title='bbox 1669 826 1819 896; x_wconf 84' lang='grc' dir='ltr'>νόμῳ</span> <span class='ocrx_word' id='word_1_57' title='bbox 1871 827 1951 879; x_wconf 76' lang='grc' dir='ltr'>δι-</span> 
     </span>
    </p>
   </div>
   <div class='ocr_carea' id='block_1_11' title="bbox 371 918 1956 993">
    <p class='ocr_par' dir='ltr' id='par_1_11' title="bbox 371 918 1956 993">
     <span class='ocr_line' id='line_1_11' title="bbox 371 918 1956 993; baseline -0.004 -17"><span class='ocrx_word' id='word_1_58' title='bbox 371 921 764 993; x_wconf 85' lang='grc' dir='ltr'>αγορευόμενα.</span> <span class='ocrx_word' id='word_1_59' title='bbox 807 939 826 970; x_wconf 78' lang='grc' dir='ltr'><strong>ι</strong></span> <span class='ocrx_word' id='word_1_60' title='bbox 879 919 1168 973; x_wconf 81' lang='grc' dir='ltr'>’Δκούσατε</span> <span class='ocrx_word' id='word_1_61' title='bbox 1213 921 1321 988; x_wconf 87' lang='grc' dir='ltr'><strong>γὰρ</strong></span> <span class='ocrx_word' id='word_1_62' title='bbox 1357 918 1549 982; x_wconf 89' lang='grc' dir='ltr'>ταῦτα,</span> <span class='ocrx_word' id='word_1_63' title='bbox 1593 920 1747 990; x_wconf 79' lang='grc' dir='ltr'>φησὶ,</span> <span class='ocrx_word' id='word_1_64' title='bbox 1777 921 1956 972; x_wconf 85' lang='grc' dir='ltr'>πάντα</span> 
     </span>
    </p>
   </div>
   <div class='ocr_carea' id='block_1_12' title="bbox 373 1010 1956 1082">
    <p class='ocr_par' dir='ltr' id='par_1_12' title="bbox 373 1010 1956 1082">
     <span class='ocr_line' id='line_1_12' title="bbox 373 1010 1956 1082; baseline -0.002 -17"><span class='ocrx_word' id='word_1_65' title='bbox 373 1015 438 1066; x_wconf 90' lang='grc' dir='ltr'><strong>τά</strong></span> <span class='ocrx_word' id='word_1_66' title='bbox 467 1012 617 1082; x_wconf 76' lang='grc' dir='ltr'>ἔθνη.</span> <span class='ocrx_word' id='word_1_67' title='bbox 655 1031 673 1064; x_wconf 74' lang='grc' dir='ltr'><strong>ι</strong></span> <span class='ocrx_word' id='word_1_68' title='bbox 725 1010 864 1064; x_wconf 81' lang='grc' dir='ltr'>Ἀλλ’</span> <span class='ocrx_word' id='word_1_69' title='bbox 910 1030 927 1061; x_wconf 77' lang='grc' dir='ltr'><strong>ι</strong></span> <span class='ocrx_word' id='word_1_70' title='bbox 989 1011 1046 1062; x_wconf 84' lang='lat'><strong>&#39;0</strong></span> <span class='ocrx_word' id='word_1_71' title='bbox 1095 1011 1193 1080; x_wconf 88' lang='grc' dir='ltr'><strong>μὲν</strong></span> <span class='ocrx_word' id='word_1_72' title='bbox 1233 1010 1438 1080; x_wconf 81' lang='grc' dir='ltr'><strong>Μωσῆς</strong></span> <span class='ocrx_word' id='word_1_73' title='bbox 1479 1010 1679 1074; x_wconf 80' lang='grc' dir='ltr'>ἐλάλει,</span> <span class='ocrx_word' id='word_1_74' title='bbox 1711 1012 1895 1080; x_wconf 75' lang='grc' dir='ltr'>φησὶν,</span> <span class='ocrx_word' id='word_1_75' title='bbox 1928 1013 1956 1062; x_wconf 99' lang='lat'><strong>6</strong></span> 
     </span>
    </p>
   </div>
   <div class='ocr_carea' id='block_1_13' title="bbox 373 1093 1956 1170">
    <p class='ocr_par' dir='ltr' id='par_1_13' title="bbox 373 1093 1956 1170">
     <span class='ocr_line' id='line_1_13' title="bbox 373 1093 1956 1170; baseline -0.003 -15"><span class='ocrx_word' id='word_1_76' title='bbox 373 1103 427 1156; x_wconf 86' lang='grc' dir='ltr'>δὲ</span> <span class='ocrx_word' id='word_1_77' title='bbox 455 1102 590 1164; x_wconf 86' lang='grc' dir='ltr'>Θεὸς</span> <span class='ocrx_word' id='word_1_78' title='bbox 637 1099 966 1170; x_wconf 83' lang='grc' dir='ltr'>ἀπεκρίνετο</span> <span class='ocrx_word' id='word_1_79' title='bbox 995 1098 1144 1167; x_wconf 81' lang='grc' dir='ltr'>αὑτῷ</span> <span class='ocrx_word' id='word_1_80' title='bbox 1192 1101 1365 1168; x_wconf 77' lang='grc' dir='ltr'>φωνῇ,</span> <span class='ocrx_word' id='word_1_81' title='bbox 1426 1118 1443 1148; x_wconf 71' lang='grc' dir='ltr'><strong>ι</strong></span> <span class='ocrx_word' id='word_1_82' title='bbox 1484 1099 1543 1152; x_wconf 83' lang='grc' dir='ltr'><strong>Ὀ</strong></span> <span class='ocrx_word' id='word_1_83' title='bbox 1575 1099 1674 1170; x_wconf 87' lang='grc' dir='ltr'><strong>μὲν</strong></span> <span class='ocrx_word' id='word_1_84' title='bbox 1703 1098 1813 1168; x_wconf 85' lang='grc' dir='ltr'>γὰρ</span> <span class='ocrx_word' id='word_1_85' title='bbox 1845 1093 1956 1151; x_wconf 81' lang='grc' dir='ltr'>οἷον</span> 
     </span>
    </p>
   </div>
   <div class='ocr_carea' id='block_1_14' title="bbox 374 1183 1959 1261">
    <p class='ocr_par' dir='ltr' id='par_1_14' title="bbox 374 1183 1959 1261">
     <span class='ocr_line' id='line_1_14' title="bbox 374 1183 1959 1261; baseline -0.004 -14"><span class='ocrx_word' id='word_1_86' title='bbox 374 1193 723 1259; x_wconf 81' lang='grc' dir='ltr'>παιδαγωγὸς</span> <span class='ocrx_word' id='word_1_87' title='bbox 777 1191 960 1261; x_wconf 79' lang='grc' dir='ltr'>ἐζήτει</span> <span class='ocrx_word' id='word_1_88' title='bbox 995 1190 1084 1243; x_wconf 89' lang='grc' dir='ltr'><strong>τὸν</strong></span> <span class='ocrx_word' id='word_1_89' title='bbox 1113 1190 1278 1258; x_wconf 74' lang='grc' dir='ltr'>νόμον</span> <span class='ocrx_word' id='word_1_90' title='bbox 1325 1183 1369 1256; x_wconf 80' lang='grc' dir='ltr'>ᾧ</span> <span class='ocrx_word' id='word_1_91' title='bbox 1421 1189 1781 1259; x_wconf 82' lang='grc' dir='ltr'>βελτιωθῆναι</span> <span class='ocrx_word' id='word_1_92' title='bbox 1832 1189 1959 1259; x_wconf 88' lang='grc' dir='ltr'>μέλ-</span> 
     </span>
    </p>
   </div>
   <div class='ocr_carea' id='block_1_15' title="bbox 375 1279 1959 1351">
    <p class='ocr_par' dir='ltr' id='par_1_15' title="bbox 375 1279 1959 1351">
     <span class='ocr_line' id='line_1_15' title="bbox 375 1279 1959 1351; baseline -0.004 -14"><span class='ocrx_word' id='word_1_93' title='bbox 375 1285 538 1338; x_wconf 75' lang='grc' dir='ltr'><strong>λοιεν⁸</strong></span> <span class='ocrx_word' id='word_1_94' title='bbox 565 1285 593 1335; x_wconf 94' lang='lat'><strong>6</strong></span> <span class='ocrx_word' id='word_1_95' title='bbox 641 1283 698 1335; x_wconf 80' lang='grc' dir='ltr'>δὲ</span> <span class='ocrx_word' id='word_1_96' title='bbox 740 1282 870 1344; x_wconf 82' lang='grc' dir='ltr'>Θεὸς</span> <span class='ocrx_word' id='word_1_97' title='bbox 921 1279 1252 1351; x_wconf 76' lang='grc' dir='ltr'>ἐνομοθέτει.</span> <span class='ocrx_word' id='word_1_98' title='bbox 1280 1281 1437 1350; x_wconf 83' lang='grc' dir='ltr'><strong>Φωνὴ</strong></span> <span class='ocrx_word' id='word_1_99' title='bbox 1481 1280 1539 1333; x_wconf 87' lang='grc' dir='ltr'>δὲ</span> <span class='ocrx_word' id='word_1_100' title='bbox 1569 1279 1662 1332; x_wconf 86' lang='grc' dir='ltr'><strong>τοῦ</strong></span> <span class='ocrx_word' id='word_1_101' title='bbox 1692 1279 1904 1350; x_wconf 84' lang='grc' dir='ltr'>Πατρὸς</span> <span class='ocrx_word' id='word_1_102' title='bbox 1931 1281 1959 1331; x_wconf 88' lang='lat'><strong>6</strong></span> 
     </span>
    </p>
   </div>
   <div class='ocr_carea' id='block_1_16' title="bbox 377 1369 1958 1440">
    <p class='ocr_par' dir='ltr' id='par_1_16' title="bbox 377 1369 1958 1440">
     <span class='ocr_line' id='line_1_16' title="bbox 377 1369 1958 1440; baseline -0.003 -14"><span class='ocrx_word' id='word_1_103' title='bbox 377 1374 528 1436; x_wconf 78' lang='grc' dir='ltr'>Υἱὸς,</span> <span class='ocrx_word' id='word_1_104' title='bbox 569 1372 646 1434; x_wconf 85' lang='grc' dir='ltr'>ὼς</span> <span class='ocrx_word' id='word_1_105' title='bbox 691 1371 882 1438; x_wconf 78' lang='grc' dir='ltr'>Λόγος,</span> <span class='ocrx_word' id='word_1_106' title='bbox 923 1370 1010 1436; x_wconf 82' lang='grc' dir='ltr'>Ἐξ</span> <span class='ocrx_word' id='word_1_107' title='bbox 1045 1369 1210 1422; x_wconf 74' lang='grc' dir='ltr'>αὑτοῦ</span> <span class='ocrx_word' id='word_1_108' title='bbox 1263 1369 1371 1440; x_wconf 82' lang='grc' dir='ltr'><strong>γὰρ</strong></span> <span class='ocrx_word' id='word_1_109' title='bbox 1413 1371 1442 1424; x_wconf 89' lang='lat'><strong>6</strong></span> <span class='ocrx_word' id='word_1_110' title='bbox 1483 1371 1667 1440; x_wconf 81' lang='grc' dir='ltr'>νόμος,</span> <span class='ocrx_word' id='word_1_111' title='bbox 1698 1371 1747 1422; x_wconf 85' lang='grc' dir='ltr'>εἰ</span> <span class='ocrx_word' id='word_1_112' title='bbox 1774 1370 1868 1422; x_wconf 75' lang='grc' dir='ltr'>καὶ</span> <span class='ocrx_word' id='word_1_113' title='bbox 1891 1369 1958 1421; x_wconf 83' lang='grc' dir='ltr'>δι’</span> 
     </span>
    </p>
   </div>
   <div class='ocr_carea' id='block_1_17' title="bbox 376 1460 1957 1531">
    <p class='ocr_par' dir='ltr' id='par_1_17' title="bbox 376 1460 1957 1531">
     <span class='ocr_line' id='line_1_17' title="bbox 376 1460 1957 1531; baseline -0.003 -16"><span class='ocrx_word' id='word_1_114' title='bbox 376 1463 623 1531; x_wconf 81' lang='grc' dir='ltr'>ἀγγέλων</span> <span class='ocrx_word' id='word_1_115' title='bbox 667 1461 744 1531; x_wconf 85' lang='grc' dir='ltr'>τῷ</span> <span class='ocrx_word' id='word_1_116' title='bbox 773 1463 964 1514; x_wconf 82' lang='grc' dir='ltr'>Μωσεῖ</span> <span class='ocrx_word' id='word_1_117' title='bbox 989 1460 1298 1531; x_wconf 85' lang='grc' dir='ltr'>λελάληται.</span> <span class='ocrx_word' id='word_1_118' title='bbox 1347 1460 1724 1524; x_wconf 84' lang='grc' dir='ltr'>Κελεύσαντος</span> <span class='ocrx_word' id='word_1_119' title='bbox 1775 1460 1834 1513; x_wconf 86' lang='grc' dir='ltr'><strong>δὲ</strong></span> <span class='ocrx_word' id='word_1_120' title='bbox 1862 1460 1957 1512; x_wconf 88' lang='grc' dir='ltr'><strong>τοῦ</strong></span> 
     </span>
    </p>
   </div>
   <div class='ocr_carea' id='block_1_18' title="bbox 376 1552 1959 1624">
    <p class='ocr_par' dir='ltr' id='par_1_18' title="bbox 376 1552 1959 1624">
     <span class='ocr_line' id='line_1_18' title="bbox 376 1552 1959 1624; baseline -0.001 -19"><span class='ocrx_word' id='word_1_121' title='bbox 376 1552 534 1618; x_wconf 84' lang='grc' dir='ltr'>Θεοῦ,</span> <span class='ocrx_word' id='word_1_122' title='bbox 567 1552 746 1606; x_wconf 80' lang='grc' dir='ltr'>ἄνεισι</span> <span class='ocrx_word' id='word_1_123' title='bbox 785 1553 988 1622; x_wconf 79' lang='grc' dir='ltr'>Μωσῆς</span> <span class='ocrx_word' id='word_1_124' title='bbox 1009 1553 1088 1616; x_wconf 88' lang='grc' dir='ltr'><strong>είς</strong></span> <span class='ocrx_word' id='word_1_125' title='bbox 1124 1552 1223 1623; x_wconf 80' lang='grc' dir='ltr'>τὴν</span> <span class='ocrx_word' id='word_1_126' title='bbox 1252 1554 1498 1624; x_wconf 81' lang='grc' dir='ltr'>κορυφὴν</span> <span class='ocrx_word' id='word_1_127' title='bbox 1524 1553 1620 1606; x_wconf 88' lang='grc' dir='ltr'><strong>τοῦ</strong></span> <span class='ocrx_word' id='word_1_128' title='bbox 1643 1553 1820 1624; x_wconf 78' lang='grc' dir='ltr'>ὅρους·</span> <span class='ocrx_word' id='word_1_129' title='bbox 1857 1569 1959 1604; x_wconf 89' lang='grc' dir='ltr'>κα-</span> 
     </span>
    </p>
   </div>
   <div class='ocr_carea' id='block_1_19' title="bbox 375 1640 1960 1711">
    <p class='ocr_par' dir='ltr' id='par_1_19' title="bbox 375 1640 1960 1711">
     <span class='ocr_line' id='line_1_19' title="bbox 375 1640 1960 1711; baseline -0.001 -15"><span class='ocrx_word' id='word_1_130' title='bbox 375 1643 628 1703; x_wconf 82' lang='grc' dir='ltr'>λέσαντος</span> <span class='ocrx_word' id='word_1_131' title='bbox 653 1641 762 1710; x_wconf 76' lang='grc' dir='ltr'>γὰρ</span> <span class='ocrx_word' id='word_1_132' title='bbox 800 1641 892 1694; x_wconf 87' lang='grc' dir='ltr'><strong>τοῦ</strong></span> <span class='ocrx_word' id='word_1_133' title='bbox 909 1640 1143 1711; x_wconf 88' lang='grc' dir='ltr'>Χριστοῦ</span> <span class='ocrx_word' id='word_1_134' title='bbox 1169 1640 1260 1694; x_wconf 85' lang='grc' dir='ltr'><strong>τὸν</strong></span> <span class='ocrx_word' id='word_1_135' title='bbox 1277 1641 1464 1695; x_wconf 85' lang='grc' dir='ltr'>πιστὸν</span> <span class='ocrx_word' id='word_1_136' title='bbox 1497 1641 1645 1707; x_wconf 90' lang='grc' dir='ltr'>λαὸν,</span> <span class='ocrx_word' id='word_1_137' title='bbox 1675 1642 1765 1694; x_wconf 87' lang='grc' dir='ltr'><strong>τὸν</strong></span> <span class='ocrx_word' id='word_1_138' title='bbox 1788 1642 1960 1711; x_wconf 85' lang='grc' dir='ltr'>ὑπερ-</span> 
     </span>
    </p>
   </div>
   <div class='ocr_carea' id='block_1_20' title="bbox 2052 458 3636 531">
    <p class='ocr_par' dir='ltr' id='par_1_20' title="bbox 2052 458 3636 531">
     <span class='ocr_line' id='line_1_20' title="bbox 2052 458 3636 531; baseline -0.002 -15"><span class='ocrx_word' id='word_1_139' title='bbox 2052 477 2174 531; x_wconf 68' lang='grc' dir='ltr'>ᾳυω</span> <span class='ocrx_word' id='word_1_140' title='bbox 2195 469 2279 514; x_wconf 90' lang='lat' dir='ltr'><strong>est</strong></span> <span class='ocrx_word' id='word_1_141' title='bbox 2305 459 2483 514; x_wconf 91' lang='lat' dir='ltr'><strong>infusa</strong></span> <span class='ocrx_word' id='word_1_142' title='bbox 2517 460 2794 514; x_wconf 78' lang='lat' dir='ltr'><strong>mentibus</strong></span> <span class='ocrx_word' id='word_1_143' title='bbox 2823 458 3158 521; x_wconf 70' lang='lat' dir='ltr'><strong>Judzeorum,</strong></span> <span class='ocrx_word' id='word_1_144' title='bbox 3188 473 3299 511; x_wconf 87' lang='lat' dir='ltr'><strong>non</strong></span> <span class='ocrx_word' id='word_1_145' title='bbox 3322 458 3636 513; x_wconf 85' lang='lat' dir='ltr'><strong>concedens</strong></span> 
     </span>
    </p>
   </div>
   <div class='ocr_carea' id='block_1_21' title="bbox 2057 548 3636 622">
    <p class='ocr_par' dir='ltr' id='par_1_21' title="bbox 2057 548 3636 622">
     <span class='ocr_line' id='line_1_21' title="bbox 2057 548 3636 622; baseline -0.001 -16"><span class='ocrx_word' id='word_1_146' title='bbox 2057 562 2116 606; x_wconf 91' lang='lat' dir='ltr'><strong>ut</strong></span> <span class='ocrx_word' id='word_1_147' title='bbox 2138 567 2268 606; x_wconf 84' lang='lat' dir='ltr'><strong>vere</strong></span> <span class='ocrx_word' id='word_1_148' title='bbox 2299 551 2571 622; x_wconf 77' lang='lat' dir='ltr'><strong>aspiciant</strong></span> <span class='ocrx_word' id='word_1_149' title='bbox 2604 551 2957 621; x_wconf 83' lang='lat' dir='ltr'><strong>splendorem</strong></span> <span class='ocrx_word' id='word_1_150' title='bbox 2979 550 3256 605; x_wconf 75' lang='lat' dir='ltr'><strong>veritatis.</strong></span> <span class='ocrx_word' id='word_1_151' title='bbox 3283 548 3431 619; x_wconf 81' lang='lat' dir='ltr'><strong>Ignis</strong></span> <span class='ocrx_word' id='word_1_152' title='bbox 3447 557 3636 604; x_wconf 89' lang='lat' dir='ltr'><strong>autem</strong></span> 
     </span>
    </p>
   </div>
   <div class='ocr_carea' id='block_1_22' title="bbox 2054 639 3636 713">
    <p class='ocr_par' dir='ltr' id='par_1_22' title="bbox 2054 639 3636 713">
     <span class='ocr_line' id='line_1_22' title="bbox 2054 639 3636 713; baseline -0.004 -14"><span class='ocrx_word' id='word_1_153' title='bbox 2054 655 2138 699; x_wconf 91' lang='lat' dir='ltr'><strong>est</strong></span> <span class='ocrx_word' id='word_1_154' title='bbox 2167 645 2345 713; x_wconf 83' lang='lat' dir='ltr'><strong>imago</strong></span> <span class='ocrx_word' id='word_1_155' title='bbox 2373 643 2533 708; x_wconf 91' lang='lat' dir='ltr'><strong>lucis,</strong></span> <span class='ocrx_word' id='word_1_156' title='bbox 2556 658 2678 712; x_wconf 82' lang='lat' dir='ltr'><strong>quae</strong></span> <span class='ocrx_word' id='word_1_157' title='bbox 2707 643 2978 696; x_wconf 83' lang='lat' dir='ltr'><strong>illuminat</strong></span> <span class='ocrx_word' id='word_1_158' title='bbox 3027 651 3268 701; x_wconf 89' lang='lat' dir='ltr'><strong>mentem</strong></span> <span class='ocrx_word' id='word_1_159' title='bbox 3319 656 3512 695; x_wconf 93' lang='lat' dir='ltr'><strong>eorum</strong></span> <span class='ocrx_word' id='word_1_160' title='bbox 3541 639 3636 710; x_wconf 86' lang='lat' dir='ltr'><strong>qui</strong></span> 
     </span>
    </p>
   </div>
   <div class='ocr_carea' id='block_1_23' title="bbox 2056 732 3639 790">
    <p class='ocr_par' dir='ltr' id='par_1_23' title="bbox 2056 732 3639 790">
     <span class='ocr_line' id='line_1_23' title="bbox 2056 732 3639 790; baseline -0.003 0"><span class='ocrx_word' id='word_1_161' title='bbox 2056 735 2357 790; x_wconf 89' lang='lat' dir='ltr'><strong>creduntin</strong></span> <span class='ocrx_word' id='word_1_162' title='bbox 2379 734 2680 789; x_wconf 82' lang='lat' dir='ltr'><strong>Christum.</strong></span> <span class='ocrx_word' id='word_1_163' title='bbox 2705 734 3073 788; x_wconf 87' lang='lat' dir='ltr'><strong>Procedentes</strong></span> <span class='ocrx_word' id='word_1_164' title='bbox 3097 742 3278 787; x_wconf 88' lang='lat' dir='ltr'><strong>autem</strong></span> <span class='ocrx_word' id='word_1_165' title='bbox 3304 732 3450 786; x_wconf 87' lang='lat' dir='ltr'><strong>tubae</strong></span> <span class='ocrx_word' id='word_1_166' title='bbox 3474 747 3639 786; x_wconf 89' lang='lat' dir='ltr'><strong>voces</strong></span> 
     </span>
    </p>
   </div>
   <div class='ocr_carea' id='block_1_24' title="bbox 2059 823 3640 878">
    <p class='ocr_par' dir='ltr' id='par_1_24' title="bbox 2059 823 3640 878">
     <span class='ocr_line' id='line_1_24' title="bbox 2059 823 3640 878; baseline -0.001 0"><span class='ocrx_word' id='word_1_167' title='bbox 2059 824 2265 878; x_wconf 87' lang='lat' dir='ltr'><strong>ﬁebant</strong></span> <span class='ocrx_word' id='word_1_168' title='bbox 2299 825 2758 878; x_wconf 82' lang='lat' dir='ltr'><strong>vehementiores.</strong></span> <span class='ocrx_word' id='word_1_169' title='bbox 2785 824 2920 878; x_wconf 90' lang='lat' dir='ltr'><strong>Nam</strong></span> <span class='ocrx_word' id='word_1_170' title='bbox 2949 838 3074 876; x_wconf 92' lang='lat' dir='ltr'><strong>cum</strong></span> <span class='ocrx_word' id='word_1_171' title='bbox 3099 823 3166 876; x_wconf 91' lang='lat' dir='ltr'><strong>ad</strong></span> <span class='ocrx_word' id='word_1_172' title='bbox 3196 838 3296 877; x_wconf 91' lang='lat' dir='ltr'><strong>nos</strong></span> <span class='ocrx_word' id='word_1_173' title='bbox 3323 823 3640 878; x_wconf 82' lang='lat' dir='ltr'><strong>advenisset</strong></span> 
     </span>
    </p>
   </div>
   <div class='ocr_carea' id='block_1_25' title="bbox 2055 913 3640 984">
    <p class='ocr_par' dir='ltr' id='par_1_25' title="bbox 2055 913 3640 984">
     <span class='ocr_line' id='line_1_25' title="bbox 2055 913 3640 984; baseline -0.001 -14"><span class='ocrx_word' id='word_1_174' title='bbox 2055 916 2332 980; x_wconf 81' lang='lat' dir='ltr'><strong>Christus,</strong></span> <span class='ocrx_word' id='word_1_175' title='bbox 2360 915 2588 970; x_wconf 88' lang='lat' dir='ltr'><strong>fuerunt</strong></span> <span class='ocrx_word' id='word_1_176' title='bbox 2610 914 2771 970; x_wconf 91' lang='lat' dir='ltr'><strong>nobis</strong></span> <span class='ocrx_word' id='word_1_177' title='bbox 2800 915 3036 968; x_wconf 82' lang='lat' dir='ltr'><strong>certiora</strong></span> <span class='ocrx_word' id='word_1_178' title='bbox 3063 923 3120 967; x_wconf 89' lang='lat' dir='ltr'><strong>et</strong></span> <span class='ocrx_word' id='word_1_179' title='bbox 3141 913 3358 968; x_wconf 87' lang='lat' dir='ltr'><strong>notiora</strong></span> <span class='ocrx_word' id='word_1_180' title='bbox 3405 930 3528 984; x_wconf 62' lang='lat' dir='ltr'><strong>quae</strong></span> <span class='ocrx_word' id='word_1_181' title='bbox 3571 914 3640 969; x_wconf 89' lang='lat' dir='ltr'><strong>dc</strong></span> 
     </span>
    </p>
   </div>
   <div class='ocr_carea' id='block_1_26' title="bbox 2060 1005 3638 1078">
    <p class='ocr_par' dir='ltr' id='par_1_26' title="bbox 2060 1005 3638 1078">
     <span class='ocr_line' id='line_1_26' title="bbox 2060 1005 3638 1078; baseline 0 -17"><span class='ocrx_word' id='word_1_182' title='bbox 2060 1009 2180 1078; x_wconf 90' lang='lat' dir='ltr'><strong>ipso</strong></span> <span class='ocrx_word' id='word_1_183' title='bbox 2195 1008 2523 1062; x_wconf 86' lang='lat' dir='ltr'><strong>dicebantur</strong></span> <span class='ocrx_word' id='word_1_184' title='bbox 2536 1023 2633 1077; x_wconf 91' lang='lat' dir='ltr'><strong>per</strong></span> <span class='ocrx_word' id='word_1_185' title='bbox 2647 1007 2844 1076; x_wconf 75' lang='lat' dir='ltr'><strong>legem.</strong></span> <span class='ocrx_word' id='word_1_186' title='bbox 2859 1005 3086 1060; x_wconf 69' lang='lat' dir='ltr'><strong>«Audite</strong></span> <span class='ocrx_word' id='word_1_187' title='bbox 3097 1006 3265 1067; x_wconf 88' lang='lat' dir='ltr'><strong>enim,</strong></span> <span class='ocrx_word' id='word_1_188' title='bbox 3283 1006 3481 1075; x_wconf 88' lang='lat' dir='ltr'><strong>inquit,</strong></span> <span class='ocrx_word' id='word_1_189' title='bbox 3498 1007 3638 1071; x_wconf 64' lang='lat' dir='ltr'><strong>haec,</strong></span> 
     </span>
    </p>
   </div>
   <div class='ocr_carea' id='block_1_27' title="bbox 2059 1096 3640 1171">
    <p class='ocr_par' dir='ltr' id='par_1_27' title="bbox 2059 1096 3640 1171">
     <span class='ocr_line' id='line_1_27' title="bbox 2059 1096 3640 1171; baseline -0.001 -19"><span class='ocrx_word' id='word_1_190' title='bbox 2059 1115 2252 1153; x_wconf 89' lang='lat' dir='ltr'><strong>omnes</strong></span> <span class='ocrx_word' id='word_1_191' title='bbox 2273 1097 2728 1171; x_wconf 66' lang='lat' dir='ltr'><strong>gentes“.:Scd«</strong></span> <span class='ocrx_word' id='word_1_192' title='bbox 2757 1098 2934 1152; x_wconf 79' lang='lat' dir='ltr'><strong>Moses</strong></span> <span class='ocrx_word' id='word_1_193' title='bbox 2959 1096 3206 1166; x_wconf 84' lang='lat' dir='ltr'><strong>quidem,</strong></span> <span class='ocrx_word' id='word_1_194' title='bbox 3229 1097 3430 1165; x_wconf 90' lang='lat' dir='ltr'><strong>inquit,</strong></span> <span class='ocrx_word' id='word_1_195' title='bbox 3448 1097 3640 1166; x_wconf 87' lang='lat' dir='ltr'><strong>loque-</strong></span> 
     </span>
    </p>
   </div>
   <div class='ocr_carea' id='block_1_28' title="bbox 2061 1187 3640 1257">
    <p class='ocr_par' dir='ltr' id='par_1_28' title="bbox 2061 1187 3640 1257">
     <span class='ocr_line' id='line_1_28' title="bbox 2061 1187 3640 1257; baseline -0.001 -15"><span class='ocrx_word' id='word_1_196' title='bbox 2061 1190 2224 1244; x_wconf 89' lang='lat' dir='ltr'><strong>batur</strong></span> <span class='ocrx_word' id='word_1_197' title='bbox 2261 1207 2274 1243; x_wconf 93' lang='lat'><strong>:</strong></span> <span class='ocrx_word' id='word_1_198' title='bbox 2307 1191 2452 1244; x_wconf 90' lang='lat' dir='ltr'><strong>Deus</strong></span> <span class='ocrx_word' id='word_1_199' title='bbox 2472 1196 2657 1243; x_wconf 87' lang='lat' dir='ltr'><strong>autem</strong></span> <span class='ocrx_word' id='word_1_200' title='bbox 2685 1187 2737 1242; x_wconf 94' lang='lat' dir='ltr'><strong>ei</strong></span> <span class='ocrx_word' id='word_1_201' title='bbox 2766 1187 3134 1257; x_wconf 86' lang='lat' dir='ltr'><strong>respondebat</strong></span> <span class='ocrx_word' id='word_1_202' title='bbox 3189 1201 3324 1241; x_wconf 89' lang='lat' dir='ltr'><strong>voce</strong></span> <span class='ocrx_word' id='word_1_203' title='bbox 3350 1189 3413 1240; x_wconf 73' lang='grc'><strong>⁸³.</strong></span> <span class='ocrx_word' id='word_1_204' title='bbox 3442 1206 3461 1238; x_wconf 74' lang='grc' dir='ltr'><strong>ι</strong></span> <span class='ocrx_word' id='word_1_205' title='bbox 3503 1188 3640 1242; x_wconf 86' lang='lat' dir='ltr'><strong>Nam</strong></span> 
     </span>
    </p>
   </div>
   <div class='ocr_carea' id='block_1_29' title="bbox 2059 1278 3641 1351">
    <p class='ocr_par' dir='ltr' id='par_1_29' title="bbox 2059 1278 3641 1351">
     <span class='ocr_line' id='line_1_29' title="bbox 2059 1278 3641 1351; baseline -0.001 -16"><span class='ocrx_word' id='word_1_206' title='bbox 2059 1282 2237 1336; x_wconf 84' lang='lat' dir='ltr'><strong>Moses</strong></span> <span class='ocrx_word' id='word_1_207' title='bbox 2269 1281 2494 1351; x_wconf 88' lang='lat' dir='ltr'><strong>quidem</strong></span> <span class='ocrx_word' id='word_1_208' title='bbox 2519 1289 2780 1350; x_wconf 85' lang='lat' dir='ltr'><strong>tanquam</strong></span> <span class='ocrx_word' id='word_1_209' title='bbox 2809 1278 3137 1350; x_wconf 62' lang='lat' dir='ltr'><strong>paedagogus</strong></span> <span class='ocrx_word' id='word_1_210' title='bbox 3168 1279 3641 1351; x_wconf 67' lang='lat' dir='ltr'><strong>quaerebatlegem</strong></span> 
     </span>
    </p>
   </div>
   <div class='ocr_carea' id='block_1_30' title="bbox 2061 1368 3640 1441">
    <p class='ocr_par' dir='ltr' id='par_1_30' title="bbox 2061 1368 3640 1441">
     <span class='ocr_line' id='line_1_30' title="bbox 2061 1368 3640 1441; baseline -0.002 -15"><span class='ocrx_word' id='word_1_211' title='bbox 2061 1387 2168 1441; x_wconf 88' lang='lat' dir='ltr'><strong>qua</strong></span> <span class='ocrx_word' id='word_1_212' title='bbox 2194 1371 2366 1426; x_wconf 88' lang='lat' dir='ltr'><strong>futuri</strong></span> <span class='ocrx_word' id='word_1_213' title='bbox 2385 1370 2986 1426; x_wconf 87' lang='lat' dir='ltr'><strong>erantmeliores.Deus</strong></span> <span class='ocrx_word' id='word_1_214' title='bbox 3007 1378 3191 1424; x_wconf 88' lang='lat' dir='ltr'><strong>autem</strong></span> <span class='ocrx_word' id='word_1_215' title='bbox 3216 1368 3640 1441; x_wconf 81' lang='lat' dir='ltr'><strong>ferebatlegem.</strong></span> 
     </span>
    </p>
   </div>
   <div class='ocr_carea' id='block_1_31' title="bbox 2064 1459 3646 1529">
    <p class='ocr_par' dir='ltr' id='par_1_31' title="bbox 2064 1459 3646 1529">
     <span class='ocr_line' id='line_1_31' title="bbox 2064 1459 3646 1529; baseline 0.001 -16"><span class='ocrx_word' id='word_1_216' title='bbox 2064 1461 2179 1516; x_wconf 80' lang='lat' dir='ltr'><strong>Vox</strong></span> <span class='ocrx_word' id='word_1_217' title='bbox 2215 1471 2396 1516; x_wconf 90' lang='lat' dir='ltr'><strong>autem</strong></span> <span class='ocrx_word' id='word_1_218' title='bbox 2421 1460 2596 1516; x_wconf 87' lang='lat' dir='ltr'><strong>Patris</strong></span> <span class='ocrx_word' id='word_1_219' title='bbox 2620 1461 2813 1524; x_wconf 73' lang='lat' dir='ltr'><strong>Fiiius,</strong></span> <span class='ocrx_word' id='word_1_220' title='bbox 2847 1467 3107 1529; x_wconf 89' lang='lat' dir='ltr'><strong>tanquam</strong></span> <span class='ocrx_word' id='word_1_221' title='bbox 3140 1459 3406 1514; x_wconf 79' lang='lat' dir='ltr'><strong>Verbum.</strong></span> <span class='ocrx_word' id='word_1_222' title='bbox 3430 1460 3544 1516; x_wconf 82' lang='lat' dir='ltr'><strong>Lex</strong></span> <span class='ocrx_word' id='word_1_223' title='bbox 3559 1469 3646 1516; x_wconf 90' lang='lat' dir='ltr'><strong>est</strong></span> 
     </span>
    </p>
   </div>
   <div class='ocr_carea' id='block_1_32' title="bbox 2062 1551 3644 1623">
    <p class='ocr_par' dir='ltr' id='par_1_32' title="bbox 2062 1551 3644 1623">
     <span class='ocr_line' id='line_1_32' title="bbox 2062 1551 3644 1623; baseline -0.001 -15"><span class='ocrx_word' id='word_1_224' title='bbox 2062 1555 2210 1608; x_wconf 89' lang='lat' dir='ltr'><strong>enim</strong></span> <span class='ocrx_word' id='word_1_225' title='bbox 2242 1571 2310 1608; x_wconf 80' lang='lat' dir='ltr'><strong>ex</strong></span> <span class='ocrx_word' id='word_1_226' title='bbox 2336 1553 2475 1623; x_wconf 88' lang='lat' dir='ltr'><strong>ipso,</strong></span> <span class='ocrx_word' id='word_1_227' title='bbox 2507 1553 2728 1607; x_wconf 87' lang='lat' dir='ltr'><strong>etiamsi</strong></span> <span class='ocrx_word' id='word_1_228' title='bbox 2766 1568 2866 1622; x_wconf 90' lang='lat' dir='ltr'><strong>per</strong></span> <span class='ocrx_word' id='word_1_229' title='bbox 2900 1552 3127 1622; x_wconf 81' lang='lat' dir='ltr'><strong>angelos</strong></span> <span class='ocrx_word' id='word_1_230' title='bbox 3160 1551 3380 1606; x_wconf 91' lang='lat' dir='ltr'><strong>locutus</strong></span> <span class='ocrx_word' id='word_1_231' title='bbox 3401 1561 3488 1606; x_wconf 89' lang='lat' dir='ltr'><strong>est</strong></span> <span class='ocrx_word' id='word_1_232' title='bbox 3517 1566 3644 1606; x_wconf 90' lang='lat' dir='ltr'><strong>cum</strong></span> 
     </span>
    </p>
   </div>
   <div class='ocr_carea' id='block_1_33' title="bbox 2064 1643 3645 1716">
    <p class='ocr_par' dir='ltr' id='par_1_33' title="bbox 2064 1643 3645 1716">
     <span class='ocr_line' id='line_1_33' title="bbox 2064 1643 3645 1716; baseline -0.001 -16"><span class='ocrx_word' id='word_1_233' title='bbox 2064 1647 2270 1716; x_wconf 81' lang='lat' dir='ltr'><strong>Moyse.</strong></span> <span class='ocrx_word' id='word_1_234' title='bbox 2299 1645 2437 1700; x_wconf 90' lang='lat' dir='ltr'><strong>Cum</strong></span> <span class='ocrx_word' id='word_1_235' title='bbox 2472 1652 2658 1699; x_wconf 91' lang='lat' dir='ltr'><strong>autem</strong></span> <span class='ocrx_word' id='word_1_236' title='bbox 2678 1644 2843 1714; x_wconf 76' lang='lat' dir='ltr'><strong>jussit</strong></span> <span class='ocrx_word' id='word_1_237' title='bbox 2872 1644 3038 1709; x_wconf 88' lang='lat' dir='ltr'><strong>Deus,</strong></span> <span class='ocrx_word' id='word_1_238' title='bbox 3074 1643 3327 1699; x_wconf 82' lang='lat' dir='ltr'><strong>ascendit</strong></span> <span class='ocrx_word' id='word_1_239' title='bbox 3350 1644 3564 1714; x_wconf 83' lang='lat' dir='ltr'><strong>Moyses</strong></span> <span class='ocrx_word' id='word_1_240' title='bbox 3588 1644 3645 1699; x_wconf 89' lang='lat' dir='ltr'><strong>in</strong></span> 
     </span>
    </p>
   </div>
   <div class='ocr_carea' id='block_1_34' title="bbox 379 1730 1969 1806">
    <p class='ocr_par' dir='ltr' id='par_1_34' title="bbox 379 1730 1954 1803">
     <span class='ocr_line' id='line_1_34' title="bbox 379 1730 1954 1803; baseline -0.001 -18"><span class='ocrx_word' id='word_1_241' title='bbox 379 1734 628 1803; x_wconf 81' lang='grc' dir='ltr'>κείμενον</span> <span class='ocrx_word' id='word_1_242' title='bbox 654 1730 748 1784; x_wconf 90' lang='grc' dir='ltr'><strong>τοῦ</strong></span> <span class='ocrx_word' id='word_1_243' title='bbox 781 1731 912 1784; x_wconf 91' lang='grc' dir='ltr'>λαοῦ</span> <span class='ocrx_word' id='word_1_244' title='bbox 944 1732 1054 1784; x_wconf 87' lang='grc' dir='ltr'><strong>τῶν</strong></span> <span class='ocrx_word' id='word_1_245' title='bbox 1102 1731 1392 1797; x_wconf 83' lang='grc' dir='ltr'>Ἰουδαίων,</span> <span class='ocrx_word' id='word_1_246' title='bbox 1414 1734 1509 1786; x_wconf 75' lang='grc' dir='ltr'><strong>καὶ</strong></span> <span class='ocrx_word' id='word_1_247' title='bbox 1535 1733 1844 1803; x_wconf 85' lang='grc' dir='ltr'>θεράποντα</span> <span class='ocrx_word' id='word_1_248' title='bbox 1861 1732 1954 1786; x_wconf 91' lang='grc' dir='ltr'><strong>τοῦ</strong></span> 
     </span>
    </p>
   </div>
   <div class='ocr_carea' id='block_1_35' title="bbox 2069 1730 3643 1806">
    <p class='ocr_par' dir='ltr' id='par_1_35' title="bbox 2069 1735 3643 1806">
     <span class='ocr_line' id='line_1_35' title="bbox 2069 1735 3643 1806; baseline 0.001 -16"><span class='ocrx_word' id='word_1_249' title='bbox 2069 1739 2322 1792; x_wconf 76' lang='lat' dir='ltr'><strong>verticem</strong></span> <span class='ocrx_word' id='word_1_250' title='bbox 2341 1737 2546 1792; x_wconf 92' lang='lat' dir='ltr'><strong>montis</strong></span> <span class='ocrx_word' id='word_1_251' title='bbox 2567 1738 2632 1789; x_wconf 74' lang='grc'><strong>⁸⁸.</strong></span> <span class='ocrx_word' id='word_1_252' title='bbox 2657 1736 2793 1790; x_wconf 87' lang='lat' dir='ltr'><strong>Nam</strong></span> <span class='ocrx_word' id='word_1_253' title='bbox 2829 1751 2955 1790; x_wconf 91' lang='lat' dir='ltr'><strong>cum</strong></span> <span class='ocrx_word' id='word_1_254' title='bbox 2984 1735 3508 1791; x_wconf 85' lang='lat' dir='ltr'><strong>vocassetChristus</strong></span> <span class='ocrx_word' id='word_1_255' title='bbox 3539 1753 3643 1806; x_wconf 90' lang='lat' dir='ltr'><strong>po-</strong></span> 
     </span>
    </p>
   </div>
   <div class='ocr_carea' id='block_1_36' title="bbox 376 1816 1955 1893">
    <p class='ocr_par' dir='ltr' id='par_1_36' title="bbox 376 1816 1955 1893">
     <span class='ocr_line' id='line_1_36' title="bbox 376 1816 1955 1893; baseline -0.003 -17"><span class='ocrx_word' id='word_1_256' title='bbox 376 1823 534 1889; x_wconf 92' lang='grc' dir='ltr'>Θεοῦ,</span> <span class='ocrx_word' id='word_1_257' title='bbox 569 1822 775 1876; x_wconf 80' lang='grc' dir='ltr'>ἄνεισιν</span> <span class='ocrx_word' id='word_1_258' title='bbox 799 1816 952 1886; x_wconf 72' lang='grc' dir='ltr'>οὗτος</span> <span class='ocrx_word' id='word_1_259' title='bbox 999 1822 1091 1875; x_wconf 78' lang='grc' dir='ltr'><strong>ἐπὶ</strong></span> <span class='ocrx_word' id='word_1_260' title='bbox 1120 1824 1217 1891; x_wconf 83' lang='grc' dir='ltr'>τὴν</span> <span class='ocrx_word' id='word_1_261' title='bbox 1244 1821 1587 1893; x_wconf 77' lang='grc' dir='ltr'>ὑψηλοτάτην</span> <span class='ocrx_word' id='word_1_262' title='bbox 1607 1821 1955 1890; x_wconf 83' lang='grc' dir='ltr'><strong>θεογνωσίαν⁹</strong></span> 
     </span>
    </p>
   </div>
   <div class='ocr_carea' id='block_1_37' title="bbox 377 1912 1960 1985">
    <p class='ocr_par' dir='ltr' id='par_1_37' title="bbox 377 1912 1960 1985">
     <span class='ocr_line' id='line_1_37' title="bbox 377 1912 1960 1985; baseline -0.002 -18"><span class='ocrx_word' id='word_1_263' title='bbox 377 1918 406 1967; x_wconf 92' lang='lat'><strong>6</strong></span> <span class='ocrx_word' id='word_1_264' title='bbox 443 1915 498 1968; x_wconf 84' lang='grc' dir='ltr'>δὲ</span> <span class='ocrx_word' id='word_1_265' title='bbox 528 1915 654 1977; x_wconf 88' lang='grc' dir='ltr'>λαὸς</span> <span class='ocrx_word' id='word_1_266' title='bbox 699 1914 949 1984; x_wconf 77' lang='grc' dir='ltr'>εἴργεται</span> <span class='ocrx_word' id='word_1_267' title='bbox 981 1913 1246 1983; x_wconf 77' lang='grc' dir='ltr'>ἐγγίζειν,</span> <span class='ocrx_word' id='word_1_268' title='bbox 1281 1914 1369 1966; x_wconf 84' lang='grc' dir='ltr'><strong>ἵνα</strong></span> <span class='ocrx_word' id='word_1_269' title='bbox 1419 1913 1493 1984; x_wconf 80' lang='grc' dir='ltr'>μὴ</span> <span class='ocrx_word' id='word_1_270' title='bbox 1519 1912 1790 1985; x_wconf 80' lang='grc' dir='ltr'>ἀποθάνῃ.</span> <span class='ocrx_word' id='word_1_271' title='bbox 1835 1913 1960 1974; x_wconf 90' lang='grc' dir='ltr'>Τοῖς</span> 
     </span>
    </p>
   </div>
   <div class='ocr_carea' id='block_1_38' title="bbox 378 2000 1961 2076">
    <p class='ocr_par' dir='ltr' id='par_1_38' title="bbox 378 2000 1961 2076">
     <span class='ocr_line' id='line_1_38' title="bbox 378 2000 1961 2076; baseline -0.003 -18"><span class='ocrx_word' id='word_1_272' title='bbox 378 2005 488 2076; x_wconf 82' lang='grc' dir='ltr'>γὰρ</span> <span class='ocrx_word' id='word_1_273' title='bbox 510 2008 796 2074; x_wconf 89' lang='grc' dir='ltr'>κοσμικοῖς</span> <span class='ocrx_word' id='word_1_274' title='bbox 823 2005 919 2058; x_wconf 77' lang='grc' dir='ltr'><strong>καὶ</strong></span> <span class='ocrx_word' id='word_1_275' title='bbox 955 2004 1309 2076; x_wconf 78' lang='grc' dir='ltr'>φιλοσάρκοις</span> <span class='ocrx_word' id='word_1_276' title='bbox 1334 2002 1672 2065; x_wconf 72' lang='grc' dir='ltr'>ἐπικίνδυνος</span> <span class='ocrx_word' id='word_1_277' title='bbox 1699 2003 1733 2072; x_wconf 79' lang='grc' dir='ltr'><strong>η</strong></span> <span class='ocrx_word' id='word_1_278' title='bbox 1763 2000 1961 2071; x_wconf 77' lang='grc' dir='ltr'>ὑψηλο-</span> 
     </span>
    </p>
   </div>
   <div class='ocr_carea' id='block_1_39' title="bbox 381 2091 1960 2168">
    <p class='ocr_par' dir='ltr' id='par_1_39' title="bbox 381 2091 1960 2168">
     <span class='ocr_line' id='line_1_39' title="bbox 381 2091 1960 2168; baseline -0.004 -18"><span class='ocrx_word' id='word_1_279' title='bbox 381 2097 516 2168; x_wconf 82' lang='grc' dir='ltr'>τέρα</span> <span class='ocrx_word' id='word_1_280' title='bbox 542 2096 767 2167; x_wconf 79' lang='grc' dir='ltr'>θεωρία,</span> <span class='ocrx_word' id='word_1_281' title='bbox 795 2095 930 2148; x_wconf 86' lang='grc' dir='ltr'><strong>ἀλλά</strong></span> <span class='ocrx_word' id='word_1_282' title='bbox 953 2095 1181 2158; x_wconf 74' lang='grc' dir='ltr'>καὶτοῖς</span> <span class='ocrx_word' id='word_1_283' title='bbox 1204 2094 1457 2162; x_wconf 83' lang='grc' dir='ltr'>ἀνάγνοις</span> <span class='ocrx_word' id='word_1_284' title='bbox 1483 2091 1719 2162; x_wconf 83' lang='grc' dir='ltr'>ἱερεῦσιν</span> <span class='ocrx_word' id='word_1_285' title='bbox 1736 2110 1750 2124; x_wconf 67' lang='grc'><strong>⁸</strong></span> <span class='ocrx_word' id='word_1_286' title='bbox 1778 2091 1960 2160; x_wconf 81' lang='grc' dir='ltr'>Ἀγια-</span> 
     </span>
    </p>
   </div>
   <div class='ocr_carea' id='block_1_40' title="bbox 381 2184 1961 2261">
    <p class='ocr_par' dir='ltr' id='par_1_40' title="bbox 381 2184 1961 2261">
     <span class='ocr_line' id='line_1_40' title="bbox 381 2184 1961 2261; baseline -0.005 -17"><span class='ocrx_word' id='word_1_287' title='bbox 381 2191 668 2261; x_wconf 86' lang='grc' dir='ltr'>σθήτωσαν</span> <span class='ocrx_word' id='word_1_288' title='bbox 693 2191 823 2260; x_wconf 78' lang='grc' dir='ltr'>γὰρ,</span> <span class='ocrx_word' id='word_1_289' title='bbox 859 2190 1015 2258; x_wconf 66' lang='grc' dir='ltr'>φησι,</span> <span class='ocrx_word' id='word_1_290' title='bbox 1070 2189 1280 2258; x_wconf 81' lang='grc' dir='ltr'>μήποτε</span> <span class='ocrx_word' id='word_1_291' title='bbox 1322 2184 1608 2258; x_wconf 77' lang='grc' dir='ltr'>ἀπαλλάξῃ</span> <span class='ocrx_word' id='word_1_292' title='bbox 1646 2184 1742 2240; x_wconf 79' lang='grc' dir='ltr'>ἀπ’</span> <span class='ocrx_word' id='word_1_293' title='bbox 1782 2185 1961 2238; x_wconf 83' lang='grc' dir='ltr'>αὐτῶν</span> 
     </span>
    </p>
   </div>
   <div class='ocr_carea' id='block_1_41' title="bbox 379 2279 1960 2354">
    <p class='ocr_par' dir='ltr' id='par_1_41' title="bbox 379 2279 1960 2354">
     <span class='ocr_line' id='line_1_41' title="bbox 379 2279 1960 2354; baseline -0.004 -19"><span class='ocrx_word' id='word_1_294' title='bbox 379 2285 409 2335; x_wconf 91' lang='lat'><strong>6</strong></span> <span class='ocrx_word' id='word_1_295' title='bbox 451 2283 674 2354; x_wconf 83' lang='grc' dir='ltr'>Κύριος·</span> <span class='ocrx_word' id='word_1_296' title='bbox 724 2281 868 2334; x_wconf 85' lang='grc' dir='ltr'>τοῦτ’</span> <span class='ocrx_word' id='word_1_297' title='bbox 921 2280 1086 2343; x_wconf 80' lang='grc' dir='ltr'>ἔστιν,</span> <span class='ocrx_word' id='word_1_298' title='bbox 1144 2279 1328 2351; x_wconf 82' lang='grc' dir='ltr'>ἀνέλῃ,</span> <span class='ocrx_word' id='word_1_299' title='bbox 1354 2281 1388 2350; x_wconf 82' lang='grc' dir='ltr'>ἢ</span> <span class='ocrx_word' id='word_1_300' title='bbox 1418 2279 1513 2332; x_wconf 71' lang='grc' dir='ltr'><strong>καὶ</strong></span> <span class='ocrx_word' id='word_1_301' title='bbox 1549 2279 1960 2348; x_wconf 83' lang='grc' dir='ltr'>ἀπαναχωρήσῃ</span> 
     </span>
    </p>
   </div>
   <div class='ocr_carea' id='block_1_42' title="bbox 380 2368 1964 2444">
    <p class='ocr_par' dir='ltr' id='par_1_42' title="bbox 380 2368 1964 2444">
     <span class='ocr_line' id='line_1_42' title="bbox 380 2368 1964 2444; baseline -0.004 -17"><span class='ocrx_word' id='word_1_302' title='bbox 380 2374 468 2429; x_wconf 87' lang='grc' dir='ltr'><strong>διά</strong></span> <span class='ocrx_word' id='word_1_303' title='bbox 488 2374 586 2444; x_wconf 77' lang='grc' dir='ltr'>τὴν</span> <span class='ocrx_word' id='word_1_304' title='bbox 633 2371 975 2443; x_wconf 75' lang='grc' dir='ltr'>ἀκαθαρσίαν</span> <span class='ocrx_word' id='word_1_305' title='bbox 1019 2371 1218 2423; x_wconf 79' lang='grc' dir='ltr'>αὐτῶν.</span> <span class='ocrx_word' id='word_1_306' title='bbox 1249 2370 1599 2434; x_wconf 77' lang='grc' dir='ltr'>Καταϐάντος</span> <span class='ocrx_word' id='word_1_307' title='bbox 1637 2369 1691 2423; x_wconf 84' lang='grc' dir='ltr'>δὲ</span> <span class='ocrx_word' id='word_1_308' title='bbox 1719 2368 1964 2431; x_wconf 83' lang='grc' dir='ltr'>Μωσέως</span> 
     </span>
    </p>
   </div>
   <div class='ocr_carea' id='block_1_43' title="bbox 381 2461 1964 2536">
    <p class='ocr_par' dir='ltr' id='par_1_43' title="bbox 381 2461 1964 2536">
     <span class='ocr_line' id='line_1_43' title="bbox 381 2461 1964 2536; baseline -0.004 -17"><span class='ocrx_word' id='word_1_309' title='bbox 381 2466 478 2519; x_wconf 77' lang='grc' dir='ltr'><strong>καὶ</strong></span> <span class='ocrx_word' id='word_1_310' title='bbox 503 2465 1019 2536; x_wconf 80' lang='grc' dir='ltr'>διαμαρτυραμένου</span> <span class='ocrx_word' id='word_1_311' title='bbox 1054 2462 1132 2534; x_wconf 82' lang='grc' dir='ltr'><strong>τῷ</strong></span> <span class='ocrx_word' id='word_1_312' title='bbox 1164 2463 1299 2532; x_wconf 76' lang='grc' dir='ltr'><strong>λαῷο</strong></span> <span class='ocrx_word' id='word_1_313' title='bbox 1339 2462 1825 2532; x_wconf 79' lang='grc' dir='ltr'>συγκαταὸατικῶς</span> <span class='ocrx_word' id='word_1_314' title='bbox 1853 2461 1964 2529; x_wconf 79' lang='grc' dir='ltr'><strong>γὰρ</strong></span> 
     </span>
    </p>
   </div>
   <div class='ocr_carea' id='block_1_44' title="bbox 385 2552 1964 2625">
    <p class='ocr_par' dir='ltr' id='par_1_44' title="bbox 385 2552 1964 2625">
     <span class='ocr_line' id='line_1_44' title="bbox 385 2552 1964 2625; baseline -0.004 -14"><span class='ocrx_word' id='word_1_315' title='bbox 385 2559 480 2613; x_wconf 73' lang='grc' dir='ltr'>καὶ</span> <span class='ocrx_word' id='word_1_316' title='bbox 509 2557 673 2610; x_wconf 75' lang='grc' dir='ltr'>οἱονεὶ</span> <span class='ocrx_word' id='word_1_317' title='bbox 719 2555 936 2624; x_wconf 89' lang='grc' dir='ltr'>γεωδῶς</span> <span class='ocrx_word' id='word_1_318' title='bbox 959 2555 1056 2607; x_wconf 78' lang='grc' dir='ltr'>καὶ</span> <span class='ocrx_word' id='word_1_319' title='bbox 1091 2553 1420 2625; x_wconf 84' lang='grc' dir='ltr'>σωματικῶς</span> <span class='ocrx_word' id='word_1_320' title='bbox 1443 2555 1472 2607; x_wconf 91' lang='lat'><strong>6</strong></span> <span class='ocrx_word' id='word_1_321' title='bbox 1497 2555 1658 2625; x_wconf 83' lang='grc' dir='ltr'>νόμος</span> <span class='ocrx_word' id='word_1_322' title='bbox 1692 2552 1964 2615; x_wconf 80' lang='grc' dir='ltr'>Ἰουδαίοις</span> 
     </span>
    </p>
   </div>
   <div class='ocr_carea' id='block_1_45' title="bbox 383 2632 1963 2717">
    <p class='ocr_par' dir='ltr' id='par_1_45' title="bbox 383 2632 1963 2717">
     <span class='ocr_line' id='line_1_45' title="bbox 383 2632 1963 2717; baseline -0.004 -14"><span class='ocrx_word' id='word_1_323' title='bbox 383 2636 711 2716; x_wconf 83' lang='grc' dir='ltr'>διαλέγεται·</span> <span class='ocrx_word' id='word_1_324' title='bbox 755 2649 1060 2700; x_wconf 83' lang='grc' dir='ltr'>συνάνεισιν</span> <span class='ocrx_word' id='word_1_325' title='bbox 1088 2645 1237 2716; x_wconf 83' lang='grc' dir='ltr'><strong>αὑτῷ</strong></span> <span class='ocrx_word' id='word_1_326' title='bbox 1279 2648 1375 2698; x_wconf 78' lang='grc' dir='ltr'>καὶ</span> <span class='ocrx_word' id='word_1_327' title='bbox 1414 2644 1651 2717; x_wconf 83' lang='grc' dir='ltr'>Ἀαρὼν,</span> <span class='ocrx_word' id='word_1_328' title='bbox 1675 2632 1788 2698; x_wconf 44' lang='grc' dir='ltr'>’τοῦ</span> <span class='ocrx_word' id='word_1_329' title='bbox 1828 2642 1963 2698; x_wconf 89' lang='grc' dir='ltr'>Θεοῦ</span> 
     </span>
    </p>
   </div>
   <div class='ocr_carea' id='block_1_46' title="bbox 387 2737 1969 2808">
    <p class='ocr_par' dir='ltr' id='par_1_46' title="bbox 387 2737 1969 2808">
     <span class='ocr_line' id='line_1_46' title="bbox 387 2737 1969 2808; baseline -0.003 -14"><span class='ocrx_word' id='word_1_330' title='bbox 387 2739 762 2803; x_wconf 85' lang='grc' dir='ltr'>κελεύσαντος.</span> <span class='ocrx_word' id='word_1_331' title='bbox 799 2737 1042 2807; x_wconf 77' lang='grc' dir='ltr'>Ἐγγίζει</span> <span class='ocrx_word' id='word_1_332' title='bbox 1073 2737 1182 2808; x_wconf 78' lang='grc' dir='ltr'>γὰρ</span> <span class='ocrx_word' id='word_1_333' title='bbox 1211 2737 1290 2808; x_wconf 81' lang='grc' dir='ltr'>τῷ</span> <span class='ocrx_word' id='word_1_334' title='bbox 1320 2737 1439 2808; x_wconf 85' lang='grc' dir='ltr'><strong>Θεῷ</strong></span> <span class='ocrx_word' id='word_1_335' title='bbox 1474 2738 1738 2808; x_wconf 88' lang='grc' dir='ltr'>πρότερος</span> <span class='ocrx_word' id='word_1_336' title='bbox 1770 2737 1799 2788; x_wconf 92' lang='lat'><strong>6</strong></span> <span class='ocrx_word' id='word_1_337' title='bbox 1839 2738 1969 2790; x_wconf 85' lang='grc' dir='ltr'><strong>Μω-</strong></span> 
     </span>
    </p>
   </div>
   <div class='ocr_carea' id='block_1_47' title="bbox 395 2827 1970 2901">
    <p class='ocr_par' dir='ltr' id='par_1_47' title="bbox 395 2827 1970 2901">
     <span class='ocr_line' id='line_1_47' title="bbox 395 2827 1970 2901; baseline -0.004 -15"><span class='ocrx_word' id='word_1_338' title='bbox 395 2832 582 2894; x_wconf 87' lang='grc' dir='ltr'>σαῖκὸς</span> <span class='ocrx_word' id='word_1_339' title='bbox 625 2831 791 2901; x_wconf 87' lang='grc' dir='ltr'>νόμος</span> <span class='ocrx_word' id='word_1_340' title='bbox 817 2829 892 2892; x_wconf 86' lang='grc' dir='ltr'>ὡς</span> <span class='ocrx_word' id='word_1_341' title='bbox 935 2830 1120 2898; x_wconf 78' lang='grc' dir='ltr'>ἅγιος,</span> <span class='ocrx_word' id='word_1_342' title='bbox 1155 2829 1380 2901; x_wconf 75' lang='grc' dir='ltr'>ὕστερον</span> <span class='ocrx_word' id='word_1_343' title='bbox 1403 2828 1462 2881; x_wconf 83' lang='grc' dir='ltr'>δὲ</span> <span class='ocrx_word' id='word_1_344' title='bbox 1496 2829 1590 2881; x_wconf 78' lang='grc' dir='ltr'>καὶ</span> <span class='ocrx_word' id='word_1_345' title='bbox 1627 2831 1656 2881; x_wconf 91' lang='grc' dir='ltr'>ὁ</span> <span class='ocrx_word' id='word_1_346' title='bbox 1686 2827 1970 2896; x_wconf 83' lang='grc' dir='ltr'>εὐαγγελι-</span> 
     </span>
    </p>
   </div>
   <div class='ocr_carea' id='block_1_48' title="bbox 385 2917 1969 2992">
    <p class='ocr_par' dir='ltr' id='par_1_48' title="bbox 385 2917 1969 2992">
     <span class='ocr_line' id='line_1_48' title="bbox 385 2917 1969 2992; baseline -0.001 -18"><span class='ocrx_word' id='word_1_347' title='bbox 385 2920 500 2988; x_wconf 77' lang='grc' dir='ltr'>κὸς,</span> <span class='ocrx_word' id='word_1_348' title='bbox 521 2921 596 2986; x_wconf 86' lang='grc' dir='ltr'><strong>ὡς</strong></span> <span class='ocrx_word' id='word_1_349' title='bbox 636 2919 946 2992; x_wconf 83' lang='grc' dir='ltr'>ἱερώτατος,</span> <span class='ocrx_word' id='word_1_350' title='bbox 980 2919 1076 2973; x_wconf 79' lang='grc' dir='ltr'><strong>καὶ</strong></span> <span class='ocrx_word' id='word_1_351' title='bbox 1098 2917 1484 2987; x_wconf 72' lang='grc' dir='ltr'>συζεύγνυνται</span> <span class='ocrx_word' id='word_1_352' title='bbox 1514 2920 1655 2973; x_wconf 86' lang='grc' dir='ltr'><strong>κατά</strong></span> <span class='ocrx_word' id='word_1_353' title='bbox 1677 2918 1829 2984; x_wconf 89' lang='grc' dir='ltr'>Θεὸν,</span> <span class='ocrx_word' id='word_1_354' title='bbox 1851 2920 1969 2990; x_wconf 74' lang='grc' dir='ltr'>ἦτοι</span> 
     </span>
    </p>
   </div>
   <div class='ocr_carea' id='block_1_49' title="bbox 389 3008 1972 3083">
    <p class='ocr_par' dir='ltr' id='par_1_49' title="bbox 389 3008 1972 3083">
     <span class='ocr_line' id='line_1_49' title="bbox 389 3008 1972 3083; baseline -0.003 -16"><span class='ocrx_word' id='word_1_355' title='bbox 389 3013 530 3068; x_wconf 83' lang='grc' dir='ltr'>κατὰ</span> <span class='ocrx_word' id='word_1_356' title='bbox 555 3011 655 3083; x_wconf 81' lang='grc' dir='ltr'><strong>τὴν</strong></span> <span class='ocrx_word' id='word_1_357' title='bbox 681 3008 1057 3080; x_wconf 75' lang='grc' dir='ltr'>πνευματικὴν</span> <span class='ocrx_word' id='word_1_358' title='bbox 1079 3008 1311 3081; x_wconf 84' lang='grc' dir='ltr'>θεωρίαν</span> <span class='ocrx_word' id='word_1_359' title='bbox 1330 3023 1343 3036; x_wconf 87' lang='grc'><strong>·</strong></span> <span class='ocrx_word' id='word_1_360' title='bbox 1378 3008 1664 3079; x_wconf 82' lang='grc' dir='ltr'>συνᾴδουσι</span> <span class='ocrx_word' id='word_1_361' title='bbox 1690 3010 1798 3081; x_wconf 89' lang='grc' dir='ltr'><strong>γάρ</strong></span> <span class='ocrx_word' id='word_1_362' title='bbox 1827 3009 1972 3063; x_wconf 88' lang='grc' dir='ltr'><strong>κατά</strong></span> 
     </span>
    </p>
   </div>
   <div class='ocr_carea' id='block_1_50' title="bbox 388 3085 2042 3174">
    <p class='ocr_par' dir='ltr' id='par_1_50' title="bbox 388 3085 2042 3174">
     <span class='ocr_line' id='line_1_50' title="bbox 388 3085 2042 3174; baseline -0.002 -17"><span class='ocrx_word' id='word_1_363' title='bbox 388 3123 453 3174; x_wconf 86' lang='grc' dir='ltr'><strong>γε</strong></span> <span class='ocrx_word' id='word_1_364' title='bbox 496 3105 556 3157; x_wconf 89' lang='grc' dir='ltr'><strong>τὸ</strong></span> <span class='ocrx_word' id='word_1_365' title='bbox 601 3099 991 3173; x_wconf 83' lang='grc' dir='ltr'>πνευματικῶς</span> <span class='ocrx_word' id='word_1_366' title='bbox 1046 3099 1438 3171; x_wconf 83' lang='grc' dir='ltr'>θεωρούμενον.</span> <span class='ocrx_word' id='word_1_367' title='bbox 1488 3100 1772 3154; x_wconf 85' lang='grc' dir='ltr'>Κωλύεται</span> <span class='ocrx_word' id='word_1_368' title='bbox 1808 3099 1864 3153; x_wconf 81' lang='grc' dir='ltr'><strong>δὲ</strong></span> <span class='ocrx_word' id='word_1_369' title='bbox 1909 3100 1971 3154; x_wconf 87' lang='grc' dir='ltr'><strong>τὸ</strong></span> <span class='ocrx_word' id='word_1_370' title='bbox 1998 3085 2042 3144; x_wconf 74' lang='lat' dir='ltr'><strong><em>C</em></strong></span> 
     </span>
    </p>
   </div>
   <div class='ocr_carea' id='block_1_51' title="bbox 391 3189 1973 3266">
    <p class='ocr_par' dir='ltr' id='par_1_51' title="bbox 391 3189 1973 3266">
     <span class='ocr_line' id='line_1_51' title="bbox 391 3189 1973 3266; baseline -0.003 -18"><span class='ocrx_word' id='word_1_371' title='bbox 391 3197 574 3250; x_wconf 83' lang='grc' dir='ltr'>λοιπὸν</span> <span class='ocrx_word' id='word_1_372' title='bbox 607 3193 884 3266; x_wconf 78' lang='grc' dir='ltr'>ἱερατικὸν</span> <span class='ocrx_word' id='word_1_373' title='bbox 917 3192 1073 3260; x_wconf 83' lang='grc' dir='ltr'>γένος</span> <span class='ocrx_word' id='word_1_374' title='bbox 1111 3191 1356 3246; x_wconf 85' lang='grc' dir='ltr'>ἀνελθεῖν</span> <span class='ocrx_word' id='word_1_375' title='bbox 1372 3193 1452 3256; x_wconf 86' lang='grc' dir='ltr'><strong>είς</strong></span> <span class='ocrx_word' id='word_1_376' title='bbox 1473 3191 1573 3262; x_wconf 83' lang='grc' dir='ltr'>τὴν</span> <span class='ocrx_word' id='word_1_377' title='bbox 1601 3191 1848 3262; x_wconf 67' lang='grc' dir='ltr'>κορυῳὴν</span> <span class='ocrx_word' id='word_1_378' title='bbox 1879 3189 1973 3245; x_wconf 90' lang='grc' dir='ltr'><strong>τοῦ</strong></span> 
     </span>
    </p>
   </div>
   <div class='ocr_carea' id='block_1_52' title="bbox 393 3277 1975 3356">
    <p class='ocr_par' dir='ltr' id='par_1_52' title="bbox 393 3277 1975 3356">
     <span class='ocr_line' id='line_1_52' title="bbox 393 3277 1975 3356; baseline -0.002 -15"><span class='ocrx_word' id='word_1_379' title='bbox 393 3289 570 3354; x_wconf 81' lang='grc' dir='ltr'>ὅρους.</span> <span class='ocrx_word' id='word_1_380' title='bbox 599 3289 724 3350; x_wconf 84' lang='grc' dir='ltr'>Τοῖς</span> <span class='ocrx_word' id='word_1_381' title='bbox 751 3285 860 3356; x_wconf 83' lang='grc' dir='ltr'><strong>γὰρ</strong></span> <span class='ocrx_word' id='word_1_382' title='bbox 902 3284 982 3338; x_wconf 76' lang='grc' dir='ltr'>ἔτι</span> <span class='ocrx_word' id='word_1_383' title='bbox 1020 3283 1118 3354; x_wconf 80' lang='grc' dir='ltr'><strong>τὴν</strong></span> <span class='ocrx_word' id='word_1_384' title='bbox 1168 3286 1225 3338; x_wconf 84' lang='grc' dir='ltr'>ὲν</span> <span class='ocrx_word' id='word_1_385' title='bbox 1265 3287 1445 3349; x_wconf 81' lang='grc' dir='ltr'>σκιαῖς</span> <span class='ocrx_word' id='word_1_386' title='bbox 1474 3283 1687 3338; x_wconf 83' lang='grc' dir='ltr'>τελοῦσι</span> <span class='ocrx_word' id='word_1_387' title='bbox 1719 3277 1975 3356; x_wconf 85' lang='grc' dir='ltr'>λατρείαν</span> 
     </span>
    </p>
   </div>
   <div class='ocr_carea' id='block_1_53' title="bbox 391 3373 1975 3446">
    <p class='ocr_par' dir='ltr' id='par_1_53' title="bbox 391 3373 1975 3446">
     <span class='ocr_line' id='line_1_53' title="bbox 391 3373 1975 3446; baseline -0.004 -14"><span class='ocrx_word' id='word_1_388' title='bbox 391 3379 453 3432; x_wconf 81' lang='grc' dir='ltr'><strong>οὐ</strong></span> <span class='ocrx_word' id='word_1_389' title='bbox 488 3379 688 3432; x_wconf 90' lang='grc' dir='ltr'>δίδοται</span> <span class='ocrx_word' id='word_1_390' title='bbox 719 3375 870 3446; x_wconf 79' lang='grc' dir='ltr'>παρὰ</span> <span class='ocrx_word' id='word_1_391' title='bbox 895 3373 1056 3438; x_wconf 86' lang='grc' dir='ltr'>Θεοῦ,</span> <span class='ocrx_word' id='word_1_392' title='bbox 1089 3375 1149 3428; x_wconf 90' lang='grc' dir='ltr'><strong>τὸ</strong></span> <span class='ocrx_word' id='word_1_393' title='bbox 1184 3375 1320 3446; x_wconf 89' lang='grc' dir='ltr'>πρὸς</span> <span class='ocrx_word' id='word_1_394' title='bbox 1359 3374 1490 3442; x_wconf 77' lang='grc' dir='ltr'>ὕψος</span> <span class='ocrx_word' id='word_1_395' title='bbox 1527 3373 1827 3442; x_wconf 85' lang='grc' dir='ltr'>ἀνάγεσθαι</span> <span class='ocrx_word' id='word_1_396' title='bbox 1853 3374 1975 3442; x_wconf 88' lang='grc' dir='ltr'>δογ-</span> 
     </span>
    </p>
   </div>
   <div class='ocr_carea' id='block_1_54' title="bbox 394 3462 1976 3542">
    <p class='ocr_par' dir='ltr' id='par_1_54' title="bbox 394 3462 1976 3542">
     <span class='ocr_line' id='line_1_54' title="bbox 394 3462 1976 3542; baseline -0.008 -16"><span class='ocrx_word' id='word_1_397' title='bbox 394 3471 613 3542; x_wconf 84' lang='grc' dir='ltr'>μάτων,</span> <span class='ocrx_word' id='word_1_398' title='bbox 654 3470 949 3538; x_wconf 79' lang='grc' dir='ltr'>τετήρηται</span> <span class='ocrx_word' id='word_1_399' title='bbox 981 3466 1040 3519; x_wconf 84' lang='grc' dir='ltr'>δὲ</span> <span class='ocrx_word' id='word_1_400' title='bbox 1067 3468 1180 3529; x_wconf 89' lang='grc' dir='ltr'>τοῖς</span> <span class='ocrx_word' id='word_1_401' title='bbox 1213 3466 1270 3519; x_wconf 82' lang='grc' dir='ltr'><strong>έν</strong></span> <span class='ocrx_word' id='word_1_402' title='bbox 1315 3464 1589 3534; x_wconf 87' lang='grc' dir='ltr'>πνεύματι</span> <span class='ocrx_word' id='word_1_403' title='bbox 1622 3465 1716 3518; x_wconf 70' lang='grc' dir='ltr'>καὶ</span> <span class='ocrx_word' id='word_1_404' title='bbox 1745 3462 1976 3534; x_wconf 81' lang='grc' dir='ltr'>ἀληθείᾳ</span> 
     </span>
    </p>
   </div>
   <div class='ocr_carea' id='block_1_55' title="bbox 389 3553 1973 3634">
    <p class='ocr_par' dir='ltr' id='par_1_55' title="bbox 389 3553 1973 3634">
     <span class='ocr_line' id='line_1_55' title="bbox 389 3553 1973 3634; baseline -0.006 -19"><span class='ocrx_word' id='word_1_405' title='bbox 389 3563 714 3634; x_wconf 86' lang='grc' dir='ltr'>λατρευταῖς</span> <span class='ocrx_word' id='word_1_406' title='bbox 764 3557 857 3611; x_wconf 89' lang='grc' dir='ltr'><strong>τοῦ</strong></span> <span class='ocrx_word' id='word_1_407' title='bbox 909 3556 1064 3610; x_wconf 86' lang='grc' dir='ltr'>Θεοῦ.</span> <span class='ocrx_word' id='word_1_408' title='bbox 1122 3575 1141 3608; x_wconf 73' lang='grc' dir='ltr'><strong>ι</strong></span> <span class='ocrx_word' id='word_1_409' title='bbox 1180 3554 1340 3626; x_wconf 83' lang='grc' dir='ltr'>’Υμῖν</span> <span class='ocrx_word' id='word_1_410' title='bbox 1378 3553 1506 3625; x_wconf 86' lang='grc' dir='ltr'>γὰρ,</span> <span class='ocrx_word' id='word_1_411' title='bbox 1559 3556 1716 3625; x_wconf 77' lang='grc' dir='ltr'>φησὶ,</span> <span class='ocrx_word' id='word_1_412' title='bbox 1763 3554 1973 3608; x_wconf 86' lang='grc' dir='ltr'>δέδοται</span> 
     </span>
    </p>
   </div>
   <div class='ocr_carea' id='block_1_56' title="bbox 389 3645 1970 3722">
    <p class='ocr_par' dir='ltr' id='par_1_56' title="bbox 389 3645 1970 3722">
     <span class='ocr_line' id='line_1_56' title="bbox 389 3645 1970 3722; baseline -0.004 -16"><span class='ocrx_word' id='word_1_413' title='bbox 389 3653 592 3722; x_wconf 90' lang='grc' dir='ltr'>γνῶναι</span> <span class='ocrx_word' id='word_1_414' title='bbox 648 3651 717 3703; x_wconf 81' lang='grc' dir='ltr'>τὰ</span> <span class='ocrx_word' id='word_1_415' title='bbox 770 3648 1044 3719; x_wconf 79' lang='grc' dir='ltr'>μυστήρια</span> <span class='ocrx_word' id='word_1_416' title='bbox 1090 3647 1188 3716; x_wconf 80' lang='grc' dir='ltr'>τῆς</span> <span class='ocrx_word' id='word_1_417' title='bbox 1239 3645 1513 3715; x_wconf 85' lang='grc' dir='ltr'>βασιλείας</span> <span class='ocrx_word' id='word_1_418' title='bbox 1553 3645 1662 3698; x_wconf 92' lang='grc' dir='ltr'><strong>τῶν</strong></span> <span class='ocrx_word' id='word_1_419' title='bbox 1703 3645 1970 3715; x_wconf 84' lang='grc' dir='ltr'>οὐρανῶν,</span> 
     </span>
    </p>
   </div>
   <div class='ocr_carea' id='block_1_57' title="bbox 389 3731 1889 3806">
    <p class='ocr_par' dir='ltr' id='par_1_57' title="bbox 389 3731 1889 3806">
     <span class='ocr_line' id='line_1_57' title="bbox 389 3731 1889 3806; baseline -0.013 -8"><span class='ocrx_word' id='word_1_420' title='bbox 389 3745 619 3806; x_wconf 72' lang='grc' dir='ltr'>ἐκείνοις</span> <span class='ocrx_word' id='word_1_421' title='bbox 645 3742 702 3794; x_wconf 83' lang='grc' dir='ltr'>δὲ</span> <span class='ocrx_word' id='word_1_422' title='bbox 740 3741 801 3793; x_wconf 79' lang='grc' dir='ltr'><strong>οὑ</strong></span> <span class='ocrx_word' id='word_1_423' title='bbox 831 3738 1060 3792; x_wconf 83' lang='grc' dir='ltr'>δέδοται.</span> <span class='ocrx_word' id='word_1_424' title='bbox 1105 3755 1123 3788; x_wconf 75' lang='grc' dir='ltr'><strong>ι</strong></span> <span class='ocrx_word' id='word_1_425' title='bbox 1881 3731 1889 3736; x_wconf 86' lang='grc'><em>’</em></span> 
     </span>
    </p>
   </div>
   <div class='ocr_carea' id='block_1_58' title="bbox 377 4039 1974 4115">
    <p class='ocr_par' dir='ltr' id='par_1_58' title="bbox 377 4039 1974 4115">
     <span class='ocr_line' id='line_1_58' title="bbox 377 4039 1974 4115; baseline -0.013 -10"><span class='ocrx_word' id='word_1_426' title='bbox 377 4049 465 4104; x_wconf 82' lang='lat'><strong>&quot;0</strong></span> <span class='ocrx_word' id='word_1_427' title='bbox 500 4045 723 4115; x_wconf 82' lang='grc' dir='ltr'>Μωσῆς</span> <span class='ocrx_word' id='word_1_428' title='bbox 753 4043 927 4112; x_wconf 71' lang='grc' dir='ltr'>ἀφεὶς</span> <span class='ocrx_word' id='word_1_429' title='bbox 950 4039 1065 4108; x_wconf 77' lang='grc' dir='ltr'><strong>τὴν</strong></span> <span class='ocrx_word' id='word_1_430' title='bbox 1085 4040 1357 4115; x_wconf 66' lang='grc' dir='ltr'>πεδιάδα,</span> <span class='ocrx_word' id='word_1_431' title='bbox 1389 4043 1486 4096; x_wconf 78' lang='grc' dir='ltr'>καὶ</span> <span class='ocrx_word' id='word_1_432' title='bbox 1501 4043 1634 4115; x_wconf 57' lang='lat' dir='ltr'><strong>{rapi</strong></span> <span class='ocrx_word' id='word_1_433' title='bbox 1665 4043 1806 4109; x_wconf 83' lang='grc' dir='ltr'>τοὺς</span> <span class='ocrx_word' id='word_1_434' title='bbox 1841 4045 1974 4115; x_wconf 72' lang='grc' dir='ltr'>πρό.</span> 
     </span>
    </p>
   </div>
   <div class='ocr_carea' id='block_1_59' title="bbox 464 4111 1972 4183">
    <p class='ocr_par' dir='ltr' id='par_1_59' title="bbox 464 4111 1972 4183">
     <span class='ocr_line' id='line_1_59' title="bbox 464 4111 1972 4183; baseline -0.003 -12"><span class='ocrx_word' id='word_1_435' title='bbox 464 4118 652 4183; x_wconf 83' lang='grc' dir='ltr'>ποδας</span> <span class='ocrx_word' id='word_1_436' title='bbox 674 4111 805 4169; x_wconf 72' lang='grc' dir='ltr'>’τοῦ</span> <span class='ocrx_word' id='word_1_437' title='bbox 826 4115 1002 4183; x_wconf 74' lang='grc' dir='ltr'>ὅρους</span> <span class='ocrx_word' id='word_1_438' title='bbox 1032 4111 1374 4183; x_wconf 75' lang='grc' dir='ltr'>γενόμενος,</span> <span class='ocrx_word' id='word_1_439' title='bbox 1409 4113 1680 4182; x_wconf 76' lang='grc' dir='ltr'>ἀνῆλθεν</span> <span class='ocrx_word' id='word_1_440' title='bbox 1698 4116 1785 4179; x_wconf 87' lang='grc' dir='ltr'><strong>είς</strong></span> <span class='ocrx_word' id='word_1_441' title='bbox 1801 4114 1972 4183; x_wconf 81' lang='grc' dir='ltr'>αὐτὸ,</span> 
     </span>
    </p>
   </div>
   <div class='ocr_carea' id='block_1_60' title="bbox 462 4180 1974 4253">
    <p class='ocr_par' dir='ltr' id='par_1_60' title="bbox 462 4180 1974 4253">
     <span class='ocr_line' id='line_1_60' title="bbox 462 4180 1974 4253; baseline -0.003 -14"><span class='ocrx_word' id='word_1_442' title='bbox 462 4189 559 4240; x_wconf 78' lang='grc' dir='ltr'>καὶ</span> <span class='ocrx_word' id='word_1_443' title='bbox 607 4180 878 4253; x_wconf 74' lang='grc' dir='ltr'>διασχὼν</span> <span class='ocrx_word' id='word_1_444' title='bbox 908 4180 1020 4249; x_wconf 77' lang='grc' dir='ltr'><strong>τὴν</strong></span> <span class='ocrx_word' id='word_1_445' title='bbox 1056 4182 1343 4248; x_wconf 67' lang='grc' dir='ltr'>νεφέλην,</span> <span class='ocrx_word' id='word_1_446' title='bbox 1400 4180 1787 4252; x_wconf 75' lang='grc' dir='ltr'>λαμπρότητα</span> <span class='ocrx_word' id='word_1_447' title='bbox 1825 4182 1974 4237; x_wconf 86' lang='grc' dir='ltr'>Θεοῦ</span> 
     </span>
    </p>
   </div>
   <div class='ocr_carea' id='block_1_61' title="bbox 463 4255 941 4311">
    <p class='ocr_par' dir='ltr' id='par_1_61' title="bbox 463 4255 941 4311">
     <span class='ocr_line' id='line_1_61' title="bbox 463 4255 941 4311; baseline -0.002 -1"><span class='ocrx_word' id='word_1_448' title='bbox 463 4255 584 4311; x_wconf 75' lang='grc' dir='ltr'>εἶδε</span> <span class='ocrx_word' id='word_1_449' title='bbox 605 4258 706 4310; x_wconf 76' lang='grc' dir='ltr'>καὶ</span> <span class='ocrx_word' id='word_1_450' title='bbox 737 4256 941 4309; x_wconf 77' lang='grc' dir='ltr'>ἔπαθε.</span> 
     </span>
    </p>
   </div>
   <div class='ocr_carea' id='block_1_62' title="bbox 464 4363 1974 4438">
    <p class='ocr_par' dir='ltr' id='par_1_62' title="bbox 464 4363 1974 4438">
     <span class='ocr_line' id='line_1_62' title="bbox 464 4363 1974 4438; baseline -0.004 -15"><span class='ocrx_word' id='word_1_451' title='bbox 464 4369 660 4432; x_wconf 86' lang='grc' dir='ltr'>Πεδιάς</span> <span class='ocrx_word' id='word_1_452' title='bbox 707 4367 1067 4436; x_wconf 76' lang='grc' dir='ltr'>ἅναγωγικῶς</span> <span class='ocrx_word' id='word_1_453' title='bbox 1111 4369 1139 4421; x_wconf 92' lang='lat'><strong>6</strong></span> <span class='ocrx_word' id='word_1_454' title='bbox 1171 4369 1426 4438; x_wconf 78' lang='grc' dir='ltr'>ἐνάρετος</span> <span class='ocrx_word' id='word_1_455' title='bbox 1480 4363 1608 4434; x_wconf 59' lang='grc' dir='ltr'>βίος</span> <span class='ocrx_word' id='word_1_456' title='bbox 1661 4366 1826 4418; x_wconf 72' lang='grc' dir='ltr'>παντὶ</span> <span class='ocrx_word' id='word_1_457' title='bbox 1865 4365 1974 4434; x_wconf 82' lang='grc' dir='ltr'>γὰρ</span> 
     </span>
    </p>
   </div>
   <div class='ocr_carea' id='block_1_63' title="bbox 392 4434 2052 4535">
    <p class='ocr_par' dir='ltr' id='par_1_63' title="bbox 392 4434 2052 4535">
     <span class='ocr_line' id='line_1_63' title="bbox 392 4434 2052 4535; baseline -0.01 -19"><span class='ocrx_word' id='word_1_458' title='bbox 392 4462 593 4535; x_wconf 77' lang='grc' dir='ltr'>ῥᾴδιος.</span> <span class='ocrx_word' id='word_1_459' title='bbox 648 4434 927 4530; x_wconf 78' lang='grc' dir='ltr'>Πρὸποδες</span> <span class='ocrx_word' id='word_1_460' title='bbox 955 4459 1012 4511; x_wconf 82' lang='grc' dir='ltr'><strong>δὲ</strong></span> <span class='ocrx_word' id='word_1_461' title='bbox 1051 4457 1145 4511; x_wconf 89' lang='grc' dir='ltr'><strong>τοῦ</strong></span> <span class='ocrx_word' id='word_1_462' title='bbox 1183 4434 1343 4528; x_wconf 75' lang='grc' dir='ltr'>ὅρους</span> <span class='ocrx_word' id='word_1_463' title='bbox 1395 4456 1430 4526; x_wconf 82' lang='grc' dir='ltr'>ἡ</span> <span class='ocrx_word' id='word_1_464' title='bbox 1464 4454 1740 4526; x_wconf 82' lang='grc' dir='ltr'>πρακτικὴ</span> <span class='ocrx_word' id='word_1_465' title='bbox 1780 4455 1972 4526; x_wconf 78' lang='grc' dir='ltr'>ἀρετὴ,</span> <span class='ocrx_word' id='word_1_466' title='bbox 2009 4434 2052 4488; x_wconf 78' lang='lat' dir='ltr'><strong>D</strong></span> 
     </span>
    </p>
   </div>
   <div class='ocr_carea' id='block_1_64' title="bbox 391 4541 1975 4622">
    <p class='ocr_par' dir='ltr' id='par_1_64' title="bbox 391 4541 1975 4622">
     <span class='ocr_line' id='line_1_64' title="bbox 391 4541 1975 4622; baseline -0.004 -16"><span class='ocrx_word' id='word_1_467' title='bbox 391 4553 484 4607; x_wconf 82' lang='grc' dir='ltr'><strong>καὶ</strong></span> <span class='ocrx_word' id='word_1_468' title='bbox 505 4555 617 4613; x_wconf 86' lang='grc' dir='ltr'>τοῖς</span> <span class='ocrx_word' id='word_1_469' title='bbox 671 4548 1068 4622; x_wconf 84' lang='grc' dir='ltr'>ἀνδρειοτέροις</span> <span class='ocrx_word' id='word_1_470' title='bbox 1105 4546 1539 4618; x_wconf 84' lang='grc' dir='ltr'>εὐεπιχείρητος,</span> <span class='ocrx_word' id='word_1_471' title='bbox 1580 4546 1646 4599; x_wconf 82' lang='grc' dir='ltr'>δι’</span> <span class='ocrx_word' id='word_1_472' title='bbox 1685 4541 1753 4618; x_wconf 79' lang='grc' dir='ltr'>ἦς</span> <span class='ocrx_word' id='word_1_473' title='bbox 1779 4545 1872 4598; x_wconf 73' lang='grc' dir='ltr'>ἐπὶ</span> <span class='ocrx_word' id='word_1_474' title='bbox 1913 4546 1975 4599; x_wconf 87' lang='grc' dir='ltr'><strong>τὸ</strong></span> 
     </span>
    </p>
   </div>
   <div class='ocr_carea' id='block_1_65' title="bbox 390 4638 1976 4714">
    <p class='ocr_par' dir='ltr' id='par_1_65' title="bbox 390 4638 1976 4714">
     <span class='ocr_line' id='line_1_65' title="bbox 390 4638 1976 4714; baseline -0.004 -16"><span class='ocrx_word' id='word_1_475' title='bbox 390 4646 486 4714; x_wconf 82' lang='grc' dir='ltr'>τῆς</span> <span class='ocrx_word' id='word_1_476' title='bbox 519 4643 754 4714; x_wconf 89' lang='grc' dir='ltr'>θεωρίας</span> <span class='ocrx_word' id='word_1_477' title='bbox 787 4639 919 4711; x_wconf 74' lang='grc' dir='ltr'>ὕψος</span> <span class='ocrx_word' id='word_1_478' title='bbox 949 4638 1454 4712; x_wconf 82' lang='grc' dir='ltr'>χειραγωγούμεθα.</span> <span class='ocrx_word' id='word_1_479' title='bbox 1490 4639 1653 4710; x_wconf 85' lang='grc' dir='ltr'>Ὄρος</span> <span class='ocrx_word' id='word_1_480' title='bbox 1694 4638 1749 4691; x_wconf 77' lang='grc' dir='ltr'>δὲ</span> <span class='ocrx_word' id='word_1_481' title='bbox 1776 4638 1837 4690; x_wconf 90' lang='grc' dir='ltr'><strong>τὸ</strong></span> <span class='ocrx_word' id='word_1_482' title='bbox 1880 4655 1976 4691; x_wconf 85' lang='grc' dir='ltr'>πε-</span> 
     </span>
    </p>
   </div>
   <div class='ocr_carea' id='block_1_66' title="bbox 393 4728 1975 4808">
    <p class='ocr_par' dir='ltr' id='par_1_66' title="bbox 393 4728 1975 4808">
     <span class='ocr_line' id='line_1_66' title="bbox 393 4728 1975 4808; baseline -0.004 -20"><span class='ocrx_word' id='word_1_483' title='bbox 393 4737 615 4808; x_wconf 81' lang='grc' dir='ltr'>ρίοπτον</span> <span class='ocrx_word' id='word_1_484' title='bbox 647 4735 743 4786; x_wconf 77' lang='grc' dir='ltr'><strong>καὶ</strong></span> <span class='ocrx_word' id='word_1_485' title='bbox 763 4734 1061 4802; x_wconf 82' lang='grc' dir='ltr'>κορυφαῖον</span> <span class='ocrx_word' id='word_1_486' title='bbox 1082 4732 1178 4800; x_wconf 85' lang='grc' dir='ltr'>τῆς</span> <span class='ocrx_word' id='word_1_487' title='bbox 1201 4728 1543 4799; x_wconf 82' lang='grc' dir='ltr'>θεωρητικῆς</span> <span class='ocrx_word' id='word_1_488' title='bbox 1574 4729 1794 4802; x_wconf 83' lang='grc' dir='ltr'>ἀρετῆς,</span> <span class='ocrx_word' id='word_1_489' title='bbox 1811 4729 1840 4782; x_wconf 81' lang='lat'><strong>6</strong></span> <span class='ocrx_word' id='word_1_490' title='bbox 1862 4732 1975 4792; x_wconf 89' lang='grc' dir='ltr'>τοῖς</span> 
     </span>
    </p>
   </div>
   <div class='ocr_carea' id='block_1_67' title="bbox 392 4820 1976 4894">
    <p class='ocr_par' dir='ltr' id='par_1_67' title="bbox 392 4820 1976 4894">
     <span class='ocr_line' id='line_1_67' title="bbox 392 4820 1976 4894; baseline -0.004 -16"><span class='ocrx_word' id='word_1_491' title='bbox 392 4827 622 4890; x_wconf 80' lang='grc' dir='ltr'>τελείοις</span> <span class='ocrx_word' id='word_1_492' title='bbox 647 4825 744 4878; x_wconf 78' lang='grc' dir='ltr'><strong>καὶ</strong></span> <span class='ocrx_word' id='word_1_493' title='bbox 775 4823 960 4894; x_wconf 84' lang='grc' dir='ltr'>μόνοις</span> <span class='ocrx_word' id='word_1_494' title='bbox 995 4821 1246 4892; x_wconf 86' lang='grc' dir='ltr'>βάσιμον.</span> <span class='ocrx_word' id='word_1_495' title='bbox 1282 4821 1424 4874; x_wconf 85' lang='grc' dir='ltr'>Ἀλλ’</span> <span class='ocrx_word' id='word_1_496' title='bbox 1457 4820 1582 4874; x_wconf 79' lang='grc' dir='ltr'>οὐδὲ</span> <span class='ocrx_word' id='word_1_497' title='bbox 1617 4821 1851 4874; x_wconf 78' lang='grc' dir='ltr'>ἐνταῦθα</span> <span class='ocrx_word' id='word_1_498' title='bbox 1884 4838 1976 4888; x_wconf 86' lang='grc' dir='ltr'>γε-</span> 
     </span>
    </p>
   </div>
   <div class='ocr_carea' id='block_1_68' title="bbox 400 4911 1980 4989">
    <p class='ocr_par' dir='ltr' id='par_1_68' title="bbox 400 4911 1980 4989">
     <span class='ocr_line' id='line_1_68' title="bbox 400 4911 1980 4989; baseline -0.004 -18"><span class='ocrx_word' id='word_1_499' title='bbox 400 4919 639 4989; x_wconf 66' lang='grc' dir='ltr'>νόμενος,</span> <span class='ocrx_word' id='word_1_500' title='bbox 678 4917 875 4985; x_wconf 48' lang='grc' dir='ltr'>ἴσχυσε,</span> <span class='ocrx_word' id='word_1_501' title='bbox 919 4913 1010 4967; x_wconf 90' lang='grc' dir='ltr'><strong>τοῦ</strong></span> <span class='ocrx_word' id='word_1_502' title='bbox 1067 4913 1403 4984; x_wconf 87' lang='grc' dir='ltr'>ποθουμένου</span> <span class='ocrx_word' id='word_1_503' title='bbox 1447 4916 1655 4982; x_wconf 68' lang='grc' dir='ltr'>τυχεῖν*</span> <span class='ocrx_word' id='word_1_504' title='bbox 1703 4911 1980 4975; x_wconf 77' lang='grc' dir='ltr'>ὲνεπὸδιζε</span> 
     </span>
    </p>
   </div>
   <div class='ocr_carea' id='block_1_69' title="bbox 393 5004 1981 5080">
    <p class='ocr_par' dir='ltr' id='par_1_69' title="bbox 393 5004 1981 5080">
     <span class='ocr_line' id='line_1_69' title="bbox 393 5004 1981 5080; baseline -0.004 -18"><span class='ocrx_word' id='word_1_505' title='bbox 393 5010 502 5080; x_wconf 78' lang='grc' dir='ltr'><strong>γὰρ</strong></span> <span class='ocrx_word' id='word_1_506' title='bbox 526 5011 560 5080; x_wconf 85' lang='grc' dir='ltr'>ἡ</span> <span class='ocrx_word' id='word_1_507' title='bbox 594 5008 818 5078; x_wconf 74' lang='grc' dir='ltr'>νεφέλη,</span> <span class='ocrx_word' id='word_1_508' title='bbox 850 5004 995 5059; x_wconf 71' lang='grc' dir='ltr'>τοῦτ’</span> <span class='ocrx_word' id='word_1_509' title='bbox 1021 5005 1159 5070; x_wconf 78' lang='grc' dir='ltr'>ἔστι,</span> <span class='ocrx_word' id='word_1_510' title='bbox 1193 5005 1252 5058; x_wconf 88' lang='grc' dir='ltr'><strong>τὸ</strong></span> <span class='ocrx_word' id='word_1_511' title='bbox 1286 5006 1458 5075; x_wconf 84' lang='grc' dir='ltr'>πάχος</span> <span class='ocrx_word' id='word_1_512' title='bbox 1490 5006 1590 5074; x_wconf 80' lang='grc' dir='ltr'><strong>τῆς</strong></span> <span class='ocrx_word' id='word_1_513' title='bbox 1626 5004 1849 5075; x_wconf 77' lang='grc' dir='ltr'>σαρκός.</span> <span class='ocrx_word' id='word_1_514' title='bbox 1871 5004 1981 5062; x_wconf 80' lang='grc' dir='ltr'><strong>Καὶ</strong></span> 
     </span>
    </p>
   </div>
   <div class='ocr_carea' id='block_1_70' title="bbox 392 5090 1976 5172">
    <p class='ocr_par' dir='ltr' id='par_1_70' title="bbox 392 5090 1976 5172">
     <span class='ocr_line' id='line_1_70' title="bbox 392 5090 1976 5172; baseline -0.004 -20"><span class='ocrx_word' id='word_1_515' title='bbox 392 5097 628 5172; x_wconf 89' lang='grc' dir='ltr'>διασχὼν</span> <span class='ocrx_word' id='word_1_516' title='bbox 654 5097 750 5150; x_wconf 74' lang='grc' dir='ltr'>καὶ</span> <span class='ocrx_word' id='word_1_517' title='bbox 787 5090 898 5148; x_wconf 71' lang='grc' dir='ltr'>οἷον</span> <span class='ocrx_word' id='word_1_518' title='bbox 935 5095 1182 5167; x_wconf 78' lang='grc' dir='ltr'>ὑπερϐὰς</span> <span class='ocrx_word' id='word_1_519' title='bbox 1219 5097 1341 5157; x_wconf 86' lang='grc' dir='ltr'>ταῖς</span> <span class='ocrx_word' id='word_1_520' title='bbox 1377 5095 1514 5164; x_wconf 84' lang='grc' dir='ltr'>πρὸς</span> <span class='ocrx_word' id='word_1_521' title='bbox 1542 5095 1674 5147; x_wconf 90' lang='grc' dir='ltr'>Θεὸν</span> <span class='ocrx_word' id='word_1_522' title='bbox 1712 5095 1976 5159; x_wconf 81' lang='grc' dir='ltr'>νεύσεσιν,</span> 
     </span>
    </p>
   </div>
   <div class='ocr_carea' id='block_1_71' title="bbox 395 5186 1978 5258">
    <p class='ocr_par' dir='ltr' id='par_1_71' title="bbox 395 5186 1978 5258">
     <span class='ocr_line' id='line_1_71' title="bbox 395 5186 1978 5258; baseline -0.003 -14"><span class='ocrx_word' id='word_1_523' title='bbox 395 5186 502 5244; x_wconf 76' lang='grc' dir='ltr'><strong>εἷδέ</strong></span> <span class='ocrx_word' id='word_1_524' title='bbox 535 5209 595 5244; x_wconf 90' lang='grc' dir='ltr'><strong>τε</strong></span> <span class='ocrx_word' id='word_1_525' title='bbox 628 5190 785 5254; x_wconf 83' lang='grc' dir='ltr'>δόξαν</span> <span class='ocrx_word' id='word_1_526' title='bbox 812 5187 972 5252; x_wconf 87' lang='grc' dir='ltr'>Θεοῦ,</span> <span class='ocrx_word' id='word_1_527' title='bbox 1009 5189 1199 5255; x_wconf 80' lang='grc' dir='ltr'>λόγους</span> <span class='ocrx_word' id='word_1_528' title='bbox 1229 5188 1576 5258; x_wconf 69' lang='grc' dir='ltr'>ἀπορρήτους</span> <span class='ocrx_word' id='word_1_529' title='bbox 1614 5186 1823 5257; x_wconf 87' lang='grc' dir='ltr'>μαθὼν,</span> <span class='ocrx_word' id='word_1_530' title='bbox 1883 5187 1978 5239; x_wconf 83' lang='grc' dir='ltr'>καὶ</span> 
     </span>
    </p>
   </div>
   <div class='ocr_carea' id='block_1_72' title="bbox 395 5277 1976 5353">
    <p class='ocr_par' dir='ltr' id='par_1_72' title="bbox 395 5277 1976 5353">
     <span class='ocr_line' id='line_1_72' title="bbox 395 5277 1976 5353; baseline -0.004 -16"><span class='ocrx_word' id='word_1_531' title='bbox 395 5282 634 5336; x_wconf 65' lang='grc' dir='ltr'>πέπονθε</span> <span class='ocrx_word' id='word_1_532' title='bbox 686 5279 1058 5353; x_wconf 71' lang='grc' dir='ltr'>λαμπρυνθεὶς</span> <span class='ocrx_word' id='word_1_533' title='bbox 1100 5279 1162 5332; x_wconf 89' lang='grc' dir='ltr'><strong>τὸ</strong></span> <span class='ocrx_word' id='word_1_534' title='bbox 1207 5279 1518 5350; x_wconf 81' lang='grc' dir='ltr'>πρόσωπον,</span> <span class='ocrx_word' id='word_1_535' title='bbox 1551 5279 1626 5341; x_wconf 85' lang='grc' dir='ltr'>ὼς</span> <span class='ocrx_word' id='word_1_536' title='bbox 1670 5277 1976 5348; x_wconf 65' lang='grc' dir='ltr'>ἐπικαλύμς</span> 
     </span>
    </p>
   </div>
   <div class='ocr_carea' id='block_1_73' title="bbox 400 5371 1974 5445">
    <p class='ocr_par' dir='ltr' id='par_1_73' title="bbox 400 5371 1974 5445">
     <span class='ocr_line' id='line_1_73' title="bbox 400 5371 1974 5445; baseline -0.003 -16"><span class='ocrx_word' id='word_1_537' title='bbox 400 5391 570 5445; x_wconf 86' lang='grc' dir='ltr'>ματος</span> <span class='ocrx_word' id='word_1_538' title='bbox 601 5373 827 5437; x_wconf 86' lang='grc' dir='ltr'>δεῖσθαι,</span> <span class='ocrx_word' id='word_1_539' title='bbox 868 5372 1004 5444; x_wconf 83' lang='grc' dir='ltr'>πρὸς</span> <span class='ocrx_word' id='word_1_540' title='bbox 1047 5371 1138 5424; x_wconf 87' lang='grc' dir='ltr'><strong>τὸν</strong></span> <span class='ocrx_word' id='word_1_541' title='bbox 1162 5371 1312 5425; x_wconf 86' lang='grc' dir='ltr'>λαόν.</span> <span class='ocrx_word' id='word_1_542' title='bbox 1343 5372 1456 5425; x_wconf 77' lang='grc' dir='ltr'><strong>Καὶ</strong></span> <span class='ocrx_word' id='word_1_543' title='bbox 1491 5371 1600 5441; x_wconf 81' lang='grc' dir='ltr'>γὰρ</span> <span class='ocrx_word' id='word_1_544' title='bbox 1637 5373 1686 5424; x_wconf 79' lang='grc' dir='ltr'>οἱ</span> <span class='ocrx_word' id='word_1_545' title='bbox 1732 5388 1974 5442; x_wconf 85' lang='grc' dir='ltr'>συγγρα-</span> 
     </span>
    </p>
   </div>
   <div class='ocr_carea' id='block_1_74' title="bbox 399 5463 2012 5543">
    <p class='ocr_par' dir='ltr' id='par_1_74' title="bbox 399 5463 2012 5543">
     <span class='ocr_line' id='line_1_74' title="bbox 399 5463 2012 5543; baseline -0.002 -22"><span class='ocrx_word' id='word_1_546' title='bbox 399 5468 591 5540; x_wconf 77' lang='grc' dir='ltr'>φέντες</span> <span class='ocrx_word' id='word_1_547' title='bbox 631 5466 778 5538; x_wconf 84' lang='grc' dir='ltr'>αὐτῷ</span> <span class='ocrx_word' id='word_1_548' title='bbox 809 5466 958 5535; x_wconf 80' lang='grc' dir='ltr'>λόγοι</span> <span class='ocrx_word' id='word_1_549' title='bbox 1000 5465 1269 5534; x_wconf 84' lang='grc' dir='ltr'>κάλυμμα</span> <span class='ocrx_word' id='word_1_550' title='bbox 1301 5465 1398 5535; x_wconf 87' lang='grc' dir='ltr'><strong>μὲν</strong></span> <span class='ocrx_word' id='word_1_551' title='bbox 1435 5463 1616 5534; x_wconf 77' lang='grc' dir='ltr'>ἔχουσι</span> <span class='ocrx_word' id='word_1_552' title='bbox 1656 5463 1757 5534; x_wconf 85' lang='grc' dir='ltr'>τὴν</span> <span class='ocrx_word' id='word_1_553' title='bbox 1791 5471 1978 5534; x_wconf 85' lang='grc' dir='ltr'>σωμα-</span> <span class='ocrx_word' id='word_1_554' title='bbox 2006 5538 2012 5543; x_wconf 85' lang='lat'><strong>_</strong></span> 
     </span>
    </p>
   </div>
   <div class='ocr_carea' id='block_1_75' title="bbox 452 5654 3003 5732">
    <p class='ocr_par' dir='ltr' id='par_1_75' title="bbox 452 5654 3003 5732">
     <span class='ocr_line' id='line_1_75' title="bbox 452 5654 3003 5732; baseline -0.004 -13"><span class='ocrx_word' id='word_1_555' title='bbox 452 5670 512 5719; x_wconf 74' lang='lat'><strong>.“</strong></span> <span class='ocrx_word' id='word_1_556' title='bbox 541 5670 680 5724; x_wconf 84' lang='lat' dir='ltr'><strong>Psal.</strong></span> <span class='ocrx_word' id='word_1_557' title='bbox 718 5683 894 5732; x_wconf 81' lang='lat' dir='ltr'><strong>vam,</strong></span> <span class='ocrx_word' id='word_1_558' title='bbox 933 5665 985 5718; x_wconf 77' lang='lat'><strong>2.</strong></span> <span class='ocrx_word' id='word_1_559' title='bbox 1064 5665 1108 5700; x_wconf 57' lang='lat'><strong>‘3</strong></span> <span class='ocrx_word' id='word_1_560' title='bbox 1135 5662 1305 5719; x_wconf 79' lang='lat' dir='ltr'><strong>Exod.</strong></span> <span class='ocrx_word' id='word_1_561' title='bbox 1341 5678 1450 5729; x_wconf 77' lang='lat' dir='ltr'><strong>xnt,</strong></span> <span class='ocrx_word' id='word_1_562' title='bbox 1491 5662 1573 5716; x_wconf 70' lang='lat'><strong>19.</strong></span> <span class='ocrx_word' id='word_1_563' title='bbox 1656 5663 1699 5694; x_wconf 72' lang='lat'>“</span> <span class='ocrx_word' id='word_1_564' title='bbox 1730 5662 1865 5717; x_wconf 89' lang='lat' dir='ltr'><strong>Ibid.</strong></span> <span class='ocrx_word' id='word_1_565' title='bbox 1908 5661 1996 5717; x_wconf 68' lang='lat'><strong>90.</strong></span> <span class='ocrx_word' id='word_1_566' title='bbox 2071 5661 2113 5692; x_wconf 71' lang='grc'><strong>³⁷</strong></span> <span class='ocrx_word' id='word_1_567' title='bbox 2146 5660 2284 5714; x_wconf 86' lang='lat' dir='ltr'><strong>Ibid.</strong></span> <span class='ocrx_word' id='word_1_568' title='bbox 2318 5661 2406 5714; x_wconf 63' lang='grc'><strong>24.</strong></span> <span class='ocrx_word' id='word_1_569' title='bbox 2485 5659 2530 5691; x_wconf 72' lang='grc'><strong>⁵⁸</strong></span> <span class='ocrx_word' id='word_1_570' title='bbox 2571 5659 2728 5713; x_wconf 82' lang='lat' dir='ltr'><strong>Joan.</strong></span> <span class='ocrx_word' id='word_1_571' title='bbox 2784 5673 2854 5724; x_wconf 84' lang='lat' dir='ltr'><strong>Iv,</strong></span> <span class='ocrx_word' id='word_1_572' title='bbox 2913 5654 3003 5709; x_wconf 75' lang='lat'><strong>2&#39;5.</strong></span> 
     </span>
    </p>
   </div>
   <div class='ocr_carea' id='block_1_76' title="bbox 2062 1826 3647 1897">
    <p class='ocr_par' dir='ltr' id='par_1_76' title="bbox 2062 1826 3647 1897">
     <span class='ocr_line' id='line_1_76' title="bbox 2062 1826 3647 1897; baseline 0.002 -17"><span class='ocrx_word' id='word_1_573' title='bbox 2062 1827 2504 1897; x_wconf 84' lang='lat' dir='ltr'><strong>pulumfidelem,</strong></span> <span class='ocrx_word' id='word_1_574' title='bbox 2521 1826 2616 1896; x_wconf 91' lang='lat' dir='ltr'><strong>qui</strong></span> <span class='ocrx_word' id='word_1_575' title='bbox 2646 1833 2730 1881; x_wconf 89' lang='lat' dir='ltr'><strong>est</strong></span> <span class='ocrx_word' id='word_1_576' title='bbox 2754 1841 2921 1895; x_wconf 88' lang='lat' dir='ltr'><strong>supra</strong></span> <span class='ocrx_word' id='word_1_577' title='bbox 2942 1826 3204 1896; x_wconf 89' lang='lat' dir='ltr'><strong>populum</strong></span> <span class='ocrx_word' id='word_1_578' title='bbox 3225 1826 3560 1892; x_wconf 77' lang='lat' dir='ltr'><strong>Judteorum,</strong></span> <span class='ocrx_word' id='word_1_579' title='bbox 3589 1837 3647 1883; x_wconf 88' lang='lat' dir='ltr'><strong>et</strong></span> 
     </span>
    </p>
   </div>
   <div class='ocr_carea' id='block_1_77' title="bbox 2062 1917 3647 1992">
    <p class='ocr_par' dir='ltr' id='par_1_77' title="bbox 2062 1917 3647 1992">
     <span class='ocr_line' id='line_1_77' title="bbox 2062 1917 3647 1992; baseline 0.003 -21"><span class='ocrx_word' id='word_1_580' title='bbox 2062 1928 2148 1972; x_wconf 87' lang='lat' dir='ltr'><strong>est</strong></span> <span class='ocrx_word' id='word_1_581' title='bbox 2176 1933 2371 1973; x_wconf 80' lang='lat' dir='ltr'><strong>servus</strong></span> <span class='ocrx_word' id='word_1_582' title='bbox 2390 1918 2507 1982; x_wconf 87' lang='lat' dir='ltr'><strong>Dei,</strong></span> <span class='ocrx_word' id='word_1_583' title='bbox 2541 1918 2657 1987; x_wconf 90' lang='lat' dir='ltr'><strong>ipse</strong></span> <span class='ocrx_word' id='word_1_584' title='bbox 2675 1917 2928 1972; x_wconf 89' lang='lat' dir='ltr'><strong>ascendit</strong></span> <span class='ocrx_word' id='word_1_585' title='bbox 2952 1917 3009 1972; x_wconf 90' lang='lat' dir='ltr'><strong>in</strong></span> <span class='ocrx_word' id='word_1_586' title='bbox 3031 1933 3305 1974; x_wconf 89' lang='lat' dir='ltr'><strong>summam</strong></span> <span class='ocrx_word' id='word_1_587' title='bbox 3331 1921 3428 1975; x_wconf 88' lang='lat' dir='ltr'><strong>Dei</strong></span> <span class='ocrx_word' id='word_1_588' title='bbox 3459 1921 3647 1992; x_wconf 82' lang='lat' dir='ltr'><strong>cogni-</strong></span> 
     </span>
    </p>
   </div>
   <div class='ocr_carea' id='block_1_78' title="bbox 2063 2010 3642 2084">
    <p class='ocr_par' dir='ltr' id='par_1_78' title="bbox 2063 2010 3642 2084">
     <span class='ocr_line' id='line_1_78' title="bbox 2063 2010 3642 2084; baseline 0.004 -21"><span class='ocrx_word' id='word_1_589' title='bbox 2063 2010 2290 2065; x_wconf 90' lang='lat' dir='ltr'><strong>tionem.</strong></span> <span class='ocrx_word' id='word_1_590' title='bbox 2319 2010 2653 2065; x_wconf 87' lang='lat' dir='ltr'><strong>Prohibetur</strong></span> <span class='ocrx_word' id='word_1_591' title='bbox 2686 2019 2869 2066; x_wconf 89' lang='lat' dir='ltr'><strong>autem</strong></span> <span class='ocrx_word' id='word_1_592' title='bbox 2899 2010 3137 2080; x_wconf 90' lang='lat' dir='ltr'><strong>populus</strong></span> <span class='ocrx_word' id='word_1_593' title='bbox 3176 2013 3642 2084; x_wconf 85' lang='lat' dir='ltr'><strong>appropinquare,</strong></span> 
     </span>
    </p>
   </div>
   <div class='ocr_carea' id='block_1_79' title="bbox 2063 2101 3644 2162">
    <p class='ocr_par' dir='ltr' id='par_1_79' title="bbox 2063 2101 3644 2162">
     <span class='ocr_line' id='line_1_79' title="bbox 2063 2101 3644 2162; baseline 0.003 -6"><span class='ocrx_word' id='word_1_594' title='bbox 2063 2116 2134 2156; x_wconf 89' lang='lat' dir='ltr'><strong>ne</strong></span> <span class='ocrx_word' id='word_1_595' title='bbox 2163 2103 2451 2156; x_wconf 88' lang='lat' dir='ltr'><strong>moriatur.</strong></span> <span class='ocrx_word' id='word_1_596' title='bbox 2494 2101 2786 2157; x_wconf 82' lang='lat' dir='ltr'><strong>Mundanis</strong></span> <span class='ocrx_word' id='word_1_597' title='bbox 2823 2101 2971 2156; x_wconf 90' lang='lat' dir='ltr'><strong>enim</strong></span> <span class='ocrx_word' id='word_1_598' title='bbox 3007 2111 3064 2157; x_wconf 90' lang='lat' dir='ltr'><strong>et</strong></span> <span class='ocrx_word' id='word_1_599' title='bbox 3096 2104 3280 2158; x_wconf 90' lang='lat' dir='ltr'><strong>carnis</strong></span> <span class='ocrx_word' id='word_1_600' title='bbox 3331 2105 3644 2162; x_wconf 89' lang='lat' dir='ltr'><strong>amantibus</strong></span> 
     </span>
    </p>
   </div>
   <div class='ocr_carea' id='block_1_80' title="bbox 2063 2194 3644 2264">
    <p class='ocr_par' dir='ltr' id='par_1_80' title="bbox 2063 2194 3644 2264">
     <span class='ocr_line' id='line_1_80' title="bbox 2063 2194 3644 2264; baseline 0.002 -14"><span class='ocrx_word' id='word_1_601' title='bbox 2063 2204 2149 2250; x_wconf 89' lang='lat' dir='ltr'><strong>est</strong></span> <span class='ocrx_word' id='word_1_602' title='bbox 2177 2194 2485 2264; x_wconf 90' lang='lat' dir='ltr'><strong>periculosa</strong></span> <span class='ocrx_word' id='word_1_603' title='bbox 2511 2194 2806 2248; x_wconf 87' lang='lat' dir='ltr'><strong>sublimior</strong></span> <span class='ocrx_word' id='word_1_604' title='bbox 2831 2195 3246 2264; x_wconf 87' lang='lat' dir='ltr'><strong>contemplatio.</strong></span> <span class='ocrx_word' id='word_1_605' title='bbox 3291 2194 3400 2250; x_wconf 89' lang='lat' dir='ltr'><strong>Sed</strong></span> <span class='ocrx_word' id='word_1_606' title='bbox 3429 2205 3485 2252; x_wconf 93' lang='lat' dir='ltr'><strong>et</strong></span> <span class='ocrx_word' id='word_1_607' title='bbox 3532 2213 3644 2253; x_wconf 91' lang='lat' dir='ltr'><strong>non</strong></span> 
     </span>
    </p>
   </div>
   <div class='ocr_carea' id='block_1_81' title="bbox 2065 2283 3645 2355">
    <p class='ocr_par' dir='ltr' id='par_1_81' title="bbox 2065 2283 3645 2355">
     <span class='ocr_line' id='line_1_81' title="bbox 2065 2283 3645 2355; baseline 0.001 -15"><span class='ocrx_word' id='word_1_608' title='bbox 2065 2286 2234 2341; x_wconf 87' lang='lat' dir='ltr'><strong>castis</strong></span> <span class='ocrx_word' id='word_1_609' title='bbox 2263 2284 2662 2350; x_wconf 87' lang='lat' dir='ltr'><strong>sacerdotibus,</strong></span> <span class='ocrx_word' id='word_1_610' title='bbox 2722 2283 3180 2350; x_wconf 86' lang='lat' dir='ltr'><strong>Sanctificentur,</strong></span> <span class='ocrx_word' id='word_1_611' title='bbox 3228 2285 3428 2355; x_wconf 90' lang='lat' dir='ltr'><strong>inquit,</strong></span> <span class='ocrx_word' id='word_1_612' title='bbox 3465 2302 3536 2342; x_wconf 89' lang='lat' dir='ltr'><strong>ne</strong></span> <span class='ocrx_word' id='word_1_613' title='bbox 3575 2288 3645 2342; x_wconf 85' lang='lat' dir='ltr'><strong>ab</strong></span> 
     </span>
    </p>
   </div>
   <div class='ocr_carea' id='block_1_82' title="bbox 2065 2374 3650 2440">
    <p class='ocr_par' dir='ltr' id='par_1_82' title="bbox 2065 2374 3650 2440">
     <span class='ocr_line' id='line_1_82' title="bbox 2065 2374 3650 2440; baseline 0.001 -10"><span class='ocrx_word' id='word_1_614' title='bbox 2065 2375 2147 2430; x_wconf 92' lang='lat' dir='ltr'><strong>eis</strong></span> <span class='ocrx_word' id='word_1_615' title='bbox 2172 2374 2396 2430; x_wconf 90' lang='lat' dir='ltr'><strong>recedat</strong></span> <span class='ocrx_word' id='word_1_616' title='bbox 2420 2374 2710 2439; x_wconf 89' lang='lat' dir='ltr'><strong>Dominus,</strong></span> <span class='ocrx_word' id='word_1_617' title='bbox 2746 2374 2852 2430; x_wconf 91' lang='lat' dir='ltr'><strong>hoc</strong></span> <span class='ocrx_word' id='word_1_618' title='bbox 2871 2382 2985 2440; x_wconf 91' lang='lat' dir='ltr'><strong>est,</strong></span> <span class='ocrx_word' id='word_1_619' title='bbox 3009 2390 3078 2430; x_wconf 90' lang='lat' dir='ltr'><strong>ne</strong></span> <span class='ocrx_word' id='word_1_620' title='bbox 3099 2390 3196 2430; x_wconf 91' lang='lat' dir='ltr'><strong>eos</strong></span> <span class='ocrx_word' id='word_1_621' title='bbox 3229 2375 3299 2431; x_wconf 93' lang='lat' dir='ltr'><strong>de</strong></span> <span class='ocrx_word' id='word_1_622' title='bbox 3342 2376 3525 2431; x_wconf 91' lang='lat' dir='ltr'><strong>medio</strong></span> <span class='ocrx_word' id='word_1_623' title='bbox 3545 2378 3650 2432; x_wconf 93' lang='lat' dir='ltr'><strong>tol-</strong></span> 
     </span>
    </p>
   </div>
   <div class='ocr_carea' id='block_1_83' title="bbox 2067 2465 3650 2537">
    <p class='ocr_par' dir='ltr' id='par_1_83' title="bbox 2067 2465 3650 2537">
     <span class='ocr_line' id='line_1_83' title="bbox 2067 2465 3650 2537; baseline 0.003 -18"><span class='ocrx_word' id='word_1_624' title='bbox 2067 2465 2165 2530; x_wconf 86' lang='lat' dir='ltr'><strong>lat,</strong></span> <span class='ocrx_word' id='word_1_625' title='bbox 2191 2474 2286 2520; x_wconf 92' lang='lat' dir='ltr'><strong>aut</strong></span> <span class='ocrx_word' id='word_1_626' title='bbox 2316 2465 2484 2520; x_wconf 88' lang='lat' dir='ltr'><strong>etiam</strong></span> <span class='ocrx_word' id='word_1_627' title='bbox 2505 2465 2575 2520; x_wconf 90' lang='lat' dir='ltr'><strong>ab</strong></span> <span class='ocrx_word' id='word_1_628' title='bbox 2608 2465 2693 2521; x_wconf 90' lang='lat' dir='ltr'><strong>eis</strong></span> <span class='ocrx_word' id='word_1_629' title='bbox 2731 2466 2894 2521; x_wconf 88' lang='lat' dir='ltr'><strong>abeat</strong></span> <span class='ocrx_word' id='word_1_630' title='bbox 2924 2475 3152 2537; x_wconf 89' lang='lat' dir='ltr'><strong>propter</strong></span> <span class='ocrx_word' id='word_1_631' title='bbox 3175 2482 3368 2522; x_wconf 91' lang='lat' dir='ltr'><strong>eorum</strong></span> <span class='ocrx_word' id='word_1_632' title='bbox 3412 2468 3650 2524; x_wconf 89' lang='lat' dir='ltr'><strong>immun-</strong></span> 
     </span>
    </p>
   </div>
   <div class='ocr_carea' id='block_1_84' title="bbox 2069 2555 3650 2630">
    <p class='ocr_par' dir='ltr' id='par_1_84' title="bbox 2069 2555 3650 2630">
     <span class='ocr_line' id='line_1_84' title="bbox 2069 2555 3650 2630; baseline 0.003 -20"><span class='ocrx_word' id='word_1_633' title='bbox 2069 2555 2284 2610; x_wconf 89' lang='lat' dir='ltr'><strong>ditiam.</strong></span> <span class='ocrx_word' id='word_1_634' title='bbox 2306 2555 2443 2612; x_wconf 90' lang='lat' dir='ltr'><strong>Cum</strong></span> <span class='ocrx_word' id='word_1_635' title='bbox 2471 2565 2656 2612; x_wconf 91' lang='lat' dir='ltr'><strong>autem</strong></span> <span class='ocrx_word' id='word_1_636' title='bbox 2678 2557 3055 2613; x_wconf 86' lang='lat' dir='ltr'><strong>descendisset</strong></span> <span class='ocrx_word' id='word_1_637' title='bbox 3077 2557 3290 2630; x_wconf 80' lang='lat' dir='ltr'><strong>Moyses</strong></span> <span class='ocrx_word' id='word_1_638' title='bbox 3343 2567 3401 2615; x_wconf 90' lang='lat' dir='ltr'><strong>et</strong></span> <span class='ocrx_word' id='word_1_639' title='bbox 3458 2561 3650 2615; x_wconf 81' lang='lat' dir='ltr'><strong>testifi-</strong></span> 
     </span>
    </p>
   </div>
   <div class='ocr_carea' id='block_1_85' title="bbox 2071 2647 3649 2720">
    <p class='ocr_par' dir='ltr' id='par_1_85' title="bbox 2071 2647 3649 2720">
     <span class='ocr_line' id='line_1_85' title="bbox 2071 2647 3649 2720; baseline 0.001 -17"><span class='ocrx_word' id='word_1_640' title='bbox 2071 2657 2228 2703; x_wconf 90' lang='lat' dir='ltr'><strong>catus</strong></span> <span class='ocrx_word' id='word_1_641' title='bbox 2247 2656 2393 2704; x_wconf 87' lang='lat' dir='ltr'><strong>esset</strong></span> <span class='ocrx_word' id='word_1_642' title='bbox 2419 2648 2684 2718; x_wconf 90' lang='lat' dir='ltr'><strong>populum</strong></span> <span class='ocrx_word' id='word_1_643' title='bbox 2734 2647 2883 2720; x_wconf 87' lang='lat' dir='ltr'><strong>(nam</strong></span> <span class='ocrx_word' id='word_1_644' title='bbox 2912 2664 2970 2704; x_wconf 91' lang='lat' dir='ltr'><strong>se</strong></span> <span class='ocrx_word' id='word_1_645' title='bbox 3000 2649 3345 2705; x_wconf 79' lang='lat' dir='ltr'><strong>demittenda</strong></span> <span class='ocrx_word' id='word_1_646' title='bbox 3393 2658 3450 2705; x_wconf 90' lang='lat' dir='ltr'><strong>et</strong></span> <span class='ocrx_word' id='word_1_647' title='bbox 3477 2651 3649 2706; x_wconf 88' lang='lat' dir='ltr'><strong>veluti</strong></span> 
     </span>
    </p>
   </div>
   <div class='ocr_carea' id='block_1_86' title="bbox 2071 2739 3650 2812">
    <p class='ocr_par' dir='ltr' id='par_1_86' title="bbox 2071 2739 3650 2812">
     <span class='ocr_line' id='line_1_86' title="bbox 2071 2739 3650 2812; baseline 0.001 -18"><span class='ocrx_word' id='word_1_648' title='bbox 2071 2749 2289 2794; x_wconf 88' lang='lat' dir='ltr'><strong>terrene</strong></span> <span class='ocrx_word' id='word_1_649' title='bbox 2306 2747 2361 2793; x_wconf 89' lang='lat' dir='ltr'><strong>et</strong></span> <span class='ocrx_word' id='word_1_650' title='bbox 2376 2739 2738 2809; x_wconf 90' lang='lat' dir='ltr'><strong>corporaliter</strong></span> <span class='ocrx_word' id='word_1_651' title='bbox 2758 2755 2885 2795; x_wconf 92' lang='lat' dir='ltr'><strong>cum</strong></span> <span class='ocrx_word' id='word_1_652' title='bbox 2899 2740 3102 2797; x_wconf 65' lang='lat' dir='ltr'><strong>Iudaeis</strong></span> <span class='ocrx_word' id='word_1_653' title='bbox 3121 2742 3208 2796; x_wconf 83' lang='lat' dir='ltr'><strong>lex</strong></span> <span class='ocrx_word' id='word_1_654' title='bbox 3225 2741 3650 2812; x_wconf 90' lang='lat' dir='ltr'><strong>loquitur),cum</strong></span> 
     </span>
    </p>
   </div>
   <div class='ocr_carea' id='block_1_87' title="bbox 2071 2829 3652 2903">
    <p class='ocr_par' dir='ltr' id='par_1_87' title="bbox 2071 2829 3652 2903">
     <span class='ocr_line' id='line_1_87' title="bbox 2071 2829 3652 2903; baseline 0.003 -18"><span class='ocrx_word' id='word_1_655' title='bbox 2071 2845 2139 2885; x_wconf 93' lang='lat' dir='ltr'><strong>eo</strong></span> <span class='ocrx_word' id='word_1_656' title='bbox 2161 2829 2409 2886; x_wconf 86' lang='lat' dir='ltr'><strong>ascendit</strong></span> <span class='ocrx_word' id='word_1_657' title='bbox 2445 2831 2610 2885; x_wconf 87' lang='lat' dir='ltr'><strong>etiam</strong></span> <span class='ocrx_word' id='word_1_658' title='bbox 2636 2831 2820 2902; x_wconf 73' lang='lat' dir='ltr'><strong>Aarpn</strong></span> <span class='ocrx_word' id='word_1_659' title='bbox 2850 2833 2965 2886; x_wconf 88' lang='lat' dir='ltr'><strong>Deo</strong></span> <span class='ocrx_word' id='word_1_660' title='bbox 2993 2833 3224 2903; x_wconf 88' lang='lat' dir='ltr'><strong>jubente</strong></span> <span class='ocrx_word' id='word_1_661' title='bbox 3254 2833 3320 2889; x_wconf 62' lang='grc' dir='ltr'><strong>ιτ.</strong></span> <span class='ocrx_word' id='word_1_662' title='bbox 3359 2835 3473 2889; x_wconf 92' lang='lat' dir='ltr'><strong>Deo</strong></span> <span class='ocrx_word' id='word_1_663' title='bbox 3504 2836 3652 2890; x_wconf 87' lang='lat' dir='ltr'><strong>enim</strong></span> 
     </span>
    </p>
   </div>
   <div class='ocr_carea' id='block_1_88' title="bbox 2073 2924 3653 2996">
    <p class='ocr_par' dir='ltr' id='par_1_88' title="bbox 2073 2924 3653 2996">
     <span class='ocr_line' id='line_1_88' title="bbox 2073 2924 3653 2996; baseline 0.002 -19"><span class='ocrx_word' id='word_1_664' title='bbox 2073 2924 2227 2993; x_wconf 91' lang='lat' dir='ltr'><strong>prior</strong></span> <span class='ocrx_word' id='word_1_665' title='bbox 2265 2925 2670 2994; x_wconf 80' lang='lat' dir='ltr'><strong>apprOpinquat</strong></span> <span class='ocrx_word' id='word_1_666' title='bbox 2710 2924 2799 2979; x_wconf 84' lang='lat' dir='ltr'><strong>lex</strong></span> <span class='ocrx_word' id='word_1_667' title='bbox 2833 2924 3090 2988; x_wconf 86' lang='lat' dir='ltr'><strong>Mosaica,</strong></span> <span class='ocrx_word' id='word_1_668' title='bbox 3135 2934 3395 2996; x_wconf 87' lang='lat' dir='ltr'><strong>tanquam</strong></span> <span class='ocrx_word' id='word_1_669' title='bbox 3443 2934 3653 2993; x_wconf 86' lang='lat' dir='ltr'><strong>sancta,</strong></span> 
     </span>
    </p>
   </div>
   <div class='ocr_carea' id='block_1_89' title="bbox 2072 3015 3657 3087">
    <p class='ocr_par' dir='ltr' id='par_1_89' title="bbox 2072 3015 3657 3087">
     <span class='ocr_line' id='line_1_89' title="bbox 2072 3015 3657 3087; baseline 0.003 -17"><span class='ocrx_word' id='word_1_670' title='bbox 2072 3024 2264 3085; x_wconf 84' lang='lat' dir='ltr'><strong>postea</strong></span> <span class='ocrx_word' id='word_1_671' title='bbox 2303 3026 2489 3072; x_wconf 88' lang='lat' dir='ltr'><strong>autem</strong></span> <span class='ocrx_word' id='word_1_672' title='bbox 2531 3015 2698 3072; x_wconf 89' lang='lat' dir='ltr'><strong>etiam</strong></span> <span class='ocrx_word' id='word_1_673' title='bbox 2741 3016 3056 3087; x_wconf 79' lang='lat' dir='ltr'><strong>evangelica</strong></span> <span class='ocrx_word' id='word_1_674' title='bbox 3094 3026 3354 3087; x_wconf 88' lang='lat' dir='ltr'><strong>tanquam</strong></span> <span class='ocrx_word' id='word_1_675' title='bbox 3405 3019 3657 3074; x_wconf 81' lang='lat' dir='ltr'><strong>sacratis-</strong></span> 
     </span>
    </p>
   </div>
   <div class='ocr_carea' id='block_1_90' title="bbox 2077 3105 3658 3176">
    <p class='ocr_par' dir='ltr' id='par_1_90' title="bbox 2077 3105 3658 3176">
     <span class='ocr_line' id='line_1_90' title="bbox 2077 3105 3658 3176; baseline 0.004 -17"><span class='ocrx_word' id='word_1_676' title='bbox 2077 3105 2234 3170; x_wconf 90' lang='lat' dir='ltr'><strong>sima,</strong></span> <span class='ocrx_word' id='word_1_677' title='bbox 2287 3114 2346 3160; x_wconf 91' lang='lat' dir='ltr'><strong>et</strong></span> <span class='ocrx_word' id='word_1_678' title='bbox 2402 3107 2812 3176; x_wconf 72' lang='lat' dir='ltr'><strong>coniunguntur</strong></span> <span class='ocrx_word' id='word_1_679' title='bbox 2841 3107 3144 3161; x_wconf 88' lang='lat' dir='ltr'><strong>secundum</strong></span> <span class='ocrx_word' id='word_1_680' title='bbox 3195 3109 3368 3162; x_wconf 92' lang='lat' dir='ltr'><strong>Deum</strong></span> <span class='ocrx_word' id='word_1_681' title='bbox 3424 3125 3520 3165; x_wconf 92' lang='lat' dir='ltr'><strong>seu</strong></span> <span class='ocrx_word' id='word_1_682' title='bbox 3572 3126 3658 3166; x_wconf 87' lang='lat' dir='ltr'><strong>se-</strong></span> 
     </span>
    </p>
   </div>
   <div class='ocr_carea' id='block_1_91' title="bbox 2078 3197 3657 3270">
    <p class='ocr_par' dir='ltr' id='par_1_91' title="bbox 2078 3197 3657 3270">
     <span class='ocr_line' id='line_1_91' title="bbox 2078 3197 3657 3270; baseline 0.003 -18"><span class='ocrx_word' id='word_1_683' title='bbox 2078 3197 2318 3252; x_wconf 89' lang='lat' dir='ltr'><strong>cundum</strong></span> <span class='ocrx_word' id='word_1_684' title='bbox 2353 3199 2695 3268; x_wconf 82' lang='lat' dir='ltr'><strong>spiritualem</strong></span> <span class='ocrx_word' id='word_1_685' title='bbox 2741 3199 3295 3270; x_wconf 90' lang='lat' dir='ltr'><strong>contemplationem:</strong></span> <span class='ocrx_word' id='word_1_686' title='bbox 3352 3212 3657 3256; x_wconf 87' lang='lat' dir='ltr'><strong>consonant</strong></span> 
     </span>
    </p>
   </div>
   <div class='ocr_carea' id='block_1_92' title="bbox 2076 3284 3657 3361">
    <p class='ocr_par' dir='ltr' id='par_1_92' title="bbox 2076 3284 3657 3361">
     <span class='ocr_line' id='line_1_92' title="bbox 2076 3284 3657 3361; baseline 0.003 -20"><span class='ocrx_word' id='word_1_687' title='bbox 2076 3284 2224 3341; x_wconf 84' lang='lat' dir='ltr'><strong>enim</strong></span> <span class='ocrx_word' id='word_1_688' title='bbox 2246 3287 2301 3341; x_wconf 92' lang='lat' dir='ltr'><strong>in</strong></span> <span class='ocrx_word' id='word_1_689' title='bbox 2331 3302 2399 3342; x_wconf 92' lang='lat' dir='ltr'><strong>eo</strong></span> <span class='ocrx_word' id='word_1_690' title='bbox 2433 3287 2654 3357; x_wconf 82' lang='lat' dir='ltr'><strong>quidem</strong></span> <span class='ocrx_word' id='word_1_691' title='bbox 2681 3297 2833 3343; x_wconf 90' lang='lat' dir='ltr'><strong>certe</strong></span> <span class='ocrx_word' id='word_1_692' title='bbox 2885 3289 3034 3359; x_wconf 90' lang='lat' dir='ltr'><strong>quod</strong></span> <span class='ocrx_word' id='word_1_693' title='bbox 3075 3290 3460 3345; x_wconf 89' lang='lat' dir='ltr'><strong>consideratur</strong></span> <span class='ocrx_word' id='word_1_694' title='bbox 3490 3293 3657 3361; x_wconf 89' lang='lat' dir='ltr'><strong>spiri-</strong></span> 
     </span>
    </p>
   </div>
   <div class='ocr_carea' id='block_1_93' title="bbox 2077 3379 3657 3452">
    <p class='ocr_par' dir='ltr' id='par_1_93' title="bbox 2077 3379 3657 3452">
     <span class='ocr_line' id='line_1_93' title="bbox 2077 3379 3657 3452; baseline 0.003 -21"><span class='ocrx_word' id='word_1_695' title='bbox 2077 3379 2322 3433; x_wconf 77' lang='lat' dir='ltr'><strong>tualiter.</strong></span> <span class='ocrx_word' id='word_1_696' title='bbox 2361 3379 2437 3434; x_wconf 91' lang='lat' dir='ltr'><strong>De</strong></span> <span class='ocrx_word' id='word_1_697' title='bbox 2467 3387 2670 3434; x_wconf 65' lang='lat' dir='ltr'><strong>canere</strong></span> <span class='ocrx_word' id='word_1_698' title='bbox 2691 3387 2877 3434; x_wconf 88' lang='lat' dir='ltr'><strong>autem</strong></span> <span class='ocrx_word' id='word_1_699' title='bbox 2908 3379 3239 3450; x_wconf 88' lang='lat' dir='ltr'><strong>prohibetur</strong></span> <span class='ocrx_word' id='word_1_700' title='bbox 3268 3397 3441 3452; x_wconf 81' lang='lat' dir='ltr'><strong>genus</strong></span> <span class='ocrx_word' id='word_1_701' title='bbox 3475 3397 3657 3437; x_wconf 83' lang='lat' dir='ltr'><strong>sacer-</strong></span> 
     </span>
    </p>
   </div>
   <div class='ocr_carea' id='block_1_94' title="bbox 2076 3468 3657 3542">
    <p class='ocr_par' dir='ltr' id='par_1_94' title="bbox 2076 3468 3657 3542">
     <span class='ocr_line' id='line_1_94' title="bbox 2076 3468 3657 3542; baseline 0.003 -20"><span class='ocrx_word' id='word_1_702' title='bbox 2076 3468 2256 3523; x_wconf 84' lang='lat' dir='ltr'><strong>dotale</strong></span> <span class='ocrx_word' id='word_1_703' title='bbox 2279 3469 2577 3524; x_wconf 87' lang='lat' dir='ltr'><strong>ascendere</strong></span> <span class='ocrx_word' id='word_1_704' title='bbox 2610 3468 2665 3523; x_wconf 91' lang='lat' dir='ltr'><strong>in</strong></span> <span class='ocrx_word' id='word_1_705' title='bbox 2690 3471 2956 3524; x_wconf 83' lang='lat' dir='ltr'><strong>verticem</strong></span> <span class='ocrx_word' id='word_1_706' title='bbox 2997 3471 3220 3526; x_wconf 92' lang='lat' dir='ltr'><strong>montis.</strong></span> <span class='ocrx_word' id='word_1_707' title='bbox 3257 3471 3328 3525; x_wconf 84' lang='lat' dir='ltr'><strong>lis</strong></span> <span class='ocrx_word' id='word_1_708' title='bbox 3377 3472 3525 3526; x_wconf 91' lang='lat' dir='ltr'><strong>enim</strong></span> <span class='ocrx_word' id='word_1_709' title='bbox 3560 3473 3657 3542; x_wconf 87' lang='lat' dir='ltr'><strong>qui</strong></span> 
     </span>
    </p>
   </div>
   <div class='ocr_carea' id='block_1_95' title="bbox 2076 3561 3655 3633">
    <p class='ocr_par' dir='ltr' id='par_1_95' title="bbox 2076 3561 3655 3633">
     <span class='ocr_line' id='line_1_95' title="bbox 2076 3561 3655 3633; baseline 0 -17"><span class='ocrx_word' id='word_1_710' title='bbox 2076 3562 2132 3617; x_wconf 90' lang='lat' dir='ltr'><strong>in</strong></span> <span class='ocrx_word' id='word_1_711' title='bbox 2159 3563 2375 3618; x_wconf 89' lang='lat' dir='ltr'><strong>umbris</strong></span> <span class='ocrx_word' id='word_1_712' title='bbox 2404 3562 2501 3616; x_wconf 90' lang='lat' dir='ltr'><strong>Dei</strong></span> <span class='ocrx_word' id='word_1_713' title='bbox 2519 3561 2728 3616; x_wconf 89' lang='lat' dir='ltr'><strong>cultum</strong></span> <span class='ocrx_word' id='word_1_714' title='bbox 2757 3561 2943 3617; x_wconf 86' lang='lat' dir='ltr'><strong>adhuc</strong></span> <span class='ocrx_word' id='word_1_715' title='bbox 2977 3571 3268 3633; x_wconf 82' lang='lat' dir='ltr'><strong>peragunt,</strong></span> <span class='ocrx_word' id='word_1_716' title='bbox 3293 3577 3405 3616; x_wconf 89' lang='lat' dir='ltr'><strong>non</strong></span> <span class='ocrx_word' id='word_1_717' title='bbox 3429 3563 3591 3617; x_wconf 88' lang='lat' dir='ltr'><strong>datur</strong></span> <span class='ocrx_word' id='word_1_718' title='bbox 3626 3579 3655 3617; x_wconf 88' lang='lat' dir='ltr'><strong>a</strong></span> 
     </span>
    </p>
   </div>
   <div class='ocr_carea' id='block_1_96' title="bbox 2075 3651 3658 3723">
    <p class='ocr_par' dir='ltr' id='par_1_96' title="bbox 2075 3651 3658 3723">
     <span class='ocr_line' id='line_1_96' title="bbox 2075 3651 3658 3723; baseline -0.001 -15"><span class='ocrx_word' id='word_1_719' title='bbox 2075 3653 2189 3708; x_wconf 93' lang='lat' dir='ltr'><strong>Deo</strong></span> <span class='ocrx_word' id='word_1_720' title='bbox 2215 3653 2430 3708; x_wconf 90' lang='lat' dir='ltr'><strong>sustolli</strong></span> <span class='ocrx_word' id='word_1_721' title='bbox 2458 3653 2526 3706; x_wconf 91' lang='lat' dir='ltr'><strong>ad</strong></span> <span class='ocrx_word' id='word_1_722' title='bbox 2551 3652 2900 3708; x_wconf 75' lang='lat' dir='ltr'><strong>altitudinem</strong></span> <span class='ocrx_word' id='word_1_723' title='bbox 2930 3651 3281 3723; x_wconf 84' lang='lat' dir='ltr'><strong>dogmatum:</strong></span> <span class='ocrx_word' id='word_1_724' title='bbox 3313 3653 3409 3707; x_wconf 90' lang='lat' dir='ltr'><strong>sed</strong></span> <span class='ocrx_word' id='word_1_725' title='bbox 3440 3653 3494 3706; x_wconf 93' lang='lat' dir='ltr'><strong>id</strong></span> <span class='ocrx_word' id='word_1_726' title='bbox 3537 3667 3658 3708; x_wconf 88' lang='lat' dir='ltr'><strong>ser-</strong></span> 
     </span>
    </p>
   </div>
   <div class='ocr_carea' id='block_1_97' title="bbox 2076 3743 3650 3814">
    <p class='ocr_par' dir='ltr' id='par_1_97' title="bbox 2076 3743 3650 3814">
     <span class='ocr_line' id='line_1_97' title="bbox 2076 3743 3650 3814; baseline -0.001 -16"><span class='ocrx_word' id='word_1_727' title='bbox 2076 3753 2262 3800; x_wconf 88' lang='lat' dir='ltr'><strong>vatum</strong></span> <span class='ocrx_word' id='word_1_728' title='bbox 2295 3754 2381 3800; x_wconf 90' lang='lat' dir='ltr'><strong>est</strong></span> <span class='ocrx_word' id='word_1_729' title='bbox 2417 3745 2485 3799; x_wconf 89' lang='lat' dir='ltr'><strong>iis</strong></span> <span class='ocrx_word' id='word_1_730' title='bbox 2510 3745 2606 3814; x_wconf 90' lang='lat' dir='ltr'><strong>qui</strong></span> <span class='ocrx_word' id='word_1_731' title='bbox 2637 3745 2811 3799; x_wconf 92' lang='lat' dir='ltr'><strong>Deum</strong></span> <span class='ocrx_word' id='word_1_732' title='bbox 2831 3743 3064 3798; x_wconf 88' lang='lat' dir='ltr'><strong>adorant</strong></span> <span class='ocrx_word' id='word_1_733' title='bbox 3094 3744 3151 3797; x_wconf 91' lang='lat' dir='ltr'><strong>in</strong></span> <span class='ocrx_word' id='word_1_734' title='bbox 3200 3745 3403 3814; x_wconf 89' lang='lat' dir='ltr'><strong>spiritu</strong></span> <span class='ocrx_word' id='word_1_735' title='bbox 3429 3754 3485 3798; x_wconf 93' lang='lat' dir='ltr'><strong>et</strong></span> <span class='ocrx_word' id='word_1_736' title='bbox 3508 3744 3650 3797; x_wconf 87' lang='lat' dir='ltr'><strong>veri-</strong></span> 
     </span>
    </p>
   </div>
   <div class='ocr_carea' id='block_1_98' title="bbox 2075 3833 3660 3906">
    <p class='ocr_par' dir='ltr' id='par_1_98' title="bbox 2075 3833 3660 3906">
     <span class='ocr_line' id='line_1_98' title="bbox 2075 3833 3660 3906; baseline 0.001 -17"><span class='ocrx_word' id='word_1_737' title='bbox 2075 3843 2186 3889; x_wconf 88' lang='lat' dir='ltr'><strong>tate</strong></span> <span class='ocrx_word' id='word_1_738' title='bbox 2221 3833 2318 3887; x_wconf 69' lang='lat' dir='ltr'><strong>“.i</strong></span> <span class='ocrx_word' id='word_1_739' title='bbox 2344 3835 2512 3889; x_wconf 81' lang='lat' dir='ltr'><strong>Vobis</strong></span> <span class='ocrx_word' id='word_1_740' title='bbox 2532 3833 2700 3897; x_wconf 91' lang='lat' dir='ltr'><strong>enim,</strong></span> <span class='ocrx_word' id='word_1_741' title='bbox 2729 3833 2926 3902; x_wconf 89' lang='lat' dir='ltr'><strong>inquit,</strong></span> <span class='ocrx_word' id='word_1_742' title='bbox 2963 3833 3248 3889; x_wconf 86' lang='lat' dir='ltr'><strong>datumest</strong></span> <span class='ocrx_word' id='word_1_743' title='bbox 3277 3851 3439 3890; x_wconf 87' lang='lat' dir='ltr'><strong>nosse</strong></span> <span class='ocrx_word' id='word_1_744' title='bbox 3459 3846 3660 3906; x_wconf 82' lang='lat' dir='ltr'><strong>myste-</strong></span> 
     </span>
    </p>
   </div>
   <div class='ocr_carea' id='block_1_99' title="bbox 2076 3923 3648 3995">
    <p class='ocr_par' dir='ltr' id='par_1_99' title="bbox 2076 3923 3648 3995">
     <span class='ocr_line' id='line_1_99' title="bbox 2076 3923 3648 3995; baseline -0.001 -16"><span class='ocrx_word' id='word_1_745' title='bbox 2076 3927 2158 3980; x_wconf 91' lang='lat' dir='ltr'><strong>ria</strong></span> <span class='ocrx_word' id='word_1_746' title='bbox 2186 3925 2338 3995; x_wconf 82' lang='lat' dir='ltr'><strong>regni</strong></span> <span class='ocrx_word' id='word_1_747' title='bbox 2367 3925 2654 3989; x_wconf 77' lang='lat' dir='ltr'><strong>caelorum,</strong></span> <span class='ocrx_word' id='word_1_748' title='bbox 2690 3923 2800 3978; x_wconf 91' lang='lat' dir='ltr'><strong>illis</strong></span> <span class='ocrx_word' id='word_1_749' title='bbox 2821 3929 3005 3978; x_wconf 89' lang='lat' dir='ltr'><strong>autem</strong></span> <span class='ocrx_word' id='word_1_750' title='bbox 3048 3939 3159 3978; x_wconf 89' lang='lat' dir='ltr'><strong>non</strong></span> <span class='ocrx_word' id='word_1_751' title='bbox 3187 3931 3273 3979; x_wconf 85' lang='lat' dir='ltr'><strong>est</strong></span> <span class='ocrx_word' id='word_1_752' title='bbox 3319 3925 3509 3980; x_wconf 88' lang='lat' dir='ltr'><strong>datum</strong></span> <span class='ocrx_word' id='word_1_753' title='bbox 3536 3926 3600 3980; x_wconf 64' lang='grc' dir='ltr'><strong>δ’.</strong></span> <span class='ocrx_word' id='word_1_754' title='bbox 3631 3945 3648 3977; x_wconf 76' lang='grc' dir='ltr'><strong>ι</strong></span> 
     </span>
    </p>
   </div>
   <div class='ocr_carea' id='block_1_100' title="bbox 2075 4036 3659 4109">
    <p class='ocr_par' dir='ltr' id='par_1_100' title="bbox 2075 4036 3659 4109">
     <span class='ocr_line' id='line_1_100' title="bbox 2075 4036 3659 4109; baseline 0 -19"><span class='ocrx_word' id='word_1_755' title='bbox 2075 4036 2303 4108; x_wconf 79' lang='lat' dir='ltr'><strong>Moyses,</strong></span> <span class='ocrx_word' id='word_1_756' title='bbox 2335 4037 2523 4093; x_wconf 81' lang='lat' dir='ltr'><strong>relicta</strong></span> <span class='ocrx_word' id='word_1_757' title='bbox 2549 4038 2723 4109; x_wconf 83' lang='lat' dir='ltr'><strong>campi</strong></span> <span class='ocrx_word' id='word_1_758' title='bbox 2757 4036 3001 4108; x_wconf 79' lang='lat' dir='ltr'><strong>planitie,</strong></span> <span class='ocrx_word' id='word_1_759' title='bbox 3036 4053 3155 4109; x_wconf 70' lang='lat' dir='ltr'><strong>cum</strong></span> <span class='ocrx_word' id='word_1_760' title='bbox 3179 4036 3401 4109; x_wconf 76' lang='lat' dir='ltr'><strong>venisset</strong></span> <span class='ocrx_word' id='word_1_761' title='bbox 3416 4036 3487 4109; x_wconf 64' lang='lat' dir='ltr'><strong>(id</strong></span> <span class='ocrx_word' id='word_1_762' title='bbox 3514 4037 3659 4109; x_wconf 77' lang='lat' dir='ltr'><strong>radi-</strong></span> 
     </span>
    </p>
   </div>
   <div class='ocr_carea' id='block_1_101' title="bbox 2156 4106 3657 4172">
    <p class='ocr_par' dir='ltr' id='par_1_101' title="bbox 2156 4106 3657 4172">
     <span class='ocr_line' id='line_1_101' title="bbox 2156 4106 3657 4172; baseline -0.005 -5"><span class='ocrx_word' id='word_1_763' title='bbox 2156 4106 2237 4167; x_wconf 70' lang='lat' dir='ltr'><strong>ces</strong></span> <span class='ocrx_word' id='word_1_764' title='bbox 2269 4106 2732 4171; x_wconf 76' lang='lat' dir='ltr'><strong>montis,ascendit</strong></span> <span class='ocrx_word' id='word_1_765' title='bbox 2755 4106 2810 4161; x_wconf 85' lang='lat' dir='ltr'><strong>in</strong></span> <span class='ocrx_word' id='word_1_766' title='bbox 2839 4123 2977 4167; x_wconf 81' lang='lat' dir='ltr'><strong>eum,</strong></span> <span class='ocrx_word' id='word_1_767' title='bbox 3013 4114 3060 4159; x_wconf 87' lang='lat' dir='ltr'><strong>et</strong></span> <span class='ocrx_word' id='word_1_768' title='bbox 3092 4106 3320 4172; x_wconf 31' lang='lat' dir='ltr'><strong>discissa‘</strong></span> <span class='ocrx_word' id='word_1_769' title='bbox 3347 4106 3501 4169; x_wconf 81' lang='lat' dir='ltr'><strong>nube,</strong></span> <span class='ocrx_word' id='word_1_770' title='bbox 3528 4108 3657 4160; x_wconf 84' lang='lat' dir='ltr'><strong>vidit</strong></span> 
     </span>
    </p>
   </div>
   <div class='ocr_carea' id='block_1_102' title="bbox 2149 4179 3018 4250">
    <p class='ocr_par' dir='ltr' id='par_1_102' title="bbox 2149 4179 3018 4250">
     <span class='ocr_line' id='line_1_102' title="bbox 2149 4179 3018 4250; baseline -0.009 -15"><span class='ocrx_word' id='word_1_771' title='bbox 2149 4184 2242 4237; x_wconf 84' lang='lat' dir='ltr'><strong>Dei</strong></span> <span class='ocrx_word' id='word_1_772' title='bbox 2277 4179 2609 4250; x_wconf 80' lang='lat' dir='ltr'><strong>splendorem</strong></span> <span class='ocrx_word' id='word_1_773' title='bbox 2627 4186 2676 4231; x_wconf 88' lang='lat' dir='ltr'><strong>et</strong></span> <span class='ocrx_word' id='word_1_774' title='bbox 2705 4193 2890 4248; x_wconf 75' lang='lat' dir='ltr'><strong>passus</strong></span> <span class='ocrx_word' id='word_1_775' title='bbox 2924 4185 3018 4228; x_wconf 83' lang='lat' dir='ltr'><strong>est.</strong></span> 
     </span>
    </p>
   </div>
   <div class='ocr_carea' id='block_1_103' title="bbox 2150 4353 3654 4430">
    <p class='ocr_par' dir='ltr' id='par_1_103' title="bbox 2150 4353 3654 4430">
     <span class='ocr_line' id='line_1_103' title="bbox 2150 4353 3654 4430; baseline -0.008 -13"><span class='ocrx_word' id='word_1_776' title='bbox 2150 4362 2412 4417; x_wconf 89' lang='lat' dir='ltr'><strong>Planities</strong></span> <span class='ocrx_word' id='word_1_777' title='bbox 2432 4359 2730 4430; x_wconf 81' lang='lat' dir='ltr'><strong>anagogice</strong></span> <span class='ocrx_word' id='word_1_778' title='bbox 2777 4363 2862 4412; x_wconf 87' lang='lat' dir='ltr'><strong>est</strong></span> <span class='ocrx_word' id='word_1_779' title='bbox 2917 4356 3022 4410; x_wconf 78' lang='lat' dir='ltr'><strong>vita</strong></span> <span class='ocrx_word' id='word_1_780' title='bbox 3067 4370 3189 4425; x_wconf 82' lang='lat' dir='ltr'><strong>quae</strong></span> <span class='ocrx_word' id='word_1_781' title='bbox 3223 4353 3402 4424; x_wconf 81' lang='lat' dir='ltr'><strong>agitur</strong></span> <span class='ocrx_word' id='word_1_782' title='bbox 3430 4369 3498 4407; x_wconf 81' lang='lat' dir='ltr'><strong>ex</strong></span> <span class='ocrx_word' id='word_1_783' title='bbox 3538 4353 3654 4406; x_wconf 87' lang='lat' dir='ltr'><strong>vir-</strong></span> 
     </span>
    </p>
   </div>
   <div class='ocr_carea' id='block_1_104' title="bbox 2077 4443 3658 4518">
    <p class='ocr_par' dir='ltr' id='par_1_104' title="bbox 2077 4443 3658 4518">
     <span class='ocr_line' id='line_1_104' title="bbox 2077 4443 3658 4518; baseline -0.008 -8"><span class='ocrx_word' id='word_1_784' title='bbox 2077 4465 2215 4518; x_wconf 88' lang='lat' dir='ltr'><strong>tute,</strong></span> <span class='ocrx_word' id='word_1_785' title='bbox 2246 4463 2331 4508; x_wconf 91' lang='lat' dir='ltr'><strong>est</strong></span> <span class='ocrx_word' id='word_1_786' title='bbox 2365 4451 2513 4506; x_wconf 89' lang='lat' dir='ltr'><strong>enim</strong></span> <span class='ocrx_word' id='word_1_787' title='bbox 2537 4449 2714 4505; x_wconf 87' lang='lat' dir='ltr'><strong>cuivis</strong></span> <span class='ocrx_word' id='word_1_788' title='bbox 2752 4448 2950 4502; x_wconf 79' lang='lat' dir='ltr'><strong>facilis.</strong></span> <span class='ocrx_word' id='word_1_789' title='bbox 3010 4445 3188 4500; x_wconf 80' lang='lat' dir='ltr'><strong>Radix</strong></span> <span class='ocrx_word' id='word_1_790' title='bbox 3233 4452 3416 4498; x_wconf 89' lang='lat' dir='ltr'><strong>autem</strong></span> <span class='ocrx_word' id='word_1_791' title='bbox 3455 4443 3658 4498; x_wconf 89' lang='lat' dir='ltr'><strong>montis</strong></span> 
     </span>
    </p>
   </div>
   <div class='ocr_carea' id='block_1_105' title="bbox 2077 4535 3658 4612">
    <p class='ocr_par' dir='ltr' id='par_1_105' title="bbox 2077 4535 3658 4612">
     <span class='ocr_line' id='line_1_105' title="bbox 2077 4535 3658 4612; baseline -0.008 -10"><span class='ocrx_word' id='word_1_792' title='bbox 2077 4555 2162 4604; x_wconf 91' lang='lat' dir='ltr'><strong>est</strong></span> <span class='ocrx_word' id='word_1_793' title='bbox 2187 4547 2362 4601; x_wconf 88' lang='lat' dir='ltr'><strong>virtus</strong></span> <span class='ocrx_word' id='word_1_794' title='bbox 2387 4544 2587 4609; x_wconf 85' lang='lat' dir='ltr'><strong>activa,</strong></span> <span class='ocrx_word' id='word_1_795' title='bbox 2613 4552 2670 4597; x_wconf 91' lang='lat' dir='ltr'><strong>et</strong></span> <span class='ocrx_word' id='word_1_796' title='bbox 2707 4555 2873 4612; x_wconf 89' lang='lat' dir='ltr'><strong>quam</strong></span> <span class='ocrx_word' id='word_1_797' title='bbox 2927 4537 3146 4610; x_wconf 79' lang='lat' dir='ltr'><strong>aggredi</strong></span> <span class='ocrx_word' id='word_1_798' title='bbox 3190 4545 3422 4607; x_wconf 91' lang='lat' dir='ltr'><strong>possunt</strong></span> <span class='ocrx_word' id='word_1_799' title='bbox 3470 4535 3508 4589; x_wconf 91' lang='lat' dir='ltr'><strong>ii</strong></span> <span class='ocrx_word' id='word_1_800' title='bbox 3560 4536 3658 4605; x_wconf 90' lang='lat' dir='ltr'><strong>qui</strong></span> 
     </span>
    </p>
   </div>
   <div class='ocr_carea' id='block_1_106' title="bbox 2078 4627 3659 4709">
    <p class='ocr_par' dir='ltr' id='par_1_106' title="bbox 2078 4627 3659 4709">
     <span class='ocr_line' id='line_1_106' title="bbox 2078 4627 3659 4709; baseline -0.009 -14"><span class='ocrx_word' id='word_1_801' title='bbox 2078 4649 2208 4696; x_wconf 89' lang='lat' dir='ltr'><strong>sunt</strong></span> <span class='ocrx_word' id='word_1_802' title='bbox 2235 4637 2397 4709; x_wconf 89' lang='lat' dir='ltr'><strong>paulo</strong></span> <span class='ocrx_word' id='word_1_803' title='bbox 2428 4636 2706 4698; x_wconf 83' lang='lat' dir='ltr'><strong>fortiores,</strong></span> <span class='ocrx_word' id='word_1_804' title='bbox 2735 4648 2836 4703; x_wconf 88' lang='lat' dir='ltr'><strong>per</strong></span> <span class='ocrx_word' id='word_1_805' title='bbox 2859 4647 3025 4702; x_wconf 90' lang='lat' dir='ltr'><strong>quam</strong></span> <span class='ocrx_word' id='word_1_806' title='bbox 3072 4629 3400 4685; x_wconf 88' lang='lat' dir='ltr'><strong>deducimur</strong></span> <span class='ocrx_word' id='word_1_807' title='bbox 3422 4627 3490 4682; x_wconf 90' lang='lat' dir='ltr'><strong>ad</strong></span> <span class='ocrx_word' id='word_1_808' title='bbox 3531 4627 3659 4681; x_wconf 87' lang='lat' dir='ltr'><strong>alti-</strong></span> 
     </span>
    </p>
   </div>
   <div class='ocr_carea' id='block_1_107' title="bbox 2077 4709 3658 4797">
    <p class='ocr_par' dir='ltr' id='par_1_107' title="bbox 2077 4709 3658 4797">
     <span class='ocr_line' id='line_1_107' title="bbox 2077 4709 3658 4797; baseline -0.008 -11"><span class='ocrx_word' id='word_1_809' title='bbox 2077 4731 2330 4786; x_wconf 89' lang='lat' dir='ltr'><strong>tudinem</strong></span> <span class='ocrx_word' id='word_1_810' title='bbox 2353 4726 2851 4797; x_wconf 87' lang='lat' dir='ltr'><strong>contemplationis.</strong></span> <span class='ocrx_word' id='word_1_811' title='bbox 2883 4724 3044 4778; x_wconf 86' lang='lat' dir='ltr'><strong>Mons</strong></span> <span class='ocrx_word' id='word_1_812' title='bbox 3071 4732 3256 4778; x_wconf 90' lang='lat' dir='ltr'><strong>autem</strong></span> <span class='ocrx_word' id='word_1_813' title='bbox 3296 4709 3462 4776; x_wconf 84' lang='lat' dir='ltr'><strong>estid</strong></span> <span class='ocrx_word' id='word_1_814' title='bbox 3512 4719 3658 4789; x_wconf 85' lang='lat' dir='ltr'><strong>quod</strong></span> 
     </span>
    </p>
   </div>
   <div class='ocr_carea' id='block_1_108' title="bbox 2075 4813 3657 4890">
    <p class='ocr_par' dir='ltr' id='par_1_108' title="bbox 2075 4813 3657 4890">
     <span class='ocr_line' id='line_1_108' title="bbox 2075 4813 3657 4890; baseline -0.009 -11"><span class='ocrx_word' id='word_1_815' title='bbox 2075 4831 2162 4879; x_wconf 88' lang='lat' dir='ltr'><strong>est</strong></span> <span class='ocrx_word' id='word_1_816' title='bbox 2183 4821 2545 4890; x_wconf 89' lang='lat' dir='ltr'><strong>conspicuum</strong></span> <span class='ocrx_word' id='word_1_817' title='bbox 2578 4827 2636 4873; x_wconf 90' lang='lat' dir='ltr'><strong>et</strong></span> <span class='ocrx_word' id='word_1_818' title='bbox 2657 4831 2933 4872; x_wconf 91' lang='lat' dir='ltr'><strong>summum</strong></span> <span class='ocrx_word' id='word_1_819' title='bbox 2967 4813 3657 4883; x_wconf 68' lang='lat' dir='ltr'><strong>virtutiscontemplativze,</strong></span> 
     </span>
    </p>
   </div>
   <div class='ocr_carea' id='block_1_109' title="bbox 2083 4905 3658 4985">
    <p class='ocr_par' dir='ltr' id='par_1_109' title="bbox 2083 4905 3658 4985">
     <span class='ocr_line' id='line_1_109' title="bbox 2083 4905 3658 4985; baseline -0.01 -14"><span class='ocrx_word' id='word_1_820' title='bbox 2083 4915 2232 4985; x_wconf 91' lang='lat' dir='ltr'><strong>quod</strong></span> <span class='ocrx_word' id='word_1_821' title='bbox 2256 4913 2411 4968; x_wconf 91' lang='lat' dir='ltr'><strong>adire</strong></span> <span class='ocrx_word' id='word_1_822' title='bbox 2441 4917 2675 4982; x_wconf 89' lang='lat' dir='ltr'><strong>possunt</strong></span> <span class='ocrx_word' id='word_1_823' title='bbox 2707 4909 2808 4964; x_wconf 92' lang='lat' dir='ltr'><strong>soli</strong></span> <span class='ocrx_word' id='word_1_824' title='bbox 2863 4907 3116 4978; x_wconf 76' lang='lat' dir='ltr'><strong>perfecti.</strong></span> <span class='ocrx_word' id='word_1_825' title='bbox 3167 4905 3276 4960; x_wconf 89' lang='lat' dir='ltr'><strong>Sed</strong></span> <span class='ocrx_word' id='word_1_826' title='bbox 3320 4919 3498 4972; x_wconf 85' lang='lat' dir='ltr'><strong>neque</strong></span> <span class='ocrx_word' id='word_1_827' title='bbox 3533 4918 3658 4956; x_wconf 91' lang='lat' dir='ltr'><strong>cum</strong></span> 
     </span>
    </p>
   </div>
   <div class='ocr_carea' id='block_1_110' title="bbox 2080 4993 3659 5072">
    <p class='ocr_par' dir='ltr' id='par_1_110' title="bbox 2080 4993 3659 5072">
     <span class='ocr_line' id='line_1_110' title="bbox 2080 4993 3659 5072; baseline -0.009 -11"><span class='ocrx_word' id='word_1_828' title='bbox 2080 5007 2172 5061; x_wconf 91' lang='lat' dir='ltr'><strong>hic</strong></span> <span class='ocrx_word' id='word_1_829' title='bbox 2192 5004 2408 5068; x_wconf 88' lang='lat' dir='ltr'><strong>fuisset,</strong></span> <span class='ocrx_word' id='word_1_830' title='bbox 2435 5002 2617 5072; x_wconf 86' lang='lat' dir='ltr'><strong>potuit</strong></span> <span class='ocrx_word' id='word_1_831' title='bbox 2633 5000 2797 5070; x_wconf 91' lang='lat' dir='ltr'><strong>potiri</strong></span> <span class='ocrx_word' id='word_1_832' title='bbox 2819 4998 3126 5054; x_wconf 89' lang='lat' dir='ltr'><strong>desiderio:</strong></span> <span class='ocrx_word' id='word_1_833' title='bbox 3167 4993 3659 5062; x_wconf 89' lang='lat' dir='ltr'><strong>impediebatenim</strong></span> 
     </span>
    </p>
   </div>
   <div class='ocr_carea' id='block_1_111' title="bbox 2078 5083 3658 5160">
    <p class='ocr_par' dir='ltr' id='par_1_111' title="bbox 2078 5083 3658 5160">
     <span class='ocr_line' id='line_1_111' title="bbox 2078 5083 3658 5160; baseline -0.009 -9"><span class='ocrx_word' id='word_1_834' title='bbox 2078 5096 2277 5160; x_wconf 90' lang='lat' dir='ltr'><strong>nubes,</strong></span> <span class='ocrx_word' id='word_1_835' title='bbox 2312 5095 2418 5148; x_wconf 91' lang='lat' dir='ltr'><strong>hoc</strong></span> <span class='ocrx_word' id='word_1_836' title='bbox 2439 5102 2524 5148; x_wconf 90' lang='lat' dir='ltr'><strong>est</strong></span> <span class='ocrx_word' id='word_1_837' title='bbox 2543 5089 2857 5147; x_wconf 86' lang='lat' dir='ltr'><strong>crassitudo</strong></span> <span class='ocrx_word' id='word_1_838' title='bbox 2891 5088 3094 5144; x_wconf 87' lang='lat' dir='ltr'><strong>carnis.</strong></span> <span class='ocrx_word' id='word_1_839' title='bbox 3121 5087 3328 5140; x_wconf 86' lang='lat' dir='ltr'><strong>Etcum</strong></span> <span class='ocrx_word' id='word_1_840' title='bbox 3357 5083 3658 5145; x_wconf 82' lang='lat' dir='ltr'><strong>divisisset,</strong></span> 
     </span>
    </p>
   </div>
   <div class='ocr_carea' id='block_1_112' title="bbox 2077 5176 3656 5258">
    <p class='ocr_par' dir='ltr' id='par_1_112' title="bbox 2077 5176 3656 5258">
     <span class='ocr_line' id='line_1_112' title="bbox 2077 5176 3656 5258; baseline -0.01 -14"><span class='ocrx_word' id='word_1_841' title='bbox 2077 5187 2553 5258; x_wconf 88' lang='lat' dir='ltr'><strong>etquodammodo</strong></span> <span class='ocrx_word' id='word_1_842' title='bbox 2575 5183 2911 5256; x_wconf 88' lang='lat' dir='ltr'><strong>pervasisset</strong></span> <span class='ocrx_word' id='word_1_843' title='bbox 2934 5180 3162 5234; x_wconf 86' lang='lat' dir='ltr'><strong>nutibus</strong></span> <span class='ocrx_word' id='word_1_844' title='bbox 3188 5177 3256 5231; x_wconf 90' lang='lat' dir='ltr'><strong>ad</strong></span> <span class='ocrx_word' id='word_1_845' title='bbox 3280 5177 3537 5240; x_wconf 91' lang='lat' dir='ltr'><strong>Deum,et</strong></span> <span class='ocrx_word' id='word_1_846' title='bbox 3562 5176 3656 5229; x_wconf 90' lang='lat' dir='ltr'><strong>Dei</strong></span> 
     </span>
    </p>
   </div>
   <div class='ocr_carea' id='block_1_113' title="bbox 2082 5267 3659 5348">
    <p class='ocr_par' dir='ltr' id='par_1_113' title="bbox 2082 5267 3659 5348">
     <span class='ocr_line' id='line_1_113' title="bbox 2082 5267 3659 5348; baseline -0.009 -15"><span class='ocrx_word' id='word_1_847' title='bbox 2082 5278 2486 5348; x_wconf 83' lang='lat' dir='ltr'><strong>viditgloriam,</strong></span> <span class='ocrx_word' id='word_1_848' title='bbox 2510 5283 2572 5329; x_wconf 91' lang='lat' dir='ltr'><strong>ut</strong></span> <span class='ocrx_word' id='word_1_849' title='bbox 2606 5274 2702 5344; x_wconf 89' lang='lat' dir='ltr'><strong>qui</strong></span> <span class='ocrx_word' id='word_1_850' title='bbox 2728 5272 2894 5326; x_wconf 87' lang='lat' dir='ltr'><strong>verba</strong></span> <span class='ocrx_word' id='word_1_851' title='bbox 2920 5267 3177 5324; x_wconf 88' lang='lat' dir='ltr'><strong>didicerit</strong></span> <span class='ocrx_word' id='word_1_852' title='bbox 3206 5274 3496 5331; x_wconf 86' lang='lat' dir='ltr'><strong>arcana,et</strong></span> <span class='ocrx_word' id='word_1_853' title='bbox 3531 5281 3659 5335; x_wconf 87' lang='lat' dir='ltr'><strong>pas-</strong></span> 
     </span>
    </p>
   </div>
   <div class='ocr_carea' id='block_1_114' title="bbox 2082 5356 3661 5431">
    <p class='ocr_par' dir='ltr' id='par_1_114' title="bbox 2082 5356 3661 5431">
     <span class='ocr_line' id='line_1_114' title="bbox 2082 5356 3661 5431; baseline -0.009 -8"><span class='ocrx_word' id='word_1_854' title='bbox 2082 5383 2176 5422; x_wconf 80' lang='lat' dir='ltr'><strong>sus</strong></span> <span class='ocrx_word' id='word_1_855' title='bbox 2199 5377 2282 5422; x_wconf 90' lang='lat' dir='ltr'><strong>est</strong></span> <span class='ocrx_word' id='word_1_856' title='bbox 2307 5382 2434 5422; x_wconf 92' lang='lat' dir='ltr'><strong>cum</strong></span> <span class='ocrx_word' id='word_1_857' title='bbox 2453 5365 2758 5420; x_wconf 88' lang='lat' dir='ltr'><strong>refulsisset</strong></span> <span class='ocrx_word' id='word_1_858' title='bbox 2777 5361 2898 5431; x_wconf 76' lang='lat' dir='ltr'><strong>eius</strong></span> <span class='ocrx_word' id='word_1_859' title='bbox 2924 5359 3112 5421; x_wconf 90' lang='lat' dir='ltr'><strong>facies,</strong></span> <span class='ocrx_word' id='word_1_860' title='bbox 3141 5356 3279 5412; x_wconf 89' lang='lat' dir='ltr'><strong>adeo</strong></span> <span class='ocrx_word' id='word_1_861' title='bbox 3303 5366 3360 5411; x_wconf 93' lang='lat' dir='ltr'><strong>ut</strong></span> <span class='ocrx_word' id='word_1_862' title='bbox 3393 5372 3531 5426; x_wconf 93' lang='lat' dir='ltr'><strong>opus</strong></span> <span class='ocrx_word' id='word_1_863' title='bbox 3565 5357 3661 5410; x_wconf 90' lang='lat' dir='ltr'><strong>ha-</strong></span> 
     </span>
    </p>
   </div>
   <div class='ocr_carea' id='block_1_115' title="bbox 2086 5450 3661 5531">
    <p class='ocr_par' dir='ltr' id='par_1_115' title="bbox 2086 5450 3661 5531">
     <span class='ocr_line' id='line_1_115' title="bbox 2086 5450 3661 5531; baseline -0.008 -15"><span class='ocrx_word' id='word_1_864' title='bbox 2086 5463 2238 5517; x_wconf 90' lang='lat' dir='ltr'><strong>beret</strong></span> <span class='ocrx_word' id='word_1_865' title='bbox 2266 5461 2526 5531; x_wconf 88' lang='lat' dir='ltr'><strong>operculo</strong></span> <span class='ocrx_word' id='word_1_866' title='bbox 2560 5473 2656 5514; x_wconf 89' lang='lat' dir='ltr'><strong>seu</strong></span> <span class='ocrx_word' id='word_1_867' title='bbox 2684 5456 2808 5511; x_wconf 86' lang='lat' dir='ltr'><strong>velo</strong></span> <span class='ocrx_word' id='word_1_868' title='bbox 2839 5453 2905 5508; x_wconf 89' lang='lat' dir='ltr'><strong>ad</strong></span> <span class='ocrx_word' id='word_1_869' title='bbox 2929 5452 3214 5523; x_wconf 89' lang='lat' dir='ltr'><strong>populum.</strong></span> <span class='ocrx_word' id='word_1_870' title='bbox 3243 5453 3380 5507; x_wconf 89' lang='lat' dir='ltr'><strong>Nam</strong></span> <span class='ocrx_word' id='word_1_871' title='bbox 3405 5451 3499 5520; x_wconf 90' lang='lat' dir='ltr'><strong>qui</strong></span> <span class='ocrx_word' id='word_1_872' title='bbox 3523 5450 3661 5505; x_wconf 89' lang='lat' dir='ltr'><strong>scri-</strong></span> 
     </span>
    </p>
   </div>
   <div class='ocr_carea' id='block_1_116' title="bbox 3083 5645 3652 5712">
    <p class='ocr_par' dir='ltr' id='par_1_116' title="bbox 3083 5645 3652 5712">
     <span class='ocr_line' id='line_1_116' title="bbox 3083 5645 3652 5712; baseline -0.018 -5"><span class='ocrx_word' id='word_1_873' title='bbox 3083 5654 3127 5686; x_wconf 76' lang='grc'><strong>⁸⁹</strong></span> <span class='ocrx_word' id='word_1_874' title='bbox 3165 5650 3354 5707; x_wconf 84' lang='lat' dir='ltr'><strong>Matth.</strong></span> <span class='ocrx_word' id='word_1_875' title='bbox 3408 5663 3521 5712; x_wconf 78' lang='lat' dir='ltr'><strong>xm,</strong></span> <span class='ocrx_word' id='word_1_876' title='bbox 3566 5645 3652 5700; x_wconf 81' lang='grc' dir='ltr'><strong>Η.</strong></span> 
     </span>
    </p>
   </div>
  </div>
