4076 6504
372 294 549 350 .H99

1608 292 1662 347 S.
1704 288 1979 346 CYRILLI
2019 288 2108 343 ET
2155 286 2461 344 ALIORUM

3522 281 3666 337 190')

409 409 487 481 pti
513 416 643 464 sunt
670 407 739 463 ab
758 421 824 463 eo
844 405 994 472 libri,
1017 405 1338 476 operculum
1356 405 1579 476 quidem
1609 406 1835 471 habent,
1858 422 1981 462 cor-

2092 405 2252 476 τικὴν
2285 404 2487 473 γνῶσιν
2511 419 2524 432 ο
2563 400 2921 471 λαμπρότητα
2955 399 3042 463 δὲ,
3077 397 3144 452 τὰ
3178 398 3257 461 είς
3295 397 3531 468 Χριστὸν
3569 401 3668 453 άν-

408 500 650 571 poralem
684 498 1085 569 cognitionem:
1131 497 1480 568 splendorem
1501 497 1721 562 'autem,
1753 513 1818 552 ea
1861 514 1985 568 qua:

406 591 475 644 ad
506 589 785 645 Christum
837 588 1173 644 referuntur.
1223 588 1539 644 Transitum
1588 588 1645 642 in
1693 588 1833 643 mari
1886 604 1986 658 per

406 680 636 746 aridam,
676 696 942 750 aquarum
968 696 1068 750 per
1087 679 1295 750 virgam
1317 680 1752 750 percussionem,
1777 682 1987 736 colum-

408 788 532 827 nam
555 772 719 827 nubis
744 781 799 827 et
832 772 994 843 ignis,
1021 780 1079 827 et
1124 787 1468 842 quaecunque
1492 782 1619 828 sunt
1646 774 1982 844 hujusmodi,

408 867 767 936 corporaliter
791 865 1015 936 quidem
1061 864 1377 935 intelligunt
1419 864 1618 920 Judaei.
1657 864 1854 920 Ablato
1881 881 1983 919 au-

2085 499 2350 568 αγόμενα.
2385 497 2496 566 Τὴν
2527 494 2616 548 διὰ
2659 494 2830 566 ξηρᾶς
2858 494 2918 546 ἐν
2941 492 3187 565 Θαλάσσῃ
3227 490 3420 556 δίοδον,
3447 489 3548 561 τὴν
3573 490 3669 545 διὰ

2088 588 2287 658 ῥάϐδου
2317 587 2425 641 τῶν
2450 587 2658 640 ὑδάτων
2694 585 2927 655 πληγὴν,
2959 584 3048 637 τὸν
3077 582 3266 636 στύλον
3297 581 3401 650 τῆς
3433 581 3668 653 νεφέλης

2087 681 2181 734 καὶ
2212 679 2306 733 τοῦ
2333 679 2523 751 πυρδς,
2552 678 2647 732 καὶ
2671 678 2741 731 τά
2790 674 3017 731 τοιαῦτα
3058 675 3276 729 ἅπαντα
3332 673 3666 743 σωματικῶς

2088 772 2189 840 μὲν
2216 770 2431 823 νοοῦσιν
2453 767 2715 824 Ἰουδαῖοι.
2754 765 2861 819 Τοῦ
2891 766 2948 818 δὲ
2981 762 3471 834 περικαλύμματος
3498 763 3671 831 ἀφαι-

2087 862 2379 935 ρουμένου,
2418 863 2486 931 τῇ
2514 859 2863 930 λαμπρότητι
2903 858 3007 927 τῆς
3035 855 3295 926 ἀληθείας
3330 853 3665 925 ἐντρανίζειν

411 969 519 1011 tem
543 958 686 1023 velo,
714 957 968 1012 veritatis
993 956 1346 1027 splendorem
1375 957 1578 1012 intueri
1594 972 1707 1013 non
1733 959 1981 1012 valentes

2092 956 2144 1009 ού
2192 954 2471 1016 σθένοντες
2510 950 2963 1005 καταπίπτουσιν
2996 951 3044 1002 εί
3103 949 3177 1018 μή
3221 965 3304 1012 τις
3335 945 3546 1018 Ἀαρὼν
3575 945 3666 1016 εἴη

410 1048 733 1109 concidunt.
768 1048 877 1102 nisi
907 1047 1368 1118 iueritquispiam
1410 1047 1592 1102 Aaron
1624 1056 1979 1103 consecratus

2092 1047 2161 1118 τῷ
2190 1048 2455 1118 χρίσματι
2492 1045 2588 1097 τοῦ
2617 1043 2993 1114 βαπτίσματος
3031 1040 3347 1111 ίερωμένος,
3385 1037 3481 1092 καὶ
3526 1036 3666 1108 πρὸς

409 1139 704 1192 chrismate
728 1136 1091 1207 baptismatis,
1119 1143 1178 1192 et
1208 1137 1276 1192 ad
1309 1137 1407 1192 Dei
1453 1139 1663 1193 cultum
1694 1146 1750 1192 et
1804 1137 1981 1192 servi—

412 1230 547 1283 tium
572 1229 879 1284 dedicatus.

412 1365 517 1416 Lex
553 1364 693 1416 dedit
727 1360 1036 1427 Sabbatum,
1073 1373 1130 1415 ut
1165 1366 1418 1434 quiescat,
1457 1365 1647 1432 inquit,
1674 1365 1980 1433 jumentum

847 1442 994 1485 tuum
1036 1443 1085 1485 et
1114 1450 1292 1486 servus
1314 1441 1433 1485 tuus
1464 1434 1528 1483 °°.

482 1584 658 1661 Ambo
690 1607 810 1662 haec
828 1609 991 1663 tacite
1022 1622 1223 1677 corpus
1240 1608 1567 1680 signiﬁcant.
1617 1610 1832 1681 Corpus
1853 1614 1982 1683 qui-

2085 1138 2341 1209 λατρείαν
2367 1136 2446 1207 τῷ
2474 1135 2594 1206 Θεῷ
2616 1134 2993 1203 ἀνακείμενος.

2095 1352 2158 1404 '0
2185 1352 2367 1421 νόμος
2426 1353 2491 1436 τό
2528 1355 2830 1436 Σάϐϐατόν
2851 1352 3140 1436 ἐξέδωκεν,
3175 1354 3275 1406 ἵνα
3305 1354 3661 1436 dardanium!-

2158 1438 2288 1485 ται,
2340 1422 2524 1491 φησι,
2591 1425 2656 1474 τὸ
2720 1420 3038 1493 ὑποζύγιόν
3091 1438 3207 1497 σου
3262 1424 3362 1476 καί
3423 1424 3457 1478 ό
3520 1420 3665 1490 παῖς

2154 1508 2293 1545 σου.

2167 1605 2480 1676 Ἀμφότερα
2514 1604 2570 1658 δὲ
2613 1605 2786 1659 ταῦτα
2818 1605 2879 1658 τὸ
2910 1604 3068 1676 σῶμα
3112 1606 3459 1659 αίνίττονται.
3493 1604 3670 1661 Τοῦτο

412 1700 537 1755 dem
590 1710 675 1756 est
715 1702 1024 1771 jumentum
1066 1701 1272 1756 mentis
1325 1702 1537 1768 activae,
1568 1704 1717 1773 quod
1767 1706 1983 1776 cogitur

2092 1695 2194 1766 γὰρ
2219 1694 2314 1748 τοῦ
2347 1696 2447 1765 μὲν
2482 1694 2788 1765 πρακτικοῦ
2812 1694 2929 1759 νοὸς
2961 1695 3251 1762 ὑποξύγιόν
3293 1696 3460 1762 ἐστιν,
3504 1697 3670 1767 ἀχθο-

417 1799 674 1860 tanquam
707 1807 847 1846 onus
869 1792 921 1846 ei
943 1791 1086 1846 ferre
1105 1791 1376 1860 actiones,
1407 1792 1611 1848 mentis
1641 1802 1825 1849 autem
1850 1810 1981 1849 con-

416 1882 744 1952 templativa
765 1891 850 1937 est
872 1883 1240 1953 servus,.ejus
1281 1882 1452 1953 jussis
1484 1885 1734 1940 serviens
1769 1873 1842 1940 ex
1890 1903 1983 1940 ra-

413 1971 581 2028 tione.
610 1972 752 2029 Huic
775 1980 959 2028 autem
985 1973 1156 2027 menti
1179 1981 1237 2027 et
1278 1973 1356 2028 illi
1404 1990 1624 2045 quoque
1663 1985 1747 2031 est
1772 1976 1985 2031 Sabba-

414 2075 552 2130 tum,
574 2064 721 2134 quod
741 2063 905 2121 ﬁnem
934 2081 1127 2121 eorum
1152 2081 1275 2136 quae
1300 2066 1368 2121 ab
1385 2066 1522 2137 ipsis
1545 2066 1685 2122 fiunt
1711 2068 1981 2123 bonorum

411 2156 468 2208 in
495 2154 712 2211 actione
736 2164 793 2211 et
836 2156 1325 2226 contemplatione,
1377 2158 1799 2213 convenientem
1860 2160 1988 2214 uni-

412 2245 614 2314 cuique
660 2245 871 2315 praebet
916 2246 1185 2316 requiem.
1228 2247 1529 2302 Sabbatum
1576 2249 1869 2321 mysticum
1900 2259 1987 2306 est

412 2335 671 2390 vitiorum
717 2343 775 2390 et
802 2337 969 2391 animi
995 2345 1244 2393 motuum
1281 2339 1516 2394 cessatio
1534 2380 1549 2404 ,
1574 2356 1696 2410 qum
1721 2356 1821 2411 per
1845 2342 1985 2396 acti-

380 2442 536 2482 vam
573 2435 724 2483 recte
766 2437 1057 2484 exercetur
1103 2430 1532 2501 philosophiam.
1571 2432 1870 2487 Sabbatum
1903 2443 1989 2489 est

413 2516 643 2572 libertas
658 2516 855 2572 animm
879 2517 1097 2573 ratione
1122 2519 1387 2589 praedita},
1410 2536 1533 2591 quae
1556 2536 1655 2590 per
1678 2522 1986 2576 naturalem

414 2607 471 2661 in
502 2607 702 2677 spiritu
724 2609 1268 2679 contemplationem,
1303 2611 1488 2665 amisit
1540 2612 1715 2682 ipsam
1754 2619 1985 2667 natura-

414 2696 521 2751 lem
550 2696 618 2752 ad
643 2696 870 2753 sensilia
896 2699 1297 2767 operationem.
1338 2699 1576 2755 Sabbata
1619 2699 1798 2756 Sabba
1809 2711 1986 2755 torum

413 2797 544 2844 sunt
575 2789 881 2860 spiritualis
913 2789 1072 2859 quies
1091 2790 1308 2855 animae,
1339 2805 1462 2860 qua;
1498 2798 1739 2846 mentem
1769 2798 1991 2846 contra-

413 2880 496 2934 xit
520 2879 589 2935 ab
610 2880 871 2936 omnibus
895 2879 1101 2935 divinis
1136 2896 1259 2950 quae
1280 2889 1413 2950 sunt
1457 2880 1514 2935 in
1562 2881 1728 2936 rebus
1754 2881 1987 2936 rationi-

413 2971 541 3037 bus,
591 2978 649 3026 et
700 2971 802 3026 soli
834 2971 946 3026 Deo
1000 2986 1100 3041 per
1132 2971 1457 3026 amatoriam
1496 2972 1760 3026 exstasim
1808 2971 1983 3042 ipsam

414 3063 643 3119 cmnino
681 3063 932 3134 illigavit,
958 3070 1017 3118 et
1038 3079 1136 3133 per
1179 3063 1468 3135 mysticam
1500 3063 1831 3135 theologiam
1860 3078 1982 3118 eam
2012 3090 2056 3146 ο

415 3155 485 3210 ab
509 3155 604 3209 illo
631 3153 874 3208 reddidit
906 3153 1128 3224 penitus
1148 3153 1499 3209 immobilem.

487 3246 626 3300 Eum
657 3244 751 3314 qui
782 3244 927 3315 ligna
956 3244 1253 3314 collegerat
1289 3243 1346 3298 in
1371 3242 1629 3307 Sabbato,
1658 3243 1803 3297 Deus
1823 3242 1988 3313 jussit

414 3336 574 3391 obrui
597 3335 874 3406 lapidibus
894 3336 960 3388 ⁸¹.
984 3335 1119 3389 Nam
1147 3334 1405 3405 quoniam
1425 3334 1633 3405 lignum
1656 3334 1878 3405 quidem
1903 3341 1989 3390 est

414 3426 735 3482 alimentum
764 3427 905 3497 ignis
936 3427 1175 3491 sensilis,
1230 3436 1517 3497 peccatum
1556 3438 1738 3482 autem
1769 3437 1855 3482 est
1882 3426 1988 3481 ali—

414 3529 659 3573 mentum
698 3517 841 3588 ignis
882 3517 1075 3575 :eterni
1106 3535 1118 3573 :
1158 3516 1228 3573 ab
1262 3532 1328 3572 eo
1366 3517 1460 3586 qui
1483 3533 1582 3587 per
1612 3517 1862 3571 divinum
1889 3517 1987 3571 ba-

415 3608 678 3679 ptismum
709 3617 806 3663 aut
832 3609 1227 3679 paenitentiam
1262 3608 1446 3665 fuerat
1473 3611 1530 3664 in
1551 3609 1738 3680 quiete
1762 3625 1792 3663 a
1831 3609 1992 3664 malis

415 3700 699 3771 operibus,
735 3708 794 3755 et
816 3701 872 3755 in
902 3699 1009 3755 hoc
1048 3710 1194 3755 statu
1232 3710 1453 3770 peccata
1483 3701 1855 3771 persequitur,
1886 3701 1992 3755 hoc

413 3802 723 3850 extremum
757 3792 935 3861 poscit
972 3793 1323 3862 supplicium,
1356 3792 1536 3862 utqui
1572 3803 1860 3862 postquam
1884 3791 1991 3848 fuit

416 3883 685 3955 liberatus
705 3898 735 3937 a
756 3881 1000 3952 pondere
1030 3883 1262 3951 peccati,
1293 3898 1352 3938 se
1386 3884 1438 3939 ei
1464 3898 1655 3939 rursus
1677 3898 1776 3938 sua
1797 3888 1991 3953 sponte

417 3974 691 4045 subjiciat.
726 3974 897 4029 Porro
918 3981 1102 4029 autem
1123 3972 1287 4044 jussit
1311 3974 1478 4029 etiam
1498 3989 1597 4043 per
1618 3988 1810 4028 vocem
1832 3972 1989 4029 lere-

417 4065 540 4120 miaa
556 4064 855 4135 prophetae,
878 4080 986 4119 non
1011 4065 1203 4121 tollere
1224 4079 1392 4120 onera
1412 4066 1466 4119 in
1491 4065 1582 4120 die
1601 4064 1986 4130 Sabbatorum,

417 4171 596 4226 neque
642 4170 780 4226 opus
815 4156 1015 4221 facere,
1060 4172 1241 4225 neque
1270 4156 1544 4225 proﬁcisci
1578 4164 1733 4211 extra
1763 4156 1990 4212 Jerusa-

417 4249 524 4303 lem
578 4249 645 4301 δ’.
687 4246 917 4317 Oportet
951 4248 1099 4302 enim
1127 4263 1223 4303 eos
1242 4249 1337 4318 qui
1361 4248 1706 4303 sabbatizaut
1735 4250 1993 4320 spiritua-

417 4337 564 4403 liter,
606 4353 719 4391 non
756 4337 950 4392 tollere
989 4352 1183 4393 rursus
1223 4338 1472 4407 pondera
1509 4341 1718 4409 peccati
1753 4360 1765 4395 :
1808 4357 1990 4413 neque

2091 1788 2278 1856 φορεῖν
2319 1784 2468 1855 αύτῷ
2519 1786 2617 1850 τὰς
2678 1786 2903 1857 πράξεις
2954 1785 3419 1857 ἀναγκαζόμενον,
3472 1786 3560 1841 τοῦ
3606 1787 3668 1841 δὲ

2091 1876 2427 1948 θεωρητικοῦ
2455 1877 2571 1940 νοὸς
2601 1879 2731 1941 παῖς
2761 1880 2899 1942 ἐστι,
2952 1876 3185 1946 λογικῶς
3228 1877 3669 1949 ύπηρετούμενον

2089 1971 2211 2033 ταῖς
2245 1970 2533 2037 ἐπιταγαῖς
2555 1967 2744 2023 αὐτοῦ.
2770 1968 2881 2022 Καὶ
2911 1967 3087 2040 τούτῳ
3115 1968 3173 2024 δὲ
3204 1968 3282 2039 τῷ
3310 1968 3392 2022 νοτ
3431 1968 3671 2037 κάκείνῳ

2090 2060 2369 2115 Σάϐϐατόν
2411 2062 2527 2114 ἐστι
2579 2060 2642 2114 τὸ
2679 2060 2854 2132 πέρας
2893 2059 3001 2114 τῶν
3037 2061 3445 2133 ἐνεργουμένων
3485 2063 3671 2125 αὐτοῖς

2092 2146 2271 2203 καλῶν
2302 2149 2446 2203 κατά
2469 2167 2529 2202 τε
2570 2148 2769 2220 πρᾶξιν
2800 2150 2894 2203 καὶ
2930 2150 3184 2221 θεωρίαν,
3236 2151 3336 2221 τὴν
3361 2151 3672 2222 πρόσφορον

2091 2240 2398 2294 ἀνάπαυσιν
2421 2241 2637 2310 ἑκάστῳ
2670 2241 2931 2311 παρέχον.
2959 2241 3235 2294 Σάϐϐατόν
3263 2243 3379 2295 ἐστι
3408 2242 3671 2313 μυστικὸν

2091 2332 2332 2403 ἀπραξία
2385 2331 2572 2386 παθῶν
2609 2332 2810 2397 τελεία,
2852 2332 2938 2386 διὰ
2980 2333 3078 2403 τῆς
3108 2334 3420 2404 πρακτικῆς
3456 2333 3674 2403 φιλοσο-

2092 2423 2221 2493 φίας
2251 2421 2676 2494 κατορθωθεῖσα.
2706 2422 2983 2476 Σάϐϐατόν
3007 2425 3152 2477 ἐστιν
3180 2422 3459 2497 ἐλευθερία
3490 2424 3672 2496 ψυχῆς

2091 2511 2316 2582 λογικῆς
2349 2513 2443 2566 καὶ
2468 2512 2637 2584 αὐτὴν
2654 2512 3032 2583 ἀποϐαλούσης
3057 2513 3155 2585 τὴν
3181 2513 3315 2584 πρὸς
3340 2513 3407 2567 τά
3430 2514 3671 2587 αἰσθητὰ

2092 2605 2327 2677 φυσικὴν
2380 2605 2681 2677 ἐνέργειαν,
2714 2603 2804 2658 διὰ
2855 2604 2955 2676 τῆς
3001 2608 3059 2658 ἐν
3109 2605 3379 2675 πνεύματι
3436 2608 3673 2679 φυσικῆς

2092 2695 2345 2770 θεωρίας.
2378 2696 2634 2750 Σάϐϐατα
2664 2695 2959 2749 Σαϐϐάτων
3008 2698 3155 2752 ἐστὶν
3187 2700 3392 2772 ἠρεμία
3428 2717 3676 2770 πνευμηο

2090 2789 2217 2858 τικὴ
2248 2788 2446 2859 ψυχῆς,
2481 2788 2571 2841 τὸν
2614 2787 2738 2842 νοῦν
2794 2789 3175 2859 συστειλάσης,
3218 2793 3313 2846 καὶ
3350 2794 3445 2846 ἀπ’
3490 2793 3674 2847 αὐτῶν

2092 2877 2309 2931 πάντων
2336 2879 2443 2933 τῶν
2470 2881 2528 2932 ἐν
2576 2882 2690 2944 τοῖς
2732 2876 2851 2934 οῦσι
2893 2881 3180 2955 θειοτέρων
3212 2883 3409 2953 λόγων,
3449 2885 3545 2939 καὶ
3575 2883 3674 2955 μό-

2092 2987 2167 3041 νῳ
2202 2970 2280 3041 τῷ
2308 2969 2428 3041 Θεῴ
2478 2970 2600 3024 κατ’
2652 2973 2922 3043 ἐρωτικὴν
2971 2972 3227 3029 ἔκστασιν
3258 2975 3454 3040 ὑλικῶς
3507 2976 3674 3030 αὐτὸν

2091 3061 2412 3132 ἐνδησάσης,
2462 3063 2559 3116 καὶ
2609 3062 2889 3127 παντελῶς
2926 3064 3328 3136 ἀμετακίνητον
3359 3067 3546 3122 τοῦτον
3572 3068 3674 3122 ἀπ’

2089 3154 2298 3207 ἐκείνου
2329 3154 2413 3207 διὰ
2449 3155 2548 3225 τῆς
2574 3156 2840 3226 μυστικῆς
2871 3156 3145 3227 θεολογίας
3171 3160 3493 3230 ποιησάσης.

2161 3246 2265 3298 Τὸν
2314 3248 2371 3299 ἐν
2413 3246 2676 3318 Σαϐϐάτῳ
2722 3246 3049 3316 συλλέγοντα
3096 3249 3229 3316 ξύλα
3260 3251 3596 3305 λιθόλευστον
3642 3254 3673 3306 ὀ

2090 3335 2222 3399 Θεὸς
2274 3337 2532 3405 γενέσθαι
2582 3337 3107 3408 προσέταξεν.Ἐπεὶ
3144 3339 3252 3413 γὰρ
3275 3341 3337 3396 τό
3368 3342 3526 3409 ξύλον
3571 3343 3672 3412 μὲν

2089 3427 2264 3500 τροφὴ
2306 3427 2402 3480 τοῦ
2459 3428 2717 3499 αἰσθητοῦ
2764 3427 2970 3500 πυρὸς,
3019 3433 3051 3502 ἡ
3100 3432 3157 3485 δὲ
3204 3433 3446 3504 ἁμαρτία
3497 3434 3673 3506 τροφὴ

2090 3519 2184 3573 τοῦ
2214 3520 2433 3575 αἰωνίου
2486 3520 2680 3592 πυρός’
2734 3522 2826 3575 τὸν
2878 3523 2935 3576 ἐν
2983 3525 3325 3578 καταπαύσει
3353 3523 3463 3578 τῶν
3502 3542 3670 3596 πονη-

2094 3610 2205 3683 ρῶν
2239 3610 2415 3681 ἔργων
2440 3612 2750 3682 γενόμενον,
2782 3612 2870 3666 διὰ
2908 3613 3000 3666 τοῦ
3055 3613 3198 3667 θείου
3231 3613 3606 3685 βαπτίσματος
3634 3615 3669 3685 ἢ

2092 3703 2193 3772 τῆς
2218 3702 2526 3772 μετανοίας,
2556 3702 2650 3756 καὶ⁹
2668 3704 2725 3755 ἐν
2745 3705 2811 3774 τῇ
2835 3703 3168 3773 καταστάσει
3198 3703 3370 3775 ταύτῃ
3396 3704 3465 3757 τὰ
3491 3705 3670 3774 ἀμαρ-

2091 3795 2316 3863 τήματα
2347 3794 2766 3865 μετερχόμενον,
2803 3794 2903 3864 τὴν
2938 3795 3172 3865 ἐσχάτην
3222 3793 3422 3863 ταύτην
3455 3795 3673 3849 ἀπαιτεῖ

2092 3885 2267 3953 δίκην,
2301 3884 2377 3949 ὡς
2432 3885 2568 3955 μετὰ
2625 3885 2686 3937 τὸ
2745 3884 3121 3955 ἀπαλλαγῆναι
3178 3886 3271 3939 τοῦ
3332 3885 3531 3957 βάρους
3575 3888 3672 3957 τῆς

2092 3975 2405 4044 ἁμαρτίας,
2468 3970 2625 4036 αὖθις
2672 3974 2812 4045 αὐτῇ
2867 3973 3318 4044 καθυπαγόμενον
3388 3975 3666 4040 ἑκουσίως.

2108 4065 2436 4119 Ἐνετείλατο
2487 4064 2543 4118 δὲ
2599 4065 2694 4118 καὶ
2724 4064 2812 4119 διὰ
2843 4068 3027 4135 φωνῆς
3070 4065 3352 4136 Ἰερεμίου,
3391 4066 3465 4136 μὴ
3494 4066 3675 4137 αἴρειν

2096 4155 2459 4226 βαστάγματα
2486 4157 2542 4208 ἐν
2563 4159 2629 4227 τῇ
2658 4156 2840 4228 ἡμέρᾳ
2859 4156 2968 4209 τῶν
2992 4156 3307 4219 Σαϐϐάτων,
3335 4157 3469 4228 μηδὲ
3496 4162 3673 4211 ποιεῖν

2094 4244 2276 4316 ἔργον,
2313 4245 2447 4317 μηδὲ
2476 4245 2871 4317 ἐκπορεύεσθαι
2904 4245 2964 4310 ἐξ
3001 4246 3379 4318 Ἰερουσαλήμ.
3411 4248 3533 4319 Χρὴ
3562 4249 3673 4320 γάρ

2095 4338 2220 4400 τοὺς
2266 4336 2651 4408 πνευματικῶς
2701 4335 3125 4399 σαϐϐατίζοντας
3170 4335 3244 4407 μὴ
3287 4336 3450 4389 πάλιν
3497 4338 3672 4408 αἴρειν

417 4430 618 4483 malum
645 4445 784 4499 opus
804 4428 1006 4495 facere,
1028 4444 1207 4499 neque
1234 4429 1366 4484 ferri
1388 4440 1541 4486 extra
1561 4434 1987 4491 saeratissimam

2095 4426 2233 4498 βάρη
2265 4427 2561 4500 ἁμαρτίας,
2600 4427 2677 4499 μὴ
2725 4426 2780 4480 δὲ
2822 4429 2995 4482 ποιεῖν
3044 4427 3205 4499 ἔργον
3255 4428 3510 4499 πονηρόν·
3543 4429 3669 4499 μηδ’

415 4519 674 4590 piamque
721 4534 785 4573 ac
834 4518 1147 4589 religiosam
1192 4519 1320 4574 vitae
1367 4521 1787 4581 institutionem.
1831 4526 1990 4592 Quod

418 4619 601 4665 autem
634 4609 842 4664 malum
869 4624 1007 4680 opus
1031 4610 1399 4680 prohibuerit,
1424 4622 1510 4669 est
1536 4616 1888 4686 perspicuum
1923 4632 1992 4671 ex

420 4712 488 4751 eo
522 4698 670 4767 quod
699 4698 1014 4754 sacerdotes
1047 4698 1104 4753 in
1143 4698 1383 4757 Sabbata
1418 4711 1475 4757 et
1497 4713 1737 4759 mactent
1758 4705 1988 4769 hostias,

420 4794 478 4843 et
496 4802 692 4843 carnes
712 4788 1067 4855 distribuant,
1090 4798 1148 4845 et
1185 4791 1599 4859 circumcidant,
1621 4805 1678 4850 et
1700 4795 1883 4850 omnia
1906 4795 1991 4850 fa-

418 4876 567 4932 ciant
604 4893 725 4947 quae
755 4878 1036 4948 pertinent
1059 4879 1128 4935 ad
1149 4880 1246 4936 Dei
1277 4882 1507 4937 cultum.
1539 4884 1659 4938 Jam
1682 4900 1815 4940 vero
1836 4885 1997 4942 Jesus

417 4984 637 5040 quoque
650 4971 798 5025 Nave
809 4971 902 5040 qui
919 4970 975 5025 in
992 4967 1229 5028 sabbato
1248 4974 1474 5030 obsedit‘
1485 4973 1705 5030 Iericho
1722 4975 1789 5041 ⁸³,
1814 4978 1996 5049 typice

417 5058 720 5116 declaravit
755 5060 904 5130 quod
939 5069 1158 5131 oportet
1189 5077 1286 5118 eos
1321 5063 1415 5133 qui
1442 5062 1786 5119 sabbatizant
1825 5065 1992 5136 spiri-

420 5150 676 5217 tualitcr,
729 5150 948 5207 fortiter
996 5167 1056 5208 se
1103 5146 1297 5224 gerere
1340 5152 1603 5208 adversus
1647 5154 1990 5215 adversarios

421 5241 717 5298 daemones.

489 5331 663 5386 Porro
700 5340 885 5387 autem
929 5332 988 5389 in
1030 5334 1458 5390 Denteronomio
1502 5349 1718 5404 quoque
1756 5336 1892 5392 dixit
1913 5338 1994 5392 lo-

422 5435 597 5489 quens
633 5422 703 5477 de
734 5436 896 5479 servo
927 5424 1157 5481 Hebraeo
1205 5432 1263 5479 et
1298 5424 1527 5480 Hebraea
1568 5426 1823 5483 venditis.
1883 5447 1901 5480 ι
1932 5428 1993 5483 In

420 5527 567 5567 anno
610 5524 792 5570 autem
844 5516 1080 5588 septimo
1120 5515 1338 5571 emittes
1376 5531 1503 5572 eum
1553 5516 1822 5584 liberum,
1880 5535 1992 5574 non

491 5669 541 5705 δ’
567 5670 737 5727 Exod.
760 5688 849 5732 xx.
880 5672 965 5728 10.
1044 5668 1390 5740 3‘-Num-xv,
1430 5673 1619 5729 52-55.

2092 4517 2199 4581 ἔξω
2230 4517 2327 4588 τῆς
2362 4517 2663 4588 ἱερωτάτης
2711 4516 2806 4570 καὶ
2851 4517 3133 4581 θεοσεϐοῦς
3186 4518 3461 4582 πολιτείας
3506 4520 3670 4591 φέρε-

2094 4609 2237 4662 σθαι.
2273 4610 2395 4661 Ὅτι
2432 4608 2489 4661 δὲ
2534 4608 2594 4661 τὸ
2634 4625 2767 4676 πονη
2779 4608 2866 4677 ρον
2896 4606 3054 4679 ἔργον
3082 4606 3352 4674 ἐκώλυσε,
3383 4609 3540 4677 δῆλον
3565 4609 3672 4662 άπδ

2092 4696 2186 4751 τοῦ
2209 4700 2335 4762 τοὺς
2367 4700 2531 4770 ἱερεῖς
2569 4700 2625 4750 ἐν
2669 4698 2933 4769 Σαϐϐάτῳ
2979 4699 3071 4754 καὶ
3124 4701 3442 4770 σφαγιάζειν
3472 4702 3541 4753 τά
3574 4700 3671 4753 θύ-

2095 4807 2262 4860 ματα,
2310 4789 2404 4842 καὶ
2435 4792 2778 4861 κρεανομεῖν,
2810 4790 2903 4842 καὶ
2938 4791 3305 4862 περιτέμνειν,
3351 4791 3445 4846 καί¹
3494 4793 3671 4847 πάντα

2095 4880 2447 4952 ἐργάζεσθαι,
2495 4880 2593 4932 ὅσα
2626 4879 2761 4950 πρὸς
2795 4881 3091 4953 θεραπείαν
3124 4883 3278 4937 Θεοῦ.
3309 4883 3423 4937 Καὶ
3464 4884 3671 4952 Ἰησοῦς

2093 4972 2151 5025 δὲ
2174 4974 2201 5025 ὁ
2232 4970 2326 5023 τοῦ
2360 4971 2515 5041 Ναυῆ
2548 4972 2605 5024 ἐν
2637 4971 2899 5044 Σαϐϐάτῳ
2921 4974 3017 5043 τὴν
3052 4972 3263 5047 Ἰεριχὰξ
3283 4975 3668 5047 πολιορκήσας,

2096 5060 2451 5115 ὑπετύπωσεν
2487 5062 2568 5116 ὅτι
2597 5064 2864 5134 προσήκει
2893 5066 3005 5127 τοῖς
3038 5064 3422 5135 πνευματικῶς
3459 5065 3669 5120 σαϐϐα-

2092 5154 2329 5220 τίζουσιν
2378 5155 2724 5226 ἀνδρίζεσθαι
2772 5156 2915 5210 κατά
2956 5157 3070 5211 τῶν
3114 5156 3506 5228 ἀντικειμένων
3552 5157 3673 5212 batt-

2102 5245 2296 5314 μόνων.
3755 5311 3765 5320 _

2172 5336 2283 5390 Καὶ
2317 5338 2374 5391 ἐν
2400 5336 2478 5408 τῷ
2507 5338 2911 5409 Δευτερονομίῳ
2936 5338 2994 5392 δὲ
3025 5340 3152 5410 περὶ
3197 5337 3385 5403 παιδὸς
3420 5337 3674 5410 Ἐϐραίου

2100 5428 2196 5480 καὶ
2249 5427 2505 5498 Ἐϐραίας
2550 5429 2917 5500 πεπραμένων
2975 5429 3382 5502 διαλεγόμενος,
3428 5429 3652 5502 εἴρηκεν

2108 5539 2126 5569 ι
2177 5519 2266 5572 Ἐν
2295 5518 2355 5572 δὲ
2380 5519 2457 5589 τῷ
2499 5520 2712 5590 ἑϐδόμῳ
2754 5521 2864 5575 ἔτει
2908 5520 3282 5592 ἐξαποστελεὶς
3328 5526 3512 5592 αὐτὸν,
3554 5506 3668 5584 ὀὐκ

1693 5676 1737 5708 ¹¹²
1774 5675 1975 5731 Jcrem.
2006 5690 2136 5736 xvn,
2168 5674 2259 5742 21,
2287 5674 2374 5730 22.
2455 5677 2501 5710 ⁸³
2528 5676 2692 5734 Iosue
2716 5692 2792 5743 v1,
2814 5675 2841 5731 l
2868 5690 3020 5747 seqq.
