4076 6450
467 443 604 498 1’233

1671 447 1730 503 S.
1770 449 2044 506 CYRILLI
2083 450 2162 506 ΕἸ
2211 449 2522 508 ALIOMUM

3581 443 3722 494 1264

462 555 598 611 dicit
633 553 988 610 incﬂ'a-biliter
1009 557 1332 628 mysterium
1363 575 1474 629 quo
1496 573 1716 632 semper
1746 563 1889 620 bene
1910 575 2039 620 sunt

2157 564 2327 626 Ξντων,
2358 564 2614 634 ἀρρήιως
2665 563 2960 634 μυστήριον
3003 557 3352 628 ὑπαγορεύει.
3391 552 3723 623 Παρασκευὴ

461 665 525 706 ea
555 664 677 719 qua:
709 657 859 703 sunt.
898 648 1099 706 Sextus
1130 649 1249 708 dies
1277 651 1485 707 dicitur
1518 653 1837 722 Paraseeve,
1867 657 1923 711 id
1955 664 2040 712 est

460 740 807 812 praeparatio,
834 741 1098 810 quoniam
1123 741 1180 796 in
1205 758 1272 798 eo
1300 744 1369 798 ad
1397 743 1697 800 Sabbatum
1729 763 2041 818 praeparan—

461 842 551 886 tur
577 832 773 888 Judaei.
800 833 932 888 Erat
960 843 1146 888 autem
1173 843 1336 906 typus
1363 837 1490 890 vita:
1519 839 1823 907 praesentis,
1851 839 1907 894 in
1933 854 2041 909 qua

459 938 834 993 praeparamur
873 924 942 979 ad
994 924 1269 991 futuram,
1318 943 1442 996 qua:
1478 939 1564 984 est
1614 931 1773 999 quies
1811 946 2040 1002 operum

459 1029 582 1084 quae
606 1014 745 1070 ﬁunt
769 1015 826 1069 in
849 1017 1126 1085 praesenti.
1159 1017 1276 1072 Illic
1297 1020 1445 1074 enim
1477 1021 1616 1076 nihil
1645 1021 1706 1075 lit
1733 1037 1799 1077 ex
1822 1023 1891 1078 iis
1919 1039 2042 1093 qua:

459 1120 660 1177 magno
711 1105 894 1162 studio
952 1107 1045 1163 hic
1090 1118 1376 1179 geruntur.
1418 1111 1488 1166 Et
1517 1114 1796 1183 quomodo
1826 1115 2041 1171 Hebraei

460 1211 662 1249 manna
709 1197 856 1266 quod
899 1199 1258 1270 colligebatur
1296 1202 1350 1255 in
1375 1201 1674 1260 Parasceve
1700 1205 1896 1274 partim
1921 1207 2044 1276 qui-

462 1288 589 1343 dem
612 1304 680 1344 eo
705 1289 796 1346 die
815 1292 1203 1359 vescebantur,
1224 1294 1423 1364 partim
1447 1305 1631 1352 autem
1659 1299 1892 1368 septimo
1925 1319 1938 1353 :
1965 1299 2042 1354 ita

463 1397 566 1437 nos
602 1397 822 1453 quoque
860 1385 1238 1454 spiritualibus
1266 1403 1388 1458 quae
1421 1389 1514 1444 hic
1546 1390 1882 1462 colliguntur
1907 1408 2042 1464 ope-

462 1474 640 1539 ribus,
665 1477 864 1545 partim
886 1477 1112 1546 quidem
1139 1478 1251 1544 hic,
1275 1482 1471 1550 partim
1489 1497 1622 1538 vero
1639 1483 1754 1539 illic
1771 1483 2040 1541 fruemur.

463 1563 782 1621 Sabbatizat
815 1576 998 1623 autem
1032 1569 1394 1640 spiritualiter
1413 1573 1508 1642 qui
1539 1574 1652 1628 Deo
1682 1576 1892 1632 servire
1921 1592 2044 1647 per-

464 1665 701 1722 severat,
737 1665 795 1712 et
825 1660 1000 1714 otium
1024 1662 1137 1732 agit
1188 1663 1257 1718 ab
1302 1664 1566 1734 operibus
1615 1683 1739 1738 qua:
1787 1669 1856 1724 ad
1902 1670 2044 1726 hanc

463 1746 628 1802 vitam
661 1750 963 1818 pertinent,
989 1762 1045 1807 et
1081 1764 1334 1811 versatur
1372 1755 1429 1810 in
1462 1757 1862 1827 spiritualibus.

552 1860 630 1915 De
666 1861 927 1918 Paccium:
964 1869 1170 1922 minuta
1208 1885 1301 1938 per
1339 1880 1517 1940 partes
1555 1873 1948 1945 contemplatio.

533 1970 594 2024 lu
646 1972 922 2044 principio
969 1977 1098 2030 anni
1149 1976 1584 2046 prteﬁniebatur,
1638 1991 1695 2036 et
1759 1983 1814 2037 in
1866 1985 2044 2053 primo

463 2075 671 2127 mense,
714 2071 932 2135 tempus
977 2067 1232 2123 sacriﬁcii
1283 2069 1363 2135 ⁸⁷,
1405 2073 1665 2142 quoniam
1712 2073 2044 2145 principium

463 2153 732 2221 omnium,
781 2166 838 2212 et
878 2158 934 2212 in
983 2161 1260 2232 principio
1305 2163 1574 2229 omnium,
1610 2172 1670 2221 et
1699 2175 1826 2220 ante
1862 2169 2046 2222 omnia

463 2243 717 2302 Christus
739 2248 886 2317 quod
909 2251 1107 2306 attinet
1143 2252 1210 2308 ad
1241 2254 1609 2312 divinitatem.
1633 2256 1694 2312 Id
1721 2266 1904 2314 autem
1927 2248 2048 2332 lege

472 2339 752 2395 constituit
771 2341 1034 2398 lsraelitis
1061 2359 1186 2399 cum
1213 2345 1395 2402 adhuc
1412 2358 1598 2405 essent
1627 2351 1795 2419 servi,
1831 2353 2048 2409 etiamsi

464 2444 585 2483 eam
620 2430 798 2500 legem
829 2447 1024 2488 rursus
1053 2444 1285 2504 repetat.
1319 2435 1508 2507 Neque
1544 2439 1694 2494 enim
1722 2439 1842 2494 fieri
1867 2449 2050 2512 potest

464 2519 627 2576 aliter
662 2530 726 2576 ut
763 2524 908 2578 servi
942 2526 1150 2594 peccati
1180 2527 1445 2598 effugiant
1481 2530 1827 2600 tyrannidem
1850 2532 2051 2589 daemo«

464 2629 622 2679 num,
663 2615 773 2669 nisi
812 2631 910 2685 per
953 2616 1158 2672 Christi
1196 2619 1676 2691 participationem
1711 2629 1768 2677 et
1806 2638 2051 2679 commu-

466 2704 691 2761 nionem
723 2707 842 2762 veri
887 2709 1011 2779 agni
1046 2709 1143 2779 qui
1180 2711 1327 2765 tollit
1362 2721 1648 2782 peccatum
1699 2715 1915 2770 mundi.
1941 2715 2050 2772 Ae-

468 2793 675 2867 eipilur
704 2805 887 2852 autem
915 2799 1055 2865 ovis,
1083 2815 1198 2855 non
1229 2800 1284 2854 in
1311 2802 1493 2871 primo
1516 2803 1604 2858 die
1629 2805 1856 2870 mensis,
1877 2805 1972 2861 sed
1996 2806 2050 2862 in

469 2889 706 2944 decimo.
744 2888 993 2946 Fuerunt
1035 2891 1187 2946 enim
1231 2894 1404 2948 multa
1450 2896 1649 2950 saecula
1693 2906 1819 2952 ante
1859 2897 2052 2952 mundi

470 2978 945 3045 constitutionem,
981 2981 1039 3036 in
1081 2981 1289 3052 quibus
1323 2981 1579 3038 Christus
1602 2994 1724 3040 erat
1758 2984 1814 3038 in
1845 2984 2051 3040 divini-

472 3077 605 3133 tate,
630 3069 908 3138 quomodo
934 3070 1104 3126 etiam
1128 3079 1258 3125 sunt
1278 3071 1439 3128 multi
1463 3073 1582 3128 dies
1605 3082 1731 3128 ante
1754 3075 2049 3132 decimum.

469 3156 841 3214 Conservatur
885 3169 1070 3216 autem
1119 3175 1294 3230 usque
1340 3161 1408 3216 ad
1448 3161 1722 3218 decimum
1770 3173 2051 3235 quartum,

2145 653 2360 721 λέγεται
2406 654 2438 722 ἡ
2466 653 2598 722 ἕκτη
2624 652 2828 722 ἡμέρα,
2860 652 2996 705 διότι
3023 651 3080 702 ὲν
3108 648 3246 716 αὐτῇ
3277 643 3728 714 παρασκευάζον-

2140 760 2230 796 ται
2275 743 2410 814 πρδς
2447 743 2508 795 τὸ
2562 743 2837 797 Σάϐϐατον
2878 741 3138 796 Ἰουδαῖοι.
3188 734 3296 791 Ἦν
3335 735 3392 789 δὲ
3425 733 3594 797 τύπος
3629 730 3726 786 τοῦ

2143 835 2410 905 παρόντος
2438 835 2576 904 βίου,
2605 836 2663 887 ὲν
2685 828 2728 902 ᾧ
2758 830 3292 906 παρασκευαζόμεθα
3318 827 3455 898 πρὸς
3479 829 3572 878 τὸν
3601 825 3728 895 μέλ-

2141 927 2324 986 λοντα,
2356 925 2696 980 κατάπαυσιν
2725 925 2852 980 ὅντα
2879 925 2986 978 τῶν
3022 925 3080 977 ὲν
3119 923 3200 993 τῷ
3237 920 3466 990 παρόντι
3506 915 3726 984 γινομέ-

2143 1034 2248 1071 νων
2284 1017 2481 1088 ἒργων.
2555 1017 2702 1071 Ἐκεῖ
2739 1016 2849 1088 γὰρ
2901 1015 3056 1069 οὐδὲν
3079 1013 3190 1067 τῶν
3221 1005 3323 1066 ὧδε
3349 1007 3725 1077 σπουδαζομέ-

2143 1125 2248 1162 νων
2303 1107 2654 1162 ἐπιτελεῖται.
2697 1107 2809 1161 Καὶ
2850 1105 3104 1176 καθάπερ
3158 1102 3398 1173 Ἑϐραῖοι
3441 1097 3537 1152 τοῦ
3584 1095 3730 1151 κατὰ

2141 1201 2242 1270 τὴν
2280 1199 2646 1273 Παρασκευὴν
2698 1197 3072 1270 συναγομένου
3121 1197 3296 1267 μάννα
3334 1193 3397 1246 τὸ
3446 1191 3545 1261 μὲν
3585 1188 3730 1242 κατὰ

2141 1291 2239 1360 τὴν
2263 1290 2476 1362 ἡμέραν
2504 1290 2710 1360 ταύτην
2740 1288 2947 1359 ἡσθιον,
2981 1286 3043 1340 τὸ
3085 1285 3140 1339 δὲ
3169 1283 3310 1338 κατὰ
3338 1281 3436 1352 τὴν
3467 1277 3725 1348 ἑϐδόμην·

2142 1381 2284 1436 οὕτω
2309 1383 2402 1435 καὶ
2428 1382 2590 1453 ἡμεῖς
2617 1380 2724 1434 τῶν
2753 1378 2986 1433 ἐνταῦθα
3011 1375 3391 1444 συναγομένων
3430 1384 3731 1438 πνευματι-

2145 1474 2256 1528 κῶν
2283 1473 2480 1544 έργων,
2513 1473 2624 1526 τῶν
2668 1473 2767 1543 μὲν
2794 1470 3051 1532 ἐνταῦθα,
3084 1468 3195 1522 τῶν
3239 1466 3294 1519 δὲ
3329 1466 3448 1517 ἐκεῖ
3485 1459 3729 1516 ἀπολαύ-

2146 1582 2333 1636 σομεν.
2366 1564 2693 1629 Σαϐϐατίζει
2721 1563 2778 1616 δὲ
2817 1558 3204 1632 πνευματικῶς
3229 1561 3258 1612 6
3297 1548 3730 1627 προσκαρτερῶν

2143 1655 2221 1725 τῷ
2255 1654 2396 1726 Θεῷ,
2420 1656 2514 1709 καὶ
2544 1653 2740 1725 σχολὴν
2770 1653 2920 1722 ἄγων
2948 1652 3056 1706 ἀπὸ
3083 1650 3194 1703 τῶν
3226 1646 3496 1718 βιωτικῶν
3527 1643 3728 1714 έργων,

2147 1748 2241 1801 καὶ
2265 1749 2380 1811 τοῖς
2405 1746 2801 1816 πνευματικοῖς
2829 1741 3120 1816 ὲνασχολού
3129 1757 3309 1810 μενος.

2331 1858 2467 1927 Περὶ
2504 1857 2610 1911 τοῦ
2660 1855 2877 1925 Πάσχα
2904 1851 3276 1921 λεπτομερὴς
3322 1846 3551 1914 θεωρία.

2229 1970 2318 2024 Ἐν
2371 1970 2515 2040 ἀρχῇ
2545 1966 2639 2021 τοῦ
2680 1967 2834 2031 ἔτους
2879 1964 3130 2036 ὡρίζετο,
3179 1961 3274 2016 καὶ
3320 1961 3378 2013 ὲν
3413 1957 3492 2029 τῷ
3533 1955 3734 2026 πρώτῳ

2150 2064 2301 2134 μηνί,
2331 2062 2432 2134 τῆς
2464 2061 2775 2133 ἱερουργίας
2796 2061 2823 2114 6
2855 2058 3068 2130 καιρὸς,
3097 2058 3181 2110 ὅτι
3212 2053 3355 2125 ἁρχὴ
3373 2051 3612 2114 πάντων,
3637 2048 3735 2101 καί

2147 2157 2205 2209 ὲν
2227 2157 2370 2226 ἀρχῇ
2405 2154 2624 2207 πάντων
2653 2152 2746 2207 καὶ
2771 2150 2879 2222 πρὸ
2904 2150 3124 2203 πάντων
3141 2149 3170 2200 6
3195 2143 3428 2218 Χριστὸς
3463 2141 3606 2194 κατὰ
3629 2140 3732 2208 τὴν

2148 2246 2394 2316 θεότητα.
2449 2244 2669 2307 Δούλοις
2726 2243 2785 2296 δὲ
2841 2234 2992 2295 οὖσιν
3053 2238 3134 2292 ἔτι
3192 2237 3305 2299 τοῖς
3369 2230 3736 2316 Ἰσραηλίταις

2147 2340 2256 2395 τῶν
2294 2315 2614 2408 Αἰγυπτίων
2645 2335 2804 2390 τοῦτο
2826 2332 3266 2404 νενομοθέτηται,
3290 2327 3339 2380 εἰ
3365 2324 3458 2378 καὶ
3471 2322 3567 2375 νῦν
3578 2315 3733 2399 ator;

2149 2429 2595 2500 ὲπαναλαμϐάνει
2610 2427 2708 2500 τὴν
2731 2443 2799 2479 πε
2807 2427 2862 2497 pi.
2885 2423 3074 2477 τούτου
3093 2417 3434 2490 νομοθεσίαν.
3453 2411 3604 2482 Μηδὲ
3625 2411 3736 2479 γὰρ

2149 2525 2214 2578 ἂν
2242 2524 2414 2587 άλλως
2442 2519 2701 2575 δύνασθαι
2722 2517 2849 2581 τοὺς
2877 2516 3096 2578 δούλους
3127 2513 3228 2582 τῆς
3243 2505 3518 2603 ἁμαρτίας
3538 2504 3735 2603 διαφυῐ

2151 2619 2266 2686 γεῖν
2308 2615 2408 2686 τὴν
2446 2611 2739 2685 τυραννίδα
2778 2609 2887 2664 τῶν
2907 2600 3386 2696 δαιμόνων,ᾲείᾼμη
3414 2598 3505 2696 διά
3520 2597 3620 2696 τῆς
3639 2597 3735 2696 τού

2151 2707 2390 2780 Χριστοῦ
2428 2703 2718 2777 μετουσίας
2737 2701 2832 2756 καὶ
2847 2694 3234 2761 κοινωνίαςτοῦ
3253 2689 3506 2764 ἀληθινοῦ
3535 2689 3734 2780 άμνοῦ,

2151 2778 2245 2854 τοῦ
2280 2797 2528 2868 αἴροντος
2561 2794 2662 2866 τὴν
2686 2790 2965 2863 ἁμαρτίαν
2992 2785 3088 2841 τοῦ
3119 2786 3350 2856 κόσμου.
3385 2778 3738 2868 Λαμϐάνεται

2151 2891 2209 2945 δὲ
2234 2890 2294 2944 τὸ
2327 2867 2620 2960 πρόϐατον,
2648 2884 2750 2937 οὐκ
2783 2883 2842 2934 ὲν
2871 2883 2938 2951 τῇ
2971 2877 3165 2951 πρώτῃ
3193 2874 3299 2948 ἡμέ
3313 2889 3380 2944 pq.
3414 2870 3507 2960 τού
3546 2867 3735 2960 μηνὸς,

2153 2981 2268 3036 ἀλλ’
2300 2982 2358 3032 ὲν
2377 2957 2444 3050 τῇ
2465 2976 2686 3046 δεκάτῃ.
2713 2971 2905 3025 Πολλοὶ
2931 2971 3039 3040 γάρ
3068 2985 3212 3030 τινες
3243 2965 3439 3027 αἰῶνες
3465 2957 3604 3034 ἦσαν
3632 2958 3742 3028 πρδ

2152 3078 2253 3144 τῆς
2287 3072 2381 3126 τοῦ
2426 3071 2633 3140 κόσμου
2663 3065 2994 3135 καταϐολῆς,
3022 3062 3145 3116 καθ’
3170 3060 3266 3125 οὓς
3316 3053 3386 3130 ἦν
3432 3059 3460 3110 6
3507 3054 3742 3126 Χριστὸς

2155 3169 2220 3238 τῇ
2258 3165 2494 3234 θεότητι,
2535 3160 2723 3230 ὥσπερ
2766 3158 2861 3212 καὶ
2901 3155 3093 3209 πολλαὶ
3123 3153 3327 3224 ἡμέραι
3359 3149 3485 3228 πρὸ.
3509 3148 3608 3217 τῆς
3657 3146 3743 3198 δε-

469 3256 696 3318 propter
741 3250 989 3321 quinque
1044 3260 1292 3320 tempora
1334 3261 1648 3307 nostrorum
1705 3256 2050 3311 saaculorum.

2161 3258 2353 3327 κάτης.
2393 3253 2742 3323 Διατηρεῖται
2764 3249 2822 3304 δὲ
2852 3247 3014 3319 μέχρι
3049 3247 3148 3314 τῆς
3181 3244 3240 3296 ιδ’
3275 3241 3363 3295 διὰ
3398 3241 3526 3302 τοὺς
3558 3243 3595 3291 ε’
3626 3253 3744 3290 καιο

470 3337 607 3395 Nam
639 3340 878 3411 primum
907 3343 1129 3412 quidem
1165 3342 1269 3398 fuit
1298 3343 1353 3397 in
1392 3358 1503 3414 quo
1537 3345 1845 3404 eratAdam
1872 3348 1928 3402 in
1952 3365 2050 3418 pa-

471 3433 679 3489 radiso.
704 3435 1019 3490 Secundum
1045 3444 1226 3491 autem
1250 3437 1328 3509 (in
1352 3453 1462 3509 quo
1484 3439 1624 3510 erat)
1649 3439 1782 3495 Noe.
1806 3438 2053 3497 Tertium

472 3531 660 3581 autem
703 3528 762 3581 in
802 3538 914 3598 quo
936 3536 1053 3584 erat
1082 3529 1378 3585 Abraham.
1407 3530 1674 3598 Quartum
1698 3547 1833 3588 vero
1864 3533 1919 3588 in
1946 3549 2056 3606 quo

385 3615 390 3621 “
474 3614 687 3689 Moyses
713 3627 769 3673 et
798 3619 1101 3689 prophetae.
1131 3619 1393 3687 Quintum
1426 3631 1631 3687 autem,
1665 3623 1722 3678 in
1759 3639 1870 3695 quo
1892 3622 2056 3678 Chri-

475 3714 596 3761 stus
632 3706 811 3762 factus
841 3716 926 3763 est
953 3709 1142 3765 homo.
1181 3709 1296 3764 Hoc
1325 3718 1508 3766 autem
1533 3722 1750 3783 tempus
1777 3713 1940 3768 tacite
1970 3713 2056 3767 in-

474 3797 601 3851 nuit
619 3797 785 3852 etiam
806 3797 939 3854 illud
965 3817 978 3854 :
1007 3801 1198 3871 quinta
1221 3811 1402 3858 autem
1423 3804 1778 3875 generatione
1801 3805 2061 3860 ascende-

477 3897 612 3943 runt
651 3888 746 3944 lilii
782 3890 948 3948 lsrael
971 3909 1038 3948 ex
1069 3893 1322 3967 .lEgypto.
1360 3896 1420 3949 ln
1459 3910 1526 3950 eo
1552 3896 1701 3950 enim
1725 3895 1867 3951 facta
1888 3906 1971 3951 est
1989 3897 2060 3950 li-

479 3978 696 4038 ber‘atio
741 3987 1059 4042 aservitute
1110 3989 1419 4044 dmmonum
1476 3998 1532 4043 et
1596 3990 1877 4044 vitiorum.
1936 3991 2063 4046 Haec

480 4071 724 4143 quinque
781 4082 1026 4146 tempora
1078 4075 1353 4142 nonnihil,
1398 4085 1460 4130 ut
1516 4075 1736 4146 opinor,
1791 4075 2062 4146 signiﬁcat

479 4163 645 4218 etiam
666 4165 926 4234 parabola
943 4166 1065 4237 ejus
1084 4162 1176 4236 qui
1195 4166 1455 4222 conducit
1469 4165 1756 4236 operarios
1772 4165 1827 4219 in
1845 4165 2061 4222 vineam

479 4269 658 4321 suam,
702 4269 940 4326 quorum
983 4259 1127 4313 alius
1163 4257 1388 4328 quidem
1431 4257 1567 4313 exiit
1608 4257 1875 4326 diluculo,
1924 4260 2064 4314 alter

479 4357 612 4401 vero
643 4347 792 4402 circa
822 4347 1016 4402 horam
1036 4347 1277 4414 tertiam,
1309 4349 1450 4403 alius
1475 4349 1619 4404 circa
1642 4357 1870 4415 sextam,
1923 4351 2065 4406 alius

480 4438 628 4494 eirea
659 4453 885 4504 nonam,
923 4435 1066 4494 alius
1085 4439 1230 4496 circa
1266 4441 1639 4507 undecimam,
1676 4457 1784 4512 qua
1811 4441 2065 4498 Christus

481 4525 750 4583 conduxit
788 4539 980 4599 gentes
1006 4539 1226 4587 vocatas
1262 4531 1328 4586 ad
1355 4534 1732 4603 operationem
1759 4544 2066 4604 praecepto-

2157 3349 2284 3421 ροὺς
2304 3346 2412 3399 τῶν
2433 3343 2556 3398 καθ’
2578 3342 2728 3414 ἡμᾶς
2761 3340 2991 3394 αἰώνων.
3018 3336 3240 3408 Πρῶτος
3271 3334 3368 3404 μὲν
3400 3332 3510 3402 γὰρ
3539 3328 3742 3421 καθέῗὸν

2154 3420 2222 3511 ἦν
2253 3440 2310 3491 ὲν
2339 3435 2658 3508 παραδείσῳ
2715 3430 2908 3501 Ἀδάμ.
2935 3428 3202 3499 Δεύτερος
3233 3425 3289 3480 δὲ
3313 3423 3436 3477 καθ’
3467 3423 3569 3476 ὃνό
3595 3420 3739 3473 Νῶε.

2156 3532 2350 3604 Τρίτος
2371 3528 2430 3583 δὲ
2470 3527 2591 3582 καθ’
2618 3524 2676 3578 ὃν
2697 3525 2725 3577 ὁ
2770 3521 3046 3593 Ἀϐραάμ.
3076 3520 3350 3590 Τέταρτος
3387 3516 3445 3570 δὲ
3477 3512 3599 3567 καθ’
3614 3511 3743 3604 6V6

2155 3601 2360 3694 Μωσῆς
2376 3620 2470 3675 καὶ
2488 3620 2537 3673 οἰ
2552 3616 2851 3690 προφῆται.
2872 3613 3134 3683 Πέμπτος
3159 3608 3351 3664 δὲκαθ’
3381 3608 3440 3660 ὃν
3473 3601 3748 3676 ένηνθρῶ-

2159 3731 2333 3784 πησεν
2375 3715 2404 3766 6
2448 3709 2703 3781 Χριστός.
2753 3705 2958 3760 Τοῦτον
3007 3704 3064 3757 δὲ
3096 3703 3188 3756 τὸν
3228 3699 3417 3771 καιρὸν
3451 3697 3744 3751 αἰνίττεται

2159 3806 2254 3859 καὶ
2287 3805 2368 3868 τὸ,
2401 3803 2636 3873 Πέμπτῃ
2657 3800 2715 3854 δὲ
2745 3797 2911 3869 γενεᾷ
2933 3795 3205 3864 ἀνέϐησαν
3231 3795 3280 3846 οἰ
3309 3792 3416 3844 υἰοί
3450 3786 3666 3861 Ἰσραὴλ
3686 3785 3747 3850 ἐξ

2161 3896 2457 3966 Αἰγύπτου.
2504 3893 2594 3947 Ἐν
2635 3891 2810 3961 τούτῳ
2850 3889 2961 3960 γὰρ
2992 3889 3025 3958 ἡ
3055 3883 3341 3956 ἐλευθερία
3386 3881 3489 3966 τῆς
3532 3879 3747 3941 δουλίας

2161 3990 2267 4042 τῶν
2293 3986 2564 4057 δαιμόνων
2587 3983 2806 4037 καὶτῶν
2839 3980 3028 4033 παθῶν
3059 3979 3268 4048 γέγονε.
3291 3974 3550 4038 Τούτους,
3568 3967 3743 4041 οἶμαι,

2161 4083 2287 4144 τοὺς
2331 4085 2370 4132 ε’
2415 4077 2639 4149 καιροὺς
2687 4073 3054 4143 ὑποσημαίνει
3098 4070 3260 4140 καὶὴ
3317 4065 3603 4139 παραϐολὴ
3649 4062 3746 4116 τοῦ

2167 4166 2583 4242 μισθωσαμένου
2603 4164 2730 4226 τοὺς
2745 4161 2982 4234 ἐργάτας
3010 4159 3090 4222 εἰς
3107 4158 3197 4210 τὸν
3227 4155 3530 4228 ἀμπελῶνα
3557 4151 3746 4206 αὐτοῦ·

2163 4262 2222 4325 ὃς
2248 4258 2471 4331 ἐξῆλθεν
2501 4257 2618 4329 ἅμα
2635 4253 2903 4328 πρωῒ,καὶ
2938 4252 3068 4322 περὶ
3088 4250 3282 4326 τρίτην
3299 4248 3448 4321 ὥραν
3474 4246 3563 4300 καὶ
3582 4246 3750 4314 ἕκτην

2167 4353 2261 4408 καὶ
2287 4352 2514 4422 ὲννάτην
2554 4348 2645 4404 καὶ
2691 4344 3018 4415 ἑνδεκάτην,
3054 4341 3176 4394 καθ’
3199 4340 3267 4412 ἢν
3310 4337 3654 4410 ἐμισθώσατο
3679 4335 3751 4389 τά

2167 4446 2293 4517 έθνη
2324 4444 2561 4516 Χριστὸς
2596 4439 2910 4513 κεκλημένα
2961 4435 3096 4505 πρὸς
3139 4433 3406 4505 ἐργασίαν
3442 4429 3550 4483 τῶν
3587 4429 3754 4496 εὐαγ-

2169 4535 2405 4608 γελικῶν
2440 4532 2690 4587 ἐντολῶν.
2740 4528 3092 4600 Λαμϐάνεται
3136 4525 3234 4595 μὲν
3267 4520 3380 4587 οὖν,
3410 4523 3486 4586 ὡς
3511 4520 3750 4592 εἴρηται,

483 4633 610 4672 rum
646 4619 1110 4689 evangelicorum.
1151 4623 1435 4693 Accipitur
1459 4640 1612 4696 ergo,
1635 4633 1695 4678 ut
1720 4624 1854 4687 dixi,
1886 4625 2006 4677 ovis
2035 4638 2054 4678 ε

2173 4628 2236 4681 τὸ
2263 4623 2535 4697 πρόϐατον
2565 4621 2673 4675 ἀπὸ
2716 4627 2745 4673 ι’
2778 4618 2871 4672 τοῦ
2915 4615 3102 4688 μηνὸς,
3150 4613 3246 4666 καὶ
3287 4608 3754 4696 διατηρεῖταιμέ-

483 4710 700 4768 decimo
740 4713 964 4779 mensis,
1006 4723 1063 4770 et
1093 4726 1452 4772 conservatur
1489 4731 1664 4787 usque
1698 4715 1765 4769 ad
1788 4714 2062 4769 decimum

483 4813 764 4874 quartum,
800 4813 862 4860 ut
890 4807 1034 4862 scias
1063 4808 1210 4878 quod
1244 4810 1569 4864 servabatur
1601 4806 1824 4877 quidem
1857 4804 2064 4860 Christi

485 4899 805 4971 mysterium
844 4900 901 4955 in
927 4901 1273 4971 praescientia
1295 4909 1497 4957 sancta:
1527 4899 1834 4964 Trinitatis,
1865 4898 1932 4954 ab
1952 4898 2068 4968 ipsa

485 4989 678 5046 mundi
721 4991 1138 5057 constitutione,
1188 4990 1335 5061 quod
1381 5000 1501 5044 erat
1541 4987 1779 5058 primum
1808 4999 2064 5060 tempus:

485 5081 789 5153 perfectum
811 5093 994 5138 autem
1042 5083 1147 5137 fuit
1186 5083 1241 5135 in
1269 5081 1485 5149 quinto,
1530 5093 1726 5148 nempe
1763 5080 1982 5145 ultimo,
2016 5090 2074 5134 et

485 5176 827 5232 sacriﬁcatus
863 5176 967 5232 fuit
1005 5175 1073 5229 ad
1114 5187 1427 5242 vesperam,
1471 5171 1711 5226 tenebris
1750 5172 2073 5242 ignorantia:

484 5279 542 5325 et
574 5270 780 5326 erroris
811 5270 867 5324 in
906 5275 1112 5323 terram
1149 5265 1361 5320 eﬂ'usis.
1402 5263 1534 5319 Erat
1562 5271 1745 5318 autem
1778 5270 1910 5317 tunc
1940 5263 2071 5318 luna

488 5360 704 5416 decima
733 5368 931 5431 quarta
967 5367 1024 5413 et
1048 5358 1232 5427 plena,
1265 5365 1328 5412 ut
1354 5356 1629 5427 intelligas
1648 5355 1795 5425 quod
1815 5354 2070 5410 tenebra-

491 5465 612 5504 rum
637 5452 894 5522 princeps
921 5446 1172 5502 diabolus
1188 5448 1406 5519 plenam
1431 5447 1622 5502 habuit
1644 5463 1798 5502 suam
1820 5447 2068 5518 gloriam.

489 5540 773 5613 Tanquam
830 5542 961 5596 luna
1001 5541 1148 5596 enim
1213 5541 1427 5611 positus
1468 5549 1553 5596 cst
1600 5541 1655 5595 in
1699 5541 2068 5610 principatum

487 5635 685 5699 noctis,
729 5643 786 5688 et
834 5642 1092 5703 tanquam
1143 5634 1505 5697 adulterinam
1551 5633 1842 5704 quamdam
1890 5634 2070 5688 lucem

491 5725 680 5781 mundi
706 5725 1035 5797 sapientiam
1058 5726 1254 5783 indcns
1277 5727 1632 5799 deceptorum
1659 5727 1941 5794 cordibus,
1967 5726 2072 5784 sibi

551 5874 600 5945 ,³⁵⁷
633 5880 805 5935 Exod.
833 5897 950 5947 xm,
985 5881 1002 5933 l
1035 5897 1189 5952 seqq.

2169 4737 2262 4791 χρι
2299 4716 2380 4779 ιδ’,
2411 4717 2500 4769 ἵνα
2527 4713 2669 4783 γνῷς
2710 4713 2792 4766 ὅτι
2828 4709 3161 4778 ἐφυλάττετο
3200 4705 3299 4777 μὲν
3343 4704 3405 4756 τὸ
3447 4701 3588 4754 κατὰ
3615 4699 3757 4791 Χριέέ

2173 4790 2298 4863 στὸν
2332 4806 2631 4879 μυστήριον
2661 4806 2719 4857 ὲν
2740 4799 3046 4873 προγνώσει
3083 4798 3180 4868 τῆς
3217 4797 3379 4865 ἁγίας
3411 4792 3657 4865 Τριάδος,
3696 4790 3758 4855 ἐξ

2174 4900 2343 4971 αὐτῆς
2374 4899 2483 4969 ἄρα
2509 4895 2610 4965 τῆς
2637 4893 2732 4948 τοῦ
2766 4895 2970 4964 κόσμου
3009 4889 3335 4958 καταϐολῆς,
3358 4886 3416 4950 ὃς
3438 4881 3506 4956 ἦν
3536 4887 3566 4938 6
3600 4881 3757 4953 ’πρῶ-

2174 5009 2266 5056 τος
2308 4988 2516 5059 καιρός.
2561 4985 2849 5056 Ἐτελέσθη
2895 4984 2952 5037 δὲ
2985 4983 3126 5035 κατὰ
3153 4980 3245 5034 τὸν
3294 4985 3355 5045 ε’,
3389 4979 3506 5048 ἤτοι
3545 4976 3636 5030 τὸν
3669 4993 3760 5027 τε-

2175 5070 2444 5147 λευταῖον,
2486 5080 2578 5133 καὶ
2599 5078 2765 5149 ἐτύθη
2805 5077 2941 5148 πρὸς
2975 5075 3248 5146 ἑσπέραν,
3282 5071 3362 5124 ἔτι
3391 5069 3487 5122 τοῦ
3531 5069 3761 5131 σκότους

2174 5177 2275 5247 τῆς
2315 5173 2538 5242 ἀγνοίας
2595 5171 2691 5225 καὶ
2745 5169 2955 5239 πλάνης
3003 5165 3452 5236 κατακεχυμένου
3481 5162 3584 5231 τῆς
3630 5162 3760 5230 γῆς.

2175 5267 2285 5322 Ἦν
2311 5268 2367 5322 δὲ
2418 5269 2451 5339 ἡ
2493 5265 2692 5336 σελήνη
2725 5263 2994 5334 τέσσαρες
3045 5261 3138 5314 καὶ
3186 5257 3386 5327 δεκάτη
3427 5252 3761 5325 τηνικαῦτα,

2175 5363 2270 5416 καὶ
2296 5359 2632 5431 πληροφαής·
2665 5357 2754 5410 ἵνα
2792 5355 2994 5425 νοήσῃς
3033 5352 3107 5415 ὡς
3156 5350 3251 5404 τοῦ
3298 5349 3524 5410 σκότους
3575 5346 3763 5416 ἄρχων

2177 5451 2420 5514 διάϐολος
2451 5449 2632 5520 πλήρη
2663 5447 2763 5517 τὴν
2801 5443 3006 5498 οἰκείαν
3052 5438 3164 5511 εἶχε
3208 5436 3386 5504 δόξαν.
3414 5436 3618 5506 Σελήνη
3650 5434 3764 5504 γὰρ

2178 5546 2259 5605 εἰς
2287 5543 2460 5612 ἀρχὴν
2511 5539 2748 5592 τέθειται
2776 5535 2876 5605 τῆς
2903 5530 3118 5594 νυκτὸς,
3166 5529 3262 5583 καὶ¹
3302 5528 3491 5596 ῶσπερ
3525 5543 3576 5578 τι
3605 5523 3766 5577 νόθον

2180 5635 2294 5704 φῶς
2316 5633 2415 5704 τὴν
2447 5631 2540 5686 τοῦ
2591 5629 2795 5698 κόσμου
2829 5625 3020 5694 σοφίαν
3075 5625 3194 5687 ταῖς
3239 5619 3347 5675 τῶν
3391 5617 3760 5698 πλανωμένων

2183 5725 2432 5797 καρδίαις
2488 5721 2740 5789 ἐντιθεὶς,
2806 5717 3188 5790 πληρεστάτην
3235 5713 3412 5785 ἑαυτῷ
3463 5711 3562 5780 τὴν
3602 5707 3764 5772 665a»
