4076 6448
369 393 512 450 1205

1745 391 2047 444 ωιιιιλί
2065 391 2268 442 ΑΝΕΑ.

3491 385 3631 441 £906

367 505 832 582 ἐπραγματεύετο·
867 504 1226 568 αποθανόντος
1255 504 1311 559 δὲ
1353 505 1443 558 τοῦ
1486 503 1743 576 ἀληθινοῦ
1775 504 1949 576 ἀμνοῦ

2059 505 2425 575 plenissimam
2457 504 2787 576 procurabat
2811 504 3060 577 gloriam.
3093 503 3311 558 Mortuo
3331 518 3515 556 antem
3545 502 3634 558 illo

367 605 435 657 δι’
485 602 657 672 ἡμᾶς,
689 600 891 673 ήρξατο
937 596 1301 653 καταλύεσθαι
1351 596 1413 651 τὸ
1448 597 1692 651 τοιοῦτον
1738 598 1947 651 ἐκείνου

366 691 506 763 φῶς.
549 690 869 761 Ἀπολήγειν
893 690 1002 761 γὰρ
1049 691 1114 743 ὲκ
1158 689 1280 742 τότε
1311 688 1409 761 τὴν
1443 689 1674 760 σελήνην
1710 689 1946 759 ἀνάγκη,

368 785 464 840 καὶ
493 780 837 837 δαπανᾶσθαι
868 780 931 835 τὸ
980 780 1183 852 ταύτης
1219 779 1354 849 φῶς.
1388 782 1501 835 Καὶ
1539 780 1699 834 τοῦτο
1734 775 1803 851 ἦν
1841 780 1950 850 ἄρα
1980 794 1985 797 ·

366 874 429 929 τὸ
458 877 515 929 ὲν
539 872 790 943 Ψαλμοῖς
823 871 1104 943 ᾀδόμενον,
1141 893 1160 923 ι
1183 871 1457 926 Ἀνατελεῖ
1483 872 1542 924 ἐν
1567 873 1687 935 ταῖς
1717 871 1952 941 ήμέραις

367 965 535 1020 αὐτοῦ
579 962 915 1034 δικαιοσύνη,
950 964 1043 1017 καὶ
1080 963 1284 1035 πλῆθος
1312 964 1554 1034 εἰρήνης,
1593 964 1698 1027 ἓως
1722 956 1783 1017 οῦ
1822 965 1951 1017 ἀντ-

368 1050 627 1123 αναιρεθῇ
673 1052 707 1122 ή
746 1050 965 1121 σελήνη.
1009 1070 1028 1103 ι
1075 1049 1340 1104 Ἀνὲτειλε
1395 1052 1504 1122 γάρ
1555 1051 1613 1106 ὲν
1650 1053 1770 1114 ταῖς
1817 1051 1953 1123 ήμέ-

372 1159 498 1214 ραις
528 1139 767 1213 Χριστοῦ
810 1138 1124 1209 δικαιοσύνη
1166 1157 1225 1193 τε
1256 1141 1350 1194 καὶ
1398 1142 1614 1213 εἰρήνη,
1653 1141 1747 1195 καὶ
1782 1144 1811 1195 ὁ
1853 1143 1953 1211 τῆς

371 1233 566 1297 νυκτὸς
619 1232 803 1304 ἄρχων
881 1232 1245 1304 ἀντανῃρὲθη.
1304 1232 1392 1295 Ὡς
1429 1232 1539 1304 γὰρ
1600 1232 1805 1287 ἀνελὼν
1860 1233 1953 1287 τὸν

372 1320 661 1392 ἄνθρωπον
686 1362 701 1387 ,
772 1320 1115 1394 άντανῃρέθη
1157 1320 1303 1392 παρᾶ
1344 1321 1606 1392 Χριστοῦ.
1659 1322 1952 1394 Λαμϐάνε-

371 1432 461 1468 ται
490 1414 550 1467 δὲ
601 1414 830 1468 ὲκάστον
860 1412 1128 1484 πρόϐατον
1179 1413 1300 1466 κατ’
1342 1413 1541 1477 οἰκίας.
1569 1415 1661 1467 Δεῖ
1685 1413 1795 1485 γάρ
1826 1414 1953 1468 ἑκά-

378 1523 489 1577 στῳ
531 1506 622 1559 τὸν
654 1505 890 1579 Χριστὸν
933 1506 1052 1559 ὅλον
1085 1505 1466 1568 ἐνοικίζεσθαι.
1505 1509 1567 1559 Οἱ
1601 1507 1658 1560 δὲ
1691 1507 1766 1579 μὴ
1796 1507 1955 1561 δυνά-

377 1616 529 1670 μενοι
579 1598 701 1653 καθ’
735 1599 961 1662 ἑαυτοὺς
1003 1596 1094 1652 τὸν
1141 1598 1376 1669 Χριστὸν
1400 1598 1722 1669 λαμϐάνειν,
1765 1599 1860 1652 καὶ
1885 1599 1952 1652 δι’

373 1691 582 1746 ἑαυτῶν
606 1692 841 1745 συνιέναι
863 1691 925 1745 τὸ
943 1690 1083 1745 κατὰ
1106 1690 1342 1761 Χριστὸν
1363 1692 1682 1763 μυστήριον,
1707 1692 1776 1746 δι’
1799 1690 1956 1745 ἀσθέ-

373 1796 526 1834 νειαν
548 1781 650 1844 ,καὶ
683 1781 874 1835 πενίαν
897 1781 1156 1847 διανοίας,
1210 1780 1493 1835 ποιοῦνται
1529 1783 1821 1846 κοινωνοὺς
1859 1781 1956 1834 καὶ

2057 613 2189 653 vero
2238 613 2377 668 agno
2425 606 2651 668 propter
2692 613 2812 661 nos,
2862 597 3033 667 cmpit
3073 595 3301 651 dissolvi
3360 595 3510 649 illius
3541 596 3635 649 lux

2056 690 2347 760 ejusmodi.
2391 690 2548 744 Tunc
2582 690 2730 743 enim
2768 704 2993 745 necesse
3025 697 3195 744 estut
3236 688 3453 743 desinat
3484 688 3635 753 luna,

2056 789 2109 834 et
2157 789 2515 835 consumatur
2564 781 2656 834 lux
2705 781 2844 851 ejus.
2889 780 3005 834 lloc
3059 796 3189 851 ergo
3235 789 3354 834 erat
3393 778 3447 833 id
3490 778 3635 848 quod

2057 872 2359 927 canebatur
2400 872 2456 926 in
2486 872 2758 927 Psalmis:
2813 890 2831 922 ι
2862 871 3050 927 Oritur
3081 871 3137 925 in
3179 870 3374 925 diebus
3408 872 3528 941 ejus
3552 870 3643 938 ju-

2055 960 2226 1026 stitia,
2256 969 2311 1015 et
2332 960 2667 1015 abundantia
2686 961 2857 1031 pacis,
2877 960 3055 1015 donec
3076 958 3359 1014 auferatur
3374 960 3504 1014 l-ina
3520 958 3586 1012 ⁸⁸.
3612 975 3632 1009 ι

2056 1050 2186 1105 Orta
2232 1058 2319 1106 est
2360 1051 2510 1106 enim
2551 1051 2609 1105 in
2639 1050 2838 1106 diebus
2864 1050 3066 1106 Christi
3091 1050 3307 1122 justitia
3330 1058 3381 1104 et
3426 1065 3549 1118 pax,
3581 1054 3632 1104 et

2056 1143 2240 1198 noctis
2288 1142 2546 1213 princeps
2576 1152 2662 1198 est
2699 1143 2935 1199 ablatus.
2981 1143 3117 1197 Nam
3151 1149 3214 1197 ut
3239 1141 3334 1211 qui
3359 1141 3635 1196 hominem

2058 1234 2381 1299 sustulerat,
2430 1249 2462 1288 a
2512 1232 2734 1289 Christo
2775 1233 3018 1289 vicissim
3047 1243 3133 1289 est
3169 1233 3439 1288 sublatus.
3479 1231 3635 1287 Acci-

2056 1324 2287 1395 piuntur
2339 1334 2523 1381 autem
2569 1326 2798 1397 singula:
2840 1341 2973 1380 oves
3014 1341 3114 1395 per
3152 1324 3364 1380 domos.
3412 1323 3635 1394 Oportet

2057 1417 2205 1487 enim
2240 1417 2297 1471 in
2331 1433 2664 1488 unoquoque
2684 1426 2859 1472 totum
2877 1416 3159 1472 Christum
3181 1416 3509 1470 inhabitare.
3536 1414 3638 1482 Qui

2058 1517 2243 1565 autem
2291 1525 2402 1565 non
2443 1516 2676 1580 possunt
2717 1524 2817 1580 per
2862 1524 2920 1565 se
2962 1508 3244 1565 Christum
3299 1524 3537 1573 sumere,
3587 1516 3639 1562 et

2057 1599 2265 1656 Christi
2291 1600 2615 1672 mysterium
2638 1615 2738 1671 per
2756 1616 2815 1656 se
2838 1601 3165 1670 intelligere,
3188 1608 3417 1671 propter
3441 1599 3644 1654 mentis

2061 1688 2494 1745 imbecillitatem
2522 1698 2580 1745 et
2603 1698 2925 1762 egestatem,
2945 1690 3000 1744 in
3040 1691 3356 1746 societatem
3381 1690 3642 1746 adhibent

2061 1780 2227 1836 etiam
2250 1781 2483 1848 vicinos,
2518 1796 2615 1837 seu
2635 1796 2731 1837 eos
2753 1782 2847 1852 qui
2877 1788 3007 1836 sunt
3022 1781 3266 1852 ejusdem
3295 1781 3445 1846 ﬁdei,
3468 1788 3529 1836 ut
3546 1796 3644 1851 per

371 1873 499 1937 τοὺς
530 1873 800 1942 γείτονας,
848 1873 969 1944 ἢτοι
1018 1874 1145 1936 τοὺς
1190 1873 1544 1945 ὁμοπίστους,
1581 1874 1668 1928 ἵνα
1701 1875 1769 1928 δι’
1803 1873 1958 1945 ἀλλήο

2059 1884 2118 1924 se
2158 1870 2396 1925 invicem
2433 1871 2503 1926 ad
2543 1872 2782 1943 majores
2830 1871 3199 1927 extendantur
3226 1871 3644 1941 contemplatio-

370 1964 481 2019 λων
532 1966 615 2028 εἰς
669 1964 890 2035 μείζους
947 1963 1181 2036 θεωρίας
1240 1964 1606 2020 ἁναταθῶσιν.
1643 1967 1828 2020 Ἔστω
1870 1966 1952 2030 δὲ,

375 2057 527 2127 φησι,
561 2054 623 2109 τὸ
653 2055 925 2128 πρόϐατον
950 2055 1174 2110 τέλειοψ
1212 2055 1418 2119 τέλειος
1447 2055 1557 2129 γὰρ
1578 2058 1607 2110 ὁ
1637 2056 1871 2128 Χριστὸς
1897 2055 1956 2110 ἔν

372 2165 433 2201 τε
463 2147 677 2218 θεότητι
714 2148 806 2201 καὶ
862 2147 1271 2219 ἀνθρωπὸτητι.
1320 2147 1479 2202 Ἀλλὰ
1509 2149 1603 2202 καὶ
1627 2148 1811 2219 ἄρσεν’
1859 2147 1958 2202 αύ-

375 2237 466 2300 τδς
514 2235 624 2307 γάρ
673 2236 821 2289 ἐστιν
859 2238 888 2290 ὁ
922 2237 1087 2289 πᾶσιν
1131 2237 1266 2305 ἡμῖν
1303 2235 1533 2300 ἐντιθεὶς
1578 2236 1676 2308 τῆς
1718 2235 1951 2304 θεογνω-

378 2327 499 2390 σίας
546 2327 614 2380 τὰ
654 2326 967 2398 σπέρματα’
1002 2327 1141 2381 ἀλλὰ
1200 2327 1294 2381 καὶ
1346 2327 1638 2391 ἐνιαύσιον,
1690 2326 1777 2382 ἴνα
1832 2327 1956 2382 καθ’

377 2418 607 2472 ἕκαστον
637 2420 882 2474 ἐνιαυτὸν
909 2420 1225 2491 ὲπιτελῆται
1255 2420 1317 2473 τὸ
1356 2420 1560 2491 πάσχα.
1605 2419 1956 2492 Λαμϐάνεται

374 2510 434 2563 δὲ
463 2510 570 2564 ἀπὸ
601 2510 709 2565 τῶν
734 2511 921 2582 άμνῶν
944 2512 1040 2565 καὶ
1060 2512 1170 2565 ἀπὸ
1196 2511 1305 2566 τῶν
1333 2512 1559 2582 ἐρίφων,
1592 2512 1668 2575 ὡς
1697 2511 1959 2579 Θεολόγος

376 2603 708 2673 ἡρμήνευσε.
741 2603 997 2674 Χρίονται
1027 2603 1084 2656 δὲ
1115 2603 1193 2673 τῷ
1227 2605 1417 2675 αἵματι
1445 2604 1497 2657 οί
1536 2603 1767 2675 σταθμοὶ
1796 2604 1891 2659 καὶ
1923 2606 1957 2675 ή

378 2692 692 2761 φλιὰ,τοῦτ’
730 2694 846 2748 ἔστι
887 2695 949 2748 τὸ
972 2694 1153 2767 σῶμα.
1196 2696 1368 2749 Τοῦτο
1403 2695 1511 2768 γὰρ
1543 2697 1691 2751 οἰκία
1722 2696 1820 2767 τῆς
1863 2696 1959 2766 qm.

380 2784 503 2855 Χῆς,
544 2785 825 2840 καὶτοῦτο
865 2786 965 2858 τὴν
1008 2788 1074 2841 ὲκ
1106 2787 1489 2861 ⁸παραϐάσεως
1544 2787 1837 2842 ἀπελαύνει
1871 2787 1959 2840 νέ-

379 2893 603 2947 κρωσιν.
666 2877 779 2930 Καὶ
835 2877 996 2949 θύραι
1049 2879 1107 2932 δὲ
1158 2879 1258 2950 τῆς
1311 2878 1566 2948 τοιαύτης
1598 2879 1775 2942 οἰκίας
1809 2879 1958 2934 αἰὲν

376 2970 512 3039 ἡμῖν
558 2969 859 3039 αἰσθήσεις·
908 2970 979 3024 δι’
1031 2965 1107 3025 ὧν
1152 2973 1273 3036 ταῖς
1318 2971 1574 3025 ἁπάντων
1626 2971 1878 3042 καρδίαις
1921 2972 1955 3041 ή

377 3060 485 3115 τῶν
517 3062 859 3133 πραγμάτων
887 3062 1216 3117 διακονεῖται
1243 3063 1487 3135 ποιότης.
1546 3061 1854 3117 Ἐσθίεσθαι
1900 3061 1958 3115 δὲ

378 3151 450 3205 τὰ
504 3152 642 3223 κρέα
677 3153 1008 3225 προστάττει
1068 3153 1243 3226 ταύτῃ
1296 3156 1364 3225 τῇ
1407 3153 1582 3209 νυκτί·
1634 3153 1779 3208 τοῦτ’
1817 3151 1954 3218 ἔστι,

2059 1976 2177 2017 nes.
2208 1961 2291 2017 Sit
2315 1971 2523 2030 autem,
2570 1964 2774 2034 inquit,
2813 1964 2933 2019 ovis
2967 1964 3211 2034 perfecta
3251 1964 3320 2017 ’9.
3359 1964 3645 2018 Perfectus

2060 2062 2146 2109 est
2170 2054 2320 2109 enim
2338 2054 2592 2112 Christus
2628 2055 2915 2111 divinitate
2943 2062 3000 2110 et
3039 2055 3399 2110 humanitate.
3433 2051 3540 2110 Sed
3587 2062 3644 2108 et

2060 2147 2301 2201 mascula
2325 2163 2340 2200 :
2378 2148 2496 2218 ipse
2519 2156 2605 2203 est
2624 2149 2775 2204 enim
2803 2150 2897 2220 qui
2925 2147 3086 2203 nobis
3105 2147 3363 2202 omnibus
3385 2146 3525 2202 indit
3553 2162 3641 2200 sc-

2059 2239 2211 2294 mina
2232 2240 2330 2294 Dei
2363 2240 2713 2312 cognitionis.
2747 2241 2855 2298 Sed
2877 2249 2935 2297 et
2961 2257 3165 2305 annua,
3194 2250 3255 2295 ut
3277 2241 3507 2312 singulis
3543 2257 3645 2295 an-

2059 2328 2155 2383 nis
2179 2338 2475 2401 peragatur
2492 2329 2718 2400 pascha.
2751 2329 2997 2385 Sumitur
3023 2337 3205 2385 autem
3239 2343 3307 2382 ex
3323 2327 3479 2398 agnis
3499 2336 3557 2382 et
3577 2344 3646 2383 cx

2043 2419 2256 2486 'hmdis,
2302 2428 2366 2474 ut
2408 2421 2809 2490 interpretatus
2843 2428 2930 2476 est
2968 2420 3303 2490 Theologus.
3354 2419 3645 2490 Unguntur

2061 2518 2247 2566 autem
2278 2509 2549 2585 sanguine
2570 2521 2755 2582 postes
2780 2520 2839 2567 et
2873 2512 3041 2567 limen
3069 2512 3135 2577 ⁸ο,
3169 2512 3273 2565 hoc
3303 2518 3391 2565 est
3422 2525 3642 2580 corpus.

2060 2603 2120 2659 1d
2157 2612 2243 2659 est
2273 2604 2471 2660 domus
2494 2604 2710 2660 animae.
2742 2604 2932 2675 quue
2955 2604 3180 2674 expellit
3209 2619 3332 2671 quae
3369 2617 3438 2657 ex
3472 2612 3648 2656 trans-

2060 2697 2339 2766 gressione
2353 2696 2563 2751 exstitit
2582 2694 3078 2751 mortificationem.
3106 2694 3256 2749 Ostia
3273 2702 3455 2748 autem
3484 2692 3655 2764 hujus

2062 2786 2258 2842 domus
2287 2796 2419 2843 sunt
2447 2787 2543 2858 qui
2562 2793 2693 2843 sunt
2722 2789 2779 2841 in
2803 2786 2964 2842 nobis
2989 2801 3206 2851 sensus,
3232 2801 3332 2855 per
3353 2798 3494 2854 quos
3524 2798 3646 2838 om—

2060 2882 2217 2937 nium
2255 2882 2520 2938 cordibus
2556 2882 2902 2939 ministratur
2961 2898 3148 2938 rerum
3188 2882 3444 2952 qualitas.
3485 2880 3651 2935 lubet

2061 2983 2245 3029 autem
2276 2990 2472 3031 carnes
2509 2974 2724 3030 comedi
2778 2974 2883 3029 hac
2925 2974 3040 3045 ipsa
3081 2982 3262 3036 nocte,
3307 2973 3414 3028 hoc
3449 2979 3554 3038 est,
3590 2971 3651 3025 in

2063 3074 2312 3137 tempore
2336 3066 2616 3138 praesenti.
2637 3066 2866 3121 Noctem
2900 3066 3049 3122 enim
3084 3065 3266 3136 ipsum
3291 3064 3460 3119 etiam
3487 3078 3650 3118 voca-

2061 3158 2143 3212 vit
2167 3157 2369 3213 Paulus
2397 3157 2624 3214 dicens:
2655 3175 2674 3209 ι
2701 3157 2821 3213 Nox
2845 3156 3145 3229 praecessit,
3181 3156 3302 3211 dies
3340 3163 3523 3209 autem
3560 3168 3651 3224 ap

381 3245 524 3298 κατὰ
556 3245 648 3299 τὸν
706 3246 978 3300 ἐνεστῶτα
1022 3247 1219 3303 αἰῶνα.
1271 3246 1465 3301 Νύκτα
1494 3247 1604 3319 γὰρ
1654 3246 1818 3302 αὐτὸν
1866 3246 1958 3300 καὶ

2063 3248 2458 3319 propinquavit
2500 3247 2543 3280 ⁸³
2571 3266 2585 3301 :
2613 3266 2633 3301 ι
2685 3248 2834 3303 diem
2861 3262 3066 3302 vocans
3087 3247 3336 3302 futurum
3360 3244 3661 3300 saeculum.

380 3333 591 3398 Παῦλος
626 3335 878 3400 ἐκάλεσε,
930 3336 1123 3407 λέγων⁸
1175 3356 1194 3389 ι
1246 3338 1312 3392 Ἦ
1345 3338 1445 3404 νὺξ
1476 3336 1811 3410 προέκοψεν,
1840 3339 1874 3410 ἡ
1902 3338 1961 3393 δὲ

379 3425 565 3495 ἡμέρα
596 3427 851 3497 ήγγισενο
909 3447 928 3481 ι
964 3428 1179 3500 ἡμέραν
1207 3428 1492 3500 ὀνομάζων
1531 3429 1622 3485 τὸν
1658 3429 1834 3483 αἰῶνα
1867 3429 1961 3485 τὸν

378 3516 662 3587 μέλλοντα.
695 3519 844 3584 Ἕως
890 3523 987 3590 μὲν
1012 3515 1106 3575 οὖν
1143 3521 1311 3593 ἐσμεν
1352 3523 1411 3575 ὲν
1445 3521 1581 3593 τῷδε
1615 3521 1692 3593 τῷ
1747 3522 1958 3594 κόσμῳ,

375 3609 630 3682 ἐσθίομεν
658 3610 755 3683 τήν
782 3611 941 3682 ἁγίαν
965 3612 1059 3667 τοῦ
1084 3613 1323 3685 Χριστοῦ
1346 3614 1526 3686 σάρκα
1544 3613 1634 3669 διὰ
1663 3617 1764 3686 τῆς
1791 3631 1959 3685 μετα-

377 3702 615 3773 λήψεως·
649 3703 1069 3774 μεταϐαίνοντες
1113 3704 1171 3759 δὲ
1217 3704 1487 3771 ἐντεῦθεν,
1529 3705 1732 3779 τρόπον
1771 3706 1960 3777 ἕτερον

376 3794 545 3847 αὐτοῦ
616 3794 1060 3866 μεταληψόμεθα.
1118 3797 1261 3868 Πυρὶ
1309 3797 1367 3850 δὲ
1423 3796 1704 3862 ὁπτῶντας
1757 3797 1958 3853 ἐσθίειν

376 3884 588 3939 κελεύει
638 3887 707 3940 τά
759 3888 913 3959 κρέα’
964 3887 1164 3959 δηλαδὴ
1216 3886 1297 3958 τῷ
1345 3889 1479 3961 πυρὶ
1515 3889 1612 3943 τοῦ
1651 3890 1961 3961 πνεύματος

375 3975 610 4047 καὶτῆς
659 3977 881 4049 ἀγάπης
927 3977 1189 4051 Χριστοῦ.
1250 3980 1410 4035 Ἀλλὰ
1457 3981 1554 4036 καὶ
1591 3982 1790 4053 ἄρτους
1828 3981 1952 4047 ἀζύ-

382 4085 521 4137 μους
548 4069 643 4122 ὲπὶ
682 4070 949 4141 πικρίδων
982 4073 1178 4141 φαγεῖν
1205 4087 1219 4103 ο
1265 4073 1435 4143 ήγουν
1454 4073 1688 4145 ἀζύμοις
1727 4074 1823 4128 καὶ
1857 4092 1960 4129 κα-

377 4155 575 4229 θαραῖς
628 4158 948 4228 ἐπιθυμίαις
978 4158 1076 4231 τὴν
1132 4161 1339 4214 ἑαυτῶν
1386 4160 1565 4231 ψυχὴν
1602 4160 1956 4230 ἀποτρέφειν,

379 4245 476 4300 καὶ
509 4248 734 4318 άμιγέσι
761 4248 1118 4320 φαυλότητος,
1150 4249 1244 4305 καὶ
1272 4251 1597 4321 προσίεσθαι
1618 4251 1717 4314 τὰς
1745 4252 1812 4303 ὲκ
1845 4267 1961 4304 πει-

383 4339 614 4410 ρασμῶν
658 4341 905 4412 πικρίας.
941 4340 1057 4394 Οὐκ
1102 4340 1287 4394 ἔδεσθε
1332 4341 1411 4403 δὲ,
1440 4341 1625 4412 φησιν,
1653 4341 1749 4394 ἀπ’
1777 4340 1959 4396 αὐτῶν

375 4430 550 4502 ὠμόν.
595 4433 720 4486 Ἐπὶ
762 4433 873 4504 γὰρ
915 4433 977 4487 τὺ
1004 4433 1156 4502 ὠμὸν
1181 4432 1242 4486 οὐ
1277 4432 1475 4503 ῥᾳδίως
1506 4433 1632 4502 ἥκει
1658 4435 1771 4497 τοῖς
1790 4418 1958 4486 ’ὀδοῦ-

378 4539 486 4588 σιν,
513 4523 623 4577 οὐδ’
649 4524 729 4588 είς
757 4525 922 4594 πέψιν
950 4523 1208 4578 ἐσθίεται.
1235 4523 1398 4594 Ὠμὺν
1427 4523 1644 4586 πάντως
1687 4523 1959 4578 ἐσθίουσιν

374 4615 429 4667 οἱ
567 4615 636 4669 δι’
660 4586 887 4687 ἐρεύνης
915 4616 1181 4687 ἀκριϐοῦς
1212 4616 1274 4670 τὺ
1300 4586 1443 4670 κατὰ
1474 4616 1708 4687 Χριστὸν
1749 4617 1956 4689 μυστή-
1994 4586 2035 4641 D

383 4700 501 4774 ριον
539 4706 1043 4771 καταλεπτύνοντες
1085 4710 1200 4773 τοῖς
1226 4707 1408 4762 ὀδοῦσι
1436 4709 1535 4780 τῆς
1557 4708 1819 4772 διανοίας*
1853 4726 1958 4763 πυ-

381 4797 604 4869 ροῦντές
631 4816 692 4853 τε
726 4800 820 4853 καὶ
862 4799 1251 4871 δοκιμάζοντες
1270 4800 1416 4855 κατὰ
1435 4799 1496 4854 τὸ
1523 4801 1630 4855 ὑπὸ
1661 4799 1756 4854 τοῦ
1793 4800 1960 4855 Δαϐὶδ

378 4882 690 4960 εἰρημένονο
713 4891 855 4945 «Καὶ
873 4892 930 4946 ὲν
942 4894 1008 4963 τῇ
1028 4891 1230 4966 μελέτῃ
1249 4909 1350 4964 μου
1368 4891 1768 4963 ἐκκαυθήσεται
1786 4890 1918 4963 πῦρ.
1933 4909 1952 4942 ι

377 4978 597 5034 κωλύει
617 4980 675 5034 δὲ
707 4979 908 5035 ἐσθίειν
950 4981 1047 5034 καὶ
1081 4978 1353 5052 ὲψημένον
1392 4981 1450 5034 ἐν
1485 4978 1660 5041 ὕδατι,
1690 4977 1790 5049 τὴν
1826 4977 1958 5032 ὕδα-

380 5070 649 5142 ρεστέραν
698 5071 795 5126 καὶ
828 5072 1194 5143 ἐκλελυμένην
1236 5071 1364 5144 περὶ
1395 5068 1562 5125 αὐτοῦ
1603 5069 1857 5142 διάληψιν
1892 5067 1954 5123 οὐ

2062 3340 2242 3411 Atque
2267 3340 2514 3411 quandiu
2537 3340 2762 3411 quidem
2788 3355 2980 3396 sumus
3001 3339 3057 3394 in
3081 3339 3187 3393 hoc
3208 3336 3438 3402 mundo,
3466 3349 3649 3390 come—

2063 3432 2245 3487 dimus
2268 3439 2513 3502 sanctam
2537 3431 2746 3488 Christi
2769 3446 2994 3487 carnem
3017 3446 3117 3501 per
3141 3428 3653 3502 participationem,

2062 3524 2197 3579 hinc
2229 3501 2417 3579 autem
2440 3525 2762 3596 migrantes,
2791 3523 2901 3578 alio
2924 3522 3093 3577 modo
3127 3522 3247 3592 ejus
3274 3519 3484 3574 erimus
3516 3534 3643 3588 par—

2062 3615 2277 3685 ticipes.
2315 3613 2430 3686 lgni
2472 3625 2657 3671 autem
2699 3622 2978 3669 torrentes
3023 3612 3184 3684 jubet
3226 3625 3418 3666 carnes
3458 3624 3643 3664 come-

2061 3705 2218 3773 dere,
2243 3706 2369 3778 igne
2397 3706 2611 3763 scilicet
2638 3705 2868 3777 spiritus
2885 3712 2943 3760 et
2967 3703 3257 3760 charitatis
3282 3699 3520 3767 Christi;
3550 3700 3647 3755 sed

2061 3805 2119 3852 et
2147 3813 2318 3869 panes
2340 3813 2561 3870 azymos
2575 3797 2868 3853 comedere
2900 3811 3028 3852 cum
3051 3794 3289 3851 lactucis
3312 3793 3643 3867 agrestibus,

2063 3888 2169 3944 hoc
2188 3897 2293 3955 est,
2316 3905 2428 3944 non
2461 3888 2808 3944 fermentatis
2830 3897 2888 3944 et
2927 3886 3151 3942 mundis
3177 3884 3468 3941 desideriis
3491 3899 3647 3939 suam

2063 3978 2215 4034 alere
2249 3979 2508 4043 animam,
2533 3987 2591 4034 et
2617 3993 2728 4033 non
2753 3975 3036 4047 permistis
3062 3974 3332 4046 nequitia,
3372 3981 3428 4029 et
3450 3972 3647 4028 admit-

2064 4076 2182 4124 tere
2216 4084 2498 4124 amarores
2532 4084 2601 4124 ex
2635 4066 3053 4123 tentatiouibus.
3096 4065 3217 4120 Non
3246 4063 3426 4120 edetis
3450 4071 3641 4119 autem

2062 4173 2132 4214 ex
2153 4158 2236 4214 eis
2257 4158 2514 4213 crudum.
2544 4157 2627 4212 Ad
2666 4157 2901 4211 crudum
2933 4156 3082 4211 enim
3123 4169 3234 4209 non
3280 4152 3457 4209 facilis
3495 4160 3645 4223 patet

2064 4246 2248 4302 aditus
2274 4246 2555 4311 dentibus,
2578 4262 2758 4317 neque
2791 4246 3101 4301 comeditur
3126 4244 3358 4300 crudum
3397 4243 3466 4298 a‘d
3512 4259 3646 4299 con-

2064 4337 2393 4392 coctionem.
2422 4336 2669 4392 Crudum
2702 4337 2929 4393 omnino
2959 4335 3259 4392 comedunt
3290 4335 3385 4406 qui
3426 4350 3527 4405 per
3550 4350 3645 4390 ac-

2044 4422 2310 4484 'curatam
2337 4436 2395 4484 et
2423 4437 2672 4483 exactam
2702 4429 3094 4485 scrutationem
3120 4443 3231 4483 non
3262 4427 3648 4483 comminuunt

2060 4518 2267 4575 Christi
2286 4519 2607 4592 mysterium
2626 4520 2887 4577 dentibus
2907 4519 3283 4591 cogitationis;
3315 4519 3439 4591 igne
3458 4528 3645 4575 autem

2063 4618 2339 4666 torrentes
2376 4618 2434 4665 et
2460 4611 2836 4667 examinantes
2860 4611 3258 4667 convenienter
3289 4610 3341 4667 ei
3379 4595 3529 4681 quod
3557 4609 3645 4665 di-

2062 4710 2213 4757 ctum
2236 4710 2321 4758 est
2343 4718 2375 4758 a
2403 4702 2610 4759 Davidc
2638 4721 2651 4758 :
2684 4723 2703 4755 ι
2728 4703 2797 4759 Et
2825 4703 2882 4759 in
2920 4703 3280 4760 meditatione
3323 4718 3444 4759 mea
3485 4718 3646 4759 exar-

2064 4792 2253 4850 deseet
2277 4793 2419 4865 ignis
2441 4796 2508 4848 “.
2542 4813 2561 4845 ι
2593 4794 2859 4850 Prohibet
2894 4795 3061 4851 etiam
3105 4795 3398 4853 comedere
3437 4794 3644 4851 elixum

2062 4899 2163 4940 seu
2189 4893 2409 4941 coctum
2435 4884 2491 4940 in
2516 4900 2679 4956 aqua,
2709 4886 3061 4957 aquosiorem
3086 4903 3153 4944 ac
3181 4888 3503 4944 dissolutam
3526 4888 3651 4959 ejus

2063 4975 2544 5046 participationem
2575 4993 2688 5033 non
2732 4977 2940 5033 bonum
2969 4977 3085 5034 fore
3128 4978 3450 5033 alimentum
3494 4976 3642 5031 indi-

2061 5080 2213 5122 cans.
2241 5067 2456 5123 Rursus
2479 5077 2663 5124 autem
2687 5077 2851 5140 caput
2871 5085 2997 5125 eum
3016 5068 3253 5139 pedibus
3270 5077 3328 5123 et
3367 5067 3646 5124 intestinis

379 5160 554 5232 καλὴν
580 5161 798 5216 ἔσεσθαι
816 5162 1025 5236 τροφὴν
1056 5163 1389 5232 ὑποφαίνων.
1418 5161 1678 5233 Κεφαλήν
1704 5162 1763 5215 δὲ
1791 5160 1957 5215 πάλιν

2059 5158 2216 5230 jubet
2257 5160 2572 5227 comedere,
2603 5170 2666 5217 ut
2695 5162 2767 5217 sit
2808 5169 2920 5217 tota
2948 5176 3046 5232 per
3073 5169 3248 5217 totum
3273 5159 3480 5216 Christi
3528 5177 3646 5232 my-

380 5252 481 5305 σὺν
506 5253 619 5316 τοίς
663 5254 794 5307 ποσὶ
825 5254 921 5307 καὶ
947 5255 1063 5318 τοῖς
1100 5253 1393 5316 ἐνδοσθίοις
1433 5252 1710 5307 ἐπιτάττει
1740 5253 1957 5321 φαγεῖν,

378 5341 470 5395 ἵνα
499 5341 596 5414 ὅλη
640 5342 709 5397 δι’
742 5344 866 5398 ὅλου
912 5343 1009 5400 τοῦ
1056 5343 1200 5398 κατὰ
1239 5343 1475 5419 Χριστὸν
1509 5342 1809 5414 μυστηρίου
1838 5344 1960 5405 ταῖς

378 5432 643 5499 διανοίαις
673 5435 830 5507 ήμῶν
867 5437 902 5507 ἡ
941 5435 1159 5506 γνῶσις.
1194 5434 1295 5508 Είη
1337 5435 1380 5490 δ’
1412 5435 1479 5491 ἂν
1522 5435 1732 5507 κεφαλὴ
1779 5434 1877 5506 μὲν
1924 5436 1958 5506 ή

379 5523 525 5596 ἀρχὴ
572 5525 668 5579 τοῦ
725 5526 1048 5599 μυστηρίου,
1083 5527 1243 5592 πόδες
1273 5526 1351 5595 δὲ,
1381 5526 1441 5581 τὺ
1471 5527 1645 5592 τέλος.
1683 5524 1959 5581 Ἐνδόσθια

380 5612 442 5671 δὲ
469 5616 518 5668 οἰ
550 5616 984 5690 άποῤῥητότεροι
1028 5618 1123 5673 καὶ
1173 5618 1632 5691 κρυφιωδέστεροι
1680 5619 1850 5690 λόγοι.
1883 5619 1958 5674 Τὸ

2063 5249 2223 5306 διεῆὶ
2247 5250 2303 5306 in
2333 5253 2541 5309 nostris
2561 5254 2839 5310 mentibus
2859 5253 3120 5325 cognitio.
3153 5253 3251 5308 Est
3270 5260 3453 5308 autem
3477 5260 3645 5324 caput

2064 5338 2290 5409 quidem
2341 5341 2678 5413 principium
2732 5341 3011 5413 mysterii,
3060 5342 3233 5414 pedes
3275 5351 3460 5398 autem
3494 5342 3640 5399 ﬁnis.

2062 5429 2328 5487 Intestina
2353 5440 2536 5489 autem
2563 5433 2728 5504 paulo
2748 5433 2922 5504 magis
2956 5448 3156 5490 arcana
3189 5442 3245 5492 et
3275 5435 3493 5491 occulta
3514 5449 3642 5490 ver-

2064 5522 2154 5578 ha.
2189 5522 2325 5579 Illud
2353 5535 2535 5580 autem
2566 5541 2579 5578 :
2621 5543 2640 5576 ι
2670 5524 2788 5579 Νοιι
2817 5523 3142 5597 relinquetis
3173 5542 3241 5582 es
3265 5526 3348 5582 eis
3369 5542 3544 5598 usque
3573 5525 3661 5582 ad.

2063 5632 2245 5686 mane,
2280 5636 2298 5671 ι
2328 5618 2535 5675 indicat
2558 5619 2614 5674 in
2639 5618 2958 5676 dilationem
2986 5635 3099 5676 non
3123 5635 3245 5680 esse
3263 5619 3671 5678 transmittens.

454 5793 503 5828 ⁸³
523 5795 665 5854 Psal.
700 5813 843 5867 uxr,
868 5798 920 5853 7.
1000 5799 1045 5833 ⁸³
1073 5799 1245 5857 Ετοιί.
1275 5815 1367 5865 XII,
1396 5801 1445 5857 5.
1526 5800 1570 5833 ⁶⁰
1593 5801 1728 5857 Ibid.
1756 5802 1807 5855 7.
1886 5801 1926 5832 θ’

2059 5816 2115 5857 n.
2138 5816 2253 5867 xm,
2286 5799 2363 5855 l2.
2402 5858 2405 5859 γ
2445 5799 2486 5831 θ’
2520 5799 2663 5857 Psal.
2689 5813 2919 5861 xxxviii,
2946 5797 3000 5854 4.
