4076 6470
389 396 532 479 ieci

1605 402 1662 483 s.
1703 404 1979 484 CYRILLI
2014 424 2102 483 ET
2142 402 2452 483 ALIORUM

3521 403 3664 481 {203

389 539 516 592 dam
548 534 845 608 perfectam
872 538 992 607 ejus
1022 530 1413 609 cognitionem,
1442 532 1539 607 sed
1562 551 1732 598 totam
1757 554 1813 598 et
1837 543 1976 599 inte-

2092 543 2154 608 Sé,
2195 562 2213 594 ι
2248 543 2359 613 Ούχ
2393 541 2745 611 ύπολείψεσθε
2777 541 2873 594 ἀπ’
2900 541 3081 595 αὐτῶν
3108 539 3186 611 τῷ
3221 541 3384 610 πρωϊ·
3409 561 3428 592 ι
3484 559 3667 613 παρα-ι

391 643 543 700 gram
580 644 701 684 esse
740 630 1087 685 sumendam.
1132 630 1207 688 Os
1251 643 1434 690 autem
1468 651 1580 690 non
1622 637 1979 708 confringetis

388 728 455 777 ex
488 739 578 788 eo,
624 733 918 794 propterea
954 727 1101 796 quod
1148 728 1351 785 mentis
1391 729 1654 785 dentibus
1696 746 1808 785 non
1852 738 1980 785 sunt

390 814 690 869 esculenta:
731 814 870 869 albze
891 822 948 869 et
977 818 1210 872 occulta:
1236 819 1357 890 ejus
1376 820 1701 875 ,divinitatis
1738 820 1980 874 rationes

393 896 618 975 prOpter
635 920 790 961 suam
812 906 1094 963 duritiem.
1120 906 1488 982 Confringunt
1506 922 1691 967 autem
1712 922 1979 982 quantum

395 1012 447 1050 ιη
477 1012 535 1052 se
555 1007 641 1053 est
673 998 916 1055 lmretici
957 1002 1053 1071 qui
1086 1011 1411 1072 pervertunt
1455 1013 1606 1060 recta
1650 1004 1980 1059 documenta

391 1088 488 1143 Dei
528 1090 882 1160 cognitionis.
919 1090 1051 1158 Quae
1100 1100 1287 1149 autem
1347 1111 1416 1150 ex
1471 1111 1540 1150 eo
1589 1096 1980 1166 relinquuntur

394 1194 568 1249 usque
596 1179 667 1235 ad
688 1196 867 1247 mane,
891 1182 1051 1253 jubet
1074 1183 1198 1255 igne
1230 1182 1504 1251 comburi,
1530 1187 1661 1242 hinc
1682 1188 1981 1242 ostendens

392 1270 449 1324 in
481 1268 729 1325 futurum
751 1272 1012 1326 saeculum
1042 1272 1285 1328 futuram
1309 1274 1765 1329 illuminationem
1786 1290 1979 1330 earum

393 1378 516 1432 quae
539 1362 608 1417 de
633 1376 701 1417 eo
729 1371 942 1417 restant
966 1364 1243 1420 rationum
1273 1365 1342 1419 ad
1371 1365 1808 1436 dignoscendum
1836 1365 1978 1419 dilli-

393 1453 600 1509 cilium.
670 1452 742 1509 Et
792 1454 1112 1511 succinctos
1173 1457 1396 1527 quidem
1458 1473 1581 1512 esse
1642 1457 1862 1513 lumbos
1895 1448 1995 1512 est.

393 1542 615 1617 signum
639 1544 945 1602 ferocitatis
969 1555 1026 1602 et
1049 1549 1311 1619 juvenilis
1339 1548 1584 1604 audaciae
1627 1556 1683 1604 et
1727 1550 1976 1619 spiritus.

403 1636 752 1710 «Accingere
814 1640 985 1699 enim.
1047 1640 1249 1710 inquit,
1303 1649 1563 1712 tanquam
1622 1641 1708 1696 vir
1761 1643 1981 1698 lumbos

394 1724 522 1786 tuos
541 1730 605 1783 ⁸³.
639 1750 656 1783 ι
698 1732 767 1786 Ει
816 1747 1012 1786 rursus
1057 1731 1125 1786 de
1171 1726 1431 1802 quopiam
1482 1749 1580 1803 per
1608 1734 1976 1803 prophetam:

404 1841 423 1872 α
454 1822 524 1877 Et
547 1822 656 1877 erit
680 1823 893 1894 justitia
925 1823 1207 1879 accinctus
1231 1824 1452 1879 lumbos
1479 1839 1609 1879 suos
1627 1824 1694 1888 “,
1726 1844 1744 1875 ι
1784 1840 1885 1895 pro
1913 1840 1981 1879 eo

2079 632 2231 703 δηλοῖ
2260 632 2320 685 ἰδ
2366 632 2440 702 μὴ
2473 630 2944 703 παραπέμπεσθαι
2997 634 3077 695 εἰς
3124 628 3416 701 ἀναϐολὴν,
3446 630 3547 702 τὴν
3572 651 3666 686 τεο

2080 725 2229 778 λείαν
2281 726 2410 795 περὶ
2460 725 2624 778 αὑτοῦ
2658 725 2857 794 γνῶσιν
2879 769 2892 790 ,
2932 724 3068 777 ἀλλὰ
3094 723 3277 794 πάσης
3305 723 3662 794 μεταλαμϐά-

2080 822 2195 869 νειν
2227 817 2308 879 εἰς
2357 812 2549 885 ὁλόκλη
2560 833 2668 886 ρον.
2719 816 2942 869 Ὀστοῦν
2974 815 3032 868 δὲ
3056 814 3150 868 ἀπ’
3170 814 3335 869 αὐτοῦ
3356 815 3417 868 οὒ
3449 819 3668 887 συντρί-

2079 906 2242 977 ψετε,
2271 906 2408 960 διότι
2450 908 2673 980 ἄϐρωτα
2712 911 2824 972 τοῖς
2876 907 3057 961 ὀδοῦσι
3085 905 3181 960 τοῦ
3227 904 3342 973 νοῦ,
3382 909 3433 960 οἰ
3478 908 3669 962 λευκοὶ

2081 1003 2176 1055 καὶ
2217 1005 2594 1074 κεκρυμμένοι
2630 1003 2728 1074 τῆς
2754 1002 3006 1073 θεότητος
3040 1001 3205 1056 αὑτοῦ
3243 1002 3393 1070 λόγοι
3437 1000 3526 1054 διὰ
3567 1000 3668 1070 τὴν

2080 1093 2293 1147 οἰκείαν
2328 1095 2687 1165 στερρότητα.
2723 1094 3077 1166 Συντρίϐουσι
3105 1093 3162 1145 δὲ
3196 1094 3320 1147 ὅσον
3352 1093 3414 1145 τὸ
3444 1093 3671 1160 ιῑ;‹ί’›”’ἑαυ⁶

2079 1186 2214 1251 τοῖς,
2262 1187 2312 1238 οἰ
2350 1184 2418 1239 τὰ
2461 1184 2599 1256 ὀρθὰ
2646 1186 3067 1255 διαστρέφοντες
3116 1183 3384 1256 αἰρετικοὶ
3427 1178 3528 1253 τῆς
3557 1182 3672 1235 θεο-

2080 1279 2320 1348 γνωσίας
2377 1266 2705 1348 διδάγματα.
2769 1277 2852 1331 Τὰ
2897 1278 2954 1331 δὲ
2994 1267 3519 1348 καταλιμπανόμενα
3571 1268 3669 1328 ἁπ⁴

2081 1369 2247 1423 αὐτοῦ
2291 1368 2397 1434 ἕως
2435 1367 2579 1438 πρωῒ
2615 1371 2748 1439 πυρὶ
2788 1369 3181 1423 κατακαίεσθαι
3213 1367 3448 1431 κελεύει,
3494 1365 3670 1436 δηλῶν

2080 1459 2331 1513 ἐντεῦθεν
2360 1460 2452 1512 τὸν
2484 1462 2562 1523 εἰς
2594 1460 2687 1513 τὸν
2728 1458 2901 1514 αἰῶνα
2929 1459 3021 1513 τὸν
3069 1452 3330 1530 μέλλοντα
3375 1455 3672 1527 γενησόμερ

2081 1569 2170 1605 νον
2214 1546 2492 1621 φωτισμὸν
2530 1550 2639 1603 τῶν
2668 1544 3198 1621 ὑπολιμπανομένων
3225 1551 3355 1622 περὶ
3388 1548 3552 1602 αὑτοῦ
3582 1546 3671 1599 λό‹ι

2080 1657 2193 1708 γων
2218 1641 2623 1709 ἀδιαγνώστων.
2658 1642 2766 1695 Καὶ
2781 1638 2840 1694 τὸ
2862 1641 2960 1712 μὲν
2980 1640 3346 1712 περιεζῶσθαι
3365 1639 3462 1711 τὴν
3473 1623 3668 1708 ὀσφὺν,

2081 1732 2416 1803 γοργότητος
2457 1731 2522 1784 ἂν
2554 1732 2639 1802 εἰη
2674 1730 2945 1801 σύμϐολον
2982 1732 3077 1784 καὶ
3104 1729 3353 1785 νεανικοῦ
3384 1730 3671 1803 φρονήμα-

2081 1840 2191 1887 τος.
2230 1842 2248 1874 ι
2285 1823 2466 1876 Ζῶσαι
2493 1822 2625 1895 γὰρ,
2666 1826 2854 1894 φησιν,
2892 1824 2967 1886 ὠς
3001 1823 3141 1894 ἀνὴρ
3163 1822 3463 1894 τὴνόσφύν
3488 1839 3604 1875 σου.
3643 1839 3664 1873 ι

398 1899 547 1981 quod
571 1921 677 1976 est,
709 1911 976 1968 terribilis
1008 1921 1064 1968 et
1094 1912 1255 1968 fortis
1272 1913 1505 1984 justitia.
1541 1912 1862 1984 Signiﬁcant
1887 1930 1983 1968 au-

2092 1914 2195 1968 Καὶ
2225 1913 2387 1967 πάλιν
2422 1914 2552 1985 περί
2591 1931 2737 1976 τινος
2764 1914 2851 1968 διὰ
2879 1912 2972 1966 τοῦ
3003 1912 3308 1985 προφήτου,
3339 1932 3358 1963 ι
3386 1912 3497 1965 Καὶ
3519 1911 3672 1964 ἔσται

398 2013 509 2059 tem
549 1998 720 2059 calcei
743 2003 966 2074 quidem
998 2013 1314 2074 promptum
1345 2005 1589 2061 animum
1636 2006 1705 2061 ad
1737 2006 1980 2061 eundum

396 2111 507 2167 quo
549 2096 683 2151 velit
726 2097 889 2151 Deus.
941 2084 1085 2151 Dicit
1112 2097 1262 2151 enim
1293 2096 1531 2151 Paulus:
1566 2116 1583 2147 ι
1612 2098 1680 2152 Εἰ
1708 2097 1983 2152 calceatus

396 2189 567 2260 pedes
612 2187 669 2242 in
714 2188 1119 2258 praeparatione
1166 2188 1451 2259 Evangelii
1492 2190 1643 2259 pacis
1663 2189 1728 2243 ⁸⁸.
1758 2209 1777 2240 )
1820 2190 1981 2260 Virga

395 2284 581 2332 autem
614 2293 766 2347 spem
796 2293 919 2347 quae
944 2292 1047 2332 nos
1077 2278 1235 2333 fulcit
1262 2286 1319 2332 et
1346 2287 1621 2335 sustentat
1643 2279 1709 2334 ad
1744 2280 1984 2335 toleran-

398 2358 549 2423 tiam.
586 2368 936 2424 Festinanter
965 2378 1151 2424 autem
1182 2375 1381 2442 agnum
1421 2373 1732 2439 comedere,
1776 2373 1984 2445 signiﬁ-
2028 2433 2036 2444 _

396 2466 485 2541 cat
502 2459 709 2514 nullam
734 2446 940 2515 debere
966 2476 1087 2516 esse
1111 2462 1509 2518 hebetudinem
1538 2480 1718 2535 neque
1748 2464 1986 2520 dissolu-

396 2549 604 2605 tionem
632 2560 690 2606 et
718 2552 1131 2607 enervationem
1160 2548 1215 2609 in
1245 2554 1614 2611 discernenda
1638 2556 1841 2611 Christi
1866 2573 1984 2628 my-

396 2639 586 2695 sterio.
616 2640 911 2714 Subjungit
942 2653 1128 2699 autem
1155 2661 1376 2701 causam
1398 2663 1500 2702 cur
1531 2655 1786 2716 oporteat
1807 2648 1985 2703 videri

397 2732 585 2798 talem,
642 2733 875 2789 dicens:
917 2755 935 2786 ι
965 2732 1062 2790 Est
1113 2738 1318 2806 pascha
1366 2738 1622 2805 Domino,
1656 2759 1673 2790 ι
1715 2739 1822 2794 hoc
1877 2747 1982 2804 est,

397 2810 674 2907 transitus.
708 2826 1032 2884 Transimus
1049 2830 1197 2883 enim
1242 2845 1273 2883 a
1317 2839 1545 2900 peccato
1591 2832 1657 2886 ad
1701 2832 1983 2886 virtutem.

401 2906 623 2986 Septem
647 2925 832 2972 autem
859 2919 989 2974 totis
1017 2920 1215 2975 diebus
1235 2921 1393 2990 jubet
1421 2922 1492 2977 ali
1523 2923 1760 2992 panibus
1783 2923 1989 2994 azymis

400 3011 497 3061 eos
515 3007 610 3076 qui
636 2995 853 3062 sacrum
889 3023 1090 3079 agnum
1116 3009 1431 3065 comedunt.
1466 3009 1698 3081 Oportet
1719 3012 1866 3067 enim
1888 3028 1990 3083 pu-

404 3084 483 3149 ris
527 3086 841 3166 dogmatum
903 3098 1282 3164 nutrimentis,
1345 3108 1401 3155 et
1456 3101 1593 3156 vitio
1644 3114 1753 3158 non
1788 3102 1983 3171 mistis,

403 3186 559 3241 suam
586 3173 799 3243 nutrire
827 3185 1071 3243 animum
1094 3204 1191 3245 eos
1214 3189 1307 3261 qui
1335 3191 1451 3245 veri
1474 3191 1612 3263 Agni
1654 3201 1783 3248 sunt
1818 3194 1989 3264 parti-

404 3276 556 3350 cipes
577 3287 689 3349 toto
710 3274 912 3337 saa'eulo‘
942 3276 1329 3339 hebdomatico
1350 3282 1496 3354 quod
1525 3285 1753 3341 metitur
1777 3286 1991 3341 hebdo-

328 3440 335 3449 ρ
405 3377 542 3427 mas.
580 3372 837 3428 Sanctum
879 3370 1066 3430 autem
1092 3380 1257 3431 vocat
1286 3376 1528 3447 primum
1558 3389 1616 3432 et
1662 3378 1991 3449 septimum;

411 3476 536 3517 nam
559 3471 617 3518 et
645 3472 898 3519 sanctum
923 3475 1008 3520 est
1039 3473 1255 3536 tempus
1285 3465 1434 3535 quod
1465 3474 1587 3521 erat
1607 3466 1991 3538 in,principio,

406 3554 462 3611 in
493 3572 604 3627 quo
625 3548 859 3628 degebat
886 3558 1061 3613 Adam
1087 3558 1143 3612 in
1170 3559 1448 3630 paradiso,
1501 3566 1559 3614 et
1586 3559 1735 3629 quod
1785 3560 1889 3614 fuit
1935 3560 1994 3615 in

342 3704 347 3711 ,
405 3649 688 3714 extremis,
720 3636 868 3719 quod
898 3634 1200 3706 adveniens
1217 3650 1472 3706 Christus
1503 3649 1884 3706 sanetilicavit.

2083 2002 2393 2074 δικαιοσύνῃ
2426 2003 2733 2074 ἑζωσμένος
2775 2002 2871 2075 τὴν
2902 2003 3074 2072 ὀσφὺν
3108 2002 3297 2068 αὑτοῦ,
3341 2021 3359 2053 ι
3393 2002 3515 2055 ἀντὶ
3551 2000 3670 2065 τοῦ,

2083 2095 2282 2167 γοργὸς
2330 2096 2428 2148 καὶ
2473 2096 2720 2166 ἀνδρεῖος
2762 2097 2819 2149 ὲν
2863 2094 3201 2167 δικαιοσύνῃ.
3246 2094 3577 2164 Σημαίνουσι
3614 2092 3674 2146 δὲ

2083 2188 2153 2242 τὰ
2192 2188 2290 2258 μὲν
2335 2187 2691 2259 ὑποδήματα,
2723 2188 2824 2257 τὴν
2855 2187 3181 2258 ἑτοιμότητα
3210 2188 3309 2258 τῆς
3334 2185 3561 2263 γνώμης
3594 2188 3676 2249 εἰς

2084 2278 2146 2332 τὸ
2184 2277 2422 2350 βαδίζειν
2455 2280 2591 2351 πρὸς
2648 2278 2787 2347 ὅπερ
2824 2278 2890 2333 ἂν
2923 2278 3169 2349 βούλοιτο
3206 2277 3360 2341 Θεός.
3392 2277 3532 2348 Φησὶ
3562 2276 3677 2346 γὰρ

2086 2370 2180 2423 καὶ
2199 2368 2430 2433 Παῦλος,
2464 2388 2483 2421 ι
2506 2370 2616 2423 Καὶ
2646 2370 3055 2441 ὑποδυσάμενος
3084 2370 3212 2433 τοὺς
3244 2369 3411 2432 πόδας
3444 2368 3504 2422 ὲν
3533 2368 3677 2421 ἑτοι-

2090 2461 2264 2531 μασίᾳ
2294 2460 2388 2514 τοῦ
2419 2460 2755 2530 Εὐαγγελίου
2794 2462 2892 2533 τῆς
2917 2461 3163 2533 εἰρήνης.
3222 2481 3241 2514 ι
3286 2461 3351 2514 Ἠ
3384 2460 3441 2513 δὲ
3481 2458 3676 2530 ῥάϐδος

2087 2552 2185 2629 τὴν
2248 2552 2738 2624 ἀντιστηρίζουσαν
2781 2555 2931 2627 ἡμᾶς
2973 2555 3205 2618 ἐλπίδα,
3247 2552 3339 2607 καὶ
3376 2551 3677 2622 ἀνέχουσαν

2088 2643 2226 2716 πρὸς
2247 2634 2546 2715 ὑπομονήν.
2575 2644 2648 2698 Τὸ
2669 2645 2725 2697 δὲ
2752 2644 2889 2717 μετὰ
2909 2644 3146 2715 σπουδῆς
3175 2642 3453 2697 ἐσθίεσθαι
3481 2642 3676 2714 ἀμνὸν,

2087 2734 2148 2787 τὸ
2184 2734 2259 2805 μὴ
2303 2734 2508 2807 νωθρὸν
2540 2735 2617 2807 μὴ
2644 2735 2701 2789 δὲ
2733 2736 3063 2808 παρειμένον
3089 2737 3146 2789 ἑν
3173 2739 3237 2807 τῇ
3266 2735 3555 2803 διαγνώσει
3582 2726 3678 2789 τοῦ

2089 2825 2229 2878 κατὰ
2261 2825 2500 2895 Χριστὸν
2530 2825 2853 2899 μυστηρίου.
2895 2827 3121 2896 Ἐπάγει
3150 2826 3207 2880 δὲ
3235 2827 3331 2881 καὶ¹
3362 2827 3462 2898 τὴν
3498 2827 3679 2881 αἰτίαν

2088 2916 2181 2971 τοῦ
2208 2917 2317 2971 δεῖν
2345 2917 2576 2989 ὁρᾶσθαι
2605 2917 2866 2984 τοιοῦτον,
2900 2937 2920 2969 ι
2949 2918 3164 2989 Πάσχα,
3197 2917 3394 2987 λέγων,
3427 2918 3544 2972 ἐστὶ
3565 2919 3680 2971 Κυ-

2095 3007 2214 3078 ρίῳ,
2264 3027 2282 3059 ο
2339 3007 2484 3061 τοῦτ’
2525 3008 2691 3072 ἔστιν,
2720 3007 3122 3079 διαϐατήριον.
3167 3009 3529 3081 Διαϐαίνομεν
3581 3008 3681 3080 (ἀρ

2091 3098 2199 3152 ἀπὸ
2239 3099 2339 3168 τῆς
2390 3099 2663 3170 ἁμαρτίας
2717 3101 2794 3163 εἰς
2850 3101 2951 3168 τὴν
3009 3101 3233 3173 ἀρετήν.
3296 3102 3411 3170 Ἐφ’
3454 3100 3681 3155 ἑπτὰδὲ

2092 3191 2243 3255 ὅλαις
2293 3193 2532 3264 ἡμέραις
2579 3192 2765 3265 ἄρτοις
2819 3192 3047 3264 ἀζύμοις
3107 3192 3406 3265 τρέφεσθαι
3466 3193 3683 3246 κελεύει

2094 3283 2222 3347 τοὺς
2265 3282 2357 3337 τὸν
2404 3282 2547 3355 ἱερὸν
2580 3284 2853 3353 φαγόντας
2884 3285 3078 3353 ἀμνόν.
3120 3284 3241 3355 Χρὴ
3276 3286 3384 3355 γὰρ
3415 3277 3683 3354 καθαραῖς

2093 3378 2322 3447 τροφαῖς
2372 3375 2684 3446 δογμάτων,
2734 3376 2827 3430 καὶ
2876 3376 3103 3448 ἀμιγέσι
3147 3375 3519 3446 φαυλότητος,
3552 3376 3684 3429 ἁπο-

2090 3467 2315 3539 τρέφειν
2354 3469 2454 3539 τὴν
2504 3464 2715 3521 ἑαυτῶν
2761 3467 2941 3538 ψυχὴν
2985 3468 3112 3531 τοὺς
3168 3466 3684 3539 μεταλαμϐάνοντας

2091 3559 2185 3614 τοῦ
2209 3558 2464 3631 ἀληθινοῦ
2504 3558 2723 3631 Ἀμνοῦ,
2747 3560 2877 3631 παρ’
2909 3559 3028 3614 ὅλον
3056 3558 3408 3631 ἑϐδοματικὸν
3437 3558 3530 3613 τὸν
3559 3558 3686 3612 αἰῶο

2094 3671 2180 3719 να,
2233 3653 2324 3706 τὸν
2366 3651 2454 3707 διὰ
2484 3652 2586 3722 τῆς
2636 3651 2933 3724 ἑϐδομάδος
2965 3647 3591 3724 μετρούμενον.’⁹Λγίαν
3630 3646 3687 3701 δὲ

407 3742 509 3813 τὴν
546 3743 770 3815 πρώτην
842 3744 937 3798 mit
967 3743 1064 3812 τὴν
1107 3744 1342 3818 ἑϐδόμην
1368 3738 1544 3800 καλεῖ·
1584 3746 1737 3817 ἅγιος
1788 3746 1898 3819 γὰρ
1960 3749 1989 3801 ὁ
2027 3748 2085 3803 ἑν
2115 3750 2259 3820 ἀρχῇ
2322 3764 2382 3802 τε
2428 3747 2640 3821 χρόνος,
2676 3747 2798 3802 καθ’
2858 3747 2917 3801 δν
2980 3748 3039 3801 ἑν
3095 3746 3408 3818 παραδείσῳ
3468 3745 3689 3818 διῃτᾶτο

424 3832 613 3904 Ἀδὰμ,
647 3836 741 3887 καὶ
765 3835 793 3888 ὁ
819 3835 906 3890 ἐπ’
940 3838 1204 3907 ἐσχάτων,
1238 3836 1298 3891 δν
1324 3840 1353 3892 ό
1378 3831 1611 3911 Χριστὸς
1640 3839 1987 3909 ἐπιδημήσας
2024 3838 2270 3911 ἡγίασενε

537 3936 614 4002 De
644 3947 926 4015 Pascltate,
970 3959 1020 4004 et
1050 3930 1375 4017 Pentecoste,
1406 3960 1455 4006 et
1486 3953 1686 4008 caéteris
1727 3951 1891 4022 festis.

484 4150 695 4219 Pascha
725 4160 951 4231 quidem
999 4171 1121 4217 erat
1162 4161 1475 4234 symbolum
1529 4138 1723 4217 ac‘tivm
1756 4162 2001 4231 philoso~

417 4244 669 4325 tibimet
687 4270 810 4325 qua:
835 4255 1172 4310 transmittat
1232 4269 1263 4309 a
1309 4262 1536 4324 peccato
1590 4253 1657 4309 ad
1719 4254 2004 4309 virtutem.

419 4347 741 4407 Pentecoste
793 4354 978 4401 autem
1025 4353 1148 4402 erat
1176 4356 1338 4417 typus
1367 4345 1640 4401 naturalis
1688 4348 1745 4402 in
1803 4346 2001 4417 spiritu

416 4432 923 4509 Contemplationis,
937 4439 1053 4495 Deo
1073 4438 1362 4495 otl‘erentis
1377 4446 1638 4511 tanquam
1660 4440 1867 4494 aestatis
1886 4439 2003 4509 pri-

418 4532 606 4589 mitias
628 4532 699 4587 de
724 4532 792 4586 iis
816 4548 940 4602 quae
969 4540 1100 4587 sunt
1123 4532 1244 4603 pias
1274 4533 1585 4603 opiniones.
1613 4533 1785 4589 Tuba:
1820 4539 2004 4587 autem

419 4618 551 4677 s'tnt
578 4622 887 4694 symbolum
918 4623 1175 4677 humanae
1198 4632 1407 4678 natura:
1424 4639 1455 4678 a
1478 4624 1592 4679 Deo
1617 4621 2005 4691 susceptionis,

423 4710 544 4784 qua
566 4714 900 4785 prazdicatur
926 4730 1025 4785 per
1058 4715 1233 4785 legem
1264 4722 1321 4769 et
1351 4716 1669 4786 prophetas.
1707 4713 1885 4767 Hilem
1909 4728 2010 4767 au-

427 4814 537 4863 tem
562 4813 648 4863 est
676 4815 837 4878 typus
867 4807 1341 4863 reconciliationis
1379 4807 1477 4862 Dei
1510 4820 1635 4861 cum
1671 4804 2012 4870 hominibus,
2044 4802 2049 4807 ’

425 4902 589 4970 imam
624 4899 810 4955 etl‘ecit
830 4899 926 4957 Dei
951 4906 1007 4954 et
1038 4898 1348 4955 Servatoris
1385 4898 1591 4954 Christi
1623 4897 1878 4951 humanae
1920 4912 2017 4951 na-

2046 4687 2087 4740 Ι)

2098 3957 2238 4024 Περὶ
2268 3956 2376 4011 τοῦ
2410 3953 2650 4023 Πάσχα,
2689 3955 2786 4036 καὶ
2835 3950 2944 4036 τῇς
2963 3951 3409 4032 ιζεντηκοστῆς,
3443 3950 3546 4005 καὶ
3567 3947 3693 4005 λοιδ

2691 4032 2821 4076 πων
2853 4032 3094 4091 ἐορτων.

2181 4159 2255 4212 Τὸ
2301 4158 2493 4229 Πάσχα
2536 4159 2634 4228 μὲν
2691 4155 2963 4228 σύμϐολον
3017 4150 3086 4228 ἦν
3134 4152 3446 4225 πρακτικῆς
3486 4150 3698 4222 φιλοσο-

2107 4252 2256 4321 φίας,
2288 4249 2712 4321 διαϐιϐαζούσης
2748 4249 2857 4304 ἀπὸ
2886 4249 2986 4321 τῆς
3013 4248 3290 4320 ἁμαρτίας
3317 4246 3398 4309 εἰς
3424 4244 3524 4317 τὴν
3564 4246 3698 4315 ape.

2113 4346 2234 4415 τήν.
2266 4343 2334 4398 Ἡ
2382 4342 2731 4415 Πεντηκοστὴ
2774 4342 2831 4397 δὲ
2869 4341 3040 4405 τύπος
3081 4336 3150 4411 ἦν
3181 4338 3283 4410 τῆς
3321 4339 3380 4408 ἑν
3423 4336 3700 4409 πνεύματι

2115 4438 2354 4506 φυσικῆς
2407 4435 2639 4507 θεωρίας
2694 4432 3112 4505 προσφερούσης
3148 4430 3226 4502 τῷ
3277 4430 3397 4501 Θεῷ
3448 4429 3699 4499 καθάπερ

2116 4529 2371 4601 ἀπαρχὰς
2404 4527 2599 4597 θέρους
2631 4525 2732 4589 τὰς
2768 4525 2899 4597 περὶ
2922 4525 3031 4579 τῶν
3054 4525 3223 4578 όντων
3243 4522 3489 4585 εὐσεϐεῖς
3516 4520 3696 4586 δόξας.

2115 4621 2182 4676 Αἰ
2213 4621 2269 4675 δὲ
2311 4621 2630 4689 σάλπιγγες,
2668 4618 2936 4689 σύμϐολον
2952 4619 3052 4689 τῆς
3072 4615 3484 4687 κηρυττομένης
3500 4613 3586 4666 διὰ
3605 4610 3699 4665 τοῦ

2117 4715 2281 4785 νόμου
2309 4714 2404 4768 καὶ
2430 4712 2538 4766 τῶν
2583 4698 2876 4782 προφητῶν
2910 4709 3381 4781 ὲνανθρωπήσεως
3416 4704 3511 4759 τοῦ
3542 4698 3701 4757 θεοῦ.

2127 4807 2184 4860 Ὁ
2217 4806 2274 4859 δὲ
2317 4803 2480 4875 Ὶλὲμ,
2517 4802 2686 4867 τύπος
2730 4803 2833 4872 τῆς
2876 4798 2970 4855 τοῦ
3014 4799 3150 4854 Θεοῦ
3193 4798 3332 4869 πρὸς
3384 4794 3705 4867 ἀνθρώπους

2115 4896 2486 4966 καταλλαγῆς,
2517 4897 2587 4965 ἢν
2618 4897 2651 4965 ἡ
2691 4893 2787 4947 τοῦ
2832 4893 2969 4947 Θεοῦ
3026 4893 3118 4947 καὶ
3165 4891 3420 4960 Σωτῆρος
3463 4884 3705 4959 Χριστοῦ

430 5001 565 5047 tura:
597 4993 897 5061 susceptio.
932 4991 1273 5062 Scenopegia
1306 5001 1492 5046 autem
1534 4995 1654 5043 erat
1697 4990 1986 5058 praeceden

2118 4987 2479 5058 κατώρθωσεν
2519 4985 2953 5059 ὲνανθρώπησις.
2989 4985 3055 5037 Ἥ
3089 4983 3146 5036 δὲ
3179 4980 3538 5052 Σκηνοπηγία
3570 4994 3710 5048 προ-

427 5086 732 5170 ἧιθεοτὶριὶο
794 5087 1221 5143 resurrectionis
1288 5086 1459 5139 totius
1526 5082 1716 5137 mundi
1772 5098 1803 5137 a
1868 5097 2018 5139 mor:-

429 5180 558 5237 tuis.

1050 5291 1129 5345 De
1162 5288 1393 5345 Sabbato
1415 5332 1433 5355 ο

498 5404 623 5461 Non
657 5402 779 5459 dies
809 5403 1001 5458 volens
1049 5399 1313 5457 honorari
1358 5396 1437 5453 ‘ab
1472 5398 1808 5462 hominibus,
1860 5395 2024 5467 jussit

436 5495 581 5551 Deus
604 5492 872 5550 honorari
895 5493 1218 5557 Sabbatum,
1248 5500 1304 5545 et
1331 5489 1451 5547 dies
1488 5504 1646 5544 nova:
1676 5489 1822 5544 lunae
1861 5494 1918 5542 et
1946 5484 2026 5540 fe-

2119 5081 2386 5151 χάραγμα
2441 5074 2510 5149 ἦν
2542 5081 2658 5150 ,τῆς
2709 5077 3054 5147 παγκοσμίου
3103 5077 3168 5127 ἐκ
3223 5072 3432 5143 νεκρῶν
3470 5068 3711 5124 ἀναστά-

2125 5190 2281 5237 σεως.

2597 5282 2737 5349 Περί
2775 5268 2881 5333 τοῦ
2921 5275 3247 5331 Σαϐϐάτου.

2199 5397 2273 5451 Οὐ
2325 5396 2422 5459 τὰς
2469 5393 2682 5466 ἡμέρας
2719 5389 2983 5461 τιμᾶσθαι
3021 5387 3345 5459 βουλόμενος
3375 5386 3404 5437 ὁ
3444 5381 3577 5445 Θεὸς
3606 5378 3716 5432 ὑπὸ

2125 5487 2233 5540 τῶν
2272 5484 2610 5559 ἀνθρώπων,
2654 5480 2956 5555 προσέταξε
2995 5480 3259 5551 τιμᾶσθαι
3291 5477 3354 5531 τὸ
3397 5474 3713 5537 Σάϐϐατον,

436 5582 648 5643 storum
693 5602 707 5638 :
757 5584 836 5640 sic
882 5586 1029 5640 enim
1087 5582 1432 5659 permisisset
1477 5591 1787 5639 creaturam
1837 5577 1988 5633 colcr

2130 5577 2222 5630 καὶ
2250 5576 2346 5639 τὰς
2368 5575 2584 5646 ἡμέρας
2605 5573 2712 5627 τῶν
2729 5570 3028 5642 νεομηνιῶν
3055 5569 3148 5623 καὶ
3181 5569 3289 5623 τῶν
3323 5564 3544 5639 ἑορτῶν·
3570 5561 3718 5616 οὕτω

436 5664 729 5751 plusquam
751 5674 1071 5734 Creatorem
1088 5655 1117 5731 ἦε
1152 5677 1245 5733 sed
1266 5677 1564 5753 symbolice
1586 5689 1686 5745 per
1704 5668 1989 5741 hujusmod

2131 5662 2241 5740 γὰρ
2277 5667 2343 5722 ἂν
2372 5668 2639 5737 ἐπέτρεπε
2675 5663 2957 5735 λατρεύειν
2983 5664 3049 5732 τῇ
3081 5661 3252 5715 κτίσει
3284 5658 3435 5733 παρὰ
3462 5656 3553 5711 τὸν
3588 5655 3711 5711 mt—

515 5844 687 5919 “lob
723 5873 941 5926 xxmu,
973 5858 1026 5914 5.
1107 5860 1152 5891 ⁸⁵
1181 5858 1286 5914 lsa.
1309 5874 1382 5923 ιι,
1416 5857 1469 5910 5.
1544 5854 1588 5885 θ’
1610 5850 1813 5922 Ephes.
1845 5864 1919 5915 vr,
1954 5847 2042 5903 15.
