4076 6468
404 422 542 493 i909

1796 423 2200 483 COLLECTAN
2207 427 2312 485 EA.

3521 429 3662 488 1210

402 569 591 610 σαντα·
639 551 775 607 ἀλλά
809 550 1152 622 συμϐολικῶς
1197 551 1285 604 διὰ
1312 549 1417 603 τῶν
1447 549 1704 602 τοιούτων
1748 547 1966 618 ἡμερῶν

2081 549 2202 606 dies
2227 553 2420 607 statuit
2441 560 2502 606 ut
2531 552 2646 623 ipse
2676 553 3060 608 honoraretur.
3089 551 3209 623 Ipse
3231 549 3378 604 enim
3407 557 3493 604 est
3525 549 3664 604 Sab-

400 647 591 700 ἑαυτὸν
621 643 882 713 τιμᾶσθαι
915 643 1323 714 ἐνομοτέθησεν.
1363 643 1533 705 Αὐτὸς
1565 643 1672 712 γάρ
1705 643 1819 694 ἐστι
1841 640 1980 692 Σάϐ-

399 740 728 789 ϐατον.......
774 733 883 787 τῶν
913 735 970 786 ὲν
1017 735 1228 804 σώματι
1258 732 1472 804 μόχθων
1505 734 1602 802 τῆς
1631 733 1807 802 ψυχῆς
1847 732 1980 786 ἀνά·-

399 841 618 888 παυσις,
645 823 741 876 καὶ
778 823 884 875 τῶν
923 824 1064 877 κατὰ
1098 824 1444 894 δικαιοσύνην
1481 824 1656 877 πόνων
1695 823 1975 878 κατάπαυ-

399 931 503 979 σις.
534 914 814 986 Νεομηνία
858 914 950 980 δὲ,
996 915 1072 979 ὡς
1111 915 1255 986 ἀρχὴ
1293 916 1392 985 τῆς
1448 915 1671 984 πρώτης
1709 916 1978 984 κινήσεως

395 1006 504 1060 τῶν
545 1006 779 1078 ἀρετῶν.
810 1007 950 1077 Παρ’
990 1006 1152 1060 αὐτοῦ
1191 1005 1299 1076 γὰρ
1343 1004 1537 1076 ἔχομεν
1572 1005 1645 1058 τά
1686 1005 1977 1075 σπέρματα

393 1099 621 1164 τούτων,
665 1101 732 1170 τῇ
772 1099 894 1152 καθ’
952 1099 1100 1168 ἡμᾶς
1161 1097 1321 1166 φύσει
1391 1094 1972 1165 συγκαταϐεϐλημένα.

408 1186 560 1242 Ἐπεὶ
595 1185 654 1239 δὲ
694 1185 984 1256 διαφόρους
1017 1183 1122 1238 οίδε
1161 1184 1260 1248 τὰς
1291 1184 1483 1254 ἑορτὰς
1515 1187 1542 1238 6
1584 1185 1766 1254 νόμος,
1813 1184 1975 1248 αὐτὸς

395 1279 556 1334 πάλιν
589 1278 616 1330 6
659 1277 790 1340 Θεός
819 1278 935 1330 ἐστι
974 1278 1164 1346 Πάσχα
1200 1277 1318 1346 μὲν,
1361 1277 1437 1339 ὡς
1461 1275 1828 1346 ὲλευθερωτὴς
1866 1275 1972 1329 τῶν

393 1370 457 1438 τῇ
495 1369 669 1438 πικρᾷ
701 1365 914 1437 δουλείᾳ
947 1369 1043 1435 τῆς
1074 1366 1350 1436 ἁμαρτίας
1387 1364 1834 1437 κεκρατημένων,
1877 1364 1973 1419 καὶ

380 1457 640 1521 ,διάϐασις
674 1455 782 1510 ἀπὸ
816 1455 1088 1526 ἁμαρτίας
1122 1456 1204 1518 είς
1230 1456 1448 1526 ἀρετὴν,
1480 1457 1575 1509 καὶ
1603 1455 1712 1508 ἀπὸ
1746 1456 1971 1519 σκότους

391 1551 473 1614 είς
516 1549 652 1618 φῶς.
684 1547 1060 1619 Πεντηκοστὴ,
1091 1545 1167 1610 ὡς
1213 1548 1436 1618 ἀπαρχὴ
1481 1547 1674 1618 θέρους
1704 1546 1782 1616 τῷ
1825 1546 1970 1617 Θεῷ”

391 1639 812 1711 προσεφέροντο.
865 1638 1034 1708 Θέρος
1065 1638 1122 1691 δὲ
1157 1640 1418 1708 μυστικὸν
1463 1641 1514 1691 οἱ
1561 1638 1967 1709 γεωργούμενοι

389 1731 477 1785 διὰ
523 1733 623 1802 τῆς
665 1729 761 1784 τοῦ
804 1729 1058 1800 Σωτῆρος
1098 1729 1593 1801 ὲνανθρωπήσεως,
1640 1722 1715 1783 ὧν
1744 1729 1967 1800 ἀπαρχὴ

387 1821 550 1885 αὐτὸς
589 1821 730 1874 κατὰ
760 1819 820 1873 τὸ
850 1818 1188 1888 ἀνθρώπινον
1214 1820 1559 1892 προσηνέχθη
1584 1820 1675 1874 διὰ
1703 1819 1799 1874 τοῦ
1833 1820 1968 1884 ζωο-

387 1912 544 1986 ποιοῦ
587 1913 818 1966 Θανάτου
849 1911 1032 1966 αὑτοῦ.
1103 1913 1258 1966 Ἐπεὶ
1306 1912 1362 1965 δὲ
1410 1913 1504 1965 καὶ
1554 1913 1870 1981 σαλπίγγων
1897 1908 1965 1982 ἦν

387 2003 569 2076 ἑορτὴ,
609 2004 703 2057 καὶ
754 2003 988 2075 ἱλασμοῦ
1021 2005 1117 2058 καὶ
1152 2005 1548 2074 σκηνοπηγίας,
1604 2005 1766 2068 αὐτὸς
1812 2002 1966 2069 αὖθίς

387 2098 502 2147 ἐστι
530 2092 768 2162 σάλπιγξ
821 2095 940 2163 μὲν,
987 2094 1063 2156 ὡς
1109 2094 1316 2164 ὲνηχῶν
1354 2097 1487 2165 ἡμῖν
1519 2094 1618 2158 τὰς
1651 2095 1798 2158 θείας
1827 2094 1966 2164 γνώ-

387 2200 500 2246 σεις
528 2185 623 2236 καὶ
669 2183 770 2246 τὰς
810 2183 919 2236 τῶν
967 2184 1279 2253 μυστηρίων
1309 2183 1699 2254 ἀποκαλύψεις·
1739 2184 1965 2255 ίλασμὸς

382 2276 460 2341 δὲ,
505 2276 580 2338 ὡς
625 2275 917 2346 γενόμενος
947 2275 1087 2346 ὑπὲρ
1123 2276 1282 2346 ήμῶν
1324 2276 1643 2347 ἄνθρωπος,
1680 2278 1767 2331 ἵνα
1816 2279 1962 2349 ἡμᾶς

381 2367 448 2419 δι’
479 2367 674 2420 ἑαυτοῦ
709 2367 1016 2439 καταλλάξῃ
1049 2368 1126 2438 τῷ
1170 2369 1363 2439 Πατρί.
1399 2369 1751 2439 Σκηνοπηγία
1794 2370 1850 2424 δὲ
1887 2370 1963 2433 ὡς

384 2459 549 2529 πῆξις
585 2459 679 2513 τοῦ
713 2461 1064 2531 διαλυομένου
1112 2463 1340 2532 σκήνους
1396 2461 1581 2531 ἡμῶνο
1637 2461 1800 2525 αὐτὸς
1855 2463 1962 2532 γὰρ

381 2551 551 2614 ὅντως
601 2553 634 2622 ἡ
678 2550 790 2623 ζωὴ
849 2553 943 2605 καὶ
980 2551 1253 2606 ἀθανασία
1283 2553 1391 2606 τῶν
1447 2552 1661 2622 θνητῶν
1693 2553 1960 2623 σωμάτων

381 2642 559 2711 ἡμῶν·

451 2823 621 2893 Θέρος
658 2824 777 2878 ἐστὶ
815 2824 1076 2894 μυστικὸν
1115 2827 1148 2894 ή
1191 2823 1299 2876 τῶν
1334 2823 1478 2876 κατά
1517 2823 1613 2894 τὴν
1647 2823 1960 2895 πρακτικὴν

359 2915 705 2986 ’φιλοσοφίαν
744 2917 840 2970 καὶ
880 2919 981 2988 τὴν
1017 2914 1255 2985 φυσικὴν
1299 2915 1534 2984 θεωρίαν
1569 2931 1958 2984 πνευματικῶ-

378 3009 558 3080 τέρων
586 3007 764 3076 λόγων
811 3007 1045 3079 συλλογὴ
1071 3007 1166 3061 καὶ
1195 3006 1517 3068 ἀπόλαυσις.
1555 3006 1724 3076 Θέρος
1767 3005 1962 3076 θέρους

380 3099 527 3153 ἐστὶν
552 3100 585 3168 ἠ
618 3097 760 3168 μετά
793 3097 891 3169 τὴν
922 3098 1033 3152 τῶν
1070 3098 1280 3170 νοητῶν
1297 3099 1549 3171 ’θεωρίαν
1598 3096 1833 3168 συλλογὴ
1863 3096 1961 3150 καὶ

384 3186 675 3257 συναγωγὴ
708 3185 803 3239 τοῦ
849 3187 941 3240 νοῦ
983 3187 1118 3257 πρὸς
1145 3187 1237 3241 τὸν
1267 3187 1423 3252 Θεδν,
1477 3186 1824 3258 θεριζομένου
1861 3185 1960 3256 μὲν
1987 3227 2030 3287 C

381 3279 446 3347 τῇ
477 3275 852 3347 ἀποδιαιρέσει
878 3280 987 3331 τῶν
1016 3279 1190 3332 ἄλλων
1229 3279 1447 3332 πάντων
1485 3280 1586 3332 ὅσα
1623 3277 1761 3348 μετά
1790 3277 1923 3331 Θεόν
1942 3291 1956 3307 ⁸

380 3369 830 3440 προσφερομένου
863 3370 921 3423 δὲ
951 3371 1097 3440 μόνῳ
1126 3371 1204 3442 τῷ
1220 3371 1356 3441 Θεῷ,
1386 3369 1466 3440 τῷ
1501 3371 1639 3442 πρὸς
1672 3370 1830 3441 μόνον
1858 3370 1959 3424 αὐ-

377 3459 468 3512 τὸν
503 3459 768 3530 διηνεκῶς
800 3459 1201 3514 ἀνατείνεσθαι.

911 3659 1050 3726 Περὶ
1085 3658 1426 3727 περιτομῆς.
1473 3691 1476 3694 ~

449 3772 685 3825 Φυσικὸν
744 3773 778 3842 ἡ
832 3772 1192 3842 ἀκροϐυστία.
1252 3772 1370 3824 Πᾶν
1408 3771 1464 3822 δὲ
1525 3766 1754 3838 φυσικὸν
1808 3770 1962 3834 θείας

379 3860 540 3933 ἔργον
571 3861 936 3932 δημιουργίας
984 3863 1128 3924 ἐστὶ,
1177 3862 1271 3916 καὶ
1301 3861 1388 3914 διὰ
1432 3861 1593 3914 τοῦτο
1625 3860 1744 3914 λίαν
1773 3861 1957 3914 καλόν.

384 3974 402 4007 ‹
444 3956 556 4008 Καὶ
604 3949 710 4006 εἶδε
743 3955 871 4023 γάρ,
919 3955 1106 4025 φησὶν,
1149 3957 1178 4008 ὁ
1204 3955 1337 4018 Θεὸς
1371 3955 1548 4008 πάντα
1577 3956 1678 4009 ὅσα
1713 3953 1959 4026 ἐποίησε,

378 4046 475 4100 καὶ
510 4045 618 4098 ἰδοὺ
652 4042 796 4098 καλὰ
819 4043 960 4098 λίαν.
1006 4064 1024 4095 ι
1057 4045 1268 4100 Οὐκοῦν
1298 4045 1326 4096 6
1353 4047 1465 4108 τοῖς
1503 4045 1795 4117 συμϐόλοις
1835 4046 1957 4101 ἐπι-

380 4137 594 4194 ϐάλλων
617 4135 713 4189 τοῦ
737 4135 924 4205 νόμου,
959 4135 1230 4204 γνώσεται
1261 4137 1479 4197 πάντως
1495 4138 1572 4200 ὡς
1594 4136 1656 4190 οὐ
1686 4136 1783 4207 τὴν
1802 4135 1963 4204 φύσιν

378 4233 409 4285 6
441 4230 574 4293 Θεὸς
605 4228 743 4300 μετὰ
780 4228 1048 4291 τοσαύτας
1085 4229 1278 4297 γενεὰς
1322 4226 1728 4300 διορθούμενος,
1769 4229 1961 4297 ἐνομο-

380 4322 577 4394 θέτησε
605 4320 1034 4394 περιτέμνεσθαι
1062 4322 1162 4390 τὴν
1182 4321 1571 4393 ἀκροϐυστίαν,
1591 4320 1667 4384 ὡς
1690 4319 1962 4390 βλαϐεράν

379 4417 413 4486 ἢ
446 4416 758 4486 ἀκάθαρτον
781 4432 794 4444 ·
828 4413 963 4467 ἀλλὰ
995 4414 1082 4467 διὰ
1114 4415 1211 4485 τῆς
1243 4411 1505 4482 τοιαύτης
1547 4411 1854 4482 περιτομῆς
1886 4409 1962 4473 ὡς

381 4507 654 4578 συμϐόλου
695 4506 793 4576 τὴν
846 4497 1070 4577 ἐμπάθῆ
1129 4506 1230 4574 τῆς
1267 4504 1448 4574 ψυχῆς
1493 4504 1747 4557 ἐκέλευσε
1799 4521 1958 4574 -περιε

2085 642 2294 709 batum,
2329 645 2382 699 id
2415 653 2502 700 est
2536 645 2756 715 requies
2786 644 3037 699 laborum
3062 643 3256 698 animae
3277 641 3373 712 qui
3398 649 3578 704 erant,
3606 647 3666 696 et

2082 731 2240 799 quies
2269 747 2334 785 ac
2355 731 2574 787 feriatio
2605 748 2636 786 a
2661 732 2940 787 laboribus
2961 732 3056 802 qui
3083 732 3223 786 ﬁunt
3247 746 3345 800 per
3367 729 3657 800 justitiam.

2083 821 2234 876 Nova
2257 823 2389 876 luna
2417 832 2602 878 autem
2656 831 2741 878 est
2796 830 3057 892 tanquam
3104 821 3438 892 principium
3492 820 3657 890 primi

2080 920 2267 966 motus
2295 911 2586 966 virtutum.
2615 911 2696 966 Ab
2737 911 2858 980 ipso
2880 911 3030 965 enim
3058 911 3326 966 habemus
3356 925 3546 965 earnm
3576 925 3663 963 sc-

2079 1000 2228 1054 mina
2260 1000 2317 1054 in
2343 1008 2590 1056 nostram
2616 1001 2828 1071 dejecta
2864 1006 3140 1054 naturam.
3175 999 3441 1065 Quoniam
3474 1007 3658 1052 autem

2077 1090 2166 1145 lex
2194 1092 2350 1146 novit
2382 1092 2603 1146 diversa
2630 1090 2790 1157 festa,
2816 1090 2933 1160 ipse
2959 1105 3151 1144 rursus
3172 1090 3318 1144 Deus
3343 1099 3428 1144 est
3450 1089 3655 1143 Pascha

2077 1181 2321 1249 quidem,
2356 1191 2420 1235 ut
2456 1181 2720 1236 liberator
2772 1170 2968 1235 eorum
3026 1195 3166 1249 quos
3213 1180 3423 1235 detinet
3470 1195 3656 1233 amara

2055 1262 2314 1326 servitus
2337 1271 2624 1337 vitiorum,
2658 1278 2715 1326 et
2739 1269 3002 1324 transitus
3023 1285 3052 1324 a
3079 1267 3215 1322 vitio
3259 1268 3326 1324 ad
3368 1269 3655 1332 virtutem,

2073 1368 2129 1416 et
2162 1377 2193 1416 a
2220 1362 2464 1418 tenebris
2487 1363 2558 1418 ad
2582 1363 2783 1420 lucem.
2812 1367 3134 1422 Pentecoste
3157 1373 3241 1420 est
3264 1373 3520 1430 tanquam
3544 1357 3658 1429 pri-

2072 1454 2242 1509 mitim
2260 1456 2467 1510 aestatis
2487 1457 2600 1512 Deo
2623 1464 2678 1512 et
2707 1459 2857 1513 Patri
2885 1459 3100 1514 oblatae.
3134 1459 3272 1512 Nam
3331 1456 3389 1510 in
3445 1455 3654 1510 Pente-

2071 1553 2222 1601 coste
2248 1547 2361 1601 Deo
2393 1546 2769 1604 offerebantur
2798 1550 3058 1620 primitiae
3087 1551 3314 1606 astatis.
3348 1547 3530 1602 Aistas
3552 1562 3652 1601 au-

2073 1646 2182 1694 tem
2204 1640 2442 1711 mystica-
2461 1649 2589 1696 sunt
2611 1642 2649 1696 ii
2675 1643 2771 1712 qui
2799 1643 3056 1698 coluntur
3078 1659 3178 1714 per
3205 1642 3463 1696 humanae
3485 1647 3649 1692 natu-

2069 1746 2146 1786 ra;
2195 1747 2227 1786 a
2277 1732 2568 1788 Servatore
2629 1734 3058 1805 susceptionem.
3093 1734 3338 1802 Quorum
3392 1730 3652 1802 primitiae

2069 1821 2208 1894 ipse,
2233 1824 2380 1894 quod
2404 1825 2603 1880 attinet
2627 1825 2696 1880 ad
2731 1826 3155 1892 humanitatem,
3196 1826 3413 1881 oblatus
3443 1831 3528 1878 est
3549 1837 3650 1891 per

2069 1916 2343 1971 viviﬁcam
2367 1932 2522 1972 suam
2551 1926 2807 1974 mortem.
2835 1917 3104 1985 Quoniam
3129 1925 3315 1973 autem
3339 1923 3458 1971 erat
3479 1913 3650 1970 etiam

2067 2003 2268 2060 festum
2295 2007 2573 2074 tubarum,
2619 2015 2677 2064 et
2704 2009 3136 2080 propitiationis,
3183 2016 3239 2064 et
3285 2004 3646 2075 scenopegize,

2067 2094 2184 2164 ipse
2212 2112 2406 2152 rursus
2432 2106 2516 2153 est
2542 2099 2766 2168 quidem
2796 2100 2948 2167 tuba,
2982 2108 3044 2154 ut
3079 2099 3175 2169 qui
3214 2099 3270 2153 in
3293 2097 3454 2153 nobis
3482 2095 3649 2150 faciat

2063 2201 2327 2242 resonare
2360 2188 2574 2244 divinas
2605 2190 2854 2257 notitias,
2901 2199 2959 2247 et
3001 2191 3390 2263 mysteriorum
3434 2186 3656 2242 revela-

2063 2276 2263 2332 tiones.
2294 2279 2621 2349 Pr0pitiatio
2644 2289 2851 2347 autem,
2884 2290 2947 2338 ut
2978 2282 3074 2352 qui
3119 2297 3221 2352 pro
3265 2279 3426 2334 nobis
3471 2277 3650 2333 factus

2064 2367 2135 2421 sit
2165 2369 2348 2434 homo,
2377 2379 2437 2424 ut
2459 2387 2560 2426 nos
2587 2387 2688 2440 per
2723 2387 2782 2428 se
2810 2373 3193 2428 reconciliaret
3221 2371 3388 2427 Patri.
3439 2368 3649 2424 Scene-

2062 2461 2219 2527 pegia
2246 2468 2451 2525 autem,
2488 2461 2542 2516 id
2575 2471 2659 2517 est
2685 2463 3170 2518 tabernaculorum
3200 2461 3349 2525 ﬁxio,
3373 2460 3552 2530 utqui
3574 2457 3650 2514 sit

2063 2549 2192 2605 fixio
2223 2552 2559 2608 tabernaculi
2607 2555 2756 2624 quod
2805 2555 3143 2611 dissolvitur.
3177 2555 3298 2623 Ipse
3329 2554 3478 2608 enim
3513 2566 3646 2606 vere

2062 2649 2148 2696 est
2178 2642 2290 2696 vita
2315 2651 2370 2697 et
2397 2643 2784 2699 immortalitas
2819 2653 3140 2700 nostrorum
3173 2643 3488 2699 mortalium
3519 2657 3646 2696 cor-

2062 2745 2281 2800 porum.

2132 2815 2316 2876 Estas
2364 2823 2594 2893 mystica
2645 2831 2730 2878 cst
2777 2824 3032 2880 collectio
3060 2831 3117 2879 et
3145 2823 3337 2878 fruitio
3369 2823 3649 2878 rationum

2063 2911 2432 2980 spiritualium
2461 2929 2583 2982 quae
2603 2921 2731 2968 sunt
2755 2915 2812 2968 in
2836 2915 3013 2969 activa
3038 2915 3390 2986 philosophia
3408 2923 3464 2970 et
3485 2925 3655 2970 natu—

2062 3002 2166 3056 rali
2193 3005 2680 3074 contemplatione.
2715 3007 2906 3062 Messis
2932 3015 3037 3073 est,
3079 3023 3202 3078 qua
3245 3016 3369 3077 post
3400 3016 3649 3063 contem—

2063 3094 2363 3163 plationem
2406 3112 2600 3152 eorum
2652 3114 2778 3168 quae
2818 3099 3023 3154 cadunt
3071 3100 3174 3155 sub
3209 3100 3648 3171 intelligentiam,

2063 3186 2283 3240 exsistit
2317 3187 2518 3241 mentis
2567 3188 2635 3242 ad
2680 3189 2855 3242 Deum
2898 3189 3154 3245 collectio
3186 3197 3242 3245 et
3277 3190 3647 3261 congregatio,

2061 3291 2184 3346 quae
2225 3277 2450 3332 metitur
2472 3278 2697 3347 quidem
2727 3293 2826 3348 per
2855 3278 3186 3335 divisionem
3216 3281 3284 3335 ab
3320 3281 3444 3335 aliis
3467 3280 3650 3335 omni-

2061 3366 2186 3434 bus,
2240 3383 2582 3438 quaecunque
2628 3377 2758 3423 sunt
2803 3377 2928 3440 post
2955 3370 3161 3436 Deum;
3196 3370 3299 3425 soli
3324 3379 3508 3425 autem
3537 3371 3649 3425 Deo

2061 3458 2317 3524 oﬂ‘ertur,
2358 3474 2425 3514 eo
2459 3461 2609 3530 quod
2651 3460 2720 3516 ad
2763 3476 2891 3516 eum
2932 3463 3114 3518 solum
3155 3467 3427 3531 perpetuo
3463 3461 3648 3516 inten-

2061 3551 2245 3605 datur.

2589 3663 2668 3718 De
2708 3665 3127 3721 circumcisione.

2133 3775 2470 3847 Praaputium
2501 3783 2587 3832 est
2612 3777 2884 3832 naturale.
2907 3776 3188 3847 Quidquid
3229 3782 3414 3830 autem
3442 3750 3650 3829 estnao

2063 3869 2261 3934 turale,
2287 3877 2373 3923 est
2397 3884 2536 3938 opus
2574 3869 2777 3924 divinae
2800 3868 3097 3924 creationis
3121 3883 3185 3922 ac
3205 3865 3433 3937 opiﬁcii,
3450 3873 3506 3920 et
3527 3864 3651 3920 ideo

2061 3968 2147 4015 est
2173 3961 2332 4015 valde
2359 3960 2586 4018 bonum.
2631 3979 2649 4011 ‹
2680 3960 2833 4015 Vidit
2865 3961 3037 4025 enim,
3069 3959 3271 4029 inquit,
3296 3959 3444 4013 Deus
3467 3955 3651 4011 omnia

2063 4067 2186 4122 quae
2209 4052 2360 4118 fecit,
2397 4061 2452 4108 et
2479 4067 2608 4107 ecce
2632 4051 2779 4106 bona
2798 4052 2960 4107 valde
2979 4052 3045 4106 “.
3079 4071 3096 4103 ι
3137 4051 3242 4117 Qui
3260 4066 3402 4121 ergo
3431 4049 3652 4120 symbo-

2060 4143 2132 4198 lis
2169 4143 2307 4214 legis
2330 4143 2575 4198 animum
2604 4143 2850 4208 adhibet,
2889 4143 2994 4197 scit
3044 4143 3294 4206 omnino,
3343 4141 3490 4210 quod
3539 4156 3650 4194 non

2063 4239 2317 4286 naturam
2346 4232 2493 4286 Deus
2515 4232 2820 4301 corrigens,
2858 4240 2982 4300 post
3009 4237 3089 4284 tot
3131 4229 3512 4302 generationes
3537 4238 3650 4283 sta-

2064 4321 2170 4375 tuit
2190 4321 2512 4375 circumcidi
2563 4321 2915 4391 praeputium,
2974 4328 3233 4391 tanquam
3291 4320 3515 4374 noxium
3559 4325 3652 4374 aut

2064 4412 2440 4479 immundum;
2467 4413 2564 4468 sed
2587 4429 2686 4483 per
2707 4413 2850 4467 hanc
2869 4411 3370 4471 circumcisionem.
3392 4419 3650 4480 tanquam

2065 4520 2163 4574 per
2205 4504 2535 4575 symbolum,
2572 4505 2739 4576 jussit
2777 4504 3099 4560 circumcidi
3130 4504 3414 4574 patibilem
3456 4503 3654 4557 animae

377 4571 675 4668 τέμνεσθαι
714 4571 976 4652 δίάθεσιν.
1008 4571 1117 4649 καὶ
1168 4571 1291 4649 snsi.
1318 4571 1718 4666 ήηάκροϐυστία
1747 4571 1961 4665 ἡδυντι-

2066 4571 2431 4652 affectionem.
2456 4596 2525 4653 Et
2546 4571 2807 4668 quoniam
2833 4571 3163 4667 praeputium
3191 4603 3277 4651 est
3300 4595 3654 4666 superﬂuitas

379 4686 479 4742 κοῦ
515 4686 704 4758 μορίου
761 4687 880 4738 ἐστὶ
940 4685 1286 4754 περίττωμα,
1334 4682 1431 4754 τὴν
1476 4683 1736 4754 περιττὴν
1765 4677 1960 4752 ήδονῆν

381 4778 741 4832 ἀποτίθεσθαι
811 4776 1150 4850 προσέταξεο
1202 4777 1436 4848 περιττὴ
1487 4775 1544 4828 δὲ
1598 4775 1760 4845 ἡδονὴ
1812 4775 1961 4828 πᾶσα

379 4869 649 4938 ἁμαρτία.
687 4866 890 4920 Λοιπὸν
931 4862 1024 4919 οὖν
1071 4866 1099 4917 ὁ
1141 4867 1240 4936 μὲν
1274 4866 1373 4936 τὴν
1430 4864 1707 4936 ἁμαρτίαν
1754 4851 1957 4936 φέρων,

381 4961 722 5030 ἁκρόϐυστός
755 4962 925 5021 ἐστιν,
960 4960 1012 5010 εί
1049 4960 1142 5011 καὶ
1173 4958 1560 5029 περιτέμνεται
1597 4959 1922 5028 σωματικῶς
1944 4974 1957 4986 “

380 5053 409 5102 6
445 5052 500 5105 δὲ
551 5052 759 5120 ταύτην
803 5049 1165 5121 ἀποθέμενος,
1200 5051 1674 5120 περιτετμημένος
1698 5050 1869 5114 ἐστὶν,
1911 5050 1959 5102 εἰ

381 5142 477 5197 καὶ
514 5145 576 5197 τὸ
610 5144 768 5215 σῶμα
801 5143 957 5214 φέρει
985 5143 1346 5213 ἀκρόϐυστον.

381 5277 674 5349 Περιτομή
703 5277 836 5332 ἐστι
869 5277 1159 5348 μυστικὴ,
1185 5277 1466 5343 ἑκούσιος
1505 5277 1710 5332 παθῶν
1736 5277 1960 5346 περιαί-

1061 5363 1255 5416 psam.

457 5479 741 5551 Περιτομὴ
775 5480 1081 5551 περιτομῆς
1111 5481 1257 5533 ἐστιν
1289 5483 1321 5550 ἡ
1358 5481 1453 5533 καὶ
1482 5481 1663 5534 αὐτῶν
1695 5481 1801 5534 τῶν
1837 5482 1957 5534 κατ’

381 5569 633 5642 αἴσθησιν
666 5573 761 5624 καὶ
805 5571 952 5638 νοῦν,
1003 5573 1131 5642 περὶ
1173 5573 1240 5624 τά
1273 5572 1508 5641 αἰσθητά
1539 5573 1631 5625 καὶ
1663 5573 1829 5643 νοητὰ
1863 5591 1961 5642 φυ-

385 5660 556 5714 σικῶν
585 5661 883 5733 ἐνεργειῶν
917 5662 1176 5726 ἀπόθεσις
1209 5663 1468 5734 γινομένη
1505 5663 1593 5718 διὰ
1621 5663 1718 5735 τῆς
1753 5681 1959 5736 παρου-

451 5817 499 5850 ⁸⁵
528 5818 666 5875 Gen.
693 5837 728 5884 ι,
759 5821 848 5875 ⁸51.

2058 4690 2340 4760 particulae
2384 4705 2508 4760 qua:
2551 4690 2838 4761 voluptate
2871 4690 3057 4754 allicit,
3099 4689 3267 4761 jussit
3312 4684 3650 4758 superfluam

2059 4781 2261 4851 deponi
2294 4781 2658 4851 voluptatem.
2721 4779 3011 4851 Superllua
3058 4789 3244 4835 autem
3273 4779 3525 4848 voluptas
3570 4784 3654 4830 est

2059 4886 2223 4926 omne
2245 4877 2556 4940 peccatum.
2604 4870 2796 4924 Restat
2842 4886 2975 4941 ergo
3019 4878 3078 4924 ut
3125 4869 3219 4939 qui
3272 4867 3378 4922 fert
3426 4866 3650 4936 quidem

2059 4968 2370 5033 peccatum,
2399 4961 2599 5016 habeat
2622 4961 2976 5031 praeputium,
3025 4960 3242 5015 etiamsi
3287 4955 3649 5012 circumcida-

2065 5063 2160 5109 tur
2189 5053 2585 5124 corporaliter;
2619 5053 2713 5123 qui
2768 5062 2951 5109 autem
3005 5052 3060 5106 id
3110 5047 3386 5119 deposuit,
3426 5054 3511 5100 est
3539 5045 3651 5099 cir‘

2067 5141 2366 5206 cumcisus,
2401 5141 2618 5197 etiamsi
2651 5157 2855 5212 corpus
2877 5141 3016 5195 ferat
3039 5136 3386 5208 praeputium.

2069 5276 2410 5334 Circumcisio
2459 5279 2678 5348 mystica
2727 5284 2801 5348 est
2842 5274 3147 5348 voluntario
3195 5271 3362 5348 animi
3412 5276 3649 5323 motuum

2461 5342 2536 5402 ac"
2558 5347 3012 5418 perturbationum
3048 5342 3263 5397 ablatio.

2134 5479 2496 5537 Circumcisio
2525 5474 2966 5533 circumcisionis
2993 5483 3078 5529 est
3105 5472 3378 5544 depositio
3405 5471 3647 5541 ipsarum

2069 5573 2403 5629 naturalium
2467 5570 2850 5642 operationum
2915 5585 3110 5631 sensus
3165 5577 3221 5622 et
3277 5563 3680 5636 intelligentia:~

2071 5665 2218 5721 circa
2245 5681 2307 5720 ca
2334 5679 2456 5733 quae
2500 5670 2626 5718 sunt
2668 5660 2909 5727 sensilia,
2941 5669 2996 5716 ct
3035 5661 3179 5717 circa
3205 5675 3269 5715 ea
3301 5674 3422 5729 qua:
3445 5655 3648 5712 cadunt
