4076 6430
469 391 599 448 [ﬁll

1666 382 1723 440 S.
1763 380 2037 439 CYRILLI
2077 377 2164 432 ET
2209 377 2514 435 ΑιιοιιυΜ

3572 365 3715 422 1219.

467 509 568 566 sub
593 508 1027 579 intelligentiam,
1053 519 1174 578 quae
1207 506 1268 562 ﬁt
1295 521 1394 577 per
1427 504 1774 576 praesentiam
1799 500 2040 572 Spiritus

2149 497 2265 560 σίας
2296 497 2389 550 τοῦ
2408 497 2565 565 ἁγίου
2592 496 2932 565 ΙΙνεύματος,
2956 491 3018 546 τδ
3037 488 3199 562 σῶμά
3218 505 3272 542 τε
3304 489 3397 542 καὶ
3415 486 3510 559 τὴν
3531 484 3715 556 ψυχὴν

469 599 661 663 sancti,
694 599 854 667 plene
904 606 960 652 et
1008 597 1218 668 integre
1263 595 1704 652 transformantis
1735 609 1939 664 corpus
1983 603 2038 647 et

468 689 702 742 animam
730 689 796 742 ad
823 689 876 742 id
906 689 1052 758 quod
1080 689 1343 743 divinius.

535 779 720 834 Mensa
743 781 966 849 quidem
1003 795 1206 850 panum
1242 779 1405 834 tacite
1431 777 1777 849 signiﬁcabat
1796 776 2037 846 etaanig-

468 869 662 924 matice
708 870 1131 938 productionem
1170 886 1291 940 qua:
1337 869 1394 923 ﬁt
1437 886 1468 924 e
1513 881 1657 924 terra
1695 883 1884 924 eorum
1919 882 2040 936 quae

469 958 628 1013 nobis
656 968 785 1013 sunt
818 967 944 1028 apta
983 967 1039 1013 et
1066 958 1498 1022 accommodata,
1525 967 1619 1012 aut
1659 972 1903 1011 annuum
1931 957 2040 1010 cir—

468 1053 676 1115 culum,
703 1052 796 1121 qui
837 1051 1104 1106 dividitur
1132 1059 1367 1121 quatuor
1395 1058 1700 1120 temporum
1727 1051 2040 1111 conversio-

469 1142 655 1196 nibus.
696 1140 1100 1196 Candelabrum
1153 1152 1336 1196 autem
1372 1142 1550 1196 lucem
1579 1157 1701 1212 quae
1732 1142 1945 1196 exsistit
1974 1157 2040 1196 ex

469 1234 655 1300 astris,
687 1242 783 1288 aut
811 1234 978 1290 diem.
1016 1234 1171 1290 Unde
1202 1233 1364 1287 etiam
1402 1232 1595 1286 habuit
1631 1240 1840 1301 septem
1875 1232 2040 1285 lumi-

470 1325 648 1391 naria,
676 1335 901 1396 propter
922 1333 1128 1396 septem
1155 1326 1274 1379 dies
1306 1323 1682 1388 hebdomadis,
1712 1333 1808 1377 aut
1831 1331 2042 1392 septem

472 1417 659 1472 stellas
685 1427 954 1472 errantes.
987 1417 1091 1472 Sed
1123 1416 1238 1471 haec
1261 1416 1485 1486 quidem
1514 1423 1643 1470 sunt
1667 1415 1829 1484 primi
1857 1414 2042 1469 taber-

473 1508 676 1573 naculi,
723 1509 781 1563 in
826 1509 1133 1581 symbolum
1197 1516 1372 1562 status
1429 1507 1737 1577 prmsentis,
1769 1507 2045 1578 quomodo

474 1599 702 1654 secundi
734 1600 1091 1664 tabernaculi,
1114 1600 1170 1654 in
1191 1599 1496 1670 symbolum
1526 1598 1699 1654 futuri
1725 1617 1736 1652 :
1765 1615 1891 1653 nam
1913 1599 2045 1653 thu-

474 1691 717 1745 ribulum
751 1692 972 1760 quidem
1013 1689 1352 1761 signiﬁcabat
1392 1689 1446 1743 id
1470 1705 1592 1744 esse
1635 1691 1748 1744 Deo
1789 1698 2043 1759 gratum;

474 1796 695 1846 manna,
722 1781 947 1835 caeleste
972 1789 1027 1834 et
1061 1779 1349 1849 spirituale
1378 1779 1526 1848 quod
1558 1787 1691 1832 tunc
1723 1786 1842 1832 erat
1864 1776 2045 1831 nutri-

472 1881 748 1939 mentum;
779 1872 930 1943 virga
974 1882 1158 1927 autem
1190 1873 1374 1926 Aaron
1404 1886 1527 1942 qua:
1559 1871 1910 1940 germinarat,
1957 1868 2046 1923 fu-

474 1961 586 2016 turi
622 1961 916 2017 sacerdotii
961 1969 1289 2032 pcrpetuum
1328 1960 1604 2025 virorem;
1640 1960 1840 2014 tabula:
1862 1967 2048 2013 autem

470 2053 831 2117 Testamenti,
855 2054 1072 2108 tabulas
1089 2053 1338 2108 eordium
1366 2054 1422 2107 in
1445 2053 1650 2123 quibus
1672 2052 1876 2122 scripta
1891 2059 2049 2107 erant

471 2146 570 2200 Dei
598 2145 872 2200 mandata.
910 2146 1122 2200 Aurum
1144 2151 1330 2200 autem
1364 2145 1510 2215 quod
1549 2145 1745 2200 eratin
1769 2144 2046 2209 omnibus,

468 2236 743 2306 signiﬁcat
801 2237 988 2307 futura
1043 2253 1165 2293 esse
1225 2237 1606 2307 praestantiora
1665 2236 2047 2307 praesentibus.

467 2325 772 2381 Cherubim
806 2335 1010 2392 autem,
1037 2328 1133 2398 qui
1156 2335 1285 2383 sunt
1326 2327 1384 2382 in
1421 2327 1829 2398 propitiatorio,
1866 2326 2050 2380 imita-

470 2420 672 2474 bantur
699 2419 1196 2475 administratorias
1225 2427 1527 2490 potestates
1550 2435 1673 2488 qua:
1727 2419 1831 2473 sub
1890 2433 2051 2486 aspe-

467 2521 619 2566 ctum
644 2528 753 2565 non
785 2512 1008 2576 cadunt,
1069 2510 1127 2565 in
1186 2527 1421 2582 quarum
1484 2511 1668 2566 medio
1710 2511 1856 2565 Deus
1914 2509 2052 2563 dans

469 2618 735 2673 responsa
787 2604 1126 2672 placabatur.
1187 2602 1368 2658 Aurea
1417 2603 1640 2671 quidem
1684 2601 2052 2655 tintinnabula

471 2693 851 2764 signiﬁcabant
875 2693 1001 2748 ﬁdei
1027 2693 1324 2761 puritatem
1347 2700 1404 2748 et
1433 2694 1786 2762 splendorem
1805 2700 1862 2749 et
1899 2708 2053 2747 reso-

469 2785 715 2839 nantiam
755 2785 811 2838 in
837 2785 1186 2855 dogmatibus
1239 2794 1294 2840 et
1342 2785 1638 2851 doctrinis;
1671 2786 1815 2840 mala
1867 2794 2051 2840 autem

470 2877 673 2948 punica
692 2877 862 2931 vitam
891 2877 1212 2932 sacerdotis.
1241 2876 1528 2943 Quomodo
1548 2877 1696 2932 enim
1717 2877 1844 2930 mali
1865 2877 2052 2946 punici

473 2969 528 3022 id
565 2967 791 3037 quidem
843 2968 989 3037 quod
1051 2976 1275 3038 apparet
1304 2974 1390 3022 est
1419 2967 1620 3021 durum
1673 2974 1731 3022 et
1779 2967 2050 3032 densum;

471 3059 685 3114 fructus
705 3067 890 3114 autem
921 3059 1014 3129 qui
1047 3060 1199 3124 latet,
1223 3063 1306 3113 est
1331 3057 1528 3121 dulcis,
1559 3058 1633 3115 ita
1662 3057 1830 3113 etiam
1857 3071 2050 3112 eorum

2139 585 2335 649 ὑλικῶς
2369 584 2830 657 μεταμορφούσης
2851 583 2986 655 πρὸς
3024 582 3073 636 τὸ
3097 580 3402 651 θειότερον,

2223 783 2290 836 Ἢ
2322 782 2422 854 μὲν
2451 783 2699 855 τράπεζα
2741 783 2850 835 τῶν
2883 783 3064 852 ἄρτων
3105 780 3202 851 τὴν
3243 781 3308 833 ἐκ
3346 780 3446 850 τῆς
3473 778 3575 848 γῆς
3603 776 3717 829 τῶν

2141 873 2274 942 ἡμῖν
2307 872 2636 941 ἐπιτηδείων
2667 872 2921 926 ἀνάδοσιν
2961 871 3303 944 ὑπῃνίττετο,
3335 869 3368 941 ἢ
3401 868 3492 922 τὸν
3535 870 3703 919 ἐνιαυ-

2143 965 2316 1015 σιαῖον
2357 963 2579 1026 κύκλον,
2604 963 2895 1034 τεσσάρων
2931 962 3139 1034 καιρῶν
3162 961 3392 1032 τροπαῖς
3421 957 3717 1030 μεριζομε-

2140 1070 2262 1106 νον·
2291 1055 2324 1124 ή
2375 1054 2432 1107 δὲ
2465 1053 2694 1124 λυχνία,
2728 1054 2789 1107 τὸ
2819 1055 2884 1106 ἐκ
2920 1053 3029 1107 τῶν
3061 1051 3305 1122 ἀστέρων
3357 1049 3494 1117 φῶς,
3547 1047 3579 1118 ἢ
3616 1045 3718 1118 τὴν

2141 1143 2357 1212 ἡμέραν
2379 1159 2393 1172 ·
2423 1143 2547 1196 ὅθεν
2579 1145 2672 1198 καὶ
2691 1144 2735 1209 ζ’
2761 1145 2890 1207 τοὺς
2919 1142 3218 1212 φωστῆρας
3245 1136 3358 1210 εἶχε
3381 1179 3396 1204 9
3424 1137 3512 1190 διὰ
3538 1137 3638 1200 τὰς
3668 1133 3717 1199 ξ’

2142 1235 2242 1304 τῆς
2267 1233 2560 1305 ἑϐδομάδος
2585 1237 2818 1307 ἡμέρας,
2842 1236 2877 1307 ἢ
2903 1237 3030 1299 τοὺς
3061 1234 3105 1298 ζ’
3135 1233 3522 1304 πλανωμένους
3553 1228 3721 1283 ἀττέ-

2149 1339 2268 1393 ρας.
2314 1325 2477 1378 Ἀλλά
2498 1325 2722 1380 τοιαῦτα
2754 1326 2854 1398 μὲν
2887 1325 2957 1380 τά
2987 1326 3084 1396 τῆς
3117 1324 3342 1394 πρώτης
3380 1322 3606 1392 σκηνῆς,
3637 1320 3724 1383 εἰς

2148 1414 2414 1484 σύμϐολον
2453 1417 2554 1487 τῆς
2601 1417 2883 1489 παρούσης
2940 1415 3363 1476 καταστάσεως·
3398 1413 3587 1482 ὥσπερ
3619 1411 3724 1480 τῆς

2145 1503 2408 1581 δευτέρας
2437 1509 2644 1580 σκηνῆς
2681 1511 2760 1572 είς
2808 1507 3080 1578 σύμϐολον
3127 1507 3227 1578 τῆς
3281 1503 3610 1578 μελλούσηςο
3659 1501 3723 1554 τὸ

2150 1603 2248 1674 μὲν
2299 1601 2406 1672 γὰρ
2453 1600 2812 1672 θυμιατήριον
2875 1599 3142 1668 ἐσήμαινε
3193 1596 3255 1650 τὸ
3315 1592 3724 1665 κεχαρισμένην

2149 1688 2290 1745 εἶναι
2313 1689 2519 1760 ταύτην
2546 1688 2687 1759 Θεῷ,
2732 1687 2794 1741 τὸ
2823 1687 2881 1741 δὲ
2924 1687 3121 1758 μάννα,
3154 1685 3256 1755 τὴν
3291 1681 3594 1753 τηνικαῦτα
3632 1680 3724 1734 οὐ·

2154 1784 2336 1856 ράνιον
2356 1781 2452 1836 xal.
2479 1779 2865 1851 πνευματικὴν
2888 1779 3091 1850 τροφήν
3112 1793 3124 1805 ·
3151 1775 3257 1846 ήδέ
3289 1773 3482 1845 ῥάϐδος
3514 1770 3725 1843 Ἀαρὼν

2149 1878 2184 1946 ἡ
2221 1877 2591 1947 βλαστήσασα,
2624 1872 2686 1926 τὸ
2715 1873 2816 1942 τῆς
2847 1869 3148 1942 μελλούσης
3187 1866 3490 1939 ἱερωσύνης
3531 1863 3722 1918 ἀειθα-

2149 1967 2239 2030 λές
2264 1983 2277 1996 ο
2324 1967 2382 2020 αἱ
2417 1966 2476 2020 δὲ
2519 1965 2727 2028 πλάκες
2773 1963 2874 2034 τῆς
2907 1962 3182 2032 Διαθήκης
3225 1960 3323 2022 τὰς
3368 1958 3583 2020 πλάκας
3613 1956 3726 2008 τῶν

2149 2057 2406 2129 καρδιῶν,
2441 2052 2530 2120 αἷς
2557 2055 2936 2127 ἐνεγράφησαν
2975 2054 3032 2108 αἱ
3066 2052 3278 2106 ἐντολαὶ
3313 2049 3408 2104 τοῦ
3463 2047 3622 2102 Θεοῦ.
3666 2046 3727 2100 ’0

2149 2146 2193 2199 δ’
2232 2148 2290 2200 ἐν
2324 2147 2498 2201 ἅπασι
2555 2147 2780 2217 χρυσὸς,
2827 2145 2889 2198 τὸ
2937 2142 3240 2215 τιμιώτερα
3287 2141 3397 2196 τῶν
3440 2139 3728 2210 παρόντων

2149 2231 2289 2290 εἶναι
2312 2236 2381 2290 τὰ
2405 2235 2688 2308 μέλλοντα.
2711 2236 2792 2289 Τὰ
2814 2235 2871 2288 δὲ
2893 2235 2985 2288 ἐπὶ
3003 2234 3079 2304 τῷ
3104 2231 3400 2303 ίλαστηρίῳ
3421 2231 3493 2283 Χε
3505 2228 3728 2298 ρουϐὶμν

2153 2327 2381 2398 μίμημα
2432 2325 2543 2380 τῶν
2587 2324 2838 2397 ἀοράτων
2876 2321 3269 2393 λειτουργικῶν
3311 2318 3618 2389 δυνάμεων,
3650 2311 3729 2371 ὧν

2151 2419 2209 2471 ἐν
2236 2417 2314 2487 τῷ
2347 2417 2496 2489 μέσῳ
2538 2414 2896 2488 χρηματίζων
2927 2416 2956 2467 ὁ
2993 2413 3122 2476 Θεὸς
3153 2412 3489 2476 ἐξιλάσκετο.
3538 2411 3602 2464 Οἱ
3629 2410 3730 2480 μὲν

2151 2512 2346 2581 χρυσοῖ
2375 2508 2626 2572 κώδωνες
2648 2508 2868 2579 ἐδήλουν
2894 2506 2956 2559 τὸ
2986 2507 3084 2576 τῆς
3107 2505 3342 2566 πίστεως
3365 2502 3604 2574 καθαρὸν
3635 2503 3734 2556 καὶ

2152 2602 2426 2672 λαμπρὸν,
2461 2601 2557 2654 καὶ
2587 2599 2783 2670 εὔηχον
2818 2600 2876 2651 ἐν
2906 2599 3140 2666 δόγμασι
3185 2596 3279 2648 καὶ
3315 2593 3610 2663 διδάγμασι
3633 2609 3645 2621 °
3677 2594 3734 2645 οί

2151 2693 2208 2746 δὲ
2241 2693 2448 2764 ροἳσκοι
2474 2692 2569 2745 τὸν
2593 2692 2707 2762 βίον
2719 2690 2812 2743 τοῦ
2838 2687 3027 2758 ἱερέως
3041 2686 3135 2740 καὶ
3152 2685 3497 2739 διδασκάλου.
3515 2685 3730 2751 Ὥσπερ

2153 2783 2259 2854 γὰρ
2288 2787 2389 2854 τῆς
2440 2782 2539 2854 μὲν
2588 2783 2741 2852 ῥοιᾶς
2785 2780 2847 2834 τὸ
2885 2780 2982 2850 μὲν
3017 2778 3339 2848 φαινόμενον
3367 2775 3602 2846 σκληρὸν
3637 2775 3736 2829 καὶ

2155 2881 2376 2950 στυφδν,
2407 2882 2436 2933 ὁ
2457 2879 2501 2932 δ’
2537 2875 2990 2948 ἐγκεκρυμμένος
3025 2873 3237 2944 καρπὸς
3263 2871 3424 2943 ἡδύς·
3458 2871 3600 2924 οὕτω
3638 2871 3734 2923 καὶ

2153 2975 2357 3026 τούτων
2391 2971 2420 3022 ὁ
2452 2970 2564 3040 βίος
2589 2967 2979 3038 κατεσκληκώς
3011 2967 3110 3038 μὲν
3143 2966 3238 3019 καὶ
3269 2963 3629 3035 δυσπρόσιτος
3670 2960 3735 3015 τὸ

2154 3062 2498 3134 φαινόμενον.
2531 3060 2784 3114 Ἐπειδὰν
2802 3060 2859 3113 δὲ
2889 3061 2917 3113 ὁ
2953 3058 3203 3130 Γεωργδς
3230 3056 3390 3128 ήμῶν
3421 3055 3605 3128 ἀνοίξῃ
3637 3059 3733 3110 καὶ

471 3149 586 3205 vita
621 3160 706 3205 est
748 3151 885 3205 dura
939 3150 1163 3220 quidem
1205 3159 1261 3205 et
1292 3150 1445 3204 aditu
1471 3149 1732 3215 difﬁcilis,
1762 3149 1809 3204 si
1840 3157 2047 3219 spectes

2157 3151 2450 3225 φανερώσῃ
2478 3150 2538 3204 τὸ
2570 3150 2836 3204 ἀπόθετον
2862 3148 3053 3202 τούτου
3091 3146 3311 3210 κάλλος,
3347 3145 3471 3199 τότε
3503 3146 3725 3214 γλυκεῖα

471 3239 620 3307 quod
658 3241 927 3296 cernitur.
983 3241 1280 3310 Postquam
1319 3247 1503 3295 autem
1559 3249 1750 3294 noster
1802 3238 2053 3309 Agricola

471 3332 749 3401 aperuerit
774 3339 831 3387 et
863 3330 1296 3386 manifestaverit
1315 3330 1611 3401 repositam
1651 3331 1771 3400 ejus
1805 3330 2053 3399 pulchri-

473 3421 721 3477 tudinem
747 3463 762 3488 ,
807 3432 942 3478 tunc
984 3422 1046 3476 ﬁt
1103 3423 1288 3478 suavis
1314 3423 1434 3492 ejus
1464 3421 1813 3490 participatio
1846 3419 1916 3474 iis
1955 3419 2052 3490 qui

471 3529 594 3567 cam
643 3514 1015 3583 perceperint.
1070 3514 1375 3584 Κροσσούς,
1419 3512 1476 3567 id
1513 3519 1597 3568 est
1633 3511 1854 3578 limbos,
1893 3521 2054 3567 vocat

471 3605 806 3675 appendices
833 3603 1097 3660 rotundas
1117 3620 1241 3675 quae
1271 3605 1408 3660 citra
1438 3622 1598 3661 usum
1633 3604 1876 3676 pendent
1903 3621 1933 3658 a
1963 3612 2052 3658 tu-

471 3697 618 3761 nica,
654 3705 882 3751 ornatus
903 3698 1099 3768 gratia.
1130 3696 1359 3766 Oportet
1382 3699 1528 3753 enim
1552 3698 1720 3752 vitam
1750 3697 2053 3753 sacerdotis

471 3805 586 3845 non
615 3790 794 3846 solum
827 3791 1017 3846 ornari
1043 3791 1336 3856 mandatis,
1377 3793 1473 3848 sed
1495 3791 1661 3847 etiam
1697 3791 1904 3845 habere
1948 3790 2052 3844 ali-

471 3883 604 3952 quid
638 3898 670 3936 a
697 3883 878 3952 seipse
902 3883 968 3938 ad
994 3883 1362 3938 accessionem
1395 3894 1642 3939 ornatus.

543 3972 608 4025 Et
650 3971 899 4042 impones
945 3973 1197 4028 rationali
1239 3974 1432 4044 judicii
1467 3972 1967 4027 manifestationem
1996 3977 2053 4026 et

471 4063 780 4118 veritatem.
821 4064 942 4120 Non
979 4073 1100 4120 erat
1132 4068 1356 4121 omnino
1415 4066 1626 4136 aliquid
1678 4073 1798 4119 arte
1845 4064 2051 4118 factum

471 4153 854 4221 deelaratiojet
882 4155 1107 4211 veritas.
1143 4157 1355 4212 Revera
1392 4157 1540 4211 enim
1569 4156 1800 4211 dixisset
1824 4173 2052 4227 quomo-

469 4243 540 4298 do
573 4259 637 4298 ea
685 4251 871 4300 essent
896 4253 1210 4300 constructa
1241 4263 1254 4300 :
1283 4245 1380 4300 sed
1415 4252 1536 4298 erat
1584 4243 1760 4298 solum
1809 4244 2050 4315 cognitio

469 4336 718 4404 qumdam
747 4337 1071 4406 spiritualis.
1097 4337 1416 4408 Imponente
1441 4335 1588 4391 Mose
1632 4335 1900 4392 rationale
1949 4351 2048 4407 pe-

469 4428 610 4481 ctori
645 4428 966 4493 sacerdotis,
1016 4429 1179 4484 simul
1237 4428 1648 4498 ingrediebatur
1700 4446 1893 4486 eorum
1926 4447 2048 4502 quae

2157 3245 2372 3313 γίνετάι
2393 3245 2507 3305 τοῖς
2533 3241 2913 3295 άπολαύσασιν
2934 3242 2967 3310 ἡ
2999 3239 3260 3310 μετουσία
3285 3237 3395 3290 τῶν
3430 3237 3577 3292 ἰδίων
3605 3254 3739 3309 καρ-

2155 3334 2295 3390 πῶν.
2329 3333 2670 3400 Ὀσσύϐους
2698 3333 2856 3386 καλεῖ
2885 3331 2953 3385 τά
2973 3331 3077 3395 ἔξω
3104 3331 3207 3401 τῆς
3247 3331 3436 3402 χρείας
3487 3330 3731 3400 ἀπηρτη-

2157 3427 2297 3498 μένα
2326 3425 2420 3478 τοῦ
2454 3424 2680 3496 χιτῶνος
2701 3425 2864 3495 χάριν
2893 3424 3102 3493 κόσμου
3134 3421 3451 3495 σφαιροειδῆ
3483 3422 3731 3490 ἀπαρτή-

2157 3535 2323 3588 ματα.
2361 3518 2454 3569 Δεῖ
2481 3515 2590 3588 γὰρ
2613 3516 2704 3569 τὸν
2732 3515 2846 3584 βίον
2872 3514 2966 3567 τοῦ
3005 3514 3197 3585 ἱερέως
3227 3514 3300 3584 μὴ
3339 3515 3460 3576 ταῖς
3494 3511 3740 3570 ἐντολαῖς

2153 3608 2481 3679 κοσμεῖσθαι
2517 3609 2700 3681 μόνον,
2734 3607 2850 3661 ἀλλ’
2880 3606 3028 3678 ἔχειν
3057 3624 3110 3659 τι
3135 3604 3347 3659 οἴκοθεν
3379 3607 3457 3669 εἱς
3490 3603 3737 3674 προσθή-

2153 3719 2256 3772 κην
2284 3701 2513 3772 κόσμου.

2223 3971 2335 4025 Καὶ
2360 3971 2644 4042 ἐπιθήσεις
2666 3971 2743 4041 τῷ
2765 3969 2962 4040 λογείῳ
2993 3968 3095 4038 τῆς
3126 3967 3359 4039 κρίσεως
3379 3966 3479 4036 τὴν
3503 3965 3730 4038 δήλωσιν

2154 4065 2250 4119 καὶ
2283 4064 2384 4134 τὴν
2417 4063 2700 4134 ἀλήθειαν.
2741 4063 2854 4116 Οὐκ
2886 4059 2952 4133 ἦν
2983 4062 3120 4128 ὅλως
3141 4060 3391 4132 τέχνημά
3418 4078 3472 4113 τι
3502 4062 3534 4130 ἡ
3559 4059 3729 4131 δήλω·

2155 4175 2240 4220 σις
2270 4157 2366 4210 καὶ
2392 4158 2425 4228 ή
2457 4155 2712 4228 ἀλήθεια·
2743 4149 2780 4226 ἦ
2810 4154 2918 4226 γὰρ
2951 4154 3018 4207 ἂν
3051 4153 3241 4225 εῐρηκε
3271 4155 3368 4207 καὶ
3403 4153 3496 4207 τὸν
3528 4153 3733 4223 τρόπον

2150 4251 2250 4322 τῆς
2282 4250 2632 4318 κατασκευῆς
2673 4248 2853 4303 αὐτῶν
2879 4264 2892 4277 ·
2925 4247 3058 4300 ἀλλὰ
3101 4247 3260 4318 μόνον
3307 4245 3510 4316 γνῶσις
3542 4241 3610 4314 ἦν
3647 4261 3733 4308 τις

2153 4344 2536 4414 πνευματική·
2562 4341 2900 4403 ἐπιτιθέντος
2922 4339 3166 4401 Μωσέως
3187 4339 3251 4390 τὸ
3266 4338 3476 4406 λογεῖον
3497 4335 3574 4406 τῷ
3599 4337 3733 4405 στή-

2153 4433 2235 4486 θει
2265 4432 2359 4486 τοῦ
2391 4431 2600 4504 ἱερέως,
2630 4431 3020 4501 συνεισήρχετο
3049 4428 3307 4500 νοητῶςὴ
3331 4428 3565 4499 δήλωσις
3580 4427 3674 4479 καὶ
3693 4426 3730 4497 ή

469 4519 676 4574 cadunt
707 4519 810 4575 sub
843 4520 1260 4592 intelligentiam
1298 4521 1600 4576 declaratio
1638 4531 1694 4577 et
1723 4524 1945 4589 veritas,
1988 4533 2047 4578 ut

2153 4527 2403 4599 ἀλήθεια,
2441 4526 2564 4582 θεία
2589 4543 2673 4590 τις
2703 4525 3048 4594 ἀποκάλυψις
3079 4519 3234 4584 οὖσα,
3256 4522 3351 4576 καὶ
3371 4521 3469 4593 τὴν
3501 4519 3733 4591 καρδίαν

469 4626 593 4680 quae
623 4611 694 4665 sit
717 4612 902 4666 divina
941 4609 1191 4683 quaedam
1226 4613 1509 4678 revelatio,
1553 4623 1610 4670 et
1653 4615 1925 4670 illuminet
1953 4631 2050 4670 cor

471 4701 790 4756 sacerdotis.
823 4701 1192 4768 Quamobrem
1237 4702 1432 4772 reliqui
1462 4718 1681 4774 quoque
1719 4705 2050 4773 interpretes

469 4806 563 4845 eas
617 4793 977 4848 nominarunt
1024 4793 1456 4850 illuminationes
1505 4803 1561 4849 et
1604 4795 1830 4866 δήλους,
1862 4795 1914 4849 id
1965 4803 2049 4850 est

468 4884 1108 4940 manifestationesznos
1167 4884 1398 4941 docente
1454 4901 1518 4941 ea
1576 4885 1768 4956 ﬁgura,
1800 4885 1945 4956 quod
2001 4886 2046 4941 si

466 4977 758 5047 quisquam
780 4979 924 5034 ferat
951 4977 1240 5043 rationale,
1270 4994 1470 5050 nempe
1497 4980 1804 5050 principem
1849 4979 2048 5035 animae

465 5067 804 5133 facultatem,
834 5083 955 5138 qua:
977 5067 1241 5124 discernit
1265 5071 1464 5126 melius
1492 5087 1524 5126 a
1556 5070 1854 5138 deteriore,
1881 5089 2045 5128 mun-

468 5158 594 5212 dam
619 5168 676 5214 et
707 5157 960 5223 nitidam,
996 5166 1052 5212 et
1094 5159 1394 5217 virtutibus
1453 5169 1712 5230 tanquam
1769 5161 2047 5230 lapidibus

467 5249 726 5321 pretiosis
748 5249 923 5320 ipsam
953 5263 1202 5318 exornet,
1239 5252 1667 5325 cogitationibus
1710 5253 1765 5307 in
1803 5254 2043 5324 seipsum

467 5343 836 5408 volventibus,
861 5351 918 5398 et
960 5352 1218 5415 tanquam
1254 5345 1568 5416 duplicatis,
1601 5352 1662 5400 ut
1691 5345 1877 5416 lingua
1905 5345 2045 5401 nihil

466 5436 713 5507 proferat
737 5435 885 5506 quod
910 5453 1020 5492 non
1041 5438 1115 5493 sit
1135 5438 1510 5493 examinatum
1543 5437 1681 5508 (hoc
1701 5435 1850 5491 enim
1873 5435 2045 5507 signi-

469 5526 597 5582 ﬁcat
619 5527 774 5592 illud,
799 5527 1128 5600 imperatum
1153 5543 1275 5583 esse
1305 5533 1368 5582 ut
1392 5528 1464 5583 sit
1487 5527 1689 5598 duplex
1713 5527 2042 5599 rationale),

473 5629 623 5686 tunc,
655 5628 786 5675 tunc
812 5621 1074 5692 evestigio
1109 5627 1166 5675 et
1187 5635 1286 5674 sua
1311 5627 1507 5689 sponte
1535 5620 1713 5675 aderit
1733 5635 1924 5676 eorum
1951 5620 2046 5676 de-

470 5710 696 5766 claratio
719 5719 776 5767 et
801 5714 1003 5768 veritas
1031 5711 1243 5766 lucidas
1271 5711 1508 5767 aﬁerens
1538 5712 1921 5768 revelationes.

544 5799 827 5858 Rationale
881 5802 1102 5874 quidem
1142 5802 1403 5874 imposuit
1447 5804 1659 5876 pectori
1703 5805 2039 5872 sacerdotis,

2152 4621 2246 4674 τοῦ
2285 4620 2476 4691 ἱερέως
2503 4618 2982 4689 καταφωτίζουσα.
3015 4617 3106 4670 Διὸ
3143 4616 3238 4669 καὶ
3270 4616 3320 4668 οἱ
3343 4615 3522 4669 λοιποὶ
3551 4617 3730 4684 ἑρμη-

2151 4714 2338 4766 νευταὶ
2369 4711 2686 4782 φωτισμοὺς
2720 4710 2814 4764 καὶ
2846 4710 3039 4780 δήλους
3069 4708 3242 4762 ταῦτα
3285 4708 3578 4778 ὠνόμασαν
3603 4722 3616 4736 ·
3651 4705 3735 4759 δι-

2149 4803 2457 4873 δασκούσης
2485 4803 2633 4873 ἡμᾶς
2679 4803 2778 4872 τῆς
2809 4799 3067 4872 τοιαύτης
3116 4798 3528 4868 διατυπώσεως,
3563 4799 3638 4862 ώς
3682 4801 3730 4851 εἱ

2150 4912 2235 4956 τις
2257 4895 2320 4947 τὸ
2348 4894 2558 4960 λογεῖον
2578 4893 2698 4965 ἤτοι
2725 4895 2784 4946 τὺ
2817 4892 3148 4965 ἡγεμονικὸν
3173 4895 3271 4962 τῆς
3297 4891 3496 4962 ψυχῆς,
3526 4890 3586 4943 τὸ
3608 4890 3733 4943 δια-

2149 4989 2336 5057 κρῖνον
2363 4987 2424 5039 τὸ
2453 4988 2701 5058 κρεῖττον
2728 4985 2836 5039 άπὸ
2868 4986 2962 5039 τοῦ
2993 4984 3259 5056 χείρονος,
3303 4983 3540 5053 καθαρὸν
3571 4982 3730 5052 φέροι

2149 5080 2244 5132 καὶ
2283 5078 2556 5150 λαμπρὸν,
2596 5078 2692 5133 καὶ
2740 5079 2860 5142 ταῖς
2898 5079 3121 5149 ἀρεταῖς
3154 5076 3407 5146 καθάπερ
3451 5075 3619 5138 λίθοις
3647 5091 3733 5128 τις

2150 5167 2295 5238 μίοις
2324 5166 2512 5221 τοῦτον
2546 5167 2977 5237 κατακοσμήσοι,
3011 5165 3120 5220 τῶν
3159 5165 3557 5236 ἐνθυμημάτων
3589 5166 3732 5218 ἀνα-

2146 5258 2536 5327 κυκλουμένων
2557 5259 2639 5322 είς
2659 5256 2851 5322 ἑαυτά,
2875 5258 2971 5310 καὶ
2987 5255 3178 5328 ὥσπερ
3199 5254 3729 5333 διπλασιαζομένων,

2129 5351 2234 5403 ’ἵνα
2267 5350 2433 5420 μηδὲν
2462 5349 2842 5411 ἀϐασανίστως
2868 5348 2976 5403 άπὸ
2999 5348 3097 5418 τῆς
3124 5346 3370 5417 γλώττης
3398 5347 3733 5430 προφέροιτο

2147 5442 2330 5511 (τοῦτο
2359 5441 2467 5512 γάρ
2513 5441 2665 5510 δηλοῖ
2711 5439 2774 5493 τὸ
2819 5438 3221 5511 προστετάχθαι
3249 5437 3472 5492 διπλοῦν
3499 5431 3733 5492 εἶναιτὸ

2145 5533 2402 5602 λογεῖον),
2436 5531 2557 5584 τότε
2603 5529 2688 5601 δὴ.
2725 5531 2850 5584 τότε
2899 5530 3218 5602 παραπόδας
3269 5531 3365 5583 καὶ
3399 5530 3732 5600 αὐτομάτως

2147 5621 2418 5693 παρέσται
2451 5619 2625 5689 τούτῳ
2652 5622 2686 5690 ή
2711 5619 2943 5690 δήλωσις
2977 5619 3071 5672 καὶ
3116 5620 3150 5690 ή
3184 5617 3430 5689 ἀλήθεια,
3475 5617 3574 5680 τὰς
3607 5634 3732 5687 φω-

2145 5715 2327 5776 τεινάς
2356 5712 2729 5781 ἀποκαλύψεις
2757 5711 3079 5782 κομίζουσα.

2217 5802 2289 5856 Τὸ
2328 5802 2426 5874 μὲν
2483 5801 2691 5870 λογεῖον
2727 5799 3008 5854 ἐπετίθετο
3051 5800 3126 5871 τῷ
3175 5797 3370 5870 ,στήθει
3403 5796 3497 5853 τοῦ
3538 5795 3728 5870 ἀρχιε-
