4076 6444
426 406 563 477 ιε-ιδ

1638 415 1693 471 ε.
1735 412 2011 472 evrum
2049 414 2138 471 ET
2176 396 2484 473 Atlonuu'

3555 402 3693 460 {2&6

347 576 354 584 .
422 538 572 593 enim
597 542 683 591 est
708 536 825 607 ejus
859 535 912 592 in
945 550 1109 607 quem
1133 533 1345 590 cadunt
1379 498 1549 588 animi
1578 540 1765 588 motus
1787 540 1843 587 et
1884 548 2012 603 per-

2122 532 2476 604 Συμϐολικῶς
2502 529 2560 586 δὲ
2584 531 2677 586 διά
2718 535 2925 587 τούτων
2969 529 3068 592 τὰς
3095 524 3471 598 πνευματικὰς
3502 522 3697 586 θυσίας

426 624 787 679 turbationes.
827 623 933 679 Per
979 624 1087 679 hoc
1128 632 1312 679 autem
1367 622 1678 695 symbolice
1721 622 2018 679 constituit

426 714 734 784 spiritualia
773 714 1062 780 sacriﬁcia,
1099 716 1393 781 vitiorum,
1442 714 1689 784 inquam,
1729 722 1787 769 et
1844 713 2015 777 animi

423 814 673 861 motuum
698 806 1200 873 mortiﬁcationem,
1233 806 1330 877 qui
1351 813 1663 861 mactantur
1684 804 1865 876 gladio
1890 796 2025 874 Spi-‘

422 899 586 963 ritus,
621 898 770 968 quod
809 908 895 954 est
932 899 1165 954 verbum
1198 900 1319 964 Dei,
1353 906 1409 954 et
1446 899 1786 953 oblationem
1829 896 2005 952 facul-

424 994 598 1040 tatum
625 986 990 1052 naturalium,
1022 1002 1145 1056 qua:
1174 987 1299 1057 igne
1344 987 1573 1057 spiritus
1596 996 1859 1056 tanquam
1902 986 2005 1040 ho-

420 1077 669 1133 locausta
701 1078 1123 1132 comburuntur.
1150 1078 1284 1132 Nam
1310 1078 1456 1133 aries
1480 1077 1706 1147 quidem
1733 1085 1819 1131 est
1854 1092 2005 1148 sym-

2115 625 2495 697 ἐνομοθέτησε,
2536 627 2807 698 νέκρωσιν
2843 624 2991 692 λέγω
3031 619 3221 677 παθῶν
3249 615 3604 688 σφαζομένων
3623 615 3697 686 τῇ

2119 716 2365 788 μαχαίρᾳ
2402 718 2496 772 τοῦ
2541 717 2875 789 Πνεύματος,
2924 716 2954 769 ὃ
3013 714 3130 768 ἐστι
3188 711 3342 783 ῥῆμα
3395 706 3554 772 Θεοῦ,
3598 707 3699 760 καὶ

2116 808 2485 879 προσαγωγὴν
2527 809 2638 862 τῶν
2683 807 2929 877 φυσικῶν
2964 804 3281 874 δυνάμεων,
3317 799 3396 872 τῷ
3432 798 3569 870 πυρὶ
3598 795 3697 850 τοῦ

2114 896 2428 969 πνεύματος
2460 898 2969 969 ὁλοκαυτουμένων.
3026 893 3304 965 Σύμϐολον
3351 890 3461 962 γὰρ
3509 892 3538 943 6
3595 888 3701 959 μὲν

2114 989 2269 1059 κριὸς
2314 989 2409 1043 τοῦ
2438 989 2774 1059 λογιστικοῦ,
2804 989 2894 1043 διὰ
2932 987 2995 1042 τδ
3036 986 3384 1058 ἡγεμονικὸν.
3419 987 3448 1037 6
3471 983 3528 1036 δέ
3562 980 3701 1034 ταῦ-

2115 1097 2206 1150 ρος
2234 1080 2330 1134 τοῦ
2366 1081 2623 1152 θυμικοῦ,
2651 1084 2684 1153 ἡ
2711 1081 2802 1148 αἲξ
2831 1080 2889 1133 δὲ
2915 1080 3011 1133 τοῦ
3041 1075 3464 1149 ἐπιθυμητικοῦ.

421 1169 611 1224 bolum
634 1169 1065 1225 ratiocinatricis
1090 1169 1391 1237 facultatis,
1426 1180 1722 1241 propterea
1756 1170 1903 1241 quod
1936 1171 2009 1227 sit
2047 1172 2163 1228 dux
2185 1178 2385 1248 gregis,
2425 1186 2616 1232 taurus
2654 1184 2837 1232 autem
2882 1173 3156 1230 irascendi
3197 1172 3495 1237 facultatis,
3530 1183 3699 1239 capra

423 1270 609 1318 autem
639 1264 918 1320 facultatis
946 1265 1396 1335 concupiscendi.

494 1357 710 1428 Moyses
754 1356 956 1427 jubens
992 1357 1193 1412 hostiis
1232 1373 1395 1413 renes
1427 1356 1673 1412 adimere
1692 1357 1761 1423 °’,
1794 1366 1851 1413 et
1887 1358 2009 1413 adi-

2194 1356 2254 1410 '0
2300 1357 2508 1427 Μωσῆς
2553 1355 2819 1420 κελεύσας
2865 1355 3122 1426 ἀφαιρεῖν
3163 1354 3272 1407 τῶν
3313 1355 3528 1425 ίερείων
3566 1354 3699 1420 τοὺς

424 1463 572 1518 pem,
606 1456 662 1503 et
688 1448 1092 1518 pectusculum,
1123 1455 1180 1503 et
1211 1448 1400 1503 lobum
1446 1448 1682 1519 hepatis,
1707 1463 1810 1519 per
1841 1464 1908 1504 ea
1931 1456 2011 1503 ta-

2117 1448 2366 1520 νεφροὺς,
2409 1448 2594 1502 καὶτὸ
2639 1448 2826 1519 στέαρ,
2882 1446 2977 1502 καὶ
3025 1447 3087 1501 τὸ
3120 1446 3427 1517 στηθύνιον,
3472 1447 3566 1500 καὶ
3602 1447 3697 1500 τὸν

424 1540 535 1595 cite
556 1538 883 1611 signiﬁcavit
910 1539 1125 1596 auferre
1153 1548 1456 1610 potestates
1481 1556 1605 1611 qua:
1642 1548 1771 1597 sunt
1807 1548 2011 1612 praeter

2117 1539 2268 1593 λοϐὸν
2295 1539 2390 1592 τοῦ
2437 1540 2672 1612 ἥπατος,
2702 1537 2926 1611 ᾐνίξατο
2950 1537 3039 1593 διά
3079 1538 3284 1592 τούτων
3316 1539 3568 1609 ἀφαιρεῖν
3595 1538 3699 1603 τάς

426 1636 681 1684 naturam
714 1646 726 1682 :
760 1638 816 1684 et
851 1629 1203 1699 operationes
1236 1632 1333 1685 irae
1355 1645 1419 1685 ac
1447 1629 1769 1701 cupiditatis
1790 1671 1804 1696 ,
1833 1637 1889 1686 et
1915 1644 2010 1685 eas

2117 1629 2269 1702 παρὰ
2299 1628 2462 1699 φύσιν
2506 1629 2770 1699 δυνάμεις
2799 1629 2895 1683 καὶ
2939 1628 3223 1699 ἐνεργείας
3268 1626 3363 1681 τοῦ
3410 1644 3471 1681 τε
3517 1626 3695 1698 θυμοῦ

425 1720 759 1792 liquefacere
792 1721 982 1776 divino
1007 1721 1131 1792 igne
1157 1723 1449 1792 potestatis
1474 1737 1596 1792 quae
1618 1728 1703 1778 est
1731 1722 1786 1776 in
1823 1720 2010 1793 cogni-

2114 1723 2208 1777 καὶ
2256 1722 2357 1794 τῆς
2384 1721 2704 1793 ἐπιθυμίας,
2738 1721 2831 1776 καὶ
2870 1719 2947 1790 τῷ
2977 1719 3107 1789 θείῳ
3144 1719 3278 1789 πυρὶ
3302 1719 3402 1789 τῆς
3429 1716 3573 1772 κατὰ
3594 1718 3698 1788 τὴν

426 1814 577 1869 tione
608 1814 913 1884 spirituali,
960 1813 1261 1883 cupiditate
1302 1813 1525 1885 quidem
1570 1813 1873 1886 signiﬁcata
1910 1827 2010 1884 per

2117 1813 2492 1886 πνευματικὴν
2525 1812 2731 1881 γνῶσιν
2771 1811 3057 1881 δυνάμεως
3088 1810 3341 1881 ἐκτήκειν
3362 1810 3562 1875 αὑτάς⁶
3596 1809 3700 1881 τῆς

427 1917 610 1968 renes,
667 1903 789 1974 ejus
835 1910 1019 1957 autem
1059 1903 1405 1972 operatione,
1449 1919 1573 1974 quae
1610 1912 1695 1959 εει
1735 1905 2008 1975 voluptas,

425 2007 526 2061 per
557 1991 773 2063 adipem
798 2000 854 2048 et
885 2008 1079 2049 rursus
1108 1993 1189 2048 ira
1214 1993 1439 2064 quidem
1472 2010 1572 2065 per
1599 1995 2006 2066 pectusculum,

425 2083 546 2154 ejus
585 2091 771 2140 autem
822 2085 1145 2155 operatione
1185 2101 1287 2156 per
1335 2085 1525 2140 lobum
1552 2086 1787 2156 hepatis,
1817 2086 1874 2140 in
1898 2102 2010 2157 quo

427 2176 708 2231 concrevit
735 2192 919 2231 amara
952 2184 1011 2232 et
1049 2177 1191 2233 acris
1235 2176 1384 2232 bilis.
1409 2176 1514 2244 Qui
1543 2193 1643 2249 per
1667 2178 1811 2248 piam
1838 2178 2010 2233 ratio-

427 2284 554 2323 nem
597 2269 711 2325 Deo
752 2268 1025 2325 sacriﬁcat
1060 2268 1227 2324 corda
1253 2267 1547 2324 brutorum
1572 2309 1587 2334 ,
1635 2283 1760 2324 cum
1808 2269 2011 2339 quibus

426 2360 841 2430 proportionem
862 2368 919 2415 et
938 2357 1380 2413 convenientiam
1404 2356 1573 2412 habet
1600 2356 2007 2427 pectusculum,

426 2459 485 2507 ct
522 2451 756 2506 activam
794 2466 989 2507 eorum
1034 2450 1376 2515 facultatem,
1403 2464 1528 2504 cum
1555 2464 1662 2519 qua
1695 2448 2012 2519 proportio-

428 2558 554 2598 nem
593 2551 649 2597 et
698 2541 1145 2597 convenientiam
1198 2541 1364 2596 habet
1411 2539 1740 2602 brachium,
1792 2544 2014 2608 separat

428 2634 737 2705 Operationi
766 2633 1174 2697 mandatorum,
1216 2631 1395 2686 factus
1445 2640 1531 2686 est
1560 2629 1838 2695 sacerdos,
1864 2629 2011 2684 acci-

428 2723 586 2794 piens
610 2722 679 2777 ab
700 2722 769 2777 iis
783 2722 879 2792 qui
903 2722 1115 2791 seipsos
1136 2722 1251 2776 Deo
1278 2719 1521 2775 oﬁ‘erunt
1537 2719 1796 2784 hostiam,
1822 2727 2016 2789 pectu-

428 2814 647 2870 sculum
690 2822 746 2868 et
763 2812 1075 2868 brachium.
1104 2812 1185 2867 Ad
1217 2809 1641 2867 sacriﬁcandum
1669 2818 1757 2866 est
1792 2808 2015 2881 ineptus

427 2906 527 2976 qui
568 2914 653 2962 est
690 2912 875 2959 mente
926 2919 1105 2959 caecus
1134 2898 1192 2959 et
1230 2904 1462 2959 claudus
1479 2903 1550 2969 ⁷⁸,
1591 2918 1660 2958 εο
1699 2903 1849 2974 quod
1902 2918 2014 2958 non

430 3004 583 3077 recto
624 2996 765 3065 pede
810 2996 1030 3051 incedat
1071 2995 1128 3049 in
1167 2994 1279 3050 vita
1318 3003 1376 3050 et
1409 2994 1793 3065 dogmatibus,
1833 3001 1889 3049 et
1918 2993 2014 3064 qui

2114 1907 2213 1979 μὲν
2248 1905 2541 1977 ἐπιθυμίας
2583 1904 2672 1958 διά
2708 1904 2815 1956 τῶν
2860 1901 3074 1975 νεφρῶν
3105 1900 3464 1972 δηλουμένης,
3503 1902 3605 1973 τῆς
3634 1901 3698 1955 δὲ

2111 1997 2395 2069 ἐνεργείας
2424 1997 2615 2067 αὐτῆς,
2649 1995 2771 2067 ἥτις
2802 1995 2949 2048 ἐστὶν
2978 1995 3012 2065 ή
3045 1993 3233 2065 ἡδονὴ,
3263 1993 3352 2047 διὰ
3390 1993 3484 2046 τοῦ
3532 1993 3695 2047 στέα-

2109 2106 2224 2154 τος.
2256 2090 2365 2143 Καὶ
2400 2084 2555 2153 αὖθις
2587 2087 2683 2142 τοῦ
2730 2087 2831 2158 μὲν
2866 2086 3062 2157 θυμοῦ,
3101 2085 3193 2140 διὰ
3232 2084 3520 2156 στηθυνίου
3546 2103 3560 2117 ·
3595 2086 3700 2156 τῆς

2110 2180 2169 2235 δέ
2204 2179 2485 2251 ἐνεργείας
2513 2178 2679 2232 αὐτοῦ
2707 2177 2797 2231 διὰ
2839 2176 2936 2231 τοῦ
2968 2175 3126 2228 λοϐοῦ
3159 2175 3255 2228 τοῦ
3301 2177 3530 2247 ἥπατος,
3567 2175 3625 2228 ἐν
3650 2166 3699 2241 ᾧ

2112 2269 2363 2342 πέπηγεν
2390 2270 2424 2341 ἡ
2449 2269 2625 2341 πικρά
2648 2268 2744 2322 καὶ
2767 2265 3073 2338 δριμυτάτη
3100 2265 3252 2336 χολή.
3295 2265 3355 2317 '0
3396 2264 3701 2335 ἱερουργῶν

2110 2360 2191 2432 τῷ
2222 2360 2342 2431 Θεῷ
2369 2360 2436 2415 δι’
2475 2358 2738 2422 εὐσεϐοῦς
2774 2358 2936 2427 λόγου
2962 2357 3061 2421 τάς
3094 2355 3205 2410 τῶν
3252 2356 3429 2410 ἀλλων
3467 2354 3697 2425 καρδίας

2114 2445 2206 2519 αἷς
2237 2450 2497 2520 ἀναλογεῖ
2527 2450 2588 2504 τὺ
2638 2448 2927 2521 στηθύνιον
2946 2464 2959 2479 ·
2996 2448 3089 2501 καὶ¹
3121 2446 3223 2518 τὴν
3253 2445 3563 2518 πρακτικὴν
3593 2446 3698 2498 a6.-

2111 2543 2221 2597 τῶν
2268 2543 2524 2614 δύναμιν,
2643 2541 2900 2610 ἀναλογεῖ
2929 2543 2958 2594 6
2988 2539 3262 2612 βραχίων,
3310 2537 3589 2609 ἀφορίζων
3626 2539 3697 2608 τῇ

2113 2635 2370 2706 ἐνεργείᾳ
2415 2633 2525 2688 τῶν
2569 2633 2826 2699 ἐντολῶν,
2871 2633 3098 2702 γέγονεν
3151 2633 3354 2704 ἱερεὺς,
3403 2632 3699 2704 λαμϐάνων

2114 2726 2268 2792 παρὰ
2305 2724 2414 2777 τῶν
2449 2724 2678 2787 ἑαυτοὺς
2712 2722 2929 2791 θυσίαν,
2958 2721 3036 2794 τῷ
3062 2722 3182 2792 Θεῷ
3219 2723 3605 2794 προσαγόντων
3633 2721 3701 2775 τὸ

2116 2816 2403 2889 στηθύνιον
2433 2816 2529 2870 καὶ
2568 2815 2661 2870 τὸν
2704 2813 2987 2886 βραχίονα.
3023 2814 3423 2886 ’Δνεπιτήδειος
3464 2815 3543 2878 εἰς
3584 2815 3698 2885 ἱερ-

2112 2909 2341 2980 ουργίαν
2392 2910 2420 2962 6
2462 2906 2665 2977 τυφλὸς
2714 2907 2806 2960 τὸν
2838 2905 2987 2973 νοῦν,
3045 2905 3141 2960 καὶ
3182 2907 3212 2959 6
3264 2905 3439 2976 χωλὸς
3487 2902 3567 2975 τῷ
3618 2904 3700 2976 μὴ

2114 3000 2426 3072 ὁρθοποδεῖν
2452 3000 2510 3053 ἐν
2542 2999 2643 3071 βίῳ
2672 2999 2769 3053 καὶ
2797 2997 3033 3069 δόγμασι
3056 3014 3070 3028 ·
3096 3001 3193 3052 καὶ
3224 2999 3253 3052 6
3281 2995 3603 3068 κολοϐόρῤιν
3619 2994 3701 3066 τῷ

427 3096 517 3143 εει
556 3103 692 3143 nare
733 3089 963 3153 mutila,
997 3102 1065 3143 eo
1105 3088 1253 3157 quod
1291 3087 1593 3158 perfectam
1642 3101 1755 3141 non
1816 3084 2015 3140 haheat

2121 3093 2196 3165 μὴ
2220 3091 2431 3147 τελείαν
2461 3090 2607 3163 ἔχειν
2629 3091 2926 3163 διάκρισιν.
2958 3089 3284 3161 Σύντριμμα
3312 3090 3369 3144 δέ
3391 3090 3573 3162 χειρὸς
3604 3090 3702 3142 καὶ

429 3178 843 3236 discretionem.
883 3178 1159 3235 Contritio
1188 3188 1373 3236 autem
1411 3194 1608 3234 manus
1652 3187 1710 3233 et
1738 3174 1896 3247 pedis
1925 3182 2011 3232 est

428 3271 733 3326 eonfractio
768 3271 1045 3327 facultatis
1082 3272 1347 3341 operandi
1385 3272 1548 3327 bona.
1596 3270 1862 3327 Incurvus
1909 3285 2012 3325 au-

431 3371 543 3417 tem
568 3363 614 3419 is
632 3371 717 3418 est
741 3364 837 3434 qui
864 3362 933 3419 ad
960 3378 1025 3419 ea
1052 3379 1177 3434 quas
1197 3373 1326 3419 sunt
1358 3362 1616 3419 inferiora
1648 3378 1707 3419 se
1733 3363 2010 3428 incurvat,

428 3463 488 3511 et
522 3472 554 3510 a
600 3454 837 3510 terrenis
876 3469 988 3509 non
1028 3464 1212 3526 potest
1248 3470 1472 3510 sursum
1517 3452 1785 3523 aspicere.
1834 3453 2015 3508 Macu-

430 3545 584 3601 losus
605 3553 789 3600 autem
809 3551 896 3599 est
922 3544 968 3599 is
990 3543 1081 3599 cui
1110 3544 1274 3614 pellis
1302 3542 1629 3613 superﬁcies
1654 3549 1740 3597 est
1766 3558 1797 3597 a
1821 3543 2015 3598 morbo

432 3635 701 3692 oﬁ‘useata
729 3652 743 3688 :
769 3634 950 3705 qualis
981 3642 1067 3689 est
1104 3634 1217 3699 ille,
1248 3634 1408 3705 cujus
1440 3631 1622 3687 anima
1661 3640 1889 3702 peccato
1913 3631 2014 3687 ob-

433 3735 656 3782 scurata
703 3734 808 3781 est.
848 3725 1059 3795 Lippus
1100 3732 1286 3779 autem
1332 3723 1510 3779 oculis
1540 3730 1628 3779 est
1669 3722 1717 3778 is
1749 3721 1845 3793 qui
1868 3721 2018 3776 videt

433 3815 691 3887 quidem,
737 3815 835 3872 sed
879 3832 992 3871 non
1044 3823 1227 3881 recte,
1286 3822 1350 3869 ut
1401 3812 1645 3870 haeretici
1687 3812 1784 3884 qui
1843 3813 2016 3868 Deum

434 3906 661 3977 quidem
684 3921 806 3962 esse
828 3904 1084 3970 credunt,
1110 3920 1222 3961 non
1246 3910 1399 3959 recta
1423 3910 1609 3959 autem
1629 3902 1698 3957 de
1720 3916 1789 3957 eo
1814 3900 2020 3956 habent

432 3978 719 4070 dogmata:
742 3997 966 4054 Scabies
1007 4003 1194 4052 autem
1220 3995 1456 4067 agrestis
1496 4009 1595 4066 per
1624 4007 1908 4063 anagogen
1930 3999 2017 4047 est

430 4091 581 4147 acris
603 4089 781 4145 ﬂuxus
798 4089 922 4144 vitii
949 4104 1014 4143 ac
1042 4095 1228 4143 motus
1251 4087 1424 4142 animi
1449 4101 1517 4140 ex
1540 4085 1726 4140 anima
1748 4083 2016 4149 defluens,

430 4201 468 4240 ιι
484 4184 767 4255 voluptate
787 4182 1014 4253 quidem
1040 4181 1338 4252 incipiens,
1383 4180 1441 4234 in
1470 4179 1636 4233 ﬁnem
1660 4187 1847 4233 autem
1872 4191 2022 4232 ama-

433 4292 560 4332 rum
591 4276 871 4333 desinens.
902 4274 1170 4345 lmpetigo
1202 4281 1389 4329 autem
1429 4279 1517 4328 est
1555 4271 1793 4343 quodvis
1819 4270 2019 4326 vitium

428 4383 529 4424 seu
564 4376 748 4424 motus
798 4381 864 4422 ac
900 4365 1250 4437 perturbatio
1278 4380 1508 4435 serpens
1543 4379 1643 4435 per
1677 4366 1940 4431 animam,
1963 4370 2021 4419 et

427 4474 556 4528 qua
598 4458 864 4512 dilatatur
905 4456 963 4511 in
1010 4456 1280 4512 deterius.
1326 4455 1507 4511 Unum
1565 4464 1752 4512 autem
1807 4455 2020 4511 habens
2052 4445 2096 4500 Ι)

429 4551 754 4609 testiculum
789 4559 877 4606 est
916 4550 962 4605 is
986 4551 1082 4621 qui
1110 4567 1178 4605 ex
1213 4549 1448 4605 dimidio
1488 4551 1746 4621 producit
1779 4549 2013 4604 fruetus.

428 4687 545 4744 Cur
581 4684 844 4741 Israelita:
875 4687 1172 4740 hostiarum
1210 4684 1420 4754 quidem
1452 4683 1793 4754 vescebantur
1821 4695 2018 4754 ⁸εονρο-

490 4756 1029 4883 glmthaangufnem
1074 4749 1251 4809 autem
1284 4754 1575 4824 fundebant
1609 4754 1679 4807 ad
1719 4751 1889 4804 basim
1925 4749 2018 4803 al-

501 4941 766 4997 Israelita:
801 4955 929 4998 cum
963 4940 1073 4996 sint
1101 4940 1346 5010 pueriles
1367 4936 1618 5000 scientia,
1646 4934 1897 4990 ferebant
1926 4945 2011 5007 ty-

430 5054 564 5112 pum
585 5055 781 5096 eorum
814 5038 907 5109 qui
931 5038 987 5093 in
1016 5037 1222 5110 pietate
1253 5035 1638 5091 instituuntur.
1662 5030 1765 5097 Qui
1798 5046 1930 5101 ergo
1955 5034 2013 5085 in

428 5130 635 5201 pietate
658 5129 991 5195 instituitur,
1016 5126 1401 5183 mandatorum
1428 5122 1651 5193 quidem
1692 5122 2017 5191 exsequitur

426 5224 729 5289 actionem,
760 5230 1022 5293 tanquam
1062 5233 1261 5273 carnes
1285 5216 1583 5271 comedens
1602 5230 1667 5271 ea
1692 5230 1816 5284 quae
1852 5230 2017 5284 appa-

433 5324 559 5371 rent
582 5331 650 5371 εχ
676 5314 979 5370 virtutibus
1004 5330 1017 5365 :
1048 5310 1336 5374 moralem,
1352 5308 1599 5379 inquam,
1620 5305 2014 5369 eruditionem,

431 5405 548 5464 Deo
588 5416 773 5462 autem
805 5420 999 5461 eorum
1036 5402 1276 5457 rationes
1308 5400 1456 5456 cedit
1493 5415 1593 5471 per
1615 5398 1800 5462 ﬁdem,
1839 5398 2016 5453 solum

431 5499 671 5554 credens
708 5497 856 5568 quod
897 5496 1114 5551 divinas
1148 5494 1353 5550 habent
1398 5494 1658 5549 rationes.
1682 5490 1818 5546 Nam
1844 5491 2018 5545 altare

432 5586 661 5656 quidem
704 5585 917 5642 εειυεί
968 5584 1297 5657 symbolum.
1333 5585 1466 5657 Ejus
1513 5592 1697 5639 autem
1745 5581 1894 5636 basis
1933 5588 2021 5636 est

436 5684 600 5748 typus
629 5677 778 5733 ﬁdei.
801 5679 923 5749 ipsa
960 5677 1109 5735 enim
1137 5686 1223 5735 est
1249 5676 1669 5733 fundamentum
1703 5672 1799 5730 Dei
1826 5672 2016 5745 cogni-

2113 3182 2297 3246 ποδὸς,
2333 3182 2366 3252 ὴ
2397 3180 2623 3252 θραῦσις
2651 3180 2753 3252 τῆς
2793 3180 3079 3252 δυνάμεως
3126 3180 3220 3236 τοῦ
3260 3179 3590 3253 ἐργάζεσθαι
3629 3179 3704 3233 τά

2114 3274 2278 3338 καλὰ,
2314 3274 2407 3328 καὶ
2443 3272 2684 3343 βαδίζειν
2718 3272 2813 3326 ἐπὶ
2846 3273 2917 3327 τά
2948 3271 3149 3341 ἀγαθά.
3177 3270 3389 3342 Κυρτὸς
3418 3270 3476 3325 δέ
3507 3272 3537 3324 6
3563 3268 3701 3342 πρὸς

2114 3366 2185 3421 τὰ
2215 3365 2367 3419 κάτω
2393 3362 2672 3433 κεκυφὼς,
2701 3365 2798 3418 καὶ
2824 3364 2899 3435 μὴ
2922 3364 3219 3434 δυνάμενος
3246 3362 3356 3417 ἀπὸ
3374 3362 3484 3416 τῶν
3497 3361 3704 3431 γηΐνων

2116 3459 2421 3517 ἀνανεύειν.
2470 3458 2712 3529 Ἔφηλος
2754 3457 2832 3522 δέ,
2862 3458 2891 3510 ὁ
2933 3456 3044 3510 ἀπὸ
3076 3456 3383 3527 νοσήματος
3415 3452 3705 3526 μελανθεὶς

2116 3552 2219 3623 τὴν
2242 3550 2367 3621 ὄψιν
2394 3549 2490 3604 τοῦ
2528 3549 2820 3621 δέρματος,
2847 3545 3033 3609 ὁποῖός
3076 3547 3225 3599 ἐστιν
3254 3547 3283 3600 6
3316 3544 3425 3600 ἀπὸ
3453 3544 3705 3616 ἁμαρτή-

2121 3659 2291 3713 ματος
2308 3640 2580 3713 ζοφωθεὶς
2603 3641 2703 3710 τὴν
2724 3637 2925 3708 ψυχήν.
2957 3636 3152 3701 Πιλλδς
3166 3635 3221 3690 δέ
3238 3636 3365 3700 τοὺς
3387 3634 3705 3707 ὀφθαλμοὺς

2117 3736 2146 3789 6
2178 3732 2392 3802 βλέπων
2421 3730 2543 3803 μὲν,
2587 3731 2684 3800 οὐχ
2718 3728 2889 3798 ὑγιῶς
2924 3728 3003 3794 δὲ,
3038 3728 3113 3792 ῶς
3140 3728 3191 3781 οἱ
3238 3727 3533 3800 αἱρετικοὶ,
3565 3726 3705 3781 Θεὸν

2122 3827 2224 3898 μὲν
2257 3821 2399 3878 εἶναι
2427 3821 2799 3889 πιστεύοντες,
2823 3821 2923 3892 οὐχ
2952 3819 3120 3890 ὑγιῶς
3148 3819 3207 3874 δὲ
3235 3821 3363 3893 περὶ
3391 3818 3557 3874 αὐτοῦ
3574 3818 3703 3888 δογ-

2123 3915 2459 3987 ματίζοντες.
2491 3912 2670 3985 Ψῶρα
2693 3911 2753 3965 δὲ
2786 3910 2955 3983 ἀγρία
3004 3911 3123 3964 κατ’
3144 3908 3442 3981 ἀναγωγὴν
3493 3908 3707 3972 πάθους

2118 4008 2285 4080 δριμὺ
2305 4006 2485 4079 ῥεῦμα
2512 4003 2916 4075 καταχεόμενον
2940 4003 3042 4072 τῆς
3063 4001 3263 4073 ψυχῆς,
3289 4001 3348 4069 ἐξ
3382 4001 3575 4073 ἡδονῆς
3605 4001 3708 4073 μὲν

2120 4101 2443 4171 ἀρχόμενον,
2482 4098 2562 4162 είς
2593 4095 2788 4168 πικρὸν
2824 4094 2881 4148 δέ
2926 4094 3101 4166 πέρας
3144 4094 3452 4166 καταλῆγον
3474 4110 3488 4125 ’
3518 4092 3708 4164 λειχὴν

2121 4192 2199 4257 δέ,
2229 4193 2340 4246 πᾶν
2371 4189 2552 4245 ὁτιοῦν
2601 4187 2774 4251 πάθος
2820 4185 2991 4257 ἐρπον
3044 4188 3189 4242 κατά
3224 4189 3325 4258 τῆς
3374 4189 3573 4258 ψυχῆς,
3609 4187 3710 4240 καὶ

2124 4283 2486 4355 εύρυνόμενον
2526 4282 2609 4345 είς
2640 4278 2702 4333 τὸ
2740 4280 2945 4349 χεῖρον.
2982 4278 3257 4351 Μόνορχις
3295 4279 3373 4346 δὲ,
3406 4281 3436 4334 6
3471 4278 3533 4346 ἐξ
3568 4279 3709 4350 ἡμι-

2126 4394 2183 4431 σε
2191 4375 2276 4441 ίας
2307 4374 2686 4448 καρπογονῶν.

2118 4678 2282 4733 Διατῖ
2305 4681 2361 4733 οἱ
2393 4677 2761 4748 Ἰσραηλῖται
2783 4676 2854 4730 τὰ
2877 4676 2995 4747 μὲν
3014 4676 3262 4748 σώματα
3287 4676 3409 4732 τῶν
3431 4675 3712 4748 θυμάτων

2192 4748 2435 4817 ἤσθιον,
2488 4746 2561 4801 τὰ
2589 4746 2658 4801 δὲ
2680 4748 2901 4817 αἵματα
2942 4746 3111 4816 πρὸς
3136 4747 3252 4816 τὴν
3288 4746 3711 4818 βὼινήὲχεον

2190 4819 2297 4874 τοῦ
2327 4819 2787 4887 θυσιαστηρίου.

2194 4932 2257 4985 Οἱ
2293 4929 2629 5000 Ἰσραηλῖται
2660 4928 2955 5001 νηπιὼδεις
2989 4928 3131 4983 κατὰ
3181 4928 3384 4997 γνῶσιν
3419 4929 3574 4995 ὅντες
3615 4928 3715 4983 τύ-

2123 5039 2223 5077 πον
2254 5021 2450 5093 ἐφερον
2479 5020 2590 5075 τῶν
2609 5020 2981 5091 εἰσαγομένων
3000 5020 3138 5092 πρὸς
3168 5020 3477 5077 εὐσέϐειαν.
3510 5022 3571 5076 Ὀ
3594 5021 3713 5075 τοίῳ

2122 5133 2216 5169 νυν
2242 5113 2379 5186 πρὸς
2401 5113 2683 5167 εὐσέϐειαν
2704 5111 3083 5183 εἰσαγόμενος,
3110 5111 3211 5184 τὴν
3240 5113 3340 5183 μὲν
3366 5111 3566 5184 πρᾶξιν
3598 5112 3714 5167 τῶν

2123 5204 2357 5259 ἐντολῶν
2387 5203 2662 5271 ἀποτελεῖ,
2690 5202 2944 5267 καθάπερ
2986 5203 3197 5273 σάρκας
3216 5201 3413 5258 ἐσθίων
3441 5201 3552 5256 τῶν
3581 5203 3718 5274 ἀρε-

2124 5298 2234 5352 τῶν
2256 5297 2325 5351 τὰ
2347 5298 2653 5368 φαινόμενα
2671 5311 2684 5326 ’
2719 5294 2866 5363 λέγω
2880 5294 2945 5366 δὴ
2975 5293 3073 5365 τὴν
3088 5293 3288 5365 ἠθικὴν
3303 5293 3711 5363 παιδαγωγίαν,

2126 5395 2253 5458 τοὺς
2263 5393 2322 5447 δέ
2340 5393 2532 5462 λόγους
2546 5389 2727 5445 αὐτῶν
2748 5389 2827 5461 τῷ
2846 5387 2965 5459 Θεῷ
2990 5388 3319 5460 παραχωρεῖ
3336 5385 3425 5440 διὰ
3446 5385 3711 5453 πίστεως,

2128 5486 2402 5540 πιστεύων
2434 5484 2592 5556 μόνον
2635 5484 2718 5537 ὅτι
2758 5482 2951 5551 λόγους
2998 5481 3185 5552 ἔχουσι
3236 5478 3437 5543 θείους.
3488 5478 3562 5532 Τὸ
3611 5482 3715 5551 μὲν

2127 5576 2235 5648 γὰρ
2264 5577 2649 5648 θυσιαστήριον
2682 5571 2818 5628 Θεοῦ
2852 5572 3144 5644 σύμϐολον,
3172 5572 3204 5641 ἡ
3227 5570 3283 5624 δέ
3310 5569 3498 5623 τούτου
3526 5569 3711 5641 βάσις,

2126 5667 2295 5733 τύπος
2328 5669 2428 5740 τῆς
2454 5668 2688 5731 πίστεως
2713 5684 2724 5698 ·
2755 5663 3006 5729 θεμέλιος
3033 5664 3143 5736 γὰρ
3168 5662 3310 5736 αὕτη
3349 5662 3711 5732 θεογνωσίας,

513 5854 557 5886 "
590 5852 762 5911 chit.
794 5871 907 5924 vtu,
930 5855 1019 5912 26.
1092 5855 1137 5888 το
1163 5853 1335 5911 chit.
1378 5870 1486 5921 XXI,
1526 5852 1586 5908 18
1614 5867 1763 5923 seqq.
1838 5852 1880 5883 τι
1918 5848 2097 5905 Levit.
2133 5861 2275 5914 xm,
2303 5843 2356 5898 6.
