4076 6468
379 302 515 358 l2”

1748 296 2266 352 COLLECTANEA.

3478 288 3616 346 1218

375 419 559 474 πᾶσαν
601 420 699 489 τὴν
747 417 1036 488 οίκοδομὴν
1088 417 1191 488 τῆς
1250 415 1533 480 εὐσεϐείας
1584 414 1947 485 βαστάζουσα.

2071 414 2222 469 .ionis
2252 422 2478 486 portans
2502 412 2820 467 universum
2852 406 3078 480 pietatis
3103 405 3416 463 aediﬁcium.
3456 404 3616 461 Chric

374 508 610 578 Χριστὸς
640 507 698 559 δὲ
728 506 1175 576 παραγενόμενος
1213 509 1242 560 ὁ
1270 506 1479 577 ἀληθὴς
1515 507 1809 577 ἀρχιερεὺς
1855 506 1949 558 καὶ

375 597 547 661 θύσας
574 596 788 661 ἑαυτὸν,
815 596 1016 649 δέδωκε
1043 598 1157 661 τοῖς
1176 596 1452 668 ἀνδρικοϊς
1481 597 1561 659 είς
1586 594 1784 664 γνῶσιν
1815 595 1953 666 μετά

374 685 478 757 τῆς
509 685 713 757 σαρκὸς
740 686 834 739 καὶ
865 686 925 740 τὸ
958 680 1118 757 αἷμα.
1160 688 1217 742 '0
1247 687 1584 758 γάρτέλειος
1625 688 1706 750 εἰς
1730 685 1952 758 ἀρετὴν,

375 777 473 830 καὶ
499 778 629 840 τοὺς
672 775 865 844 λόγους
895 775 1008 831 τῶν
1040 777 1271 832 ἐντολῶν
1296 777 1372 841 ὼς
1402 771 1542 848 αἷμα
1570 775 1824 830 πίνειδιά
1855 775 1954 847 τῆς

375 883 653 935 γνωσεως.

771 976 913 1046 Περὶ
938 976 1171 1045 λέπρας
1205 974 1318 1043 τῆς
1351 977 1566 1043 οὶκίας.

461 1084 552 1139 Ἐν
576 1085 655 1155 τῷ
682 1085 836 1157 νόμῳ
858 1086 936 1157 τῷ
976 1087 1106 1157 περὶ
1128 1087 1229 1157 τῆς
1258 1087 1437 1149 οίκίας
1468 1086 1699 1159 ἐχούσης
1727 1087 1955 1160 λέπραν,

379 1177 499 1231 ὅλον
526 1177 631 1247 ὅρα
657 1176 721 1229 τὸ
753 1175 848 1230 τοῦ
895 1175 1154 1247 Σωτῆρος
1193 1176 1351 1246 ἡμῶν
1381 1179 1700 1248 μυστήριον,
1741 1180 1834 1232 καὶ
1865 1179 1958 1233 τὸν

379 1267 469 1322 διὰ
492 1267 587 1321 τοῦ
609 1265 984 1337 βαπτίσματος
1020 1267 1419 1338 καθαρισμόν.⁹
1444 1267 1554 1331 Τὰς
1581 1268 1673 1321 δύο
1698 1268 1792 1321 τοῦ
1826 1271 1959 1340 Χρι-

382 1357 510 1412 στοῦ
541 1356 755 1427 φύσεις,
783 1351 858 1412 ὧν
886 1359 920 1430 ἡ
950 1357 1050 1428 μὲν
1069 1355 1279 1412 ἀνωθεν
1305 1357 1602 1429 κατῆλθεν,
1636 1361 1669 1431 ἡ
1699 1358 1756 1413 δὲ
1782 1360 1960 1414 κάτω-

381 1454 475 1507 θεν
519 1452 787 1524 ἀνῆλθεν,
844 1452 982 1525 μετά
1026 1452 1126 1523 τὴν
1157 1452 1475 1507 ἀνάστασιν.
1538 1453 1725 1508 Ζῶντα
1770 1454 1828 1508 δὲ
1864 1454 1960 1508 καὶ

380 1545 624 1617 καθαρά,
657 1544 791 1599 διότι
821 1544 967 1615 ζωῆς
991 1545 1086 1598 καὶ
1113 1544 1486 1616 καθαρότητος
1515 1530 1675 1600 αὗται
1696 1562 1962 1616 παρεκτι-

383 1634 499 1688 καί.
540 1634 651 1688 Kal.
681 1633 768 1686 διὰ
801 1633 903 1703 μὲν
931 1632 1027 1686 τοῦ
1063 1632 1313 1702 κεδρίνου
1348 1632 1506 1700 ξύλου
1552 1632 1615 1687 τὸ
1640 1632 1963 1702 ἀδιάφθορον

2051 514 2171 561 Stus
2227 515 2413 561 autem
2470 518 2597 558 cum
2659 501 2975 556 advenisset
3029 514 3198 554 verus
3251 496 3518 567 pontifex,
3566 505 3626 550 et

2052 595 2296 665 seipsum
2335 595 2714 657 sacriﬁcasset,
2756 591 2909 646 dedit
2947 591 3014 644 iis
3045 589 3140 660 qui
3174 596 3303 644 sunt
3336 588 3508 643 fortes
3553 588 3624 643 ad

2053 687 2423 757 cognitionem
2449 727 2462 749 ,
2495 700 2620 741 cum
2652 700 2817 739 carne
2875 684 3043 737 etiam
3091 681 3433 753 sanguinem.
3486 679 3626 735 Nam

2053 776 2149 846 qui
2171 785 2256 831 est
2287 777 2342 830 in
2366 777 2571 831 virtute
2594 774 2889 846 perfectus,
2914 772 3299 827 mandatorum
3333 771 3499 825 etiam
3539 783 3628 824 ra-

2054 872 2257 937 tiones,
2283 878 2545 942 tanquam
2576 868 2923 939 sanguinem,
2960 865 3104 920 bibit
3137 880 3237 934 per
3259 863 3569 919 scientiam.

2546 981 2627 1036 De
2666 980 2815 1051 lepra
2852 980 3037 1034 domus
3056 979 3125 1032 τ’.
3240 1006 3241 1011 η

2128 1100 2187 1153 In
2211 1099 2329 1169 lege
2350 1097 2419 1152 de
2439 1095 2859 1154 domo‘habente
2882 1094 3092 1163 lepram
3107 1090 3233 1145 vide
3257 1097 3434 1144 totum
3454 1086 3630 1143 nostri

2058 1189 2375 1246 Servatoris
2400 1189 2723 1261 mysterium
2749 1228 2762 1251 ,
2796 1194 2852 1242 et
2895 1183 3277 1256 purgationem
3314 1195 3415 1250 per
3449 1179 3633 1249 bapti-

2058 1298 2259 1337 smum.
2296 1281 2433 1336 Nam
2473 1280 2633 1352 jubet
2658 1278 2880 1349 quidem
2926 1273 3071 1330 sumi
3109 1272 3247 1327 duas
3275 1269 3540 1334 aviculas,
3572 1274 3637 1322 ut

2057 1386 2157 1445 per
2186 1370 2324 1425 duas
2367 1368 2611 1423 aviculas
2659 1366 2935 1435 intelligas
2977 1362 3115 1418 duas
3145 1361 3350 1417 Christi
3382 1367 3635 1424 naturas,

2056 1476 2295 1531 quarum
2336 1462 2508 1519 altera
2551 1458 2774 1530 quidem
2816 1455 3101 1512 descendit
3151 1454 3409 1522 desuper,
3462 1452 3637 1506 altera
3681 1525 3687 1531 '

2060 1560 2243 1607 autem
2279 1551 2349 1607 ab
2395 1551 2521 1605 imis
2562 1558 2688 1620 post
2740 1546 3203 1604 resurrectionem
3241 1542 3512 1598 ascendit.
3537 1540 3636 1596 Vi—

2060 1651 2253 1698 ventes
2287 1650 2474 1697 aulem
2513 1649 2570 1697 et
2608 1638 2847 1703 mundae,
2891 1645 3185 1708 propterea
3207 1632 3353 1705 quod
3387 1644 3466 1689 ea:
3497 1645 3641 1702 prte-

383 1723 681 1781 αίνίττεται
718 1723 813 1776 τοῦ
846 1722 1099 1794 σώματος
1130 1722 1225 1776 τοῦ
1256 1722 1516 1794 Χριστοῦ,
1540 1721 1629 1776 διά
1656 1721 1713 1775 δὲ
1746 1721 1840 1775 τοῦ
1868 1738 1963 1775 κε-

2071 1735 2230 1790 beant
2264 1733 2435 1788 vitam
2476 1740 2533 1788 et
2569 1731 2888 1801 puritatem.
2927 1729 2997 1783 Et
3030 1743 3130 1797 per
3158 1727 3368 1796 lignum
3415 1721 3640 1794 quidem

383 1814 698 1885 κλωσμένου
731 1814 986 1883 κοκκίνου
1015 1815 1141 1877 τοὺς
1164 1813 1648 1885 ἀναμεμιγμένους
1679 1811 1771 1866 δύο
1795 1829 1960 1883 κρου-

383 1908 508 1971 νοὺς
530 1907 758 1978 αἵματος
787 1908 882 1961 καὶ
921 1905 1191 1978 ὕδατος,ἢ
1231 1905 1324 1959 τὸν
1350 1903 1571 1960 διπλοῦν
1595 1904 1752 1973 λόγον
1777 1902 1965 1975 θεότη-

382 2015 477 2061 τος
524 1999 621 2052 καὶ
675 1997 1116 2069 ἀνθρωπότητος.
1157 1996 1259 2051 Διὰ
1316 1995 1373 2049 δὲ
1423 1994 1519 2049 τοῦ
1567 1994 1821 2049 ὑσσώπου
1866 1993 1964 2066 τὴν

387 2087 537 2152 ζέσιν
564 2087 659 2141 τοῦ
703 2088 862 2158 ἁγίου
902 2086 1242 2159 Πνεύματος·
1274 2085 1451 2158 θερμὴ
1490 2085 1600 2157 γάρ
1649 2084 1741 2138 καὶ
1776 2086 1810 2156 ἠ
1856 2085 1966 2137 πόα

387 2180 691 2252 σμηκτική.
743 2179 854 2233 Καὶ
907 2179 996 2233 διά
1045 2179 1143 2250 μὲν
1190 2178 1285 2232 τοῦ
1325 2178 1529 2244 ζῶντος
1577 2176 1839 2250 όρνιθίου,
1872 2176 1965 2232 τὸν

387 2273 567 2336 ζῶντα
597 2272 791 2341 Λόγον·
839 2271 928 2325 διὰ
974 2270 1031 2325 δὲ
1062 2270 1155 2325 τοῦ
1192 2271 1425 2342 αἵματος
1455 2269 1550 2324 τοῦ
1593 2268 1963 2339 ἐσφαγμένου,

385 2366 448 2422 τὸ
471 2364 655 2435 τίμιον
674 2360 817 2436 αἷμα
830 2365 930 2434 τῆς
947 2362 1393 2434 προσληφθείσης
1419 2362 1640 2434 σαρκός.
1669 2361 1769 2415 Διά
1791 2360 1849 2414 δὲ
1870 2357 1965 2413 τοῦ

387 2454 589 2520 ζῶντος
627 2453 841 2517 ὓδατος,
867 2453 968 2523 τὴν
1017 2452 1280 2517 ζωοποιδν
1317 2452 1479 2523 χάριν
1515 2449 1611 2504 τοῦ
1649 2450 1966 2522 βαπτίσμα-

390 2561 505 2609 τος,
556 2539 601 2613 ᾧ
638 2541 1087 2616 περιρραίνεσθαι
1117 2542 1225 2614 χρὴ
1259 2541 1358 2613 τὴν
1386 2541 1587 2609 οἰκίαν,
1615 2541 1734 2612 ἦτοι
1762 2541 1861 2612 τὴν
1890 2541 1969 2593 0!-

386 2635 661 2707 κουμένην
687 2635 937 2699 ἑπτάκιςο
964 2635 1142 2689 εῐτουν
1169 2633 1450 2706 μυστικῶς
1481 2633 1540 2687 δέ
1561 2649 1577 2666 ο
1617 2631 1966 2704 μυστικώτα-

386 2742 478 2789 τος
506 2724 616 2796 γάρ
659 2719 815 2789 οὗτος
862 2725 893 2777 ό
942 2724 1196 2797 ἀριθμός.
1237 2724 1311 2778 Τὸ
1342 2723 1452 2789 ζῶν
1488 2722 1745 2796 ὀρνίθιον,
1792 2722 1853 2775 τὸ
1880 2722 1969 2786 ἐξ·

388 2816 859 2884 αποστελλόμενον
903 2813 1011 2883 ἔξω
1044 2816 1143 2884 τῆς
1174 2815 1381 2880 πόλεως
1420 2816 1500 2878 είς
1535 2814 1598 2868 τὸ
1625 2814 1828 2879 πεδίον,
1861 2813 1969 2866 ὲδί-

386 2910 609 2975 δασκεν,
642 2910 725 2964 ὅτι
758 2909 984 2979 ζήσεται
1029 2910 1059 2963 ό
1090 2907 1381 2962 ἀποθανὼν
1425 2907 1688 2978 Χριστὸς,
1723 2906 1819 2959 καὶ
1863 2904 1970 2969 ἔξω

388 3001 483 3057 τοῦ
541 3000 750 3072 κόσμου
803 2999 1093 3070 γενόμενος
1155 3000 1576 3071 μεταστήσεται,
1629 2998 1724 3052 καὶ
1774 3000 1854 3062 εἰς
1907 2997 1970 3051 τὸ

2066 1823 2354 1880 cedrinum
2370 1822 2710 1894 aenigmatice
2735 1820 3006 1893 signiﬁcat
3028 1815 3500 1886 incorruptionem
3521 1826 3642 1867 cor-

2064 1917 2217 1988 poris
2248 1916 2476 1973 Christi.
2500 1917 2607 1971 Per
2644 1922 2911 1970 retortum
2950 1922 3134 1968 autem
3160 1909 3466 1972 coccinum,
3499 1905 3643 1961 duos

2064 2007 2246 2065 fontes
2282 2008 2474 2064 mistos
2512 2008 2776 2079 sanguine
2816 2015 2873 2061 et
2900 2020 3062 2074 aqua,
3096 2011 3192 2058 aut
3230 2000 3508 2070 duplicem
3547 2012 3642 2052 ra-

2064 2097 2272 2152 tionem
2311 2095 2619 2151 divinitatis
2660 2104 2719 2150 et
2763 2090 3140 2149 humanitatis.
3193 2090 3297 2145 Per
3342 2088 3640 2159 hyssopum

2065 2196 2284 2251 autem,
2321 2186 2592 2241 fervorem
2630 2184 2871 2255 Spiritus
2907 2181 3085 2238 sancti
3114 2198 3127 2234 :
3159 2187 3244 2235 est
3276 2176 3426 2233 enim
3467 2176 3643 2243 herba

2066 2277 2243 2333 calida
2294 2284 2351 2331 et
2392 2276 2503 2330 vim
2539 2275 2753 2330 habens
2794 2272 3168 2344 abstergendi.
3211 2271 3281 2325 Et
3325 2285 3426 2339 per
3461 2268 3643 2333 vivam

2067 2368 2291 2439 quidem
2320 2368 2612 2433 aviculam,
2636 2366 2821 2425 vivum
2847 2365 3124 2429 Verbum;
3151 2378 3253 2432 per
3277 2366 3526 2416 mactatae
3547 2374 3647 2413 au-

2068 2460 2572 2531 tem-sanguinem,
2613 2459 2919 2529 pretiosum
2975 2455 3299 2526 sanguinem
3350 2458 3649 2522 assumpta

2069 2553 2272 2609 carnis.
2298 2553 2402 2608 Per
2432 2567 2629 2621 aquam
2669 2559 2854 2606 autem
2871 2540 3079 2612 vivam,
3112 2545 3387 2601 viviﬁcam
3413 2543 3646 2614 gratiam

2069 2642 2435 2713 baptismatis,
2452 2657 2564 2711 quo
2585 2648 2804 2711 oportet
2826 2640 3072 2695 domum.
3086 2638 3140 2692 id
3164 2644 3248 2691 est
3273 2636 3463 2691 orbem
3482 2642 3649 2688 terra;

2070 2732 2286 2803 aspergi
2314 2732 2537 2801 septies,
2563 2745 2660 2785 seu
2688 2730 2940 2801 mystice.
2971 2729 3071 2783 Est
3092 2727 3242 2782 enim
3271 2725 3363 2781 hic
3386 2738 3650 2779 numerus

2071 2821 2307 2877 maxime
2323 2821 2604 2892 mysticus.
2624 2820 2852 2875 Avicula
2869 2828 3053 2874 autem
3070 2833 3192 2888 quae
3208 2816 3482 2873 emittitur
3494 2822 3649 2873 extra

2072 2914 2354 2970 civitatem
2381 2914 2439 2968 in
2459 2928 2739 2983 campum,
2768 2912 3005 2967 docebat
3030 2909 3178 2982 quod
3211 2916 3463 2964 mortuus
3491 2907 3654 2964 Chri-.

2074 3010 2194 3059 stus
2218 3003 2386 3067 vivet,
2413 3010 2469 3057 et
2506 3018 2633 3057 cum
2674 3001 2842 3057 fuerit
2869 3009 3026 3056 extra
3053 2999 3344 3065 mundum,
3368 2996 3651 3069 migrabit,

391 3093 566 3147 πλατὺ
598 3093 655 3147 δὲ
699 3092 795 3148 καὶ
846 3092 1088 3164 καθαρὸν
1130 3093 1333 3157 πεδίον,
1362 3091 1454 3146 τὸν
1483 3089 1711 3163 οὐρανὸν
1738 3091 1968 3163 ἀναδρα-

2074 3104 2132 3150 et
2156 3095 2214 3150 in
2243 3096 2414 3151 latum
2447 3103 2504 3150 et
2527 3110 2728 3165 purum
2770 3108 3045 3164 campum,
3085 3106 3287 3162 nempe
3310 3089 3535 3155 coelum,
3559 3104 3654 3145 re-

396 3187 596 3257 μεῖται.

397 3297 659 3366 Εῑρηκεν
691 3299 724 3351 ὀ
762 3296 970 3364 νόμος·
1002 3293 1124 3361 Τὴν
1152 3291 1448 3366 ᾂυτᾳτέρα
1490 3306 1610 3348 σου
1643 3294 1717 3366 oi)
1762 3292 1974 3366 δώσεις

467 3361 545 3431 τῷ
577 3366 685 3443 υἱῷ
724 3361 1568 3443 τρῦρλλργξτςοῦςάρχοττος,
1599 3362 1697 3416 καί
1727 3361 1844 3430 τὴν
1873 3366 1975 3416 θυ-

465 3431 683 3507 γατέρα
706 3434 894 3491 αὐτοῦ
921 3436 994 3488 οὐ
1017 3431 1199 3502 ’λήψῃ
1225 3431 1305 3497 τῷ
1333 3431 1440 3498 υἱῷ
1469 3448 1607 3487 σου.

464 3547 727 3619 Θυγάτηρ
773 3546 873 3618 μὲν
922 3544 1032 3618 γὰρ
1065 3543 1160 3598 τοῦ
1188 3543 1532 3608 πιστεύοντος
1579 3543 1719 3607 νοὸς,
1758 3543 1792 3615 ἠ
1839 3543 1975 3611 ἀγα-

395 3638 465 3710 θὴ
508 3638 738 3702 διάνοια,
771 3636 885 3699 υίὸς
918 3635 975 3688 δὲ
1004 3633 1170 3688 αὐτοῦ
1213 3635 1241 3686 ὁ
1268 3633 1471 3703 ἀγαθὸς
1495 3633 1772 3704 λογισμός.
1807 3628 1975 3695 Αὖθις

393 3729 453 3782 δὲ
504 3728 753 3799 θυγάτηρ
809 3727 907 3798 μὲν
955 3724 1049 3778 τοῦ
1091 3724 1413 3793 ἀλλογενοῦς
1447 3725 1726 3798 ἄρχοντος,
1799 3724 1833 3796 ἢ
1880 3722 1974 3777 τοῦ

394 3820 642 3873 διαϐόλου
685 3818 779 3872 τοῦ
817 3818 1075 3888 ἄρχοντος
1116 3817 1225 3872 τῶν
1274 3817 1492 3882 παθῶν,
1539 3819 1573 3889 ἡ
1605 3815 1817 3888 πονηρὰ
1863 3815 1978 3870 διάο

397 3927 537 3977 νοια,
574 3910 685 3973 υἱὸς
715 3908 773 3962 δὲ
813 3908 979 3963 αὐτοῦ
1011 3912 1040 3963 ό
1069 3908 1300 3980 πονηρὸς
1343 3908 1624 3980 λογισμός..
1663 3909 1738 3962 Οὐ
1784 3909 1889 3980 χρὴ
1919 3907 1976 3961 δὲ

394 4004 511 4066 τοῖς
540 3999 773 4070 ἀγαθοῖς
802 3999 871 4054 τά
900 3999 1114 4072 πονηρά
1142 3997 1561 4072 ἀναμίγνυσθαι.

403 4108 507 4165 Τὸ·
537 4106 787 4179 κτῆνόςᾼ
842 4125 997 4179 σουᾼ
1028 4110 1100 4179 οὺ
1175 4110 1563 4178 κατοχεύσεις
1631 4109 1977 4179 ἐτεροζύγψ,

469 4179 569 4232 καί
598 4175 705 4233 τόν
758 4175 1083 4249 ἀμπελῶνὰ
1134 4194 1251 4232 σου
1298 4175 1369 4232 οὗ
1416 4175 1811 4248 κατασπερὲῖς
1853 4175 1979 4233 ddi?

470 4264 676 4318 ερορον.

471 4359 680 4430 Κτῆνος
709 4358 944 4415 ἐνταῦθα
982 4359 1132 4428 λέγει
1172 4359 1233 4411 τὸ
1270 4358 1560 4427 ὑποζύγον·
1603 4359 1694 4412 διά
1721 4359 1811 4413 τοῦ
1845 4361 1978 4413 ὑπο-

2072 3193 2340 3241 vertetur.

2072 3299 2191 3359 Lex,
2208 3299 2343 3352 dixit
2363 3314 2381 3351 :
2408 3297 2602 3351 Filiam
2632 3304 2778 3350 tuam
2806 3314 2910 3350 non
2928 3297 3076 3350 dabis
3099 3294 3212 3363 ﬁlio
3242 3294 3494 3365 principis
3511 3292 3654 3365 alie-

2082 3402 2087 3405 -
2144 3370 2367 3439 nigenw,
2400 3376 2450 3420 et
2482 3368 2598 3437 ejus
2630 3367 2816 3436 ﬁliam.
2842 3382 2947 3421 non
2990 3362 3218 3436 accipias
3243 3362 3371 3432 ﬁlio
3400 3362 3489 3415 tuo
3509 3362 3578 3416 ⁷⁸.

2143 3540 2278 3596 Nam
2302 3541 2506 3596 mentis
2543 3541 2767 3611 quidem
2804 3540 2984 3596 ﬁdelis
3010 3540 3120 3595 ﬁlia
3146 3546 3233 3595 est
3268 3539 3413 3595 bona
3447 3540 3656 3611 cogita-.-

2074 3633 2181 3699 tio;
2224 3633 2346 3703 ejus
2368 3640 2553 3688 autem
2579 3632 2725 3688 ﬁlius
2751 3641 2838 3687 est
2865 3632 3013 3688 bona
3041 3631 3410 3687 ratiocinatio.
3440 3632 3655 3689 Rursus

2074 3733 2258 3783 autem
2280 3724 2390 3779 ﬁlia
2412 3724 2636 3794 quidem
2666 3723 2936 3794 principis
2960 3722 3303 3793 alienigenae,
3326 3737 3424 3777 seu
3448 3722 3654 3781 diaboli

2074 3819 2342 3888 principis
2372 3818 2633 3873 vitiorum
2675 3824 2732 3872 et
2770 3827 3018 3872 motuum
3046 3816 3238 3881 animi,
3266 3825 3352 3872 est
3384 3817 3523 3871 mala
3559 3830 3656 3870 co~

2076 3911 2298 3981 gitatio;
2324 3911 2443 3980 ejus
2468 3917 2651 3964 autem
2680 3907 2827 3963 ﬁlius
2855 3916 2942 3963 est
2978 3909 3122 3962 mala
3147 3907 3516 3963 ratiocinatio.
3535 3907 3656 3969 Non

2078 4009 2297 4072 oportet
2323 4009 2506 4056 autem
2536 4001 2675 4055 mala
2710 3999 2931 4055 misceri
2957 4011 3082 4055 cum
3108 3999 3289 4054 bonis.

2076 4115 2382 4170 Iumentum
2408 4123 2556 4166 tuum
2577 4129 2683 4165 non
2707 4112 2864 4181 facies
2886 4112 3026 4165 coire
3044 4127 3161 4164 cum
3190 4109 3416 4181 animali
3438 4109 3658 4167 alterius

2150 4186 2465 4267 (καθήκει
2520 4180 2755 4237 vinetum
2780 4191 2928 4235 tuum
2972 4197 3080 4234 non
3128 4195 3269 4234 seres
3311 4180 3515 4235 diverso
3570 4195 3658 4234 σε·
3722 4236 3731 4240 ,

2152 4270 2311 4308 mme.

2149 4367 2470 4422 Iumentum
2498 4365 2590 4421 hic
2618 4364 2754 4420 dicit
2791 4362 2993 4418 animal
3025 4359 3342 4431 subjugale;
3372 4357 3659 4430 subjugale

403 4449 593 4519 ζυγίου
646 4451 702 4503 δὲ
743 4450 805 4504 τὸ
843 4450 1157 4521 ὑποχείριον
1196 4448 1344 4503 ἅπαν
1387 4449 1704 4516 αἰνίττεται,
1738 4450 1968 4505 κελεύων

2081 4469 2266 4519 autem
2286 4461 2627 4531 aanigmatiee
2645 4457 2916 4529 signiﬁcat
2933 4453 3200 4526 quidquid
3216 4461 3302 4508 est
3326 4452 3656 4524 subjectum,

403 4542 516 4602 τοῖς
535 4540 880 4611 ἡγουμένοις,
913 4541 989 4611 μὴ
1023 4541 1322 4610 συγχωρεῖν
1343 4538 1650 4607 ὑπάγεσθαι
1682 4543 1792 4603 τοῖς
1816 4558 1979 4613 σπερ-

406 4634 701 4706 ματισμοῖς
754 4631 863 4686 τῶν
902 4630 1223 4703 ἑτεροδόξων
1249 4630 1377 4694 τοὺς
1404 4631 1509 4683 ὑπὸ
1542 4632 1718 4701 χεῖρα,
1759 4633 1832 4702 μή
1859 4648 1977 4696 πως

402 4728 673 4797 ἑτεροφυῆ
710 4724 803 4779 καὶ
839 4722 970 4777 νόθα
1005 4722 1207 4776 τέκωσι
1253 4721 1522 4791 δόγματα.
1578 4720 1745 4775 Πάλιν
1766 4723 1832 4779 δὲ
1866 4722 1978 4793 ἀμ-

404 4816 626 4871 πελῶνα
670 4815 831 4870 καλεῖ
857 4813 983 4878 τοὺς
1021 4814 1609 4883 καταπεφυτευμένους
1640 4814 1699 4866 ὲν
1737 4816 1808 4886 τῇ
1853 4814 1979 4867 Ἐκ-

402 4911 625 4981 κλησίᾳ,
648 4908 757 4972 οὓς
785 4908 844 4959 οὐ
874 4908 982 4979 χρὴ
1015 4906 1262 4978 παρορᾷν
1293 4906 1825 4978 κατασπειρομένους
1864 4907 1978 4961 δια·

403 4999 607 5070 φόρως,
637 4998 815 5051 εῐτουν
854 4997 1114 5060 ποικίλως
1152 4995 1366 5050 ἀσεϐῶν
1390 4995 1720 5067 σπέρμασιν’
1759 4996 1847 5051 ἵνα
1904 4994 1980 5068 μὴ

401 5089 579 5145 ταῦτα
605 5089 705 5160 τὴν
733 5088 936 5159 ίκμάδα
972 5088 1064 5140 καὶ
1108 5088 1340 5159 πιότητα
1357 5088 1466 5141 τῶν
1489 5086 1680 5158 ψυχῶν
1703 5088 1883 5142 αὐτῶν
1901 5092 1981 5154 εἰς

403 5177 577 5234 ἑαυτά
623 5177 1030 5248 δαπανήσαντα,
1058 5179 1356 5248 ποιήσωσιν
1382 5175 1550 5239 αὑτάς
1589 5175 1873 5248 ἀκάρπους
1901 5181 1981 5243 είς

402 5269 507 5342 τὴν
538 5269 842 5324 εὐσέϐειαν.
1008 5269 1013 5273 ’

486 5358 920 5432 Ἐξοστρακίζων
954 5360 1055 5432 τὴν
1093 5359 1354 5432 βλακείαν
1403 5362 1432 5414 ό
1480 5360 1635 5427 Θεὸς,
1684 5360 1781 5415 καὶ¹
1813 5361 1984 5433 μόνης

405 5451 662 5522 γενέσθαι
698 5453 800 5523 τῆς
829 5453 1020 5523 χρείας
1063 5452 1191 5516 τοὺς
1217 5452 1493 5515 ὑπηκόους
1516 5451 1858 5523 βουλόμενος,
1894 5452 1983 5507 διὰ

410 5539 515 5615 μὲν
545 5542 639 5597 τοῦ
669 5543 746 5617 μὴ
796 5543 1140 5615 συνυφαίνειν
1166 5544 1310 5599 λίνον
1347 5544 1441 5599 καὶ
1474 5543 1642 5617 ἔριον,
1672 5544 1771 5616 τὴν
1805 5562 1985 5599 ποικι-

2074 4549 2275 4621 jubens
2297 4548 2620 4603 ductoribus
2647 4563 2718 4602 ne
2743 4546 3068 4617 permittant
3103 4543 3379 4614 subjectos
3403 4541 3660 4613 subjungi

2080 4640 2537 4697 seminationibus
2561 4655 2755 4695 eorum
2797 4639 2891 4709 qui
2925 4646 3057 4693 sunt
3084 4635 3288 4692 diversi
3315 4635 3558 4707 generis,
3589 4648 3661 4690 ne

2081 4728 2389 4785 adulterina
2414 4729 2641 4799 pariant.
2660 4728 2934 4799 dogmata.
2965 4728 3178 4782 Rursus
3206 4733 3391 4781 autem
3417 4727 3665 4780 vinetum

2080 4828 2243 4873 vocat
2264 4833 2360 4873 eos
2387 4818 2483 4888 qui
2509 4825 2649 4887 sunt
2683 4815 2912 4886 plantati
2956 4815 3013 4870 in
3053 4813 3328 4878 Ecclesia,
3375 4828 3515 4883 quos
3552 4826 3668 4877 non

2084 4917 2304 4981 oportet
2335 4909 2620 4980 despicere
2661 4907 2879 4963 diverse
2917 4923 3015 4963 seu
3043 4906 3193 4962 varie
3233 4905 3531 4960 seminatos
3559 4901 3669 4956 im-

2085 5002 2305 5075 piorum
2329 5000 2666 5067 seminibus;
2692 5014 2763 5055 ne
2786 4999 2832 5054 si
2860 5014 2925 5054 ea
2950 5013 3174 5054 succum
3197 5004 3254 5051 et
3276 4992 3666 5066 pinguedinem

2086 5110 2277 5153 eorum
2305 5095 2611 5149 animarum
2646 5093 2703 5148 in
2734 5108 2793 5148 se
2820 5086 3281 5161 consumpserint,
3311 5101 3406 5143 eas
3428 5083 3669 5147 eﬁiciant

2088 5187 2305 5244 steriles
2325 5186 2393 5244 ad
2417 5185 2697 5257 pietatem.

2161 5364 2309 5421 Deus
2324 5365 2512 5420 volens
2530 5378 2660 5420 suos
2677 5359 3044 5418 exterminare
3065 5354 3351 5411 mollitiem
3372 5368 3437 5408 ac
3455 5351 3668 5423 luxum,

2092 5462 2150 5511 et
2169 5453 2308 5510 nihil
2331 5471 2577 5528 quaerere
2602 5461 2801 5524 praeter
2822 5466 3005 5531 usum,
3030 5463 3128 5520 per
3151 5447 3257 5521 hoc
3277 5444 3497 5518 quidem
3521 5440 3667 5531 quod

2088 5546 2249 5618 jubet
2274 5561 2387 5603 non
2417 5555 2710 5603 contexere
2743 5528 2918 5599 linum
2946 5549 3004 5597 et
3041 5540 3243 5603 lanam,
3286 5528 3667 5594 exterminavit

475 5695 526 5732 "
553 5696 729 5759 Levit.
767 5714 852 5766 xv,
879 5698 948 5755 '55
978 5714 1133 5770 seqq.
1207 5701 1255 5732 ⁷³
1279 5698 1450 5755 Exod.
1487 5714 1665 5765 xxxiv,
1694 5699 1789 5767 16;
1825 5699 1981 5759 Deut.
2015 5715 2111 5768 vn,
2144 5699 2197 5756 '5.
