4076 6434
449 286 590 344 ίίὶίθ

1683 278 1740 335 s.
1781 275 2059 336 cvnlLLI
2096 277 2187 334 ET
2224 278 2536 337 ALIORUM
2633 245 2648 256 ’

3578 274 3707 327 ιὲἱθ

446 400 767 455 varietatem
789 415 800 449 :
822 411 920 466 per
944 396 1047 451 hoc
1070 403 1254 450 autem
1278 392 1424 462 quod
1447 406 1555 446 non
1577 407 1877 462 purpuram
1900 407 2025 447 cum

2141 391 2249 446 λίαν
2273 391 2520 464 ἐξώρισε·
2565 391 2650 445 διὰ
2681 392 2737 444 δὲ
2782 392 2874 446 τοῦ
2919 394 2993 464 μὴ
3039 391 3324 463 πορφύραν
3368 393 3477 453 τοῖς
3522 389 3711 452 λίνοις.

446 491 590 553 lino,
618 488 1004 544 exterminavit
1048 486 1280 541 nimium
1325 493 1603 554 sumptum
1645 494 1702 537 et
1735 493 2024 546 ornatum;

446 597 547 651 per
575 580 680 634 hoc
721 587 904 633 autem
935 577 1084 648 quod
1123 577 1282 648 jubet
1319 591 1441 631 esse
1473 575 1738 630 sollicitos
1767 575 1834 628 de
1878 574 2028 642 lepra

446 671 685 726 vestium
717 677 773 724 et
798 669 1064 740 lapidum,
1096 667 1381 738 prohibuit
1410 665 1692 736 possidere
1718 666 1841 736 plus
1863 680 2028 734 quam

447 777 580 815 usus
617 760 876 829 postulet.
916 758 1194 829 Repositis
1220 757 1368 811 enim
1393 756 1641 811 vestibus
1677 764 1734 810 et
1773 753 2028 808 inanibus

446 849 699 905 domibus
724 851 831 905 hoc
854 850 1074 904 accidit.
1107 847 1228 902 Alia
1260 853 1443 901 autem
1473 846 1684 900 ratione
1717 860 1817 915 per
1853 845 2029 899 linum

444 952 501 996 et
531 942 711 996 lanam
743 941 985 996 ostendit
1013 954 1227 994 morum
1258 938 1659 1009 duplicitatem,
1687 951 1809 991 eam
1835 936 2027 1006 prohi-

445 1032 604 1088 hens.

726 1165 844 1220 Non
868 1166 1046 1220 orabis
1070 1165 1231 1221 simul
1252 1167 1308 1221 in
1329 1164 1494 1220 vitulo
1509 1174 1558 1220 et
1577 1167 1747 1220 asino.

516 1303 694 1358 Vitam
729 1310 880 1357 tuam
909 1293 1030 1358 non
1062 1303 1137 1357 ita
1163 1319 1318 1375 geres
1353 1311 1416 1358 ut
1443 1302 1768 1358 industriam
1801 1302 2030 1372 conjun-

445 1410 540 1465 gas
566 1411 690 1448 cum
721 1395 973 1449 libidine.
1004 1395 1220 1450 Statera
1254 1395 1399 1465 justa
1441 1402 1497 1448 et
1526 1409 1681 1464 mqua
1717 1401 1847 1448 sunt
1891 1408 2030 1462 pon-

446 1486 598 1550 dera,
636 1487 819 1556 justus
854 1487 1072 1540 modius
1119 1501 1418 1555 aaquusque
1451 1485 1742 1540 sextarius.
1789 1483 2032 1539 Diversis

445 1579 534 1632 his
579 1578 853 1632 mensuris
889 1577 1232 1648 aenigmatice
1263 1576 1535 1647 signiﬁcat
1557 1577 1808 1631 diversos
1839 1574 2032 1629 modos

440 1669 697 1739 justitiac;
736 1668 1007 1722 sextarius
1030 1668 1178 1722 enim
1214 1682 1487 1722 mensurae
1523 1667 1736 1736 species
1766 1674 1851 1721 est
1882 1663 2029 1735 apud

447 1759 728 1813 Hebraeos.
785 1759 938 1814 Mens
984 1766 1134 1814 recta
1181 1768 1237 1813 et
1287 1773 1476 1813 amans
1515 1757 1741 1828 iustitiae
1789 1756 2029 1827 quodam
2064 1742 2106 1798 Β

445 1851 610 1904 modo
634 1851 866 1905 trutinat
888 1858 945 1906 et
968 1849 1195 1905 metitur
1239 1865 1422 1905 rerum
1447 1859 1693 1914 naturas,
1725 1849 2028 1920 unicuique

445 1940 500 1994 id
534 1941 679 2010 quod
726 1940 886 1995 decet
925 1942 1246 1996 examinans
1275 1957 1340 1996 ac
1373 1940 1700 2005 demetiens,
1734 1956 1915 2011 neque
1960 1955 2029 1996 co

443 2032 593 2101 quod
652 2030 872 2096 deficit,
922 2046 1102 2102 neque
1146 2033 1292 2101 quod
1312 2031 1582 2097 abundat,
1623 2031 1933 2089 dissolvens
1972 2031 2027 2087 id

444 2124 590 2196 quod
618 2139 740 2179 esse
767 2132 985 2194 oportet
1005 2133 1257 2179 exactum
1285 2133 1342 2180 et
1367 2133 1704 2180 accuratum.

820 2366 916 2422 EX
953 2365 1159 2422 LlBRO
1194 2365 1653 2424 NUMERORUM.

442 2480 584 2536 Iussi
618 2492 739 2534 sunt
773 2480 980 2552 Moyses
1014 2488 1065 2533 et
1097 2483 1279 2534 Aaron
1313 2481 1382 2535 ad
1422 2481 1546 2552 belli
1589 2484 1754 2537 aciem
1790 2477 2026 2548 visitare,

513 2553 608 2605 hoc
622 2560 726 2622 est,
745 2551 1032 2612 describere
1054 2567 1208 2604 omne
1229 2551 1583 2606 masculinum
1603 2569 1667 2605 ea:
1687 2553 1813 2622 ﬁliis
1833 2554 2025 2617 Israel,

515 2639 549 2703 ᾳ
580 2621 956 2742 υἱρὶἔιιὲϐαζιέιοε
986 2630 1112 2675 nato
1137 2631 1186 2675 et
1217 2638 1403 2692 supra,
1439 2621 1720 2691 quemlibet
1752 2632 2030 2678 exeuntem

515 2708 567 2742 ιη
602 2708 680 2742 mr
707 2708 738 2742 ιι
882 2732 894 2742 .

513 2708 567 2744 m
602 2707 792 2744 νινιιιιϐ
836 2707 894 2743 ’⁷.

515 2887 706 2944 Omnis
731 2886 878 2941 enim
915 2886 1009 2957 qui
1032 2888 1302 2958 puerilem
1333 2890 1570 2946 excessit
1599 2892 2030 2950 imbecillitatem

448 2989 502 3036 et
525 2978 835 3040 mollitiem,
861 2988 918 3032 et
937 2979 1048 3050 jam
1073 2978 1248 3034 evasit
1268 2980 1351 3034 vir
1371 2988 1429 3035 et
1453 2980 1611 3036 fortis
1631 2982 1699 3036 ad
1723 2984 2029 3054 suscipien-

2130 483 2230 554 τὴν
2259 483 2607 538 πολυτέλειαν
2634 485 2727 536 καὶ
2755 484 2846 537 τὸν
2885 484 3291 554 καλλωπισμόν·
3311 483 3401 536 διὰ
3425 482 3484 536 δὲ
3509 481 3602 535 τοῦ
3621 482 3713 534 λέ-

2133 592 2279 646 πραν
2317 576 2550 645 ἱματίων
2582 577 2676 629 καὶ
2697 576 2859 629 λίθων
2883 575 3370 648 περιεργάζεσθαι,
3401 574 3462 626 τὸ
3481 571 3715 626 κτᾶσθαι

2132 667 2296 722 πλέον
2330 668 2426 738 τῆς
2471 669 2664 740 χρείας
2701 669 3074 741 ἀπηγόρευσε.
3127 667 3252 732 Τοῖς
3279 667 3389 737 γὰρ
3426 664 3716 726 ἀποθέτοις

2139 759 2377 829 ἱματίοις
2415 761 2508 812 καὶ
2549 763 2670 824 ταῖς
2725 763 2911 824 κεναῖς
2957 761 3156 823 οἰκίαις
3203 757 3360 812 τοῦτο
3387 755 3713 810 συνέϐαινε.

2132 851 2269 903 Καθ’
2298 850 2485 922 ἕτερον
2533 850 2590 904 δὲ
2635 850 2815 920 λόγον,
2865 851 2954 905 διὰ
2982 852 3077 905 τοῦ
3124 850 3269 903 λίνου
3314 850 3410 902 καὶ
3441 847 3536 900 τοῦ
3566 846 3715 917 ἐρίου

2129 943 2229 1015 τὴν
2258 943 2352 998 τοῦ
2390 944 2592 1015 τρόπου
2636 944 2860 1015 διπλόην
2900 943 3178 1014 ἐνέφηνεν,
3222 937 3584 1008 ἀπαγορεύων
3612 937 3716 990 αὐ-

2129 1037 2250 1106 τήν.

2133 1173 2257 1226 Οὐκ
2284 1171 2664 1240 ἁροτριάσεις
2694 1171 2765 1222 ἐν
2798 1170 3011 1238 μόσχῳ
3032 1167 3138 1223 παὶ
3163 1159 3280 1232 ὄνῳ
3318 1165 3418 1219 ἐπὶ
3441 1165 3506 1219 τὸ
3541 1163 3714 1218 αὐτό.

2202 1305 2278 1358 Οὐ
2309 1303 2602 1376 πολιτεύσῃ
2633 1303 2898 1369 συζεύξας
2917 1305 2976 1358 τδ
3002 1303 3296 1374 φιλόπονόν
3321 1320 3414 1357 σου
3445 1302 3524 1374 τῷ
3552 1303 3716 1373 φιλη-

2128 1394 2282 1464 δόνῳ.
2307 1395 2456 1464 Ζυγά
2496 1397 2703 1462 δίκαια,
2734 1397 2827 1450 καὶ
2857 1397 3096 1468 σταθμία
3124 1396 3329 1462 δίκαια,
3367 1397 3461 1449 καὶ
3489 1395 3617 1467 χοῦς
3634 1395 3714 1448 δί-

2132 1503 2286 1550 καιος
2314 1487 2468 1542 ἔσται
2487 1506 2600 1542 σοι.
2629 1489 2754 1552 Τοῖς
2771 1488 3048 1560 διαφόροις
3080 1489 3299 1559 μέτροις
3327 1487 3539 1552 τούτοις
3589 1487 3718 1551 τοὺς

2131 1579 2424 1650 διαφόρους
2454 1581 2692 1650 τρόπους
2737 1581 2838 1651 τῆς
2863 1580 3213 1651 δικαιοσύνης
3253 1580 3571 1634 αἰνίττεται.
3605 1579 3719 1630 Καὶ

2132 1673 2161 1724 ὁ
2183 1671 2311 1740 χοῦς
2343 1672 2472 1744 γὰρ,
2502 1669 2642 1736 είδος
2697 1671 2897 1743 μέτρου
2925 1672 3056 1744 παρ’
3091 1672 3386 1743 Ἑϐραίοιςο
3429 1671 3551 1735 νοῦς
3607 1671 3718 1740 γὰρ

2137 1762 2302 1833 εὑθής
2327 1781 2386 1816 τε
2415 1763 2510 1816 καὶ
2536 1763 2888 1833 φιλοδίκαιος,
2913 1763 3444 1835 ταλαντεύειτρόπον
3479 1762 3599 1815 τινὰ
3625 1763 3721 1814 καὶ

2140 1857 2332 1924 μετρεῖ
2359 1855 2457 1918 τὰς
2502 1855 2609 1909 τῶν
2642 1856 2983 1928 πραγμάτων
3018 1855 3232 1926 φύσεις,
3255 1854 3568 1926 δοκιμάζων
3627 1856 3722 1908 καὶ

2136 1947 2448 2020 ἔπιμετρῶν
2463 1949 2679 2020 ἑκάστῳ
2706 1949 2767 2002 τὸ
2805 1949 3034 2023 πρέπον,
3069 1948 3196 2003 οὔτε
3226 1947 3305 2020 τῷ
3333 1947 3562 2016 ἐλλιπεῖ,
3593 1945 3719 2002 οὔτε

2134 2039 2214 2110 τῷ
2230 2039 2470 2112 περιττῷ
2494 2040 2594 2112 τὴν
2615 2041 2902 2113 ἀκρίϐειαν
2935 2042 3252 2113 παραλύων.

2450 2353 2586 2405 Tm:
2619 2353 2867 2407 ΒιΒΑοΥ
2905 2338 3041 2406 'r'uN
3076 2351 3406 2405 APlGMQN.

2152 2485 2641 2552 Ἑκελεύσθησαν
2665 2486 2891 2554 Μωσῆς
2918 2485 3018 2540 καὶ
3042 2485 3259 2553 Ἀαρὼν
3279 2487 3364 2550 εις
3387 2483 3725 2552 παράταξιν

2208 2555 2307 2608 καὶ
2343 2555 2610 2624 πόλεμον
2632 2555 3097 2624 ἐπισκέψασθαι,
3138 2556 3298 2609 τοῦτ’
3335 2555 3524 2624 ἐστιν,
3569 2556 3722 2610 ἁπο-

2207 2623 2552 2695 γράψασθαι
2603 2625 2800 2679 πάντα
2845 2623 3075 2694 ἄρσενα
3127 2625 3247 2678 τῶν
3283 2623 3431 2679 υἱῶν
3477 2624 3725 2692 Ἰσραὴλ

2207 2694 2327 2750 ἀπὸ
2346 2695 2731 2760 είκοσαετοῦς
2745 2696 2843 2750 καὶ
2861 2695 3083 2763 ἐπάνω,
3112 2695 3311 2749 πάντα
3327 2696 3722 2764 ἐκπορευόμε-

2207 2782 2320 2819 νον
2346 2765 2417 2818 ἐν
2435 2764 2703 2834 δυνάμει.

2209 2901 2324 2964 Πᾶς
2344 2899 2454 2971 γὰρ
2477 2899 2722 2972 ὑπερϐὰς
2753 2901 2852 2972 τὴν
2894 2901 3150 2975 παιδικὴν
3181 2899 3462 2954 ἀσθένειαν
3500 2900 3594 2954 καὶ
3621 2917 3727 2970 μα-

2138 2991 2353 3054 λακίαν,
2385 2991 2481 3044 καὶ
2504 2990 2607 3062 ἠδη
2636 2989 2926 3061 γενόμενος
2955 2989 3208 3061 ἀνδρικὸς
3245 2990 3324 3053 είς
3351 2990 3544 3053 πόνους
3595 2990 3726 3053 τοὺς

449 3072 546 3126 dos
571 3070 790 3125 labores
818 3085 919 3140 pro
951 3071 1176 3136 virtute,
1210 3079 1267 3126 et
1307 3073 1363 3126 in
1393 3073 1597 3129 virtute
1619 3082 1677 3128 et
1705 3074 2032 3132 fortitudine

2141 3082 2284 3154 ὑπὲρ
2333 3082 2556 3152 ἀρετῆς,
2590 3082 2684 3135 καὶ
2716 3082 3153 3154 ἐκπορευόμενος
3175 3083 3320 3135 κατὰ
3369 3081 3641 3152 δαιμόνων
3665 3083 3726 3134 ὲν

449 3164 561 3218 exit
589 3163 852 3218 adversus
887 3163 1186 3228 daemones,
1211 3164 1547 3220 describitur
1569 3175 1625 3220 et
1652 3167 1705 3221 in
1736 3184 2032 3224 numerum

450 3255 686 3310 refertur
711 3256 778 3310 ad
814 3255 910 3311 Dei
939 3257 1137 3323 aciem,
1165 3265 1221 3313 et
1257 3257 1316 3312 fit
1349 3259 1446 3313 Dei
1477 3261 1655 3316 miles.
1683 3261 1822 3317 Nam
1855 3278 2036 3319 annus

449 3347 668 3416 quidem
702 3347 1024 3414 vicesimus,
1064 3348 1130 3402 iis
1167 3348 1392 3418 quidem
1434 3351 1529 3420 qui
1569 3351 1625 3404 in
1660 3352 1866 3406 mundo
1893 3353 2038 3407 mili-

450 3447 584 3503 tant,
605 3437 804 3493 suﬂicit
824 3439 893 3493 ad
917 3439 1332 3511 intelligentiam
1355 3450 1412 3496 et
1444 3443 1846 3499 fortitudinem.
1875 3445 2037 3500 Tem-

449 3546 552 3600 pus
576 3538 760 3583 autem
788 3529 934 3599 quod
965 3537 1051 3585 est
1075 3530 1217 3585 infra
1241 3547 1361 3586 eam
1385 3540 1624 3598 aetatem,
1651 3534 2036 3604 imperfectum

449 3620 627 3676 estad
663 3628 981 3690 utrumque.
1010 3621 1223 3692 Moyses
1259 3631 1444 3678 autem
1485 3634 1540 3680 et
1568 3626 1748 3682 Aaron
1772 3643 1870 3684 eos
1897 3644 2038 3698 quos

449 3713 688 3766 diximus
727 3711 1142 3779 describentes,
1189 3714 1614 3786 praafigurabant
1657 3720 1822 3775 ambo
1863 3737 2037 3775 unum

402 3836 405 3837 ν
450 3804 727 3859 Christum
756 3804 1125 3874 legislatorem
1169 3806 1330 3861 simul
1365 3815 1421 3862 et
1465 3809 1784 3879 pontiﬁcem
1805 3852 1820 3877 ,
1855 3819 1912 3867 et
1943 3811 2039 3867 de-

451 3897 774 3966 scriptorem
799 3911 990 3952 eorum
1014 3898 1109 3967 qui
1145 3898 1246 3968 ipsi
1280 3900 1538 3956 militant.

520 4009 923 4064 Describuntur
963 4020 1170 4077 autem,
1209 4012 1321 4067 Deo
1352 4013 1600 4083 jnbente,
1645 4024 1702 4070 et
1735 4017 2038 4072 masculina

451 4099 636 4154 omnia
669 4101 845 4156 tribus
869 4100 1153 4164 Leviticm,
1181 4109 1237 4156 et
1261 4104 1565 4158 masculina
1589 4112 1646 4158 et
1672 4105 2036 4177 primogenita

451 4192 566 4246 sola
578 4192 808 4246 aliarum
827 4192 1070 4248 tribuum
1089 4193 1156 4247 ab
1169 4209 1280 4248 uno
1301 4210 1490 4249 mense
1505 4204 1562 4249 et
1577 4211 1764 4265 supra.
1783 4197 1890 4253 Sed
1905 4208 2040 4254 tem-

452 4299 556 4354 pus
575 4284 740 4338 unius
767 4283 972 4338 mensis
990 4293 1074 4338 est
1109 4293 1165 4338 et
1187 4284 1274 4338 his
1306 4294 1361 4338 et
1392 4286 1501 4340 illis
1527 4287 1833 4357 symbolum
1861 4289 2038 4344 infan-

455 4376 543 4429 tiae
561 4373 865 4430 secundum
882 4373 1163 4430 Chrislum
1184 4376 1240 4429 in
1261 4375 1612 4444 simplicitate
1629 4388 1685 4434 et
1701 4380 2035 4436 innocentia.

451 4467 532 4520 Ex
565 4467 634 4520 iis
665 4465 964 4520 infantibus
1003 4476 1208 4532 autem,
1255 4468 1429 4523 Leviti
1462 4470 1684 4539 quidem
1728 4473 2041 4543 significant
2072 4461 2116 4515 ι)

453 4573 550 4613 eos
587 4558 683 4627 qui
717 4569 844 4613 sunt
881 4561 1206 4615 consecrati.
1252 4561 1508 4617 Mnndani
1540 4574 1725 4620 autem
1761 4567 2038 4638 primoge-

454 4649 580 4714 niti,
609 4664 705 4703 eos
728 4649 822 4718 qui
854 4666 921 4706 ex
949 4652 1062 4706 vita
1087 4652 1362 4709 mundana
1382 4671 1512 4710 vere
1535 4655 1838 4722 imitantur,
1861 4674 2038 4726 quan-

459 4751 576 4795 tum
614 4741 955 4808 conceditur,
985 4743 1267 4798 Christum
1308 4747 1405 4815 qui
1435 4753 1520 4802 est
1557 4761 1689 4800 vere
1716 4746 2050 4818 primogeni-

457 4841 566 4886 tus.
595 4832 867 4887 Describit
893 4843 1076 4888 autem
1107 4844 1162 4888 et
1191 4837 1292 4890 hos
1313 4847 1369 4890 et
1392 4837 1514 4891 illos
1538 4835 1790 4892 Christus
1817 4839 1874 4892 in
1904 4839 2048 4896 libro

457 4939 824 4994 supernorum
846 4926 1223 4981 ministrbrum
1246 4935 1300 4981 et
1323 4926 1836 4998 primogenitorum.
1863 4931 2048 4987 Primo

459 5026 638 5071 autem
674 5017 797 5072 loco
842 5028 928 5085 est
979 5018 1307 5072 collocatum
1355 5035 1528 5088 genus
1571 5023 1940 5092 sacerdotale,
1985 5036 2048 5082 ut

459 5110 605 5177 quod
648 5109 720 5164 sit
773 5109 874 5164 soli
915 5109 1028 5162 Deo
1058 5108 1394 5175 dedicatum,
1441 5120 1498 5165 ct
1539 5128 1647 5166 non
1682 5114 1947 5172 dividitur
1977 5119 2045 5173 ad

461 5201 631 5254 Deum
677 5209 733 5255 et
773 5199 1061 5265 mundum,
1107 5202 1383 5270 quomodo
1412 5203 1738 5262 dividuntur
1777 5210 2050 5280 primoge-

465 5291 595 5345 nita.
623 5292 920 5345 Masculina
949 5301 1131 5346 autem
1158 5303 1287 5348 sunt
1311 5294 1426 5350 haec
1451 5305 1507 5351 et
1533 5297 1644 5363 illa,
1673 5308 1729 5352 ct
1757 5300 2048 5355 muliebri-

465 5389 574 5436 tate
606 5381 911 5449 superiora.
948 5383 1084 5438 Nam
1117 5386 1264 5454 quod
1300 5395 1386 5442 est
1419 5388 1755 5448 imbecillum
1792 5403 1849 5448 et
1889 5411 2050 5465 supe-

465 5480 584 5526 ratu
614 5471 795 5537 facile,
830 5481 914 5528 est
943 5477 1259 5546 reprobum.

539 5671 588 5704 "’
609 5671 772 5728 Num.
802 5690 944 5744 xxvi,
976 5679 997 5731 l
1032 5695 1182 5749 seqq.

2136 3173 2366 3242 δυνάμει
2391 3173 2488 3226 καὶ
2509 3173 2872 3242 γενναιότητι,
2889 3173 2969 3237 εἰς
2985 3170 3120 3225 Θεοῦ
3150 3171 3455 3244 παράταξιν
3475 3172 3729 3244 ἀπογρά-

2139 3281 2318 3335 φεται,
2352 3265 2448 3317 καὶ
2478 3263 2716 3334 Χριστοῦ
2746 3264 2957 3333 γίνεται
2989 3263 3347 3337 στρατιώτης.
3391 3265 3450 3317 Ὀ
3493 3265 3591 3336 μὲν
3615 3267 3727 3336 γὰρ

2139 3358 2383 3423 εἰκοστὸς
2418 3359 2661 3423 ἐνιαυτὸς
2678 3362 2788 3422 τοῖς
2809 3349 3090 3430 κόσμικῶς
3113 3358 3565 3431 στρατευομένοις
3591 3360 3726 3412 αύτ-

2139 3451 2328 3523 άρκως
2374 3452 2455 3516 είς
2504 3452 2756 3524 ἀνδρείαν
2797 3453 2892 3506 καὶ
2932 3452 3166 3506 σύνεσιν.
3206 3454 3266 3505 Ὀ
3303 3453 3361 3506 δὲ
3431 3453 3730 3524 κατωτέρω

2141 3545 2332 3616 χρόνος
2358 3545 2553 3616 ἀτελὴς
2581 3547 2716 3617 πρὸς
2754 3547 3060 3617 ἀμφότερα.
3084 3547 3289 3618 Μωσῆς
3319 3547 3377 3600 δὲ
3407 3548 3500 3601 καὶ
3515 3545 3730 3617 Ἀαρὼν

2141 3637 2592 3706 ἀπογραφόμενοι
2621 3637 2748 3700 τοὺς
2788 3637 3134 3708 εἰρημένους,
3174 3637 3514 3706 προετύπουν
3560 3639 3730 3708 ἄμφω

2140 3727 2233 3781 τὸν
2272 3728 2369 3782 ἕνα
2400 3728 2660 3801 Χριστὸν,
2706 3727 2797 3781 τὸν
2832 3727 3130 3798 νομοθέτην
3162 3727 3278 3798 ἅμα
3325 3728 3418 3781 καὶ
3445 3728 3728 3800 ἀρχιερέα,

2143 3819 2238 3872 καὶ
2259 3819 2586 3891 ᾲπογραφέα
2624 3818 2732 3874 τῶν
2763 3819 3211 3892 στρατευομένων
3236 3820 3406 3892 αὐτῷ.

2227 4016 2666 4088 Ἀπογράφονται
2693 4017 2770 4082 δὲ,
2802 4018 2939 4072 Θεοῦ
2959 4020 3382 4091 προστάξαντος,
3410 4023 3538 4077 τάτε
3566 4023 3732 4095 ἄρσε-

2142 4125 2210 4162 να
2229 4108 2409 4162 πάντα
2439 4107 2541 4178 τῆς
2569 4109 2704 4163 Λευὶ
2725 4110 2921 4180 φυλῆς,
2954 4113 3048 4165 καὶ
3077 4114 3146 4164 τὰ
3170 4113 3374 4185 ἄρσενα
3397 4116 3492 4169 καὶ
3513 4119 3730 4188 πρωτό-

2141 4218 2279 4254 τοκα
2308 4201 2445 4269 μόνα
2464 4200 2571 4255 τῶν
2588 4201 2764 4257 ἄλλων
2779 4202 2982 4272 φυλῶν,
3009 4204 3116 4257 ἀπὸ
3134 4205 3390 4276 μηνιαίου
3407 4209 3500 4263 καὶ
3520 4209 3726 4263 ὲπάνω.

2157 4294 2298 4348 Ἀλλ’
2323 4296 2352 4349 ὁ
2389 4294 2487 4366 μὲν
2519 4298 2772 4366 μηνιαῖος
2826 4297 3018 4368 χρόνος
3055 4299 3150 4352 καὶ
3195 4300 3407 4364 τούτοις
3452 4302 3731 4367 κάκείνοις

2151 4389 2418 4461 σύμϐολον
2455 4389 2554 4458 τῆς
2588 4388 2728 4442 κατὰ
2761 4390 2995 4460 Χριστὸν
3024 4393 3081 4444 ἐν
3113 4391 3374 4464 ἁπλότητι
3407 4397 3502 4449 καλ⁵
3523 4397 3732 4470 ἀκακία

2149 4482 2493 4553 νηπιότητος.
2518 4481 2637 4535 Τῶν
2665 4482 2723 4535 δὲ
2753 4482 2963 4552 νηπίων
3009 4483 3214 4537 τούτων
3244 4487 3312 4539 τὰ
3344 4487 3442 4557 μὲν
3465 4489 3732 4542 Δευιτικὲι

2147 4576 2275 4637 τοὺς
2309 4575 2641 4646 ίερωμένους
2665 4574 3117 4644 ὑποσημαίνουσι·
3140 4575 3210 4630 τὰ
3236 4577 3292 4630 δὲ
3312 4580 3552 4649 κοσμικὰ
3581 4598 3732 4653 πρω-

2147 4666 2366 4731 τότοκα,
2421 4666 2550 4729 τοὺς
2612 4667 2675 4718 ἐκ
2726 4665 2821 4717 τοῦ
2881 4667 3148 4738 κοσμικοῦ
3211 4669 3325 4740 βίου
3374 4672 3464 4726 τὸν
3513 4674 3730 4745 άληθῶς

2148 4758 2496 4828 πρωτότοκον
2550 4756 2786 4826 Χριστὸν
2843 4761 3238 4830 μιμουμένους,
3293 4764 3415 4817 ὅσον
3473 4768 3727 4836 ἐγχωρεῖ.

2161 4849 2568 4933 ’ᾼπογράφεται
2592 4847 2650 4899 δὲ
2676 4848 2770 4900 καὶ
2801 4851 3022 4914 τούτους
3053 4853 3338 4918 κάκείνους
3368 4857 3396 4907 ὁ
3417 4857 3649 4926 Χριστὸς
3673 4859 3736 4910 ἐν

2150 4939 2316 5011 βίϐλῳ
2334 4939 2441 4992 τῶν
2467 4937 2580 4992 ἄνω
2604 4937 2933 5010 λειτουργῶν
2957 4958 3017 4994 τε
3046 4943 3143 4995 καὶ
3175 4945 3556 5013 πρωτοτόκων.
3593 4949 3730 5017 Προ-

2152 5034 2410 5087 τέτακται
2444 5031 2592 5086 δὲτὸ
2641 5033 2909 5103 ἱερατικὸν
2964 5036 3142 5102 γένος,
3196 5037 3273 5100 ὡς
3313 5037 3460 5108 μόνῳ
3508 5039 3587 5110 τῷ
3615 5039 3735 5110 Θεῴ

2153 5125 2532 5195 ἀνακείμενον,
2558 5126 2654 5178 καὶ
2689 5127 2765 5196 μὴ
2799 5127 3158 5198 μεριζόμενον
3185 5129 3326 5200 πρὸς
3359 5131 3492 5185 Θεὸν
3533 5134 3628 5186 καὶ
3653 5134 3738 5186 κός

2151 5233 2308 5287 σμον,
2337 5215 2590 5286 καθάπερ
2622 5214 2933 5286 μερίζονται
2955 5216 3024 5270 τὰ
3063 5218 3400 5288 πρωτότοκα·
3437 5220 3645 5292 ἄρσενα
3678 5222 3736 5274 δὲ

2150 5305 2437 5362 καὶταῦτα
2464 5307 2713 5371 κάκεῖνα,
2741 5307 2836 5360 καὶ
2864 5305 3272 5379 θηλυπρεπείας
3301 5311 3600 5384 ὑπέρτερα.
3663 5313 3738 5367 Τὸ

2148 5396 2258 5469 γὰρ
2290 5397 2481 5453 ᾶναλκι
2512 5397 2603 5451 καὶ
2627 5397 3090 5466 ἀκαταγώνιστον,
3130 5399 3409 5472 ἀδόκιμον.
