4076 6430
384 300 515 357 {221

380 411 441 464 Ἀ
449 409 839 465 ποθανόντων
872 411 941 465 δὲ
986 410 1229 465 πάντων

449 479 705 549 φέντων,
742 480 843 551 καὶ
875 481 1121 551 οὐδενὸς
1158 479 1816 551 ὑπολειέρθέντοξπλὴν
1833 479 1965 538 ’Χά-

450 552 564 625 4ε6
591 550 1021 625 υίοῦᾼἸεςρωνῆ,
1043 553 1140 625 καὶ
1167 550 1535 625 ἰησοῦυζοῦ
1564 550 1968 625 Ναυῆοίπάλιις

449 620 1019 693 ἀπογραρὴλγίνεται
1054 620 1174 675 τῶν
1203 620 1359 693 ,υἱῶν
1391 621 1510 675 τῶν
1542 620 1969 693 τετελευτηκόὲ

451 705 589 768 των,
629 691 729 743 καί
761 690 1212 760 ἀπογράφονται
1264 692 1354 758 εὶς
1386 694 1801 763 κληρονομίαν
1852 690 1967 761 τῆς

448 775 584 827 της.

452 872 515 925 0!
540 870 648 924 τῶν
665 870 857 925 ἕνδεκα
885 872 1072 941 φυλῶν
1099 872 1331 944 ἄρσενες
1360 872 1470 928 ἀπὸ
1499 874 1846 938 είκοσαετοῦς
1871 876 1967 929 καὶ

376 959 586 1013 ἐπάνον
611 958 739 1013 οὔτε
766 961 824 1016 δὲ
853 964 1136 1030 γυναῖκες,
1159 962 1284 1016 οὔτε
1314 963 1503 1027 παῖδες
1527 966 1610 1028 είς
1636 965 1966 1037 ἀπογραφὴν

377 1049 769 1120 λαμϐάνονται.
800 1052 1018 1124 Κλῆρος
1041 1053 1151 1124 γὰρ
1189 1053 1343 1124 παρὰ
1370 1053 1505 1108 Θεοῦ
1535 1056 1631 1109 καὶ
1657 1056 1964 1122 ἀπόλαυσις

374 1143 488 1205 τοῖς
516 1142 845 1212 ἐπιτηδείοις
874 1146 955 1207 είς
985 1143 1083 1215 τὴν
1111 1145 1310 1215 νοητὴν
1330 1146 1634 1217 παράταξιν
1660 1147 1769 1201 τῶν
1797 1149 1966 1218 ἀορά-

376 1250 487 1286 των
515 1233 746 1306 ἐχθρῶν,
787 1236 882 1288 καὶ
896 1236 1155 1306 ἀκμαίοις
1185 1238 1265 1299 είς
1290 1239 1670 1310 πνευματικὴν
1690 1239 1966 1311 ἀνδραγα-

377 1326 520 1392 θίαν,
555 1328 647 1381 καὶ
678 1327 965 1398 βεϐηκόσιν
993 1329 1073 1392 είς
1099 1328 1338 1394 σύνεσιν,
1368 1329 1485 1382 ἀλλ’
1508 1330 1570 1384 οὐ
1601 1333 1716 1395 τοῖς
1742 1330 1965 1402 θηλυνο-

379 1419 562 1488 μένοις
589 1418 647 1471 ἐν
675 1418 894 1484 πάθεσι,
924 1420 1018 1473 καὶ
1062 1420 1351 1492 ἀδρανέσιν
1397 1425 1478 1487 είς
1513 1425 1827 1480 ἀντίστασιν
1853 1425 1965 1481 τῶν

374 1509 670 1578 δαιμόνων,
712 1510 837 1563 οὐδὲ
865 1513 978 1574 τοῖς
1032 1512 1371 1586 παιδαριώδη
1428 1516 1688 1586 φρόνησιν
1726 1517 1960 1588 ἔχουσιν.

390 1601 832 1687 Ἀπογράφονται
889 1602 1171 1658 κάνταῦθα
1216 1605 1380 1659 πάλιν
1419 1607 1604 1672 ίδικῶς
1640 1608 1709 1662 τὰ
1760 1610 1965 1682 ἄρσενα

376 1690 475 1759 τῆς
508 1691 802 1761 Λευιτικῆς
833 1692 1027 1763 φυλῆς,
1070 1693 1178 1747 ἀπὸ
1213 1694 1462 1766 μηνιαίου
1496 1697 1591 1750 καὶ
1629 1697 1835 1763 ἐπάνω,
1877 1697 1966 1752 διὰ

377 1780 468 1832 τὸν
496 1779 757 1850 ἀνωτέρω
794 1780 1105 1852 δηλωθέντα
1125 1785 1309 1853 λόγον.
1334 1786 1410 1838 Ού
1440 1786 1641 1840 δίδοται
1668 1787 1727 1841 δὲ
1754 1787 1965 1853 τούτοις

358 1870 579 1955 ’κλῆρος
631 1871 690 1924 ἐν
739 1872 875 1937 υἱοῖς
930 1874 1169 1947 Ἰσραήλ’
1220 1875 1408 1947 ἐπειδὴ
1436 1877 1551 1941 τοῖς
1577 1878 1813 1949 ἱερεῦσιν
1865 1881 1966 1935 οὐκ

376 1961 524 2017 ἔστιν
554 1963 611 2017 ἐν
638 1965 711 2035 γῇ
744 1962 964 2035 κλῆρος,
992 1964 1069 2029 ὡς
1105 1967 1219 2030 τοῖς
1248 1967 1429 2032 ἄλλοις
1456 1967 1794 2039 ἀνθρώποις,
1844 1971 1965 2026 ἀλλ’

375 2052 436 2105 ἐν
459 2052 672 2124 οὐρανῷ
697 2053 857 2118 αὐτὸς
887 2053 916 2105 ὁ
941 2054 1078 2121 Θεὸς
1122 2049 1167 2127 ᾧ
1200 2057 1348 2130 μόνῳ
1376 2058 1701 2131 λατρεύουσί
1750 2079 1809 2116 τε
1868 2063 1965 2116 καὶ

376 2143 833 2216 προσεδρεύουσι.

372 2432 489 2486 Καὶ
524 2431 601 2556 τὲ
631 2433 824 2503 ἡμέρᾳ
856 2427 897 2506 ᾖ
948 2434 1174 2505 ἐστάθη
1205 2437 1243 2506 ἡ
1298 2438 1523 2506 σκηνὴ,
1576 2435 1892 2526 ἐκάλυψεν
1921 2438 1961 2507 -ἠ

444 2518 558 2556 γεω
590 2507 669 2556 λῃ
724 2503 839 2556 τὴν
897 2506 1165 2556 σκηνὴν.
1213 2507 1312 2556 καὶ
1367 2508 1407 2556 al
1465 2507 1690 2556 νεφέλη
1744 2508 1961 2556 daal“-

444 2503 669 2573 νεφέλη
700 2503 839 2577 τὴν
861 2503 1171 2577 ’σίων-ὴν,
1213 2503 1312 2560 καὶ
1367 2508 1417 2577 ἡᾼ
1465 2503 1690 2577 νεφέλη
1744 2503 1963 2562 ἐκάλυέ

445 2574 840 2697 ῗὲἷζααὺτὴν
903 2575 1149 2645 ἡμέρας,
1208 2577 1308 2631 καὶ
1368 2574 1549 2644 εἶδος(
1588 2578 1782 2645 πυρὸς
1846 2579 1964 2648 τὴν

448 2734 725 2808 Παγείσης
745 2736 805 2790 δέ
819 2736 917 2809 τῆς
943 2738 1273 2810 Ἕκκλησίας
1299 2739 1409 2794 τῶν
1436 2745 1662 2811 πιστῶν,
1679 2747 1708 2800 ὁ
1728 2745 1963 2817 Χριστὸς

375 2826 582 2881 ἀνωθεν
614 2828 920 2884 ἐσκέπασεν
958 2829 1148 2902 αὐτὴν,
1186 2834 1296 2896 τοῖς
1329 2833 1429 2903 μὲν
1454 2835 1556 2905 τῆς
1584 2837 1818 2908 ἡμέρας*
1846 2838 1963 2908 ἠως

374 2923 487 2986 τοῖς
515 2922 954 2994 πεφωτισμένοις
978 2921 1324 2994 λαμπρότητι
1352 2925 1469 2996 βίου
1490 2928 1581 2981 καὶ
1613 2929 1721 2984 τῶν
1754 2930 1964 3001 δογμά-

374 3027 483 3064 των
529 3009 888 3076 ἐπισκιάζων,
925 3011 1137 3066 καὶτὸν
1186 3012 1441 3068 καύσωνα
1473 3013 1584 3070 τῶν
1637 3017 1962 3090 πειρασμῶν

376 3099 700 3155 ἀπελαύνων
720 3141 736 3167 ,
779 3102 875 3156 καὶ
917 3101 1183 3173 ἁνάψυξιν
1223 3103 1320 3157 καὶ
1365 3104 1728 3178 ψυχαγωγίαν
1774 3108 1956 3173 ὲνιείς·
1988 3095 2033 3154 C

374 3193 501 3256 τοὺς
525 3192 582 3246 δὲ
617 3192 871 3265 καθάπερ
919 3194 979 3247 ὲν
1022 3195 1180 3248 νυκτὶ
1221 3193 1302 3270 τῷ
1340 3196 1522 3253 σκότει
1551 3201 1652 3272 τῆς
1691 3200 1963 3273 ἀμαθείας

379 3288 764 3357 καθεύδοντας,
797 3289 1088 3362 πυρσεύων
1118 3290 1212 3345 καὶ
1265 3290 1515 3361 φωτίζων
1542 3293 1623 3354 εἰς
1664 3292 1962 3361 ἐπίγνωσιν

373 3382 473 3435 καὶ
516 3381 796 3453 ἀλήθειαν.
843 3383 1018 3454 Χρεία
1048 3382 1156 3454 γὰρ
1184 3384 1295 3447 τοῖς
1324 3381 1423 3454 μὲν
1453 3381 1828 3454 ἅτελεστέροις
1857 3399 1963 3452 φω-

372 3472 595 3553 τισμοῦ,
630 3472 767 3544 πρὸς
800 3472 1023 3543 όδηγίαν
1051 3471 1144 3526 τοῦ
1178 3472 1505 3544 κρείττονοςο
1531 3474 1644 3536 τοῖς
1673 3472 1730 3526 δὲ
1756 3473 1964 3527 τελειο-

370 3563 555 3637 τέροις
590 3565 934 3636 ἐπικουρίας,
963 3564 1106 3619 ὥστε
1146 3563 1408 3619 δύνασθαι
1447 3565 1745 3635 διενεγκεῖν
1781 3566 1842 3620 τὸ
1866 3565 1963 3638 βά-

374 3674 470 3728 ρος
498 3657 593 3711 καὶ¹
618 3657 710 3711 τὸν
744 3656 1003 3712 καύσωνα
1034 3659 1134 3728 τῆς
1160 3656 1396 3727 ἡμέρας.

372 3767 481 3822 Καὶ
508 3769 546 3836 ἡ
578 3767 822 3847 κιϐωτὸς
842 3766 950 3847 τῇς
973 3767 1267 3847 διαθήκης
1281 3768 1502 3847 ῌυρζου
1529 3772 1963 3847 προεπορεύετο

445 3837 707 3906 προτέρα
754 3837 955 3892 αὐτῶν
1000 3839 1504 3908 κατασκέψασθαι
1556 3837 1763 3908 αὐτοῖς
1812 3843 1962 3897 ἀνά·-

446 3920 699 3962 παυσιν.

445 3998 698 4063 Κιδωτδς
729 4000 757 4052 ὁ
779 3998 1033 4071 Χριστός.
1072 4000 1283 4071 Ὠσπερ
1309 3999 1417 4073 γὰρ
1456 4000 1640 4074 ἐκείνη
1669 4003 1734 4056 ἐκ
1790 4000 1966 4066 ξύλων

372 4088 638 4159 ἁσήπτων
672 4088 767 4141 καὶ
800 4088 1026 4159 χρυσίου
1052 4087 1296 4161 καθαροῦ
1332 4091 1840 4145 κατασκευασθεῖσα
1874 4090 1962 4145 ἐν·

374 4180 488 4246 δον,
519 4179 685 4253 ἔφερε
715 4180 808 4234 τὸν
841 4180 1006 4252 νόμον
1038 4183 1246 4254 Κυρίου
1268 4199 1281 4211 ·
1309 4181 1453 4236 οὕτω
1481 4183 1574 4236 καὶ
1598 4183 1658 4238 τὸ
1687 4182 1964 4254 ἀνθρώπι-

377 4289 468 4327 νον
499 4273 592 4327 τοῦ
638 4273 877 4346 Χριστοῦ
914 4277 980 4328 ἐκ
1031 4273 1281 4346 σώματος
1312 4275 1590 4349 ἀφθάρτου
1622 4276 1746 4330 καθ’
1778 4277 1963 4348 ἀμαρ-

373 4367 519 4432 τίαν,
578 4365 675 4421 καὶ⁸
728 4367 909 4439 ψυχῆς
961 4367 1209 4441 καθαρᾶς
1241 4370 1336 4423 καὶ
1368 4370 1630 4441 λαμπρᾶς
1683 4370 1958 4434 συντεθὲν,

375 4460 523 4515 ἔνδον
557 4457 669 4532 εἶχε
695 4461 786 4516 τὸν
814 4462 986 4530 Λόγον
1013 4461 1108 4515 τοῦ
1136 4461 1294 4523 Θεοῦ,
1331 4465 1427 4517 καὶ
1455 4463 1607 4527 Θεὸν,
1647 4465 1800 4528 ὅστις
1826 4463 1961 4534 Χρι-

377 4551 503 4615 στὸς
560 4549 1007 4622 προεπορεύσατο
1054 4552 1134 4615 εἰς
1188 4551 1259 4605 τὰ
1312 4553 1613 4624 ἐπουράνια
1661 4557 1799 4625 μετὰ
1863 4555 1963 4628 τὴν

374 4643 713 4715 οἰκονομίαν,
742 4644 1031 4713 ἑτοιμάσαι
1065 4647 1177 4707 τοῖς
1212 4643 1536 4717 λατρευταίς
1579 4646 1745 4701 αὑτοῦ
1772 4648 1959 4715 τόπον,

373 4737 451 4800 ὡς
474 4735 632 4799 αὐτὸς
663 4735 905 4807 εἴρηκεν,
937 4735 1102 4789 τόπον
1129 4735 1186 4789 δὲ
1201 4735 1300 4804 τῆς
1317 4737 1677 4803 ἀναπαύσεως
1692 4738 1957 4811 δηλονότι.

375 4873 485 4927 Καὶ
507 4874 546 4942 ἡ
566 4873 803 4945 νεφέλη
838 4866 1116 4945 ἐσκίαζεν
1141 4872 1234 4945 ἐπ’
1276 4874 1500 4945 αὐτοὺς
1526 4876 1750 4945 ἡμέρας
1769 4878 1839 4931 ἐν
1879 4875 1961 4943 τῷ

553 4944 817 5012 ἐξαίρειν
868 4943 1093 5007 αὐτοὺς
1129 4942 1198 4997 ἐκ
1226 4943 1339 5012 τῆς
1375 4942 1780 5016 παρειὶὄοζιῆς.

460 5055 520 5108 Ὀ
541 5055 775 5127 Χριστὸς
813 5054 946 5127 γὰρ,
994 5056 1054 5119 ὃς
1084 5057 1233 5109 ἐστιν
1286 5057 1499 5129 κεφαλὴ
1524 5067 1546 5096 ²
1572 5059 1664 5113 τδν
1705 5059 1964 5114 καύσωνα

373 5149 485 5203 τῶν
511 5148 835 5221 πειρασμῶν
881 5147 1350 5213 ἁποσκεδάζουσα,
1399 5150 1494 5202 καὶ
1535 5149 1962 5221 ψυχαγωγοῦσα,

374 5243 688 5306 ἐπισκιάζει
703 5242 797 5295 ἐπὶ
812 5241 938 5305 τοὺς
953 5241 1288 5312 ἀπαίροντας
1308 5240 1368 5305 ἐξ
1391 5240 1614 5309 ἀγνοίας
1635 5242 1715 5304 εἰς
1738 5241 1962 5309 γνῶσιν,

374 5335 472 5388 καὶ
498 5334 557 5401 ἐξ
585 5333 845 5398 ἀπιστίας
873 5336 956 5397 εἰς
992 5333 1200 5393 πίστιν,
1237 5333 1333 5386 καὶ
1367 5331 1508 5407 κατὰ
1536 5333 1737 5404 δρόμον
1758 5334 1966 5405 ἀρετῆς

376 5428 809 5494 προκόπτοντας.
843 5446 862 5478 ‹
886 5427 1073 5498 Χωρὶς
1099 5425 1229 5496 γὰρ,
1254 5425 1440 5497 φησὶν,
1466 5425 1603 5496 ἐμοῦ
1638 5426 1699 5480 οὐ
1732 5426 1963 5481 δύνασθε

453 5560 475 5589 ι
506 5550 659 5607 Fort.
690 5551 796 5621 leg.
823 5550 856 5618 ἡ
884 5546 1103 5620 νεφέλη.

401 5806 421 5827 .
453 5735 501 5768 ⁷⁸
530 5734 691 5790 Num.
723 5749 834 5800 xxv,
869 5732 894 5787 Ι
926 5745 1060 5801 seqq

1763 304 2285 361 COLLECTANEA.

1273 410 1391 495 ἤδη
1424 412 1542 495 ῖῷν
1589 428 1964 495 emeatus-

2071 416 2292 471 Mortuis
2323 418 2914 495 antent_jam__mnnibus
2947 420 3214 495 quihprins
3252 420 3498 495 descnﬂi
3531 422 3644 495 fue-

3507 314 3639 371 1229

2145 496 2289 562 rant,
2322 497 2370 541 et
2395 486 2549 562 nullo
2583 487 2763 541 relicto
2801 486 2995 562 praeter
3029 486 3356 562 Chalcis/ilio
3391 486 3642 562 Jephbne,

2139 564 2190 608 et
2218 556 2349 629 Alesn
2386 556 2555 621 Nave,
2584 574 2763 611 rursus
2787 556 2864 629 ﬁt
2898 559 3175 629 descriptio
3200 556 3436 628 ﬁliorum
3456 556 3647 620 'eorunt

2138 626 2628 750 gst'irgeffsserant,
2671 635 2719 680 et
2760 626 3126 681 describuntur
3170 626 3240 683 ad
3286 633 3647 691 wareditatem

2136 873 2363 929 Masculi
2393 867 2651 929 undecim
2677 872 2923 929 tribuum
2952 890 2984 930 a
3005 874 3207 946 viginti
3226 891 3402 933 annos
3424 885 3557 933 nato
3586 889 3641 934 et

2069 980 2239 1035 supra
2260 964 2673 1020 describuntur.
2706 963 2814 1020 Sed
2843 980 3027 1035 neque
3078 966 3319 1032 feminae,
3348 983 3454 1023 nec
3479 971 3641 1040 pueri

2069 1057 2390 1111 referuntur
2423 1056 2480 1110 in
2506 1071 2823 1110 numerum.
2859 1055 2994 1110 Sors
3027 1056 3176 1111 enim
3214 1074 3244 1113 a
3275 1059 3391 1114 Deo
3413 1059 3643 1115 fruenda

2068 1146 2236 1202 adtur
2266 1145 2336 1201 iis
2356 1145 2451 1215 qui
2487 1154 2617 1201 sunt
2640 1146 2755 1216 apti
2787 1146 2856 1200 ad
2875 1146 3072 1211 aciem,
3104 1163 3228 1217 qua:
3254 1147 3403 1203 cadit
3423 1150 3526 1204 sub
3557 1149 3643 1204 in-

2068 1238 2453 1309 telligentiam,
2479 1238 2836 1293 inimicorum
2859 1238 2956 1308 qui
2980 1238 3085 1294 sub
3105 1247 3390 1308 aspectum
3413 1255 3525 1295 non
3552 1255 3641 1295 ca~

2070 1331 2231 1396 dunt,
2257 1338 2312 1385 et
2336 1331 2430 1401 qui
2449 1340 2580 1386 sunt
2601 1331 2817 1387 strenui
2862 1330 2930 1385 ad
2959 1330 3271 1401 spiritualia
3296 1332 3517 1387 fortiter
3549 1348 3635 1403 ge-

2067 1421 2240 1477 renda
2278 1416 2634 1487 facinora,'et
2663 1422 2910 1492 provecti
2941 1429 3071 1477 sunt
3092 1423 3160 1477 ad
3184 1423 3606 1493 intelligentiam
3632 1442 3644 1477 :

2063 1530 2177 1568 non
2201 1523 2385 1569 autem
2413 1514 2480 1569 iis
2531 1514 2628 1585 qui
2651 1516 2709 1569 in
2732 1515 2865 1570 vitis
2908 1523 2965 1571 et
3016 1515 3188 1570 animi
3242 1517 3488 1573 motibus
3516 1525 3647 1573 sunt

2065 1603 2390 1669 eil'eminati,
2408 1611 2572 1674 atque
2589 1604 2851 1659 imbecilli
2879 1604 2946 1658 ad
2975 1604 3347 1661 resistendum
3379 1606 3647 1662 daemoni-

2066 1693 2208 1760 bus;
2272 1707 2453 1763 neque
2492 1693 2562 1748 iis
2584 1693 2681 1763 qui
2704 1692 2977 1763 puerilem
3022 1694 3229 1749 habent
3270 1695 3646 1764 prudentiam.

1995 1758 2039 1815 Β
2067 1785 2473 1841 Describuntur
2498 1792 2684 1840 autem
2730 1785 2823 1840 hic
2864 1800 3085 1855 quoque
3115 1800 3311 1839 rursus
3348 1786 3647 1855 separatim

2071 1877 2380 1933 masculina
2407 1876 2588 1932 tribus
2606 1875 2887 1943 Leviticaa,
2908 1877 2977 1931 ab
2999 1892 3067 1931 eo
3088 1875 3182 1946 qui
3197 1883 3283 1931 est
3311 1876 3477 1930 unius
3494 1890 3648 1931 men-

2066 1971 2144 2026 sis
2169 1977 2226 2025 et
2249 1985 2438 2040 supra,
2458 1976 2688 2039 propter
2723 1983 2847 2022 eam
2899 1968 3174 2023 rationem
3214 1982 3337 2037 qua:
3390 1966 3649 2036 superius

2064 2060 2170 2117 fuit
2189 2068 2430 2116 ostensa.
2447 2059 2571 2114 Non
2594 2058 2758 2113 datur
2782 2066 2972 2113 autem
3007 2057 3078 2112 iis
3102 2057 3399 2113 hereditas
3423 2052 3482 2112 in
3512 2056 3647 2113 ﬁliis

2065 2149 2265 2205 Israel:
2290 2147 2553 2218 quoniam
2593 2145 2980 2203 sacerdotibus
3011 2160 3125 2201 non
3152 2154 3237 2201 est
3261 2145 3556 2202 haereditas
3587 2145 3646 2200 in

2066 2249 2216 2296 terra
2239 2241 2385 2295 sicut
2408 2239 2533 2294 aliis
2555 2237 2897 2304 hominibus,
2923 2237 3021 2294 sed
3062 2237 3119 2291 in
3150 2236 3291 2292 caelo
3330 2236 3448 2307 ipse
3476 2237 3643 2302 Deus,

2064 2347 2231 2403 quem
2254 2332 2434 2387 solum
2461 2330 2654 2385 colunt
2684 2337 2743 2384 et
2777 2330 2868 2384 cui
2890 2329 3142 2385 serviunt
3168 2337 3222 2385 et
3245 2326 3511 2383 assident.

2065 2442 2136 2497 Et
2165 2458 2266 2513 quo
2294 2441 2378 2513 die
2399 2439 2577 2494 stabat
2614 2437 3043 2513 tabernaculum,
3085 2436 3644 2513 tabernacnlnmopee

2138 2507 2247 2565 ruit
2271 2512 2462 2565 nubes:
2494 2518 2543 2564 et
2586 2508 2747 2581 nubes
2792 2508 3062 2581 operiebat
3098 2509 3274 2578 ipsum
3309 2507 3561 2573 interdiu,
3592 2512 3644 2562 et

2135 2583 2327 2653 species
2342 2580 2478 2652 ignis
2503 2587 2659 2634 noctu
2693 2578 2762 2631 ⁷⁸.

2134 2742 2265 2798 Fixa
2293 2741 2445 2796 enim
2470 2738 2718 2795 fidelium
2744 2735 3018 2800 Ecclesia,
3067 2731 3325 2790 Christus
3355 2746 3477 2787 eam
3510 2731 3647 2787 texit

2066 2833 2308 2905 desuper
2327 2850 2341 2886 :
2355 2846 2454 2888 eos
2469 2830 2698 2901 quidem
2711 2828 2808 2900 qui
2832 2835 2964 2883 sunt
2978 2826 3099 2893 Dei,
3124 2825 3231 2881 hoc
3257 2834 3345 2880 est
3364 2816 3612 2879 illum‘ina
3626 2850 3645 2862 -

2066 2927 2273 2994 ti,vitae
2293 2924 2673 2995 etdogmatum
2695 2919 2991 2992 splendore
3005 2916 3368 2982 obumbrans,
3385 2923 3646 2971 etsestum

2065 3017 2432 3074 tentationum
2444 3011 3157 3086 abigens,refrigeriumque
3170 3018 3228 3065 et
3248 3008 3645 3064 recreationem

2063 3109 2233 3165 animi
2262 3109 2347 3164 eis
2363 3107 2703 3162 immittens:
2729 3105 2812 3160 eis
2833 3110 3020 3158 autem
3053 3100 3150 3172 qui
3176 3108 3437 3170 tanquam
3471 3098 3529 3151 in
3547 3111 3649 3152 no-

2065 3207 2154 3256 cte
2169 3200 2228 3254 in
2254 3198 2503 3253 tenebris
2525 3193 2740 3266 peccati
2764 3192 3071 3257 dormiunt,
3106 3190 3286 3245 facem
3311 3186 3642 3250 accendens,

2064 3300 2122 3349 et
2149 3306 2247 3348 eos
2276 3288 2599 3345 illuminans
2624 3285 2692 3340 ad
2713 3283 3055 3355 agnitionem
3075 3288 3132 3335 et
3151 3279 3470 3335 veritatem.
3505 3276 3646 3331 Nam

2065 3379 2576 3455 imperfectioribus
2603 3376 2830 3447 quidem
2873 3388 3014 3444 opus
3035 3381 3123 3428 est
3141 3365 3646 3426 illuminatione‘ad

2064 3472 2452 3533 deducendum
2479 3469 2548 3525 ad
2574 3468 2631 3524 id
2657 3466 2807 3538 quod
2834 3474 2921 3522 est
2954 3463 3154 3519 melius
3179 3479 3193 3515 τ
3215 3456 3646 3533 perfectioribus

2063 3578 2247 3626 autem
2272 3565 2502 3632 auxilio,
2526 3570 2588 3618 ut
2609 3561 2756 3618 ferre
2784 3558 3000 3630 possint
3020 3555 3132 3611 diei
3163 3569 3306 3610 onus
3331 3559 3389 3608 ct
3417 3558 3634 3606 aestum.

2136 3787 2210 3842 Et
2245 3802 2375 3841 arca
2405 3783 2708 3838 testamenti
2757 3778 2975 3834 Domini
3008 3774 3336 3847 praecedebat
3362 3788 3469 3837 eos,
3508 3770 3578 3825 ad

2415 3852 2801 3925 designandum
2847 3850 2919 3903 eis
2958 3845 3193 3918 requiem
3223 3845 3315 3899 ".~

2133 4010 2393 4068 Christus
2415 4015 2500 4065 est
2531 4022 2678 4063 arca.
2713 4001 3004 4072 Quomodo
3036 4002 3186 4057 enim
3210 4000 3305 4055 illa
3327 4004 3647 4054 constructa

2063 4120 2135 4162 ex
2187 4103 2393 4176 lignis,
2441 4101 2499 4156 in
2548 4114 2671 4170 qum
2709 4112 2820 4152 non
2878 4093 3028 4150 cadit
3078 4090 3451 4163 putrefactio,
3494 4097 3550 4145 et
3576 4104 3647 4144 ex

2063 4211 2238 4261 auro,
2286 4195 2441 4249 intus
2510 4190 2729 4247 ferebat
2777 4188 2960 4258 legem
3008 4182 3228 4239 Domini
3287 4199 3299 4235 :
3357 4180 3435 4235 ita
3479 4179 3646 4234 etiam

2063 4288 2274 4346 Christi
2319 4284 2634 4342 humanitas
2658 4278 2966 4350 composita
2989 4292 3059 4331 ex
3085 4287 3338 4345 corpore.
3372 4272 3430 4327 in
3473 4270 3645 4340 quod,

2068 4379 2217 4451 quod
2242 4377 2311 4433 ad
2336 4385 2625 4447 peceatum
2654 4372 2874 4436 attinet,
2911 4384 3024 4424 non
3056 4365 3207 4423 cadit
3260 4361 3560 4432 corruptio,
3589 4370 3649 4416 et

2071 4487 2140 4526 ex
2163 4468 2347 4524 anima
2383 4465 2589 4520 munda
2621 4471 2679 4518 et
2708 4460 2904 4526 nitida,
2936 4460 3084 4514 intus
3120 4455 3360 4510 habebat
3398 4451 3645 4507 Verbum

2068 4557 2168 4612 Dei
2188 4564 2245 4611 et
2270 4556 2465 4618 Deum,
2492 4552 2589 4622 qui
2622 4550 2878 4606 Christus
2908 4546 3091 4618 praeiit
3125 4544 3195 4599 ad
3243 4541 3492 4599 coelestia
3522 4549 3649 4611 post

2069 4645 2567 4718 dispensationem,
2598 4642 2665 4696 ad
2717 4639 3025 4711 parandum
3067 4634 3378 4692 cultoribus
3426 4632 3541 4688 suis
3563 4631 3649 4685 lo-

2065 4755 2218 4804 eum,
2255 4746 2318 4793 ut
2337 4737 2456 4808 ipse
2487 4734 2649 4799 dixit,
2681 4733 2867 4788 locum
2907 4728 3111 4801 quietis
3130 4726 3363 4782 scilicet.

2141 4880 2211 4934 Et
2235 4878 2394 4934 nubes
2426 4891 2512 4929 eos
2558 4872 2901 4927 obumbrabat
2931 4868 3188 4930 interdiu,
3221 4867 3346 4920 dum
3391 4867 3493 4935 ipsi
3525 4865 3581 4917 id

2516 4950 2784 4999 moverent
2815 4957 2879 4995 ea:
2904 4940 3096 4994 castris
3125 4936 3199 4991 ".

2038 5080 2045 5086 '
2116 5057 2377 5116 Christus
2401 5062 2487 5110 est
2507 5054 2708 5118 nubes,
2735 5067 2858 5122 quae
2876 5058 3070 5105 aestum
3093 5045 3461 5100 tentationum
3487 5036 3644 5093 dissi-

2067 5168 2206 5224 pans
2233 5142 2293 5205 et
2310 5149 2547 5203 animam
2577 5158 2854 5205 recreans,
2891 5137 3191 5195 obumbrat
3228 5149 3326 5189 eos
3348 5132 3443 5201 qui
3492 5143 3651 5183 rece—

2070 5223 2210 5300 dunt
2234 5242 2304 5296 ab
2331 5238 2683 5311 ignoratione
2699 5234 2767 5289 ad
2795 5232 3189 5302 cognitionem,
3216 5235 3273 5282 et
3314 5226 3383 5280 ab
3410 5223 3649 5279 inﬁdeli-

2073 5343 2182 5391 tate
2207 5333 2277 5388 ad
2304 5332 2493 5393 fidem,
2519 5337 2575 5383 et
2601 5325 2899 5397 proficiunt
2919 5322 2975 5376 in
2999 5336 3165 5376 cursu
3193 5317 3441 5389 pietatis.
3478 5334 3495 5367 ι
3514 5314 3650 5369 Nam

2071 5429 2190 5485 sine
2213 5441 2321 5491 me,
2358 5422 2561 5493 inquit,
2584 5418 2722 5477 nihil
2743 5416 2975 5488 potestis
3006 5413 3187 5468 facere
3210 5412 3279 5466 τ’.
3310 5429 3328 5461 ι
3358 5409 3649 5480 Adjectum

1158 5727 1207 5761 "
1237 5728 1400 5785 Num.
1459 5742 1532 5793 Ix,
1562 5727 1627 5789 15
1656 5743 1808 5799 seqq.
1889 5727 1965 5783 "1

2063 5742 2119 5782 η.
2152 5742 2207 5793 x,
2241 5726 2333 5781 55.
2405 5721 2451 5753 ⁷⁸
2479 5716 2618 5775 Ibid.
2648 5715 2735 5773 ⁸54.
2814 5714 2859 5747 ⁷⁹
2889 5712 3025 5769 Joan
3078 5722 3167 5775 xv,
3198 5706 3255 5762 ις.
