4076 6486
420 334 557 387 ’ἱζῖιδ
671 348 675 352 ’

1612 318 1670 371 5.
1709 313 1984 366 υϊιιιιιι
2023 311 2101 362 ιςι
2151 308 2459 361 Αωυιιωι

3531 289 3673 352 {Si}

421 449 507 498 est
533 448 719 495 autem
743 432 1299 505 interdiu,quoniam
1339 429 1411 485 iis
1468 427 1562 498 qui
1620 425 1907 485 ambulant
1941 422 1998 476 in

2131 422 2282 474 rater
2327 418 2498 473 οὐδέν.
2541 437 2558 470 ι
2607 416 2846 487 Ἡμέρας
2878 415 2934 469 δὲ
2979 414 3322 486 πρόσκειται,
3368 410 3504 464 διότι
3555 412 3671 473 τοῖς

421 534 543 587 luce
563 531 833 584 bonorum
881 540 1112 597 operum
1134 524 1277 579 solet
1320 536 1481 591 opem
1516 519 1662 575 terre
1690 525 1749 573 et
1782 532 1878 572 eos
1903 532 1995 570 re-

421 637 630 676 creare.
653 620 759 675 Per
781 616 998 672 Domini
1023 624 1209 671 autem
1227 614 1443 684 jussum
1468 617 1649 665 castra
1680 607 1995 669 movebant,

423 711 683 783 quoniam
711 716 768 763 et
827 707 1001 762 verbo
1049 721 1149 761 seu
1177 703 1391 758 ratione
1413 715 1555 771 opus
1592 706 1698 765 est,
1735 697 2000 754 incitante

422 802 493 858 ad
513 801 842 872 profectum,
900 806 957 853 et
990 792 1304 853 obedientia
1342 791 1659 846 divinorum
1708 787 1999 843 mandato~

422 909 572 957 rum.

422 1005 498 1062 Et
514 1010 630 1059 erat
669 999 895 1072 populus
919 1012 1264 1075 murmurans
1292 1002 1345 1075 εί
1378 993 1593 1075 loquens
1610 977 2001 1075 ’-ηιαιαμςογαιιι

496 1058 749 1135 Domino;
776 1080 824 1123 et
845 1070 1043 1123 exarsit
1070 1067 1211 1138 ignis
1246 1083 1278 1119 α
1299 1058 1547 1134 Domino,
1578 1070 1628 1114 et
1675 1058 1844 1113 exedit
1878 1073 2004 1127 par-

497 1152 601 1196 tem
630 1150 929 1209 castrorum
961 1138 1030 1188 3°.

502 1316 614 1372 Eos
657 1313 808 1368 enim
869 1309 965 1380 qui
1018 1307 1401 1379 blasphemant
1434 1316 1620 1358 coram
1661 1299 1915 1363 Domino,
1950 1306 2007 1354 et

430 1409 615 1480 ipsum
656 1408 1001 1465 aversantur,
1032 1398 1219 1453 exedit
1269 1396 1412 1466 ignis
1450 1393 1733 1466 gehennae.
1787 1390 2006 1447 Partem

426 1478 596 1565 dixit,
626 1500 920 1565 propterea
946 1488 1092 1559 quod
1120 1485 1279 1541 multi
1309 1500 1378 1540 ex
1407 1483 1543 1554 ipsis
1565 1479 1838 1544 conversi,
1885 1478 2006 1533 exi-

433 1594 658 1643 mentur
691 1599 722 1638 a
749 1580 1043 1652 supplicio.
1067 1578 1239 1632 Porro
1272 1582 1459 1629 autem
1485 1572 1594 1628 alio
1624 1580 1844 1642 quoque
1868 1576 2008 1623 tem-

432 1693 571 1753 pore
594 1679 1005 1731 murmurantes
1042 1669 1308 1724 adversus
1347 1666 1544 1731 Deum,
1577 1671 1635 1719 et
1665 1675 1867 1717 manna
1910 1675 2010 1732 ap-

2100 515 2158 566 ὲν
2184 511 2325 580 φωτὶ
2357 508 2536 564 καλῶν
2561 509 2737 580 έργων
2772 507 3158 579 πορευομένοις
3192 503 3352 557 εἴωθε
3394 503 3675 575 συνεργεῖν

2097 619 2159 655 τε
2180 603 2274 655 καὶ
2298 599 2615 671 ἀναψύχειν.
2651 598 2751 653 Διὰ
2776 596 3195 669 προστάγματος
3223 594 3281 647 δὲ
3317 592 3523 664 Κυρίου
3575 590 3676 655 τὰς

2100 693 2365 765 ὲπάρσεις
2392 690 2695 744 ἐποιοῦντοο
2723 688 2859 742 διότι
2884 684 3047 765 χρεία
3081 684 3180 739 καὶ
3210 684 3372 752 λόγου
3414 680 3511 736 τοῦ
3536 699 3678 753 παρ-

2100 786 2415 856 οτρύνοντος
2433 784 2514 846 είς
2547 779 2854 852 προκοπὴν,
2879 785 2973 837 καὶ
2998 777 3244 848 ὑπακοῆς
3267 775 3377 829 τῶν
3413 774 3573 828 θείων
3593 777 3673 829 ὲν-

2101 876 2290 930 τολῶν.

2103 990 2214 1045 Καὶ
2246 986 2326 1059 ἦν
2360 991 2393 1042 ὁ
2434 987 2585 1052 λαὸς
2958 983 3056 1059 καὶ
3318 975 3553 1059 πονηρὰ
3584 977 3684 1030 ἕν-

2174 1047 2307 1113 ari:
2340 1047 2585 1123 Κυρίουῖ
2620 1047 3060 1121 Καΐέεεκαύθη
3093 1052 3164 1123 ἐκ
3192 1048 3397 1123 αὐτοῖς
3423 1047 3543 1114 πῦρ
3573 1062 3685 1099 ua?

2171 1129 2287 1251 ιὲὰλ
2302 1116 2546 1207 βυρῖου,
2600 1127 2701 1182 καί
2738 1116 3057 1193 κατέφαγε
3076 1120 3258 1190 μέρος
3306 1116 3417 1187 τῆς
3462 1132 3684 1185 παρεμ-

2214 1218 2246 1251 Ο
2291 1216 2387 1251 ηρ.

2214 1216 2387 1266 ολης.

2177 1310 2318 1373 Τοὺς
2345 1308 2455 1380 γὰρ
2479 1307 2707 1362 ἐνώπιον
2729 1305 2822 1359 τοῦ
2852 1301 3090 1376 Χριστοῦ
3107 1302 3560 1374 βλασφημοῦντας
3589 1301 3691 1372 καὶ

2107 1399 2619 1472 ἀποστρεφομένους
2668 1398 2856 1461 αὐτὸν,
2907 1394 3286 1464 καταφάγεταί
3330 1393 3393 1446 τὸ
3436 1391 3549 1465 πῦρ
3587 1393 3689 1462 τῆς

2110 1491 2352 1561 γεέννης.
2390 1489 2571 1560 Μέρος
2604 1487 2660 1540 δὲ
2679 1483 2821 1551 εἷπε,
2853 1486 2985 1539 διότι
3016 1485 3201 1537 πολλοὶ
3225 1482 3406 1537 αὐτῶν
3432 1483 3687 1552 ἐπιστρέ-

2109 1577 2333 1648 ψαντες,
2356 1575 2803 1648 ἐξαιρεθήσονται
2832 1575 2928 1644 τῆς
2949 1573 3241 1635 κολάσεως.
3258 1566 3386 1626 ’Καὶ
3421 1571 3545 1626 καθ’
3568 1571 3692 1635 Era:

2117 1686 2207 1741 ρον
2235 1668 2294 1721 δὲ
2320 1668 2512 1739 καιρὸν
2551 1666 2910 1737 γογγύζοντες
2939 1663 3080 1718 κατὰ
3100 1662 3195 1717 τοῦ
3218 1662 3376 1724 Θεοῦ.
3409 1663 3504 1718 καὶ
3526 1663 3693 1733 ἄρτον

434 1758 705 1840 pellantes
734 1778 932 1835 panem
946 1762 1191 1826 inanem,
1224 1757 1530 1813 interibant
1565 1769 1753 1810 morsu
1781 1766 2013 1824 serpen—

2131 1760 2363 1819 ῑιάκενον
2394 1759 2456 1814 τὸ
2505 1760 2683 1833 μάννα
2724 1755 3246 1830 προσαγορεύοντες,
3293 1756 3407 1818 τοῖς
3448 1754 3693 1827 δήγμασι

435 1858 733 1927 _tum.Nam
770 1855 868 1925 qui
910 1852 1111 1924 ingrati
1133 1850 1303 1907 animi
1323 1849 1458 1905 vitio
1486 1848 1663 1903 Deum
1696 1842 2015 1901 benefacto-

434 1963 557 2005 rem
587 1943 923 2014 despiciunt,
955 1940 1214 1995 incidunt
1254 1938 1312 1993 in
1358 1934 1580 1992 morsus
1608 1932 1886 2004 serpentis
1915 1930 2014 2003 qui

436 2038 585 2094 cadit
603 2037 704 2091 sub
722 2031 1166 2102 intelligentiam.
1195 2030 1342 2085 Duas
1358 2028 1520 2082 tubas
1547 2024 1783 2080 ductiles
1812 2037 2015 2094 argen-

432 2138 557 2195 teas
580 2136 641 2184 ut
666 2126 894 2189 faceret,
913 2122 1061 2184 Deus
1072 2122 1241 2197 jussit
1259 2119 1452 2192 Moysi,
1502 2116 1570 2173 ad
1601 2115 1878 2172 vocandos
1899 2128 2013 2179 eq:-

436 2232 550 2287 tus,
585 2226 642 2275 et
664 2219 732 2273 ad
761 2215 1032 2272 movenda
1063 2220 1264 2277 castra,
1291 2220 1347 2267 et
1379 2207 1600 2280 quando
1626 2208 1775 2262 solos
1790 2204 2014 2276 quidem

441 2311 635 2385 populi
667 2309 849 2379 duces
887 2308 957 2363 ad
994 2307 1175 2377 ipsum
1212 2310 1499 2375 oporteret
1528 2298 1874 2371 congregari,
1899 2312 2012 2352 una

432 2418 665 2473 (canere,
689 2398 911 2473 quando
940 2406 1129 2453 autem
1169 2394 1436 2467 populum
1459 2435 1474 2461 ,
1518 2392 1753 2448 duabus.
1779 2390 1864 2449 Ad
1894 2404 2017 2445 mo-

439 2494 621 2551 venda
640 2499 827 2547 autem
860 2497 1044 2545 castra
1065 2487 1262 2543 statuit
1281 2500 1404 2542 esse
1426 2491 1668 2555 quatuor
1711 2496 1913 2552 genera
1941 2481 2019 2535 si-

438 2599 675 2662 gnorum
706 2597 806 2653 per
826 2578 1144 2651 huiusmodi
1194 2577 1376 2632 tubas.
1410 2576 1591 2647 Atque
1621 2573 1744 2628 duae
1797 2571 2020 2643 quidem

439 2682 601 2731 erant
616 2673 781 2738 tubae,
808 2671 1070 2741 quoniam
1097 2669 1303 2740 duplex
1320 2675 1406 2723 est
1461 2667 1602 2721 ratio
1636 2665 1902 2720 doctrinae
1925 2678 2019 2719 ec-

439 2764 796 2822 clesiasticae:
818 2762 927 2817 alia
954 2761 1177 2831 quidem
1207 2760 1381 2814 vitam
1399 2773 1759 2829 componens,
1792 2756 1899 2811 alia
1926 2771 2024 2810 au-

443 2864 558 2909 tem
581 2853 901 2923 dogmatuin
931 2863 1120 2904 curam
1169 2863 1389 2925 gerens.
1442 2848 1583 2903 Sunt
1613 2845 1800 2903 autem
1848 2848 2023 2903 amba:

446 2945 684 3002 ductiles
720 2950 778 2998 et
810 2950 1106 3012 argenteae,
1122 2947 1418 3013 propterea
1458 2939 1606 3011 quod
1640 2947 1697 2995 et
1719 2940 1837 2995 hac
1853 2948 1909 2995 et
1929 2940 2037 3001 illa.

448 3034 523 3090 sit
545 3046 746 3088 sonora
769 3038 828 3086 et
859 3030 1181 3108 claranetin
1209 3044 1375 3100 quam
1394 3045 1506 3085 non
1543 3030 1693 3085 cadit
1720 3030 2024 3100 reprehen-

449 3123 555 3187 sio.
572 3125 641 3179 Et
675 3123 848 3179 duces
902 3099 1128 3193 quidem
1174 3099 1512 3177 convocabat
1553 3138 1659 3179 una
1699 3099 1849 3178 tuba.
1876 3123 2027 3193 Opus
2051 3099 2097 3160 (ἶ

451 3217 605 3275 enim
646 3224 734 3272 est
785 3210 1099 3287 corrigente
1155 3215 1408 3271 oratione
1452 3224 1510 3270 et
1557 3216 1971 3271 institutoribus
2012 3234 2024 3269 :

452 3316 585 3373 sunt
617 3307 766 3365 enim
799 3307 1085 3364 homines:
1112 3306 1209 3363 sed
1231 3305 1468 3373 modica,
1497 3325 1516 3357 ι
1538 3307 1618 3361 Da
1634 3307 1805 3373 enim,
1826 3306 2026 3376 inquit,

450 3400 689 3473 sapienti
723 3401 1092 3464 occasionem,
1137 3405 1195 3453 et
1213 3397 1324 3452 erit
1353 3397 1659 3468 sapientior
1688 3399 1756 3452 θι.
1780 3420 1799 3450 ι
1843 3399 2028 3470 Popu-

451 3495 568 3553 lum
617 3503 807 3550 autem
851 3493 994 3548 duae.
1024 3492 1193 3547 Multa
1236 3492 1387 3546 enim
1428 3492 1813 3547 exhortatione
1847 3500 1904 3547 et
1929 3492 2033 3547 ad-

453 3586 760 3642 monitione
810 3600 950 3656 opus
994 3584 1180 3639 habet.
1216 3583 1465 3649 Quatuor
1507 3590 1690 3638 autem
1744 3582 2029 3654 signorum

456 3697 659 3753 genera
686 3696 809 3750 qua:
829 3679 979 3733 tubis
1022 3677 1182 3740 ﬁunt,
1219 3676 1643 3749 praeﬁgurabant
1686 3686 1926 3751 quatuor
1967 3678 2033 3731 li-

459 3774 591 3829 bros
615 3770 1110 3840 evangelistarum:
1141 3760 1236 3838 qui
1286 3783 1384 3838 per
1430 3783 1495 3822 ea
1534 3784 1657 3838 qua:
1700 3767 2031 3840 signiﬁcant,

456 3863 652 3934 iubent
680 3876 782 3916 nos
804 3860 1091 3915 discedere
1114 3860 1183 3914 ab
1213 3859 1298 3914 his
1344 3862 1579 3915 terrenis
1643 3876 1766 3930 qua:
1808 3869 1938 3916 sunt
1974 3860 2030 3914 in

460 3960 702 4024 quatuor
718 3951 1034 4023 climatibus
1056 3951 1208 4006 orbis
1231 3960 1412 4017 terrae,
1435 3961 1492 4007 et
1514 3952 1583 4005 ad
1612 3966 1913 4021 supernam
1939 3951 2029 4007 Je-

460 4043 701 4105 rusalem
733 4042 1087 4098 contendere.
1135 4043 1240 4097 Per
1284 4042 1423 4097 duas
1467 4050 1654 4097 autem
1707 4043 1867 4097 tubas
1896 4042 2036 4097 liunt

460 4145 700 4207 quatuor
726 4134 904 4206 signa,
930 4134 1189 4205 quoniam
1212 4149 1311 4204 per
1331 4133 1616 4189 Christum
1637 4131 1810 4186 Deum
1843 4139 1901 4188 et
1937 4133 2036 4188 ho-

461 4228 668 4283 minem
697 4238 1030 4281 resonarunt
1047 4241 1113 4281 ea
1136 4242 1263 4296 qua:
1285 4232 1417 4281 sunt
1435 4223 1739 4294 signiﬁcata
1776 4224 1843 4279 ab
1875 4239 2037 4279 evan-

458 4319 692 4393 gelistis.
719 4314 827 4373 Aut
847 4320 1013 4373 etiam
1046 4318 1229 4385 aliter,
1265 4324 1504 4387 quatuor
1528 4329 1730 4385 genera
1753 4315 2037 4386 signorum

459 4398 623 4467 erant
643 4412 951 4482 symbolum
979 4419 1217 4480 quatuor
1241 4423 1508 4483 generum
1544 4407 1781 4462 rationis
1812 4409 2035 4463 ethicas.

464 4504 713 4569 Quorum
734 4518 902 4556 unum
930 4503 1156 4572 quidem
1192 4507 1417 4555 resonat
1435 4500 1492 4554 in
1522 4501 1592 4556 iis
1626 4501 1721 4571 qui
1747 4516 1847 4570 per
1887 4510 2039 4555 cate-

465 4597 677 4651 chesim
700 4596 882 4651 adhuc
902 4596 1305 4650 instituuntur:
1333 4594 1439 4648 tria
1462 4603 1644 4650 autem
1692 4595 1761 4649 iis
1783 4594 1876 4664 qui
1912 4604 2042 4650 sunt

468 4687 629 4741 bonae
660 4694 842 4751 terrae,
882 4702 1003 4756 quae
1029 4686 1290 4756 produxit
1337 4685 1406 4743 ad
1438 4686 1660 4757 triginta
1682 4695 1738 4740 et
1762 4686 2043 4757 sexaginta

466 4787 524 4831 et
554 4784 776 4831 centum
799 4776 1078 4845 ".gAliter
1107 4776 1256 4832 enim
1273 4786 1330 4833 et
1347 4777 1507 4833 aliter
1528 4785 1659 4833 sunt
1689 4777 1746 4831 hi
1781 4776 2038 4834 docendi.

467 4867 603 4922 Nam
626 4867 694 4921 iis
729 4868 954 4937 quidem
987 4866 1084 4936 qui
1135 4867 1305 4921 vitam
1336 4869 1627 4939 elegerunt
1667 4869 2048 4925 matrimonia-

469 4958 599 5023 lem,
627 4958 815 5013 dices:
843 4977 862 5009 ι
882 4958 1157 5028 Alligatus
1182 4975 1244 5015 es
1269 4961 1451 5026 uxori,
1479 4976 1549 5016 ne
1574 4975 1787 5030 quaeras
1805 4961 2042 5016 solutio-

470 5063 617 5113 nem.
648 5068 666 5100 ι
698 5049 773 5104 lis
790 5056 974 5105 autem
987 5049 1082 5118 qui
1110 5050 1278 5109 vitam
1303 5051 1363 5106 in
1383 5051 1739 5123 virginitate:
1774 5070 1792 5103 ι
1819 5052 2047 5107 Solutus

432 5204 437 5209 η
467 5154 533 5199 es
551 5138 620 5193 ab
652 5152 845 5203 uxore,
885 5151 957 5191 ne
983 5153 1197 5208 quaeras
1227 5155 1456 5207 uxorem
1484 5140 1551 5194 ⁸³.
1574 5159 1592 5191 ι
1622 5140 1695 5197 lis
1736 5150 1923 5196 autem
1953 5138 2050 5210 qui

468 5236 788 5293 statuerunt
860 5227 919 5283 in
977 5233 1283 5291 monastica
1353 5231 1555 5304 degere
1607 5232 2047 5286 exercitatione:

483 5317 850 5373 «Mortificate
876 5321 1121 5378 membra
1166 5331 1358 5379 vestra
1397 5338 1520 5393 quae
1568 5331 1700 5377 sunt
1724 5336 1889 5395 supra
1932 5331 2036 5377 ter-

479 5422 598 5475 ram
652 5406 719 5462 ⁸³.
751 5427 769 5460 ι
828 5408 897 5465 Et
917 5412 1146 5469 cuilibet
1194 5414 1322 5468 vitae
1363 5413 1554 5483 generi
1605 5411 2050 5467 accommodabis

472 5514 650 5577 genus
674 5504 1008 5562 conveniens
1056 5503 1463 5561 exhortationis
1511 5511 1569 5558 et
1602 5501 1889 5557 doctrinae.
1935 5503 2049 5559 Lex

2114 1851 2222 1908 τῶν
2259 1853 2434 1923 ὄφεων
2453 1852 2836 1926 διεφθείροντο.
2866 1851 2929 1904 Ol
2958 1850 3067 1921 γὰρ
3081 1851 3203 1913 ταῖς
3234 1847 3575 1921 άχαριστίαις
3599 1846 3694 1917 τὸν

2115 1941 2509 2016 εὐεργετοῦντα
2532 1942 2664 1998 Θεὸν
2679 1940 3058 2013 ἀτιμάζοντες,
3080 1942 3194 2004 τοῖς
3220 1938 3316 1994 τοῦ
3340 1938 3533 2007 νοητοῦ
3560 1938 3694 2008 δράτ-

2116 2051 2303 2099 κοντος
2327 2034 2566 2106 δήγμασι
2594 2034 3002 2109 περιπίπτουσι.
3033 2032 3137 2088 Δύο
3166 2031 3469 2101 σάλπιγγας
3497 2031 3697 2094 ὲλατὰς

2115 2127 2363 2199 ἀργυρᾶς
2390 2127 2566 2191 ὁΘεὺς
2613 2129 2786 2181 ποιεῖν
2808 2125 3105 2198 προσέταξε
3135 2125 3211 2196 τῷ
3240 2125 3448 2185 Μωσεῖ,
3478 2122 3615 2195 πρὸς
3634 2123 3701 2175 τὸ

2118 2219 2300 2274 καλεῖν
2317 2225 2418 2291 ’.τήν
2435 2220 2779 2289 συναγωγὴν,
2810 2220 2906 2272 καὶ
2922 2217 3160 2288 ἐξαίρειν
3182 2215 3281 2280 τὰς
3313 2214 3694 2285 παρεμϐολάς

2119 2310 2216 2365 καὶ
2248 2311 2338 2363 ὅτε
2388 2311 2486 2381 μὲν
2521 2310 2638 2364 δέον
2672 2311 2863 2381 μόνους
2887 2310 3014 2373 τοὺς
3059 2308 3399 2379 ἡγουμένους
3433 2305 3525 2359 τοῦ
3563 2304 3695 2358 λαοῦ

2122 2399 2449 2470 συνάγεσθαι
2498 2400 2637 2471 πρὸς
2669 2399 2851 2465 αὐτὸν,
2905 2400 2972 2469 τῇ
3020 2398 3120 2468 μιᾷ
3154 2396 3459 2466 σαλπίζειν,
3485 2395 3576 2448 ὅτε
3604 2394 3699 2463 τὸν

2119 2493 2249 2548 λαὸν
2290 2495 2412 2555 ταῖς
2450 2491 2589 2547 δυσί.
2626 2492 2768 2563 Πρὸς
2807 2490 2866 2544 δὲ
2907 2488 3006 2553 τὰς
3035 2478 3285 2560 ὲξάρσεις
3342 2485 3450 2539 τῶν
3484 2501 3702 2555 παρεμτο

2119 2584 2314 2649 ϐολῶν,
2342 2583 2586 2655 τέσσαρα
2610 2581 2892 2653 σημασιῶν
2920 2580 3119 2651 ὥρισεν
3146 2578 3262 2647 εἴδη
3278 2577 3367 2631 διὰ
3392 2577 3500 2629 τῶν
3522 2576 3701 2628 τοιού-

2122 2695 2231 2731 των
2263 2676 2599 2744 σαλπίγγων.
2629 2673 2733 2726 Δύο
2765 2675 2861 2745 μὲν
2902 2671 2997 2726 οὖν
3034 2673 3091 2726 αί
3126 2670 3448 2741 σάλπιγγες,
3478 2668 3561 2721 ὅτι
3588 2667 3697 2729 διττ

2122 2768 2213 2832 τὸς
2268 2767 2423 2835 λόγος
2470 2767 2570 2837 τῆς
2611 2764 3069 2837 ὲκκλησιαστικῆς
3125 2761 3491 2824 διδασκαλίας,
3526 2769 3554 2813 ο
3604 2759 3702 2831 μὲν

2126 2860 2240 2932 βίον
2266 2860 2565 2933 ῥυθμίζων,
2585 2859 2614 2911 ὁ
2639 2857 2695 2927 δὲ
2716 2856 3001 2928 δογμάτων
3024 2853 3470 2926 ἐπιμελούμενος.
3489 2851 3705 2923 Ἐλαταλ

2124 2952 2184 3005 δὲ
2211 2951 2306 3004 καὶ
2335 2951 2573 3021 ἀργυραῖ
2597 2948 2692 3002 καὶ
2712 2946 2901 3017 ἄμφω,
2923 2944 3010 3000 διὰ
3036 2944 3097 2997 τὸ
3119 2942 3313 3014 εῠηχες
3335 2940 3432 2996 καὶ
3452 2939 3707 3010 λαμπρὸν

2127 3043 2226 3097 καὶ
2268 3040 2567 3111 ἀμώμητον
2599 3038 2694 3092 καὶ
2744 3037 2934 3090 τούτου
2981 3033 3257 3089 κάκείνου.
3294 3034 3402 3087 Καὶ
3444 3032 3569 3096 τοὺς
3607 3032 3708 3102 μὲν

2135 3133 2470 3205 ἡγουμένους
2496 3131 2597 3202 μία
2628 3129 2911 3184 συνεκάλει
2939 3125 3191 3197 σάλπιγξ.
3222 3126 3397 3196 Χρεία
3421 3123 3531 3196 γὰρ
3548 3123 3709 3190 λόγου

2134 3225 2476 3298 διορθοῦντος
2522 3223 2618 3277 καὶ
2663 3225 2776 3283 τοῖς
2835 3219 3197 3289 καθηγηταῖς·
3252 3216 3528 3287 ἄνθρωποι
3575 3213 3709 3289 γὰρ,

2134 3317 2277 3388 πλὴν
2314 3316 2516 3384 ὁλίγουο
2563 3332 2582 3366 ι
2617 3313 2771 3366 Δίδου
2792 3312 2922 3385 γὰρ,
2957 3311 3114 3381 φησι.
3138 3306 3287 3378 σοφῷ
3314 3307 3591 3380 ἀφορμὴν,
3617 3305 3714 3360 καὶ

2139 3407 2447 3479 σοφώτερος
2476 3405 2647 3458 ἔσται.
2693 3422 2713 3457 ι
2742 3403 2847 3458 Τὸν
2871 3401 2927 3455 δὲ
2958 3400 3088 3453 λαὸν
3114 3399 3225 3473 δύο.
3252 3398 3462 3468 Πολλῆς
3489 3396 3598 3468 γὰρ
3623 3390 3716 3449 οῦ-

2137 3518 2236 3564 τος.
2249 3500 2423 3555 δεῖται
2446 3494 2763 3568 προτροπῆς
2807 3496 2902 3548 καὶ
2932 3492 3352 3565 παρακλήσεως.
3381 3490 3463 3544 Τὰ
3503 3489 3559 3543 δὲ
3587 3490 3717 3541 τέσ-

2141 3608 2285 3662 σαρα
2300 3591 2408 3645 τῶν
2434 3587 2718 3661 σημασιῶν
2742 3587 2856 3656 εἴδη
2883 3587 2952 3638 τὰ
2976 3585 3065 3638 διὰ
3086 3584 3194 3638 τῶν
3225 3583 3540 3651 σαλπίγγων
3563 3581 3719 3650 γινόο

2145 3700 2302 3756 μενα,
2339 3682 2408 3735 τὰ
2431 3682 2673 3751 τέσσαρα
2705 3677 2888 3748 βιϐλία
2916 3675 3024 3730 τῶν
3058 3674 3460 3745 εὐαγγελιστῶν
3490 3672 3721 3746 προετῷ

2146 3793 2304 3838 πουν,
2331 3774 2368 3829 ἃ
2402 3774 2470 3828 δι’
2495 3766 2570 3826 ὧν
2599 3770 2980 3847 σημαίνουσιν,
3019 3768 3256 3839 ἐξαίρειν
3297 3767 3445 3837 ἡμᾶς
3472 3763 3582 3819 ἀπὸ
3608 3765 3722 3833 τῶν

2142 3864 2361 3937 γεηρῶν
2396 3862 2625 3927 τούτων,
2656 3860 2766 3914 τῶν
2812 3860 2869 3911 ἐν
2894 3861 3006 3921 τοῖς
3049 3858 3312 3927 τέσσαρσι
3341 3856 3570 3928 κλίμασι
3617 3854 3721 3926 τῆς

2143 3956 2486 4028 οἰκουμένης,
2518 3955 2612 4007 καὶ
2639 3952 2774 4024 πρὸς
2820 3953 2917 4022 τὴν
2954 3952 3067 4005 ἀνω
3100 3949 3457 4025 Ἰερουσαλὴμ
3501 3947 3723 4016 ὲπείγεέ

2145 4051 2268 4105 σθαι
2308 4044 2730 4125 διακελεύονται.
2776 4042 2872 4096 Διὰ
2911 4042 2965 4095 δὲ
3011 4043 3120 4095 τῶν
3161 4041 3254 4095 δύο
3290 4042 3605 4110 σαλπίγγων
3663 4042 3724 4111 αι

2143 4145 2405 4212 τέσσαρες
2457 4137 2743 4210 σημασίαι,
2771 4137 2853 4190 ὅτι
2883 4136 2979 4188 καὶ
3010 4133 3097 4188 διὰ
3130 4134 3222 4188 τοῦ
3269 4134 3458 4189 διπλοῦ
3480 4135 3719 4205 Χριστοῦ

2144 4236 2237 4290 τοῦ
2278 4230 2626 4303 θεανθρὼπου
2659 4230 2725 4283 τὰ
2752 4229 3128 4299 σημαινόμενα
3155 4231 3269 4292 τοῖς
3307 4228 3721 4305 εὐαγγελισταῖς

2145 4326 2510 4400 ὲνηχήθησαν.
2551 4323 2623 4377 Ἦ
2665 4323 2758 4376 καὶ
2784 4321 2978 4387 ἄλλως,
3011 4320 3080 4374 τά
3124 4322 3367 4393 τέσσαρα
3400 4321 3508 4375 τῶν
3543 4338 3721 4393 σημαε

2149 4414 2280 4468 σιῶν
2326 4414 2440 4483 εῐδη
2484 4411 2752 4482 σύμϐολον
2784 4407 2923 4482 ἦσαν
2962 4411 3070 4464 τῶν
3111 4412 3393 4482 τεσσάρων
3422 4411 3581 4466 εἰδῶν
3624 4412 3721 4471 τοῦ

2146 4504 2339 4576 ἠθικοῦ
2372 4505 2553 4573 λόγου.
2590 4497 2690 4556 Ὧν
2719 4503 2781 4555 τὸ
2817 4503 2915 4573 μὲν
2965 4504 3150 4574 ἐνηχεῖ
3177 4506 3287 4566 τοῖς
3333 4503 3413 4557 ἔτι
3450 4522 3725 4576 κατηχου-

2152 4596 2368 4668 μένοις’
2435 4595 2505 4649 τὰ
2577 4595 2705 4666 τρία
2758 4594 2814 4647 δὲ
2875 4597 2990 4659 τοῖς
3047 4595 3147 4665 τῆς
3200 4595 3412 4665 ἀγαθῆς
3457 4595 3561 4666 γῆς
3603 4597 3729 4670 ἥτις

2148 4687 2600 4759 ἐκαρποφόρησεν
2624 4689 2704 4749 είς
2731 4685 3045 4758 τριάκοντα,
3083 4688 3176 4741 καὶ
3204 4689 3286 4751 είς
3322 4687 3609 4761 ἑξήκοντα,
3632 4692 3731 4747 καὶ.

2150 4783 2230 4846 είς
2261 4780 2472 4834 ἑκατόν.
2513 4778 2722 4843 Ἀλλως
2742 4779 2850 4849 γὰρ
2875 4779 2968 4832 καὶ
2988 4778 3162 4843 ἄλλως
3189 4781 3410 4845 τούτους
3431 4782 3730 4857 διδακτέον..

2153 4874 2277 4935 Τοῖς
2307 4871 2405 4941 μὲν
2453 4868 2562 4941 γὰρ
2589 4871 2680 4924 τὸν
2709 4873 2768 4923 ὲν
2793 4871 2959 4942 γάμῳ
2990 4871 3102 4941 βίον
3147 4873 3530 4943 προελομένοις
3560 4875 3729 4943 ἐρεῖς·

2155 4981 2174 5013 ι
2214 4962 2436 5023 Δέδεσαι
2464 4962 2702 5029 γυναικὶ,
2734 4962 2810 5033 μὴ
2841 4961 2994 5033 ζήτει
3036 4962 3211 5017 λύσιν.
3246 4982 3265 5015 ι
3304 4963 3431 5027 Τοῖς
3460 4963 3519 5017 δὲ
3549 4964 3642 5017 τὸν
3674 4967 3734 5019 ἐν

2151 5048 2438 5121 παρθενία-
2478 5069 2497 5101 ι
2540 5049 2777 5104 Λέλυσαι
2807 5053 2913 5106 ἀπὸ
2941 5052 3220 5120 γυναικὸς,
3253 5053 3327 5123 μὴ
3366 5051 3519 5126 ζήτει
3546 5059 3736 5125 γυναῖ,

2152 5159 2245 5196 κα.
2270 5161 2289 5195 ι
2321 5142 2445 5205 Τοῖς
2471 5142 2530 5196 δὲ
2568 5142 2658 5197 τὸν
2701 5144 2758 5198 ὲν
2786 5144 3037 5216 ἀσκήσει·
3079 5164 3098 5197 ι
3138 5146 3469 5217 Νεκρὼσατε
3492 5147 3563 5213 τὰ
3590 5149 3733 5221 μέλη

2154 5232 2307 5304 ὑμῶν
2352 5234 2421 5288 τὰ
2460 5233 2553 5287 ἐπὶ
2595 5236 2695 5305 τῆς
2749 5235 2875 5305 γῆς.
2915 5255 2934 5288 ι
2975 5238 3088 5290 Καὶ
3129 5238 3335 5310 ἑκάστῃ
3372 5237 3487 5311 ἰδέᾳ
3526 5238 3644 5308 βίου
3674 5240 3738 5303 τὸ

2157 5325 2434 5397 προσῆκον
2460 5322 2596 5390 εἶδος
2626 5326 2890 5399 ἁρμόσεις
2910 5327 3010 5398 τῆς
3036 5330 3352 5402 προτροπῆς
3372 5332 3469 5385 καὶ
3483 5330 3740 5391 διδασκαι-

2157 5414 2296 5486 λίας,
2328 5418 2452 5481 Τοῖς
2480 5416 2684 5489 ἱερεῦσι
2737 5417 2795 5471 δὲ
2833 5418 3114 5484 σαλπίζειν
3161 5420 3437 5493 ἀφώρισεν
3468 5424 3498 5475 ὁ
3545 5423 3738 5494 νόμος,

2156 5507 2238 5559 ὅτι
2267 5507 2361 5561 καὶ
2401 5504 2511 5561 τῶν
2542 5507 2733 5580 ἱερέων
2763 5508 2894 5563 ἴδιον
2934 5510 2996 5564 τὸ
3042 5511 3333 5567 διδάσκειν.
3358 5515 3426 5567 Δί
3450 5514 3507 5569 δὲ
3535 5516 3743 5578 πυκναὶ

546 5681 594 5717 ⁸³
617 5683 777 5749 Num.
812 5703 888 5753 χι,
918 5687 944 5741 1
985 5701 1137 5759 seqq.
1216 5685 1258 5717 ⁸¹
1287 5684 1450 5755 Pr0v.
1486 5700 1560 5753 ix,
1593 5688 1647 5743 9.
1724 5687 1767 5719 θ’
1807 5689 2027 5757 Matth;

2131 5731 2136 5756 ,
2168 5690 2220 5744 8.
2296 5690 2343 5724 ⁸³
2366 5691 2387 5747 Ι
2413 5690 2540 5756 Cor.
2565 5709 2658 5769 vn,
2680 5694 2769 5755 27.
2850 5695 2897 5729 ⁸³
2919 5694 3129 5761 COIOSS.
3165 5714 3244 5770 ut.
3285 5700 3339 5766 δι
