4076 6462
447 308 589 366 1225

1834 301 2358 379 consensu.

3396 258 3465 290 ,Ι

3570 310 3591 363 Ξ
3603 310 3708 366 2‘26

444 426 559 482 τῶν
593 422 944 498 Ἰσραηλιτῶν
984 422 1258 497 δξάρσεις,
1285 421 1386 487 τὰς
1420 421 1634 487 πυκνὰς
1668 422 1793 476 κατ’
1825 419 2023 493 ἀρετὴν

2133 426 2322 475 autem
2369 419 2660 482 constituit
2689 420 3072 477 sacerdotibus
3113 430 3176 477 ut
3218 422 3347 477 tuba
3413 438 3708 491 canerent,

442 514 733 586 προκοπὰς
756 515 852 570 τοῦ
871 515 992 568 νέου
1022 512 1154 568 λαοῦ
1174 513 1285 568 τῶν
1302 513 1533 582 πιστῶν,
1561 512 1658 568 καὶ
1675 511 1798 566 καθ’
1811 512 2025 583 ἡμέραν

442 607 802 679 ὀφειλομένας
839 605 1166 669 έπεκτάσεις
1208 604 1303 659 ἐπὶ
1331 607 1401 660 τά
1448 602 1779 675 ἔμπροσθεν,
1818 603 2026 673 ὑπεσή-

404 676 410 692 ’
446 676 658 773 μαινον.
707 698 899 767 Ἀγιον
948 696 1231 766 ὠνόμασεν
1275 697 1305 750 ὁ
1333 696 1500 766 νόμος
1530 695 1623 749 τὸν
1655 692 2027 764 ὑποσχόμενον

441 789 523 860 τῷ
564 788 685 859 Θεῷ
715 786 816 859 τὴν
837 787 1035 842 ἑαυτοῦ
1065 786 1265 859 κόμην.
1282 783 1637 856 [λαμϐάνεται
1664 785 1774 856 γὰρ
1800 787 1835 855 ἡ
1856 800 2029 853 κεφαο

441 878 512 951 λὴ
536 880 633 952 μὲν
651 880 730 945 είς
765 877 929 933 τύπον
971 877 1067 933 τοῦ
1101 876 1216 942 νοῦ,
1252 877 1329 952 ὡς
1370 876 1692 948 ἐνδιαίτημα
1719 874 1811 929 νοῦ
1836 890 1849 903 ’
1877 874 1936 928 αἱ
1970 873 2029 929 δὲ

444 951 633 1044 τρίχες
661 973 743 1034 είς
774 971 877 1034 τὰς
917 970 1147 1031 ἑννοίας.
1198 951 1311 1023 Νοῦ
1342 968 1452 1041 γάρ
1486 963 1645 1024 αὗται
1689 967 2023 1039 γεννήματα.

446 1062 569 1134 Χρὴ
600 1061 778 1115 τοίνυν
805 1060 954 1132 ἡμᾶς
986 1060 1062 1132 μὴ
1082 1060 1287 1132 γυμνὸν
1313 1059 1407 1114 καὶ
1453 1058 1784 1131 ἐψιλωμένον
1810 1056 2030 1112 ἐννοιῶν

449 1151 672 1222 ἀγαθῶν
704 1151 850 1223 ἔχειν
877 1152 969 1206 τὸν
1010 1149 1159 1217 νοῦν,
1211 1150 1349 1206 ἀλλά
1386 1150 1618 1223 βρύοντα
1651 1149 1880 1214 ταύταις
1935 1147 2031 1203 καὶ

446 1240 704 1315 κομῶντα
724 1242 864 1314 Θεῷ.

2129 508 2393 581 quoniam
2441 509 2791 565 sacerdotum
2820 525 3040 581 quoque
3089 511 3329 581 primum
3353 522 3439 567 est
3485 512 3706 591 docere.

2135 601 2508 661 lsraelitarum
2544 610 2731 656 autem
2757 600 3073 672 frequentes
3096 605 3610 661 castrametationes
3632 614 3711 661 la-

2134 691 2244 747 cite
2269 690 2586 761 signiﬁcant
2607 691 2927 762 frequentes
2952 692 3009 747 in
3033 695 3238 749 virtute
3263 695 3544 765 prolectus
3581 699 3709 753 novi

2133 783 2324 852 populi
2374 781 2654 847 ﬁdelium,
2700 792 2756 837 et
2799 799 2921 853 quae
2967 784 3214 854 quotidie
3262 784 3382 840 ﬁeri
3436 788 3706 848 debebant

2134 873 2486 929 extensiones
2504 874 2573 930 ad
2593 873 2893 930 anteriora.
2919 874 3033 929 Lex
3057 890 3186 929 eum
3226 879 3536 933 nominavit
3576 894 3707 934 san-

2134 974 2312 1033 ctum,
2336 967 2431 1036 qui
2452 982 2669 1023 comam
2715 982 2872 1023 suam
2907 967 3021 1022 Deo
3042 974 3128 1022 est
3160 968 3443 1037 pollicitus
3469 971 3535 1025 ⁸⁵.
3568 972 3706 1027 Nam

2133 1060 2410 1130 accipitur
2429 1059 2654 1131 quidem
2673 1067 2839 1130 caput
2863 1074 2963 1130 pro
2996 1060 3173 1131 ﬁgura
3195 1063 3417 1128 mentis,
3440 1071 3500 1118 ut
3517 1065 3573 1119 in
3596 1081 3707 1135 quo

2133 1164 2293 1205 mens
2316 1149 2480 1222 degat
2502 1160 2560 1206 et
2580 1150 2825 1217 habitet;
2847 1150 2948 1220 pili
2985 1162 3168 1207 autem
3187 1166 3286 1222 pro
3306 1153 3627 1211 nationibus
3651 1164 3707 1211 et

2135 1240 2581 1312 cogitationibus.
2601 1241 2695 1297 Eae
2739 1241 2888 1298 enim
2911 1251 3042 1297 sunt
3066 1242 3211 1298 fetus
3228 1244 3449 1300 mentis.
3480 1244 3709 1316 Oportet

440 1353 576 1412 ergo
593 1352 698 1394 nos
712 1352 827 1394 non
853 1337 1063 1394 nudam
1090 1345 1149 1393 et
1176 1352 1208 1393 a
1230 1337 1393 1393 bonis
1416 1335 1846 1409 cogitationibus
1865 1335 2111 1407 glabram
2132 1336 2338 1393 habere
2356 1347 2620 1400 mentem,
2646 1335 2743 1392 sed
2762 1337 2845 1391 eis
2867 1342 3168 1393 scatentem
3190 1344 3248 1392 et
3281 1337 3393 1393 Deo
3417 1348 3706 1396 comatam.

763 1475 907 1544 Περὶ
939 1473 1052 1545 τῆς
1103 1471 1337 1544 πυρῤᾶς
1376 1474 1705 1545 δαμάλεως.

529 1589 589 1644 '0
626 1588 994 1661 καταπιπρῶν
1039 1588 1138 1660 τὴν
1180 1587 1416 1659 δάμαλιν
1450 1588 1550 1642 καὶ
1591 1586 1897 1658 ἀναμιγνὺς
1953 1587 2023 1656 τῇ

2671 1474 2751 1530 De
2789 1476 2915 1546 rufa
2935 1476 3185 1546 iuvenca.

2201 1585 2306 1654 Qui
2331 1585 2940 1657 comburitjuvencam,
2990 1597 3048 1642 et
3080 1603 3206 1643 cum
3268 1588 3458 1646 cinere
3513 1590 3710 1648 miscet

445 1679 642 1750 σποδιᾷ
664 1678 725 1731 τὸ
740 1677 992 1750 κέδρινον
1013 1675 1189 1743 ξύλον,
1219 1677 1315 1731 καὶ
1348 1675 1533 1746 μέντοι
1557 1677 1652 1731 xa‘t
1682 1678 1711 1730 ό
1753 1674 2023 1743 συλλέγων

2130 1676 2342 1749 lignum
2369 1676 2678 1743 cedrinum,
2706 1684 2764 1732 et
2785 1677 3063 1749 quietiam
3086 1680 3296 1751 colligit
3318 1681 3582 1741 cinerem.
3603 1691 3706 1748 est,

442 1771 544 1842 τὴν
582 1768 827 1835 σποδιὰν,
874 1769 1177 1841 ἀκάθαρτοι
1222 1768 1353 1841 γὰρ,
1407 1767 1592 1840 φησιν,
1632 1767 1737 1832 ἕως
1761 1766 2022 1835 ἑσπέρας,

2127 1766 2428 1838 inquit"',
2473 1766 2791 1822 immundus
2828 1783 3003 1835 usque
3050 1768 3117 1823 ad
3152 1785 3458 1840 vesperam,
3490 1774 3708 1831 etiamsi

443 1859 624 1914 καίτοι
702 1858 1121 1930 φαιδρυνόμενοι
1171 1858 1243 1912 τά
1290 1858 1471 1929 ἀμφια
1521 1857 1619 1913 καὶ
1687 1857 2024 1928 ὑπάρχοντες

442 1950 706 2024 καθαροὶ,
742 1950 1137 2021 ύποδηλοῦντος
1150 1949 1247 2005 τοῦ
1276 1952 1443 2021 νόμου
1466 1949 1529 2004 τὺ
1552 1950 1654 2021 τῆς
1678 1948 2025 2019 ἀνθρωπείας

442 2046 659 2116 φύσεως
675 2041 923 2107 ἀσθενὲς,
959 2042 1055 2097 καὶ
1087 2044 1302 2114 ὅτιπερ,
1320 2042 1370 2095 εί
1396 2041 1641 2113 ἀκριϐῶς
1669 2040 1936 2112 ἰρευνῷτο
1956 2039 2026 2094 τά

442 2134 568 2189 καθ’
597 2134 770 2203 ἡμᾶς,
802 2133 978 2196 οὐδεὶς
993 2132 1104 2186 τῶν
1156 2132 1503 2203 τεταγμένων
1557 2133 1638 2196 εἰς
1684 2129 2025 2201 λειτουργίαν

441 2224 728 2288 παντελῶς
761 2223 1232 2296 καθαρός.·”Δξιος
1267 2224 1377 2295 γάρ
1404 2222 1581 2288 οὐδεὶς
1615 2222 1904 2292 ἀποθίγειν
1928 2221 2024 2275 τοῦ

443 2316 694 2387 Σωτῆρος
722 2314 883 2387 ἡμῶν
916 2316 1251 2387 μυστηρίων⁹
1281 2314 1377 2369 καὶ
1401 2313 1587 2368 λοιπὸν
1602 2314 1654 2367 εί
1681 2313 2026 2385 συγκρίνοιτο

437 2409 511 2463 τὰ
541 2409 664 2462 καθ’
697 2408 846 2480 ἡμᾶς
876 2407 1093 2479 καθαρὰ
1139 2409 1206 2479 τῇ
1252 2406 1584 2478 καθαρότητι
1631 2403 1726 2459 τοῦ
1761 2405 2024 2480 Χριστοῦ,

438 2499 730 2572 ἀκάθαρτά
763 2499 880 2553 ἐστι
907 2500 1002 2553 καὶ
1034 2497 1447 2570 μεμολυσμένα,
1487 2492 1659 2569 οὗπερ
1685 2496 1917 2550 ἐνώπιον
1942 2497 2027 2551 ού-

436 2587 496 2641 δὲ
528 2585 597 2640 τὰ
627 2586 805 2659 ἄστρα
849 2586 1086 2658 καθαρὰ,
1140 2586 1282 2642 κατά
1324 2588 1417 2642 τὸν
1463 2586 1706 2641 εἰπόντα.
1743 2584 2026 2639 ’Δπέκειτο

434 2679 496 2732 δὲ
518 2679 580 2733 τὺ
604 2677 748 2750 ὕδωρ
765 2677 859 2733 τοῦ
891 2676 1155 2749 ἁγνισμοῦ
1176 2678 1281 2745 ἔξω
1305 2681 1404 2750 τῆς
1432 2675 1791 2750 παρεμϐολῆς
1831 2675 2025 2747 δηλοῦν

434 2768 522 2822 ὃτι
562 2766 666 2832 ἔξω
692 2766 793 2837 τῆς
823 2765 932 2819 τῶν
969 2765 1238 2821 Ἰουδαίων
1271 2765 1626 2837 Συναγωγῆς,
1653 2767 1768 2838 ήέν
1804 2763 2025 2838 Χριστῷ

437 2858 732 2930 κάθαρσις.
768 2857 1202 2929 Ἀποπεςροὶτηκε
1226 2858 1335 2930 γάρ
1366 2859 1539 2930 αὐτῆς
1565 2861 1600 2929 ή
1649 2858 2026 2929 ἀφαγνίζουσα

437 2950 622 3024 Χάρις·
657 2969 677 3003 ε
718 2950 848 3004 Ἰδοὺ
876 2950 1005 3022 γὰρ,
1028 2950 1213 3019 φησὶν,
1236 2950 1453 3020 ἀφίεται
1485 2951 1514 3003 ὁ
1543 2947 1690 3015 οἷκος
1715 2950 1870 3022 ὑμῶν
1898 2950 2026 3022 ἕρη-

441 3052 563 3113 μος.
594 3060 613 3091 ι
649 3040 763 3095 Καὶ
796 3042 1059 3111 νεκρότης
1090 3042 1188 3112 μὲν
1218 3039 1488 3113 σώματος,
1529 3041 1797 3114 σύμϐολον
1818 3041 2024 3112 φθορᾶς

438 3134 536 3187 καὶ
567 3130 933 3202 ἀκαθαρσίας.
973 3132 1033 3185 '0
1056 3131 1114 3185 δὲ
1141 3129 1238 3184 τοῦ
1282 3131 1473 3196 ὓδατος
1513 3132 1827 3203 ραντισμὺς,
1854 3131 2024 3196 τύπος

437 3223 534 3278 τοῦ
562 3225 717 3292 ἁγίου
744 3222 1136 3293 βαπτίσματος.
1159 3224 1597 3294 Κατερῤαίνοντο
1622 3223 1679 3278 δὲ
1698 3222 1889 3296 τρίτην
1929 3223 2025 3278 καὶ

439 3315 674 3388 ἑϐδόμην
707 3315 941 3388 ἡμέραν.
973 3315 1047 3368 Τὸ
1078 3315 1187 3386 γάρ
1228 3315 1512 3387 βάπτισμα
1547 3315 1732 3370 πίστιν
1772 3316 1888 3387 ἔχει
1923 3316 2025 3387 τῆς

435 3427 499 3463 τε
525 3411 665 3464 κατὰ
679 3410 779 3481 τὴν
806 3410 998 3481 τρίτην
1020 3408 1232 3481 ἡμέραν
1261 3409 1612 3470 ἀναστάσεως
1626 3408 1720 3464 τοῦ
1748 3409 2020 3481 Σωτῆρος,

384 3532 393 3537 -
435 3498 531 3552 καὶ
564 3498 662 3569 τῆς
711 3497 854 3551 κατά
886 3497 985 3568 τὴν
1025 3495 1337 3557 συντέλειαν
1395 3497 1491 3550 τοῦ
1538 3496 1768 3566 ἑϐδόμου
1830 3497 2023 3561 αἰῶνος

434 3589 737 3660 ἐπιδημίας
771 3588 963 3652 αὑτοῦ,
999 3586 1121 3649 καθ’
1147 3587 1214 3659 ἢν
1248 3587 1470 3658 κρίνων,
1505 3587 1775 3641 ἀποδώσει
1806 3587 2023 3658 ἑκάστῳ

434 3678 580 3733 κατά
603 3678 672 3731 τά
700 3677 839 3748 ἔργα
865 3676 1052 3731 αὐτοῦ.
1082 3678 1146 3730 Ei
1175 3677 1233 3731 δὲ
1264 3677 1359 3729 καὶ
1389 3672 1538 3741 οἶκος
1582 3677 2017 3748 καταμιαίνοιτο,

433 3771 592 3840 φησι,
647 3767 944 3832 τεθνεῶτός
990 3783 1136 3831 τινος
1179 3768 1237 3820 ὲν
1281 3766 1452 3837 αὐτῷ,
1488 3767 1787 3839 ἀκάθαρτοι
1826 3766 1927 3837 μὲν
1970 3768 2021 3820 οἱ

432 3862 805 3924 είσὸαίνοντες
838 3861 898 3913 ὲν
940 3858 1106 3925 αὐτῷ.
1137 3859 1400 3929 Βδελυρὸν
1427 3858 1486 3913 δὲ
1511 3859 1607 3913 καὶ
1647 3857 1840 3921 σκεῦος
1875 3857 2021 3912 ἅπαν

434 3952 532 4005 καὶ
561 3951 786 4020 ἀγγεῖον
827 3948 888 4001 ού
924 3948 1391 4020 πεπωμασμένονο
1433 3947 1573 4019 πλὴν
1605 3946 1684 4019 τῷ
1717 3945 1870 4002 ὕδατι
1923 3947 2019 4000 τοῦ

432 4043 731 4114 ἁγνισμοῦ,
757 4040 1040 4094 καὶταῦτα
1069 4039 1444 4112 διακαθαίρειν
1469 4040 1755 4093 ἐκέλευσεν
1781 4042 1810 4094 ό
1834 4040 2015 4110 νόμος.

432 4132 599 4199 Οἶκος
634 4133 734 4204 μὲν
785 4127 878 4186 οὖν
934 4130 1332 4201 μεμιασμένος,
1369 4133 1404 4201 η
1457 4131 1754 4201 Συναγωγῇ
1781 4130 1889 4183 τῶν
1922 4148 2021 4183 κυ-

433 4226 728 4298 ριοκτόνων
764 4222 1054 4287 Ἰουδαίων,
1088 4221 1381 4285 τεθνεῶτος
1418 4222 1477 4275 ὲν
1505 4221 1690 4286 αὐτοῖς
1718 4221 1813 4274 τοῦ
1837 4222 2020 4291 Σωτῆ-

433 4334 548 4390 ρος·
578 4317 669 4371 ὄτε
697 4314 792 4368 καὶ
824 4313 1025 4384 μᾶλλον
1063 4311 1399 4384 έμιάνθησαν
1421 4310 1500 4380 τῷ
1527 4311 1675 4382 φόνῳ
1704 4312 1891 4365 αὐτοῦ.
1911 4313 2020 4366 Καὶ

2125 1858 2475 1915 vestimentis
2505 1858 2615 1914 laeti
2646 1859 2759 1913 sint
2782 1866 2839 1913 et
2870 1859 3083 1915 alacres
3107 1876 3170 1915 ac
3209 1863 3423 1928 mundi,
3472 1864 3591 1936 lege
3623 1873 3709 1922 ta-

2125 1946 2235 2003 cite
2265 1948 2592 2003 ostendente
2619 1947 3053 2004 imbecillitatem
3080 1950 3336 2008 humana:
3378 1961 3618 2019 naturae,
3650 1964 3711 2011 et

2125 2037 2298 2108 quod,
2317 2038 2363 2094 si
2387 2052 2477 2093 res
2491 2049 2695 2094 nostra:
2710 2048 2967 2093 accurate
2983 2048 3041 2094 et
3069 2048 3258 2096 exacte
3290 2040 3703 2115 indagarentur,

2124 2128 2311 2184 nullus
2335 2145 2401 2184 ex
2424 2128 2491 2185 iis
2516 2128 2613 2201 qui
2651 2137 2782 2185 sunt
2824 2131 3065 2185 ordinati
3112 2131 3181 2186 ad
3219 2132 3591 2190 ministerium
3621 2144 3707 2191 est

2124 2220 2275 2276 omni
2298 2236 2363 2276 cx
2384 2230 2539 2291 parte
2562 2237 2758 2292 purus.
2795 2222 2994 2277 Nullus
3021 2231 3106 2278 est
3159 2224 3308 2280 enim
3362 2224 3563 2297 dignus
3607 2228 3704 2298 qui

2125 2317 2313 2377 tangat
2334 2318 2672 2365 sacramenta
2703 2311 2878 2365 nostri
2902 2311 3240 2368 Servatoris:
3271 2323 3326 2368 et
3361 2316 3407 2369 si
3431 2331 3553 2386 quae
3576 2326 3705 2372 sunt

2124 2400 2269 2471 apud
2293 2415 2394 2455 nos
2416 2414 2572 2470 pura,
2603 2399 2961 2456 conferantur
3007 2416 3132 2457 eum
3190 2403 3394 2459 Christi
3438 2406 3700 2475 puritate,

2123 2502 2190 2544 ea
2216 2498 2347 2545 sunt
2375 2490 2659 2545 immunda
2691 2498 2749 2546 et
2768 2492 2998 2561 polluta,
3031 2492 3087 2548 in
3111 2494 3270 2566 cujus
3311 2506 3609 2566 conspectu
3634 2514 3703 2553 ne

2123 2592 2270 2638 astra
2293 2583 2517 2654 quidem
2551 2592 2679 2639 sunt
2707 2585 2931 2652 munda,
2959 2594 3021 2641 ut
3059 2587 3327 2657 scriptum
3358 2597 3441 2643 est
3468 2589 3536 2644 ⁸⁸.
3590 2591 3702 2646 Re-

2122 2676 2301 2747 posita
2326 2687 2511 2733 autem
2538 2686 2659 2733 erat
2685 2693 2829 2749 aqua
2863 2680 3196 2750 expiationis
3210 2688 3364 2736 extra
3400 2692 3600 2748 castra,
3623 2684 3703 2738 si-

2123 2767 2391 2839 gniﬁcans
2425 2769 2573 2839 quod
2621 2777 2775 2825 extra
2822 2779 3003 2826 castra
3045 2770 3339 2843 Synagoga:
3387 2773 3702 2830 Judzeorum

2123 2865 2209 2913 est
2240 2859 2299 2914 in
2326 2857 2549 2914 Christo
2580 2861 2926 2932 expurgatio.
2960 2861 3043 2915 Ab
3064 2876 3129 2915 ea
3148 2862 3297 2918 enim
3327 2865 3558 2918 recessit
3580 2880 3706 2936 gra-

2124 2948 2200 3005 tia
2226 2966 2349 3020 qua:
2376 2952 2640 3007 emundat
2685 2960 2743 3007 et
2792 2952 2997 3023 expiat.
3050 2953 3228 3009 «Ecce
3272 2955 3441 3019 enim,
3501 2956 3702 3028 inquit,

2126 3041 2464 3113 relinquitur
2496 3042 2695 3098 domus
2723 3052 2906 3099 vestra
2934 3044 3155 3100 deserta
3194 3045 3259 3100 ⁸⁷.
3281 3066 3299 3098 ι
3342 3046 3411 3102 Et
3456 3049 3705 3119 corporis

2126 3133 2349 3204 quidem
2389 3135 2696 3190 mortalitas
2744 3144 2830 3191 est
2871 3137 3176 3208 symbolum
3227 3139 3601 3209 corruptionis
3647 3151 3707 3197 ct

2126 3225 2510 3279 immunditiae.
2537 3226 2709 3297 Aquae
2741 3234 2926 3282 autem
2967 3228 3213 3298 aspersio
3236 3238 3321 3283 est
3375 3229 3547 3299 ﬁgura
3579 3247 3706 3285 san-

2124 3317 2197 3372 cti
2231 3317 2598 3387 baptismatis.
2629 3317 3078 3388 Aspergebantur
3123 3328 3307 3374 autem
3335 3319 3422 3375 die
3457 3321 3621 3378 tertio
3647 3331 3706 3377 et

2124 3408 2380 3478 septimo.
2406 3408 2683 3476 Baptisma
2713 3409 2862 3463 enim
2886 3410 3054 3465 habet
3078 3409 3239 3465 ﬁdem
3274 3412 3704 3469 resurrectionis

2125 3495 2439 3552 Servatoris
2465 3511 2588 3565 quae
2612 3497 2717 3551 fuit
2738 3497 2827 3553 die
2848 3497 3036 3562 tertio,
3072 3507 3129 3553 et
3148 3499 3270 3569 ejus
3313 3490 3583 3556 adventus
3606 3502 3704 3574 qui

2122 3597 2211 3643 est
2245 3587 2464 3643 iuturus
2506 3588 2564 3642 in
2626 3592 3104 3646 consummatione
3154 3591 3376 3663 septimi
3426 3594 3608 3648 saeculi
3644 3593 3703 3649 in

2121 3695 2233 3749 quo
2292 3680 2548 3750 judicans
2598 3679 2795 3735 reddet
2842 3681 3142 3752 unicuique
3185 3682 3489 3737 secundum
3534 3698 3703 3755 opera

2121 3784 2239 3825 sua.
2269 3769 2425 3838 Quod
2450 3770 2498 3824 si
2543 3771 2710 3825 etiam
2763 3769 2961 3826 domus
2987 3773 3288 3842 polluatur,
3326 3774 3513 3844 aliquo
3552 3773 3609 3829 in
3638 3789 3705 3831 ea

2120 3870 2363 3927 mortuo,
2382 3861 2652 3916 immundi
2683 3870 2816 3916 sunt
2832 3863 2999 3918 etiam
3024 3864 3119 3933 qui
3140 3879 3263 3918 eam
3290 3863 3701 3935 ingrediuntur.

2120 3951 2471 4007 Exsecranda
2498 3960 2585 4007 est
2607 3952 2776 4007 etiam
2805 3952 2988 4007 omnis
3041 3954 3290 4025 supellex
3315 3964 3373 4009 et
3411 3971 3509 4012 vas
3550 3955 3702 4027 quod

2120 4039 2367 4094 nondum
2386 4050 2472 4095 est
2496 4049 2773 4111 opertum.
2798 4038 3071 4096 Caeterum
3092 4058 3153 4096 ea
3177 4057 3396 4113 quoque
3410 4044 3574 4115 jussit
3613 4045 3701 4099 lex

2121 4130 2391 4185 mundare
2412 4147 2553 4201 aqua
2570 4132 2900 4203 expiationis
2911 4132 2956 4164 ⁸⁷
2976 4133 3015 4186 ⁴.
3044 4132 3223 4202 Atque
3244 4132 3452 4202 polluta
3472 4134 3701 4203 quidem

2120 4221 2318 4277 domus
2338 4229 2424 4276 est
2449 4221 2727 4294 Synagoga
2751 4223 3063 4279 Iudaeorum
3096 4223 3189 4292 qui
3220 4223 3511 4277 Dominum
3547 4225 3697 4279 occi-

2118 4308 2341 4374 derunt,
2371 4326 2496 4364 cum
2534 4310 2678 4383 inter
2706 4327 2802 4366 eos
2821 4320 3071 4367 mortuus
3093 4313 3165 4366 sit
3181 4311 3456 4378 Servator,
3476 4314 3698 4383 quando

427 4413 549 4465 ὅσοι
569 4409 626 4462 δὲ
644 4405 974 4481 προσήλυτοι
999 4403 1363 4458 είσόαίνουσιν
1381 4403 1461 4465 είς
1484 4402 1676 4471 αὐτὴν,
1719 4402 2017 4473 ἀκάθαρτοι

2125 4396 2285 4450 etiam
2316 4397 2436 4467 ejus
2465 4398 2614 4453 caede
2652 4401 2828 4471 magis
2861 4407 2992 4455 sunt
3029 4400 3244 4470 polluti.
3300 4401 3474 4457 Porro
3510 4412 3695 4458 autem

426 4500 526 4556 καὶ
548 4495 695 4554 οῦτοι
730 4497 827 4550 σὺν
864 4494 1024 4566 αὐτῇ.
1054 4492 1230 4564 Σκεύη
1253 4492 1309 4545 δὲ
1333 4494 1391 4545 ὲν
1416 4492 1553 4563 αὐτῇ
1584 4492 1634 4545 οἱ
1676 4491 1817 4544 κατά
1848 4492 2013 4563 μέρος

2125 4491 2392 4554 "quotquot
2411 4485 2577 4541 etiam
2606 4488 2868 4559 prosclyti
2893 4488 2949 4543 in
2977 4503 3097 4543 eam
3125 4489 3533 4559 ingrediuntur,
3567 4502 3697 4548 sunt

441 4590 708 4648 Ἰουδαῖοι,
732 4585 932 4655 ἀγγεῖα
974 4583 1037 4636 οὐ
1084 4581 1525 4653 πεπωμασμένα.
1561 4580 1649 4635 διὰ
1677 4581 1739 4634 τὺ
1760 4582 2010 4661 κάφαιρε.

427 4682 587 4752 θῆναι
636 4678 735 4749 τὴν
761 4676 1062 4746 ἀσφάλειαν
1089 4673 1183 4727 τοῦ
1205 4673 1297 4727 νοῦ
1338 4672 1432 4727 καὶ
1463 4674 1562 4744 τῆς
1593 4674 1783 4745 ἀκοῆς,
1808 4677 1903 4730 καὶ
1931 4671 2010 4729 εἶ..

2118 4574 2156 4628 ii
2176 4587 2401 4645 quoque
2418 4592 2544 4631 eum
2563 4593 2629 4633 ea
2671 4578 2961 4634 immundi.
3010 4580 3301 4651 Suppellcx
3328 4592 3533 4649 autem,
3578 4583 3700 4638 sin-

2117 4663 2230 4732 guli
2247 4671 2378 4717 sunt
2407 4664 2602 4731 Judaei,
2633 4675 2690 4722 et
2725 4682 2852 4722 vasa
2871 4683 2979 4723 non
3008 4679 3220 4739 operta,
3241 4681 3532 4741 propterea
3550 4673 3695 4744 quod

425 4789 516 4827 ναι
542 4769 867 4842 προχείρους
912 4767 993 4828 εἰς
1015 4766 1196 4818 πᾶσαν
1222 4764 1443 4818 κακίαν.
1474 4764 1812 4834 Γνωμοδοτεῖ
1844 4766 1943 4834 μὲν
1980 4767 2009 4820 ὁ

2125 4758 2323 4815 mentis
2351 4760 2534 4816 ablata
2560 4761 2634 4816 sit
2657 4763 2934 4818 securitas
2960 4772 3018 4818 et
3061 4762 3305 4829 auditus,
3330 4773 3385 4820 et
3422 4767 3533 4821 sint
3572 4783 3697 4837 pro-

438 4862 630 4931 ⁹Ιοθὸρ,
665 4855 931 4911 ὑπακούει
970 4855 1028 4908 δὲ
1066 4857 1094 4908 ό
1138 4855 1363 4924 Μωσῆς,
1390 4854 1477 4907 ἵνα
1522 4854 1743 4922 γνῶμεν
1774 4854 1850 4918 ὡς
1879 4856 1909 4909 ὁ
1948 4854 2009 4921 ἐξ

2125 4850 2272 4920 pensi
2292 4850 2359 4905 ad
2389 4866 2552 4907 omne
2590 4854 2806 4909 vitium.
2837 4853 3037 4926 Legem
3075 4857 3299 4927 quidem
3354 4857 3447 4912 dat
3480 4859 3691 4924 Jethro,
3732 4868 3735 4871 '

425 4954 594 5008 ἐθνῶν
617 4950 747 5012 λαὸς
789 4946 1096 5015 σοφώτερος
1126 4944 1226 4997 τοῦ
1275 4945 1566 4999 Ἰουδαϊκοῦ
1606 4943 1739 4999 λαοῦ
1762 4945 1856 4999 διὰ
1906 4945 2009 5017 τῆς

2125 4951 2271 5013 paret
2289 4950 2473 4999 autem
2507 4945 2754 5017 Moyses:
2787 4955 2850 5001 ut
2873 4947 3116 5004 sciamus
3152 4951 3297 5020 quod
3344 4949 3578 5021 populus
3624 4964 3692 5003 ex

424 5044 661 5104 πίστεως
688 5038 903 5107 γέγονε
950 5035 1045 5089 καὶ
1072 5034 1327 5098 πολλάκις
1360 5035 1419 5101 ἐξ
1437 5033 1609 5089 ἐθνῶν
1634 5034 1728 5088 τὸν
1758 5035 2006 5090 Ἰουδαῖον

2125 5034 2375 5104 gentibus
2395 5036 2570 5091 evasit
2594 5053 2693 5106 per
2723 5036 2887 5092 ﬁdem
2930 5040 3232 5109 sapientior
3270 5039 3473 5109 papqu
3503 5039 3691 5094 Judai-

420 5131 814 5205 νομοθετήσας,
832 5125 1152 5197 πειθόμενον
1175 5125 1441 5197 λαμϐάνει
1469 5130 1590 5188 ταῖς
1613 5124 1755 5179 κατά
1770 5127 2007 5198 Χριστὸν

2125 5140 2199 5193 :0,
2226 5134 2282 5181 et
2315 5142 2457 5197 sape
2500 5131 2736 5199 populus
2767 5145 2833 5185 ex
2868 5130 3127 5200 gentibus
3159 5132 3273 5199 lege
3344 5131 3453 5185 lata
3498 5131 3687 5187 Judaao

420 5224 684 5285 ἐντολαῖς.

2125 5219 2310 5289 recipit
2338 5235 2467 5274 eum
2494 5228 2779 5290 parentem
2797 5220 3006 5277 Christi
3040 5221 3333 5276 mandatis.

492 5312 567 5368 Τὸ
607 5312 706 5384 μὲν
734 5309 828 5365 τοῦ
873 5308 1117 5373 Μωσέως
1170 5307 1464 5377 πρόσωπον
1507 5307 1694 5378 ἐπέχει
1730 5307 2000 5379 Χριστός·

2180 5311 2379 5381 Moysis
2408 5312 2631 5382 quidem
2657 5326 2947 5385 personam
2972 5312 3117 5383 gerit
3142 5312 3432 5368 Christus:
3461 5313 3507 5370 is
3541 5317 3689 5372 enim

418 5406 718 5481 νομοθέτης
738 5405 847 5475 γάρ
892 5403 987 5458 καὶ
1011 5396 1186 5466 οὗτος,
1220 5402 1315 5454 καὶ
1346 5401 1575 5474 μεσίτης
1604 5400 1700 5454 τοῦ
1733 5400 1871 5455 Θεοῦ
1907 5400 2002 5455 καὶ

2125 5403 2534 5475 estlegislator,
2592 5413 2649 5460 et
2703 5404 3037 5460 intercessor
3084 5404 3180 5460 Dei
3239 5414 3288 5460 et
3326 5406 3691 5467 hominum".

410 5555 421 5568 ’
478 5576 528 5610 ⁸⁸
569 5575 1037 5649 Num.vl,§.__”‘
1065 5573 1229 5649 Nam.
1264 5589 1379 5641 nx,
1409 5573 1562 5629 5-40.
1639 5574 1808 5631 “Job
1834 5589 1921 5641 xv,
1950 5574 2023 5631 l5.

2125 5572 2168 5646 5"
2190 5576 2365 5632 Levit.
2398 5594 2476 5646 κι,
2508 5579 2697 5635 ἳί-όθ.
2776 5581 2820 5615 ⁸⁷
2856 5580 3046 5638 Matth.
3075 5597 3224 5647 χχιιι,
3257 5581 3345 5636 38.
3422 5580 3655 5639 ’νειοίῖ
3674 5628 3692 5649 .

418 5664 573 5716 xvm,
601 5651 691 5705 24.
765 5648 811 5679 ⁸⁸
836 5646 881 5700 ll
915 5645 1062 5701 Tim.
1092 5660 1152 5711 ιι,
1185 5645 1241 5701 5.

754 5741 1029 5804 Parma.
1078 5734 1195 5801 Gn.
1223 5801 1227 5807 ,
1258 5735 1542 5798 LXXVII.
2564 5772 2567 5775 .
3147 5742 3221 5805 39
