4076 6446
428 307 568 363 ΙὯἹ

1633 305 1688 362 S.
1731 306 2007 363 CYRILL!
2044 306 2133 363 ET
2169 306 2478 366 ALIURUM

3571 321 3709 376 12‘28

426 425 662 481 Aaronis
711 432 894 478 autem
942 437 1265 492 personam,
1308 422 1625 479 sacerdotes
1651 435 1708 479 et
1734 424 2017 495 pontiﬁces

2129 425 2541 497 ἀνθρώπωνοτὸ
2568 426 2623 481 δὲ
2656 426 2746 481 τοῦ
2791 427 3018 499 Ἀαρὼν,
3060 432 3109 484 οἰ
3160 432 3326 503 ἱερεῖς
3371 432 3466 487 καὶ
3521 436 3710 507 ἀρχιε-

425 518 777 581 Judatorutn;
840 516 1022 570 Marize
1102 530 1257 581 vero,
1325 515 1611 587 Synagoga
1672 517 2009 574 Iudaeorum.

424 611 560 665 Nam
585 620 641 664 et
673 609 994 666 sacerdotes
1039 616 1097 664 et
1126 609 1367 679 populus
1397 608 1755 665 Hebraeorum
1791 626 2015 667 accusa—

426 711 556 756 runt
587 701 870 756 Christum
920 701 1277 757 Servatorem
1321 711 1595 767 nostrum,
1642 702 1789 773 quod
1837 702 2013 773 legem

423 805 571 849 esset
608 803 1008 864 transgressus,
1048 800 1105 848 et
1157 792 1304 863 quod
1340 792 1447 848 sibi
1480 792 1867 864 despondisset
1909 794 2015 848 Ee-

425 884 648 939 elesiam
684 900 751 939 ex
773 884 1055 953 gentibus.
1082 899 1205 954 quae
1235 893 1355 939 erat
1394 883 1550 955 nigra
1599 885 1845 940 tenebris
1883 899 2014 955 pec-

425 976 552 1029 cati.
582 976 683 1030 Est
713 975 1018 1030 verisimile
1041 989 1110 1029 ex
1158 990 1303 1031 nuce
1324 974 1587 1047 juglande
1610 975 1783 1032 fuisse
1807 976 2014 1047 virgam

427 1054 677 1131 Aaronis,
703 1067 761 1121 in
784 1067 1093 1138 symbolum
1114 1066 1436 1137 vigilantiae.
1463 1066 1718 1123 Ieremia:
1746 1067 1896 1123 enim
1931 1069 2016 1123 vi-

425 1158 579 1213 denti
604 1158 816 1229 virgam
841 1173 1075 1213 nuceam
1098 1157 1233 1212 dicit
1252 1159 1430 1214 Deus:
1462 1177 1481 1209 ι
1500 1159 1642 1214 Ecce
1671 1158 1892 1231 vigilavl
1918 1173 2014 1215 su-

426 1266 527 1320 per
551 1261 839 1305 sermones
858 1263 1011 1305 meos
1024 1250 1090 1303 '9.
1110 1270 1126 1301 ι
1154 1250 1423 1305 Produxit
1450 1257 1634 1305 autem
1653 1265 1845 1315 nuces,
1866 1251 2015 1322 quod

424 1348 509 1395 est
540 1342 705 1396 etiam
725 1343 945 1413 signant
968 1342 1187 1398 virtutis
1203 1343 1328 1409 viri,
1346 1343 1497 1400 intus
1518 1344 1774 1399 habentis
1794 1344 1849 1399 id
1867 1342 2016 1416 quod

425 1441 511 1487 est
543 1433 664 1504 ejus
701 1434 1070 1499 esculentum,
1100 1435 1157 1489 in
1181 1434 1377 1490 habitu
1399 1436 1617 1501 animae,
1651 1450 1765 1491 non
1802 1436 1860 1492 in
1888 1453 2017 1508 pro-

426 1527 656 1581 ceritate
673 1526 945 1596 corporis.

495 1615 633 1673 Cum
657 1632 725 1670 ex
743 1617 997 1672 universa
1040 1614 1393 1671 multitudine
1421 1616 1717 1673 duodecim
1759 1618 1874 1674 sola
1899 1617 2019 1674 bel-

425 1710 666 1763 latorum
713 1709 885 1763 millia
929 1708 1189 1779 elegisset
1218 1707 1452 1780 Moyses,
1500 1709 1614 1764 Deo
1658 1708 1910 1782 jubente,
1951 1727 2017 1767 ea

2122 520 2237 589 ρεῖς
2267 517 2379 571 τῶν
2416 519 2687 573 Ἰουδαίων
2709 537 2723 552 ο
2755 521 2818 574 τὸ
2845 521 2902 575 δὲ
2929 522 3027 594 τῆς
3068 525 3312 596 Μαρίας,
3345 527 3380 597 ἠ
3411 527 3712 602 Συναγωγῇ

2118 611 2228 665 τῶν
2270 611 2561 668 Ἰουδαίων.
2633 613 2704 668 Οἳ
2745 630 2804 667 τε
2855 614 2964 687 γὰρ
3010 615 3178 687 ἰερεϊς
3227 617 3324 672 καὶ
3355 618 3382 670 5
3437 619 3564 685 λαὸς
3600 620 3713 675 τῶν

2127 702 2396 774 Ἑϐραίων
2450 704 2837 777 κατηγόρησαν
2864 706 2960 761 τοῦ
3009 709 3264 781 Σωτῆρος
3289 710 3447 782 ἡμῶν
3470 712 3710 783 Χριστοῦ

2116 792 2427 863 παράϐασιν
2456 794 2551 848 τοῦ
2590 795 2780 866 νόμου,
2813 797 2908 852 καὶ
2947 799 3031 852 δτι
3070 799 3171 870 τὴν
3196 799 3257 865 ἐξ
3279 800 3449 855 ἐθνῶν
3482 803 3709 876 Ἐκκλη-

2118 881 2241 937 σίαν
2302 883 2735 953 ἐμνηστεύσατο,
2792 886 2894 958 τὴν
2953 887 3212 959 μέλαιναν
3270 889 3348 961 τῷ
3410 891 3562 962 ζόφῳ
3607 893 3709 964 τῆς

2116 975 2412 1046 ἁμαρτίας.
2448 974 2610 1041 Εἰκὸς
2635 977 2903 1051 καρυϊνην
2942 976 3082 1035 εἶναι
3109 981 3209 1053 τὴν
3239 982 3437 1054 ῥάϐδον
3470 985 3705 1056 Ἀαρὼν,

2116 1068 2196 1128 εἰς
2226 1066 2495 1137 σύμϐολον
2517 1070 2923 1141 ἐγρηγόρσεως.
2954 1072 3047 1141 Τῷ
3087 1073 3329 1146 Ἱερεμίᾳ
3362 1075 3471 1147 γὰρ
3508 1075 3708 1148 ὁρῶντι

2120 1156 2317 1228 ῥάϐδον
2369 1158 2642 1230 καρυῖνην
2694 1160 2864 1231 φησὶν
2908 1162 2939 1215 6
2988 1161 3142 1227 Θεόςο
3180 1182 3199 1215 ι
3251 1164 3386 1219 Ἰδοὺ
3427 1166 3708 1240 ὲγρήγορα

2116 1250 2210 1303 ἐπὶ
2235 1250 2364 1315 τοὺς
2386 1249 2581 1320 λόγους
2613 1268 2736 1322 μου.
2765 1270 2784 1305 ι
2804 1252 3143 1325 Ἐϐλάστησε
3170 1255 3228 1309 δὲ
3251 1257 3457 1328 κάρυα,
3481 1260 3710 1329 σημεῖον

2117 1338 2213 1391 καὶ
2236 1337 2339 1407 τῆς
2371 1338 2465 1392 τοῦ
2496 1339 2691 1412 ἀνδρὸς
2715 1341 2941 1413 ἀρετῆς,
2975 1341 3122 1396 ἔνδον
3148 1342 3365 1414 ἔχοντος
3401 1350 3464 1400 τὸ
3502 1347 3715 1420 ταύτης

2118 1425 2382 1498 ἐδώδιμον
2409 1429 2469 1482 ὲν
2492 1429 2605 1495 ἕξει
2630 1430 2949 1503 ψυχῆς,οὑκ
2976 1433 3035 1489 ὲν
3063 1433 3189 1504 ὖψει
3220 1435 3493 1508 σώματος.

2203 1602 2300 1657 Ἐκ
2342 1603 2545 1669 παντὸς
2587 1603 2830 1675 πλήθους
2872 1606 3042 1679 μόνας
3076 1607 3185 1663 δώδ
3220 1626 3290 1664 κα
3310 1610 3561 1682 χιλιάδας
3590 1615 3712 1669 ἐπι-

2119 1694 2418 1766 λεξάμενος
2470 1696 2816 1769 πολεμιστῶν
2849 1701 2877 1754 ό
2914 1701 3144 1772 Μωσῆς,
3169 1701 3266 1756 τοῦ
3300 1703 3438 1758 Θεοῦ
3471 1708 3714 1777 προστάο

428 1797 658 1852 immisit
712 1798 769 1851 in
815 1796 1161 1859 Madianitas,
1196 1804 1253 1850 et
1282 1811 1383 1867 per
1430 1795 1571 1867 ipsa,
1611 1810 1710 1851 eos
1756 1796 1901 1852 fudit
1957 1812 2017 1852 ac

2123 1787 2335 1853 ξαντος,
2381 1789 2635 1861 ἐπαφῆκε
2685 1793 2798 1856 τοίς
2855 1792 3235 1863 Μαδιηναίοις,
3287 1795 3386 1851 καὶ
3428 1795 3496 1850 δι’
3529 1798 3712 1853 αὐτῶν

425 1887 817 1945 exterminavit
837 1889 904 1943 νο.
938 1888 1197 1944 Reversis
1227 1899 1412 1943 autem
1440 1889 1531 1944 his
1553 1890 1686 1946 viris
1702 1889 2021 1945 fortissimis

424 1992 483 2037 et
524 1981 714 2035 multis
745 1981 1003 2051 captivis,
1042 1980 1209 2052 jussit
1253 1981 1336 2036 eis
1380 1992 1441 2036 ut
1492 1991 2022 2037 castrametarentur

424 2083 579 2128 extra
614 2079 795 2128 castra
829 2071 1020 2143 populi
1050 2071 1119 2127 ad
1153 2080 1367 2142 septem
1405 2088 1581 2142 usque
1604 2073 1726 2128 dies
1752 2091 1765 2129 :
1794 2073 1896 2143 ipsi
1918 2089 2014 2127 au-

427 2175 536 2221 tem
569 2162 774 2235 cxpiati
838 2178 964 2218 cum
1018 2163 1283 2219 omnibus
1330 2164 1566 2235 captivis
1625 2164 1791 2219 tertio
1826 2164 1917 2219 die
1965 2173 2023 2219 et

424 2257 661 2328 septimo
704 2255 1132 2327 ingrederentur
1158 2255 1214 2310 in
1231 2264 1433 2311 castra.
1456 2256 1589 2312 Post
1612 2256 1814 2311 Mosetn
1835 2265 2021 2311 autem

423 2364 519 2403 eos
544 2355 628 2404 est
655 2348 931 2402 allocutus
960 2346 1056 2418 qui
1090 2355 1207 2401 tum
1233 2356 1355 2402 erat
1378 2347 1627 2418 pontifex
1652 2347 1901 2412 Eleazar,
1926 2348 2019 2418 ju-

426 2424 564 2496 bens
597 2455 694 2497 eos
737 2438 961 2510 quidem
1003 2440 1189 2495 lavare
1240 2454 1371 2494 suas
1412 2447 1597 2494 vestes
1632 2456 1645 2493 :
1686 2439 2021 2510 captivitatis

425 2540 610 2587 autem
653 2546 851 2586 aurum
885 2530 1113 2602 quidem
1153 2538 1211 2586 et
1240 2539 1553 2601 argentum,
1582 2537 1639 2586 et
1675 2546 2019 2601 quacunque

424 2631 556 2680 sunt
575 2624 767 2681 solidae
786 2625 1053 2690 materia,
1076 2639 1176 2695 per
1201 2624 1383 2695 ignem
1413 2623 1655 2690 ducere;
1682 2632 1890 2678 vestem
1915 2639 2017 2678 au-

427 2726 561 2778 tem,
613 2723 669 2770 et
718 2729 1065 2785 quaecunque
1116 2722 1249 2769 sunt
1291 2711 1581 2769 imbecillze
1613 2711 1878 2780 materiae,
1918 2729 2019 2783 per

425 2820 624 2875 aquam
658 2805 906 2874 expiare,
928 2814 985 2859 et
1008 2804 1243 2874 septimo
1263 2803 1353 2858 die
1386 2819 1507 2859 esse
1526 2802 1841 2870 mandatos,
1866 2813 1923 2858 et
1944 2804 2019 2860 ita

426 2903 608 2950 castra
637 2892 887 2964 ingredi.
924 2892 1063 2948 Vide
1100 2908 1232 2963 ergo
1272 2907 1395 2962 quae
1437 2892 1670 2964 mystice
1700 2890 2015 2963 signiﬁcan-

430 2996 539 3042 tur.
576 2985 730 3056 Opus
771 2985 921 3040 enim
954 2985 1163 3040 habent
1203 2972 1386 3056 aliqua
1423 2984 1738 3055 expiatione
1777 2983 1814 3038 ii
1839 2984 1934 3054 qui
1958 2998 2017 3039 se

426 3076 649 3134 fortiter
681 3082 992 3147 gesserunt.
1025 3074 1216 3146 Neque
1254 3074 1403 3129 enim
1431 3074 1527 3145 qui
1557 3090 1616 3129 se
1649 3073 1869 3128 fortiter
1891 3088 2015 3144 ges-

2121 1880 2333 1943 πάντας
2377 1880 2797 1953 ὲξωλόθρευσεν.
2840 1884 3278 1940 Ἐπανελθόντων
3325 1886 3383 1941 δὲ
3430 1888 3540 1942 τῶν
3590 1890 3711 1961 ἀρι-

2122 1972 2292 2026 στέων
2323 1971 2551 2038 τούτων,
2587 1973 2685 2027 καὶ
2735 1974 2939 2047 πολλῆς
2985 1977 3391 2047 αἰχμαλωσίας,
3424 1979 3712 2034 ἐκέλευσεν

2120 2066 2306 2129 αὐτοῖς
2351 2064 2730 2138 παρεμϐαλεῖν
2773 2066 2880 2136 ἔξω
2904 2069 3005 2139 τῆς
3046 2069 3406 2142 παρεμϐολῆς
3428 2070 3525 2126 τοῦ
3553 2072 3709 2137 λαοῦ,

2124 2155 2319 2227 μέχρις
2367 2156 2508 2210 ἑπτά
2553 2157 2817 2229 ἡμερῶν
2868 2160 3224 2228 ἁγνισθέντας
3269 2161 3328 2216 δὲ
3369 2163 3569 2228 αὐτοὺς
3612 2163 3712 2218 σὺν

2120 2248 2255 2302 πᾶσι
2286 2250 2399 2313 τοῖς
2442 2247 2542 2319 τῆς
2584 2250 2985 2320 αἰχμαλωσίας,
3020 2254 3086 2323 τῇ
3120 2269 3178 2305 τε
3208 2251 3367 2325 τρίτῃ
3403 2255 3591 2326 ἡμέρᾳ
3616 2255 3713 2310 καὶ

2118 2341 2186 2411 τῇ
2234 2339 2458 2412 ἑϐδόμῃ,
2510 2339 2687 2404 οὕτως
2738 2342 3006 2396 εἰσελθεῖν
3055 2344 3133 2407 εἰς
3187 2343 3287 2414 τὴν
3336 2344 3709 2418 παρεμϐολήν.

2120 2429 2276 2484 Μετά
2300 2429 2356 2484 δὲ
2385 2431 2590 2486 Μωσέα
2625 2432 3052 2505 προσεφώνησεν
3099 2433 3283 2498 αὐτοῖς
3315 2436 3345 2489 ό
3373 2436 3494 2489 τότε
3521 2435 3709 2508 ἀρχιει-

2123 2522 2249 2591 ρεὺς
2294 2521 2583 2595 Ἐλεάζαρ,
2624 2523 2866 2578 κελεύων
2896 2525 2995 2595 μὲν
3030 2525 3231 2590 αὐτοὺς
3259 2524 3458 2581 πλῦναι
3482 2528 3550 2581 τὰ
3573 2528 3707 2581 ἑαυ-

2118 2612 2225 2665 τῶν
2280 2614 2503 2684 ἱμάτια·
2548 2618 2650 2687 τῆς
2701 2616 3082 2688 αἰχμαλωσίας
3115 2617 3172 2670 δὲ
3223 2616 3316 2673 τὸν
3350 2617 3450 2690 μὲν
3486 2619 3710 2691 χρυσὸν,

2116 2703 2212 2757 καὶ
2246 2704 2339 2758 τὸν
2374 2706 2638 2779 ἄργυρον,
2679 2708 2771 2761 καὶ
2798 2709 2900 2762 ὅσα
2925 2709 3025 2780 τῆς
3063 2710 3298 2782 στερρᾶς
3334 2709 3468 2783 ῦλης
3493 2712 3582 2765 διά
3605 2727 3711 2765 πυ-

2118 2795 2211 2867 ρὸς
2248 2797 2507 2867 ἀγαγεῖν·
2544 2799 2646 2871 τὴν
2683 2800 2740 2855 δε
2774 2799 3002 2873 ἐσθῆτα,
3042 2803 3137 2855 καί⁵
3170 2803 3271 2856 ὅσα
3313 2803 3414 2875 τῆς
3448 2803 3711 2869 ἀσθενοῦς

2119 2887 2248 2959 ὕλης
2274 2888 2341 2943 δι’
2375 2889 2568 2954 ὕδατος
2591 2890 2908 2962 ὲφαγνίσαι,
2940 2893 3037 2947 καὶ
3070 2896 3136 2964 τῇ
3171 2892 3375 2967 ἐϐδόμῃ
3400 2894 3587 2967 ἡμέρᾳ
3611 2912 3712 2951 κα-

2119 2981 2467 3053 θαρισθῆναι,
2492 2985 2588 3038 καὶ
2608 2984 2782 3051 οὕτως
2808 2985 3075 3042 εἰσελθεῖν
3101 2989 3182 3052 εἰς
3208 2988 3310 3059 τὴν
3334 2988 3708 3062 παρεμϐολήν.

2124 3073 2269 3144 Ὅρα
2314 3074 2497 3129 τοίνυν
2552 3075 2620 3130 τά
2680 3078 2961 3148 μυστικῶς
3019 3078 3454 3151 ὑποδηλούμενα.
3490 3084 3708 3138 Δεϊνται

427 3178 622 3225 serunt
647 3167 914 3222 adversus
937 3167 1217 3222 daemones
1242 3174 1299 3221 et
1330 3165 1464 3221 vitia
1512 3174 1644 3221 sunt
1665 3165 1891 3220 omnino
1931 3167 2016 3220 in-

2126 3143 2225 3233 μὲν
2254 3164 2525 3233 ἁγνισμοῦ
2563 3143 2709 3231 τινος
2752 3167 2802 3221 οἰ
2840 3143 3307 3238 ἀριστεύσαντεςί
3341 3172 3463 3227 οὐδὲ
3509 3175 3617 3246 γάρ
3661 3176 3711 3229 oi

427 3261 633 3333 culpati
656 3246 712 3317 et
743 3260 882 3316 nulli
915 3258 1106 3315 afﬁnes
1127 3257 1568 3330 reprehensioni.
1595 3257 1732 3311 Nam
1764 3256 1909 3327 quod
1936 3265 2021 3312 est

425 3354 669 3426 perfecte
701 3360 913 3409 castum
942 3359 999 3408 et
1023 3351 1313 3417 mundum,
1343 3356 1687 3407 reservatum
1710 3358 1795 3404 est
1838 3350 1892 3403 in
1927 3348 2017 3404 fu-

428 3454 612 3500 turum
639 3442 924 3500 saeculum.
951 3440 1124 3514 Cujus
1140 3442 1450 3514 symbolum
1472 3449 1558 3497 est
1582 3440 1702 3497 dies
1726 3440 2019 3511 septimus.

426 3538 710 3608 Septimus
742 3534 969 3606 quidem
1021 3533 1144 3589 dies
1185 3542 1272 3589 est
1311 3532 1614 3588 Sabbatum
1637 3573 1651 3597 ,
1697 3533 1802 3586 hoc
1833 3540 2016 3586 autem

429 3630 829 3699 interpretatur
873 3627 1103 3697 requies.
1128 3624 1321 3680 Omnis
1351 3634 1535 3679 autem
1561 3624 1903 3695 operationis
1932 3638 2019 3678 re-

426 3722 588 3792 quies
601 3728 687 3775 est
709 3719 956 3773 futurum
983 3719 1265 3776 saeculum.
1290 3717 1461 3773 Tertii
1493 3727 1676 3773 autem
1702 3718 1812 3773 diei
1827 3716 2017 3789 expia-

430 3813 508 3865 tio
557 3808 828 3881 figurabat
850 3809 1304 3880 cxpurgationem
1345 3825 1444 3880 per
1469 3809 1751 3865 Christum
1786 3809 1905 3880 lege
1939 3809 2020 3864 la-

431 3910 562 3967 tam,
596 3902 776 3955 datam
818 3900 984 3955 tertio
1016 3908 1264 3971 tempore
1303 3901 1540 3972 triplicis
1566 3902 1884 3957 Judaeorum
1920 3900 2019 3957 ad-

429 3990 875 4046 ministrationis.
931 3990 1068 4046 Nam
1111 4001 1235 4061 post
1280 4000 1498 4063 tempus
1540 4008 1754 4063 regum,
1790 4002 1847 4049 et
1894 4003 2021 4065 post

431 4092 650 4154 tempus
684 4082 970 4154 judicum,
1018 4083 1294 4155 degebant
1330 4085 1433 4140 sub
1459 4085 1837 4156 pontiﬁcibus.
1898 4086 2019 4155 Quo

430 4182 676 4243 tempore
701 4173 954 4229 Christus
982 4174 1101 4246 lege
1126 4175 1415 4231 constituit
1440 4178 1894 4247 expurgationem
1920 4195 2021 4250 per

427 4282 645 4321 sacrum
680 4265 1018 4337 baptismum
1050 4267 1380 4324 faciendam.
1408 4267 1516 4323 Sed
1543 4268 1753 4338 Moyses
1793 4271 2018 4341 quidem

424 4358 756 4428 expiationis
783 4359 962 4413 solum
987 4368 1205 4430 tempus
1228 4360 1473 4416 ostendit
1500 4360 1568 4415 iis
1598 4363 1775 4432 quise
1801 4363 2021 4421 fortiter

2122 3256 2266 3311 κατὰ
2299 3257 2573 3328 δαιμόνων
2621 3259 2718 3335 καὶ
2767 3259 2960 3315 παθῶν
2994 3261 3437 3332 ἀριστεύσαντες,
3472 3265 3711 3337 ἀμώμη-

2118 3365 2201 3402 τοι
2236 3348 2535 3413 παντελῶς.
2571 3349 2645 3403 Τὸ
2678 3350 2787 3421 γὰρ
2824 3350 3047 3415 τελείως
3079 3352 3245 3421 ἀγνδν
3293 3354 3375 3418 εἰς
3407 3354 3499 3409 τὸν
3541 3356 3713 3411 αἰῶνα

2117 3441 2417 3512 τετήρηται
2478 3441 2571 3495 τὸν
2616 3436 2901 3513 μέλλοντα.
2960 3437 3035 3498 Οὗ
3106 3443 3379 3516 σύμϐολον
3421 3448 3454 3518 ὴ
3507 3448 3710 3520 ἑϐδόμη

2117 3532 2325 3604 ἡμέρα.
2361 3529 2599 3603 Ἑϐδόμη
2628 3533 2725 3605 μὲν
2750 3535 2936 3609 ἡμέρα
2970 3537 3032 3589 τὸ
3068 3536 3367 3593 Σάϐϐατονο
3407 3540 3714 3597 κατάπαυ-

2120 3639 2221 3690 σις
2253 3624 2314 3676 δὲ
2360 3622 2518 3677 τοῦτο
2558 3625 2946 3696 ἑρμηνεύεται.
2994 3627 3359 3694 Κατάπαυσις
3411 3630 3469 3685 δὲ
3527 3632 3710 3705 πάσης

2122 3718 2387 3787 ἐργασίας
2425 3719 2454 3771 6
2489 3717 2703 3789 μέλλων
2737 3716 2893 3774 αἰών.
2944 3718 3004 3774 Ὀ
3035 3719 3093 3774 δὲ
3128 3721 3227 3793 τῆς
3260 3722 3454 3794 τρίτης
3498 3723 3711 3795 ἡμέρας

2119 3808 2406 3878 άγνισμὸς,
2446 3809 2544 3880 τὴν
2582 3809 2672 3863 διὰ
2708 3809 2951 3881 Χριστοῦ
3001 3810 3460 3883 νομοθετηθεῖσαν
3506 3815 3711 3887 κάθαρ-

2122 3916 2207 3954 σιν
2244 3900 2546 3966 ύπετύπου,
2584 3900 2835 3956 δοθεῖσαν
2877 3901 3018 3957 κατὰ
3050 3903 3143 3959 τὸν
3176 3905 3359 3977 τρίτον
3396 3908 3587 3980 καιρὸν
3609 3909 3711 3979 τῆς

2119 3988 2356 4059 τριπλῆς
2395 3990 2672 4055 πολιτείας
2738 3990 2848 4045 τῶν
2897 3991 3193 4051 Ἰουδαίων.
3253 3996 3410 4051 Μετά
3454 3996 3564 4069 γάρ
3620 3997 3712 4053 τὸν

2121 4077 2311 4149 καιρὸν
2344 4077 2453 4132 τῶν
2490 4078 2781 4150 βασιλέων,
2822 4080 2918 4135 καὶ
2950 4081 3044 4138 τὸν
3064 4084 3175 4138 τῶν
3207 4085 3433 4157 κριτῶν,
3470 4087 3575 4141 ὑπὸ
3602 4086 3715 4143 τῶν

2123 4171 2429 4242 ἀρχιερέων
2480 4171 2697 4242 ἤγοντο.
2734 4172 2823 4227 Ἐν
2938 4175 3116 4248 καιρῷ
3156 4176 3254 4249 τὴν
3300 4177 3390 4232 διά
3429 4178 3525 4233 τοῦ
3566 4179 3714 4252 ἱεροῦ

2127 4261 2507 4334 βαπτίσματος
2538 4265 2568 4318 6
2601 4265 2837 4335 Χριστὸς
2870 4266 3234 4340 ἐνομοθέτησε
3256 4269 3525 4343 κάθαρσιν
3546 4289 3560 4301 ·
3597 4271 3715 4326 ἀλλ’

2123 4355 2151 4407 6
2191 4356 2291 4428 μὲν
2329 4357 2540 4429 Μωσῆς
2590 4356 2685 4415 τὸν
2719 4357 2814 4413 τοῦ
2858 4359 3130 4431 ἁγνισμοῦ
3165 4360 3359 4434 καιρὸν
3396 4363 3557 4435 μόνον
3588 4364 3714 4436 ἐδή-

425 4456 735 4519 gesserunt;
764 4448 991 4504 Eleazar
1013 4458 1199 4506 autem
1222 4450 1387 4506 etiam
1415 4452 1637 4508 modum
1665 4456 2016 4526 expiationis.

2123 4449 2266 4503 λωσε
2314 4452 2428 4513 τοῖς
2466 4447 2779 4522 ἀριστεῦσιν
2805 4468 2818 4483 ο
2873 4452 2903 4505 6
2935 4452 2992 4506 δὲ
3040 4451 3304 4524 Ἐλεάζαρ
3342 4453 3438 4507 καί¹
3486 4454 3578 4509 τὸν
3614 4456 3713 4510 τοῦ

428 4540 564 4593 Nam
614 4539 703 4593 lex
745 4539 967 4609 quidem
1002 4542 1240 4598 Mosaica
1285 4538 1542 4613 prredittit
1580 4546 1763 4601 solum
1804 4554 2017 4617 tempus

2126 4541 2399 4612 ἁγνισμοῦ
2433 4542 2654 4612 τρόπον.
2706 4539 2818 4595 Καὶ
2850 4541 2960 4615 γάρ
3000 4543 3029 4597 6
3065 4544 3168 4615 μὲν
3205 4544 3351 4599 κατὰ
3384 4545 3592 4617 Μωσῆν
3630 4548 3719 4601 νό-

426 4629 841 4700 cxpurgationis
873 4648 973 4704 per
987 4633 1293 4691 Christum.
1317 4634 1526 4692 Christi
1563 4644 1749 4692 autem
1771 4637 2017 4709 Evange-

2125 4648 2225 4701 μσς
2260 4629 2354 4684 τὸν
2394 4630 2587 4702 καιρὸν
2631 4630 2793 4701 μόνον
2826 4632 2929 4701 τῆς
2970 4628 3060 4684 διὰ
3100 4630 3339 4699 Χριστοῦ
3389 4631 3716 4702 καθάρσεως

428 4726 565 4780 lium
588 4724 834 4781 ostendit
871 4726 1038 4782 etiam
1077 4726 1304 4784 modum
1348 4730 1514 4800 hujus
1548 4728 1900 4799 expiationis.
1926 4729 2017 4785 At-

2123 4721 2524 4793 προηγόρευσε.
2563 4719 2636 4774 Τὸ
2670 4719 2727 4773 δὲ
2766 4720 2907 4775 κατά
2946 4720 3182 4791 Χριστὸν
3239 4722 3573 4793 Εύαγγέλιον
3617 4726 3719 4778 καὶ

427 4832 537 4887 que
574 4832 676 4872 nos
698 4816 923 4887 quidem
948 4834 1141 4875 sumus
1160 4821 1383 4891 captivi,
1414 4835 1554 4891 quos
1577 4819 1870 4876 duodecim
1921 4824 2017 4892 qui

2119 4813 2212 4867 τὸν
2243 4814 2445 4885 τρόπον
2476 4814 2575 4885 τῆς
2594 4814 2853 4885 τοιαύτης
2889 4812 3211 4884 καθάρσεως
3232 4814 3597 4870 ὑποδείκνυσι.
3632 4815 3720 4871 Τά

425 4923 488 4963 se
522 4906 738 4964 fortiter
767 4918 1057 4979 gesserunt
1089 4911 1347 4980 apostoli,
1378 4918 1432 4965 et
1456 4925 1648 4965 eorum
1670 4925 2017 4969 successores

2119 4906 2304 4978 μέντοι
2336 4906 2439 4976 τῆς
2472 4905 2852 4977 αἰχμαλωσίας
2887 4907 3050 4977 ἡμεῖς
3085 4906 3254 4977 ἐσμεν
3276 4921 3292 4937 ⁸
3327 4905 3425 4971 οὓς
3480 4908 3530 4960 οἰ
3586 4908 3717 4978 ἀρι-

431 5005 682 5066 pastores
702 5005 760 5051 et
783 4996 1064 5060 doctores.
1091 4998 1339 5068 captivos
1368 4998 1723 5055 abduxerunt
1742 5014 1774 5055 a
1793 5000 2016 5058 diabolo

2123 4997 2450 5061 στεύσαντες
2480 4996 2689 5052 δώδεκα
2720 4997 3013 5053 ἀπόστολοι
3054 4999 3150 5051 καὶ
3172 5000 3221 5052 οἰ
3240 4997 3472 5069 διάδοχοι
3509 4996 3722 5054 τούτων

427 5097 483 5143 et
509 5088 879 5154 daemonibus,
912 5099 969 5144 et
992 5090 1286 5159 expiarunt
1318 5089 1443 5161 igne
1475 5091 1651 5146 sancti
1686 5092 1926 5163 Spiritus
1966 5102 2017 5149 et

2123 5089 2382 5160 ποιμένες
2416 5088 2510 5143 καὶ
2530 5087 2842 5144 διδάσκαλοι
2875 5086 3310 5161 ῂχμαλὼτευσαν
3337 5087 3447 5142 ἀπὸ
3470 5088 3563 5143 τοῦ
3595 5090 3721 5145 δια-

428 5197 571 5253 aqua
601 5184 774 5239 dﬂini
796 5184 1174 5253 baptismatis:
1207 5182 1639 5255 uniuscujusque
1663 5186 1886 5255 quidem
1908 5187 2017 5242 ani-

2124 5180 2278 5234 ϐόλου
2316 5181 2409 5234 καὶ
2441 5178 2552 5232 τῶν
2587 5179 2879 5251 δαιμόνων,
2915 5180 3010 5236 καὶ
3066 5179 3404 5252 καθήγνισαν
3441 5180 3575 5249 πυρὶ
3618 5180 3719 5235 τοῦ

430 5272 594 5326 main
629 5274 860 5328 solidam
892 5282 1116 5341 accepta
1140 5275 1423 5331 materiam
1448 5284 1674 5346 propter
1701 5276 2017 5332 immortali-

2123 5274 2282 5342 ἁγίου
2312 5273 2652 5345 Πνεύματος,
2686 5273 2780 5326 καὶ
2822 5272 2977 5327 ὕδατι
3005 5273 3100 5327 τοῦ
3132 5273 3279 5327 θείου
3313 5273 3716 5345 βαπτίσματος·

429 5373 596 5419 tatem
626 5382 638 5416 :
669 5378 902 5432 corpore
933 5372 1113 5418 autem
1146 5365 1201 5419 in
1225 5366 1579 5432 imbecillam,
1617 5376 1842 5438 prepter
1866 5385 2017 5423 mor-

2129 5365 2230 5434 τῆς
2265 5366 2363 5437 μὲν
2412 5367 2646 5421 ἑκάστου
2676 5366 2853 5438 ψυχῆς
2884 5368 2963 5430 εἰς
2997 5366 3097 5436 τὴν
3122 5365 3361 5439 στερρὰν
3399 5364 3533 5434 ὓλην
3566 5364 3635 5417 λα
3650 5383 3725 5436 μ-

430 5455 718 5510 talitatem.
784 5454 943 5510 Lotio
999 5465 1184 5513 autem
1246 5461 1483 5515 vestium
1552 5470 1638 5515 est
1693 5464 2017 5531 przeparatio

2126 5458 2431 5531 ϐανομένης
2478 5460 2568 5515 διὰ
2617 5460 2716 5532 τὴν
2751 5460 3084 5515 ἀθανασίανι
3115 5460 3210 5513 τοῦ
3253 5460 3310 5513 δὲ
3351 5457 3604 5528 σώματος
3634 5458 3725 5522 εἰς

427 5544 791 5618 purgationis,
817 5561 938 5615 quae
971 5556 1055 5602 est
1084 5548 1250 5604 etiam
1294 5550 1413 5619 ipsa
1443 5550 1769 5622 expurgatio
1804 5560 2017 5608 sancto-

2126 5552 2225 5624 τὴν
2260 5553 2460 5625 ἀσθενῆ
2489 5553 2578 5609 διά
2608 5555 2668 5608 τὸ
2709 5554 2920 5626 θνητόν.
2956 5553 3161 5619 Πλύσις
3190 5553 3247 5608 δὲ
3277 5551 3388 5609 τῶν
3414 5550 3650 5625 ἱματίων
3680 5551 3720 5622 ἠ

573 5731 620 5765 ⁸⁸
645 5699 849 5791 Jereiu.
875 5749 913 5802 ι,
955 5731 1046 5805 Η,
1086 5732 1173 5800 12.
1251 5733 1299 5767 ⁸⁸
1327 5735 1491 5792 Num.
1518 5747 1669 5801 χχχι,
1700 5733 1725 5788 1
1756 5745 1912 5805 seqq.
