4076 6434
447 301 602 360 1939

1828 294 2346 356 οοιωετΑΝεΑ.

3567 297 3698 354 1230

446 419 770 493 παρασκευὴ
801 419 900 490 τῆς
930 418 1273 489 καθάρσεως,
1303 417 1337 489 ἢ
1377 419 1472 473 καὶ
1503 398 1645 488 αὐτή
1680 416 1715 487 ἡ
1747 415 2016 485 κάθαρσις

2132 429 2263 469 rum.
2301 415 2341 468 Ii
2367 415 2517 471 enim
2566 424 2696 470 sunt
2730 414 3056 470 vestimenta
3096 413 3322 478 Christi,
3372 428 3510 484 quos
3559 429 3696 484 quo-

445 511 557 564 τῶν
589 510 780 579 ἀγίων.
814 502 972 564 Οὗτοι
1014 510 1123 580 γὰρ
1167 509 1356 580 ἱμάτια
1425 509 1564 562 κατά
1620 505 1887 578 Χριστὸν,
1930 503 2024 567 οὓς

445 600 648 672 τρόπον
679 605 802 652 τινά
830 599 1238 668 περιϐάλλεται,
1269 599 1496 652 ἐνοικῶν
1535 597 1743 660 αὐτοῖς.

517 690 642 742 Τῶν
700 688 956 760 λαφύρων
1008 689 1104 757 τῆς
1166 689 1558 760 αίχμαλὼσεως
1596 685 2026 758 διανεμηθέντων

452 781 536 842 εἷς
565 797 626 833 τε
652 781 780 843 τοὺς
805 781 1044 851 ἀριστεῖς
1068 780 1160 833 καὶ
1179 782 1258 842 είς
1276 779 1372 850 τήν
1397 779 1560 850 ἀλλην
1587 776 1905 847 συναγωγὴν
1931 775 2025 830 τοῦ

449 869 600 934 λαοῦ,
633 869 966 940 προσέταξεν
984 873 1012 923 ὁ
1043 872 1176 932 Θεὸς
1208 867 1510 922 ἀποδιελεῖν
1536 865 1613 936 τῷ
1637 865 1756 935 Θεῷ
1789 865 1885 918 καλ⁸
1910 866 2024 926 τοῖς

449 961 713 1023 Λευίταις
741 960 932 1030 μοίρας
961 960 1070 1014 ἀπὸ
1095 961 1194 1030 τῆς
1219 957 1616 1030 αἰχμαλωσίας,
1647 956 1712 1010 ἐκ
1725 973 1784 1008 τε
1815 952 2027 1025 ἀνθρὼσ

447 1069 604 1114 πων,
667 1051 760 1104 καὶ
791 1052 858 1103 ὲκ
913 1050 1291 1120 τετραπόδων⁹
1354 1049 1449 1102 καὶ
1489 1047 1614 1110 τοὺς
1643 1047 1742 1117 μὲν
1785 1045 2026 1116 ἀριστεῖς

449 1142 823 1211 προσαγαγεῖν
861 1139 940 1210 τῷ
993 1139 1136 1210 Θεῷ,
1170 1142 1237 1194 ὲκ
1283 1138 1656 1193 πεντακοσίων
1689 1137 1774 1190 ἓν·
1827 1135 1919 1189 τὸν
1967 1135 2026 1188 δὲ

450 1227 636 1282 λοιπὸν
659 1227 788 1281 λαὸν
812 1229 1181 1298 προσαγαγεῖν
1201 1229 1313 1292 τοῖς
1333 1229 1609 1292 Λευίταις,
1629 1228 1692 1279 ἐκ
1725 1227 2023 1294 πεντήκονο

450 1336 519 1373 τα
551 1320 630 1374 ἓν.
667 1320 730 1372 Oi
763 1319 861 1391 μὲν
894 1319 1002 1390 γὰρ
1029 1318 1185 1387 ὀλίγα
1212 1317 1428 1388 ἔχοντες
1441 1319 1836 1390 ἁμαρτήματα,
1869 1317 2025 1385 ὀλίγα

449 1408 771 1478 ὀφείλουσιν.
803 1409 868 1463 Oi
886 1409 944 1462 δὲ
977 1408 1218 1462 πλείοσιν
1242 1407 1535 1463 ὑπεύθυνοι
1563 1409 2022 1480 πλημμελήμασι,

451 1501 670 1564 πάντως
702 1499 941 1553 πλείονα.
976 1501 1170 1553 Καίτοι
1211 1501 1272 1554 ἐν
1305 1501 1374 1572 τῇ
1416 1500 1644 1570 διανομῇ
1673 1500 1723 1553 oi
1769 1499 1868 1570 μὲν
1901 1500 2024 1570 ἀρι-

453 1593 599 1655 στεῖς
630 1591 803 1660 μόνοι,
822 1591 889 1644 τὸ
917 1591 1089 1660 ἥμισυ
1122 1590 1220 1660 τῆς
1251 1591 1381 1661 ὸλης
1403 1591 1781 1661 αίχμαλωσίας
1809 1589 2021 1644 ἔλαϐον*

452 1684 488 1754 ή
523 1683 580 1736 δὲ
615 1681 752 1752 ἀλλη
791 1678 1084 1748 συναγωγὴ
1117 1681 1289 1745 πᾶσα,
1317 1680 1377 1734 τὸ
1408 1680 1604 1750 ἥμισυ.
1638 1681 1764 1744 Τοῖς
1794 1680 1904 1750 γάρ
1932 1681 2023 1734 εὐ-

2127 503 2420 560 dammodo
2441 503 2638 569 induit,
2669 505 2724 559 in
2751 505 2882 573 ipsis
2906 505 3238 560 inhabitans.

2195 681 2544 753 Captivitatis
2569 682 2757 754 spoliis
2777 683 2965 739 divisis
2986 685 3129 739 inter
3156 701 3252 742 eos
3273 685 3366 754 qui
3402 700 3460 740 se
3481 685 3698 740 fortiter

2125 783 2415 845 gesserunt
2444 781 2500 829 et
2521 774 2662 828 inter
2698 774 2866 828 alium
2905 775 3092 844 populi
3116 783 3340 840 coetum,
3363 775 3528 846 jussit
3552 776 3700 831 Deus

2126 866 2374 922 dividere
2408 867 2521 922 D'eo
2541 876 2599 922 et
2618 867 2832 922 Levitis
2869 875 3082 938 partem
3124 884 3193 922 ex
3225 870 3562 939 captivitate,
3585 880 3696 927 tam

2125 973 2193 1012 ex
2217 957 2552 1021 hominibus,
2575 972 2740 1027 quam
2759 972 2825 1012 ex
2858 957 3327 1027 quadrupedibus,
3364 966 3420 1014 et
3452 974 3549 1014 eos
3575 958 3700 1030 qui-

2125 1046 2252 1100 dem
2277 1045 2372 1116 qui
2403 1061 2462 1101 se
2490 1045 2706 1101 fortiter
2725 1054 3010 1117 gesserant
3040 1046 3153 1102 Deo
3182 1045 3408 1110 offerre,
3431 1060 3499 1102 ex
3531 1046 3694 1115 quin-

2125 1135 2305 1207 gentis
2356 1136 2583 1211 quidem
2631 1152 2801 1191 unum
2838 1136 3152 1206 :reliquum
3205 1143 3387 1191 autem
3435 1137 3697 1206 populum

2124 1225 2326 1282 offerre
2368 1224 2598 1292 Levitis,
2630 1241 2697 1282 ex
2733 1225 3130 1296 quinquaginta
3174 1240 3365 1280 unum.
3406 1226 3542 1280 Nam
3599 1227 3697 1296 qui

2125 1331 2299 1387 pauca
2322 1316 2548 1387 quidem
2592 1316 2797 1371 habent
2836 1322 3080 1386 peccata,
3123 1329 3298 1384 pauca
3332 1312 3556 1368 debent.
3592 1314 3697 1382 Qui

2124 1414 2252 1462 sunt
2275 1414 2459 1460 autem
2484 1405 2735 1475 pluribus
2771 1404 2987 1460 delictis
3023 1402 3268 1468 obnoxii,
3313 1403 3474 1474 plane
3515 1403 3691 1472 plura.

2125 1498 2289 1568 Atqui
2314 1499 2370 1552 in
2393 1497 2800 1562 distributione,
2828 1497 2933 1550 viri
2961 1496 3183 1567 quidem
3204 1495 3376 1551 fortes
3398 1495 3500 1550 soli
3533 1509 3692 1552 acce-

2125 1597 2326 1659 perunt
2345 1588 2634 1643 dimidium
2669 1588 2917 1643 omnium
2947 1587 3322 1658 captivorum,
3349 1585 3491 1640 alius
3513 1595 3698 1641 autem

2130 1678 2422 1732 universus
2437 1678 2620 1748 populi
2646 1686 2844 1742 ccetus,
2867 1677 3178 1732 dimidium.
3198 1677 3335 1732 Nam
3365 1675 3700 1746 probatiori-

451 1741 838 1845 δοκιμαηέροις
897 1741 1123 1825 πλείονα
1179 1741 1496 1842 χαρίσματα
1551 1741 1765 1824 δίδωσιν
1806 1741 2024 1835 ὸΘεός.

2132 1767 2234 1820 bus
2262 1741 2486 1835 quidem
2509 1741 2664 1820 Deus
2697 1766 2792 1820 dat
2830 1741 3004 1836 plura
3039 1741 3390 1821 charismata:
3436 1764 3544 1822 Sed
3594 1765 3699 1820 viri

464 1863 604 1917 Ἀλλ’
637 1864 688 1916 οί
726 1862 825 1932 μὲν
859 1860 1099 1933 ἀριστεῖς
1119 1860 1197 1929 τῷ
1225 1859 1346 1930 Θεῷ
1379 1861 1714 1930 προσάγουσι
1749 1861 1810 1913 τὸ
1843 1859 2023 1930 λάχος,

453 1958 490 2024 ἡ
544 1954 604 2008 δὲ
651 1952 813 2024 λοιπὴ
860 1951 1150 2022 συναγωγὴ
1192 1953 1303 2014 τοῖς
1348 1951 1633 2017 Λευίταις,
1680 1951 1756 2015 ὡς
1791 1953 2026 2023 είρηται.

454 2046 565 2098 Καὶ
614 2045 725 2114 γὰρ
774 2043 824 2096 oi
877 2043 975 2114 μὲν
1008 2040 1430 2112 εὐδοκιμώτεροι
1481 2042 1703 2112 ἀμέσως
1753 2059 2030 2112 καρποφο-

457 2132 612 2205 ροῦσι
643 2132 722 2204 τῷ
754 2131 874 2202 Θεῷ
922 2131 992 2185 τά
1026 2130 1234 2184 ἑαυτῶν
1271 2130 1700 2203 κατορθώματα’
1735 2133 1785 2184 oi
1818 2131 1874 2184 δὲ
1912 2130 2030 2201 μετ’

455 2223 697 2286 ἐκείνους
751 2221 1048 2291 εὐδόκιμοι,
1095 2220 1186 2276 διὰ
1237 2220 1420 2289 μέσων
1489 2221 1597 2273 τῶν
1659 2220 2031 2289 ἀνακειμένων

455 2313 574 2384 Θεῷ
620 2312 792 2381 ἁγίων
843 2311 1214 2383 δωροφοροῦσι
1251 2309 1390 2380 Θεῷ,
1426 2313 1540 2374 τοῖς
1579 2311 2030 2383 προσεδρεύουσιν

456 2403 605 2474 αὐτῷ
658 2403 730 2457 τὰ
784 2403 922 2475 πρὸς
979 2402 1077 2474 τὴν
1143 2403 1334 2474 χρείαν
1398 2405 1747 2474 παρέχοντες,
1785 2403 1879 2456 καὶ
1913 2407 2030 2468 ταῖς

457 2495 639 2565 ἁγίαις
683 2493 1031 2563 Ἐκκλησίαις
1062 2494 1499 2565 ἐπικουροῦντες.
1547 2494 1706 2548 Ἀλλά
1739 2493 1906 2548 ταῦτα
1935 2494 2033 2564 μὲν

458 2592 522 2642 ὲκ
554 2589 701 2641 θείου
749 2585 1194 2657 προστάγματος.
1219 2585 1447 2639 Οἴκοθεν
1477 2586 1534 2639 δὲ
1569 2588 1662 2639 καὶ
1697 2588 1788 2656 ἀφ’
1826 2586 2033 2639 ἑαυτῶν

459 2683 506 2734 οί
542 2681 652 2735 τῶν
685 2679 951 2751 ἀριστέων
995 2677 1366 2748 ἀφηγούμενοι
1399 2679 1746 2750 προσήγαγον
1804 2677 1881 2747 τῷ
1916 2676 2034 2746 Θεῷ

459 2772 694 2841 χρυσοῦς
744 2771 994 2842 χλιδὸνας
1042 2771 1140 2824 καὶ
1193 2771 1404 2840 ψέλλια,
1464 2773 1559 2826 καὶ
1615 2771 1899 2834 δακτύλια,
1937 2772 2034 2825 καὶ

463 2860 762 2930 περιδέξια,
807 2861 903 2912 καὶ
950 2859 1241 2930 ὲμπλόκια.
1280 2862 1344 2913 Οί
1380 2860 1486 2930 γὰρ
1557 2861 1614 2914 ἐν
1649 2860 1870 2933 Χριστῷ
1905 2860 2036 2913 καθ-

459 2953 752 3023 ιιγούμενοι
783 2952 878 3007 τοῦ
913 2951 1045 3006 λαοῦ
1105 2951 1202 3006 καὶ
1262 2953 1588 3023 προῦχοντες
1649 2952 2036 3024 ὑπερϐαίνουσι

2129 1857 2352 1928 quidem
2380 1856 2548 1912 fortes
2578 1855 2689 1912 Deo
2711 1867 2914 1913 sortem
2935 1855 3174 1912 oiierunt
3205 1873 3217 1909 :
3249 1856 3494 1926 reliquus
3516 1865 3699 1911 autem

2130 1949 2317 2019 pepuli
2341 1958 2536 2012 enatus,
2567 1949 2792 2013 Levitis,
2830 1957 2890 2002 ut
2922 1948 3129 2002 dictum
3153 1955 3256 2002 est.
3281 1947 3416 2000 Nam
3441 1946 3535 2015 qui
3572 1956 3702 2001 sunt

2129 2039 2349 2107 quidem
2370 2039 2729 2108 probatiores,
2756 2037 2892 2092 citra
2915 2037 3152 2090 medium
3173 2036 3282 2090 Deo
3309 2033 3549 2090 offerunt
3581 2050 3701 2104 quae

2129 2147 2160 2184 a
2187 2146 2244 2184 se
2271 2139 2417 2186 recte
2439 2130 2578 2184 facta
2599 2139 2746 2184 sunt.
2776 2129 2877 2194 Qui
2901 2137 3026 2199 post
3055 2129 3176 2183 illos
3208 2135 3392 2182 autem
3416 2135 3544 2181 sunt
3575 2143 3701 2195 pro-

2130 2221 2267 2288 bati,
2317 2237 2416 2290 per
2439 2236 2535 2275 eos
2557 2220 2912 2274 intermedios
2935 2229 3154 2274 sanctos
3181 2217 3273 2287 qui
3302 2217 3412 2271 Deo
3445 2227 3575 2272 sunt
3601 2216 3702 2270 de-

2131 2311 2320 2374 dicati,
2349 2312 2460 2365 Deo
2490 2311 2632 2364 dona
2665 2309 2922 2374 offerunt,
2953 2310 3020 2364 iis
3047 2307 3140 2378 qui
3162 2308 3261 2378 ipsi
3290 2308 3533 2362 assident
3556 2323 3697 2376 prm—

2133 2404 2328 2458 bentes
2358 2419 2421 2457 ea
2445 2419 2566 2472 quae
2594 2410 2723 2457 sunt
2751 2402 2894 2467 usui,
2923 2410 2978 2456 et
3014 2401 3222 2456 sanctis
3259 2415 3418 2468 opem
3463 2400 3702 2454 ferentes

2133 2494 2413 2549 Ecclesiis.
2445 2493 2548 2549 Sed
2583 2495 2699 2548 haec
2724 2493 2945 2562 quidem
2978 2507 3044 2546 ex
3077 2491 3172 2547 Dei
3198 2500 3489 2561 praecepto.
3518 2492 3561 2546 Ε
3599 2492 3700 2546 do-

2135 2601 2224 2639 mo
2261 2594 2446 2639 autem
2476 2599 2573 2640 sua
2601 2592 2657 2638 ct
2692 2599 2721 2637 a
2752 2583 2968 2653 seipsis,
2991 2583 3236 2637 virorum
3275 2581 3501 2636 fortium
3533 2581 3704 2637 duces

2135 2679 2244 2732 Deo
2277 2677 2597 2731 obtulerunt
2633 2675 2896 2738 armillas,
2944 2681 3187 2745 torques,
3226 2673 3472 2738 monilia,
3523 2689 3700 2727 annu-

2135 2770 2238 2834 los,
2287 2777 2342 2824 et
2383 2767 2701 2824 brachialia.
2733 2765 2867 2820 Nam
2903 2766 2997 2834 qui
3023 2766 3079 2819 in
3103 2764 3321 2820 Christo
3357 2775 3486 2820 sunt
3515 2765 3702 2834 populi

2137 2859 2310 2915 duces
2343 2867 2400 2914 et
2446 2859 2728 2929 prmsidcs,
2775 2856 2829 2914 in
2867 2863 3014 2916 recte
3060 2859 3222 2916 factis
3268 2875 3415 2932 smpc
3445 2865 3708 2932 superant

2137 2957 2409 3019 praecepta
2425 2950 2759 3020 evangelica,
2781 2959 2843 3004 ut
2865 2951 2956 3019 qui
2987 2965 3054 3005 ex
3078 2967 3136 3006 se
3162 2961 3456 3006 exerceant
3481 2953 3706 3023 virgini-

461 3042 722 3104 πολλάκις
754 3042 851 3105 τάς
890 3041 1251 3110 εὐαγγελικὸκ
1294 3041 1514 3104 ὲντολάς
1550 3041 1631 3104 είς
1669 3040 2032 3111 κατορθώμα-

2139 3050 2302 3096 tatem
2331 3056 2454 3110 qua:
2485 3057 2594 3096 non
2615 3049 2700 3096 est
2739 3043 2856 3112 lege
2879 3043 3119 3108 decreta,
3143 3052 3198 3097 et
3234 3043 3340 3098 alia
3372 3045 3704 3116 hujusmodi.

462 3150 554 3197 τα,
585 3131 881 3207 παρθενίαν
921 3132 1132 3185 οἴκοθεν
1181 3131 1592 3203 ἐπιτηδεύοντες
1655 3131 1752 3203 τὴν
1787 3132 1861 3202 μὴ
1897 3148 2038 3185 νενο-

469 3223 863 3296 μοθετημένην,
898 3225 992 3277 καὶ⁵
1025 3224 1160 3278 ἀλλα
1191 3223 1435 3280 τοιαῦτα.
1468 3226 1579 3279 Καὶ
1627 3225 1735 3296 γὰρ
1770 3225 1864 3277 καὶ
1899 3224 2036 3277 Παῦε

463 3312 553 3377 λος
584 3313 893 3378 κελευσθεὶς
925 3313 1036 3368 ἀπὸ
1063 3315 1158 3368 τοῦ
1201 3315 1537 3383 Εὐαγγελίου
1568 3313 1883 3386 τρέφεσθαι,
1916 3316 2040 3378 ταῖς

467 3404 620 3467 ίδίαις
673 3405 932 3476 ἐτρέφετο
983 3405 1155 3476 χερσί.
1193 3406 1292 3460 Διά
1332 3407 1390 3460 δὲ
1421 3407 1530 3459 τῶν
1567 3405 2037 3478 ἀπηριθμημένων

466 3493 684 3564 χρυσῶν
719 3494 950 3559 σκευῶν,
986 3495 1056 3547 τά
1089 3496 1321 3566 διάφορα
1378 3497 1478 3565 τῆς
1533 3493 1721 3563 τιμίας
1756 3492 1852 3547 καὶ
1900 3492 2036 3561 λαμ-

463 3586 739 3657 προτάτης
795 3586 995 3657 ἀρετῆς
1043 3585 1158 3656 εἴδη
1222 3585 1674 3656 ὑποσημαίνεται.
1741 3585 1928 3638 Ταῦτα
1979 3584 2038 3637 δὲ

463 3675 644 3730 πάντα
677 3677 758 3739 είς
781 3676 880 3746 τὴν
917 3677 1124 3746 σκηνήν
1143 3674 1236 3728 τοῦ
1273 3674 1410 3729 Θεοῦ
1447 3676 1799 3746 είσήχθησαν,
1841 3675 2032 3746 φησὶν,

464 3769 544 3830 είς
598 3768 942 3839 μνημόσυνον
994 3769 1196 3822 αὐτῶν.
1235 3767 1316 3822 Τά
1353 3767 1463 3838 γὰρ
1496 3767 1721 3821 τοιαῦτα
1759 3765 2036 3838 κατορθώ⁹

468 3875 617 3928 ματα
663 3859 774 3914 τῶν
814 3859 986 3927 ἁγίων
1043 3862 1109 3930 τῇ
1155 3859 1453 3929 Ἐκκλησία
1488 3855 1910 3930 θησαυρίζονται
1943 3855 2038 3908 κό-

467 3971 624 4024 σμος,
661 3951 742 4013 είς
786 3948 1130 4020 μνημόσυνον
1178 3947 1286 4001 τῶν
1336 3947 1817 4019 κατορθωσάντων.
1878 3945 2039 3999 ’Λλλά

467 4046 564 4116 καὶ
620 4045 712 4098 ὅτε
769 4043 804 4112 ή
841 4039 1018 4110 σκηνὴ
1071 4039 1336 4112 πρότερον
1373 4037 1827 4104 κατεσκευάζετο,
1865 4054 2038 4108 προσ-

470 4132 624 4197 έταξε
661 4131 759 4202 μὲν
777 4130 806 4181 ὁ
836 4127 968 4191 Θεὸς
995 4127 1429 4198 ὲπισκοπηθῆναι
1459 4128 1549 4182 τὸν
1575 4129 1704 4182 λαόν
1723 4143 1739 4160 ⁸
1758 4128 1852 4182 καὶ
1871 4145 2039 4199 προσ-

470 4225 697 4291 αγαγεῖν
767 4221 995 4273 ἕκαστον
1029 4220 1232 4290 ἄρσενα
1263 4217 1340 4286 τῷ
1383 4219 1522 4290 Θεῷ,
1555 4220 1662 4272 άπὸ
1696 4220 2039 4284 είκοσαετοῦς

470 4314 566 4368 καὶ
592 4312 775 4367 ἐπάνω
800 4311 861 4366 τὸ
887 4312 1059 4382 ἥμισυ
1101 4311 1195 4362 τοῦ
1225 4309 1542 4380 διδράχμου.
1571 4311 1632 4363 Οί
1677 4311 1735 4363 δὲ
1779 4312 2040 4382 ἄρχοντες
2070 4315 2073 4322 “

2137 3131 2337 3184 Paulus
2363 3130 2511 3184 enim
2535 3130 2724 3200 jussus
2757 3131 2828 3184 ali
2851 3146 2919 3186 ex
2959 3131 3283 3201 Evangelio,
3323 3134 3562 3203 propriis
3599 3135 3709 3189 alc-

2137 3223 2299 3276 batur
2322 3222 2594 3276 manibus.
2630 3223 2734 3278 Per
2771 3232 3091 3278 enumerata
3123 3233 3306 3279 autem
3346 3240 3471 3278 vasa
3516 3241 3704 3291 aurea,

2135 3314 2512 3385 significantur
2543 3315 2758 3370 diversa
2782 3329 2981 3384 genera
3005 3315 3325 3369 veneranda-
3355 3325 3410 3370 et
3435 3318 3708 3386 praeclara:

2136 3405 2372 3460 virtutis.
2398 3405 2524 3460 iltec
2545 3412 2728 3459 autem
2762 3405 2966 3468 omnia,
2993 3405 3190 3474 inquit,
3229 3415 3360 3461 sunt
3395 3406 3703 3462 introducta

2137 3496 2192 3552 in
2225 3495 2321 3550 Dei
2351 3495 2701 3550 tabernacula
2727 3496 2792 3550 ad
2815 3511 3010 3550 eorum
3036 3496 3434 3552 monimentum
3451 3499 3516 3551 ⁹¹.
3545 3499 3702 3570 Ejus-

2137 3588 2284 3643 modi
2321 3587 2470 3642 cnim
2512 3597 2660 3641 recte
2699 3587 2842 3641 facta
2877 3597 3195 3642 sanctorum
3245 3587 3416 3644 instar
3460 3590 3704 3644 thesauri

2137 3677 2515 3734 reconduntur
2555 3685 2940 3732 ornamentum
2986 3678 3265 3742 Ecclesize,
3303 3678 3370 3732 ad
3400 3680 3707 3734 monimen-

2136 3779 2254 3824 tum
2286 3785 2480 3826 eorum
2503 3770 2680 3839 quise
2705 3779 2854 3823 recte
2894 3779 3204 3838 gesserunt.
3247 3769 3354 3824 Sed
3389 3778 3446 3825 et
3489 3772 3709 3840 quando

2138 3858 2552 3914 tabernaculum
2591 3859 2747 3927 prius
2781 3859 3244 3925 constituebatur,
3283 3859 3446 3928 jussit
3487 3861 3705 3929 quidem

2136 3953 2284 4007 Deus
2314 3949 2526 4005 visitari
2554 3964 2619 4004 ac
2646 3949 2920 4004 recenseri
2953 3950 3244 4019 populum:
3272 3957 3326 4004 et
3351 3965 3710 4018 unumquem—

2137 4058 2245 4114 que
2288 4041 2592 4097 masculum
2635 4039 2834 4094 offerre
2863 4039 2977 4094 Deo
3004 4055 3034 4093 a
3063 4039 3257 4110 viginti
3293 4054 3467 4094 annos
3499 4050 3629 4094 nato
3652 4050 3709 4093 et

2137 4148 2301 4204 supra
2328 4133 2615 4188 dimidium
2632 4130 2960 4186 didrachmi.
2990 4130 3268 4199 Principes
3289 4138 3470 4185 autem
3495 4146 3525 4184 c
3545 4131 3706 4185 domo

2137 4233 2238 4278 eta
2263 4239 2320 4280 se
2345 4223 2649 4278 on‘erehant
2669 4221 3182 4292 pretiososlapides,
3205 4230 3260 4274 et
3281 4221 3460 4275 oleum
3491 4223 3708 4276 unctio—

2138 4318 2246 4380 nis,
2274 4323 2331 4369 et
2354 4314 2810 4385 compositionem
2842 4311 3229 4384 thymiamatis.
3272 4311 3447 4381 Atque
3496 4313 3709 4381 lapides

469 4404 680 4458 οἴκοθεν
727 4404 823 4476 καὶ
870 4403 964 4471 ἀφ’
993 4401 1202 4454 ἑαυτῶν
1252 4401 1601 4470 προσήγαγον
1651 4403 1778 4464 τοὺς
1826 4402 2033 4472 τιμίους

2141 4407 2365 4477 quidem
2410 4405 2574 4460 electi
2623 4413 2753 4459 sunt
2794 4405 2898 4475 ipsi
2941 4403 3102 4458 electi
3133 4403 3302 4458 duces
3334 4403 3706 4458 Ecelesiarum

467 4495 671 4560 λίθους,
713 4493 806 4548 καὶ
843 4493 903 4546 τὸ
947 4492 1122 4546 ἔλαιον
1159 4493 1257 4564 τῆς
1279 4493 1533 4563 χρίσεως,
1567 4492 1662 4545 καὶ
1693 4493 1792 4564 τὴν
1821 4493 1915 4546 τοῦ
1942 4494 2036 4547 θυ-

475 4584 746 4655 μιάματος
794 4582 1062 4636 σύνθεσιν.
1097 4582 1250 4635 Λίθοι
1292 4582 1388 4652 μὲν
1433 4577 1527 4634 οὖν
1565 4581 1757 4650 τίμιοι,
1790 4581 1944 4635 αὐτοὶ
1988 4583 2037 4635 oi

471 4673 718 4728 ἐκλεκτοὶ
734 4673 972 4744 καθηγού
982 4690 1129 4742 μενοι
1161 4672 1270 4726 τῶν
1296 4671 1634 4740 Ἐκκλησιῶν
1661 4670 1756 4724 τοῦ
1774 4674 1818 4725 Χ
1826 4674 2035 4744 ριστοῦ,

470 4766 559 4819 διὰ
585 4766 646 4819 τὸ
677 4766 902 4837 στερῤὸν
939 4765 1034 4818 καὶ
1081 4763 1320 4835 καθαρὸν
1358 4764 1450 4817 καὶ
1478 4763 1729 4834 λαμπρὸν
1757 4765 1854 4817 καὶ
1899 4765 2036 4836 πρὸς

468 4851 596 4916 τοὺς
624 4851 817 4914 ἄλλους
847 4849 1249 4921 διαφορώτατον
1272 4865 1286 4881 ο
1314 4851 1442 4920 περὶ
1463 4845 1538 4905 ὧν
1561 4852 1774 4924 εἴρηται
1802 4851 1880 4922 τῷ
1904 4870 2037 4924 προ-

471 4941 640 5014 φήτῃ,
676 4941 758 4993 ὅτι
801 4957 820 4991 ι
851 4939 1003 4993 Λίθοι
1057 4939 1332 4994 κυλίονται
1381 4941 1475 4994 ἐπὶ
1522 4941 1622 5010 τῆς
1668 4945 1790 5013 γῆς,
1821 4962 1839 4994 ι
1881 4945 1944 4996 Οἱ
1992 4943 2037 4996 δ’

469 5029 624 5082 αὐτοὶ
651 5030 746 5083 καὶ
762 5029 937 5083 ἔλαιον
969 5029 1244 5098 βασιλικόν
1266 5047 1322 5082 τε
1353 5031 1444 5084 καὶ
1477 5032 1768 5103 ἱερατικὸν,
1791 5035 1852 5086 οὐ
1884 5035 2039 5101 μόνον

471 5120 688 5189 χύοντες
824 5119 1092 5192 χρίοντες]
1136 5119 1373 5187 βασιλεῖς
1413 5123 1505 5175 καὶ
1541 5124 1724 5194 ἱερεῖς,
1772 5124 1910 5178 ἀλλὰ
1947 5126 2040 5179 καὶ

476 5210 779 5276 πιαίνοντες
819 5209 917 5272 τὰς
962 5209 1139 5280 ψυχάς
1179 5211 1476 5280 πανσόφοις
1508 5211 1898 5281 διδασκαλίαις,
1947 5216 2040 5268 καὶ

477 5298 947 5369 καθιλαρύνοντες.
1003 5301 1065 5352 Oi
1114 5300 1263 5353 αὐτοὶ
1315 5302 1372 5354 δὲ
1414 5303 1508 5356 καὶ
1553 5303 1805 5374 θυμίαμα
1827 5307 1915 5360 διά
1941 5308 2040 5379 τὴν

471 5390 699 5443 εὐωδίαν
735 5391 842 5443 τῶν
889 5391 1101 5461 ἀρετῶν
1125 5408 1138 5420 ·
1183 5392 1436 5448 σύνθετον
1476 5395 1533 5448 δὲ
1565 5396 1641 5460 ὡς
1691 5399 1754 5450 ἐκ
1792 5399 2040 5466 πράξεως

473 5482 566 5536 καὶ
595 5482 824 5552 Θεωρίας
849 5478 1250 5549 εὐωδιάζοντες.
1287 5486 1422 5555 Περὶ
1453 5485 1554 5555 μέν
1582 5505 1663 5540 τοι
1691 5489 1797 5542 τῶν
1821 5493 2041 5545 εἰκοσα-

470 5572 606 5625 ετῶν
637 5573 730 5626 καὶ
757 5559 964 5637 ἐπάνω,
1007 5577 1415 5646 προειρήκαμεν
1446 5577 1501 5628 ἐν
1526 5581 1639 5640 τοῖς
1685 5581 2034 5650 προλαϐοῦσι.

540 5684 584 5715 θ’
615 5683 774 5738 Num.
807 5699 953 5749 uxr,
981 5685 1068 5740 55.
1151 5686 1194 5717 θ’
1225 5685 1662 5753 Zacliar.rx,16.

2135 4497 2362 4562 Christi,
2387 4505 2681 4567 propterea
2718 4495 2865 4565 quod
2885 4495 2996 4550 sint
3029 4495 3189 4549 solidi
3215 4504 3270 4549 ct
3302 4493 3425 4564 puri
3447 4503 3502 4550 et
3528 4495 3709 4564 Splen-

2135 4589 2272 4655 didi,
2301 4597 2357 4644 et
2385 4588 2508 4642 aliis
2551 4587 2988 4643 excellentiores.
3025 4587 3100 4640 De
3145 4587 3348 4656 quibus
3391 4586 3599 4641 dictum
3623 4596 3709 4642 est

2136 4695 2234 4749 per
2262 4677 2632 4748 prophetam:
2666 4696 2683 4728 ι
2727 4677 2964 4748 Lapides
3018 4677 3315 4732 volvuntur
3354 4693 3520 4748 super
3594 4687 3708 4733 ter-

2135 4785 2251 4824 ram
2276 4771 2344 4824 ".
2385 4788 2403 4821 ι
2435 4769 2605 4824 fidem
2635 4775 2818 4824 autem
2862 4777 2991 4824 sunt
3017 4769 3201 4824 oleum
3237 4769 3416 4839 regale
3446 4779 3502 4823 et
3525 4785 3708 4824 sacer-

2135 4861 2339 4927 dotale,
2375 4876 2486 4916 non
2509 4862 2686 4916 solum
2704 4869 2973 4932 tingentes
3006 4877 3164 4931 reges
3185 4861 3587 4923 etsaccrdotes,
3610 4861 3707 4914 sed

2135 4954 2300 5008 etiam
2347 4953 2772 5022 sapientissimis
2823 4952 3093 5007 doctrinis
3141 4949 3606 5020 pingnefacientcs
3652 4959 3708 5003 et

2134 5042 2722 5097 exhilarantesanimas
2753 5041 2922 5096 Iidem
2940 5050 3122 5094 autem
3147 5038 3451 5092 suntcliam
3475 5037 3714 5106 thymia-

2137 5150 2245 5198 ma,
2279 5142 2503 5204 propter
2532 5133 2738 5186 bonum
2758 5133 2982 5186 odorem
3016 5132 3300 5183 virtutum.
3331 5127 3703 5196 Compositum

2137 5235 2342 5288 autem,
2385 5234 2445 5279 ut
2473 5227 2566 5294 qui
2615 5226 2898 5279 redoleant
2931 5239 2996 5275 ex
3030 5221 3243 5274 actione
3275 5230 3330 5273 et
3364 5220 3704 5291 contempla-

2137 5319 2304 5371 tione.
2344 5319 2418 5370 De
2452 5317 2644 5388 viginti
2674 5326 2855 5369 autem
2890 5328 3060 5366 annos
3087 5310 3225 5366 natis
3249 5319 3301 5366 et
3338 5326 3522 5382 supra,
3548 5311 3704 5383 prius

2137 5408 2377 5462 diximus
2406 5409 2459 5462 in
2486 5407 2552 5460 iis
2573 5421 2693 5474 quzc
2716 5411 3134 5474 prateesserunt.
