4076 6482
409 372 541 428 1231

1616 368 1673 435 s.
1710 365 1985 423 CYRILLI
2023 364 2112 420 ET
2150 365 2459 426 ALIORUM

3518 369 3661 426 i252

483 479 891 549 Cumjunicnta
942 474 1154 528 alerent
1180 476 1273 546 qui
1306 484 1463 530 erant
1506 492 1536 530 e
1573 476 1722 531 tribu
1766 476 1985 538 Ruben,

2164 478 2539 550 κτηνοτρόφοι
2578 479 2730 546 ὄντες
2758 483 2808 535 oi
2840 481 2936 551 τῆς
2975 482 3151 553 φυλῆς
3187 482 3459 553 Ῥουϐεὶμ,
3487 488 3583 541 καὶ
3605 485 3659 542 oi

411 581 465 624 et
485 570 578 639 qui
615 576 821 622 eraute
850 565 995 619 trib:
1027 564 1163 629 Gad,
1204 575 1494 635 postquam
1523 565 1783 621 viderunt
1810 566 1989 636 regio-

413 675 536 715 nem
559 667 739 727 aptam
765 658 831 711 ad
856 656 1050 711 alenda
1083 672 1301 726 pecora,
1333 666 1458 711 ante
1481 656 1800 722 Iordanem,
1832 658 1900 712 ab
1923 672 1989 711 ea

410 748 559 816 capti
590 756 739 810 sunt,
774 756 831 800 et
856 753 1120 816 rogarunt
1152 745 1379 816 Moysen
1429 756 1489 800 ut
1513 762 1636 801 eam
1674 746 1990 816 acciperent

414 837 471 889 in
496 845 724 890 sortem.
749 835 1024 890 Irascente
1053 843 1235 888 autem
1259 841 1315 887 et
1345 835 1561 904 probris
1574 850 1672 890 eos
1699 843 1990 905 appetente

406 928 617 998 Moyse,
664 926 895 996 polliciti
948 934 1097 989 sunt,
1135 925 1182 980 si
1218 940 1342 981 eam
1374 927 1713 997 accipereut,
1750 942 1808 981 se
1833 943 1989 982 suam

404 1016 819 1086 supellectilem
881 1016 958 1070 ibi
986 1015 1302 1081 relicturos,
1333 1025 1573 1072 armatos
1592 1026 1775 1072 autem
1795 1018 1989 1073 Jorda-

412 1122 540 1162 nem
583 1107 1027 1171 transmissuros,
1056 1115 1113 1162 et
1155 1107 1315 1162 simul
1359 1122 1485 1162 cum
1525 1108 1730 1178 populo
1760 1107 1992 1163 bellatu-

406 1214 529 1263 ros,
557 1212 737 1267 neque
777 1198 1155 1255 hereditatem
1203 1200 1368 1254 aliam
1411 1215 1532 1255 esse
1574 1198 1903 1270 quaesituros
1918 1201 1987 1254 ’³.

412 1284 696 1354 Ejusmodi
726 1294 855 1340 sunt
879 1287 974 1355 qui
996 1288 1167 1341 multa
1192 1288 1474 1357 possident
1498 1297 1553 1343 et
1587 1297 1835 1343 terrenas
1862 1305 1995 1344 con-

415 1376 711 1445 cupiscunt
740 1376 985 1432 divitias.
1030 1377 1165 1432 Nam
1195 1387 1360 1434 totam
1406 1390 1645 1435 mentem
1679 1379 1746 1434 ad
1779 1396 1873 1435 eas
1905 1381 1991 1435 in-

419 1467 733 1532 tendentes,
779 1478 910 1524 sunt
949 1468 1169 1539 quidem
1223 1469 1363 1540 pigri
1392 1471 1459 1525 ad
1499 1470 1849 1540 suscipienda
1894 1488 1995 1542 pro

414 1558 619 1613 virtute
667 1561 988 1626 certamina,
1033 1571 1090 1616 et
1140 1560 1462 1617 alllictiones
1512 1577 1633 1632 qua:
1679 1572 1807 1616 sunt
1856 1562 1995 1615 tole-

415 1652 600 1706 randa:
639 1666 740 1721 pro
772 1644 1158 1723 consequentia
1193 1654 1514 1711 hmreditate
1557 1658 1828 1710 bonorum
1861 1672 1993 1727 pro-

415 1746 733 1801 missorum.
791 1746 983 1801 Divina
1056 1742 1237 1825 a‘utem
1290 1747 1409 1818 lege
1458 1748 1541 1802 eis
1599 1748 1991 1818 exprobrante,

414 1846 470 1891 et
503 1837 636 1891 iram
674 1838 730 1891 in
753 1851 849 1892 eos
875 1836 1213 1902 intendente,
1242 1837 1333 1891 vix
1365 1846 1653 1892 transeunt
1688 1839 1755 1893 ad
1788 1839 1985 1905 aciem,

413 1935 470 1982 et
493 1941 650 1997 opem
680 1926 865 1982 ferunt
899 1926 969 1982 iis
1008 1927 1103 1997 qui
1134 1942 1192 1982 se
1237 1928 1454 1983 fortiter
1482 1935 1684 1999 gerunt
1722 1929 1989 1984 adversus

413 2017 601 2073 hostes
623 2016 716 2088 qui
741 2032 852 2072 non
880 2017 1086 2071 cadunt
1130 2018 1231 2073 sub
1254 2028 1557 2088 aspectum,
1598 2027 1654 2072 et
1678 2018 1810 2074 dant
1836 2020 1990 2075 auxi-

413 2106 546 2162 lium
573 2106 833 2163 Ecclesiis
858 2121 981 2179 qum
1020 2107 1165 2163 bello
1189 2116 1547 2178 appetuntur.
1572 2109 1693 2164 Non
1733 2119 1863 2165 sunt
1886 2126 1989 2165 au—

415 2204 525 2251 tem
548 2212 739 2252 eorum
774 2196 1109 2262 cohaaredes,
1134 2206 1197 2252 ut
1223 2198 1317 2268 qui
1342 2199 1709 2268 pmtulerunt
1754 2198 1991 2254 haeredi-

415 2295 578 2343 tatem
630 2303 751 2358 qute
792 2295 877 2343 est
923 2296 1051 2343 ante
1095 2287 1413 2353 Iordanem,
1450 2294 1513 2341 ut
1550 2296 1635 2342 est
1681 2297 1990 2354 ostensum,

412 2379 732 2448 voluptatis,
776 2378 1025 2449 inquam,
1067 2382 1484 2449 perceptionem
1509 2393 1633 2447 qua:
1648 2378 1804 2450 juxta
1828 2387 1885 2434 et
1912 2380 1990 2434 si-

412 2469 523 2524 mul
558 2469 660 2524 sita
686 2480 770 2525 est
797 2485 923 2525 cum
959 2469 1072 2524 vita
1097 2469 1241 2525 ﬂuxa
1274 2477 1330 2525 et
1363 2469 1627 2534 instabili,
1660 2479 1717 2525 et
1761 2480 1989 2541 pr0pter

2089 567 2189 638 τῆς
2236 569 2409 638 φυλῆς
2452 566 2591 635 Νάδ,
2621 570 2742 625 ἐπεὶ
2792 571 2975 643 χώραν
3032 572 3325 628 ἐθεάσαντο
3374 575 3544 646 καλὴν
3579 580 3664 641 εἰς

2089 659 2507 729 κτηνοτροφίαν,
2537 661 2643 731 πρὸ
2668 662 2761 715 τοῦ
2796 663 3082 733 Ἰορδάνου,
3103 662 3348 719 ἑάλωσαν
3372 667 3543 736 αὐτῆς
3565 668 3664 721 καὶ

2091 749 2470 825 παρεκάλεσαν
2510 750 2603 805 τὸν
2636 754 2860 824 Μωσῆν,
2889 754 3075 809 λαϐεῖν
3102 755 3274 826 αὐτὴν
3313 758 3396 821 είς
3437 756 3661 829 κλῆρον.

2104 839 2489 910 ὐργιζομένου
2514 842 2570 895 δὲ
2605 842 2698 897 καὶ
2729 833 3080 907 ὀνειδίζοντος
3102 846 3368 910 Μωσέως,
3398 847 3665 917 ἐπηγγεί-

2089 928 2269 993 λαντο,
2297 930 2348 981 εί
2385 929 2597 985 λάϐοιεν
2630 930 2858 1002 ταύτην,
2908 932 3126 1001 ἀφεῖναι
3172 933 3271 1003 μὲν
3314 935 3407 987 ἐπὶ
3456 934 3665 1006 ταύτης

2093 1021 2188 1094 τὴν
2218 1022 2425 1078 ἑαυτῶν
2454 1024 2766 1096 ἀποσκευήν
2789 1041 2803 1055 ο
2828 1024 2982 1078 αὐτοὶ
3008 1026 3066 1078 δὲ
3093 1024 3305 1079 ἔνοπλοι
3328 1026 3663 1097 διαπερᾶσαι

2090 1112 2185 1167 καὶ
2225 1113 2594 1185 συμπολεμεῖν
2624 1112 2703 1184 τῷ
2734 1113 2847 1184 λαῷ
2871 1129 2886 1145 ⁶
2926 1116 3002 1185 μὴ
3064 1116 3247 1185 μέντοι
3293 1117 3388 1169 καὶ
3414 1115 3667 1186 κληρονο-

2095 1205 2225 1276 μίαν
2264 1205 2431 1274 ἀλλην
2479 1204 2830 1276 ἐπιζητῆσαι.
2865 1205 3109 1259 Τοιοῦτοι
3147 1205 3239 1260 τὸν
3270 1206 3470 1276 τρόπον
3523 1207 3666 1262 εἰσὶν

2091 1298 2142 1350 οἱ
2198 1296 2605 1367 πολυκτήμονες
2651 1296 2745 1349 καὶ¹
2791 1294 2885 1350 τοῦ
2929 1294 3133 1366 γεηροῦ
3186 1295 3424 1349 πλούτου
3470 1296 3667 1349 ἐπιθυ-

2097 1383 2343 1456 μοῦντες.
2381 1383 2539 1439 Ὅλον
2580 1385 2689 1457 γὰρ
2727 1384 2819 1439 τὸν
2863 1385 2987 1438 νοῦν
3023 1384 3292 1448 τείνοντες
3324 1385 3406 1447 είς
3448 1383 3666 1450 τοῦτον,

2092 1475 2311 1530 ὀκνοῦσι
2344 1476 2441 1545 μὲν
2473 1476 2609 1546 πρὸς
2633 1478 2760 1541 τοὺς
2790 1476 2929 1547 ὑπὲρ
2963 1476 3167 1547 ἀρετῆς
3194 1474 3409 1545 ἄθλους,
3444 1474 3667 1537 καὶτὰς

2096 1567 2237 1640 ὑπὲρ
2272 1567 2364 1621 τοῦ
2397 1567 2802 1640 κληρονομῆσαι
2837 1567 2948 1620 τῶν
2986 1565 3412 1636 ἐπηγγελμένων
3441 1564 3667 1633 ἀγαθῶν

2095 1659 2483 1723 κακοπαθείας.
2534 1658 2914 1724 Ὀνειδίζοντος
2942 1658 2999 1710 δὲ
3038 1657 3133 1711 τοῦ
3171 1656 3314 1711 θείου
3349 1656 3538 1726 νόμου,
3568 1657 3668 1708 καὶ

2095 1750 2232 1820 ὀργῇ
2273 1748 2481 1812 τούτοις
2532 1746 3042 1818 ἐπανατεινομένου,
3099 1747 3260 1816 μόγις
3301 1745 3669 1802 διαϐαίνουσιν

2093 1841 2169 1903 εἰς
2198 1838 2522 1910 παράταξιν,
2560 1838 2653 1893 καὶ
2689 1837 3087 1909 προσϐοηθοῦσι
3119 1840 3234 1899 τοῖς
3265 1836 3671 1908 ἀνδραγαθοῦσι

2089 1929 2236 1984 κατά
2269 1928 2377 1984 τῶν
2409 1928 2655 2000 ἀοράτων
2692 1927 2919 1999 ἐχθρῶν,
2957 1928 3051 1982 καὶ
3083 1926 3515 1998 πολεμουμέναις
3542 1928 3668 1992 ταῖς

2105 2019 2452 2090 Ἐκκλησίαις
2485 2018 2885 2090 ἐπικουροῦσιν.
2937 2018 3011 2071 Οὐ
3063 2017 3562 2089 συγκληρονομοῦσι
3608 2017 3671 2072 δὲ

2092 2110 2325 2174 τούτοις,
2355 2110 2432 2174 ὡς
2459 2110 2556 2181 τὴν
2584 2110 2687 2181 προ
2714 2108 2807 2161 τοῦ
2842 2108 3106 2181 Ἰορδάνου
3134 2107 3502 2181 κληρονομίαν
3528 2123 3667 2179 προ-

2092 2200 2439 2269 τιμήσαντες,
2481 2178 2556 2262 Lb;
2594 2178 2926 2268 δεδήλωταῖέ
2976 2195 3121 2263 λέγω
3156 2178 3222 2267 δὴ
3255 2194 3354 2267 τὴν
3400 2211 3671 2266 παρακει-

2096 2288 2263 2359 μένην
2312 2287 2390 2358 up
2445 2289 2621 2361 ῥέοντι
2666 2288 2761 2341 καὶ
2812 2286 3131 2341 ἀστατοῦντι
3187 2286 3289 2357 βίῳ
3342 2286 3667 2350 ἀπόλαυσιν,

2094 2377 2189 2430 καὶ
2221 2376 2457 2448 κτηνῶν,
2491 2379 2584 2430 καὶ
2622 2375 2919 2446 γυναικῶν,
2962 2377 3054 2431 καὶ⁵
3093 2372 3302 2430 παίδων
3350 2374 3535 2443 ἕνεκα,
3572 2374 3672 2430 καὶ

2096 2467 2395 2532 ἐπαύλεων,
2415 2468 2506 2522 τὸν
2537 2469 2630 2522 ἐπὶ
2653 2470 2765 2531 τοῖς
2790 2468 3032 2538 ἀρίστοις
3058 2465 3215 2521 ὄκνον
3248 2465 3667 2537 είσδιδεγμινοι.

406 2558 670 2628 iumenta,
698 2574 918 2626 uxores,
946 2560 1107 2624 ﬁlios,
1128 2569 1185 2615 et
1209 2560 1370 2624 atria,
1392 2559 1529 2613 ﬁunt
1553 2559 1693 2631 pigri
1723 2568 1778 2615 et
1802 2561 1982 2631 ignavi
2015 2558 2082 2613 ad
2111 2574 2174 2614 ea
2205 2574 2326 2629 quae
2358 2567 2487 2614 sunt
2509 2559 2716 2630 optima
2738 2569 2794 2615 et
2813 2555 3282 2628 praestantissima.

870 2671 966 2727 ΕΧ
1005 2671 1566 2728 DEUTERONOMIO.

411 2759 519 2815 Lex
540 2761 748 2830 quidem
764 2762 926 2830 Jussit
950 2760 1409 2831 Hebrwospueros
1424 2768 1474 2813 et
1497 2759 1813 2831 puellasgsex
1835 2765 1992 2819 annis

476 2829 692 2892 servire,
715 2829 936 2898 septimo
958 2839 1135 2884 autem
1178 2829 1369 2883 dimitti
1392 2829 1610 2894 liberos;
1663 2829 1991 2897 alienigenas

484 2909 662 2954 autem
687 2902 885 2953 servire
925 2900 981 2970 in
1008 2908 1286 2970 (sternam.
1321 2898 1427 2970 Per
1448 2900 1587 2970 quod
1611 2900 1767 2952 tacite
1783 2900 1990 2970 signiﬁ-

481 2978 637 3022 catur
667 2985 839 3023 annus
859 2968 1323 3039 quinquagesima:
1337 2968 1406 3021 ³⁸.

2266 2674 2401 2728 ΤΗΣ
2438 2672 2685 2728 ΒΙΒΛΟΥ
2721 2673 2858 2727 ΤΟΥ
2893 2667 3491 2726 ΔΕΥΤΕΡΟΝΟΜΙΟΥ.

2105 2766 2428 2819 Ἐκέλευσε
2469 2763 2587 2834 μὲν
2636 2766 2689 2834 ό,
2709 2763 2909 2834 νόμος
2940 2762 3252 2834 Ἑϐραίους
3285 2759 3411 2834 ιιὲΥ-

2161 2781 2428 2819 ῖκελευσε
2469 2781 2587 2834 μεν
2636 2781 2670 2818 o
2709 2781 2779 2817 νο
2824 2781 2892 2829 ος
2958 2781 3252 2830 ιςοραιους
3285 2781 3403 2828 μεν
3449 2781 3670 2829 παιοας

2161 2835 2261 2887 καὶ
2300 2834 2627 2898 παιδίσκας
2661 2832 2731 2897 ἐξ
2760 2781 2864 2899 ἔζη
2886 2831 3223 2892 δουλεύειν,
3249 2828 3330 2894 τῷ
3349 2826 3419 2899 δὲ
3440 2829 3670 2899 ἑϐδόμῳ

2161 2902 2520 2972 ἐλευθέρους
2553 2896 2869 2972 ἀφίεσθαιλ
2909 2901 3299 2972 ἀλλοφύλους
3335 2896 3408 2950 δὲ
3440 2900 3528 2972 εἰς
3541 2896 3670 2972 μέὸν

2160 2972 2347 3026 αἰῶνα
2370 2967 2709 3037 δουλεύειν,
2741 2970 2817 3026 δι’
2869 2967 2941 3027 οὗ
2974 2970 3043 3024 τὸ
3070 2967 3506 3037 πεντηκοστὸν
3532 2968 3670 3036 ἔτος

2160 3043 2654 3112 ὑποσημαίνεται.

485 3158 733 3215 Cuilibet
781 3158 837 3213 in
895 3158 1113 3213 actione
1165 3161 1453 3224 versanti,
1511 3161 1685 3217 instar
1716 3163 1875 3233 pueri
1927 3172 1984 3218 et

2161 3152 2332 3207 Παντὶ
2384 3151 2673 3224 πρακτικῷ
2718 3149 2909 3213 παιδὸς
2957 3147 3228 3220 ὁμοφύλου
3255 3150 3349 3205 καὶ
3376 3149 3670 3219 παιδίσκης

417 3250 610 3319 puella:
630 3249 875 3321 ejusdem
906 3249 1145 3320 generis,
1176 3250 1428 3305 laborant
1454 3252 1594 3306 ratio
1620 3263 1676 3308 et
1710 3254 1987 3323 cogitatio,

417 3341 609 3397 modos
633 3340 829 3413 agendi
848 3356 916 3395 ex
937 3340 1136 3396 virtute
1161 3343 1535 3412 excogitantes
1556 3353 1611 3398 et
1635 3343 1988 3411 fabricantes,

414 3441 472 3488 et
496 3433 817 3488 resistentes
849 3432 1138 3503 spiritibus
1167 3434 1426 3504 nequitiae
1454 3436 1659 3490 actioni
1696 3436 1991 3492 adversan-

419 3525 584 3590 tibus,
610 3524 845 3580 activam
865 3532 1049 3579 autem
1073 3525 1363 3595 implentes
1386 3526 1810 3598 philosophiam,
1826 3544 1990 3598 quam

417 3616 658 3671 ostendit
710 3631 976 3671 numerus
1016 3632 1112 3672 sex
1155 3633 1446 3672 annorum.
1498 3620 1632 3674 Nam
1664 3635 1758 3674 sex
1798 3621 1995 3676 diebus

418 3705 626 3759 creavit
666 3705 815 3761 Deus
853 3705 1118 3761 mundum
1145 3746 1160 3770 ,
1207 3706 1499 3764 accedente
1550 3710 1991 3780 impatibilitate,

419 3809 582 3865 quam
606 3795 946 3866 aznigmatice
971 3795 1239 3867 signiﬁcat
1270 3813 1445 3854 annus
1468 3801 1755 3870 septimus.
1794 3803 1871 3857 De
1892 3817 1996 3860 ca:-

422 3895 541 3940 tero
572 3895 755 3941 autem
802 3886 967 3944 liberi
1011 3888 1078 3942 ab
1111 3890 1432 3959 operatione
1454 3891 1748 3957 virtutum,
1774 3908 1897 3963 qua:
1936 3894 1997 3947 tit

421 3977 599 4033 modis
612 3977 914 4049 corporeis,
930 3979 1163 4036 redeunt
1177 3980 1246 4036 ad
1264 3983 1781 4052 contemplationem
1804 3996 1994 4039 eorum

421 4079 544 4135 qum
580 4066 779 4122 r:aduut
815 4069 920 4124 sub
954 4069 1394 4140 intelligentiam,
1427 4086 1547 4142 quas
1580 4082 1709 4127 sunt
1742 4073 1825 4127 eis
1867 4089 1997 4129 con-

416 4156 605 4227 juncta
639 4159 983 4229 cognatione.

491 4249 807 4320 Alienigena
855 4267 994 4322 puer
1043 4262 1100 4308 et
1152 4255 1335 4324 puella
1368 4262 1455 4310 est
1496 4255 1575 4310 ira
1604 4263 1661 4310 et
1702 4256 1995 4326 cupiditas,

422 4352 562 4407 quos
588 4339 656 4393 ad
687 4339 975 4395 servitium
1001 4328 1286 4406 virtutum,
1308 4359 1410 4413 per
1430 4343 1612 4415 magni
1634 4345 1801 4399 animi
1827 4346 1999 4402 virtu-

426 4435 534 4483 tem
568 4437 625 4481 et
648 4429 1647 4506 temperantiam,omnino‘subjungit
1683 4450 1837 4491 mens
1867 4451 1997 4491 con-

2090 3244 2243 3315 δίκην
2267 3244 2297 3298 6
2328 3244 2486 3312 λόγος
2540 3243 2634 3296 καὶ
2688 3243 2722 3313 ἡ
2768 3241 2978 3295 διάνοια
3032 3240 3317 3311 μοχθοῦσι,
3360 3242 3486 3304 τοὺς
3544 3243 3668 3295 κατ’

2091 3333 2293 3405 ἀρετὴν
2315 3333 2415 3403 τῆς
2444 3332 2693 3402 πράξεως
2710 3330 2943 3401 τρόπους
2977 3329 3317 3392 ἐπινοοῦντες
3343 3348 3405 3383 τε
3450 3330 3548 3384 καὶ
3574 3329 3671 3402 δη·-

2096 3423 2503 3496 μιουργοῦντες,
2541 3422 2637 3475 καὶ
2671 3420 3108 3491 ἀντιταττόμενοι
3131 3422 3248 3482 τοῖς
3267 3419 3670 3488 ἀντικειμένοις

2092 3518 2160 3586 τῇ
2194 3516 2472 3586 πρακτικῇ
2509 3511 2782 3581 πνεύμασι
2828 3510 2928 3581 τῆς
2967 3509 3255 3580 πονηρίας,
3283 3508 3671 3580 πληρώσαντες

2093 3607 2150 3660 δὲ
2199 3605 2299 3676 τὴν
2347 3603 2656 3675 πρακτικὴν
2716 3601 3054 3672 φιλοσοφίαν,
3116 3602 3183 3670 ἢν
3232 3601 3260 3653 6
3290 3598 3348 3666 ἐξ
3379 3599 3487 3653 τῶν
3534 3598 3672 3651 ἐτῶν

2095 3696 2476 3766 παρεδήλωσεν
2513 3694 2766 3766 ἀριθμός.
2809 3693 2897 3746 Ἐν
2933 3692 3172 3761 ἡμέραις
3215 3690 3325 3761 γάρ
3370 3689 3433 3755 ἐξ
3477 3690 3507 3743 6
3539 3688 3675 3754 Θεὸς

2097 3786 2283 3840 ἔκτισε
2333 3786 2426 3840 τὸν
2477 3786 2706 3854 κόσμον,
2730 3782 2833 3852 τῆς
2880 3780 3149 3844 ἀπαθείας
3200 3780 3672 3852 παραγινομένης,

2096 3876 2163 3947 ἣν
2213 3875 2512 3929 αἰνίττεται
2560 3873 2621 3926 τὸ
2664 3871 2892 3941 ἕϐδομον
2937 3867 3073 3933 ἔτος.
3123 3868 3429 3940 Ἐλεύθεροι
3484 3867 3676 3921 λοιπὸν

2095 3967 2193 4037 τῆς
2246 3965 2342 4018 ἐπὶ
2372 3967 2487 4027 τοῖς
2525 3964 2856 4033 σωματικοῖς
2908 3961 3132 4031 τρόποις
3213 3958 3514 4030 ὑπουργίας
3563 3958 3677 4011 τῶν

2097 4056 2329 4128 ἀρετῶν,
2362 4055 2499 4127 πρὸς
2532 4055 2630 4125 τὴν
2663 4053 2774 4107 τῶν
2807 4048 3084 4120 συγγενῶν
3112 4050 3318 4121 νοητῶν
3346 4047 3680 4119 ἐπανέρχον-

2095 4167 2187 4205 ται
2209 4149 2462 4220 θεωρίαν.

2185 4242 2504 4313 Ἀλλόφυλος
2552 4243 2681 4304 παῖς
2727 4241 2842 4292 ἐστι
2891 4238 2986 4292 καί¹
3030 4237 3288 4306 παιδίσκη
3328 4237 3358 4289 6
3388 4233 3555 4306 θυμὸς
3582 4233 3679 4286 καὶ

2097 4341 2132 4409 ἡ
2161 4338 2430 4408 ἐπιθυμία
2450 4353 2462 4365 ·
2498 4334 2591 4399 οὓς
2621 4332 2985 4401 ύποζεύγνυσι
3032 4330 3123 4385 διά
3162 4327 3362 4393 παντὸς
3390 4330 3458 4399 τῇ
3491 4327 3681 4380 δεσπο-

2097 4429 2222 4500 τεία
2254 4427 2349 4482 τοῦ
2377 4426 2559 4497 λόγου,
2584 4424 2721 4496 πρὸς
2753 4422 3058 4494 ὑπηρεσίαν
3092 4419 3201 4473 τῶν
3231 4417 3462 4490 ἀρετῶν,
3490 4416 3564 4481 ,δι’
3584 4417 3682 4468 ἀν-

426 4513 759 4581 templativa,
802 4530 913 4569 non
965 4516 1102 4573 dans
1147 4520 1228 4572 eis
1279 4505 1610 4587 libertatem,
1643 4522 1820 4580 donec
1875 4524 1994 4595 lege

2098 4519 2282 4592 δρείας
2323 4518 2420 4572 καὶ
2458 4515 2832 4588 σωφροσύνης,
2864 4515 2894 4568 ὁ
2931 4510 3266 4583 θεωρητικὸς
3311 4507 3457 4572 νοῦς,
3492 4507 3571 4577 μὴ
3595 4505 3680 4559 δι-

424 4605 655 4673 spiritus
681 4604 938 4662 devorata
962 4608 1129 4664 fuerit
1155 4610 1241 4664 lex
1264 4620 1495 4677 naturae,
1520 4623 1777 4685 tanquam
1802 4630 1949 4671 mors
1970 4632 2001 4671 a

426 4699 558 4751 vita.
594 4697 845 4763 Quandiu
889 4716 1023 4771 ergo
1061 4701 1115 4755 in
1148 4701 1308 4757 nobis
1342 4703 1479 4759 vivit
1515 4705 1777 4771 mundus,
1811 4714 1869 4759 et
1911 4721 2006 4760 vo-

334 4804 344 4812 ’
426 4786 704 4841 luntarius
736 4788 933 4844 anima:
969 4790 1193 4845 habitus
1224 4792 1295 4847 ad
1329 4794 1651 4859 materialia,
1684 4811 1794 4849 non
1819 4804 1903 4851 est
1922 4795 2017 4851 eis

427 4877 607 4932 danda
630 4878 877 4941 libertas,
900 4895 988 4946 ne,
1016 4881 1061 4935 si
1090 4882 1240 4937 misti
1264 4883 1472 4940 fuerint
1494 4898 1619 4939 cum
1641 4885 1885 4956 ejusdem
1910 4900 2006 4955 ge-

427 4968 576 5022 neris
597 4969 912 5036 sensilibus,
935 4970 1142 5027 bellum
1162 4983 1356 5043 gerant
1372 4975 1638 5031 adversus
1659 4975 1922 5040 animam,
1949 4983 2005 5030 et

428 5074 548 5113 eam
577 5060 849 5130 accipiant
882 5062 1154 5131 captivam
1196 5064 1364 5119 animi
1396 5074 1644 5120 motuum
1686 5080 1750 5121 ac
1782 5072 2007 5135 pertur—

429 5150 734 5207 bationum.
770 5152 999 5220 Quando
1024 5164 1207 5210 autem
1233 5156 1617 5211 transierimus
1642 5156 1710 5211 ad
1733 5156 2010 5212 aeternita-

430 5250 560 5306 tem,
607 5251 664 5296 et
709 5245 1126 5312 pervenerimus
1159 5244 1225 5300 ad
1261 5245 1746 5315 impatibilitatem,
1799 5261 1896 5301 cos
1928 5246 2008 5301 di-

429 5330 708 5387 mittemus
727 5332 954 5396 liberos,
979 5334 1059 5387 ira
1079 5334 1300 5403 quidem
1329 5335 1396 5390 de
1418 5343 1617 5389 caetero
1643 5344 2001 5391 transmutata

428 5422 480 5474 iu
527 5422 796 5477 fervorem
845 5423 1184 5493 Spiritualem
1209 5436 1266 5481 et
1319 5425 1662 5481 moderatum
1713 5425 1998 5482 furorem:

427 5513 729 5582 cupiditate
753 5523 936 5568 autem
960 5515 1015 5568 in
1033 5515 1278 5570 divinum
1303 5531 1546 5570 amorem
1567 5525 1623 5571 et
1639 5517 1997 5589 voluptatem,

428 5621 549 5675 qua:
576 5621 687 5661 non
712 5616 892 5675 potest
910 5609 1079 5677 pollui
1111 5624 1174 5664 ac
1204 5608 1581 5664 contaminari.

465 5761 513 5794 ”
538 5759 701 5815 Num.
727 5774 889 5825 χχχιι,
918 5762 944 5816 l
975 5776 1129 5832 seqq.
1206 5763 1251 5795 ”
1271 5763 1431 5818 Deut.
1456 5780 1545 5830 xv,
1581 5764 1602 5818 l
1638 5779 1790 5834 seqq.

2097 4611 2219 4674 δοὺς
2263 4606 2447 4674 αὐτοῖς
2482 4605 2817 4678 ἐλευθερίαν,
2857 4605 2962 4667 ἕως
2996 4603 3062 4657 ἂν
3085 4600 3368 4670 καταποθῇ
3409 4599 3488 4669 τῷ
3530 4596 3684 4667 νόμῳ

2100 4702 2192 4758 τοῦ
2254 4701 2571 4772 Πνεύματος
2614 4702 2642 4753 6
2676 4699 2840 4769 νόμος
2889 4696 2990 4765 τῆς
3025 4693 3261 4763 φύσεως,
3288 4692 3365 4756 ὡς
3404 4690 3511 4745 ύπὸ
3531 4689 3682 4759 ζωῆς

2102 4795 2354 4860 θάνατος.
2392 4793 2696 4862 Τοιγαροῦν
2743 4791 2849 4851 ἐως
2892 4789 2952 4842 ἐν
2983 4789 3114 4858 ἡμῖν
3151 4784 3180 4838 6
3226 4784 3428 4854 κόσμος
3461 4781 3550 4852 ζῇ,
3582 4780 3683 4833 καὶ

2103 4889 2136 4959 ἡ
2166 4887 2305 4958 πρδς
2344 4884 2605 4938 eamut
2633 4883 2732 4952 τῆς
2763 4879 2942 4950 ψυχῆς
2977 4875 3224 4939 ἑκούσιος
3257 4874 3463 4945 σχέσις,
3497 4872 3558 4925 ού
3591 4870 3681 4924 δεῖ

2102 4979 2362 5047 παρέχειν
2407 4974 2615 5036 τούτοις
2650 4971 2992 5041 ἐλευθερίανο
3036 4968 3233 5040 μήπως
3264 4964 3516 5036 μιγέντες
3565 4963 3682 5026 τοῖς

2101 5067 2380 5138 αἰσθητοῖς
2408 5063 2720 5134 όμοιρύλοις,
2756 5061 3109 5132 πολεμήσωσι
3142 5060 3208 5128 τῇ
3240 5057 3411 5128 ψυχῇ,
3446 5054 3540 5109 καὶ
3566 5050 3671 5107 λά-

2102 5154 2271 5208 ϐωσιν
2298 5153 2469 5223 αὐτὴν
2496 5150 2835 5232 δορράλωτον
2866 5149 2980 5212 τοῖς
3009 5146 3261 5203 πάθεσιν.
3291 5145 3459 5200 Ὅταν
3484 5142 3549 5195 δὲ
3581 5154 3683 5195 πει

2105 5247 2361 5318 ράσωμεν
2385 5247 2464 5308 είς
2488 5244 2577 5298 τὸν
2604 5242 2799 5307 αἰῶνα,
2831 5239 2929 5294 καὶ
2958 5240 3253 5309 φθάσωμεν
3274 5237 3352 5300 είς
3386 5232 3681 5302 ἀπάθειαν,

2106 5336 2424 5408 ἐλευθέρους
2450 5335 2732 5405 ἀφήσομεν
2754 5332 2971 5395 αὐτοὺς,
3004 5327 3540 5401 μετασκευασθέντος
3566 5323 3682 5378 λοι-

2109 5429 2209 5481 πδν
2254 5426 2349 5481 τοῦ
2389 5425 2563 5496 θυμοῦ
2614 5424 2713 5496 μὲν
2772 5421 2909 5493 πρὸς
2948 5420 3097 5485 ζέσιν
3154 5414 3550 5488 πνευματικὴν,
3586 5409 3685 5466 καὶ

2111 5521 2366 5592 σώφρονα
2415 5517 2642 5589 μανίαν·
2702 5514 2799 5584 τῆς
2843 5510 3141 5582 ἐπιθυμίας
3183 5508 3260 5574 δὲ,
3318 5504 3453 5577 πρὸς
3502 5502 3684 5576 ἔρωτα

2111 5613 2273 5679 θεῖον,
2296 5596 2391 5666 καὶ
2425 5610 2617 5680 ἡδονὴν
2648 5606 2941 5678 ἄχραντον.
