4076 6468
397 458 541 515 1233

1766 464 2287 523 COLLECTANEA.

3519 459 3659 517 1234

404 574 554 656 Ἐάγ
585 590 677 656 τίς
709 573 1073 656 έκτιίφλιρσῃ
1106 575 1214 656 eda:
1244 575 1559 656 ὀφθαλζμὸζ
1599 581 1707 656 τοᾷ
1739 585 1969 656 obterat;

2082 583 2140 641 Si
2161 587 2278 656 quis
2306 586 2639 641 excwcaverit
2663 584 2872 639 oculum
2888 582 3077 656 [amuli
3090 582 3172 656 sui
3189 588 3283 636 aut
3303 580 3654 656 αηείίίωδιιαι.

465 644 656 721 ᾳρτοῦ
700 644 740 714 ἢ
786 643 904 721 τῆς
952 643 1317 721 deprauata-11';
1351 643 1578 721 utitor”),
1623 650 1980 721 ἐτλευθέρους

464 713 867 777 ἐξαποστελεῖ
909 713 1168 779 αὐτούς’
1207 717 1305 768 καὶ
1338 716 1449 769 ἐὰν
1473 717 1580 771 τὸν
1612 713 1844 775 ὁδόντᾰ
1872 713 1980 778 τοῦ

464 782 701 859 οίξῑέτου
722 785 779 859 ,ἦ
800 780 910 851 τῆς
936 785 1514 859 θερῳξαΙνης-αὐτοῦ
1533 787 1790 859 ἐκκόψῃ,
1806 791 1976 849 ἐλευ-

345 874 362 926 ι
466 851 679 921 θέρους
709 852 1111 918 ἐξαποστελεῐ
1132 856 1377 921 αὐτούς.

465 965 703 1037 οἰκέτης
751 965 851 1035 μὲν
888 966 985 1020 καὶ
1029 967 1351 1037 θεράπαινα,
1384 969 1434 1021 οἱ
1465 969 1610 1033 τινὸς
1643 969 1975 1037 ὑπεξούσιοι,

391 1049 470 1110 ὧν
500 1058 551 1110 οί
589 1057 689 1126 μὲν
737 1057 954 1127 ἄνδρες,
993 1059 1042 1112 οί
1097 1056 1156 1111 δὲ
1192 1060 1468 1126 γυναῖκες.
1529 1058 1749 1114 Τούτων
1777 1061 1835 1119 δὲ
1869 1061 1978 1116 τῶν

396 1147 754 1215 ὑπεξουσίων,
786 1148 1065 1219 ὀφθαλμὸς
1098 1149 1198 1218 μὲν
1219 1150 1250 1203 6
1273 1148 1420 1215 νοῦς,
1451 1150 1702 1219 φωτίζων
1732 1152 1832 1214 τὰς
1869 1153 1976 1223 ψυ-

394 1237 497 1306 χὰς
544 1237 726 1290 αὐτῶν
756 1253 769 1266 ο
818 1237 973 1300 ὀδοὺς
1020 1237 1077 1291 δὲ
1102 1239 1135 1306 ἡ
1193 1238 1424 1302 διάνοια,
1455 1239 1525 1293 δι’
1548 1234 1618 1310 ἦς
1651 1240 1976 1297 λεπτύνουσι

393 1328 494 1399 τὴν
540 1328 916 1400 πνευματικὴν
958 1330 1184 1399 τροφήν.
1225 1329 1289 1381 Et
1336 1347 1422 1394 τις
1481 1331 1773 1401 τοιγαροῦν
1812 1331 1845 1404 ἢ
1881 1333 1973 1387 τὸν

393 1416 518 1471 νοῦν
565 1417 890 1490 ὲκτυφλώσῃ
940 1417 1049 1471 τῶν
1080 1418 1413 1484 ὑπεξουσίων
1467 1420 1650 1490 πληγῇ
1689 1422 1973 1489 ἀσεϐείας,

394 1506 428 1576 ἢ
458 1506 655 1578 ἑτέρας
690 1507 989 1578 ἁμαρτίας,
1014 1507 1047 1577 ἢ
1079 1506 1176 1577 τὴν
1207 1507 1449 1563 διάνοιαν
1485 1510 1667 1567 αὐτῶν
1698 1512 1974 1567 καταϐλά-

391 1596 490 1668 ψῃ,
531 1598 823 1659 ἐκπίπτειν
866 1597 1289 1663 καταδικάζεται
1329 1600 1429 1671 τῆς
1469 1603 1590 1655 κατ’
1611 1602 1795 1656 αὐτῶν
1822 1604 1972 1669 ἐξου-

395 1688 538 1756 σίας,
562 1689 657 1743 καὶ
682 1686 902 1754 ἀνάξιον
929 1687 1024 1742 τοῦ
1060 1689 1249 1761 ἄρχειν
1281 1691 1473 1745 ἑαυτὸν
1499 1692 1900 1750 ἀποδείκνυσιν.

407 1982 553 2038 Ἐάν
583 1986 950 2066 τις-κοιμηθῇ
988 1991 1135 2056 μετὰ
1166 1992 1453 2066 γυναικὸς
1509 1995 1971 2066 συνῳκισμένης

655 2055 850 2125 ἀνδρὶ,
883 2055 1263 2116 ἀποκτενεῖτε
1294 2055 1685 2133 ἀμφοτέρους.

471 2165 536 2221 '0
578 2165 682 2236 τὴν
723 2167 904 2241 ψυχὴν
951 2173 1305 2245 συνημμένην
1333 2174 1414 2245 τῷ
1446 2175 1566 2247 Θεῷ
1598 2177 1688 2231 διά
1741 2178 1971 2245 πίστεως

390 2255 488 2310 καὶ
516 2257 790 2329 ἀγιασμοῦ
818 2260 1036 2331 τολμῶν
1080 2266 1416 2335 καταμιᾶναι
1457 2265 1538 2337 τῷ
1567 2269 1972 2341 σπερματισμῷ

387 2346 491 2417 τῆς
520 2348 580 2399 ὲν
614 2348 768 2419 αὐτῷ
797 2349 1090 2415 δυσσεϐοῦς
1119 2354 1382 2424 αἱρέσεως
1402 2397 1418 2421 ,
1448 2356 1548 2426 τὴν
1588 2358 1826 2429 ἐσχάτην
1871 2360 1969 2429 ὑφ-

386 2438 503 2505 έξει
534 2438 694 2510 δίκην
732 2442 830 2496 σὺν
860 2443 1030 2515 αὐτῇ⁹
1066 2445 1095 2498 6
1124 2444 1247 2516 μὲν,
1286 2447 1363 2509 ὡς
1395 2447 1787 2513 ἐπιϐουλεύσας
1819 2450 1972 2504 ἀλλο-

386 2529 527 2601 τρίῳ
559 2531 723 2602 γάμῳ
742 2548 756 2562 ’
795 2534 828 2605 ἡ
876 2533 957 2599 δὲ,
1000 2534 1077 2600 ὡς
1110 2536 1427 2607 ἀτιμάσασα
1457 2538 1554 2610 τὴν
1577 2541 1658 2603 είς
1680 2540 1773 2593 τὸν
1797 2540 1972 2612 ἄνδρα

387 2622 709 2690 συνάφειαν.
752 2641 771 2674 ι
808 2624 935 2679 Ἐὰν
988 2625 1067 2690 δὲ,
1123 2627 1279 2697 φησὶ,
1325 2627 1424 2699 τὴν
1480 2631 1970 2702 μεμνηστευμένην

384 2711 541 2781 ἀνδρὶ
596 2713 870 2784 παρθένον
929 2715 1108 2787 εὑρών
1136 2735 1221 2781 τις
1246 2719 1306 2774 ὲν
1342 2718 1492 2772 πόλει
1555 2720 1792 2791 κοιμηθῇ
1850 2725 1969 2793 μετ’

383 2802 578 2872 αὐτῆς,
613 2803 1014 2860 ἀποθανοῦνται
1045 2807 1140 2860 καὶ
1171 2807 1359 2877 ἄμφω.
1403 2809 1469 2861 'H
1513 2811 1715 2876 νεᾶνις,
1751 2810 1832 2865 ὅτι
1869 2811 1969 2866 οὐκ

290 2928 305 2937 ο
383 2892 612 2964 ἐϐόησεν
648 2895 707 2947 ὲν
750 2898 817 2967 τῇ
868 2896 1054 2951 πόλειο
1091 2898 1187 2951 καὶ
1226 2900 1255 2952 6
1296 2898 1602 2971 ἄνθρωπος,
1634 2901 1717 2954 ὅτι
1750 2902 1970 2955 ἐταπεί-

383 2999 526 3036 νωσε
562 2984 664 3054 τὴν
712 2988 951 3052 γυναῖκα
994 2986 1092 3040 τοῦ
1135 2987 1365 3057 πλησίον
1404 2987 1594 3042 αὐτοῦ.
1619 3007 1637 3040 ι
1691 2989 1968 3063 Παρθένος

380 3076 502 3129 ἐστὶ
562 3078 1018 3150 μεμνηστευμένη
1067 3078 1239 3150 ἀνδρὶ,
1286 3081 1320 3150 ἡ
1367 3079 1683 3151 κεκλημένη
1730 3080 1832 3151 μὲν
1887 3082 1968 3145 είς

382 3166 666 3222 εὐσέϐειαν
721 3168 890 3241 ψυχὴ,
932 3171 1028 3224 καὶ
1073 3170 1482 3241 κατηχουμὲνη,
1547 3172 1716 3243 μήπω
1744 3172 1801 3226 δὲ
1842 3188 1967 3226 συν-

2155 651 2356 710 émittet
2391 673 2477 709 eos
2518 656 2703 708 liberos
2742 672 2760 709 :
2787 662 2835 706 et
2864 651 2909 707 si
2938 652 3128 723 [antuli
3177 662 3268 705 aut
3301 651 3511 707 ancilla:
3547 668 3659 708 suc

2151 726 2364 779 dentem
2387 727 2691 790 exaruerit,
2709 725 2907 778 emittet
2941 739 3026 777 eos
3060 722 3247 777 liberos
3267 722 3307 776 ⁵.

2150 975 2411 1031 Famulus
2443 974 2668 1045 quidem
2718 981 2775 1027 et
2817 970 3016 1027 ancilla
3050 977 3178 1024 sunt
3209 966 3250 1022 ii
3296 966 3392 1038 qui
3439 973 3570 1022 sunt
3596 966 3654 1022 in

2077 1068 2310 1138 alicujus
2335 1074 2628 1138 potestate.
2665 1064 2744 1119 Ex
2779 1061 2980 1133 quibus
3003 1060 3096 1115 alii
3120 1056 3344 1129 quidem
3374 1065 3503 1113 sunt
3523 1057 3653 1126 viri,

2077 1159 2170 1213 alii
2203 1174 2337 1214 vero
2371 1156 2655 1212 mulieres.
2701 1154 2783 1208 Ex
2818 1151 2884 1207 iis
2938 1157 3121 1205 autem
3178 1147 3276 1217 qui
3308 1154 3434 1201 sunt
3466 1147 3521 1200 in
3556 1159 3658 1217 po-

2079 1256 2292 1313 testate,
2352 1246 2547 1302 oculus
2583 1244 2804 1313 quidem
2850 1249 2938 1298 est
2968 1255 3125 1296 mens
3169 1254 3267 1293 seu
3321 1237 3655 1303 intellectus.

2076 1339 2289 1394 animas
2321 1353 2512 1393 eorum
2537 1334 2896 1392 illuminans:
2936 1332 3072 1387 dens
3114 1338 3298 1384 autem
3336 1336 3420 1384 est
3452 1328 3658 1397 cogita-

2076 1428 2176 1491 tio,
2204 1444 2304 1497 per
2355 1442 2519 1497 quam
2566 1424 2947 1481 comminuunt
3000 1420 3319 1476 alimentum
3353 1416 3649 1487 spiritualc.

2078 1518 2135 1574 Si
2171 1518 2297 1589 quis
2319 1533 2449 1588 ergo
2475 1525 2570 1571 aut
2591 1530 2785 1570 eorum
2822 1512 2917 1582 qui
2952 1520 3079 1566 sunt
3116 1510 3171 1564 in
3205 1515 3471 1579 potestate
3505 1521 3656 1560 mcu-

2076 1617 2186 1663 tem
2222 1607 2579 1663 occatcaverit
2612 1606 2724 1659 ictu
2782 1600 3080 1672 impietatis
3113 1606 3208 1652 aut
3260 1594 3486 1651 alterius
3523 1608 3654 1664 pec-

2076 1699 2218 1762 cati,
2275 1707 2372 1771 aut
2426 1712 2619 1755 eorum
2674 1693 2875 1750 laeserit
2931 1690 3339 1762 cogitationem,
3398 1685 3657 1741 condem-

2075 1798 2240 1845 natur
2275 1798 2337 1844 ut
2386 1787 2607 1844 excidat
2651 1786 2720 1841 ab
2753 1799 2820 1839 ea
2869 1798 3033 1852 quam
3081 1781 3135 1835 in
3170 1778 3321 1849 ipsos
3359 1777 3523 1831 habet
3560 1790 3657 1846 po—

2078 1889 2297 1946 testate,
2333 1889 2390 1936 et
2423 1896 2482 1937 se
2515 1877 2758 1935 ostendit
2791 1875 3075 1946 indignum
3104 1872 3198 1941 qui
3226 1870 3476 1940 imperet.

2072 2007 2130 2063 Si
2200 2011 2319 2080 quis
2376 2009 2652 2062 dormierit
2683 2023 2825 2080 _cum
2895 2003 3124 2080 muliere
3167 2000 3451 2070 conjuncta
3504 1997 3653 2063 viro,

2583 2076 2763 2132 ambos
2800 2074 3039 2129 occiduis
3078 2072 3146 2124 ’⁸.

2142 2189 2393 2244 Animam
2425 2190 2536 2244 Deo
2563 2187 2913 2257 coniunctam
2940 2198 3040 2253 per
3075 2181 3238 2237 [idem
3259 2186 3318 2235 et
3337 2176 3649 2234 sanctiﬁca-

2072 2283 2277 2337 tionem
2301 2280 2552 2353 quisquis
2576 2278 2777 2333 audeat
2803 2276 3053 2347 polluere
3082 2272 3264 2343 impiae
3291 2285 3404 2325 sua:
3426 2268 3655 2325 haeresis

2070 2372 2300 2437 semine,
2327 2387 2454 2426 cum
2491 2370 2605 2440 ipsa
2635 2369 2888 2423 ultimum
2910 2364 3124 2421 subibit
3149 2362 3483 2432 supplicium
3511 2376 3526 2412 :
3559 2358 3653 2413 ille

2068 2462 2315 2532 quidem,
2370 2470 2431 2516 ut
2477 2461 2572 2530 qui
2616 2459 2798 2518 alieno
2834 2455 3128 2511 insidiatus
3145 2453 3218 2509 sit
3248 2449 3603 2506 matrimonio
3634 2466 3648 2500 :

2070 2554 2188 2608 haec
2215 2568 2368 2613 vero,
2403 2560 2461 2606 ut
2497 2565 2620 2620 quae
2658 2547 2956 2621 ignominia
2989 2543 3236 2601 aﬂ‘ecerit
3263 2556 3419 2597 suam
3449 2540 3505 2594 in
3532 2554 3651 2593 ma-

2072 2643 2238 2698 ritum
2278 2658 2440 2697 suum
2484 2640 2950 2712 coniunctionem.
2999 2656 3018 2689 ι
3050 2635 3147 2691 Sin
3194 2643 3400 2697 autem,
3448 2630 3648 2701 inquit,

2068 2729 2340 2799 virginem
2373 2728 2498 2782 viro
2531 2727 2860 2797 desponsam
2900 2724 3174 2780 invenerit
3206 2722 3406 2792 aliquis
3433 2722 3488 2775 in
3512 2720 3649 2775 civi-

2072 2826 2203 2884 tate,
2239 2826 2451 2874 etcum
2483 2834 2549 2873 ea
2589 2817 2895 2880 dormierit,
2931 2816 3093 2871 ambo
3120 2815 3286 2869 etiam
3324 2813 3647 2867 morientur.

2069 2909 2494 2965 Adolescentula
2533 2908 2779 2979 quidem,
2825 2907 2971 2977 quod
3010 2922 3120 2960 non
3147 2903 3399 2960 clamarit
3425 2903 3480 2956 in
3518 2902 3653 2955 civi—

2070 3011 2204 3067 tate;
2236 3012 2294 3057 et
2318 3003 2503 3066 homo,
2535 3001 2795 3070 quoniam
2834 2999 3146 3054 humiliavit
3170 3010 3393 3051 uxorem
3416 2993 3650 3063 proximi

2070 3089 2156 3145 sui
2184 3090 2251 3143 ³⁷.
2282 3109 2300 3140 ι
2329 3090 2494 3160 Virgo
2516 3088 2788 3159 desponsa
2822 3089 2960 3153 viro,
2983 3097 3068 3143 est
3096 3086 3277 3140 anima
3300 3084 3367 3137 ad
3391 3085 3651 3152 pietatem

2068 3180 2293 3251 quidem
2318 3189 2510 3236 vocata
2558 3189 2617 3236 et
2636 3196 2734 3249 per
2756 3177 3088 3234 catechesim
3112 3176 3383 3238 instituta,
3408 3172 3652 3228 nondum

384 3259 620 3327 αφθεῖσα
642 3260 866 3325 τελείως
891 3260 971 3331 τῷ
1002 3261 1222 3335 Χριστῷ
1238 3261 1326 3315 διὰ
1348 3261 1441 3316 τσῦ
1474 3261 1632 3330 ἁγίου
1658 3261 1969 3333 βαπτίσμαε

2075 3281 2259 3327 autem
2295 3272 2516 3329 Christo
2547 3271 2788 3341 perfecte
2821 3272 3112 3341 conjuncta
3147 3283 3243 3337 per
3278 3274 3527 3322 sanetum
3557 3264 3649 3318 ba-

382 3367 498 3414 τος.
538 3351 884 3424 ’Δρραὁῶνος
920 3353 1031 3426 γὰρ
1065 3355 1253 3425 ἐπέχει
1286 3355 1446 3424 λόγον
1475 3356 1505 3408 6
1524 3354 1682 3423 λόγος
1718 3354 1823 3425 τῆς
1861 3371 1964 3408 κα-

381 3443 683 3514 τηχήσεως.
724 3445 784 3499 '0
816 3445 999 3501 τοίνυν
1037 3446 1372 3517 διαφθείρων
1414 3445 1620 3514 ταύτην
1643 3444 1734 3499 διά
1767 3444 1967 3515 μίξεως

382 3534 604 3595 ἀσεϐῶν
631 3537 944 3607 δογμάτων,
975 3538 1075 3610 τὴν
1108 3538 1345 3608 ἐσχάτην
1382 3537 1476 3591 καὶ
1515 3536 1680 3599 αὐτὸς
1713 3537 1966 3591 ἀποτίσει

377 3627 541 3698 δίκην
567 3629 666 3684 σὺν
699 3629 860 3703 αὐτῇ.
903 3630 999 3687 καὶ
1032 3627 1429 3684 ὑποπεσοῦνται
1463 3630 1528 3699 τῇ
1563 3627 1784 3682 κολάσει
1831 3628 1962 3693 τῶν,

362 3719 456 3783 κῶς
483 3722 721 3795 είρηται,
749 3724 1158 3795 μοιχευσάντων
1177 3739 1190 3753 °
1225 3723 1255 3775 6
1288 3720 1410 3791 μὲν,
1452 3720 1531 3783 ὡς
1562 3720 1967 3791 πλημμελήσας

379 3810 463 3874 είς
496 3809 597 3881 τὴν
649 3812 891 3885 γυναῖκα
937 3811 1039 3882 τὴν
1087 3810 1192 3865 ὑπὸ
1242 3814 1403 3883 χεῖρα
1450 3808 1635 3864 λοιπὸν
1668 3810 1764 3864 τοῦ
1799 3825 1968 3879 μετα-

383 3900 562 3972 ϐραχὺ
598 3903 834 3973 νυμφίου
870 3900 966 3956 τοῦ
999 3902 1225 3972 πλησίον
1272 3902 1462 3964 αὑτοῦ.
1496 3900 1639 3979 κατά
1664 3917 1728 3969 γε
1755 3900 1846 3953 τὸν
1880 3900 1968 3953 λό-

381 4008 479 4060 γον
501 3993 603 4062 τῆς
628 3992 1052 4064 ἀνθρωπότητος
1071 4010 1088 4024 ·
1123 3996 1157 4065 ἡ
1188 3994 1264 4056 δὲ,
1302 3992 1378 4057 ὡς
1400 3995 1460 4047 ἐν
1487 3991 1640 4045 πόλει
1666 3991 1824 4047 τοῦτο
1857 4008 1965 4046 πα-

380 4080 572 4143 θοῦσα,
606 4081 754 4151 λέγω
796 4082 881 4154 δὴι
910 4086 977 4155 τῇ
1012 4084 1334 4154 Ἐκκλησία,
1393 4083 1523 4139 ἔνθα
1566 4083 1753 4140 πολλοὶ
1783 4084 1834 4136 οἱ
1877 4082 1966 4150 ἐξ·

389 4171 614 4241 ελέσθαι
668 4173 990 4244 δυνάμενον
1022 4175 1112 4229 καὶ
1150 4174 1238 4229 διὰ
1269 4174 1366 4228 τοῦ
1426 4156 1503 4247 μῆ
1555 4176 1747 4245 βοῆσαι
1798 4190 1969 4227 κατα-

380 4262 681 4335 δεξαμένη.
721 4283 741 4317 ι
778 4266 907 4321 Ἐὰν
937 4265 1016 4331 δὲ,
1069 4268 1256 4337 φησὶν,
1289 4269 1348 4321 ὲν
1391 4268 1561 4339 πεδίῳ
1591 4266 1729 4339 εὕρῃ
1752 4267 1966 4339 ἀνθρωα

382 4369 485 4417 πος
515 4354 617 4426 τὴν
646 4355 814 4419 παῖδα
846 4355 945 4426 τὴν
978 4357 1470 4427 μεμνηστευμένην
1501 4358 1695 4429 ἑτέρῳ,
1725 4360 1821 4411 καὶ
1845 4356 1968 4428 βια-

384 4443 621 4515 σάμενος
657 4447 899 4519 κοιμηθῇ
947 4448 1064 4517 μετ’
1112 4448 1304 4517 αὐτῆς,
1335 4449 1687 4503 ἀποκτενεῖτε
1730 4449 1821 4503 τὸν
1854 4466 1967 4503 κοι-

388 4535 634 4607 μηθέντα
663 4538 781 4608 μετ’
816 4539 991 4609 αὐτῆς
1021 4539 1205 4609 μόνον.
1237 4540 1316 4609 Τῇ
1343 4540 1401 4595 δὲ
1429 4539 1636 4597 νεάνιδι
1675 4540 1778 4593 οὐκ
1806 4539 1962 4594 ἔσται

381 4605 692 4699 ἀμάρτημα
725 4605 987 4687 θανάτοῦ’
1013 4605 1095 4687 δτι
1129 4631 1188 4689 ὲν
1214 4605 1315 4700 τῷ.-
1342 4630 1500 4702 ἀγρῷ
1556 4622 1717 4700 εὗρεν
1766 4632 1958 4700 αὐτήν.
1996 4605 2040 4658 D

394 4719 651 4789 Ἐδόησεν
707 4722 743 4791 ἡ
783 4722 964 4784 νεᾶνις
994 4723 1028 4791 ἡ
1066 4721 1545 4795 μεμνηπευμὲνη,
1576 4722 1670 4775 καὶ
1708 4724 1737 4775 ὁ
1769 4721 1967 4792 βοηθή-

381 4827 491 4863 σων
535 4811 637 4865 οὐκ
678 4805 768 4882 ἦν.
792 4828 813 4863 ι
860 4811 1052 4881 Ἀγρὸς
1098 4811 1208 4881 γὰρ
1238 4813 1273 4884 ἡ
1309 4811 1514 4883 ἐρημία
1541 4812 1651 4867 τῶν
1686 4812 1965 4880 ἐπαμῦναι

378 4902 722 4973 δυναμένων.
752 4903 851 4961 καὶ
882 4906 915 4975 ἡ
945 4904 1143 4969 σπάνις
1168 4905 1276 4958 τῶν
1324 4905 1694 4961 διδασκάλων·
1726 4904 1963 4959 ἐνταῦθα

380 4989 441 5043 τὸ
486 4991 659 5055 πάθος
714 4991 889 5062 βίαιον
939 4992 1036 5046 καὶ
1074 4993 1530 5063 ἀνεπικούρητον.
1587 4995 1679 5048 Διὸ
1730 4995 1827 5048 καὶ
1886 4994 1963 5058 ὡς

378 5080 700 5152 ἅὸούλητον,
723 5083 1164 5152 ἀκατάγνωστον.
1201 5100 1221 5134 ι
1246 5083 1369 5138 Ἐὰν
1387 5084 1467 5147 δὲ,
1492 5085 1681 5154 φησὶν,
1710 5084 1855 5158 εὕρῃ
1877 5102 1962 5149 τις

378 5173 547 5227 παῖδα
611 5173 918 5244 παρθένον,
967 5174 1063 5228 καὶ
1114 5174 1446 5245 βιασάμενος
1491 5176 1664 5245 αὐτὴν
1718 5176 1959 5247 κοιμηθῇ

380 5266 502 5334 μετ’
539 5265 880 5336 αὐτῆςηκαὶ
902 5265 1129 5336 εὑρεθῇ.
1157 5265 1318 5323 δώσει
1342 5266 1422 5336 τῷ
1455 5267 1623 5336 πατρὶ
1652 5265 1755 5335 τῆς
1788 5267 1962 5321 νεάνι-

374 5354 467 5416 δος
497 5361 541 5406 ν’
578 5355 852 5426 δίδραχμα
879 5357 1166 5431 ἀργυρίου,
1199 5357 1295 5412 καὶ
1340 5356 1506 5415 αὐτοῦ
1553 5355 1705 5409 ἔσται
1747 5357 1906 5427 γυνή.
1934 5375 1954 5409 ι

378 5443 659 5514 Παρθένον
686 5446 922 5500 ἐνταῦθα
945 5448 1118 5516 λέγει,
1147 5448 1246 5517 τὴν
1283 5448 1452 5517 μήπω
1491 5448 1961 5517 ωτεγγυηθείσαν

377 5536 602 5605 Χριστῷ
649 5537 740 5591 διὰ
788 5537 1044 5602 πίστεως,
1094 5538 1345 5607 ἀσυναφῆ
1383 5537 1440 5593 δὲ
1478 5538 1613 5607 πρὸς
1664 5540 1831 5593 αὐτὸν
1882 5539 1964 5594 ἔτι

380 5625 663 5690 παντελῶς
700 5626 992 5697 μένουσαν.
1028 5627 1096 5682 Εἴ
1127 5644 1208 5691 τις
1241 5624 1335 5685 οὖν
1379 5627 1637 5683 ἀπατεὼν
1674 5628 1850 5701 ἑνωθῇ
1892 5633 1961 5702 τῇ

2067 3364 2351 3433 ptismum.
2384 3364 2574 3418 Arrha:
2599 3362 2746 3417 enim
2770 3361 2986 3415 obtinet
3027 3358 3294 3413 rationem
3322 3356 3466 3411 ratio
3503 3362 3653 3409 cate-

2067 3452 2268 3507 chesis.
2301 3450 2407 3517 Qui
2441 3466 2574 3521 ergo
2622 3464 2746 3503 eam
2778 3446 3088 3516 corrumpit
3126 3460 3225 3515 per
3260 3442 3649 3499 admistionem

2068 3541 2365 3611 impiorum
2387 3541 2724 3612 dogmatum,
2756 3541 2871 3610 ipse
2893 3552 3114 3609 quoque
3137 3551 3262 3592 cum
3292 3551 3357 3590 ea
3391 3534 3647 3589 ultimum

2066 3631 2183 3687 luet
2208 3632 2561 3702 supplicium,
2595 3638 2653 3685 et
2673 3630 2942 3686 subibunt
2961 3643 3179 3698 poenam
3200 3639 3393 3682 eorum
3444 3624 3561 3693 qui,
3588 3635 3653 3678 ut.

2066 3725 2276 3781 dictum
2301 3732 2405 3788 est,
2447 3723 2790 3779 admiserunt
2818 3720 3174 3776 adulterium.
3196 3718 3292 3772 llle
3317 3715 3562 3787 quidem,
3591 3723 3659 3784 ut,

2066 3813 2160 3883 qui
2186 3808 2483 3882 deliquerit
2504 3812 2560 3866 in
2580 3811 2866 3866 mulierem
2888 3823 3016 3863 mox
3036 3807 3280 3862 futuram
3301 3805 3356 3860 iu
3380 3811 3652 3876 potestate

2067 3904 2275 3975 sponsi,
2317 3905 2403 3959 sui
2444 3903 2700 3974 proximi,
2738 3901 2888 3972 quod
2920 3899 3118 3955 attinet
3149 3898 3218 3953 ad
3250 3897 3519 3952 rationem
3543 3895 3649 3949 hu-

2069 3995 2351 4051 manitatis
2376 4013 2389 4049 :
2423 3994 2540 4051 hinc
2567 4009 2723 4057 vero,
2748 4001 2811 4049 ut
2830 4008 2954 4063 quae
2980 3991 3097 4046 haec
3122 4005 3280 4060 passa
3301 3987 3373 4043 sit
3410 3987 3465 4042 in
3510 3984 3650 4041 civi-

2071 4095 2201 4155 tate,
2242 4087 2300 4142 in
2338 4086 2604 4152 Ecclesia,
2639 4086 2884 4155 inquam,
2928 4083 3024 4137 ubi
3048 4081 3208 4136 multi
3241 4087 3407 4135 erant
3430 4078 3524 4148 qui
3550 4092 3651 4147 po-

2069 4185 2250 4233 terant
2272 4193 2392 4233 eam
2416 4177 2652 4247 eripere,
2677 4184 2734 4232 et
2756 4182 3047 4246 propterea
3065 4170 3214 4241 quod
3239 4186 3350 4224 non
3373 4168 3648 4231 clannarit,

2068 4268 2176 4322 hoc
2213 4266 2516 4323 admiserit.
2562 4285 2581 4317 ι
2617 4264 2675 4320 Si
2715 4272 2898 4318 autem
2927 4258 3219 4323 invenerit,
3246 4255 3446 4325 inquit,
3484 4256 3649 4309 homo

2067 4358 2121 4413 in
2148 4373 2343 4427 campo
2360 4358 2594 4427 puellam
2615 4355 2774 4410 alteri
2801 4353 3149 4423 desponsam,
3171 4357 3227 4404 et
3258 4348 3311 4402 vi
3334 4347 3496 4403 allata
3523 4361 3649 4401 cum

2064 4465 2130 4504 ea
2171 4448 2482 4512 dormierit,
2533 4445 2799 4502 occidetis
2842 4445 3020 4499 solum
3062 4455 3190 4496 eum
3233 4438 3329 4510 qui
3373 4452 3501 4492 cum
3533 4436 3656 4507 ipsa

2068 4541 2335 4597 dormiit:
2372 4537 2795 4596 adolescentulae
2834 4542 3019 4591 autem
3059 4550 3171 4589 non
3213 4530 3321 4587 erit
3365 4538 3649 4601 peccatum

2073 4634 2288 4698 mortis,
2328 4632 2590 4703 quoniam
2631 4629 2684 4683 in
2722 4643 2855 4700 agro
2889 4614 3013 4683 eam
3047 4622 3280 4688 invenit,
3302 4630 3360 4677 et
3395 4617 3653 4675 clamavit

2069 4727 2342 4797 desponsa
2377 4721 2806 4785 adolescentula,
2847 4727 2904 4774 et
2943 4734 3052 4772 non
3077 4724 3198 4771 erat
3221 4713 3319 4801 qui
3341 4727 3505 4782 opem
3544 4710 3651 4766 fer-

2069 4828 2155 4873 ret
2184 4816 2252 4870 ⁸⁸.
2284 4836 2302 4867 ι
2341 4815 2483 4886 Ager
2513 4812 2660 4868 enim
2687 4819 2773 4866 est
2808 4808 3048 4865 solitudo
3083 4822 3275 4862 eorum
3302 4804 3398 4875 qui
3421 4810 3652 4871 possunt

2067 4924 2228 4978 opem
2262 4907 2430 4970 ferre,
2469 4914 2526 4959 et
2557 4903 2792 4974 penuria
2824 4901 3140 4959 doctorum.
3169 4897 3270 4951 llic
3302 4903 3388 4950 est
3409 4893 3649 4947 violenta

2066 4994 2374 5066 perpessio,
2398 4991 2561 5047 etcui
2583 4991 2704 5047 dari
2728 5006 2841 5052 nou
2868 4996 3050 5059 potest
3082 4984 3370 5042 auxilium.
3399 4983 3466 5037 Et
3492 4980 3643 5044 ideo,

2067 5095 2130 5142 ut
2178 5100 2300 5165 quae
2343 5084 2417 5138 sit
2448 5082 2850 5144 involuntaria,
2893 5094 3003 5133 non
3048 5087 3136 5132 est
3187 5070 3644 5144 condemnabilis.

2073 5198 2091 5230 ι
2122 5161 2401 5235 δίοιιιθιιὶ
2426 5174 2699 5230 invenerit
2734 5161 3025 5243 quisquam
3051 5166 3288 5237 puellam
3348 5162 3638 5233 virginem,

2064 5276 2123 5324 et
2166 5268 2277 5322 vim
2327 5267 2379 5322 ei
2430 5267 2669 5321 all‘erens
2718 5279 2843 5319 cum
2878 5277 2946 5315 ea
2982 5257 3275 5315 dormierit
3306 5264 3363 5310 et
3390 5254 3650 5311 iuventus

2067 5356 2256 5421 fuerit,
2291 5357 2445 5413 dabit
2486 5354 2627 5425 patri
2674 5350 3100 5409 adolescentula:
3130 5346 3528 5418 quinquaginta
3561 5345 3647 5399 di-

2066 5449 2330 5505 dracbma
2363 5448 2596 5518 argenti,
2620 5456 2675 5501 et
2713 5446 2821 5501 erit
2862 5442 2985 5514 ejus
3016 5455 3155 5496 uxor
3202 5440 3271 5493 '9.
3301 5457 3320 5489 ι
3370 5436 3646 5507 Virginem

2063 5539 2163 5596 hic
2174 5540 2314 5597 dicit
2333 5555 2453 5596 eam
2482 5554 2604 5608 qua
2628 5536 2848 5592 Christo
2869 5530 3115 5587 nondum
3137 5538 3222 5585 est
3257 5528 3527 5598 desponsa
3551 5540 3648 5594 per

2068 5631 2254 5698 ﬁdem,
2288 5632 2471 5687 adhuc
2509 5638 2693 5685 autem
2728 5635 2913 5681 manet
2934 5623 2985 5680 ei
3025 5621 3253 5677 omnino
3275 5634 3385 5677 non
3413 5616 3646 5687 conjun-

448 5805 495 5837 ³⁵
522 5805 694 5861 Exod.
727 5823 839 5870 1x1.
874 5808 964 5874 26,
995 5808 1084 5861 27.
1161 5810 1206 5840 ⁹⁵
1240 5809 1399 5864 Deut.
1427 5823 1556 5873 un,
1587 5807 1674 5861 22.
1753 5810 1798 5841 ’7
1822 5808 1963 5865 lbid.

2077 5851 2088 5878 ,
2122 5810 2213 5865 24.
2291 5810 2336 5843 9⁸
2366 5809 2503 5865 Ibid.
2530 5808 2714 5863 25-27.
2793 5806 2835 5837 9’
2868 5802 3003 5859 Ibid.
3034 5800 3122 5866 28,
3161 5800 3247 5854 '2‘).
