4076 6462
444 480 581 539 1253

1653 482 1708 539 8.
1744 483 2020 540 CYRILLI
2056 485 2146 540 ET
2184 485 2493 543 ALIORUM

3567 485 3703 545 1956

441 601 549 650 cia.
591 592 647 648 Si
674 594 798 664 quis
830 608 958 663 ergo
983 594 1249 665 impostor
1279 596 1331 651 ei
1367 596 1556 650 unitus
1580 596 1745 653 fuerit
1776 613 1875 668 per
1898 613 2024 653 con-

2131 599 2354 673 τοιαύτῃ
2408 600 2477 654 δι’
2522 600 2738 671 ὁμιλίας
2794 599 3005 655 ἀσεϐῶν
3054 599 3369 669 δογμάτωνο
3434 599 3618 655 όποίόν
3649 618 3703 657 τι

440 684 785 741 suetudinem
814 684 1109 756 impiorum
1145 686 1485 758 dogmatum,
1516 695 1578 742 ut
1610 686 1821 744 faciunt
1842 690 2020 744 hazrc-

440 776 556 842 tici,
594 785 786 847 gentes
823 787 880 831 et
918 778 1137 835 Iudaeos
1175 794 1319 849 saepe
1360 780 1721 851 decipientes,
1749 781 1894 836 etab
1916 781 2023 836 alia

442 866 724 937 impietate
765 868 834 922 ad
866 869 1031 923 aliam
1074 870 1495 935 transferentes,
1532 856 1601 924 ne
1638 871 1722 925 sic
1742 868 1966 939 quidem
1991 883 2023 922 a

440 972 602 1027 paena
626 959 873 1013 immune
899 975 1061 1015 suum
1091 961 1335 1016 inveniet
1369 968 1633 1030 coeptum.
1657 959 1847 1015 Solvet
1873 959 2020 1014 enim

439 1049 556 1103 Deo
574 1049 722 1103 Patri
742 1049 1037 1119 spirituum
1059 1066 1278 1121 poenam
1299 1052 1679 1122 peccati,vejus
1704 1060 1889 1105 autem
1911 1049 2026 1105 erit

441 1154 600 1206 uxor,
655 1151 715 1195 ut
766 1157 889 1210 quae
926 1143 1041 1211 jam
1084 1143 1156 1196 sit
1201 1144 1252 1197 ei
1283 1144 1597 1214 conjuncta,
1639 1150 1695 1197 et
1724 1157 1785 1197 se
1817 1140 2025 1196 mundo

442 1245 647 1300 sponso
671 1232 981 1287 reddiderit
1003 1233 1304 1306 indignam.

518 1361 537 1394 ι
576 1342 773 1398 Mulier
800 1360 921 1415 quae
943 1345 1168 1401 accedet
1189 1345 1258 1400 ad
1281 1347 1594 1417 jumentum
1617 1350 1680 1399 ut
1699 1343 1769 1398 ab
1795 1325 1920 1413 ipso.
1940 1342 2026 1398 vis

441 1435 494 1489 ei
543 1434 825 1501 aderatur,
860 1438 1129 1491 morietur
1174 1452 1299 1492 cum
1328 1438 1581 1507 jumento
1607 1438 1646 1490 '.
1683 1456 1702 1488 ι
1740 1435 2027 1491 Ηαπθιὶοω

441 1523 590 1579 enim
615 1525 1063 1590 consuetudines,
1090 1533 1146 1581 et
1177 1526 1594 1598 conjunctiones
1637 1540 1764 1580 cum
1794 1525 2026 1595 dogma-

445 1616 596 1672 tibus
634 1618 1044 1683 hzereticorum,
1084 1619 1178 1690 qui
1213 1635 1281 1675 eo
1309 1619 1629 1675 reciderunt
1660 1628 1721 1675 ut
1742 1620 1857 1675 sint
1880 1635 1910 1675 a
1933 1634 2026 1675 ra-

446 1706 596 1762 tione
633 1707 798 1762 alieni
831 1719 888 1763 et
925 1709 1133 1764 similes
1161 1710 1446 1780 jumentis,
1477 1710 1727 1765 inierunt
1762 1718 2023 1775 mortem,

446 1804 560 1850 tam
593 1796 644 1851 ei
683 1798 777 1869 qui
811 1797 975 1854 affert
1015 1800 1338 1868 perniciem,
1373 1816 1540 1873 quam
1569 1800 1621 1856 ei
1664 1801 1760 1871 qui
1793 1809 1878 1856 est
1906 1802 2028 1872 ejus

444 1887 737 1957 particeps,
775 1889 1126 1946 effeminatus
1174 1892 1243 1946 ad
1292 1891 1771 1958 consuetudinem,
1801 1899 2029 1964 propter

445 1977 755 2033 mollitiem.

519 2086 538 2118 ι
570 2066 628 2123 Si
663 2066 777 2122 duo
817 2067 919 2122 viri
948 2080 1215 2140 pugnent,
1238 2079 1294 2125 et
1331 2073 1710 2141 percusserint
1736 2071 2028 2127 mulierem

442 2169 834 2230 pragnantem,
856 2170 913 2216 et
930 2177 1186 2234 egressus
1204 2161 1375 2219 fuerit
1391 2165 1514 2236 ejus
1538 2164 1686 2221 fetus
1724 2180 1835 2220 non
1859 2164 2028 2220 eﬁ’or-

444 2263 646 2321 matus,
681 2257 1008 2313 multabitur
1038 2259 1136 2329 qui
1168 2260 1446 2330 percussit
1479 2269 1749 2330 quantum
1786 2260 2027 2316 aestima-

446 2343 519 2399 rit
564 2344 797 2401 maritus
843 2347 1116 2403 mulieris.
1161 2347 1260 2404 Sin
1281 2357 1467 2404 autem
1489 2349 2028 2415 fueritcﬁ‘ormatus,

442 2435 596 2490 dabit
630 2437 872 2493 animam
901 2454 1002 2510 pro
1039 2440 1222 2494 anima
1249 2443 1292 2493 ³.
1322 2459 1341 2492 ι
1374 2440 1573 2497 Mentis
1608 2441 1823 2496 fructus
1852 2452 1910 2495 et
1951 2439 2031 2496 ie-

444 2536 535 2582 tus
576 2537 664 2584 est
709 2528 847 2585 ﬁdes
889 2530 947 2585 in
975 2530 1286 2597 Christum,
1325 2548 1450 2602 quae
1494 2532 1714 2587 divinos
1762 2531 2030 2601 imprimit

442 2619 812 2685 characteres,
844 2630 903 2677 et
924 2621 1174 2677 immittit
1196 2623 1398 2678 animis
1423 2623 1632 2679 Christi
1669 2623 2028 2678 transforma-

445 2708 743 2765 tionem.Si
769 2727 904 2785 ergo
930 2712 1148 2769 duobus
1177 2714 1245 2769 de
1270 2714 1519 2769 adversis
1544 2713 1893 2785 dogmatibus
1913 2715 2029 2770 dis-

443 2802 813 2871 eeptantibus,
852 2802 1061 2860 offensa
1095 2805 1265 2860 fuerit
1306 2806 1490 2875 aliqua
1560 2806 1796 2861 audiens
1822 2806 2025 2871 anima,

448 2892 556 2947 ﬁde
588 2893 643 2947 in
684 2892 968 2958 Christum
1016 2895 1198 2951 adhuc
1240 2897 1486 2967 gravida,
1517 2906 1575 2952 et
1608 2913 1729 2952 eam
1757 2897 2024 2969 ejecerit:

445 2983 492 3037 si
537 2984 610 3039 sit
657 2986 883 3054 quidem
936 2987 1119 3042 adhuc
1164 2988 1485 3058 imperfecta
1520 2998 1577 3043 et
1604 2989 1878 3053 informis,
1913 2988 2029 3043 luet

446 3088 641 3145 pcenas
702 3085 901 3132 auctor
944 3077 1306 3143 oﬂensionis,
1356 3093 1495 3148 quas
1526 3078 1814 3133 aestimarit
1863 3079 2029 3149 hujus

445 3166 643 3223 animm
673 3184 910 3239 sponsus
935 3168 1206 3227 Christus.
1236 3171 1374 3225 Luct
1411 3179 1617 3236 autem,
1659 3169 1859 3241 inquit,
1900 3185 2027 3224 cum

2128 688 2328 761 δρῶσιν
2386 691 2437 743 οί
2496 688 2787 761 αἱρετικοὶ,
2810 689 3081 760 Ἕλληνας
3136 686 3395 751 πολλάκις
3442 687 3539 741 καὶ
3583 689 3707 742 Ἰουο

2127 781 2310 844 δαίους
2339 780 2678 845 ἀπατῶντες,
2715 780 2811 834 καί⁵
2843 779 2904 844 ἐξ
2923 779 3182 841 ἀσεϐείας
3210 776 3378 847 ἄλλης
3401 777 3484 835 είς
3511 778 3705 848 ἑτέραν

2128 871 2385 925 ἀσέϐειαν
2442 873 2867 944 μεταφέροντες”
2932 871 3030 923 οὐκ
3096 867 3327 940 ἀζήμιον
3372 868 3479 923 οὐδ’
3531 867 3705 933 οὕτως

2128 964 2350 1035 εὑρήσει
2378 964 2439 1019 τδ
2469 963 2801 1035 ἐγχείρημα.
2846 961 3119 1015 Ἀποτίσει
3143 963 3256 1031 γὰρ
3287 959 3366 1032 τῷ
3388 961 3562 1030 llas-9i.
3596 959 3709 1013 τῶν

2130 1055 2458 1125 πνευμάτων
2483 1054 2604 1125 Θεῷ
2632 1053 2789 1125 δίκην
2806 1052 2902 1107 τοῦ
2933 1053 3040 1125 πλη
3051 1052 3231 1124 μμελή
3240 1068 3431 1122 ματος,
3460 1050 3629 1104 αὐτοῦ
3649 1049 3708 1103 δέ

2129 1146 2281 1200 ἐσται
2310 1146 2469 1216 γυνὴ,
2499 1146 2574 1209 ὡς
2619 1146 2721 1217 ἤδη
2774 1144 3108 1214 συναφθεῖσα
3153 1144 3323 1214 αὐτῷ,
3361 1143 3459 1197 καὶ
3485 1142 3709 1208 ἀναξίαν

2128 1237 2223 1292 τοῦ
2250 1237 2494 1310 καθαροῦ
2514 1238 2749 1308 νυμφίου
2774 1236 2971 1309 ἑαυτὴν
2996 1238 3407 1308 καταστήσασα.

2207 1348 2409 1421 ιΓυνὴ,
2465 1349 2587 1420 ἥτις
2620 1346 3040 1419 προσελεύσεταί
3066 1345 3203 1417 πρὸς
3245 1345 3442 1416 κτῆνος
3483 1342 3709 1414 βιασθῆ-

2130 1456 2216 1496 ναι
2253 1441 2349 1495 ὑπ’
2373 1438 2562 1506 αὐτοῦ,
2625 1438 2984 1494 ἀποθανεῖται
3038 1438 3179 1509 μετά
3240 1435 3338 1490 τοῦ
3402 1437 3655 1505 κτήνους.
3686 1453 3704 1486 ι

2130 1532 2493 1603 Δίρῤοητικαὶ
2536 1530 2648 1603 [Im
2698 1528 2997 1601 aipettxa‘t]
3031 1528 3143 1600 γὰρ
3167 1526 3377 1599 ὁμιλίαι
3408 1527 3503 1580 καὶ
3536 1525 3712 1596 μίξεις

2131 1625 2187 1678 αἱ
2217 1623 2352 1695 πρὸς
2377 1623 2446 1676 τά
2498 1623 2743 1695 δόγματα
2766 1622 2875 1676 τῶν
2903 1623 2982 1685 είς
3024 1621 3248 1689 ἀλογίαν
3280 1619 3375 1674 καὶ
3408 1617 3714 1689 κτηνωδίαν

2132 1714 2483 1785 ἐμπεσόντων
2531 1714 2853 1787 αίρετικῶν,
2892 1713 3127 1767 θάνατον
3182 1710 3366 1782 ψυχῆς
3416 1708 3711 1777 ἐπάγουσι,

2130 1804 2211 1877 τῷ
2230 1823 2289 1859 τε
2317 1804 2652 1877 μεταδιδόντι
2683 1805 2785 1869 τῆς
2818 1803 3021 1873 λύμης,
3044 1803 3141 1857 καὶ
3159 1801 3239 1873 τῷ
3267 1799 3712 1874 μεταλαμϐάνον-

2131 1916 2205 1963 τι,
2236 1896 2551 1969 θηλυνθέντι
2566 1896 2701 1968 πρὸς
2717 1895 2815 1968 τὴν
2833 1895 3071 1967 ὁμιλίαν,
3096 1894 3187 1948 διὰ
3214 1892 3491 1966 μαλακίαν
3509 1890 3710 1963 ψυχῆς.

2206 2093 2225 2126 ι
2258 2072 2384 2127 Ἐὰν
2423 2073 2702 2144 μάχωνται
2734 2071 2828 2126 δύο
2860 2072 3052 2144 ἀνδρες
3080 2070 3177 2126 καὶ
3203 2069 3491 2135 πατάξωσι
3512 2071 3709 2138 γυναῖ-

2128 2182 2203 2220 κα
2239 2166 2299 2218 ἐν
2342 2165 2546 2236 γαστρὶ
2586 2163 2841 2236 ἔχουσαν,
2868 2164 2964 2219 καὶ⁵
2996 2162 3187 2234 ἐξέλθῃ
3216 2163 3278 2216 τὸ
3298 2160 3513 2215 παιδίον
3540 2159 3714 2229 αὐτῆς

2131 2257 2207 2329 μὴ
2253 2254 2714 2325 ἐξεικονισμένον,
2767 2255 3181 2326 ζημιωθήσεται
3212 2253 3242 2305 ό
3282 2249 3536 2315 πατάξας
3587 2250 3713 2304 καθ’

2127 2350 2157 2403 ὅ
2184 2366 2237 2403 τι
2263 2348 2329 2403 ἂν
2363 2347 2631 2419 ἐπιϐάλλῃ
2657 2349 2686 2401 ό
2713 2338 2854 2418 ἀνὴρ
2882 2346 2984 2411 τῆς
3008 2344 3287 2414 γυναικός.
3336 2343 3465 2397 Ἐὰν
3481 2343 3539 2396 δὲ
3569 2340 3713 2407 ἐξει-

2129 2441 2445 2513 κονισμὲνον
2474 2436 2533 2514 ᾖ,
2572 2439 2736 2493 δώσει
2775 2437 2875 2510 τὴν
2904 2438 3087 2509 ψυχὴν
3124 2438 3248 2492 ἀντὶ
3271 2436 3471 2508 ψυχῆς.
3501 2454 3520 2486 ι
3561 2435 3715 2504 Καρ-

2127 2534 2230 2598 πδς
2257 2534 2325 2588 ἀν
2358 2534 2445 2603 εῐη
2490 2531 2586 2586 καὶ
2627 2530 2816 2602 κύημα
2861 2531 2977 2592 νοῦ,
3031 2531 3064 2601 ἠ
3111 2530 3193 2593 είς
3223 2527 3460 2598 Χριστὸν
3509 2526 3712 2589 πίστις,

2126 2629 2250 2703 ἥτις
2280 2627 2406 2690 τοὺς
2439 2625 2615 2689 θείους
2646 2623 3033 2695 ἐνσημαίνεται
3077 2621 3454 2694 χαρακτῆρας,
3498 2620 3592 2673 καὶ
3613 2619 3715 2688 τὴν

2127 2720 2222 2774 τοῦ
2249 2717 2488 2790 Χριστοῦ
2525 2716 2958 2789 μετσμόρφωσιν
2998 2714 3276 2785 ἐπιτίθησι
3325 2715 3446 2776 ταῖς
3489 2711 3710 2782 ψυχαῖς.

2142 2810 2266 2863 Ἐἀν
2309 2804 2427 2874 οὖν,
2469 2808 2633 2861 τινῶν
2653 2806 2748 2860 δύο
2779 2806 3071 2860 ἀντιθέτων
3095 2802 3547 2875 λογομαχούντων
3581 2802 3714 2871 περὶ

2127 2902 2396 2971 δόγματα,
2430 2896 2795 2969 σκανδαλισθῇ
2819 2897 2963 2970 ψυχή
2988 2913 3072 2961 τις
3100 2895 3450 2965 ἀκροωμένη,
3479 2894 3717 2962 ἐγκυμο-

2129 2993 2296 3047 νοῦσα
2312 2992 2392 3044 ἐτι
2406 2991 2506 3062 τὴν
2525 2990 2603 3053 είς
2619 2988 2852 3060 Χριστὸν
2877 2987 3079 3051 πίστιν,
3093 2986 3190 3040 καὶ¹
3213 2984 3554 3053 ἀποϐάληται
3583 2980 3715 3035 ταύ-

2126 3100 2227 3153 την
2242 3100 2258 3115 ·
2276 3082 2325 3134 εί
2348 3081 2446 3151 μὲν
2474 3079 2671 3150 ἀτελὴς
2691 3075 2759 3152 ἦν
2779 3079 2861 3133 ἐτι
2882 3078 2977 3133 καὶ
2994 3076 3257 3147 ἀκαλλὴς,
3272 3073 3539 3130 ἀποδώσει
3558 3072 3717 3143 δίκην

2127 3178 2156 3230 ό
2182 3172 2277 3228 τοῦ
2315 3171 2615 3226 σκανδάλου
2650 3171 2960 3244 παραίτιος,
2996 3171 3062 3242 ἣν
3093 3168 3360 3241 ἐπιϐάλλῃ
3400 3168 3430 3220 ό
3483 3165 3715 3236 νυμφίος

446 3256 734 3329 dignitate,
768 3260 873 3315 hoc
918 3270 1024 3327 est,
1070 3260 1380 3332 proﬁtendo
1427 3278 1485 3317 sc
1520 3262 1727 3317 habere
1769 3262 2024 3332 gratiam,

2131 3267 2229 3336 τῆς
2275 3263 2535 3334 τοιαύτης
2577 3262 2781 3334 ψυχῆς,
2816 3262 3073 3330 Χριστός.
3109 3260 3413 3314 ’Δποδώσει
3445 3257 3525 3319 δέ,
3555 3255 3715 3326 φησὶ,

445 3350 594 3421 quod
628 3368 737 3407 non
771 3352 840 3407 de
869 3368 930 3409 se
962 3354 1221 3408 ultimum
1259 3361 1511 3409 sumatur
1546 3354 1899 3425 supplicium.
1929 3354 2028 3410 Sin

446 3449 629 3501 autem
675 3442 977 3511 perfectam
1028 3443 1380 3513 parturiebat
1413 3443 1470 3497 in
1508 3441 1791 3497 Christum
1841 3441 2028 3507 ﬁdem,

445 3533 594 3604 quod
639 3534 853 3613 attinet.
881 3533 950 3588 ad
991 3533 1222 3604 ﬁguram
1260 3542 1316 3587 et
1343 3533 1597 3598 formam,
1631 3533 1736 3587 hoc
1768 3532 1916 3587 enim
1950 3532 2030 3588 si-

445 3625 689 3696 gniﬁcat,
714 3625 870 3689 illud,
902 3624 1335 3682 ccﬁ'ormatumn
1353 3633 1485 3681 tunc
1510 3625 1682 3695 utqui
1707 3627 1818 3697 jam
1846 3625 2029 3696 perfe-

444 3726 591 3773 ctam
620 3717 888 3772 occiderit
925 3718 1187 3783 animam,
1217 3733 1316 3772 sua
1355 3717 1680 3773 multabitur
1720 3717 1928 3785 anima,
1969 3726 2032 3772 ut

445 3809 521 3878 de
544 3824 655 3879 quo
676 3809 928 3865 ultimum
949 3810 1279 3865 sumendum
1311 3811 1385 3866 sit
1423 3811 1778 3883 supplicium.

525 4006 546 4040 ι
579 3987 637 4044 Si
691 4004 864 4043 cornu
899 3989 1125 4058 petierit
1165 3997 1357 4045 taurus
1394 3989 1577 4044 virum
1620 3999 1717 4044 aut
1742 3987 2029 4042 mulierem

445 4086 505 4136 et
524 4079 813 4146 occiderit,
842 4080 1112 4136 obruetur
1134 4082 1430 4153 lapidibus,
1456 4091 1513 4137 et
1532 4096 1645 4136 non
1669 4079 2033 4135 comedentur

444 4174 568 4244 ejus
599 4186 815 4248 earnes.
844 4172 1112 4228 Dominus
1150 4182 1333 4230 autem
1366 4172 1513 4228 tauri
1556 4187 1665 4226 non
1705 4173 1815 4229 erit
1857 4173 2033 4242 culpa:

445 4266 720 4327 obnoxius
734 4265 773 4321 ⁸.
786 4285 803 4318 ι
817 4265 876 4321 Si
898 4266 949 4321 is
968 4266 1063 4337 qui
1084 4275 1168 4322 est
1191 4267 1246 4321 in
1261 4274 1533 4339 potestate
1551 4264 1785 4337 alicujus
1806 4266 2030 4321 iracun-

446 4358 553 4414 dus
577 4366 635 4414 et
659 4358 927 4424 insolens,
962 4366 1057 4413 aut
1094 4358 1299 4430 alioqui
1336 4357 1653 4423 haereticus,
1683 4357 2034 4414 interemerit

446 4451 688 4505 animam
716 4467 729 4503 :
762 4448 858 4520 qui
886 4450 940 4505 ei
972 4449 1073 4505 fuit
1100 4450 1298 4506 anima:
1322 4465 1486 4506 causa
1514 4451 1730 4516 mortis,
1766 4451 1885 4520 ipse
1909 4448 2034 4521 qui-

445 4540 571 4596 dem
604 4540 862 4605 ultimum
895 4541 1107 4597 subibit
1133 4540 1466 4612 supplicium
1494 4559 1508 4595 :
1534 4542 1813 4598 actionum
1844 4552 2030 4597 autem

444 4640 504 4688 et
544 4647 865 4688 sermonum
907 4633 1030 4704 ejus
1072 4647 1236 4688 nemo
1257 4632 1367 4688 erit
1388 4632 1685 4702 particeps.
1711 4631 1816 4699 Qui
1844 4641 2029 4687 autem
2065 4617 2106 4672 υ

445 4723 569 4794 ejus
599 4723 767 4780 habet
796 4730 1148 4795 potestatem,
1172 4722 1348 4793 culpae
1374 4736 1484 4776 non
1506 4722 1615 4776 erit
1641 4720 1935 4789 obnoxius,
1969 4730 2034 4778 ut

447 4816 544 4888 qui
586 4815 801 4887 ignoret
840 4815 964 4886 ejus
1002 4812 1200 4869 vitium
1232 4823 1292 4868 et
1338 4811 1769 4882 improbitatem.
1803 4831 1821 4865 ι
1853 4813 1910 4870 Si
1934 4829 2034 4869 au-

447 4915 559 4962 tem
598 4905 992 4970 testiﬁcentur,
1032 4903 1245 4975 inquit.
1278 4903 1401 4974 ejus
1435 4902 1682 4970 domino,
1715 4911 1773 4960 et
1801 4919 1931 4961 eum
1962 4904 2032 4961 de

447 5000 637 5057 medio
675 5013 789 5055 non
836 4996 1146 5058 sustulerit,
1194 4995 1312 5065 ipse
1359 5009 1580 5066 quoque
1621 5004 1848 5070 propter
1897 5012 2030 5053 eum

446 5088 743 5145 morietur.
788 5084 983 5143 Sciens
1005 5085 1154 5141 enim
1175 5091 1234 5141 et
1259 5085 1562 5151 sustinens,
1583 5087 1691 5143 erit
1713 5087 1879 5144 caedis
1900 5101 2028 5158 par-

446 5180 626 5252 ticeps
645 5187 704 5236 et
723 5176 1002 5235 conscius.
1043 5175 1142 5231 Sin
1162 5185 1349 5231 autem
1371 5177 1423 5232 ei
1457 5178 1698 5248 pretium
1727 5177 1897 5233 fuerit
1924 5176 2031 5231 im-

447 5272 716 5343 positum,
770 5268 923 5325 dabit
966 5267 1206 5339 pretium
1249 5268 1372 5340 ejus
1414 5271 1647 5335 animae,
1681 5276 1951 5340 quantum
1979 5267 2032 5324 ei

449 5361 824 5435 imposuerint
855 5358 901 5413 δ.
932 5376 952 5411 ι
999 5358 1116 5415 Hoc
1142 5368 1229 5416 est
1258 5377 1273 5415 ι
1316 5359 1375 5416 Si
1427 5360 1714 5416 confessus
1750 5358 1805 5413 in
1837 5373 2030 5430 pugnas

447 5453 732 5515 inciderit,
781 5450 1035 5521 implebit
1079 5466 1425 5523 quaecunque
1464 5450 1634 5506 tuerit
1680 5452 1890 5521 jussus.
1921 5469 1940 5501 ι
1974 5449 2032 5506 Si

449 5554 636 5600 autem
670 5541 845 5598 ﬁlium
882 5548 980 5598 aut
1017 5541 1206 5608 ﬁliam,
1240 5543 1438 5613 inquit,
1463 5556 1638 5597 cornu
1660 5540 1885 5611 petierit
1913 5549 2032 5597 lau—

449 5652 567 5702 rus,
591 5646 649 5691 et
668 5630 953 5699 occiderit,
979 5635 1071 5691 ﬁet
1094 5635 1396 5691 secundum
1419 5632 1756 5688 declaratum
1771 5631 1859 5703 jus
1872 5632 2029 5705 legis.

450 5724 547 5783 Sin
599 5734 782 5785 autem
823 5742 1056 5798 puerum
1084 5734 1181 5783 aut
1211 5723 1488 5792 ancillam,
1517 5722 1672 5780 dabit
1698 5723 1921 5796 triginta
1941 5724 2029 5780 di.

2135 3358 2277 3430 μετά
2322 3355 2654 3427 ἀξιώματος,
2705 3353 2853 3408 τοῦτ’
2895 3352 3033 3419 ἐστι,
3082 3354 3223 3424 μετά
3268 3351 3365 3405 καὶ
3393 3347 3488 3403 τοῦ
3519 3347 3718 3418 ὁμολο-

2132 3450 2251 3519 γεῖν
2271 3449 2456 3520 χάριν,
2483 3448 2566 3501 ὅτι
2592 3448 2668 3517 μὴ
2698 3447 2793 3500 καὶ
2813 3445 2914 3518 τὴν
2933 3444 3173 3516 ἐσχάτην
3200 3442 3515 3498 ἀπαιτεῖται
3536 3438 3717 3509 δίκην.

2133 3540 2197 3594 Ei
2231 3537 2290 3593 δὲ
2335 3538 2554 3593 τελείαν
2590 3536 2749 3591 ὣδινε
2796 3537 2896 3609 τὴν
2929 3539 3011 3601 είς
3056 3535 3294 3608 Χριστὸν
3330 3535 3538 3600 πίστιν,
3589 3534 3720 3588 ὅσον

2131 3635 2213 3696 εἰς
2248 3631 2576 3703 χαρακτῆρα
2624 3630 2723 3684 καὶ
2760 3628 3044 3701 μόρφωσιν
3068 3646 3081 3661 ”
3114 3629 3277 3682 τοῦτο
3315 3626 3428 3700 γὰρ
3471 3626 3628 3698 δηλοῖ
3654 3627 3722 3680 τὸ

2142 3741 2160 3775 ι
2189 3720 2625 3792 ἐξεικονισμένον
2644 3737 2692 3773 ο»
2729 3719 3027 3787 λοιπὸν,ὡς
3058 3719 3161 3790 ήδη
3192 3716 3406 3773 τελείαν
3424 3717 3605 3789 ψυχὴν
3623 3734 3723 3786 (po-

2131 3813 2352 3877 νεύσας,
2383 3813 2481 3884 τὴν
2515 3811 2712 3868 ἑαυτοῦ
2759 3811 3177 3884 ζημιωθήσεται
3220 3809 3422 3882 ψυχὴν,
3454 3809 3724 3865 ἀπαιτού-

2136 3922 2296 3977 μενος
2324 3905 2424 3977 τὴν
2450 3904 2689 3975 ἐσχάτην
2706 3902 2885 3975 δίκην.

2210 4017 2230 4049 ι
2298 3995 2424 4050 Ἐὰν
2455 3996 2723 4066 κερατίσῃ
2764 3992 2965 4066 ταῦρος
3008 3993 3180 4065 ἄνδρα
3226 3993 3260 4064 ἢ
3300 3994 3570 4062 γυναῖκα,
3623 3992 3723 4047 καὶ

2132 4088 2453 4159 ἀποκτείνῃ,
2478 4086 2651 4150 λίθοις
2673 4085 3181 4157 λιθοϐοληθήσεται,
3212 4085 3309 4139 καὶ
3338 4086 3400 4139 οὐ
3439 4083 3723 4156 βρωθήσε-

2132 4197 2225 4234 ται
2273 4179 2345 4233 τά
2396 4178 2535 4249 κρέα
2560 4176 2750 4231 αὐτοῦ.
2793 4178 2854 4232 '0
2879 4178 2937 4232 δὲ
2966 4177 3157 4249 κύριος
3182 4177 3277 4233 τοῦ
3316 4179 3523 4248 ταύρου
3541 4176 3725 4240 ἀθῶος

2132 4267 2309 4323 ἐσται.
2350 4284 2370 4318 ι
2416 4265 2543 4320 Ἐὰν
2573 4263 2892 4333 ὑπεξούσιός
2923 4281 3069 4330 τινος
3096 4264 3376 4337 ,θυμώδης
3409 4265 3505 4321 καὶ
3549 4265 3717 4338 ὕϐρι-

2135 4357 2300 4431 στὴς,
2337 4358 2370 4429 ἢ
2405 4357 2610 4428 ἑτέρως
2640 4356 2918 4428 αἱρετικδς
2945 4357 3110 4429 ἀνέλῃ
3133 4356 3345 4429 ψυχὴν,
3373 4358 3547 4423 αἴτιος
3576 4359 3723 4431 αὐτῇ

2132 4447 2367 4520 ψυχικοῦ
2403 4447 2640 4502 θανάτου
2675 4448 2988 4519 γενόμενος,
3015 4448 3181 4513 αὐτὸς
3211 4449 3312 4519 μὲν
3343 4449 3446 4521 τὴν
3478 4450 3727 4521 ἐσχάτην

2135 4542 2503 4610 ύποστήσεται
2543 4538 2767 4593 κόλασιν
2791 4553 2809 4570 ³
2860 4538 2973 4593 τῶν
3015 4538 3075 4593 δέ
3116 4538 3372 4610 πράξεων
3403 4540 3501 4595 καὶ
3540 4540 3726 4607 λόγων

2134 4631 2325 4698 αὐτοῦ,
2358 4630 2537 4694 οὐδεὶς
2588 4629 2985 4703 μεταλήψεται.
3045 4630 3105 4684 '0
3149 4630 3209 4685 δέ
3236 4630 3431 4685 τούτου
3457 4630 3728 4698 κατεξουο

2134 4722 2338 4788 σιάζων
2366 4720 2661 4785 ἀνεύθυνος
2679 4736 2694 4751 '
2717 4721 2796 4784 ὡς
2818 4721 3033 4791 ἀγνοῶν
3053 4722 3156 4792 τὴν
3180 4721 3452 4793 πονηρίαν
3482 4723 3579 4776 καὶ
3613 4739 3725 4777 κα-
3752 4738 3776 4827 ἐ

2135 4816 2261 4871 κίαν
2294 4811 2482 4869 αὐτοῦ.
2538 4830 2560 4865 ι
2606 4811 2734 4866 Ἐὰν
2769 4811 2850 4878 δέ,
2894 4811 3065 4882 φησὶ,
3104 4811 3595 4884 διαμαρτύρωνται
3638 4812 3726 4884 τῷ

2133 4907 2312 4977 κυρίῳ
2358 4902 2523 4958 αὐτοῦ
2548 4942 2565 4969 ,
2601 4903 2697 4959 καὶ
2726 4903 2831 4957 οὐκ
2874 4902 3113 4976 ἀφανίσῃ
3145 4902 3312 4955 αὐτὸν
3340 4941 3356 4968 ,
3409 4901 3505 4955 καὶ
3553 4900 3727 4965 αὐτὸς

2136 4993 2651 5067 προσαποθανετται.
2686 4993 2857 5056 Εἰδὼς
2877 4995 2987 5064 γὰρ
3012 4993 3108 5046 καὶ
3135 4993 3482 5064 ἀνεχόμενος,
3521 5008 3726 5046 κοινω-

2133 5085 2223 5150 νὸς
2255 5085 2463 5155 γίνεται
2505 5083 2604 5139 τοῦ
2646 5086 2832 5154 φόνου.
2889 5082 3016 5137 Ἐὰν
3046 5084 3106 5138 δέ
3136 5083 3344 5155 λύτρα,
3374 5084 3563 5153 φησὶν,
3593 5085 3727 5137 ἐπι-

2133 5174 2308 5247 ϐληθῇ
2334 5173 2507 5247 αὐτῷ,
2544 5174 2704 5229 δώσει
2730 5172 2903 5244 λύτρα
2931 5172 3032 5244 τῆς
3073 5173 3256 5245 ψυχῆς
3281 5172 3448 5227 αὐτοῦ
3473 5212 3488 5238 ,
3517 5174 3619 5227 ὅσα
3649 5174 3729 5228 ἂν

2132 5267 2469 5324 ἐπιϐάλωσιν
2513 5265 2683 5337 αὐτῷ.
2722 5283 2743 5319 ι
2785 5264 2943 5319 Τοῦτ’
2995 5265 3145 5320 ἐστιν
3167 5304 3183 5330 ,
3233 5266 3375 5322 Ἐὰν
3388 5264 3727 5336 ἐξομολογη-

2134 5356 2366 5427 σάμενος
2417 5355 2712 5427 ἐπιτιμίοις
2766 5355 3020 5427 ύποπέσῃ
3046 5393 3061 5420 ,
3095 5355 3372 5427 πληρώσει
3398 5355 3503 5410 ὅσα
3526 5354 3594 5409 ἂν
3627 5370 3731 5407 κε-

2134 5447 2357 5519 λευσθῇ.
2398 5465 2418 5499 ι
2471 5447 2596 5501 Ἐὰν
2627 5445 2719 5512 δέ,
2767 5446 2956 5517 φησὶν,
2994 5446 3114 5500 υἱὸν
3151 5446 3186 5517 ἦ
3233 5445 3511 5516 θυγατέρα
3562 5462 3731 5514 κεροι-

2134 5540 2265 5613 τίσῃ
2344 5538 2375 5595 ό
2429 5539 2631 5610 ταῦρος
2691 5539 2787 5592 καὶ
2840 5538 3035 5610 ἀνέλῃ,
3095 5539 3391 5608 γενήσεται
3465 5538 3607 5592 κατὰ
3655 5538 3732 5591 τὸ

2135 5630 2376 5701 δηλωθέν
2428 5629 2703 5700 δικαίωμα
2765 5628 2862 5683 τοῦ
2911 5629 3102 5700 νόμου.
3163 5629 3288 5685 Ἐὰν
3344 5629 3403 5683 δέ
3458 5629 3624 5682 παῖδα
3686 5629 3731 5699 ἢ

2135 5722 2450 5795 παιδίσκην,
2498 5723 2763 5797 ἀργυρίου
2807 5722 2854 5780 λ’
2887 5723 3158 5797 δίδραχμα
3207 5722 3370 5778 δώσει
3418 5722 3495 5795 τῷ
3540 5720 3731 5794 κυρίῳ

528 5899 544 5929 ¹
574 5896 744 5953 Exod.
770 5915 896 5967 xxxi,
926 5900 1008 5955 l9.
1081 5903 1104 5989 θ’
1133 5898 1305 5956 Exod.
1346 5915 1453 5969 xxx,
1485 5900 1572 5956 2'2.
1653 5903 1671 5934 ³
1697 5903 1834 5961 ibid.
1864 5903 1953 5960 28.

2131 5898 2218 5961 iid.
2255 5902 2344 5973 29,
2380 5901 2485 5997 50.‘
