4076 6464
458 448 594 504 1257

1838 448 2338 505 COLLECTANEA

3599 451 3733 510 1258

458 561 660 627 αὐτῶν,
702 564 796 614 καὶ
822 564 849 614 6
881 564 1079 633 ταῦρος
1127 565 1631 633 λιθοϐοληθήσεται.
1677 582 1695 616 ι
1749 565 1903 617 Ἐπεὶ
1931 563 2038 632 γὰρ

2141 553 2406 623 drachma
2429 566 2644 644 argenti
2670 566 2897 620 domino
2923 582 3141 630 eorum,
3171 573 3225 620 et
3253 575 3443 620 taurus
3461 564 3736 622 obruetur

458 653 711 724 διάφοροι
752 654 804 706 oi
852 656 1270 726 ἀναιρούμενοι,
1304 656 1474 726 ἄνδρα
1528 657 1628 726 μὲν
1676 656 1771 709 καὶ
1803 657 2041 724 γυναῖκα

458 745 671 813 νοήσεις
710 743 835 806 τοὺς
884 745 1275 817 παλαιοτέρους
1323 749 1402 809 εἰς
1453 747 1677 817 ἀρετήν.
1716 741 1818 798 Ὧν
1870 747 1899 797 ό
1939 745 2041 814 μὲν

462 835 810 907 ἰσχυρότερος
838 838 919 900 εὶς
945 839 1227 910 φρόνησιν,
1258 841 1286 892 6
1318 839 1375 892 δὲ
1393 837 1804 908 ἀσθενέστερος.
1833 836 1962 889 Υίὺν
1983 836 2040 890 δὲ

459 925 555 978 καὶ
585 925 864 998 θυγατέρα
912 933 1036 994 τοὺς
1069 930 1367 999 νεωτέρους
1406 931 1486 992 είς
1517 929 1748 1000 ἀρετήν’
1781 921 1858 981 ὧν
1883 923 2039 990 αὖθις

458 1019 487 1069 6
513 1018 612 1087 μὲν
635 1018 1006 1089 ίσχυρότερος,
1026 1023 1041 1040 ⁸
1059 1019 1456 1090 δεδουλωμένος
1477 1022 1600 1083 ταῖς
1624 1017 1944 1090 ἁμαρτίαις,
1965 1009 2040 1071 ὧν

2146 654 2423 724 lapidibus
2457 655 2499 710 ⁸.
2532 675 2550 705 ι
2581 656 2716 710 Nam
2738 658 2998 726 quoniam
3023 657 3228 712 diversi
3259 666 3388 732 sunt
3414 661 3507 729 qui
3534 661 3733 715 interi—

2146 756 2398 813 muntur,
2415 748 2594 802 virum
2615 748 2837 817 quidem
2860 750 3214 804 etmulierem
3236 751 3508 821 intelliges
3527 752 3734 822 eosqui

2147 844 2279 890 sunt
2304 837 2510 892 virtute
2537 837 2897 907 antiquiores.
2924 839 3001 892 Ex
3034 840 3236 908 quibus
3266 841 3356 896 ille
3385 842 3608 911 quidem
3649 850 3731 897 est

2147 927 2203 982 in
2227 928 2518 997 prudentia
2554 927 2854 994 robustior,
2875 928 2975 983 hic
3001 945 3131 985 vero
3151 931 3496 987 imbecillior.
3531 935 3730 988 Filium

2146 1028 2332 1074 autem
2352 1030 2408 1075 ct
2434 1019 2623 1084 tiliam,
2644 1036 2740 1075 eos
2767 1021 2862 1090 qui
2890 1021 2948 1075 in
2983 1021 3186 1076 virtute
3213 1034 3343 1078 sunt
3360 1024 3629 1094 iuniores,
3663 1041 3729 1079 ex

457 1109 660 1177 ὁμοίως
701 1110 730 1160 ὁ
769 1109 868 1179 μὲν
917 1111 1300 1182 ἰσχυρότερος,
1344 1112 1373 1163 6
1398 1109 1456 1163 δὲ
1493 1109 1903 1179 ἀσθενέστερος.
1945 1105 2038 1158 Διά

2143 1108 2348 1176 quibus
2382 1125 2578 1166 rursus
2617 1109 2709 1164 ille
2753 1110 2978 1180 quidem
3022 1121 3108 1166 est
3146 1112 3446 1177 robustior,
3482 1114 3573 1169 hic
3597 1131 3732 1169 vero

458 1199 516 1252 δὲ
543 1201 643 1271 τῆς
670 1200 975 1265 ἀποτίσεως
992 1203 1087 1255 τοῦ
1109 1203 1397 1273 ἀργυρίου,
1427 1202 1526 1273 τὴν
1556 1201 1814 1256 ἐλάττονα
1840 1196 2038 1269 ζημίαν

2146 1198 2498 1256 imbecillior.
2550 1201 2797 1256 Puerum
2848 1210 3034 1257 autem
3080 1213 3138 1258 et
3171 1205 3452 1270 ancillam,
3497 1222 3593 1260 eos
3635 1207 3730 1275 qui

459 1292 702 1362 ᾐνίξατο.
753 1293 826 1348 Οὐ
875 1293 986 1365 γὰρ
1028 1295 1144 1350 ἴσον
1199 1298 1279 1360 εἰς
1317 1297 1522 1367 ζημίαν
1569 1289 1898 1366 ἀμαρτωλοῦ
1948 1289 2038 1343 καὶ

2142 1299 2274 1346 sunt
2327 1291 2512 1346 adhuc
2551 1293 2851 1362 mancipati
2885 1293 3058 1359 vitiis,
3117 1310 3186 1348 ex
3234 1296 3438 1364 quibus
3476 1297 3732 1350 slmiliter

459 1381 667 1436 δικαίου
695 1384 943 1448 θάνατος.

2144 1381 2236 1436 ille
2269 1383 2492 1452 quidem
2520 1393 2606 1439 est
2630 1384 2934 1449 robustior,
2962 1384 3054 1439 hic
3078 1401 3212 1440 vero
3247 1385 3602 1441 imbecillior.
3629 1388 3732 1440 Per

459 1477 674 1545 argenti
711 1487 893 1532 autem
931 1478 1285 1543 solutionem,
1322 1479 1594 1533 minorem
1640 1476 1870 1530 multam
1917 1471 2081 1526 tacite
2120 1472 2469 1542 signiﬁcavit.
2510 1475 2826 1529 Peccatoris
2865 1475 3015 1530 enim
3055 1483 3111 1529 et
3142 1476 3278 1546 justi
3321 1492 3472 1530 mors
3498 1493 3607 1530 non
3646 1485 3731 1530 est

460 1582 560 1635 par
597 1568 788 1621 multa.

473 1659 614 1736 Ἕάῗ
667 1677 833 1736 τινος
881 1661 1100 1736 τιζῧρος
1156 1662 1453 1736 κςρατίσῃᾼ
1476 1661 1602 1736 ’,τὸν
1654 1659 1879 1736 ταῦρον
1930 1653 2038 1736 τοῦ

528 1730 817 1796 πλησίον,
852 1731 949 1784 καί
980 1728 1233 1799 τελευτῇ
1257 1772 1274 1798 ,
1305 1728 1721 1787 ἀποδώσονται
1757 1728 1864 1781 τὸν
1897 1728 2038 1799 ταῦ-

520 1815 636 1876 ρος
660 1798 996 1876 τὸνζῶγτα,
1029 1802 1127 1876 θεαί
1161 1796 1501 1876 διεᾷοῦνται
1523 1802 1588 1876 ζὸ
1621 1800 1905 1876 ἀργύριον
1936 1796 2040 1847 αὐ-

528 1868 658 1934 τοῦ,
694 1869 793 1922 καὶ
824 1872 931 1922 τὸν
958 1869 1182 1940 ταῦρον
1209 1871 1319 1925 τὸν
1351 1869 1644 1925 τεθνεῶτα
1670 1868 2034 1922 διενίοῦνται.

2149 1648 2206 1704 Si
2245 1650 2397 1722 cujus
2437 1658 2624 1703 taurus
2661 1667 2826 1704 cornu
2864 1652 3074 1719 petierit
3115 1661 3331 1704 taurum
3379 1655 3640 1722 proximi,
3682 1665 3733 1710 et

2222 1721 2379 1790 fuerit
2402 1728 2661 1785 mortuus,
2698 1721 2917 1774 vendent
2950 1729 3164 1774 taurum
3200 1721 3489 1786 mortuum,
3522 1733 3568 1778 et
3599 1726 3732 1778 divi-

2217 1791 2344 1911 :ltent
2380 1790 2506 1889 6ejus
2557 1792 2858 1861 pecuniam,
2911 1798 2959 1842 et
3013 1799 3229 1844 taurum
3276 1794 3734 1849 utortuum'divi-

2255 1867 2340 1911 ent
2407 1899 2420 1911 .

2255 1875 2340 1912 ιἠι
2380 1875 2420 1911 ’³.

541 1957 670 2010 Ἐὰν
719 1959 852 2029 παρ’
905 1960 1002 2028 οὐχ
1061 1959 1276 2023 ἑκόντος
1319 1959 1465 2022 τινὸς
1517 1959 1691 2029 ζημία
1747 1958 2038 2026 γενήσεται

2213 1950 2269 2006 Si
2307 1951 2576 2005 anolente
2609 1951 2794 2020 aliquo
2819 1949 2986 2003 fuerit
3011 1949 3286 2020 quispiam
3308 1968 3448 2006 noxa
3480 1953 3730 2021 allectus,

459 2045 596 2116 πρὸς
622 2047 746 2101 τινὰ
768 2087 784 2113 ,
817 2051 846 2102 6
880 2049 979 2118 μὲν
1006 2048 1306 2120 ζημιωθεὶς
1339 2049 1772 2120 συμμετασχέτω
1801 2049 1896 2102 τοῦ
1931 2065 2043 2100 πα-

461 2137 819 2208 ραμείναντος
848 2141 1074 2213 κέρδους
1100 2141 1179 2212 τῷ
1216 2141 1580 2212 ζημιώσαντι,
1615 2142 1644 2194 ὃ
1676 2140 1931 2211 δηλοῦται
1953 2139 2042 2193 διὰ

457 2227 550 2281 τοῦ
591 2229 794 2295 ζῶντος
825 2231 907 2285 ἔτι
939 2232 1170 2304 ταύρου.
1217 2234 1276 2286 '0
1309 2232 1356 2285 δ’
1386 2231 1702 2300 ἀϐουλήτως
1729 2231 2041 2301 ζημιώσας,

459 2320 621 2374 πάλιν
655 2323 1090 2394 συμμετασχέτω
1128 2325 1227 2395 τῆς
1261 2323 1462 2393 ζημίας
1487 2340 1501 2354 ⁶
1554 2323 1633 2394 τῷ
1681 2323 2038 2394 ζημιωθέντι.

463 2409 530 2461 Ὃ
557 2409 850 2480 γενήσεται
872 2413 961 2467 διὰ
995 2413 1090 2467 τοῦ
1123 2413 1509 2468 συλλυπεῖσθαι
1529 2412 1698 2484 αὐτῷ.
1740 2431 1760 2466 ι
1807 2413 1935 2468 Ἐάν
1959 2413 2039 2480 δὲ,

457 2501 614 2569 φησὶ,
674 2501 1149 2576 διαμαρτυρηθείη
1199 2506 1328 2575 περὶ
1377 2503 1471 2559 τοῦ
1527 2505 1772 2575 ταύρου,
1828 2505 1926 2558 καὶ
1964 2505 2039 2575 μὴ

455 2589 694 2662 ἀφανίσῃ
727 2592 919 2658 αὐτὸν,
967 2593 1062 2648 καὶ
1090 2593 1253 2666 ἀνέλῃ
1287 2595 1378 2649 τὸν
1426 2595 1628 2666 ταῦρον
1660 2595 1754 2648 τοῦ
1787 2595 2036 2666 πλησίον,

455 2682 706 2736 ἀποτίσει
728 2685 927 2756 ταῦρον
953 2687 1076 2741 ἀντὶ
1105 2688 1201 2741 τοῦ
1224 2689 1450 2759 ταύρου,
1474 2691 1503 2741 ὁ
1526 2689 1584 2742 δὲ
1633 2689 2042 2759 τετελευτηκὼς

455 2775 608 2847 αύτῷ
637 2776 815 2832 ἔσται.
870 2797 888 2830 ι
934 2779 1108 2843 Εἰδὼς
1141 2781 1252 2850 γὰρ
1297 2782 1392 2833 καὶ
1435 2781 1510 2850 μὴ
1569 2781 2036 2852 ἀσφαλισάμενος,

455 2865 604 2920 δοκεῖ
656 2870 1209 2939 συγκατεργάσασθαι
1262 2871 1362 2941 τὴν
1420 2872 1702 2941 ἀναίρεσιν
1745 2873 1841 2926 τοῦ
1876 2873 2035 2926 ἀλλο-

454 2958 608 3028 τρίου
630 2974 645 2989 ⁸
677 2959 761 3013 διδ
791 2961 884 3012 καὶ
912 2961 1225 3015 ἀπαιτεῖται
1271 2963 1369 3033 μὲν
1396 2963 1554 3032 δίκην
1586 2964 1726 3034 ὑπὲρ
1759 2965 1862 3033 τῆς
1891 2966 2039 3018 ἀναι-

457 3048 690 3121 ρέσεως,
739 3051 904 3114 αὐτὸς
957 3052 1015 3106 δὲ
1072 3052 1234 3121 μόνος
1288 3054 1582 3123 ζημιοῦται
1630 3056 1773 3113 κατά
1829 3055 2035 3128 ψυχήν.

457 3138 631 3192 Τοῦτο
659 3141 790 3212 γὰρ,
821 3137 996 3212 οἶμαι,
1030 3142 1199 3213 δηλοῖ,
1228 3144 1288 3196 τό
1314 3160 1328 3174 ο
1383 3163 1400 3196 ι
1450 3145 1508 3200 Ὀ
1541 3146 1596 3200 δὲ
1630 3147 2036 3219 τετελευτηκὼς

460 3231 608 3303 αὒτῷ
635 3232 808 3288 ἔσται.
853 3253 873 3285 ι

472 3433 611 3507 Ἐὰιί
645 3433 958 3507 ἄνθρωπος
1003 3435 1281 3507 κζῖέπτων
1316 3438 1528 3507 ψυχὴν
1568 3439 1636 3492 ἐκ
1685 3440 1803 3493 τῶν
1857 3442 2035 3496 ἀδελ-

527 3504 658 3571 φῶν
688 3505 890 3559 ἀὑτοῦ
913 3545 928 3570 ,
994 3504 1113 3558 τῶν
1169 3504 1332 3562 υίῶνί
1375 3504 1612 3574 Ἰσραὴλ
1638 3548 1652 3572 ,
1705 3512 2040 3565 καταδυνα-

525 3574 797 3694 ἓγτερσιις
850 3574 1151 3630 ἀποδῶται
1183 3617 1199 3642 ,
1243 3577 1627 3631 ἀποθανεῖται
1686 3583 1718 3634 ὁ
1765 3583 2037 3650 κλέπτης

559 3659 778 3709 κεινος.

538 3734 600 3787 ’0
627 3733 696 3786 δι’
725 3735 944 3812 ἀπάτης
977 3735 1191 3804 ὑφελὼν
1219 3735 1311 3790 τὸν
1347 3737 1487 3808 ὁρθά
1511 3743 1730 3809 φρονεῖν
1757 3741 2036 3812 ἑλόμενον,

458 3828 556 3877 καί⁷
587 3826 984 3896 μετερχόμενον
1022 3827 1137 3898 βίον
1167 3828 1452 3901 ἐλεύθερον
1486 3832 1684 3895 κακίας
1703 3873 1717 3898 ,
1749 3836 1844 3888 καὶ
1873 3853 2040 3890 κατα-

456 3915 827 3980 δυναστεύσας
874 3918 968 3972 καὶ
1012 3919 1345 3990 ἀποδόμενος
1396 3922 1480 3984 είς
1519 3922 1765 3978 δουλείαν
1818 3928 2037 3982 ἀσεϐῶν

457 4006 765 4076 δογμάτων,
806 4008 839 4079 ἢ
873 4011 1201 4088 σωματικῶν
1242 4011 1454 4078 παθῶν,
1499 4014 1852 4073 ἀποθανεῖται
1876 4019 2036 4074 θάνα⁶

459 4113 550 4151 τον
577 4097 831 4169 ψυχικόν.

473 4210 608 4294 Ἐάν
633 4230 722 4294 τίς
749 4213 948 4294 κλέψῃ
974 4217 1217 4294 μόσχον
1235 4221 1279 4294 Δἣ
1308 4223 1626 4294 πρόϐατον,
1646 4223 1742 4277 καί
1767 4225 1977 4294 σφάξῃ
1999 4228 2038 4291 ἣ

526 4282 848 4349 ἀποδῶται,
871 4292 914 4337 εδ
925 4282 1201 4356 μοσχοὶις
1214 4282 1489 4344 ἀποτίσει
1507 4282 1639 4346 ἀντὶ
1661 4296 1768 4348 τοῦ
1773 4282 2034 4364 ﬁdei;de

530 4373 641 4427 Καὶ
690 4375 720 4427 ό
763 4375 962 4446 μόσχος
1007 4379 1102 4430 καὶ
1151 4379 1213 4432 τὺ
1270 4383 1542 4449 πρόϐατον
1581 4386 1799 4454 καθαρὰ
1836 4387 2039 4456 ὁμοίως

461 4465 556 4518 καὶ
599 4464 681 4536 τῷ
725 4466 846 4538 Θεῷ
896 4469 1316 4540 προσαγόμενα,
1367 4475 1460 4527 καὶ
1505 4476 1672 4546 ἄμφω
1709 4476 1882 4542 τύπος
1929 4479 2038 4531 τῶν

383 4589 388 4593 -
460 4557 844 4628 καθαρθέντων
879 4560 966 4614 διά
999 4561 1097 4632 τῆς
1139 4565 1220 4627 είς
1257 4565 1494 4634 Χριστὸν
1532 4567 1768 4631 πίστεως
1815 4569 1910 4622 καὶ
1941 4571 2036 4622 τοῦ

2144 2041 2192 2096 is
2230 2043 2455 2111 quidem
2483 2042 2572 2096 cui
2623 2041 2810 2095 datum
2839 2050 2924 2094 est
2968 2040 3252 2107 damnum,
3289 2043 3360 2098 sit
3388 2045 3555 2098 etiam
3591 2046 3731 2100 lucri

2143 2136 2422 2205 particeps
2442 2135 2589 2204 quod
2614 2139 2877 2190 remansit
2895 2138 2946 2191 ei
2965 2137 3058 2206 qui
3083 2137 3345 2192 damnum
3375 2137 3549 2203 dedit,
3582 2141 3729 2208 quod

2138 2223 2363 2293 quidem
2403 2225 2743 2295 signiﬁcatur
2774 2241 2874 2295 per
2911 2234 3132 2281 taurum
3168 2228 3352 2283 adhuc
3383 2230 3591 2284 vivum.
3625 2230 3730 2296 Qui

2144 2323 2328 2369 autem
2378 2331 2488 2369 non
2540 2316 2856 2372 voluntarie
2905 2317 3170 2372 damnum
3210 2319 3386 2385 dedit,
3433 2337 3626 2375 rursus
3660 2321 3732 2376 sit

2140 2405 2328 2460 damni
2375 2406 2653 2476 particeps
2699 2423 2823 2461 cum
2853 2425 2919 2463 eo
2946 2410 3034 2463 cui
3081 2410 3270 2464 datum
3306 2421 3392 2466 est
3419 2411 3681 2466 damnum
3715 2432 3730 2466 :

2140 2495 2286 2564 quod
2322 2495 2416 2550 ﬁet
2448 2512 2514 2551 ex
2540 2512 2606 2552 eo
2649 2498 2796 2568 quod
2827 2499 3018 2554 dolore
3057 2499 3220 2555 simul
3255 2517 3381 2557 cum
3418 2519 3484 2560 co
3522 2501 3730 2557 afﬁcia-

2141 2595 2251 2640 tur.
2301 2606 2319 2638 ι
2349 2587 2446 2642 Sin
2505 2599 2710 2654 autem,
2749 2590 2947 2660 inquit,
2999 2591 3068 2646 de
3110 2601 3269 2648 tauro
3305 2593 3357 2649 ei
3388 2593 3531 2648 facta
3565 2595 3733 2651 fuerit

2140 2679 2494 2743 coutestatio,
2527 2689 2737 2734 etcum
2786 2682 2854 2736 de
2912 2682 3098 2737 medio
3160 2699 3271 2737 non
3324 2686 3632 2750 sustulerit,
3675 2695 3732 2740 et

2139 2779 2360 2825 taurum
2385 2772 2555 2826 vicini
2581 2773 2950 2835 interemerit,
2967 2775 3161 2829 reddet
3187 2785 3404 2831 taurum
3420 2794 3522 2847 pro
3542 2788 3728 2833 tauro:

2128 2865 2236 2932 qui
2267 2871 2353 2918 est
2383 2874 2568 2918 autem
2600 2877 2874 2930 mortuus,
2909 2867 3157 2937 eritejus
3183 2868 3224 2920 ".
3264 2887 3281 2919 ι
3316 2863 3451 2924 Nam
3473 2871 3569 2941 qui
3594 2873 3733 2927 scie-

2139 2958 2257 3023 bat,
2297 2967 2354 3014 ct
2391 2976 2502 3014 non
2538 2961 2703 3024 cavit,
2746 2959 2966 3013 videtur
2997 2961 3160 3016 simul
3200 2961 3503 3017 confecisse
3527 2963 3731 3018 caedem

2138 3049 2328 3116 alieni,
2356 3051 2717 3120 quamobrem
2767 3050 2834 3104 ab
2877 3066 2945 3105 eo
2987 3052 3153 3106 etiam
3181 3054 3430 3122 poscitur
3459 3053 3528 3108 de
3558 3054 3735 3108 inter-

2137 3144 2420 3212 emptione
2493 3142 2868 3212 supplicium:
2913 3152 2968 3196 at
3011 3143 3128 3212 ipse
3172 3152 3356 3198 autem
3391 3145 3542 3199 solus
3575 3145 3731 3198 dam-

2143 3249 2274 3287 num
2299 3234 2508 3302 patitur
2531 3235 2585 3287 in
2610 3234 2809 3287 anima.
2836 3234 2951 3288 lloc
2973 3234 3143 3297 enim,
3183 3243 3242 3287 ut
3268 3235 3486 3303 opinor,
3523 3236 3732 3305 signiti-

2142 3335 2232 3380 cat
2253 3326 2387 3380 illud
2413 3345 2425 3380 :
2456 3345 2475 3376 ι
2507 3325 2609 3392 Qui
2635 3333 2933 3400 estautem
2963 3334 3238 3390 mortuus,
3273 3329 3381 3382 erit
3418 3330 3560 3399 ejus.
3598 3346 3616 3379 ι

2142 3440 2200 3496 Si
2238 3443 2390 3511 homo
2438 3442 2706 3511 suﬂ'urans
2743 3443 2983 3496 animam
3037 3457 3101 3495 ea:
3149 3442 3401 3510 fratribus
3443 3442 3551 3494 suis
3601 3439 3727 3506 ﬁliis

2211 3510 2390 3650 ἰωνιῧῖ
2427 3512 2591 3612 risimia
2635 3512 2800 3579 fretus
2838 3513 3074 3583 potentia
3121 3512 3434 3576 vendiderit,
3473 3513 3728 3564 morietur

2235 3597 2341 3634 ur:
2392 3597 2419 3635 e
2480 3620 2494 3633 .

2235 3597 2298 3633 ιιι*
2327 3597 2419 3635 me
2451 3597 2494 3633 °.

2210 3742 2313 3807 Qui
2339 3741 2467 3796 dolo
2488 3756 2616 3796 eum
2647 3741 2992 3811 subripuerit
3019 3741 3116 3810 qui
3141 3749 3287 3795 recta
3310 3736 3520 3794 sentire
3537 3735 3722 3805 elegit,

2138 3845 2195 3890 et
2227 3834 2577 3904 persequitur
2609 3835 2778 3888 vitam
2801 3849 2832 3888 a
2876 3833 3010 3889 vitio
3042 3833 3295 3896 liberam,
3331 3839 3388 3885 et
3409 3829 3581 3884 nimia
3615 3827 3725 3882 fre-

2141 3936 2230 3982 tus
2281 3926 2525 3997 potentia
2566 3926 2883 3982 vendiderit
2941 3926 2998 3980 in
3053 3926 3379 3981 servitutem
3426 3922 3723 3992 impiorum

2140 4017 2479 4088 dogmatum,
2523 4024 2620 4070 aut
2658 4016 3031 4086 corporalium
3081 4015 3341 4070 vitiorum
3382 4022 3440 4068 et
3475 4011 3723 4068 affectio-

2141 4127 2296 4174 num,
2328 4109 2594 4165 morietur
2626 4115 2804 4164 morte
2825 4108 3039 4170 animm.

2141 4223 2199 4277 Si
2227 4226 2342 4292 quis
2381 4225 2671 4294 suﬂ'uratus
2695 4224 2880 4347 (fuerit
2921 4223 3143 4278 vitulum
3183 4229 3276 4275 aut
3303 4237 3470 4284 avent,
3506 4229 3556 4274 et
3589 4221 3724 4273 occi—

2211 4295 2368 4347 derit.
2410 4303 2501 4347 aut
2541 4295 2692 4347 vendi
2732 4296 2856 4347 erit.
2891 4310 2986 4347 vro
3009 4292 3174 4347 vitulo
3201 4291 3380 4345 reddet
3417 4292 3647 4347 quinque
3681 4290 3723 4342 θ.

2211 4290 2368 4358 derit,
2410 4290 2501 4348 aut
2541 4290 2856 4358 vendiderit,
2891 4310 2986 4365 pro
3009 4292 3174 4348 vitulo
3201 4291 3380 4345 reddet
3417 4292 3647 4359 quinque
3681 4290 3723 4342 θ.

2213 4387 2280 4440 Ει
2317 4385 2526 4441 vitulus
2573 4393 2630 4440 et
2667 4385 2787 4440 ovis
2826 4394 2956 4439 sunt
2993 4383 3250 4439 similiter
3278 4381 3494 4445 mundi,
3528 4389 3584 4436 et
3616 4382 3729 4434 Dea

2142 4480 2474 4543 oﬁ‘eruntur,
2524 4486 2582 4534 et
2605 4487 2735 4532 sunt
2785 4477 2948 4532 ambo
3006 4475 3177 4546 ﬁgura
3215 4490 3408 4530 eorum
3456 4473 3552 4543 qui
3600 4482 3730 4527 sunt

2143 4572 2359 4640 purgati
2385 4585 2482 4640 per
2503 4570 2664 4625 ﬁdem
2693 4570 2749 4624 in
2774 4570 3052 4625 Christum
3077 4577 3135 4623 ct
3161 4577 3412 4622 sanctum
3434 4566 3726 4637 baptisma,

458 4651 616 4718 ἁγίου
653 4651 1027 4722 βαπτίσματος
1049 4692 1064 4718 ,
1102 4657 1196 4708 καὶ
1225 4633 1344 4726 Θεῷ
1383 4660 1832 4728 προσαγομένων.
1877 4663 2038 4731 Διχη-

2142 4633 2198 4718 et
2252 4633 2745 4718 beo-oderuntur.
2776 4662 2913 4716 Nam
2949 4662 2984 4715 ii
3031 4676 3252 4731 quoque
3279 4633 3731 4716 biﬁdum—habent

457 4741 673 4805 λοῦντες
703 4741 814 4813 γάρ
848 4743 942 4798 καὶ
972 4736 1120 4798 οὗτοι
1151 4746 1228 4810 ὡς
1261 4747 1352 4800 διὰ
1395 4747 1648 4819 πράξεως
1679 4750 1772 4804 καὶ
1805 4750 2039 4822 Θεωρίας

458 4830 800 4899 βαδίζοντες,
831 4834 926 4887 καὶ
963 4836 1314 4907 μηρυκισμὺν
1345 4837 1663 4906 ἀνάγοντες,
1699 4840 1773 4904 ὡς
1806 4841 1907 4909 τὴν
1939 4859 2038 4894 πα-

458 4925 691 4994 χυτέραν
711 4922 806 4978 τοῦ
830 4926 990 4995 λόγου
1022 4929 1227 4998 τροφὴν
1257 4930 1757 4995 καταλεπτύνοντες
1800 4931 1880 4994 είς
1913 4934 2037 4985 θεω-

458 5016 582 5085 ρίαν
609 5015 967 5089 ὑψηλοτέραν,
997 5020 1093 5073 καὶ
1116 5022 1236 5082 ταῖς
1259 5021 1430 5085 θείαις
1457 5022 1649 5086 αὐλαῖς
1669 5023 1769 5093 τῆς
1810 5025 2038 5095 Ἐκκλη-

457 5107 582 5170 σίας
615 5107 1083 5179 ἐνσεσηκισμένοι.
1129 5110 1269 5163 Ἀλλ’
1297 5113 1327 5164 ὁ
1374 5113 1472 5182 μὲν
1522 5113 1726 5183 μόσχος
1767 5115 2040 5183 σύμϐολον

457 5195 564 5250 τῶν
589 5197 941 5270 ὑψηλοτέρων
965 5218 979 5232 ·
1001 5202 1062 5254 τὸ
1083 5201 1139 5254 δὲ
1168 5203 1438 5272 πρόϐατον
1456 5204 1562 5256 τῶν
1595 5205 2038 5276 ὑποϐεϐηκότωνο

461 5288 670 5356 μείζων
723 5290 823 5360 μὲν
867 5291 977 5362 γὰρ
1003 5293 1032 5345 6
1077 5294 1278 5364 μόσχος
1302 5337 1316 5360 ,
1352 5299 1503 5366 μεῖον
1551 5296 1609 5350 δὲ
1635 5297 1696 5350 τὸ
1742 5298 2037 5368 πρόϐατον.

471 5379 599 5434 Ἐάν
637 5399 724 5445 τις
769 5382 1060 5454 τοιγαροῦν
1090 5385 1368 5456 αίρετικὸς
1425 5388 1600 5461 κλέψῃ
1650 5389 1776 5443 τινὰ
1828 5391 2042 5447 τούτων

457 5469 763 5542 λεληθότως
782 5513 796 5536 ,
834 5475 928 5528 καὶ
958 5476 1262 5546 ἀπαγαγὼν
1291 5482 1392 5549 τῆς
1421 5480 1707 5543 εὐσεϐείας
1737 5481 2038 5555 ἀποκτείνῃ

455 5565 523 5633 τῇ
555 5565 802 5637 μαχαίρᾳ
837 5566 950 5620 τῶν
978 5567 1194 5622 ἀσεϐῶν
1223 5569 1533 5639 δογμάτων,
1562 5571 1596 5641 ἢ
1621 5571 1898 5626 ἀποδῶται
1931 5575 2038 5629 πά-

2143 4755 2426 4824 ungulam,
2455 4761 2516 4808 ut
2551 4753 2647 4823 qui
2682 4753 3064 4823 ingrediantur
3094 4769 3192 4822 per
3215 4753 3486 4807 actionem
3512 4759 3568 4804 et
3597 4766 3730 4805 con-

2144 4842 2582 4911 templationem,
2613 4851 2670 4896 et
2705 4843 2975 4897 reducant
3004 4841 3453 4903 ruminationem,
3485 4848 3541 4894 ct
3577 4855 3730 4893 cras—

2144 4932 2262 4985 sius
2291 4931 2444 4986 verbi
2473 4931 2796 4986 alimentum
2830 4931 2886 4984 in
2916 4931 3170 4986 altiorem
3192 4930 3571 4986 comminuam
3594 4943 3730 4981 con-

2144 5023 2577 5092 templationem,
2629 5033 2684 5078 et
2722 5021 3072 5077 stabulentur
3096 5022 3148 5075 in
3183 5021 3389 5078 divinis
3424 5018 3583 5073 atriis
3620 5019 3726 5072 Ee-

2140 5114 2340 5170 clesiaz.
2379 5114 2487 5169 Sed
2514 5114 2722 5168 vitulus
2749 5112 2975 5183 quidem
2997 5122 3080 5167 est
3099 5111 3408 5180 symbolum
3432 5109 3722 5164 altiorum:

2140 5203 2261 5259 ovis
2296 5212 2480 5258 autem
2505 5203 2850 5258 inferiorum.
2886 5201 3020 5255 Nam
3053 5202 3225 5268 major
3256 5199 3478 5269 quidem
3505 5208 3591 5254 est
3641 5200 3725 5252 vi-

2143 5293 2310 5356 tulus,
2333 5292 2455 5347 ovis
2477 5307 2608 5346 vero
2633 5289 2833 5344 minor.
2874 5288 2930 5343 Si
2955 5287 3226 5356 quispiam
3268 5302 3400 5358 ergo
3433 5288 3728 5342 hrereticus

2143 5399 2211 5439 ex
2239 5383 2306 5438 iis
2327 5383 2568 5452 aliquem
2600 5381 2739 5434 clam
2768 5378 2935 5432 fuerit
2969 5378 3292 5443 sull‘uratus,
3334 5387 3391 5434 et
3424 5379 3725 5433 abductum

2147 5493 2177 5531 a
2197 5477 2400 5546 pietate
2424 5471 2689 5529 occiderit
2722 5469 2903 5540 gladio
2943 5470 3236 5538 impiorum
3268 5471 3604 5541 dogmatum,
3632 5479 3726 5522 aut

2143 5567 2459 5629 vendiderit
2494 5563 2648 5619 vitiis
2671 5572 2726 5617 et
2751 5561 3140 5619 aﬁ‘ectionibus
3164 5580 3286 5633 quae
3311 5579 3437 5617 eum
3471 5562 3725 5632 redigunt

528 5706 836 5788 g')‘Suplple
879 5728 889 5737 '
923 5713 953 5764 ὁ
983 5713 1038 5765 δὲ
1076 5714 1481 5783 ἀσθενέστερος.
1522 5718 1691 5770 ῐιαῐδσ.
1747 5719 1797 5771 δὲ
1845 5723 1930 5772 καὶ
1962 5739 2036 5773 πα

2141 5739 2274 5788 πκην,
2317 5719 2439 5780 τοὺς
2471 5713 2569 5772 ἔτι,
2617 5720 2669 5764 et
2697 5711 2980 5768 continuo,
3015 5721 3110 5776 pro
3143 5706 3558 5775 δεδουλωμένος,
3597 5708 3714 5775 lege

455 5776 853 5841 δεδουλωμένοι)
867 5798 910 5840 ς.

530 5891 549 5919 ⁵
585 5891 755 5946 Exod.
784 5909 893 5961 x11,
929 5895 1017 5961 3l,
1051 5894 1136 5949 52.
1217 5895 1234 5923 ⁸
1258 5895 1395 5952 Ibid.
1431 5895 1517 5952 35.
1597 5894 1617 5928 ⁷
1648 5895 1784 5952 Ibid.
1813 5898 1902 5954 ὅθ.
1980 5900 1998 5928 ⁸
2034 5902 2038 5957 ζ

2141 5899 2207 5954 μά.
2253 5914 2379 5961 nu,
2424 5898 2442 5952 l
2483 5911 2632 5964 seqq.

2715 5897 2732 5924 ⁵
2772 5894 2907 5950 Ibid.
