4076 6468
322 502 337 507 -
419 448 556 506 1239

1609 454 1663 510 S.
1704 454 1980 513 CYRILLI
2015 457 2105 513 ET
2143 458 2452 518 ALlORUM

3527 466 3667 521 1940

415 565 472 618 in
518 562 877 626 servitutem,
929 562 1328 619 convenienter
1382 565 1728 637 proportioni
1790 567 1958 637 priori

2064 566 2213 625 ηθεσι
2260 569 2682 625 καταδουλοῦσιν
2746 571 2929 637 αὐτὸν,
2982 571 3242 640 ἀνάλογον
3291 573 3357 643 τῇ
3419 574 3666 646 προτέρᾳ

412 654 634 709 virtutis
656 654 774 723 ejus
814 654 911 723 qui
949 652 1101 709 furto
1137 655 1435 725 subreptus
1463 666 1568 723 est,
1596 657 1747 713 dabit
1775 674 1986 729 pinnas.

410 744 525 801 Hoc
542 744 691 799 enim
716 744 1059 816 significatur
1085 762 1184 816 per
1215 747 1478 803 damnum
1505 750 1683 820 majus
1704 758 1763 806 et
1784 751 1986 807 minus.

416 854 436 886 ι
474 834 531 890 Si
573 844 756 890 autem
809 836 865 891 in
895 837 1061 902 fossa,
1090 838 1289 909 inquit,
1321 839 1412 895 fur
1431 840 1602 896 fuerit
1627 842 1903 909 inventus,
1931 851 1989 898 et

408 941 704 995 percussus
735 927 904 983 fuerit
920 938 1195 996 mortuus,
1217 946 1328 986 non
1352 931 1717 1002 imputabitur
1739 934 1941 990 cades.
1961 953 1980 986 ι

407 1019 547 1075 Eum
589 1020 739 1075 enim
794 1022 887 1090 qui
925 1022 1205 1079 invenitur
1265 1023 1533 1080 effodiens
1578 1026 1879 1082 Ecclesiam
1924 1037 1988 1083 ut

404 1109 707 1165 suﬂ‘uretur
752 1114 1011 1176 animam,
1057 1114 1104 1168 si
1146 1114 1272 1184 quis
1311 1115 1454 1171 forte
1480 1117 1838 1185 interfecerit,
1873 1133 1984 1175 non

404 1206 490 1253 est
522 1214 651 1255 reus
684 1200 869 1265 caedis,
910 1202 1056 1271 quod
1099 1206 1298 1259 attinet
1337 1206 1404 1260 ad
1439 1206 1616 1277 legem
1658 1208 1898 1273 civilem,
1920 1204 1986 1263 ut

401 1290 498 1358 qui
547 1305 676 1345 eum
727 1291 1050 1347 iuterticerit
1084 1294 1179 1363 qui
1231 1296 1518 1352 manifeste
1546 1305 1604 1352 et
1632 1299 1984 1369 impudenter

399 1379 814 1434 latrocinetum
837 1380 931 1435 Sin
956 1391 1160 1449 autem,
1179 1384 1379 1454 inquit,
1399 1402 1566 1457 super
1584 1403 1710 1443 eum
1734 1397 1888 1446 ortus
1912 1392 1985 1446 sit

400 1469 505 1533 sol,
548 1485 677 1523 reus
711 1471 1010 1526 e'ritcmdis
1029 1473 1123 1541 qui
1156 1487 1283 1527 eum
1315 1475 1677 1532 interfecerit.
1713 1496 1732 1529 ι
1762 1478 1900 1533 Nam
1933 1479 1978 1534 si

400 1569 569 1624 super
589 1571 716 1610 eum
739 1557 855 1626 qui,
882 1566 944 1612 ut
965 1558 1448 1627 dictum,furatur,
1466 1565 1682 1620 oriatur
1699 1568 1781 1621 sol
1801 1568 1980 1636 pumi-

400 1646 587 1700 tentiae
620 1655 677 1724 et
710 1648 947 1717 pietatis,
980 1666 1109 1705 reus
1139 1652 1247 1719 erit
1279 1654 1374 1722 qui
1400 1655 1766 1720 interfecerit,
1795 1665 1859 1711 ut
1885 1665 1983 1727 qui

396 1735 549 1811 pium
578 1738 845 1792 occiderit
872 1748 927 1794 et
953 1742 1044 1811 qui
1074 1752 1159 1798 est
1188 1742 1434 1812 ejusdem
1462 1744 1610 1799 ﬁdei.
1641 1763 1658 1795 ι
1682 1745 1778 1801 Sin
1795 1756 1979 1802 autem

397 1841 506 1880 non
534 1828 662 1892 sint,
690 1829 884 1899 inquit,
909 1831 958 1886 ei
986 1833 1291 1899 facultates,
1323 1835 1595 1890 vendatur
1622 1852 1725 1906 pro
1755 1838 1921 1894 furto.
1948 1858 1966 1891 ι

2089 660 2259 730 ἀρετῇ
2294 658 2391 714 τοῦ
2440 661 2745 725 κλαπέντος
2770 700 2787 726 ,
2819 661 3071 717 ἀποτίσει
3117 662 3296 734 δίκην.
3339 663 3513 718 Τοῦτο
3551 667 3665 736 γὰρ

2086 750 2344 821 δηλοῦται
2397 750 2490 805 διὰ
2543 751 2647 822 τῆς
2709 751 2958 821 μείζονος
3013 751 3217 823 ζημίας
3275 753 3372 807 καὶ
3423 752 3658 824 μείονος.

2092 860 2113 894 ι
2135 841 2260 896 Ἐἀν
2290 841 2346 896 δὲ
2367 843 2426 896 ἐν
2446 840 2525 913 τῷ
2541 841 2885 913 διορύγματι,
2917 844 3101 914 φησὶν,
3130 843 3325 915 εὑρεθῇ
3348 844 3377 897 6
3397 843 3661 914 κλέπτης,

2087 932 2148 1006 [f.
2181 934 2236 989 d.
2259 932 2375 1007 καὶ]
2400 933 2629 1004 πληγεὶς
2650 932 2915 1005 ἀποθάνῃ,
2940 934 3005 986 οὐ
3034 933 3413 1004 λογισθήσεται
3433 933 3608 1002 φόνος.
3633 952 3653 986 ι

2085 1026 2191 1079 Τὸν
2222 1024 2330 1095 7&9
2356 1024 2745 1095 εὑρισκόμενον
2773 1024 3114 1093 διορύττοντα
3155 1025 3253 1094 τὴν
3310 1024 3656 1094 Ἐκκλησίαν,
3734 1010 3739 1011 ν

2084 1116 2173 1170 ίνα
2194 1114 2366 1186 κλέψῃ
2394 1113 2594 1185 ψυχὴν,
2616 1116 2665 1168 εί
2679 1114 2819 1186 τύχῃ
2841 1132 2924 1178 τις
2938 1114 3164 1179 ἀνελὼν,
3182 1116 3282 1168 οὐκ
3296 1113 3539 1184 ἐνέχεται
3559 1113 3659 1183 φό-

2082 1224 2178 1277 νῳ,
2194 1207 2319 1259 ὅσον
2345 1206 2439 1258 ἐπὶ
2465 1203 2545 1276 τῷ
2571 1204 2834 1275 πολιτικῷ
2850 1205 3022 1275 νόμῳ,
3049 1204 3125 1267 ὡς
3156 1203 3537 1274 φανερώτερον
3563 1203 3657 1256 καὶ

2081 1296 2453 1366 ἀναισχύντως
2479 1295 2829 1369 λῃστεύοντα.
2859 1316 2878 1348 ι
2924 1295 3048 1349 Ἔάν
3073 1295 3131 1349 δὲ
3163 1295 3435 1367 ἀνατείλῃ,
3467 1294 3651 1366 φησὶν,

2082 1387 2169 1440 ἐπ’
2201 1387 2363 1441 αὐτὸν
2385 1387 2415 1439 6
2440 1387 2610 1457 ἥλιος,
2642 1387 2825 1456 ἔνοχος
2871 1385 3025 1440 ἔσται
3055 1387 3082 1440 6
3113 1386 3337 1439 ἀνελών.
3379 1403 3397 1437 ι
3451 1384 3514 1439 El
3543 1385 3656 1455 7&9

2082 1477 2175 1531 ἐπὶ
2210 1477 2335 1541 τὸν,
2368 1477 2446 1541 ὼς
2472 1477 2689 1548 εἴρηται
2717 1516 2734 1541 ,
2787 1475 3092 1531 κλέπτοντα
3132 1475 3389 1548 ἀνατείλῃ
3426 1476 3456 1528 6
3502 1476 3654 1546 ἥλιος

2081 1566 2180 1636 τῆς
2214 1565 2502 1635 μετανοίας
2534 1566 2631 1618 καὶ
2681 1564 2783 1634 τῆς
2827 1564 3109 1628 εὐσεϐείας
3137 1604 3153 1629 ,
3205 1563 3390 1634 ἔνοχος
3439 1562 3593 1617 ἔσται
3621 1564 3651 1617 6

2081 1653 2306 1720 ἀνελὼν,
2330 1654 2408 1718 ὡς
2434 1653 2632 1723 εὐσεᾶἦ
2667 1654 2762 1708 καὶ
2791 1655 3084 1723 ὁμόπιστον
3107 1654 3418 1728 ἀνῃρηκώς.
3458 1672 3479 1706 ι
3527 1653 3653 1707 Ἐἀν

2081 1744 2139 1799 δὲ
2173 1745 2250 1816 μὴ
2278 1743 2501 1816 ὑπάρχῃ
2523 1742 2672 1814 αὐτῷ
2690 1783 2706 1807 ,
2738 1747 2892 1817 φησὶ,
2920 1745 3186 1817 πραθήτω
3216 1747 3338 1799 ἀντὶ
3363 1744 3459 1798 τοῦ
3490 1745 3651 1815 κλέμ-

2088 1853 2278 1908 ματος.
2318 1853 2338 1888 ι
2367 1836 2471 1889 Τὸν
2509 1835 2618 1907 7&9
2650 1835 2729 1907 μὴ
2758 1836 2949 1908 ἔχοντα
2989 1839 3204 1912 λύτροις
3248 1839 3649 1910 ἀποκρούεσθαι

396 1916 473 1970 Fu
482 1932 594 1971 rem
610 1919 757 1972 enim
779 1920 872 1989 qui
889 1922 1071 1989 pretio
1083 1938 1193 1977 non
1206 1934 1387 1993 potest
1401 1927 1608 1981 crimen
1622 1899 1962 1998 propulsare,

2072 1899 2143 1982 τὰ
2177 1928 2501 1999 ἐγκλήματα
2520 1899 2963 1999 sustineam
2994 1929 3057 2001 δὴ
3091 1899 3327 2001 τρόπους
3358 1899 3649 2001 μετανοίας

395 2009 606 2074 modos,
642 2009 886 2079 inquam,
945 2014 1282 2082 poenitentiae
1330 2025 1385 2070 et
1410 2016 1843 2075 satisfactionem
1868 2036 1970 2090 pro

391 2101 651 2169 peccatis,
680 2102 834 2156 novit
860 2104 1091 2158 verbum
1119 2120 1245 2159 eum
1268 2122 1389 2161 esse
1407 2107 1691 2164 infamem.
1719 2110 1853 2165 Nam
1871 2110 1966 2181 qui

390 2193 667 2257 venditur,
691 2202 773 2248 est
796 2194 1031 2252 infamis.
1068 2216 1086 2249 ι
1106 2196 1201 2252 Sin
1220 2207 1402 2253 autem
1424 2199 1849 2270 deprehensum,
1874 2202 1967 2257 in-

389 2284 531 2353 quit,
564 2284 728 2340 fuerit
747 2295 802 2341 et
823 2286 1105 2343 inventum
1132 2287 1186 2343 in
1214 2304 1376 2343 manu
1396 2290 1514 2361 ejus
1541 2290 1771 2356 furtum,
1791 2293 1968 2348 solvet

386 2372 633 2443 duplum.
647 2397 663 2427 ι
688 2376 821 2433 Nam
842 2393 967 2433 cum
986 2379 1232 2434 nondum
1248 2381 1553 2450 deportarit
1569 2380 1636 2435 ad
1656 2383 1963 2448 interitum,

386 2468 656 2523 modicam
718 2470 926 2526 subibit
976 2472 1226 2526 multam.
1286 2473 1421 2527 Nam
1475 2473 1621 2542 quod
1667 2489 1826 2529 suum
1879 2483 1965 2531 est

388 2560 615 2629 recipiet
664 2562 941 2629 dominus,
973 2573 1028 2618 et
1059 2580 1090 2618 a
1132 2565 1253 2629 fure
1286 2564 1419 2619 furti
1447 2567 1627 2637 exiget
1668 2566 1959 2622 rationem.

358 2666 365 2669 '
456 2653 628 2708 Jussit
658 2654 743 2709 lex
765 2670 865 2724 per
897 2654 1135 2727 Moysem
1162 2673 1230 2710 ne
1269 2656 1337 2711 ad
1371 2657 1576 2711 bellum
1611 2658 1960 2727 procederet,

385 2763 564 2816 neque
605 2747 700 2817 qui
747 2762 947 2803 novam
989 2747 1214 2803 domum
1251 2748 1563 2814 aedificavit,
1594 2759 1652 2805 et
1687 2765 1808 2804 eam
1851 2766 1961 2805 non

384 2837 697 2893 dedicavit:
729 2853 831 2894 nec
859 2838 906 2893 is
937 2839 1031 2909 qui
1060 2840 1329 2908 plantavit
1349 2840 1571 2895 vineam
1591 2850 1648 2896 et
1671 2857 1738 2896 ex
1758 2857 1825 2896 ea
1850 2858 1960 2896 non

382 2938 468 2985 est
506 2930 724 2985 laetatus
759 2944 976 2999 :ncque
1003 2930 1096 2999 qui
1139 2930 1434 2999 despondit
1476 2947 1701 2987 uxorem
1750 2942 1809 2988 et
1839 2948 1959 2988 eam

383 3035 494 3074 non
556 3019 770 3088 accepit
827 3038 839 3073 ε
889 3036 1067 3090 neque
1130 3020 1224 3090 qui
1285 3030 1370 3076 est
1419 3022 1646 3077 timidus
1696 3023 1953 3079 corde”.

384 3109 582 3181 Figura
617 3116 801 3164 autem
842 3110 964 3181 ejus
1009 3110 1103 3181 qui
1147 3111 1568 3178 habitationem,
1609 3128 1720 3167 non
1772 3120 1956 3169 autem

382 3202 681 3257 incolatum
729 3210 1056 3273 prasentem
1091 3203 1259 3257 vitam
1307 3203 1614 3278 existimat,
1660 3213 1746 3260 est
1785 3204 1833 3261 is
1860 3205 1955 3276 qui
1985 3231 2030 3292 ο

382 3308 579 3349 novam
634 3293 859 3349 domum
907 3293 1241 3349 aedificavit:
1284 3293 1435 3349 avari
1477 3304 1664 3358 autem
1709 3303 1767 3350 et
1813 3296 1956 3351 lucri

380 3386 604 3456 cupidi,
651 3386 698 3441 is
747 3386 842 3457 qui
888 3386 1156 3455 plantavit
1194 3387 1413 3440 vineam
1457 3402 1725 3442 :carnem
1772 3396 1955 3443 autem

380 3479 617 3533 amantis
665 3486 722 3533 et
762 3477 1076 3542 libidinosi,
1126 3478 1175 3533 is
1233 3477 1327 3547 qui
1370 3477 1666 3547 despondit
1706 3494 1957 3534 uxorem.

379 3571 490 3625 Aut
516 3570 681 3626 etiam
707 3569 867 3624 aliter
904 3587 919 3623 :
950 3568 1169 3623 Primus
1201 3568 1425 3638 quidem
1455 3576 1540 3623 est
1577 3568 1752 3640 ﬁgura
1779 3568 1957 3624 ambi-

378 3661 505 3717 tiosi
545 3671 602 3716 et
646 3660 833 3731 gloriae
870 3659 1077 3729 cupidi.
1121 3658 1409 3714 Secundus
1445 3666 1651 3725 autem,
1696 3660 1848 3714 avari
1901 3668 1959 3714 et

378 3752 671 3823 pecuniam
708 3751 962 3806 amantis.
1002 3749 1224 3805 Tertius
1257 3758 1441 3805 autem
1486 3750 1804 3820 voluptarii.
1852 3749 1958 3805 Per

379 3844 498 3898 haec
526 3852 711 3898 autem
752 3841 853 3897 tria
887 3841 1274 3898 indicabantur
1300 3849 1414 3897 tres
1432 3842 1718 3912 generales
1746 3841 1959 3910 species

377 3935 519 3989 vitii.
574 3933 824 3989 Timidus
866 3933 1013 3988 enim
1057 3933 1148 3988 bis
1190 3932 1371 3988 tribus
1414 3931 1703 3987 dividitur.
1753 3931 1955 3985 Timidi

375 4031 523 4082 enim
560 4035 690 4083 sunt
733 4041 925 4082 omnes
948 4027 1043 4097 qui
1086 4026 1174 4081 his
1204 4034 1334 4080 sunt
1370 4024 1619 4080 obnoxii.
1653 4024 1843 4093 Neque
1867 4038 1955 4078 so-

376 4119 489 4174 lum
519 4118 557 4173 ii
580 4118 786 4175 fuerint
810 4118 1034 4189 reprobi
1068 4117 1137 4173 ad
1159 4118 1365 4173 bellum
1387 4115 1537 4186 quod
1567 4114 1716 4170 cadit
1739 4115 1845 4169 sub
1871 4114 1955 4169 in-

375 4209 731 4281 telligentiam
756 4252 771 4275 ,
814 4209 911 4266 sed
965 4210 1134 4265 etiam
1182 4209 1308 4265 aliis
1348 4215 1605 4263 auctores
1640 4206 1857 4263 timoris
1895 4214 1954 4261 et

371 4300 529 4369 fuga.
558 4298 667 4354 Eos
706 4299 852 4353 enim
882 4298 1082 4354 avertit
1123 4297 1398 4353 dictorum
1421 4295 1683 4350 vitiorum
1707 4294 1949 4360 habitus,

369 4400 426 4445 et
463 4399 827 4459 corrumpunt
856 4380 1030 4445 bonos
1061 4402 1247 4443 mores
1286 4386 1554 4457 colloquia
1594 4401 1761 4457 prava
1787 4387 1850 4440 “.
1882 4386 1952 4441 Et

372 4483 496 4537 ideo
519 4496 749 4552 magnus
788 4482 988 4536 Paulus
1013 4495 1109 4536 eos
1138 4481 1429 4550 increpans
1450 4479 1547 4550 qui
1579 4478 1950 4550 prohibebant

2070 2021 2166 2075 καὶ
2192 2019 2614 2091 ἀντισηκώσεως
2638 2019 2746 2073 τῶν
2767 2020 3197 2092 ἡμαρτημένων,
3225 2021 3417 2091 ἄτιμον
3453 2018 3592 2076 οἶδεν
3616 2024 3647 2077 6

2067 2110 2226 2180 λόγος
2246 2127 2260 2142 ·
2287 2111 2317 2165 6
2348 2109 2458 2181 γὰρ
2486 2110 2957 2182 πιπρασκόμενος,
2993 2111 3208 2181 ἄτιμος.
3246 2131 3265 2163 ι
3306 2111 3431 2165 Ἐὰν
3459 2112 3515 2165 δὲ
3548 2129 3647 2165 κα-

2067 2199 2317 2272 ταληφθῇ
2335 2216 2369 2263 ,·
2386 2201 2558 2271 φησὶ,
2590 2201 2687 2256 καὶ
2739 2200 2935 2273 εὑρεθῇ
2979 2203 3037 2255 ὲν
3076 2204 3144 2273 τῇ
3179 2202 3323 2272 χειρὶ
3367 2201 3533 2257 αὐτοῦ
3582 2202 3645 2257 τὺ

2067 2292 2311 2363 κλέμμα,
2336 2291 2556 2367 διπλοῦν
2577 2293 2847 2347 ἀποτίσει.
2883 2311 2902 2343 ι
2939 2293 3030 2365 Μή
3052 2308 3138 2346 πω
3164 2292 3275 2362 γὰρ
3298 2292 3643 2364 ἀποκομίσας

2066 2385 2146 2448 είς
2173 2381 2622 2453 ὅλεθρον,ὸλίγην
2649 2383 3015 2453 ὑποστήσεται
3034 2382 3245 2451 ζημίαν
3262 2398 3278 2413 ο
3308 2381 3642 2452 ἀναλήψεται

2064 2474 2173 2546 γὰρ
2198 2472 2362 2528 πάλιν
2383 2472 2447 2527 τὸ
2471 2474 2672 2527 οἰκεῖον
2701 2474 2728 2528 ὁ
2756 2473 3047 2544 δεσπότης,
3076 2473 3171 2528 καὶ
3203 2474 3639 2545 προσαπαιτήσειι

2062 2569 2154 2623 τὸν
2184 2566 2424 2637 κλέπτην
2457 2566 2647 2634 λόγους
2684 2566 2781 2635 τῆς
2812 2566 3039 2637 κλοπῆς.

2148 2656 2462 2711 Ἐκέλευσεν
2500 2658 2530 2711 6
2557 2655 2647 2709 διά
2678 2654 2921 2719 Μωσέως
2960 2655 3123 2726 νόμος
3172 2655 3251 2727 μὴ
3277 2652 3514 2720 ἐξελθεῖν
3555 2655 3637 2719 είς

2063 2747 2334 2818 πόλεμον,
2385 2746 2524 2816 μήτε
2580 2746 2671 2799 τὸν
2724 2744 3157 2816 οίκοδομήσαντα
3199 2745 3379 2799 οίκίαν
3419 2743 3634 2820 καινὴν,

2062 2838 2156 2892 καὶ
2194 2839 2270 2909 μὴ
2298 2837 2683 2906 ὲγκαινίσαντα
2721 2835 2892 2906 αὐτὴν
2915 2876 2930 2898 ,
2976 2836 3113 2907 μήτε
3153 2835 3246 2888 τὸν
3292 2833 3639 2903 φυτεύσαντα

2061 2929 2383 3001 ἀμπελῶνα,
2408 2929 2501 2983 καὶ
2534 2927 2608 2999 μὴ
2637 2927 3010 2998 εὐφρανθέντα
3035 2928 3128 2981 ἀπ’
3158 2926 3344 2990 αὑτοῦ,
3381 2927 3519 2996 μήτε
3542 2923 3635 2979 τὸν

2064 3021 2538 3092 μνηστευσάμενον
2584 3022 2840 3089 γυναῖκα,
2869 3020 2962 3073 καὶ
3006 3018 3080 3090 μὴ
3129 3017 3362 3072 λαϐόντα
3416 3016 3586 3087 αὐτὴν
3613 3055 3632 3082 ,

2062 3111 2201 3181 μήτε
2245 3109 2335 3163 τὸν
2367 3109 2538 3163 δειλὸν
2576 3112 2645 3181 τῇ
2692 3109 2908 3181 καρδίᾳ.
2933 3108 3114 3171 Τύπος
3141 3108 3200 3164 δὲ
3231 3108 3325 3162 τοῦ
3364 3108 3461 3179 μὲν
3511 3123 3634 3162 κατ-

2060 3201 2258 3262 οικίαν,
2291 3200 2405 3254 ἀλλ’
2430 3202 2493 3255 ού
2548 3202 2867 3272 παροικίαν,
2910 3200 3002 3254 τδν
3037 3201 3279 3271 παρόντα
3315 3199 3432 3270 βίον
3463 3201 3634 3271 ἡγου-

2064 3290 2255 3360 μένου,
2297 3288 2398 3360 τὴν
2444 3288 2637 3360 καινὴν
2662 3289 2841 3343 οἰκίαν
2873 3292 2888 3310 ⁸
2919 3288 3377 3358 οίκοδομήσανται
3398 3303 3413 3319 δ
3437 3285 3533 3341 τοῦ
3573 3286 3634 3340 δὲ

2059 3377 2409 3451 φιλοκερδοῦς
2452 3381 2482 3433 6
2515 3380 2607 3433 τὸν
2637 3378 2940 3449 ἀμπελῶνα
2969 3378 3243 3447 φυτεύσας
3266 3392 3282 3408 ο
3331 3377 3427 3432 τοῦ
3477 3376 3635 3446 φιλο-

2060 3471 2265 3541 σάρκου
2293 3472 2321 3525 6
2357 3471 2456 3541 τὴν
2489 3472 2722 3539 γυναῖκα
2756 3468 3253 3540 μνηστευσάμενος.
3282 3468 3355 3521 Ἦ
3394 3467 3489 3521 καὶ
3511 3464 3632 3520 ἑτέ-

2061 3576 2169 3630 ρως
2191 3576 2205 3590 ·
2250 3559 2307 3611 '0
2337 3555 2553 3629 πρῶτος
2600 3558 2699 3628 μὲν
2728 3556 2824 3610 τοῦ
2853 3554 3151 3626 φιλοδόξου.
3194 3555 3254 3610 ’0
3287 3555 3540 3627 δεύτερος
3572 3553 3633 3606 δὲ

2056 3649 2151 3702 τοῦ
2176 3645 2535 3718 φιλαργύρου.
2579 3646 2637 3700 ’0
2661 3646 2845 3716 τρίτος
2868 3645 2925 3700 δὲ
2946 3645 3040 3699 τοῦ
3068 3645 3368 3716 φιληδόνου.
3399 3643 3501 3698 Διά
3520 3644 3633 3698 τῶν

2056 3737 2224 3809 τριῶν
2262 3736 2320 3790 δὲ
2350 3735 2555 3789 τούτων
2603 3734 2674 3788 τὰ
2712 3735 2842 3806 τρία
2874 3734 3071 3804 γενικά
3112 3734 3233 3806 εεδη
3281 3735 3382 3805 τῆς
3430 3734 3633 3798 κακίας

2054 3827 2325 3898 ἐφαίνετο.
2358 3826 2420 3881 '0
2442 3828 2553 3898 γὰρ
2576 3826 2753 3890 δειλὸς
2774 3827 2889 3888 τοὶς
2913 3825 3063 3895 τρισὶ
3090 3824 3300 3887 τούτοις
3322 3822 3635 3895 ἐπιμερΚῇ

2052 3934 2162 3973 ται.
2203 3917 2379 3971 Δειλοὶ
2404 3917 2513 3989 γάρ
2537 3916 2739 3977 πάντες
2769 3917 2821 3969 oi.
2848 3914 3059 3978 τούτοις
3086 3915 3421 3985 ὲνεχόμενοι,
3452 3914 3551 3969 καὶ
3567 3913 3632 3967 o6

2056 4011 2218 4081 μόνον
2244 4009 2495 4078 ἀδόκιμοι
2514 4007 2652 4078 πρὸς
2673 4005 2866 4076 νοητὸν
2891 4004 3148 4076 πόλεμον,
3178 4005 3317 4058 ἀλλά
3338 4004 3434 4059 καὶ
3448 4004 3634 4069 ἀλλοις

2053 4100 2217 4153 αἴτιοι
2247 4098 2476 4167 γένοιντ’
2514 4097 2582 4151 ἂν
2628 4095 2831 4158 δειλίας
2882 4094 2980 4149 καὶ
3012 4094 3214 4163 φυγῆς.
3278 4093 3631 4167 Ἐπιστρέφει

2051 4190 2162 4260 γὰρ
2209 4188 2408 4253 αὐτοὺς
2453 4190 2488 4258 ἠ
2533 4186 2645 4241 τῶν
2688 4186 2998 4257 εἰρημένων
3046 4184 3238 4240 παθῶν
3280 4184 3506 4255 σχέσις,
3533 4184 3632 4237 καὶ

2053 4279 2367 4352 φθείρουσιν
2403 4277 2508 4349 ἢθη
2531 4275 2747 4348 χρηστά
2775 4275 2987 4345 ὁμιλίαι
3014 4275 3203 4330 κακαί.
3232 4274 3323 4329 Διὸ
3348 4273 3444 4328 καὶ
3472 4274 3503 4327 6
3529 4272 3628 4340 μέ-

2052 4389 2154 4441 γας
2186 4371 2397 4433 Παῦλος
2420 4367 2692 4439 ἐπιτιμῶν
2724 4372 2838 4431 τοίς
2869 4365 3172 4421 κωλύουσιν
3200 4364 3368 4420 αὑτὸν
3393 4363 3628 4417 ἀναδαι-

2051 4482 2164 4521 νειν
2192 4465 2272 4526 είς
2312 4460 2680 4530 Ἱεροσόλυμα,
2714 4459 2895 4526 ἔλεγε*
2931 4478 2953 4511 ι
2998 4458 3065 4512 Τί
3098 4459 3304 4512 ποιεῖτε
3347 4455 3630 4517 κλαίοντες

372 4590 440 4628 ne
477 4542 795 4628 ascenderet
811 4572 1206 4642 Hierosolyma,
1238 4542 1496 4626 dicebat}
1531 4589 1549 4621 ι
1579 4542 1722 4636 ῥυίά
1743 4568 1944 4631 facitis,

2064 4553 2147 4607 ιαὶ
2177 4550 2605 4621 συνθρύπτοντές
2637 4564 2739 4618 μου
2789 4548 2888 4617 τὴν
2916 4546 3185 4618 καρδίανς
3236 4543 3384 4614 Ἐγὼ
3423 4542 3537 4614 γὰρ
3563 4544 3628 4596 οὐ

371 4663 565 4718 flentes
590 4671 645 4717 et
667 4669 1015 4717 conterentes
1039 4676 1137 4716 cor
1161 4661 1377 4716 meum?
1399 4661 1514 4731 Ego
1548 4659 1696 4715 enim
1721 4674 1831 4713 non
1852 4674 1944 4714 so-

368 4755 482 4807 lum
513 4752 741 4816 vinciri,
783 4752 881 4808 sed
917 4752 1084 4807 etiam
1123 4752 1264 4807 mori
1297 4766 1420 4806 sum
1451 4757 1677 4820 paratus
1706 4762 1811 4818 pro
1840 4763 1944 4805 no-

368 4845 517 4900 mine
554 4844 771 4899 Domini
801 4844 978 4899 nostri
999 4844 1129 4900 Jesu
1148 4843 1355 4899 Christi
1382 4843 1448 4894 “.
1483 4859 1501 4891 ι

435 4938 493 4993 Si
510 4937 635 5008 quis
656 4944 841 4992 autem
866 4951 1060 4991 recens
1079 4935 1358 5004 acceperit
1378 4946 1626 4997 uxorem,
1650 4947 1760 4988 non
1789 4948 1943 5004 egre-

367 5029 552 5083 dietur
564 5028 632 5082 ad
656 5027 895 5083 bellum:
915 5039 1061 5080 anno
1080 5040 1191 5079 uno
1212 5022 1513 5078 obiectabit
1539 5038 1763 5079 uxorem
1787 5038 1942 5079 suam

367 5135 529 5190 quam
559 5119 790 5188 accepit.
808 5118 928 5173 Non
949 5124 1169 5186 oportet
1194 5114 1342 5169 enim
1366 5128 1491 5168 eum
1522 5115 1616 5187 qui
1642 5129 1820 5184 nuper
1841 5115 1944 5168 ba-

365 5209 632 5263 bitantem
663 5221 852 5262 secum
890 5206 1104 5275 accepit
1132 5203 1412 5269 virtutem,
1440 5203 1602 5259 educi
1631 5204 1700 5259 ad
1722 5203 1945 5257 labores

363 5308 422 5355 et
445 5300 878 5370 persecutiones,
902 5297 1080 5353 donec
1107 5298 1227 5368 ejus
1255 5312 1441 5353 amore
1463 5297 1631 5353 fuerit
1651 5294 1940 5363 alligatus:

366 5394 473 5448 hoc
498 5393 645 5447 enim
674 5389 837 5444 tacite
863 5387 1190 5459 signiﬁcavit
1220 5389 1408 5444 laetitia
1437 5389 1602 5443 unius
1636 5384 1786 5442 anni.
1810 5383 1943 5438 Tale

364 5484 497 5553 quid
538 5484 791 5537 fecerunt
820 5480 1052 5549 apostoli
1078 5480 1145 5535 iis
1173 5480 1264 5552 qui
1289 5494 1484 5535 recens
1507 5494 1535 5532 a
1560 5476 1820 5547 gentibus
1846 5491 1940 5530 ve-

365 5583 562 5628 nerant
601 5572 669 5627 ad
708 5572 989 5642 pietatem,
1017 5573 1339 5628 scribentes.
1377 5591 1396 5621 ι
1429 5571 1616 5625 Visum
1656 5574 1741 5622 est
1765 5566 1936 5632 enim,

368 5666 570 5735 inquit,
597 5665 825 5735 Spiritui
853 5676 1041 5722 sancto
1068 5675 1125 5722 et
1146 5662 1308 5721 nobis
1331 5663 1544 5718 nullum
1574 5660 1810 5730 amplius
1836 5675 1934 5713 vo-

2057 4644 2215 4713 μόνον
2251 4641 2471 4709 δεθῆναι
2492 4677 2508 4702 ,
2567 4638 2705 4692 ἀλλά
2753 4637 2849 4691 καὶ
2890 4636 3182 4691 ἀποθανεῖν
3235 4634 3468 4704 ἑτοίμως
3519 4633 3630 4702 Exte

2052 4732 2194 4805 ὑπὲρ
2243 4731 2333 4786 τοῦ
2373 4732 2634 4801 ὀνόματος
2680 4728 2776 4782 τοῦ
2807 4729 3017 4799 Κυρίου
3065 4727 3222 4799 ἡμῶν
3265 4725 3444 4796 Ἰησοῦ
3492 4721 3657 4794 Χρι-”

2052 4822 2202 4879 στοῦ.
2234 4842 2255 4874 ι

2133 4934 2261 4989 Ἐὰν
2288 4933 2349 4987 δέ
2376 4949 2461 4996 τις
2496 4931 2659 5002 ,λάση
2704 4932 2941 5001 γυναῖκα
2985 4928 3351 5001 προσφάτως,
3402 4927 3505 4980 οὐκ
3539 4923 3630 4991 ιε-

2047 5027 2333 5081 ελεύσεται
2364 5025 2447 5087 είς
2484 5023 2721 5093 πόλεμον
2744 5041 2758 5055 '
2801 5023 3048 5078 ινιαυτὸν
3091 5022 3190 5076 ενα
3216 5018 3485 5089 εὐφρανεῖ
3526 5016 3627 5087 τὴν

2050 5119 2285 5185 γυναῖκα
2309 5115 2501 5182 αὐτοῦ,
2526 5115 2590 5186 ἣν
2618 5114 2830 5168 ἔλαϐεν.
2858 5113 2934 5168 06
2960 5113 3066 5184 χρὴ
3089 5110 3200 5183 γὰρ
3222 5111 3315 5165 τὸν
3343 5110 3467 5180 ἄρτι
3498 5107 3627 5161 σύν·

2048 5222 2203 5259 οικον
2273 5204 2456 5275 ἑαυτῷ
2495 5203 2732 5258 λαϐόντα
2777 5204 2879 5273 τὴν
2921 5201 3122 5274 ἀρετὴν
3177 5203 3257 5264 είς
3301 5198 3498 5261 πόνους
3530 5196 3625 5249 καὶ

2047 5296 2319 5365 διωγμοὺς
2350 5293 2675 5363 ἐξάγεσθαι,
2711 5294 2905 5364 μέχρις
2936 5292 3007 5346 ἂν
3037 5287 3479 5360 καταδεσμηθείη
3505 5287 3626 5350 ταῖς

2047 5385 2451 5456 φιλοστοργίαις
2484 5385 2654 5451 αὐτῆς
2678 5401 2691 5415 ·
2729 5383 2888 5436 τοῦτο
2915 5382 3024 5453 γὰρ
3052 5383 3086 5451 ἡ
3111 5378 3387 5443 ἐνιαύσιος
3422 5375 3622 5445 ὑπεδὴ-

2044 5476 2219 5530 λωσεν
2238 5476 2565 5546 εὐφροσύνη.
2594 5473 2848 5529 Τοιοῦτόν
2870 5492 2924 5527 τι
2941 5473 3255 5543 πεπράκασι
3287 5470 3383 5524 καὶ
3405 5470 3454 5522 oi
3483 5465 3625 5521 ἀπό-

2049 5568 2227 5624 στολοι
2252 5570 2365 5631 τοῖς
2398 5568 2461 5633 ἐξ
2485 5566 2656 5621 ἐθνῶν
2680 5567 2807 5636 ἄρτι
2836 5565 2973 5635 πρὸς
2995 5562 3094 5634 τὴν
3122 5560 3405 5614 εύσέῆειαν
3430 5555 3620 5610 ἐλθοῦ-

2047 5676 2128 5713 σιν
2156 5657 2579 5720 ἐπιστέλλοντες.
2604 5676 2619 5706 ι
2638 5654 2821 5720 Ἔδοξε
2836 5654 2965 5724 γὰρ,
2995 5652 3152 5724 φησὶ,
3179 5651 3256 5721 τῷ
3287 5649 3426 5717 ἁγίῳ
3451 5643 3619 5699 Πνεύ-

446 5842 487 5871 ⁸⁸
516 5842 674 5898 Deut.
710 5860 797 5909 xx,
830 5846 852 5898 l
895 5859 1048 5915 seqq.
1123 5845 1159 5877 ¹¹
1200 5842 1327 5913 Sap.
1354 5859 1413 5911 ιι,
1436 5844 1505 5909 6;
1538 5842 1713 5899 lCor.
1738 5859 1825 5912 xv,
1854 5844 1943 5899 ‘53.
2025 5845 2065 5878 ¹²
2096 5844 2217 5901 Act.
2253 5855 2363 5907 xxx,
2390 5837 2475 5895 l5.
