4076 6500
404 402 544 458 19.ιὸ

1605 395 1664 453 8.
1706 396 1986 454 CYRlLLl
2023 397 2114 454 ET
2153 397 2464 455 ALIORUM

3533 396 3673 451 12M

403 515 662 570 admonet
687 513 794 577 lex,
815 522 873 566 ut
899 529 964 567 ex
997 511 1256 569 Ecclesia:
1279 512 1568 568 doctorum
1591 513 1883 584 colloquiis
1896 513 1976 567 lu-

2086 513 2290 584 ἑτέρως
2333 513 2391 566 δὲ
2429 512 2690 582 παραινεῖ
2733 512 2762 563 ὁ
2815 508 3010 578 νόμος,
3069 507 3376 578 κερδαίνειν
3435 508 3533 580 μὲν
3573 511 3672 564 καὶ

401 619 557 658 erum
597 614 763 673 atque
794 603 1086 658 utilitatem
1116 603 1491 672 percipiamus
1519 603 1800 673 (Ecclesiae
1830 603 1981 659 enim

401 704 528 749 sunt
560 704 774 764 segetes
815 704 982 764 atque
1011 694 1231 764 vineae),
1276 700 1333 747 at
1363 694 1560 748 falcem
1597 709 1668 749 ne
1713 693 1979 748 immitta-

401 802 543 850 mus,
569 802 708 840 neve
730 787 784 840 id
803 787 951 856 quod
982 802 1142 841 usum
1162 786 1402 850 excedit,
1428 795 1486 841 et
1507 800 1980 856 supervacaneum

398 885 504 940 est,
539 877 594 930 in
622 877 766 930 libro
794 877 1198 941 describamus,
1217 877 1389 931 veluti
1420 878 1476 932 in
1501 893 1596 932 vas
1627 877 1975 946 injicientes:

397 964 627 1020 forsitan
659 968 810 1021 enim
852 967 1104 1036 reprobat
1129 983 1294 1021 voces
1343 966 1399 1021 in
1439 967 1560 1037 ipso
1607 966 1976 1036 reperientur,

399 1064 659 1124 tanquam
702 1057 848 1110 acini
888 1057 1114 1126 quidam
1152 1057 1400 1121 inutiles,
1429 1073 1552 1126 qua:
1581 1073 1691 1111 non
1734 1072 1859 1111 cum
1889 1071 1974 1121 ea,

395 1161 504 1215 qua
531 1147 810 1211 convenit,
840 1148 1147 1203 attentione
1171 1164 1236 1201 ac
1260 1149 1546 1217 diligentia
1573 1163 1828 1217 expensas
1852 1148 1944 1202 fue
1961 1178 1976 1188 -

396 1238 529 1299 rint,
555 1245 850 1308 propterea
875 1239 1021 1306 quod
1044 1255 1112 1292 ex
1139 1247 1385 1308 tempore
1411 1248 1467 1293 et
1490 1240 1545 1293 in
1564 1246 1820 1308 promptu
1844 1254 1975 1308 pro-

393 1325 518 1381 lata:
547 1327 659 1381 sint
692 1345 706 1380 :
732 1335 897 1397 atque
919 1329 995 1382 ita
1018 1329 1260 1384 scandali
1288 1330 1635 1384 occasionem
1667 1330 1971 1398 praebeant.

394 1417 474 1473 Eo
519 1425 705 1473 autem
751 1418 887 1472 illud
923 1421 1092 1476 etiam
1124 1419 1321 1475 referri
1351 1427 1532 1488 potest
1567 1437 1580 1472 :
1621 1438 1638 1471 ι
1678 1419 1735 1473 Si
1762 1419 1976 1474 incidas

395 1506 451 1560 in
469 1505 682 1572 nidum,
701 1516 758 1563 et
781 1517 957 1563 mater
975 1510 1156 1578 pullos
1179 1510 1382 1574 foveat,
1401 1526 1511 1564 non
1533 1511 1720 1580 capies
1742 1521 1974 1566 matrem

2080 601 2412 672 ὠφελεῖσθαι
2436 602 2546 656 ἀπὸ
2571 601 2674 671 τῆς
2696 601 2913 672 ὁμιλίας
2942 600 3052 654 τῶν
3075 602 3140 658 ἐν
3163 601 3283 664 ταῖς
3318 599 3670 672 Ἐκκλησίαις

2079 694 2418 748 διδασκάλων
2446 709 2460 724 ·
2495 695 2553 747 at
2597 693 2707 765 γάρ
2757 693 3098 762 ἘκκΑησίαι,
3130 692 3268 761 λήῖά
3311 709 3374 745 τε
3428 694 3523 748 καὶ
3553 694 3666 764 ἁμ-

2081 786 2320 850 πελῶνες
2343 804 2356 817 ·
2394 786 2469 857 μὴ
2492 785 2788 855 ἐπιϐουλῆς
2896 784 3222 858 ἐπιϐάλλῃς]
3248 785 3347 840 τοῦ
3369 785 3667 854 δρεπάνω,

2083 878 2220 948 μηδέ
2249 879 2311 930 τὸ
2345 878 2674 946 φαινόμενον
2705 877 2846 948 ὑπὲρ
2883 878 2982 947 τὴν
3014 876 3207 946 χρείαν
3241 876 3338 929 καὶ
3384 876 3664 946 περιττὸν,

2081 969 2564 1040 ἐναπογράφεσθαι
2607 968 2775 1040 βίϐλῳ
2803 1007 2818 1030 ,
2853 968 3108 1040 καθάπερ
3153 967 3522 1038 ἐμϐάλλοντας
3579 967 3663 1030 εἰς

2079 1060 2271 1126 ἄγγος.
2330 1061 2489 1122 Ἴσως
2535 1058 2643 1130 γὰρ
2685 1057 3070 1127 εὑρεθήσονται
3113 1059 3172 1110 ἐν
3210 1057 3360 1126 αὑτῷ
3409 1056 3665 1125 ἀδόκιμοι

2079 1150 2274 1216 φωναὶ,
2305 1149 2560 1220 καθάπερ
2619 1148 2766 1212 τινὲς
2793 1148 3058 1217 ἄχρηστοι
3086 1146 3274 1217 ράγες,
3311 1147 3388 1216 μὴ
3437 1147 3662 1198 ἐπισκοο

2079 1239 2369 1310 πηθεῖσαι,
2408 1240 2544 1311 μηδὲ
2569 1240 2670 1310 τῆς
2706 1238 3094 1310 προσηκούσης
3139 1238 3458 1308 ἐπιμελείας
3497 1237 3663 1302 ἀξιω-

2079 1329 2256 1383 θεῖσαι
2280 1370 2294 1395 ,
2339 1330 2428 1384 διὰ
2457 1330 2518 1384 τὺ
2550 1330 2899 1399 αὐτοσχέδιόν
2945 1348 3006 1384 τε
3054 1331 3151 1384 καὶ
3199 1329 3486 1399 πρόχειρον
3510 1345 3524 1358 ·
3561 1326 3662 1380 καὶ

2077 1421 2397 1489 γενήσονται
2433 1418 2732 1473 σκανδάλου
2772 1418 3066 1488 πρόφασις.
3098 1419 3193 1481 Εἰς
3219 1418 3377 1471 τοῦτο
3406 1416 3464 1470 δὲ
3484 1415 3661 1501 δέρει

2076 1514 2171 1566 καὶ
2199 1513 2290 1565 τό·
2347 1531 2366 1566 ι
2421 1513 2550 1567 Ἐὰν
2583 1512 2926 1585 συναντήσῃς
2966 1512 3158 1580 νοσσιᾷ
3204 1509 3412 1581 ὀρνέων
3435 1547 3451 1574 ,
3487 1507 3585 1561 καὶ
3619 1507 3658 1576 ἡ

395 1611 522 1650 eum
551 1599 736 1666 pullis.
754 1599 1008 1657 Dimittes
1024 1611 1278 1666 matrem,
1310 1602 1490 1671 pullos
1506 1619 1637 1657 vero
1654 1604 1840 1672 capies
1854 1604 1919 1657 ¹⁹.
1949 1623 1966 1654 ι

2079 1606 2263 1675 μήτηρ
2287 1604 2468 1676 θάλπῃ
2495 1603 2588 1656 ἐπὶ
2615 1602 2724 1656 τῶν
2750 1603 3006 1669 νεοσσῶν,
3037 1602 3100 1655 οὑ
3305 1601 3405 1670 τὴν
3441 1599 3660 1669 μητέρα

396 1687 680 1758 Siquidem
718 1694 900 1747 omnis
936 1693 1115 1748 virtus
1145 1703 1321 1748 mater
1353 1703 1440 1749 est
1473 1696 1864 1764 prmclarorum
1891 1695 1972 1750 fa-

2079 1696 2217 1765 μετά
2261 1695 2370 1748 τῶν
2408 1696 2636 1750 τέκνων.
2687 1695 3032 1757 ’Λποστελεῖς
3065 1693 3163 1763 τὴν
3201 1691 3418 1764 μητέρα
3440 1730 3456 1756 ,
3504 1692 3573 1743 τὰ
3596 1689 3658 1742 δὲ

393 1781 650 1836 cinerum
685 1798 807 1852 qua:
849 1783 918 1838 ab
953 1799 1018 1838 ea
1058 1785 1504 1854 proficiscuntur.
1533 1787 1707 1840 Nidus
1733 1803 1866 1842 vero
1893 1789 1973 1858 ip-

2079 1787 2264 1841 παιδία
2305 1786 2453 1858 λήψῃ
2485 1785 2716 1856 σεαυτῷ.
2752 1803 2771 1836 ι
2797 1785 2954 1838 Πᾶσα
2987 1783 3086 1853 μὲν
3119 1781 3226 1852 γὰρ
3271 1781 3440 1854 ἀρετὴ
3471 1781 3660 1851 μήτηρ

393 1872 530 1934 sius,
559 1873 740 1927 anima
763 1875 816 1927 in
833 1890 941 1944 qua
967 1875 1199 1930 habitat.
1225 1874 1456 1945 Oportet
1483 1877 1633 1930 enim
1660 1893 1727 1931 ex
1749 1879 1973 1935 virtutis

2079 1879 2196 1932 ἐστὶ
2216 1878 2324 1932 τῶν
2354 1877 2412 1942 ἐξ
2438 1877 2606 1946 αὑτῆς
2638 1874 3102 1946 κατορθωμάτων.
3132 1872 3341 1926 Νοσσιά
3369 1872 3427 1926 δέ
3457 1871 3658 1940 αὑτῆς,

393 1971 543 2017 recte
557 1962 719 2017 factis
733 1964 928 2018 obvios
943 1981 1190 2035 quosque
1212 1965 1453 2020 fructum
1474 1968 1782 2036 percipere,
1798 1969 1974 2039 iisque

2079 1971 2111 2040 ή
2139 1969 2286 2040 ψυχὴ
2322 1969 2380 2021 ἐν
2413 1961 2448 2041 ᾖ
2477 1968 2743 2020 κατοικεῖ.
2776 1965 2897 2036 Χρὴ
2919 1965 2974 2017 δέ
2996 1965 3110 2025 τοῖς
3140 1962 3242 2032 μὲν
3265 1960 3657 2031 κατορθώμασι

393 2052 524 2118 frui,
555 2069 900 2124 nequaquam
932 2072 1064 2112 vero
1087 2058 1280 2112 virtuti
1303 2059 1444 2128 ejus,
1477 2059 1573 2128 qui
1607 2060 1816 2130 aliquid
1839 2077 1976 2131 pra:-

391 2145 539 2200 elare
568 2146 700 2217 egit,
730 2147 1005 2210 insidiari,
1049 2165 1230 2219 neque
1277 2150 1452 2219 ipsam
1479 2150 1770 2208 destruere
1809 2162 1975 2224 atque

391 2237 742 2308 exstinguere
775 2255 1108 2310 quacunque
1136 2241 1350 2296 ratione
1387 2242 1634 2313 aggredi.

392 2436 508 2493 Non
524 2438 915 2518 videbisfrovem
938 2441 1123 2518 [miris
1148 2449 1408 2518 autovem
1438 2454 1728 2518 errantem,
1759 2455 1809 2500 et
1835 2465 1972 2518 pra:-

635 2511 836 2575 teribis,
861 2511 954 2565 sed
980 2512 1192 2566 reduces
1230 2513 1388 2581 fratri
1415 2523 1504 2568 tuo
1529 2516 1596 2582 ‘°,
1620 2523 1727 2570 etc.

460 2761 629 2819 Jubet
652 2778 765 2818 non
789 2764 1075 2835 despicere
1099 2782 1196 2822 eos
1219 2769 1315 2838 qui
1339 2778 1471 2824 sunt
1489 2769 1547 2823 in
1571 2779 1846 2840 potestate
1870 2773 1977 2827 fra-

393 2854 498 2911 tris
522 2857 830 2911 secundum
867 2858 1031 2913 fidem
1055 2899 1070 2924 ,
1103 2869 1356 2916 errantes
1398 2863 1455 2916 in
1481 2862 1568 2916 via
1611 2864 1977 2920 institutionis

392 2941 712 3014 dogmatum
734 2985 750 3009 ,
791 2945 888 3000 sed
928 2961 1024 3001 eos
1060 2947 1327 3003 reducere
1361 2949 1430 3003 ab
1476 2965 1687 3014 errore,
1728 2961 1784 3007 et
1819 2952 1974 3008 fratri

393 3051 742 3101 conservare,
776 3047 832 3092 et
857 3048 1084 3107 propter
1113 3038 1419 3094 fraternum
1451 3057 1695 3097 amorem
1727 3044 1845 3113 ejus
1875 3045 1974 3100 de-

394 3125 600 3182 fectum
632 3128 910 3197 supplere.
942 3149 960 3180 ι
1003 3129 1100 3185 Sin
1132 3141 1348 3197 autem,
1388 3136 1731 3200 occurreris,
1771 3136 1970 3206 inquit,

395 3218 523 3272 bovi
546 3220 753 3275 inimici
781 3221 880 3285 tui,
907 3223 1270 3293 autjumento
1293 3226 1413 3295 ejus
1441 3228 1760 3282 errantibus
1782 3229 1836 3282 in
1861 3229 1970 3295 via,

395 3311 647 3376 reduces,
668 3320 724 3367 et
748 3313 851 3382 ipsi
875 3314 1074 3370 reddes
1092 3316 1158 3370 ".
1191 3336 1208 3367 ι
1244 3317 1448 3372 Eadem
1471 3327 1555 3373 est
1577 3320 1749 3384 enim,
1772 3320 1973 3389 inquit,

397 3402 540 3456 ratio
565 3403 729 3458 etiam
769 3403 838 3458 de
877 3403 944 3459 iis
971 3407 1065 3474 qui
1105 3416 1235 3462 sunt
1268 3407 1324 3461 in
1371 3418 1665 3478 potestate.
1701 3429 1718 3461 ι
1758 3411 1974 3483 Diligite

395 3502 601 3560 autem,
643 3496 843 3564 inquit,
876 3497 1130 3553 inimicos
1159 3508 1399 3568 vestros,
1432 3503 1741 3560 benefacite
1783 3505 1850 3560 iis
1879 3507 1975 3576 qui

395 3583 633 3638 oderunt
655 3600 754 3640 vos
781 3587 848 3640 ".
891 3605 909 3638 ι
942 3586 1036 3642 Sin
1071 3597 1252 3642 autem
1275 3591 1502 3656 videris,
1528 3593 1723 3662 inquit,
1751 3595 1976 3664 jumen-

397 3681 513 3728 tum
537 3675 746 3729 inimici
777 3675 856 3729 tui
880 3677 1145 3733 cecidisse
1173 3680 1275 3734 sub
1305 3697 1494 3746 onere,
1522 3699 1632 3737 non
1658 3688 1971 3754 prmteribis

397 3764 604 3834 ipsum,
637 3765 732 3820 sed
764 3782 891 3820 eum
931 3784 998 3823 eo
1039 3769 1208 3840 facies
1235 3787 1483 3843 surgere.
1513 3774 1673 3830 Cadit
1703 3778 1854 3832 enim
1879 3781 1976 3849 qui

395 3864 484 3910 est
525 3864 788 3926 gravatus
835 3874 1006 3915 onere
1055 3863 1422 3918 tentationum
1479 3875 1537 3920 et
1597 3867 1978 3934 alllietionum,

395 3947 563 4010 quem
597 3952 814 4013 oportet
845 3954 898 4000 te
927 3949 1168 4004 excitare
1187 3966 1286 4020 per
1305 3953 1770 4011 exhortationem.
1796 3958 1853 4013 Si
1877 3975 1980 4013 au~

400 4038 510 4085 tem
534 4031 691 4088 bovis
725 4035 932 4092 inimici
958 4041 1153 4110 etejus
1181 4042 1419 4111 jumenti
1445 4059 1578 4100 cura
1610 4055 1694 4100 est
1717 4049 1978 4117 gerenda,

398 4122 573 4178 multo
595 4125 766 4196 magis
791 4129 1036 4198 gerenda
1060 4141 1146 4187 est
1174 4131 1349 4202 ipsius
1373 4133 1607 4202 inimici,
1634 4137 1728 4205 qui
1753 4146 1838 4193 est
1857 4153 1983 4208 par-

393 4209 576 4284 ticeps
599 4214 848 4286 ejusdem
874 4229 1110 4275 naturae.

2075 2061 2174 2131 τῆς
2196 2059 2400 2131 ἀρετῆς
2423 2057 2751 2128 ὠφελεῖσθαι
2783 2057 2906 2119 τοὺς
2931 2055 3354 2124 ἐντυγχάνοντας
3388 2053 3484 2106 καὶ
3514 2052 3655 2105 ἀποο

2077 2151 2265 2204 λάυειν
2293 2150 2494 2214 αὑτῶν,
2531 2151 2606 2219 μὴ
2637 2145 3014 2202 ἐπιϐουλεύειν
3035 2146 3093 2200 δὲ
3123 2149 3192 2217 τῇ
3228 2146 3396 2218 ἀρετῇ
3423 2143 3517 2196 τοῦ
3550 2160 3658 2197 κα-
3741 2197 3748 2202 _

2077 2241 2400 2313 τορθοῦντος
2420 2281 2436 2306 ,
2469 2241 2604 2312 μηδέ
2633 2241 2934 2311 ἐπιχειρεῖν
2960 2238 3192 2304 ἀνελεῖν,
3227 2235 3664 2292 καὶζποσϐέσαι

2078 2333 2270 2403 αὑτήν,
2304 2333 2392 2388 διά
2418 2349 2562 2395 τινος
2593 2331 2822 2402 τρόπου.

2077 2446 2174 2513 Μὴ
2211 2445 2351 2499 ἰδὼν
2381 2445 2488 2499 τὸν·
2523 2447 2765 2514 μόσχον
2816 2443 2925 2514 τοῦ
2972 2442 3241 2512 ἀδελφοῦ
3264 2456 3456 2514 _a'o_v_,
3505 2442 3544 2509 ἢ
3588 2441 3660 2494 τὸ

2148 2601 2285 2665 ιοῃς
2331 2601 2484 2640 aeta
2508 2625 2524 2651 ,
2557 2601 2692 2638 aM'
2741 2601 3092 2653 ἀποστρεψο

2146 2673 2239 2726 φφ
2263 2673 2402 2710 σου.

2147 2763 2377 2818 Κελεύει
2412 2764 2490 2835 μὴ
2519 2764 2768 2835 παριδεῖν
2784 2762 2910 2826 τοὺς
2923 2761 3284 2834 ὑπερουσίους
3311 2760 3665 2833 ἱισ.ὑπεξου-

2079 2855 2252 2928 σίους]
2268 2857 2361 2910 τοῦ
2384 2855 2527 2910 κατά
2542 2855 2729 2909 πίστιν
2744 2854 2975 2924 ἀδελφοῦ
2985 2855 3388 2926 ,πλανωμένους
3403 2855 3460 2906 ἐν
3475 2856 3541 2924 τῇ
3558 2852 3666 2922 ὁδῷ

2076 2945 2176 3014 τῆς
2207 2945 2488 3009 πολιτείας
2517 2946 2628 2999 τῶν
2669 2946 2960 3017 δογμάτων
2980 2961 2995 2976 ’
3019 2945 3136 3000 ἀλλ’
3169 2946 3537 3016 ἀποστρέφειν
3572 2947 3669 2998 αὑ-

2077 3035 2204 3098 τοὺς
2219 3035 2318 3104 τῆς
2337 3036 2568 3105 πλάνης,
2589 3036 2683 3090 καὶ
2707 3037 3086 3102 ἐπανασώζειν
3105 3037 3183 3106 τῷ
3208 3037 3443 3108 ἀδελφῷ,
3475 3038 3570 3091 καὶ
3602 3037 3667 3089 τὸ

2080 3121 2366 3193 ὑστέρημα
2384 3125 2594 3178 ἐκείνου
2611 3124 3060 3196 ἀναπληροῦνδιά
3075 3127 3174 3198 τὴν
3191 3126 3468 3195 ἀδελφίαν.
3497 3147 3514 3177 ι
3537 3127 3667 3179 Ἐάν

2001 3195 2046 3255 C
2075 3212 2164 3276 δὲ,
2208 3212 2372 3281 φησὶ,
2409 3215 2747 3284 συναντήσῃς
2793 3195 2873 3283 τῷ
2901 3214 2984 3282 βοῒ
3016 3214 3112 3268 τοῦ
3131 3195 3336 3284 ⁷ἐχθροῦ
3367 3232 3482 3282 σου,
3512 3216 3545 3286 ἥ
3586 3217 3666 3283 τῷ

2078 3301 2360 3371 ὑποζυγίῳ
2405 3302 2595 3365 αὑτοῦ,
2632 3303 3014 3372 πλανωμένοις
3043 3306 3102 3360 ἐν
3129 3307 3196 3376 τῇ
3222 3306 3347 3375 ὀδῷ,
3387 3306 3664 3376 ἀποστρέ-

2076 3391 2185 3462 ψας
2208 3391 2511 3455 ἀποδώσεις
2541 3393 2712 3464 αὑτῷ.
2749 3414 2768 3444 ι
2819 3394 2879 3447 Ὀ
2909 3394 3071 3459 αὐτὸς
3113 3395 3212 3466 μὲν
3241 3397 3348 3468 γάρ
3382 3397 3668 3452 κάνταῦθα

2078 3483 2348 3552 περὶτῶν
2385 3483 2722 3547 ὑπεξουσίων
2769 3485 2948 3553 λόγος.
2982 3505 3000 3537 ι
3057 3487 3335 3554 Ἀγαπᾶτε
3374 3488 3453 3554 δέ,
3507 3491 3663 3558 φησὶ,

2079 3573 2204 3637 τοὺς
2229 3574 2459 3645 ἐχθροὺς
2488 3575 2666 3646 ὑμῶν,
2701 3573 2762 3629 εὑ
2793 3579 2998 3631 ποιεῖτε
3022 3581 3135 3641 τοῖς
3167 3579 3418 3648 μισοῦσιν
3441 3582 3606 3650 ὑμᾶς,
3639 3597 3661 3633 ι

2094 3666 2220 3719 Ἐὰν
2252 3667 2308 3720 δὲ
2345 3667 2496 3738 ἴδῃς,
2537 3668 2707 3738 φησι,
2751 3668 2810 3721 τὸ
2853 3667 3150 3738 ὑποζύγιον
3183 3671 3276 3724 τοῦ
3320 3671 3517 3742 ἐχθροῦ
3569 3690 3665 3726 σου

2083 3757 2373 3819 πεπτωκὸς
2406 3758 2512 3811 ὑπὸ
2531 3759 2623 3810 τὸν
2653 3758 2823 3828 γόμον
2853 3759 3040 3825 αὑτοῦ,
3071 3761 3132 3814 οὑ
3167 3761 3483 3835 παρελεύσῃ
3510 3764 3665 3830 αὐτὸ,

2080 3849 2219 3903 ἀλλὰ
2253 3853 2566 3920 συνεγερεῖς
2611 3850 2743 3903 αὑτὸ
2775 3851 2892 3920 μετ’
2921 3851 3109 3906 αὑτοῦ.
3152 3853 3348 3906 Πίπτει
3373 3854 3481 3926 γὰρ
3504 3857 3532 3908 ό
3566 3873 3668 3910 κα»-

2082 3939 2322 4008 ταϐαρού
2331 3957 2488 4009 μενος
2510 3940 2590 4011 τῷ
2619 3939 2778 4011 ἄχθει
2796 3941 2908 3994 τῶν
2930 3943 3277 4013 πειρασμῶν,
3307 3945 3531 4000 καὶτῶν
3552 3946 3668 4000 θλί-

2081 4031 2226 4099 ψεων
2249 4048 2264 4064 ·
2291 4031 2351 4084 ὃν
2379 4032 2458 4084 δεῖ
2488 4033 2824 4103 συνεγείρειν
2842 4075 2857 4099 ,
2887 4034 2981 4086 καὶ
3011 4034 3098 4089 διά
3138 4037 3534 4106 παρακλήσεως
3570 4041 3670 4093 καὶ

2082 4119 2462 4190 ψυχαγωγίας.
2487 4122 2549 4174 Et
2569 4121 2627 4174 δέ
2647 4120 2709 4192 [ἔ.
2733 4121 2789 4175 d.
2809 4121 2910 4194 δεῖ]
2937 4123 3028 4176 τὸν
3055 4123 3184 4193 βοῦν
3201 4125 3295 4178 τοῦ
3339 4128 3536 4198 ἐχθροῦ
3569 4146 3666 4182 σου

2085 4213 2181 4266 καὶ
2213 4213 2275 4265 τὸ
2307 4214 2600 4281 ὑποζύγιον
2645 4214 2809 4268 αὑτοῦ
2849 4215 3171 4286 ἐπιμελείας
3215 4218 3404 4284 ἀξιοῦν
3431 4237 3442 4249 ·
3484 4220 3671 4289 πολλῷ

2087 4305 2290 4376 μᾶλλον
2313 4307 2479 4361 αὑτὸν
2512 4307 2576 4378 δή
2609 4323 2715 4360 που
2753 4307 2844 4362 τὸν
2877 4309 3095 4379 ἐχθρὸν,
3126 4309 3218 4364 τὸν
3239 4311 3338 4380 τῆς
3368 4312 3537 4381 αὑτῆς
3572 4329 3667 4364 κε-

2086 4399 2459 4469 κοινωνηκότα
2485 4397 2722 4470 φύσεως.

399 4501 480 4558 Ne
501 4504 794 4564 maledicas
819 4510 1003 4579 surdo,
1025 4529 1193 4584 neque
1209 4517 1578 4590 οίῖεηάὶειιίιιιη
1601 4519 1770 4590 facias
1795 4538 1976 4578 coram

2087 4511 2210 4565 Οὐκ
2253 4510 2408 4578 ἐρεῖς
2452 4509 2650 4590 κακῶς
2689 4511 2914 4590 κωφὸν,
3092 4510 3384 4590 ἀπέναντι
3431 4513 3667 4581 τυφλοῦ

1079 4601 1214 4640 60:60
1231 4587 1300 4641 ”.

471 4683 748 4742 Admonet
777 4687 844 4744 de
878 4691 1109 4750 absente
1142 4711 1255 4751 non
1297 4697 1611 4762 detrahere,
1636 4707 1694 4754 et
1719 4699 1812 4768 qui
1851 4715 1981 4768 pro-

404 4782 595 4844 pterea
626 4792 740 4832 non
772 4780 927 4835 audit
956 4800 970 4836 :
1000 4799 1106 4840 nec
1152 4786 1383 4842 insidias
1411 4789 1639 4842 tendere
1681 4789 1978 4858 ignoranti.

407 4864 542 4918 Nam
561 4881 660 4935 per
678 4869 1028 4939 surditatem,
1046 4890 1155 4930 non
1181 4876 1370 4931 audire
1395 4893 1407 4928 :
1435 4892 1532 4944 per
1555 4876 1859 4932 caecitatem
1880 4893 1980 4933 au—

409 4964 542 5021 tem,
570 4973 683 5012 non
706 4975 1039 5031 cognoscere
1071 4967 1239 5021 tacite
1265 4965 1627 5035 significatur.

477 5045 591 5102 Lex
623 5048 788 5118 jussit
832 5049 902 5105 iis
925 5053 1017 5122 qui
1060 5053 1246 5123 flagris
1279 5053 1499 5107 caedunt
1535 5069 1631 5109 eos
1657 5055 1750 5125 qui
1787 5073 1982 5126 pecca-

406 5146 557 5203 runt,
592 5155 701 5195 non
733 5143 1003 5200 excedere
1026 5145 1508 5214 quadragesimum
1549 5163 1840 5204 numerum
1870 5152 1986 5220 pla-

405 5244 600 5298 garum
635 5232 729 5286 ":
767 5233 1114 5304 :enigmatice
1161 5234 1511 5305 significans,
1563 5239 1712 5309 quod
1773 5241 1984 5309 flagella

405 5337 598 5378 eorum
633 5325 728 5394 qui
758 5335 1081 5395 pecearunt,
1113 5326 1182 5382 ad
1210 5343 1348 5398 opus
1371 5329 1604 5387 deducta
1636 5331 1864 5387 fuerunt
1889 5346 1983 5384 us-

405 5426 516 5481 que
553 5413 624 5468 ad
656 5424 967 5485 susceptam
1001 5431 1033 5471 a
1071 5415 1294 5472 Christo
1320 5419 1742 5486 humanitatem,
1777 5428 1833 5473 et
1863 5421 1984 5489 ejus

408 5519 439 5558 a
461 5505 698 5560 mortuis
731 5501 1216 5575 resurrectionem,
1235 5511 1378 5565 ultra
1411 5522 1595 5567 autem
1620 5528 1729 5567 non
1757 5525 1980 5580 proces-

410 5604 604 5649 serunt
628 5611 641 5648 :
669 5594 766 5664 qui
809 5593 964 5650 dedit
997 5601 1255 5656 omnibus
1292 5602 1386 5671 qui
1425 5602 1620 5656 volunt
1655 5599 1884 5656 credere
1925 5600 1982 5656 in

2437 4582 2510 4634 οὐ
2537 4579 2909 4648 προσθήσεις
2936 4581 3311 4636 σκάνδαλον.

2154 4691 2419 4761 Παραινεῖ
2442 4691 2518 4762 μὴ
2543 4690 2868 4744 καταλαλεϊν
2893 4690 2986 4743 τοῦ
3013 4691 3266 4757 ἀπόντος,
3291 4693 3383 4746 καὶ
3404 4693 3491 4746 διὰ
3509 4693 3671 4746 τοῦτο

2087 4782 2163 4853 μὴ
2192 4782 2507 4844 ἀκούοντος,
2535 4781 2660 4851 μηδ’
2698 4780 3072 4835 ἐπιϐουλεύειν
3109 4782 3188 4852 τῷ
3221 4782 3531 4851 ἀγνοοῦντι.
3567 4787 3670 4837 Διά

2085 4873 2184 4944 μὲν
2211 4873 2321 4943 γάρ
2357 4873 2456 4941 τῆς
2511 4872 2832 4942 κωφότητος
2861 4873 2924 4926 τὸ
2957 4873 3031 4943 μὴ
3077 4873 3321 4940 ἀκούειν,
3351 4874 3442 4930 διὰ
3475 4876 3534 4928 δὲ
3565 4876 3668 4945 τῆς

2086 4964 2440 5034 τυφλότητος,
2463 4963 2524 5016 τὸ
2556 4962 2633 5034 μὴ
2670 4964 2960 5032 γινώσκειν
2989 4963 3373 5034 ὑποδηλοῦται.

2173 5056 2488 5109 Ἐκέλευσεν
2517 5055 2545 5107 ὁ
2569 5055 2735 5125 νόμος
2763 5057 2877 5118 τοῖς
2901 5055 3229 5126 μαστιγοῦσι
3260 5056 3383 5120 τοὺς
3411 5058 3666 5127 ἁμαρτή-

2089 5164 2313 5212 σαντας,
2349 5147 2424 5217 μὴ
2455 5147 2807 5216 ὑπερϐαίνειν
2830 5145 2924 5201 τὸν
2965 5149 3405 5220 τεσσαρακοστὸν
3431 5149 3668 5219 ἀριθμὸν

2088 5237 2198 5289 τῶν
2248 5235 2504 5306 πληγῶν·
2564 5235 2940 5305 αἰνιττόμενος
2991 5236 3074 5288 ὅτι
3123 5236 3178 5288 αί
3230 5235 3498 5304 μάστιγες
3560 5235 3670 5289 τῶν

2089 5326 2525 5397 ἁμαρτησάντων
2568 5325 2725 5396 ἄχρις
2764 5326 2864 5396 τῆς
2898 5326 3368 5397 ἐνανθρωπήσεως
3409 5328 3502 5380 τοῦ
3535 5329 3669 5396 Χρι-

2091 5418 2240 5480 στοῦ,
2264 5419 2357 5472 καὶ
2383 5421 2484 5488 τῆς
2510 5419 2574 5471 ἐκ
2602 5418 2812 5488 νεκρῶν
2837 5418 3188 5480 ἀναστάσεως
3215 5417 3399 5481 αὑτοῦ,
3431 5421 3492 5472 τὸ
3512 5421 3668 5488 ἐνερ-

2089 5509 2184 5578 γὸν
2207 5507 2370 5580 εἶχον,
2400 5509 2709 5579 περαιτέρω
2736 5509 2791 5561 δὲ
2814 5509 2875 5561 οὑ
2899 5509 3238 5580 προέϐησανο
3272 5510 3666 5580 δωρησαμένου

2089 5600 2224 5654 πᾶσι
2249 5601 2362 5663 τοῖς
2391 5597 2602 5652 θέλουσι
2643 5599 2920 5652 πιστεύειν
2959 5600 3040 5662 εἰς
3070 5600 3234 5654 αὑτὸν
3263 5600 3351 5654 διὰ
3378 5600 3471 5654 τοῦ
3504 5601 3665 5668 ἁγίου

485 5734 533 5827 ’ζ
557 5735 720 5791 Deut.
748 5753 898 5805 mu,
934 5740 986 5806 6,
1015 5742 1066 5795 7.
1146 5744 1188 5776 ²⁰
1213 5741 1350 5798 Ibid.
1383 5744 1430 5796 l.
1509 5742 1548 5773 "
1592 5741 1765 5798 Exod.
1793 5758 1939 5810 χχιιι,
1975 5781 1976 5788 η

2092 5745 2135 5777 ²⁸
2187 5741 2374 5799 Matth.
2410 5759 2460 5806 ν,
2509 5743 2594 5797 44.
2663 5741 2911 5797 "Levit.
2949 5742 3173 5806 x1x,lt.
3242 5745 3284 5773 ”
3339 5746 3652 5827 Deut._xxv,

411 5800 554 5868 2,3.
630 5836 644 5851 .
