4076 6516
430 436 569 492 121-5

1800 435 2322 495 COLLECTANEA.

3552 444 3689 500 1266

427 549 808 620 βαπτίσματος
848 549 1160 619 ἐλευθερίαν
1187 550 1296 604 τῶν
1343 551 1434 604 ἐπὶ
1466 513 1578 613 τοῖς
1611 549 2002 619 πεπλημμελη-

2113 550 2292 619 ipsum
2335 567 2436 620 per
2485 561 2738 607 sanetum
2790 553 3124 624 baptismum
3151 595 3166 619 ,
3211 565 3272 610 ut
3312 554 3619 610 liberentur
3656 570 3721 609 a-

429 644 614 715 μένοις
661 638 957 692 κολάσεων.
1006 639 1160 694 Ἐπεὶ⁹
1195 639 1305 710 γὰρ
1346 639 1740 710 ἑνηνθρώπησε
1778 641 1878 710 μὲν
1917 641 2008 694 τὸν

425 727 680 796 πέμπτον
710 727 922 797 καιρὸν,
952 729 1028 791 ὡς
1057 731 1114 782 ὲν
1141 731 1208 799 τῇ
1247 731 1378 800 περὶ
1408 729 1504 783 τοῦ
1530 729 1721 800 Πάσχα
1745 730 2010 800 λεπτομε-

428 819 517 888 ρεῖ
547 817 753 888 θεωρίᾳ
774 859 788 882 ,
822 819 880 870 ὲν
908 822 973 890 τῇ
1023 819 1190 890 βίϐλῳ
1231 820 1326 874 τοῦ
1378 821 1665 874 Δευῖτικοῦ
1705 820 2012 890 προδιείλη-

426 925 560 962 πται
586 925 600 940 ο
625 909 824 978 ἀνέστη
863 911 1006 964 κατά
1033 911 1128 979 τὴν
1153 917 1201 983 η’
1234 911 1468 982 ἡμέραν.
1499 911 1652 965 Μετὰ
1673 911 1782 981 γὰρ
1807 911 1904 982 τὴν
1940 911 2006 981 ζ’,

424 999 545 1067 ἦτοι
574 997 635 1050 τὸ
667 998 959 1063 σάϐϐατον,
1009 1008 1059 1070 η’
1106 1001 1324 1064 πάντως
1368 1003 1402 1071 ἠ
1457 1001 1574 1071 μετ’
1624 1001 1841 1069 ἐκείνην
1891 1003 2008 1054 Κυ-

429 1089 593 1158 ριακή
617 1104 630 1117 ο
667 1089 930 1151 πεντάκις
964 1089 1108 1142 ὀκτὼ
1136 1091 1430 1160 μετρήσεις
1454 1130 1469 1155 ,
1501 1090 1594 1142 καὶ
1631 1090 1886 1160 εὑρήσεις
1915 1089 2008 1144 τὸν

425 1177 856 1248 τεσσαράκοντα,
899 1178 965 1232 ὃν
1017 1180 1116 1250 οὐχ
1163 1181 1581 1250 ὑπερϐαίνουσιν
1630 1179 1687 1233 αἱ
1745 1179 2005 1248 μάστιγες

427 1269 537 1323 τῶν
587 1271 1019 1342 ἁμαρτημάτων.
1063 1289 1082 1324 ι
1137 1273 1202 1325 Ei
1243 1272 1289 1325 δ’
1335 1271 1770 1342 ὑπερϐήσονται,
1817 1270 2005 1340 φησιν,

428 1360 805 1429 ἀσχημονήσει
851 1362 879 1413 ὁ
923 1361 1337 1432 μαστιζόμενος.
1374 1379 1393 1413 ι
1441 1361 1732 1431 Ἀσχήμων
1781 1359 1890 1429 γὰρ
1921 1359 2009 1412 ὄν-

427 1466 537 1512 τως
576 1450 670 1502 καὶ
698 1450 892 1520 ἄτιμος
923 1453 952 1504 ὁ
1000 1451 1398 1522 μαστιζόμενος
1445 1451 1527 1504 ἔτι
1548 1469 1561 1481 ·
1595 1451 1739 1519 λέγω
1769 1451 1834 1518 δὴ
1868 1449 2008 1520 μετά

428 1540 528 1610 τὴν
560 1541 721 1610 χάριν
767 1541 866 1612 τῆς
895 1543 1190 1613 εἰρημένης
1232 1544 1499 1611 ἀφέσεως.
1557 1544 1627 1595 Ἢ
1671 1542 1781 1611 γὰρ
1817 1541 1892 1604 ὡς
1931 1541 2006 1612 μὴ

429 1633 726 1697 πιστεύσας
758 1632 1079 1704 μαστίζεται
1098 1673 1114 1698 ,
1140 1634 1174 1704 ἢ
1203 1635 1279 1697 ὡς
1314 1633 1452 1704 μετά
1476 1633 1574 1703 τὴν
1605 1632 1798 1701 ἄφεσιν
1828 1631 2008 1699 ἁμαρ-

429 1722 621 1793 τήσας.

431 1835 516 1888 υύ
543 1832 950 1899 καταστήσεις
980 1832 1076 1884 ἐπὶ
1124 1829 1361 1896 σεαυτῷ
1385 1831 1650 1902 ἄρχοντα
1685 1829 2003 1898 ἄνθρωπον

1042 1903 1381 1971 ἀλλότριον.

499 2013 601 2066 Διά
634 2013 729 2067 τοῦ
764 2013 1045 2085 ἀλλοτρίου
1075 2012 1386 2084 ἀνθρώπου,
1412 2013 1504 2065 τὸν
1529 2011 1776 2067 διάϐολον
1802 2011 2003 2082 ὑποδη-

426 2098 528 2152 λοῖο
577 2101 636 2155 ὃν
673 2101 1008 2172 παρανόμως
1039 2089 1368 2154 καθιστῶσιν
1397 2101 1610 2164 ἑαυτοῖς
1639 2101 1873 2172 ἄρχοντα
1892 2139 1910 2168 ,
1955 2102 2003 2154 oi

426 2189 847 2262 πειθαρχοῦντες
877 2191 1123 2261 ἀνοήτως
1148 2193 1268 2252 ταῖς
1290 2191 1556 2259 πονηραῖς
1580 2190 1746 2242 αὑτοῦ
1778 2190 2004 2260 εἰσηγή-

425 2297 577 2335 σεσιν
601 2299 614 2312 ·
646 2299 664 2332 ι
710 2281 852 2334 Ἀλλ’
892 2283 957 2335 ὲκ
984 2281 1092 2335 τῶν
1131 2281 1375 2348 ἀδελφῶν
1404 2297 1531 2347 σου,
1575 2281 1761 2349 φησὶν,
1809 2280 2003 2351 ὲκλέξῃ

423 2371 642 2441 σταυτῷ
663 2372 920 2443 ἄρχοντα.
937 2392 956 2425 ι
989 2364 1157 2435 Οὗτος
1181 2371 1237 2424 δέ
1265 2373 1413 2424 ἐστιν
1440 2370 1469 2421 ὁ
1498 2369 1754 2441 Χριστὸς,
1775 2370 2003 2440 ἀδελφὸς

421 2461 602 2533 ἡμῶν,
625 2463 769 2517 κατὰ
792 2463 890 2534 τὴν
913 2461 1070 2515 ὲνανθ
1081 2461 1327 2532 ρὼπησιν
1350 2458 1661 2528 γενόμενος,
1693 2462 1790 2514 καὶ
1818 2461 2002 2532 ἅρχων

419 2551 532 2604 τῶν
553 2551 888 2622 πειθομένων
915 2555 1034 2615 ταῖς
1061 2552 1302 2616 ἐντολαῖς
1329 2553 1512 2607 αὑτοῦ.

421 2685 691 2754 Νόμιμον
708 2681 787 2754 ἦν
814 2684 958 2750 τοὺς
984 2686 1288 2751 ἀκουσίως
1310 2685 1728 2754 φονεύσαντας
1747 2685 1834 2748 εις
1861 2684 2004 2750 τοὺς

493 2754 720 2820 τόπους
774 2755 893 2807 τῶν
955 2756 1316 2821 ὀρισθέντων
1354 2755 1846 2823 φυγαδευτηριων
1887 2754 2003 2823 ἀπή

492 2824 742 2892 ἀγεσθαι
785 2823 882 2877 καί
935 2822 1382 2892 φυλάττεσθαι,
1432 2822 1538 2879 τοῦ
1581 2822 1900 2893 ἀρχιερέως
1937 2822 2004 2876 δὲ

492 2894 977 2959 τελευτήσαντος
1007 2894 1406 2949 ἀπολύεσθαι.

490 3004 619 3062 Εἶεν
646 3006 690 3060 δ’
735 3007 803 3060 ἂν
831 3006 1065 3061 τοιοῦτοι
1094 3010 1276 3076 φονεῖς
1311 3009 1367 3062 αἱ
1412 3007 1585 3078 ψυχαὶ.
1623 3007 1733 3060 τῶν
1768 3006 1874 3079 πρὸ
1904 3007 2004 3077 τῆς

419 3098 894 3170 ινανθρωπήσεως
941 3097 1035 3151 τοῦ
1086 3099 1325 3170 Χριστοῦ
1374 3099 1858 3169 τετελευτηκότων,
1906 3115 2004 3166 φοη

2111 639 2403 708 suppliciis
2437 656 2561 710 qua":
2603 641 2950 697 debebantur
3002 628 3230 714 propter
3277 643 3495 700 delicta.
3549 644 3683 699 Nam

2108 731 2371 800 quoniam
2409 731 2466 786 ln
2503 732 2697 801 quinto
2734 741 2982 801 tempore
3010 733 3189 790 factus
3206 743 3290 789 est
3317 733 3504 799 homo,
3541 743 3604 789 ut
3626 734 3684 789 in

2110 819 2302 875 subtili
2323 820 2390 875 de
2414 821 2682 878 Paschate
2702 824 3166 894 contemplatione
3190 825 3345 895 prius
3368 835 3455 880 est
3485 835 3685 882 tracta-

2111 917 2227 963 tum
2268 910 2324 964 in
2361 911 2508 967 libro
2539 912 2772 968 Levitici
2800 931 2813 966 :
2839 915 3080 969 surrexit
3109 924 3293 970 autem
3333 915 3422 970 die
3465 923 3680 970 octavo.

2107 1001 2244 1056 Nam
2270 1013 2397 1072 post
2420 1005 2717 1074 septimum
2738 1019 2835 1060 seu
2863 1004 3186 1070 Sabbatum,
3211 1014 3438 1060 octavus
3459 1005 3685 1060 omnino

2107 1094 2202 1162 qui
2228 1104 2314 1149 est
2360 1105 2486 1166 post
2524 1095 2702 1159 illum,
2739 1105 2824 1151 est
2856 1097 3198 1161 Dominicus,
3225 1095 3520 1166 quinquies
3557 1103 3686 1150 octo

2107 1186 2387 1251 metieris,
2437 1196 2494 1242 et
2539 1189 2787 1243 invenies
2822 1187 3209 1258 quadraginta,
3253 1202 3418 1257 quem
3459 1188 3682 1258 quidem

2106 1292 2402 1332 numerum
2433 1294 2542 1332 non
2561 1279 2835 1335 excedunt
2856 1279 3067 1350 ﬂagella
3097 1288 3476 1350 peccatorum.
3517 1298 3535 1331 ι
3580 1279 3682 1334 Sin

2106 1375 2312 1431 autem,
2354 1368 2557 1438 inquit,
2599 1370 2889 1433 excedant,
2931 1369 3112 1440 turpis
3144 1376 3202 1424 et
3246 1367 3541 1422 indecorus
3576 1367 3686 1422 erit

2107 1458 2201 1528 qui
2238 1458 2627 1528 ﬂagellatur”.
2659 1481 2677 1512 ›
2705 1463 2805 1515 Est
2845 1462 2996 1516 enim
3028 1477 3222 1516 revera
3250 1459 3428 1529 turpis
3453 1469 3510 1514 et
3545 1458 3685 1514 infa-

2107 1539 2212 1602 mis
2249 1550 2345 1618 qui
2383 1551 2620 1619 amplius
2650 1550 2992 1621 ﬂagellatur:
3033 1552 3158 1606 dico
3191 1559 3377 1606 autem
3419 1557 3544 1620 post
3565 1564 3686 1620 gra-

2108 1641 2238 1695 tiam
2263 1642 2423 1697 dictae
2459 1643 2824 1699 remissionis.
2852 1644 3182 1714 Flagellatur
3205 1643 3354 1698 enim
3387 1650 3483 1698 aut
3505 1652 3566 1696 ut
3589 1643 3687 1712 qui

2107 1746 2217 1786 non
2234 1733 2554 1799 crediderit,
2566 1743 2662 1789 aut
2683 1743 2743 1788 ut
2757 1733 2851 1803 qui
2869 1734 3110 1804 peccarit
3133 1742 3258 1804 post
3277 1733 3682 1790 remissionem.

2183 1843 2550 1915 Alienigenam
2588 1862 2693 1900 non
2733 1862 2840 1901 esse
2880 1846 3179 1916 eligendum
3223 1847 3510 1918 principem
3547 1847 3614 1899 “.

2172 2015 2277 2070 Per
2301 2015 2540 2071 alienum
2569 2016 2867 2084 hominem,
2894 2016 3174 2072 diabolum
3205 2017 3369 2072 tacite
3393 2017 3684 2087 signiﬁcat,

2104 2123 2268 2177 quem
2299 2108 2484 2177 inique
2511 2108 2617 2162 sibi
2667 2109 2973 2178 principem
3020 2108 3368 2164 constituunt.
3401 2109 3493 2177 qui
3518 2109 3686 2164 stulte

2104 2208 2297 2268 parent
2323 2200 2590 2270 improbis
2611 2201 2732 2270 ejus
2756 2199 3200 2270 suggestionibus
3218 2219 3262 2253 ει
3289 2199 3394 2255 Sed
3406 2216 3474 2255 ex
3499 2199 3684 2254 fratri-

2104 2291 2208 2345 bus
2238 2292 2366 2358 luis,
2401 2292 2598 2361 inquit,
2619 2292 2788 2362 eliges
2812 2292 2911 2346 tibi
2930 2292 3256 2362 principem.
3284 2311 3302 2342 ι
3323 2292 3373 2346 ls
3395 2300 3577 2346 autem
3600 2298 3687 2345 est

2101 2381 2375 2448 Christus,
2404 2382 2496 2452 qui
2520 2382 2692 2446 frater
2723 2383 2947 2452 quidem
2979 2395 3170 2439 noster
3199 2383 3376 2438 factus
3398 2393 3483 2440 est
3506 2400 3683 2455 quan-

2102 2481 2219 2526 tum
2245 2473 2444 2527 attinet
2464 2473 2529 2528 ad
2556 2474 2978 2541 humanitatem,
3003 2484 3062 2530 et
3083 2475 3343 2545 princeps
3367 2490 3561 2531 eorum
3585 2476 3685 2546 qui

2103 2570 2299 2630 parent
2321 2563 2443 2632 ejus
2476 2562 2768 2618 mandatis.

2102 2697 2237 2768 Lege
2265 2698 2527 2768 sancitum
2558 2705 2696 2768 erat,
2739 2706 2798 2750 ut
2839 2697 2927 2767 qui
2968 2697 3323 2751 involuntarie
3354 2698 3544 2752 aedem
3588 2716 3685 2768 pa-

2170 2765 2418 2831 trassent,
2458 2767 2514 2819 in
2554 2765 2668 2820 loca
2710 2765 2899 2837 refugii
2939 2769 3246 2837 praescripta
3278 2785 3333 2821 se
3372 2765 3682 2837 reciperent,

2173 2837 2344 2908 ibique
2385 2845 2495 2890 tuto
2537 2837 2808 2908 degerent,
2844 2845 3051 2892 mortuo
3091 2847 3270 2892 autem
3307 2837 3570 2908 pontiﬁce,
3600 2838 3683 2892 di-

2175 2907 2532 2960 mitterentur.

2173 3016 2455 3087 Ejusmodi
2481 3025 2666 3071 autem
2690 3017 2967 3073 occisores
2997 3027 3127 3072 sunt
3151 3019 3347 3074 anima:
3373 3034 3564 3074 eorum
3590 3019 3686 3088 qui

2103 3106 2463 3161 decesserunt
2483 3115 2608 3162 ante
2635 3115 2945 3176 susceptam
2967 3123 2998 3162 a
3023 3108 3241 3162 Christo
3264 3109 3682 3174 humanitatem,

423 3189 684 3245 νεῦσασαι
718 3188 817 3260 μὲν
839 3188 1036 3251 ἑαυτὰς
1061 3187 1147 3241 διὰ
1167 3188 1264 3252 τὰς
1293 3187 1587 3260 ἁμαρτίαςο
1620 3188 1893 3251 ἀκουσίως
1920 3188 1999 3252 δὲ,

2104 3213 2226 3266 qua:
2254 3212 2314 3251 se
2343 3196 2567 3266 quidem
2597 3197 2922 3252 occiderunt
2964 3208 3190 3268 propter
3230 3207 3481 3268 peccata;
3527 3199 3685 3253 invo-

423 3285 500 3348 ὡς
535 3283 666 3355 παρ’
697 3282 868 3352 αὐτῆς
913 3280 1295 3345 ἐκϐιασθείσας
1320 3283 1397 3345 είς
1429 3281 1608 3337 τοῦτο.
1639 3281 1706 3334 Αἵ
1733 3281 1834 3350 τῆς
1867 3281 2002 3346 ἰδίας

2108 3288 2344 3343 luntarie
2368 3296 2575 3352 autem,
2609 3295 2668 3341 ut
2693 3303 2813 3356 quae
2839 3289 2891 3342 vi
2923 3289 2991 3342 ab
3015 3288 3135 3356 ipso
3155 3299 3283 3343 sunt
3304 3298 3526 3344 coacta}.
3555 3288 3688 3356 Quae

421 3376 525 3445 γῆς
548 3374 884 3446 διωχθεῖσαι.
917 3373 1013 3427 καὶ
1042 3375 1121 3438 είς
1148 3373 1241 3427 τὸν
1271 3373 1406 3445 ᾅδην
1443 3372 1797 3443 ἀπαχθεῖσαι,
1827 3372 2004 3426 καθά-

421 3485 528 3538 περ
555 3469 636 3531 είς
665 3466 1114 3537 φυγαδευτήριον,
1155 3465 1412 3534 ἀσφαλῶς
1444 3465 1778 3535 κατείχοντο.
1811 3465 1917 3519 Τοῦ
1947 3465 2004 3518 δὲ

425 3558 664 3628 μεγάλου
707 3557 1007 3628 ἀρχιερέως
1076 3556 1251 3627 Ἰησοῦ
1300 3555 1537 3625 Χριστοῦ
1602 3555 1965 3618 ἀποθανόντος
1985 3593 2001 3619 ,

418 3647 728 3718 ἀφείθησαν
756 3648 821 3700 ὲκ
846 3646 945 3716 τῆς
983 3644 1123 3699 κατὰ
1151 3644 1242 3698 τὸν
1276 3643 1408 3716 ᾅδην
1440 3644 1684 3714 εἱρκτῆς.

493 3738 682 3792 Ὅταν
708 3736 1023 3805 εἰσέλθητε
1046 3737 1131 3802 εις
1159 3735 1276 3803 τὴν
1305 3733 1423 3804 γῆν
1448 3733 1529 3801 ἢν
1560 3735 1776 3800 Κύριος
1805 3734 1838 3787 ὁ
1860 3735 2002 3800 Θεὸς

421 3829 674 3883 δίδωσιν
721 3827 887 3897 ὑμῖν,
939 3828 1040 3882 καὶ
1089 3826 1584 3896 καταφυτεύσητε
1633 3822 1760 3880 πᾶν
1809 3825 2004 3889 ξύλον

417 3920 746 3989 βρώσιμον,
776 3917 1239 3987 περικαθαριεῖτε
1258 3918 1371 3984 τὴν
1391 3915 1770 3983 ἀκαθαρσίαν
1792 3913 2001 3978 αὐτοῦ,

420 4014 457 4067 ὁ
483 4011 552 4064 δὲ
589 4009 820 4079 καρπὸς
872 4009 1058 4064 αὐτοῦ
1107 4009 1241 4077 τρία
1275 4008 1381 4074 ἐτη
1431 4007 1606 4062 ἐσται
1631 4005 1777 4076 ὑμῖν
1803 4005 2004 4074 ἀπερι-

422 4104 734 4171 κάθαρτος.
783 4101 868 4156 Οὐ
911 4094 1288 4169 ,ϐρωθήσεται
1312 4139 1328 4165 ,
1369 4097 1471 4154 καὶ
1515 4097 1596 4163 τῷ
1627 4097 1748 4152 ἔτει
1787 4094 1868 4160 τῷ
1912 4113 2004 4149 τε·

421 4193 612 4262 τάρτῳ
629 4194 799 4247 ἔσται
816 4190 937 4257 πᾶς
964 4195 997 4247 d
1023 4193 1253 4260 καρπὸς
1269 4191 1456 4246 αὐτοῦ
1489 4189 1657 4259 ἅγιος
1680 4187 1764 4253 τῷ
1784 4187 1999 4255 Κυρίῳ.

435 4286 532 4339 Ἐν
580 4283 650 4337 δὲ
689 4283 770 4350 τῷ
819 4283 1070 4354 πέμπτοι
1110 4284 1228 4337 ἔτει
1247 4322 1263 4350 ,
1296 4281 1577 4352 ιφάγεσθε
1613 4279 1723 4335 τὸν
1768 4277 2004 4346 καρπὸν

419 4373 626 4428 αὐτοῦ.

504 4461 563 4516 ’0
601 4461 926 4534 παράδεισος
961 4459 1060 4531 μὲν
1097 4459 1131 4530 ἡ
1163 4457 1432 4529 Μωσαῖκὴ
1474 4456 1785 4533 συγγραφὴ,
1823 4455 1994 4510 καθά·

2095 3378 2348 3446 -ηιιὶιίοῐη,
2383 3394 2449 3432 ex
2475 3386 2622 3431 terra
2642 3392 2739 3431 sua
2763 3378 3002 3446 expulsae
3025 3385 3081 3431 et
3104 3377 3170 3430 ad
3204 3377 3406 3432 inferos
3436 3377 3686 3432 abducta:

2107 3475 2362 3535 tanquam
2407 3467 2461 3521 in
2502 3467 2685 3520 locum
2713 3466 2906 3520 exsilio
2937 3465 3289 3527 destinatum,
3325 3472 3442 3518 tuto
3465 3465 3682 3520 detine-

2105 3555 2327 3610 bantur.
2350 3556 2542 3627 Magno
2561 3564 2745 3611 autem
2771 3554 3028 3626 pontiﬁce
3048 3555 3175 3609 .lesu
3197 3554 3416 3610 Christo
3441 3563 3680 3621 mortuo,

2105 3647 2315 3702 emissae
2337 3656 2555 3702 suntex
2581 3661 2802 3702 carcere
2828 3646 3156 3702 inferorum.

2176 3739 2401 3805 Quando
2430 3740 2652 3811 ingressi
2685 3739 2888 3809 fueritis
2919 3740 2975 3792 in
3009 3745 3208 3791 terram
3237 3752 3398 3806 quam
3426 3735 3683 3790 Dominus

2109 3831 2244 3885 Deus
2268 3832 2361 3885 dat
2382 3831 2545 3896 vobis,
2571 3838 2623 3884 et
2651 3829 3018 3900 plantaveritis
3044 3843 3197 3881 omne
3220 3826 3423 3897 lignum
3447 3825 3684 3880 esculen-

2104 3931 2237 3986 tum,
2277 3922 2637 3993 expurgabitis
2673 3921 2788 3990 ejus
2815 3921 3228 3983 immunditiam,
3259 3922 3461 3990 fructus
3500 3929 3678 3974 autem

2103 4011 2216 4082 ejus
2241 4019 2344 4065 tres
2369 4027 2537 4066 annos
2559 4011 2700 4066 vobis
2716 4013 2814 4064 erit
2828 4011 3161 4076 immundus;
3206 4027 3312 4064 non
3357 4010 3675 4075 comdetur,

2103 4113 2153 4159 et
2189 4114 2332 4157 anno
2370 4111 2562 4173 quarto
2597 4103 2697 4156 erit
2734 4101 2902 4155 omnis
2943 4101 3142 4170 fructus
3169 4101 3280 4172 ejus
3321 4110 3531 4156 sanctus
3567 4101 3679 4158 Do-

2105 4197 2269 4251 mino.
2327 4193 2394 4250 In
2441 4209 2584 4249 anno
2627 4202 2806 4248 autem
2844 4193 3027 4263 quinto
3070 4193 3344 4248 comedetis
3397 4193 3512 4265 ejus
3561 4193 3679 4262 fru-

2103 4295 2247 4340 ctum
2275 4284 2344 4338 ".

2169 4457 2465 4515 Paradisus
2485 4456 2705 4528 quidem
2721 4470 2817 4512 seu
2833 4454 3026 4510 hortus
3036 4462 3122 4510 est
3132 4453 3404 4524 scriptura
3420 4454 3674 4522 Mosaica,

421 4571 528 4624 περ
592 4553 707 4606 τισὶ
763 4553 952 4622 φυτοῖς
999 4547 1302 4604 πολυειδέσι
1353 4547 1448 4602 καὶ
1488 4547 1712 4619 ὡραίοις
1758 4546 1998 4616 βρύουσα

2102 4560 2362 4620 tanquam
2395 4548 2794 4620 multiplicibus
2821 4557 2880 4604 et
2904 4547 3152 4618 pulchris
3173 4546 3394 4617 plantis,
3422 4547 3677 4617 pulcher-

418 4646 534 4706 τοῖς
570 4641 876 4704 καλλίστοις
895 4640 993 4694 καὶ
1012 4637 1279 4700 ποικίλοις
1311 4635 1737 4708 νομοθετήμασι.
1773 4634 1999 4690 Κελεύει

417 4733 478 4788 δὲ
507 4734 537 4787 ὁ
567 4732 700 4796 Θεὸς
745 4730 1022 4802 περιελεῖν
1048 4729 1149 4799 τὴν
1179 4728 1412 4782 ἑκάστου
1442 4726 1610 4796 φυτοῦ
1632 4725 1994 4798 ἀκαθαρσίαν·

418 4824 566 4878 τοῦτ’
602 4823 740 4890 ἔστι,
785 4823 848 4877 τὸ
873 4822 1106 4876 ἑκάστου
1134 4821 1301 4891 νόμου
1335 4818 1648 4889 σωματικόν
1684 4835 1745 4872 τε
1781 4818 1877 4872 καὶ
1913 4819 1999 4870 ai-

419 4915 638 4986 σθητόν.
702 4911 1037 4982 ’Δκαθαρσία
1087 4911 1198 4983 γάρ
1245 4911 1405 4964 τοῦτο
1449 4912 1562 4973 τοῖς
1606 4909 1998 4978 πνευματικοῖς

419 5006 770 5077 φυτοκόμοις,
797 5005 873 5068 ὡς
901 5003 1174 5074 ἄχρηστόν
1196 5019 1256 5055 τε
1277 5002 1373 5055 καὶ¹
1397 5001 1680 5074 βλαϐερόν.
1705 5001 1847 5072 Πρὸς
1875 4998 1996 5053 τού-

417 5112 544 5158 τους
574 5095 684 5164 γὰρ
727 5095 757 5147 ὁ
782 5093 958 5160 λόγος.
994 5091 1134 5161 Τρία
1179 5090 1280 5160 μὲν
1313 5085 1406 5145 οῦν
1437 5090 1532 5161 ἐτη
1553 5133 1568 5156 ,
1596 5091 1718 5144 καθ’
1747 5089 1839 5153 οὓς
1865 5084 1934 5159 ἦν
1969 5089 1998 5142 ὁ

419 5188 628 5260 καρπὸς
661 5189 770 5241 τῶν
798 5185 981 5256 φυτῶν
1009 5184 1470 5258 άπερικάθαρτος,
1499 5186 1550 5238 oi
1593 5186 1742 5254 τρεῖς
1777 5181 1993 5254 καιροί·

417 5279 448 5331 ὀ
473 5277 615 5331 κατά
643 5277 868 5340 Μωσέα,
884 5278 914 5330 ὁ
940 5273 1082 5330 κατὰ
1107 5275 1200 5330 τὸν
1234 5273 1440 5346 Ἰησοῦν
1464 5273 1559 5327 τοῦ
1592 5273 1770 5344 Ναυῆ,
1802 5275 1832 5326 ὁ
1855 5272 1998 5327 κατά

418 5369 545 5432 τοὺς
573 5367 788 5439 κριτάς,
819 5366 942 5422 καθ’
971 5365 1064 5431 οὓς
1088 5362 1159 5436 ἦν
1179 5367 1210 5420 ὁ
1238 5365 1449 5436 καρπὸς
1469 5365 1580 5418 τῶν
1604 5365 1786 5436 νόμων
1819 5365 1997 5434 ἀσυμ-

418 5463 616 5533 φανής·
639 5463 760 5533 ἦτοι
783 5463 844 5516 τὺ
863 5459 1456 5532 κεκρυμμένον.αὐτοῦ,
1483 5461 1577 5514 καὶ
1608 5459 1990 5530 πνευματικῶς

417 5553 727 5624 νοούμενον,
758 5552 836 5623 τῷ
865 5553 1028 5624 πάχει
1050 5551 1151 5622 τῆς
1195 5551 1435 5622 ἱστορίας
1474 5553 1567 5606 καί¹
1625 5554 1688 5621 τῇ
1727 5553 1856 5622 σκιᾷ
1893 5567 1992 5604 κα-

419 5643 774 5714 λυπτόμενον.
815 5644 1086 5716 Τέταρτον
1111 5642 1168 5696 δὲ
1204 5640 1322 5704 ἔτος
1351 5642 1381 5695 ὁ
1413 5641 1603 5712 καιρὸς
1634 5641 1744 5696 τῶν
1772 5658 1988 5714 προφη-

492 5828 536 5862 ²³
559 5822 697 5891 ibid.
767 5825 816 5911 ξ’
838 5825 995 5883 Deut.
1022 5839 1150 5894 xvn,
1182 5823 1267 5881 15.
1345 5825 1412 5858 η’
1449 5823 1610 5880 Num.
1643 5836 1803 5891 xxxv,
1835 5820 2020 5878 22—25.

2099 4642 2258 4697 rimis
2284 4649 2341 4696 et
2365 4641 2533 4696 variis
2564 4649 2780 4696 scatens
2805 4641 2985 4711 legum
3013 4638 3271 4694 decretis.
3299 4638 3466 4695 lubet
3492 4647 3675 4696 autem

2099 4734 2246 4789 Deus
2283 4732 2714 4802 uniuscujusque
2753 4731 2953 4801 planta:
2999 4728 3404 4785 immunditiam
3435 4729 3672 4795 auferre,

2099 4824 2206 4880 hoc
2225 4831 2332 4888 est,
2357 4822 2787 4892 uniuscujusque
2811 4821 2946 4892 legis
2969 4821 3023 4875 id
3043 4820 3191 4890 quod
3209 4829 3294 4875 est
3315 4822 3600 4891 corporale
3617 4829 3676 4877 et

2095 4913 2391 4978 sensibile;
2437 4911 2544 4967 hoc
2581 4911 2730 4966 enim
2773 4919 2860 4966 est
2892 4911 3252 4969 .immunditia
3295 4912 3676 4982 spiritualibus

2097 5003 2524 5074 plantatoribus,
2553 5011 2617 5058 ut
2637 5003 2784 5073 quod
2810 5004 2883 5059 sit
2905 5003 3099 5059 inutile
3120 5012 3177 5059 et
3201 5003 3444 5058 noxium.
3469 5002 3551 5057 Ad
3575 5017 3674 5058 eos
3723 5021 3731 5030 ·

2093 5096 2238 5152 enim
2264 5095 2522 5165 dirigitur
2551 5096 2750 5151 oratio.
2784 5095 2963 5166 Atque
2991 5103 3104 5151 tres
3127 5094 3348 5165 quidem
3385 5093 3514 5148 anni
3543 5093 3671 5163 qui-
3709 5077 3716 5087 ’

2094 5186 2199 5242 bus
2223 5187 2530 5256 plantarum
2557 5185 2771 5241 fructus
2795 5193 2917 5241 erat
2954 5184 3288 5249 immundus,
3316 5181 3420 5237 tria
3445 5182 3673 5238 fuerunt

2093 5287 2340 5348 tempora
2372 5295 2386 5330 :
2413 5291 2538 5331 nam
2568 5285 2783 5346 tempus
2810 5273 3028 5346 Moysis,
3072 5280 3288 5343 tempus
3325 5272 3456 5329 Jesu
3490 5272 3668 5336 Nave,

2095 5377 2312 5438 tempus
2333 5367 2602 5439 judicum.
2627 5366 2838 5432 Quibus
2862 5367 3040 5437 legum
3065 5365 3290 5436 quidem
3319 5364 3529 5420 fructus
3557 5381 3668 5420 non

2094 5467 2215 5514 erat
2247 5457 2602 5526 conspicuus,
2632 5471 2829 5524 nempe
2854 5455 2911 5510 id
2931 5455 3076 5525 quod
3116 5465 3202 5510 est
3240 5456 3361 5526 ejus
3390 5455 3667 5509 occultum

2093 5560 2151 5606 et
2176 5549 2500 5619 intelligitur
2540 5547 2919 5618 spiritualiter,
2950 5557 3202 5618 opertum
3235 5547 3479 5603 historia:
3514 5559 3665 5600 cras-

2096 5641 2223 5696 sitie
2251 5649 2309 5696 et
2347 5640 2563 5695 umbra.
2610 5638 2850 5706 Quartus
2891 5648 3074 5696 autem
3105 5654 3283 5696 annus
3329 5646 3414 5696 est
3449 5645 3667 5707 tempus

2097 5821 2141 5859 ³⁷
2173 5821 2348 5880 chit.
2372 5837 2480 5892 xxx,
2504 5819 2692 5879 22-25.
