4076 6500
396 407 537 465 1M?

1590 402 1646 459 S.
1682 400 1960 465 CYBILLI
1995 401 2085 457 ET
2122 402 2435 463 ALIORUM

3504 405 3647 462 I218

396 521 807 591 prophetarum,
848 529 961 586 quo
986 514 1083 586 qui
1127 525 1383 573 ostensus
1423 514 1635 573 fructm
1674 515 1850 573 laeuis
1879 524 1957 572 est

2066 516 2196 581 τῶν,
2229 516 2353 571 καθ’
2378 517 2440 571 6v
2458 518 2488 572 6
2512 516 2773 589 δηλωθεὶς
2799 518 3009 590 καρπὸς
3040 517 3193 587 ἅγιος
3217 517 3409 587 γέγονε
3430 519 3510 592 τῷ
3523 524 3647 577 Κυ-

394 618 615 667 ειιοιιιε
636 610 889 673 Domino,
921 608 991 664 de
1016 615 1216 663 calere
1236 606 1305 665 ad
1331 606 1613 665 Christum
1636 609 1842 664 relatus
1866 625 1967 679 per

396 702 770 757 testimonium
812 700 1222 770 prophetarum.
1251 699 1488 765 Quintus
1523 710 1708 755 autem
1748 716 1962 766 unus,

393 801 479 848 est
501 793 755 862 quintum
797 799 1009 860 tempus
1035 806 1148 860 quo
1167 790 1421 846 Christus
1448 791 1615 846 homo
1653 792 1830 847 tactus
1855 802 1960 858 est,

394 890 458 937 ut
474 891 757 938 ostensum
775 890 861 936 est
881 882 1157 950 superius.
1176 880 1310 937 Nam
1333 882 1404 937 ab
1428 897 1499 936 eo
1518 889 1764 952 tempore
1782 884 1964 938 ablato

391 972 810 1042 OWCulo,\nos
847 973 1037 1033 ﬁdetets
1060 988 1253 1029 suum
1286 974 1496 1030 utiliter
1523 977 1817 1046 participes
1842 976 1963 1032 fru-

392 1076 515 1121 ctus
534 1067 670 1138 legis
693 1065 960 1121 Ionicae.

789 1177 884 1232 EX
922 1177 1127 1234 [λωιιο
1161 1179 1324 1236 JESU
1359 1180 1563 1237 NAVE.

459 1284 683 1343 Gababn
708 1287 930 1358 quidem
958 1299 1042 1345 est
1088 1307 1243 1346 mens
1271 1293 1524 1348 sublimis
1549 1312 1562 1348 :
1592 1295 1749 1351 vallis
1776 1306 1958 1352 autem

391 1386 478 1434 est
505 1393 635 1434 caro
663 1390 839 1433 morte
866 1381 1148 1437 bumiliata
1176 1401 1188 1436 :
1215 1393 1272 1438 et
1302 1386 1380 1439 sol
1412 1386 1632 1454 quidem
1664 1396 1748 1442 est
1784 1390 1961 1444 oratio

2074 608 2176 680 ρίιρ
2196 649 2213 675 ,
2246 608 2433 680 λοιπὸν
2467 611 2873 682 ἀναφερόμενος
2898 612 2980 673 εις
3010 611 3102 664 τὸν
3125 610 3384 682 Χριστὸν.
3420 610 3510 665 διὰ
3544 612 3646 682 τῆς

2072 698 2375 770 μαρτυρίας
2401 699 2510 754 τῶν
2525 700 2878 770 προφητικῶν
2900 699 3115 768 φωνῶν.
3141 698 3400 769 Πέμπτον
3418 699 3478 755 δέ
3501 698 3644 764 ἔτος.

2066 787 2099 839 6
2127 788 2378 858 πέμπτος
2404 789 2615 861 καιρός·
2637 789 2761 845 καθ’
2789 789 2849 843 6v
2880 793 2909 843 6
2936 788 3170 860 Χριστὸς
3196 787 3653 860 ἐνηνθρώπησεν,-

2068 878 2145 942 ὡς
2171 879 2429 952 ἀνωτέρω
2450 880 2769 951 δεδήλωται.
2804 881 3029 935 Ἔκτοτε
3058 880 3167 951 γὰρ
3201 880 3647 952 περιαιρεθέντος

2067 968 2161 1022 τοῦ
2181 969 2557 1040 καλύμματος,
2581 969 3068 1040 μεταλαμϐάνομεν
3088 972 3137 1024 oi
3160 971 3343 1025 πιστοὶ
3357 972 3647 1043 χρησίμως

2066 1057 2162 1113 τοῦ
2192 1060 2406 1132 καρποῦ
2431 1061 2532 1130 τῆς
2560 1061 2866 1130 Μωσαῖκῆς
2893 1061 3233 1130 νομοθεσίας.

2244 1173 2339 1227 ΕΚ
2367 1173 2504 1226 ΤΗΣ
2538 1173 2788 1228 ΒΙΒΛΟΥ
2817 1173 3027 1227 ΙΗΣΟΥ
3053 1174 3192 1226 ΤΟΥ
3229 1173 3422 1226 ΝΑΥΗ

2136 1284 2334 1343 Γαϐαὼ
2371 1287 2469 1357 μὲν
2506 1286 2654 1341 ἐστιν
2682 1289 2710 1342 6
2736 1288 2936 1359 ὑψηλὸς
2965 1286 3111 1351 νοῦς·
3142 1285 3360 1358 φάραγξ
3387 1287 3463 1352 δέ,
3496 1289 3530 1358 ἡ
3558 1286 3639 1358 τῷ

2067 1375 2281 1447 θανάτῳ
2300 1376 2698 1435 ταπεινωθεῖσα
2728 1378 2886 1449 σάρξο
2915 1377 3008 1431 καὶ
3034 1379 3063 1430 6
3088 1376 3236 1447 ἥλιος
3260 1378 3379 1448 μὲν,
3407 1379 3436 1431 6
3465 1377 3633 1446 φωτί-

389 1484 510 1539 qute
549 1479 788 1525 mentem
834 1472 1122 1539 illuminat,
1147 1476 1277 1530 etei
1304 1478 1615 1547 suppeditat
1646 1479 1957 1536 facultatem

2066 1469 2174 1534 ζων
2209 1470 2301 1524 τὸν
2331 1469 2455 1523 νοῦν
2481 1469 2638 1538 λόγος
2670 1470 2765 1523 καὶ
2795 1469 3050 1542 χορηγῶν
3089 1468 3238 1538 αὐτῷ
3265 1467 3636 1538 θεωρημάτων

388 1560 814 1627 theorematum,
844 1569 900 1617 et
940 1579 1059 1619 eam
1090 1565 1285 1621 liberat
1308 1567 1378 1623 ab
1408 1569 1558 1623 omni
1609 1573 1915 1640 ignorantia
1940 1590 1954 1627 :

2062 1558 2311 1631 δύναμιν,
2336 1561 2432 1614 καὶ¹
2460 1562 2638 1631 πάσης
2671 1561 2894 1630 ἀγνοίας
2924 1559 3281 1613 ἀπαλλάττων
3303 1576 3317 1589 ·
3352 1558 3547 1627 σελήνη
3576 1557 3636 1611 δὲ

386 1652 517 1706 luna
559 1660 742 1708 autem
773 1662 856 1709 est
886 1655 970 1709 lex
1009 1658 1294 1723 naturalis,
1327 1674 1423 1714 seu
1454 1662 1723 1716 naturalis
1746 1662 1951 1718 discre-

2063 1650 2092 1702 6
2119 1649 2346 1716 φυσικὸς
2371 1649 2551 1720 νόμος,
2583 1650 2750 1721 ἤγουν
2776 1651 2809 1721 ἠ
2837 1649 3040 1721 φυσικὴ
3067 1649 3356 1718 διάκρισις,
3401 1646 3636 1749 μετρίως

388 1743 485 1807 tio,
512 1743 867 1800 mediocriter
908 1747 1224 1803 illuminans
1254 1758 1312 1803 et
1350 1750 1503 1804 carni
1532 1751 1870 1820 persuadens
1896 1760 1957 1806 ut

2064 1742 2373 1811 φωτίζουσα
2400 1743 2494 1795 καὶ
2525 1740 2787 1795 πείθουσα
2837 1740 2935 1811 τὴν
2968 1740 3146 1811 σάρκα
3197 1738 3533 1807 ὑποταγῆναι
3570 1738 3639 1807 τῇ

386 1832 710 1902 subjiciatur
739 1835 951 1890 animae.
988 1835 1143 1892 Luna
1185 1837 1334 1892 enim
1383 1847 1467 1894 est
1507 1840 1813 1911 symbolum
1856 1854 1956 1896 na-

2062 1835 2233 1904 ψυχῇ.
2263 1833 2481 1898 Φύσεως
2509 1831 2620 1905 γὰρ
2649 1831 2917 1901 σύμϐολον
2945 1832 2980 1901 ἡ
3031 1830 3253 1930 σελήνηξ
3290 1827 3380 1882 διὰ
3417 1828 3480 1881 τὸ
3516 1843 3642 1930 τρε-

389 1932 544 1985 turae,
566 1933 791 1992 propter
811 1926 1249 1983 mutabilitatem.
1267 1928 1528 1999 Quisquis
1545 1947 1677 2002 ergo
1694 1949 1794 2002 per
1812 1935 1958 2003 piam

382 2010 509 2063 vitae
536 2009 936 2066 institutionem
973 2014 1090 2068 acie
1126 2015 1370 2086 conﬂigit
1416 2017 1678 2073 adversus
1707 2021 1959 2077 inimicos
2001 2049 2011 2056 ι

383 2099 477 2169 qui
514 2101 720 2156 cadunt
764 2102 868 2157 sub
912 2102 1357 2178 intelligentiam,
1400 2109 1462 2165 ﬁt
1500 2111 1660 2167 Jesus
1695 2114 1860 2170 Nave.
1891 2115 1960 2170 Et

383 2197 641 2258 precatur
669 2191 892 2261 quidem
927 2201 989 2247 ut
1016 2195 1121 2249 sibi
1157 2206 1264 2253 stet
1301 2200 1402 2264 sol,
1432 2203 1727 2259 ut‘dictum
1759 2214 1866 2270 est,
1901 2207 1959 2261 in

382 2279 626 2344 Gabaon,
663 2284 790 2339 luna
829 2292 1012 2339 autem
1039 2288 1096 2342 in
1122 2290 1257 2344 valle
1284 2292 1365 2357 ";
1396 2292 1501 2347 hoc
1523 2303 1626 2361 est,
1652 2296 1703 2350 ei
1738 2313 1958 2367 perma-

385 2376 511 2423 neat
539 2371 604 2425 ad
636 2372 995 2430 destruendas
1024 2376 1143 2431 vitii
1175 2380 1513 2438 munitiones
1551 2390 1608 2438 et
1649 2384 1717 2439 ad
1763 2386 1957 2440 interi-

382 2461 612 2515 mendos
641 2462 844 2518 hostes.

451 2549 735 2617 Quomodo
762 2563 885 2625 post
913 2566 1149 2613 mortem
1181 2560 1378 2633 Moysls
1403 2562 1561 2619 Iesus
1580 2565 1727 2621 Nave
1746 2567 1959 2637 accepit

369 2641 749 2713 'prineipatum
780 2662 793 2698 :
822 2645 898 2701 ita
927 2659 1052 2717 post
1072 2659 1309 2708 mortem
1336 2653 1526 2725 legalis
1549 2654 1746 2714 litterae
1797 2658 1959 2714 Jesus

379 2729 632 2789 Christus
670 2742 884 2807 accepit
920 2740 1292 2811 principatum
1336 2748 1463 2799 novi
1494 2748 1703 2816 populi,
1743 2757 1800 2804 et
1836 2757 1957 2805 tan-

379 2837 543 2892 quam
571 2838 671 2893 per
698 2826 906 2896 gladios
944 2831 1211 2900 petrinos,
1244 2848 1342 2903 per
1378 2836 1613 2890 solidum
1646 2852 1957 2895 sermonem

377 2916 498 2985 ejus
516 2916 1273 2984 mandatorum,circumeidit
1293 2925 1465 2994 ipsius
1485 2926 1731 2982 habitum
1746 2929 1813 2984 ad
1834 2946 1959 2985 sen-

377 3004 522 3071 silia,
547 3013 603 3061 et
636 3007 821 3062 elfecit
848 3019 910 3064 ut
934 3011 1051 3080 ipse
1076 3013 1334 3069 transiret
1356 3015 1615 3073 ﬂuentem
1639 3028 1693 3075 et
1723 3021 1955 3077 instabi-

378 3095 485 3149 lem
512 3097 639 3151 vitae
658 3101 946 3167 praesentis
967 3101 1312 3170 brevitatem,
1336 3122 1534 3178 nempe
1556 3110 1625 3164 ab
1650 3127 1711 3169 ea
1733 3128 1842 3168 non
1864 3131 1955 3169 re-

2062 1924 2216 1980 πτόν.
2249 1925 2438 1987 Ὅστις
2478 1922 2608 1992 γοῦν
2638 1923 2707 1977 δι’
2752 1920 3012 1985 εὐσεϐοῦς
3046 1920 3320 1983 πολιτείας
3355 1918 3638 1989 παρατάσο

2060 2032 2214 2073 σεται
2255 2015 2394 2089 πρὸς
2423 2018 2549 2080 τοὺς
2592 2016 2860 2086 ἀοράτους
2898 2016 3159 2086 ἐχθροὺς,
3225 2012 3435 2084 Ἰησοῦς
3470 2013 3500 2066 6
3541 2010 3637 2064 τοῦ

2059 2107 2216 2177 Ναυῆ
2237 2107 2467 2177 γίνεται·
2485 2108 2581 2162 καὶ
2598 2106 2816 2177 εὔχεται
2842 2105 3031 2177 στῆναι
3053 2104 3202 2174 αὐτῷ
3220 2103 3314 2157 τὸν
3341 2103 3439 2174 μὲν
3464 2101 3636 2173 ἣλιον,

2057 2194 2134 2258 ὡς
2164 2195 2405 2265 εῐρηται¹,
2438 2196 2579 2250 κατὰ
2605 2194 2801 2249 Γαϐαὼ
2819 2188 2849 2261 ,’
2878 2194 2977 2265 τὴν
3019 2193 3077 2248 δὲ
3109 2192 3338 2263 σελήνην
3368 2192 3505 2245 κατὰ
3531 2190 3636 2257 φά-

2060 2303 2261 2358 ραγγα·
2294 2286 2439 2341 τοῦτ’
2468 2287 2614 2351 ἐστι,
2648 2288 2986 2360 παραμεῖναι
3017 2284 3167 2355 αὐτῷ
3205 2283 3342 2355 πρὸς
3374 2280 3636 2351 καθαίρε-

2060 2394 2142 2430 σιν
2165 2377 2275 2431 τῶν
2309 2378 2411 2449 τῆς
2443 2377 2639 2442 κακίας
2671 2377 3064 2449 ὀχυρωμάτων.
3095 2376 3191 2430 καὶ
3220 2371 3500 2444 ἀναίρεσιν
3530 2371 3638 2425 τῶν

2059 2468 2188 2523 πολε
2197 2469 2356 2539 μίων.

2131 2564 2341 2635 Ὠσπερ
2369 2563 2507 2635 μετὰ
2543 2562 2640 2633 τὴν
2665 2561 2922 2632 τελευτὴν
2955 2559 3202 2624 Μωσέως
3246 2555 3456 2629 Ἰησοῦς
3483 2558 3513 2611 6
3540 2555 3634 2611 τοῦ

2057 2656 2214 2725 Ναυῆ
2245 2655 2344 2727 τὴν
2379 2654 2675 2725 ἡγεμονίαν
2703 2651 3012 2724 παρέλαϐεν
3032 2667 3046 2681 ·
3077 2650 3222 2704 οὕτω
3254 2649 3392 2720 μετὰ
3418 2648 3516 2719 τὴν
3547 2665 3638 2701 τε·

2056 2746 2249 2817 λευτὴν
2289 2745 2384 2799 τοῦ
2420 2744 2645 2816 νομικοῦ
2685 2744 3011 2820 γράμματος
3033 2783 3049 2809 ,
3094 2739 3303 2811 Ἰησοῦς
3338 2743 3367 2794 6
3396 2738 3634 2809 Χριστὸς

2055 2837 2155 2907 τὴν
2189 2835 2485 2907 ἡγεμονίαν
2528 2834 2622 2888 τοῦ
2652 2835 2773 2887 νέου
2806 2832 2936 2888 λαοῦ
2979 2831 3285 2904 παρέλαϐε’
3322 2830 3414 2884 καὶ
3444 2829 3637 2900 ὥσπερ

2055 2924 2145 2977 διὰ
2173 2923 2281 2977 τῶν
2315 2924 2584 2994 πετρίνων
2624 2922 2932 2994 μαχαιρῶν,
2966 2922 3056 2976 διὰ
3081 2919 3175 2975 τοῦ
3222 2919 3448 2992 στερῤοῦ
3473 2919 3636 2988 λόγου

2054 3014 2164 3067 τῶν
2206 3014 2435 3068 ἐντολῶν
2472 3013 2637 3067 αὐτοῦ
2682 3015 2977 3084 περιέτεμε
3016 3012 3211 3066 τούτου
3252 3011 3352 3082 τὴν
3400 3010 3539 3082 πρὸς
3564 3010 3637 3063 τά

2056 3104 2290 3175 αἰσθητὰ
2315 3104 2518 3174 σχέσιν,
2548 3104 2643 3158 καὶ
2672 3104 3085 3173 παρεσκεύασεν
3108 3103 3271 3157 αὐτὸν
3306 3101 3637 3170 διαπεράσαι

378 3190 592 3252 tentus;
620 3187 867 3245 humeris
895 3199 1078 3247 autem
1113 3194 1381 3250 virtutum
1422 3198 1731 3268 impositam
1770 3202 1954 3260 ferens

2056 3194 2113 3248 τὸ
2137 3195 2258 3265 ῥέον
2286 3194 2382 3248 καὶ
2405 3194 2638 3247 ἄστατον
2653 3193 2747 3246 τοῦ
2778 3194 3044 3264 παρόντος
3070 3192 3208 3265 βίον,
3237 3192 3313 3261 μὴ
3340 3190 3635 3262 βραχέντα.

377 3290 582 3343 arcam,
613 3280 1001 3350 cognitionem,
1024 3284 1269 3356 inquam,
1320 3303 1578 3360 capacem
1636 3291 1954 3352 divinorum

378 3367 789 3436 mysteriorum.

726 3565 821 3622 sx
857 3569 1069 3628 PRIMO
1105 3556 1308 3631 uano
1346 3577 1605 3635 nucum.

880 3682 958 3761 De
1001 3682 1167 3741 Saule
1199 3694 1248 3740 et
1278 3687 1469 3747 Dauid.

447 3793 560 3850 Lex
588 3802 750 3850 vetus
771 3793 818 3849 si
850 3794 924 3849 ita
953 3802 1203 3851 Sumatur
1234 3806 1296 3853 ut
1318 3808 1598 3867 spectatur
1624 3811 1834 3859 tantum
1863 3805 1956 3861 lit-

358 3890 521 3959 tera,
541 3892 626 3939 est
646 3882 777 3941 Saul
795 3884 1054 3942 laborans
1075 3887 1270 3945 morbo
1292 3889 1519 3955 caduco,
1543 3893 1714 3962 utqui
1736 3905 1957 3950 eontra-

378 3976 482 4031 riis
518 3991 586 4031 ac
614 3978 1045 4048 repugnantibus
1081 3981 1318 4051 agitetur
1347 3982 1865 4050 innumerabilibus,
1898 3995 1956 4042 et

378 4066 586 4123 nullam
620 4081 807 4125 secum
832 4068 1100 4125 sustineat
1122 4073 1539 4128 consensionem
1562 4090 1627 4130 ac
1648 4091 1957 4139 consonan-

381 4158 532 4214 tiam.
561 4157 790 4225 Quando
823 4168 1006 4217 autem
1039 4162 1089 4217 ei
1128 4162 1436 4219 insonuerit
1468 4164 1676 4221 cithara
1708 4167 1952 4232 Davidis,

378 4264 476 4305 seu
505 4251 768 4320 sapientia
801 4253 1003 4308 occulti
1036 4254 1282 4323 spiritus,
1318 4255 1424 4311 hoc
1455 4265 1560 4322 est,
1599 4272 1756 4313 mens
1787 4259 1953 4329 spiri-

381 4339 562 4402 tualis,
589 4340 773 4394 statim
809 4340 871 4394 ﬁt
902 4342 1149 4397 modesta
1178 4358 1242 4398 ac
1273 4345 1510 4414 sapiens,
1544 4347 1775 4417 expulso
1809 4349 1954 4404 malo

375 4428 577 4498 spiritu
610 4430 1063 4493 mntmdieﬁmis
1094 4449 1162 4489 ac
1201 4435 1598 4505 repugnantia.

2052 3283 2202 3337 τοῦτ’
2228 3284 2340 3338 ἐστι
2363 3324 2378 3350 ,
2414 3285 2488 3356 μὴ
2520 3283 2841 3356 ἐνσχεθέντα
2868 3283 3065 3355 τούτῳο
3099 3285 3215 3347 τοῖς
3247 3280 3421 3350 ὤμοις
3444 3280 3501 3333 δὲ
3525 3280 3638 3332 τῶν

2051 3374 2264 3445 ἀρετῶν
2294 3375 2654 3449 ἐπικειμένην
2685 3375 2921 3447 φέροντα
2952 3374 3052 3445 τὴν
3091 3373 3359 3427 κιϐωτόν·
3393 3371 3537 3440 λέγω
3567 3368 3637 3441 δὴ

2052 3463 2150 3535 τὴν
2170 3464 2429 3536 δεκτικὴν
2453 3466 2562 3520 τῶν
2589 3466 2750 3520 θείων
2787 3465 3108 3537 μυστηρίων
3137 3463 3364 3532 γνῶσιν.

2318 3580 2458 3632 ΤΗΣ
2496 3577 2768 3632 ΠΡΩἹΊΙΣ
2804 3577 2941 3631 ΤΩΝ
2979 3573 3364 3629 ΒΑΣΙΛΕΙΩΝ.

2362 3678 2365 3681 ’
2481 3691 2616 3762 Περὶ
2647 3689 2847 3746 Σαοὺλ
2878 3688 2976 3743 καὶ
3011 3687 3208 3744 Δαϐί6.

2133 3806 2195 3859 '0
2226 3804 2458 3869 τωιλαιδς
2490 3803 2655 3873 νόμος
2691 3800 2833 3857 κατὰ
2866 3800 3027 3871 μόνον
3053 3798 3118 3852 τὸ
3147 3797 3386 3870 γράμμα
3416 3796 3638 3869 λαμϐα-

2052 3896 2295 3965 νόμενος,
2328 3893 2499 3947 Σαούλ
2527 3894 2697 3956 ἐστιν,
2730 3890 3052 3960 ἐπίληπτος,
3085 3887 3181 3942 ἆτε
3207 3887 3428 3959 μυρίαις
3453 3887 3638 3942 δονοῦ-

2057 4002 2214 4056 μενος
2241 3984 2592 4039 ἐναντιώσεσι
2614 4022 2630 4048 ,
2662 3983 2756 4047 καὶ
2787 3980 3056 4052 μηδεμίαν
3094 3979 3233 4049 ἔχων
3277 3979 3413 4050 πρὸς
3441 3978 3637 4037 ἑαυτὸν

2054 4075 2395 4145 συμφωνίαν.
2435 4075 2629 4127 Ἡνίκα
2658 4072 2715 4126 δὲ
2742 4071 2993 4142 ἐπηχήσῃ
3038 4067 3188 4139 αὐτῷ
3215 4069 3256 4138 ἡ»
3301 4068 3500 4138 κιθάρα
3537 4065 3635 4121 τοῦ

2052 4166 2250 4231 Δαϐὶδ,
2283 4151 2504 4236 ἦγουνή
2540 4163 2702 4233 σοφία
2729 4163 2821 4217 τοῦ
2855 4159 3347 4231 ῦποκεκρυμμένου
3381 4158 3630 4230 πνεύμα-

2052 4273 2162 4321 τος⁶
2202 4256 2346 4313 τοῦτ’
2368 4256 2535 4320 ἐστιν,
2582 4257 2612 4310 6
2654 4252 3022 4324 πνευματικὸς
3061 4250 3205 4315 νοῦς·
3256 4250 3386 4307 εὐθὺ
3422 4266 3636 4318 σωφρο-

2054 4352 2167 4416 νεῖ,
2207 4348 2302 4402 τοῦ
2336 4347 2573 4420 πονηροῦ
2616 4347 2928 4418 πνεύματος
2963 4344 3063 4414 τῆς
3109 4340 3481 4406 ἐναντιώσεως
3524 4341 3635 4396 ἁρπ-

2054 4440 2439 4511 ελαυνομένου.

382 4541 448 4596 Et
481 4542 635 4608 dabo,
662 4543 851 4615 inquit,
885 4559 1103 4615 regnum
1134 4548 1373 4616 proximo
1405 4556 1494 4603 tuo
1528 4548 1661 4603 bona
1690 4566 1855 4622 supra
1881 4560 1947 4606 te.

2056 4551 2166 4609 Καὶ
2191 4551 2387 4615 δώσω,
2416 4551 2590 4622 φησι,
2614 4551 2729 4617 τὴν
2747 4547 3077 4622 ,ϐασιλείαν
3094 4544 3174 4622 τῷ
3198 4542 3472 4613 πλησίον
3490 4558 3632 4607 σου,

446 4721 733 4787 Quomodo
762 4720 908 4778 enim
942 4722 1115 4778 David
1137 4730 1258 4779 erat
1287 4739 1456 4794 prope
1492 4724 1735 4790 Saulem,
1761 4733 1825 4780 ut
1852 4728 1949 4797 qui

375 4815 493 4882 ipse
528 4827 745 4882 quoque
791 4823 911 4869 erat
958 4823 1160 4870 unctus
1214 4815 1269 4869 in
1305 4830 1489 4886 regem
1524 4818 1570 4849 "
1603 4833 1619 4869 ι
1673 4816 1748 4872 ita
1782 4819 1948 4874 etiam

376 4898 605 4968 spiritus
638 4908 759 4955 erat
791 4915 962 4972 prope
1002 4902 1242 4958 litteram
1278 4919 1400 4973 quas
1435 4912 1521 4958 est
1553 4904 1610 4957 in
1647 4905 1784 4976 lege,
1824 4915 1947 4963 tan-

375 5004 541 5059 quam
573 4991 630 5046 in
662 5006 728 5048 ea
762 4993 1083 5049 absconsus.
1118 4992 1222 5048 Cui
1259 4994 1426 5048 etiam
1472 4993 1540 5049 de
1584 5003 1784 5051 caetero
1821 4996 1948 5055 data

374 5086 461 5133 est
506 5086 767 5147 potestas,
801 5083 1073 5137 exstincta
1117 5081 1339 5151 quidem
1374 5082 1494 5151 lege
1527 5098 1648 5152 quae
1681 5086 1949 5156 accipitur

373 5167 677 5223 secundum
712 5169 973 5236 litteram,
1010 5170 1363 5225 illucescente
1399 5180 1579 5227 autem
1614 5189 1679 5229 ea
1708 5191 1829 5246 quae
1861 5177 1949 5232 in-

375 5258 639 5329 telligitur
672 5262 975 5316 secundum
1008 5261 1281 5331 spiritum.
1324 5262 1454 5329 Quae
1472 5273 1590 5320 erat
1618 5266 1785 5322 etiam
1806 5270 1951 5324 bona

373 5364 540 5419 super
593 5351 772 5416 illam,
825 5368 938 5422 quo
985 5362 1118 5409 sunt
1169 5353 1330 5427 longe
1363 5356 1675 5426 pulchriora
1710 5374 1775 5415 ac
1807 5375 1952 5429 pra:-

375 5439 641 5497 stantiora
681 5442 979 5499 sensilibus
1015 5458 1081 5500 ea
1115 5459 1236 5515 quae
1268 5447 1649 5518 percipiuntur
1681 5449 1752 5504 ab
1785 5449 1952 5505 intel-

447 5594 495 5633 ³⁸
514 5595 681 5660 Iosue
703 5612 759 5662 ι,
783 5597 870 5654 42,
947 5601 992 5637 ¹⁹
1017 5600 1039 5658 Ι
1066 5602 1199 5674 Reg.
1229 5618 1341 5670 xvi,
1370 5602 1458 5665 ιδ.

2537 4622 2618 4687 τῷ
2643 4616 2843 4689 ἁγαθῷ
2871 4618 3024 4686 ὑπὲρ
3042 4616 3139 4671 σέ.

2120 4732 2387 4804 Καθάπερ
2414 4733 2524 4803 γὰρ
2566 4733 2594 4785 6
2628 4730 2789 4785 Δαϐὶδ
2826 4729 3051 4802 πλησίον
3085 4722 3156 4797 ἦν
3184 4724 3281 4781 τοῦ
3322 4724 3524 4789 Σαοὺλ,
3556 4723 3635 4787 ὡς

2051 4823 2146 4877 καὶ
2184 4823 2345 4887 αὐτὸς
2376 4825 2456 4887 εἰς
2489 4822 2712 4893 βασιλέα
2744 4821 3010 4895 χρισθείς’
3038 4818 3181 4873 οὕτω
3207 4818 3299 4871 καὶ
3327 4816 3391 4870 τὸ
3417 4815 3634 4885 πνεῦμα

2050 4913 2279 4986 πλησίον
2306 4909 2376 4985 ἦν
2408 4913 2502 4968 τοῦ
2534 4915 2594 4966 ἐν
2620 4914 2698 4985 τῷ
2730 4914 2880 4984 νόμῳ
2919 4912 3246 4983 γράμματος
3266 4950 3280 4973 ,
3320 4907 3397 4972 ὡς
3436 4908 3636 4961 ὑποκε-

2049 5005 2367 5077 κρυμμένον
2397 5003 2563 5074 αὐτῷ.
2596 4998 2667 5074 ᾯ
2706 5004 2801 5057 καὶ
2841 5003 3049 5056 δέδοται
3080 4999 3267 5054 λοιπὸν
3302 4998 3364 5052 τδ
3391 4998 3595 5067 κράτος
3616 5036 3634 5062 ,

2053 5092 2373 5157 σϐεσθέντος
2413 5094 2512 5164 μὲν
2552 5092 2647 5147 τοῦ
2680 5093 2821 5146 κατὰ
2849 5091 2911 5145 τὸ
2953 5091 3192 5162 γράμμα
3223 5086 3639 5158 λαμϐανομένου

2050 5184 2241 5254 νόμου,
2261 5182 2576 5254 λάμψαντος
2606 5183 2662 5238 δέ
2694 5183 2789 5238 τοῦ
2812 5181 2955 5237 κατὰ
2981 5180 3043 5234 τὸ
3067 5178 3285 5248 πνεῦμα
3318 5176 3636 5245 νοουμένουο

2049 5272 2110 5337 ὃς
2137 5275 2232 5328 καλ⁵
2258 5274 2458 5343 ἀγαθὸς
2482 5271 2550 5347 ἦν
2577 5275 2716 5347 ὑπὲρ
2741 5276 2968 5335 ἐκεῖνον,
2998 5273 3109 5341 ὅσῳ
3138 5269 3233 5323 καλ⁸
3262 5267 3432 5321 πολλὰ
3460 5277 3482 5305 ε
3509 5264 3638 5318 καλ-

2051 5362 2205 5417 λιόνα
2228 5365 2336 5417 τῶν
2362 5365 2639 5438 αἰσθητῶν
2660 5366 2727 5419 τὰ
2761 5364 2948 5435 νοητὰ,
2977 5364 3072 5417 καὶ
3094 5359 3207 5416 τῶν
3230 5355 3639 5414 κατασπώντων

2054 5453 2136 5517 sit;
2164 5453 2293 5522 γῆν,
2315 5454 2385 5508 τὰ
2410 5456 2490 5518 εἰς
2512 5454 2744 5527 οὐρανὸν
2764 5454 3082 5508 ἀνέλκοντα.
3124 5451 3184 5505 '0
3210 5447 3405 5516 Σαοὺλ,
3433 5448 3463 5501 6
3486 5460 3639 5516 φυσιν

1746 5687 1918 5745 νοτίδι
1954 5689 2234 5747 lectiones.

456 5803 479 5831 ο
517 5801 603 5854 ισ.
639 5801 836 5871 πολλῷ.
