  <div class='ocr_page' id='page_1' title='image "/cluster/home/n/w/nwhite01/storage/ocr_20150623/77:no.10/coo.31924054869783/632.png"; bbox 0 0 4076 6510; ppageno 0'>
   <div class='ocr_carea' id='block_1_1' title="bbox 398 343 539 398">
    <p class='ocr_par' dir='ltr' id='par_1_1' title="bbox 398 343 539 398">
     <span class='ocr_line' id='line_1_1' title="bbox 398 343 539 398; baseline 0.007 -1"><span class='ocrx_word' id='word_1_1' title='bbox 398 343 539 398; x_wconf 62' lang='grc' dir='ltr'><strong>ιω</strong></span> 
     </span>
    </p>
   </div>
   <div class='ocr_carea' id='block_1_2' title="bbox 1788 342 2315 405">
    <p class='ocr_par' dir='ltr' id='par_1_2' title="bbox 1788 342 2315 405">
     <span class='ocr_line' id='line_1_2' title="bbox 1788 342 2315 405; baseline 0.004 -2"><span class='ocrx_word' id='word_1_2' title='bbox 1788 342 2315 405; x_wconf 75' lang='lat' dir='ltr'><strong>COLLECTANEA.</strong></span> 
     </span>
    </p>
   </div>
   <div class='ocr_carea' id='block_1_3' title="bbox 3551 355 3691 413">
    <p class='ocr_par' dir='ltr' id='par_1_3' title="bbox 3551 355 3691 413">
     <span class='ocr_line' id='line_1_3' title="bbox 3551 355 3691 413; baseline 0.014 -2"><span class='ocrx_word' id='word_1_3' title='bbox 3551 355 3691 413; x_wconf 65' lang='lat'><strong>1250</strong></span> 
     </span>
    </p>
   </div>
   <div class='ocr_carea' id='block_1_4' title="bbox 397 452 1985 538">
    <p class='ocr_par' dir='ltr' id='par_1_4' title="bbox 397 452 1985 529">
     <span class='ocr_line' id='line_1_4' title="bbox 397 452 1985 529; baseline 0.002 -20"><span class='ocrx_word' id='word_1_4' title='bbox 397 455 492 519; x_wconf 67' lang='grc' dir='ltr'><strong>κός</strong></span> <span class='ocrx_word' id='word_1_5' title='bbox 522 456 641 509; x_wconf 81' lang='grc' dir='ltr'>ἐστι</span> <span class='ocrx_word' id='word_1_6' title='bbox 681 452 869 526; x_wconf 81' lang='grc' dir='ltr'>νόμος,</span> <span class='ocrx_word' id='word_1_7' title='bbox 897 454 928 510; x_wconf 87' lang='lat'><strong>6</strong></span> <span class='ocrx_word' id='word_1_8' title='bbox 955 452 1082 509; x_wconf 78' lang='grc' dir='ltr'>κατ’</span> <span class='ocrx_word' id='word_1_9' title='bbox 1120 452 1300 528; x_wconf 70' lang='grc' dir='ltr'>ἀρχὰς</span> <span class='ocrx_word' id='word_1_10' title='bbox 1323 455 1603 526; x_wconf 72' lang='grc' dir='ltr'><strong>κυριεύειν</strong></span> <span class='ocrx_word' id='word_1_11' title='bbox 1633 455 1733 529; x_wconf 80' lang='grc' dir='ltr'>τῆς</span> <span class='ocrx_word' id='word_1_12' title='bbox 1778 457 1985 528; x_wconf 84' lang='grc' dir='ltr'>φύσεως</span> 
     </span>
    </p>
   </div>
   <div class='ocr_carea' id='block_1_5' title="bbox 2086 452 3695 538">
    <p class='ocr_par' dir='ltr' id='par_1_5' title="bbox 2096 457 3695 538">
     <span class='ocr_line' id='line_1_5' title="bbox 2096 457 3695 538; baseline 0.008 -25"><span class='ocrx_word' id='word_1_13' title='bbox 2096 457 2352 530; x_wconf 85' lang='lat' dir='ltr'><strong>ligentia;</strong></span> <span class='ocrx_word' id='word_1_14' title='bbox 2389 468 2446 514; x_wconf 79' lang='lat' dir='ltr'><strong>et</strong></span> <span class='ocrx_word' id='word_1_15' title='bbox 2480 457 2550 514; x_wconf 89' lang='lat' dir='ltr'><strong>iis</strong></span> <span class='ocrx_word' id='word_1_16' title='bbox 2582 473 2707 530; x_wconf 71' lang='lat' dir='ltr'><strong>qua:</strong></span> <span class='ocrx_word' id='word_1_17' title='bbox 2738 458 3041 519; x_wconf 85' lang='lat' dir='ltr'><strong>detrahunt</strong></span> <span class='ocrx_word' id='word_1_18' title='bbox 3076 461 3133 519; x_wconf 91' lang='lat' dir='ltr'><strong>in</strong></span> <span class='ocrx_word' id='word_1_19' title='bbox 3176 472 3420 533; x_wconf 87' lang='lat' dir='ltr'><strong>terram,</strong></span> <span class='ocrx_word' id='word_1_20' title='bbox 3469 480 3534 523; x_wconf 90' lang='lat' dir='ltr'><strong>ea</strong></span> <span class='ocrx_word' id='word_1_21' title='bbox 3570 484 3695 538; x_wconf 76' lang='lat' dir='ltr'><strong>quae</strong></span> 
     </span>
    </p>
   </div>
   <div class='ocr_carea' id='block_1_6' title="bbox 396 544 1998 621">
    <p class='ocr_par' dir='ltr' id='par_1_6' title="bbox 396 544 1998 621">
     <span class='ocr_line' id='line_1_6' title="bbox 396 544 1998 621; baseline 0.001 -18"><span class='ocrx_word' id='word_1_22' title='bbox 396 549 552 620; x_wconf 86' lang='grc' dir='ltr'><strong>παρά</strong></span> <span class='ocrx_word' id='word_1_23' title='bbox 572 546 671 602; x_wconf 82' lang='grc' dir='ltr'><strong>τοῦ</strong></span> <span class='ocrx_word' id='word_1_24' title='bbox 702 547 914 619; x_wconf 81' lang='grc' dir='ltr'>Κυρίου</span> <span class='ocrx_word' id='word_1_25' title='bbox 948 546 1151 619; x_wconf 82' lang='grc' dir='ltr'>λαχών.</span> <span class='ocrx_word' id='word_1_26' title='bbox 1190 544 1345 604; x_wconf 80' lang='grc' dir='ltr'>Ἐπεὶ</span> <span class='ocrx_word' id='word_1_27' title='bbox 1369 546 1428 603; x_wconf 75' lang='grc' dir='ltr'>δὲ</span> <span class='ocrx_word' id='word_1_28' title='bbox 1459 546 1676 619; x_wconf 73' lang='grc' dir='ltr'>παρέϐη</span> <span class='ocrx_word' id='word_1_29' title='bbox 1712 548 1813 621; x_wconf 80' lang='grc' dir='ltr'>τὴν</span> <span class='ocrx_word' id='word_1_30' title='bbox 1849 550 1998 604; x_wconf 78' lang='grc' dir='ltr'>ἐντο-</span> 
     </span>
    </p>
   </div>
   <div class='ocr_carea' id='block_1_7' title="bbox 395 634 1999 713">
    <p class='ocr_par' dir='ltr' id='par_1_7' title="bbox 395 634 1999 713">
     <span class='ocr_line' id='line_1_7' title="bbox 395 634 1999 713; baseline 0.001 -20"><span class='ocrx_word' id='word_1_31' title='bbox 395 641 497 712; x_wconf 76' lang='grc' dir='ltr'>λὴν</span> <span class='ocrx_word' id='word_1_32' title='bbox 522 634 614 695; x_wconf 86' lang='grc' dir='ltr'><strong>διά</strong></span> <span class='ocrx_word' id='word_1_33' title='bbox 659 639 986 711; x_wconf 77' lang='grc' dir='ltr'><strong>παρακοῆς,</strong></span> <span class='ocrx_word' id='word_1_34' title='bbox 1022 639 1352 711; x_wconf 80' lang='grc' dir='ltr'><strong>φεισάμενος</strong></span> <span class='ocrx_word' id='word_1_35' title='bbox 1379 640 1475 695; x_wconf 86' lang='grc' dir='ltr'><strong>τοῦ</strong></span> <span class='ocrx_word' id='word_1_36' title='bbox 1521 641 1696 711; x_wconf 82' lang='grc' dir='ltr'>Ἀγάγ</span> <span class='ocrx_word' id='word_1_37' title='bbox 1731 640 1999 713; x_wconf 84' lang='grc' dir='ltr'>βασιλέως</span> 
     </span>
    </p>
   </div>
   <div class='ocr_carea' id='block_1_8' title="bbox 406 728 1995 806">
    <p class='ocr_par' dir='ltr' id='par_1_8' title="bbox 406 728 1995 806">
     <span class='ocr_line' id='line_1_8' title="bbox 406 728 1995 806; baseline 0.001 -20"><span class='ocrx_word' id='word_1_38' title='bbox 406 730 687 803; x_wconf 78' lang='grc' dir='ltr'>’Δμαλὴκ,</span> <span class='ocrx_word' id='word_1_39' title='bbox 724 728 1013 784; x_wconf 77' lang='grc' dir='ltr'>τοῦτ’-ἐστι</span> <span class='ocrx_word' id='word_1_40' title='bbox 1024 729 1133 785; x_wconf 82' lang='grc' dir='ltr'>’τοῦ</span> <span class='ocrx_word' id='word_1_41' title='bbox 1166 734 1441 803; x_wconf 86' lang='grc' dir='ltr'>σώματος,</span> <span class='ocrx_word' id='word_1_42' title='bbox 1466 732 1561 787; x_wconf 61' lang='grc' dir='ltr'><strong>και)⁸</strong></span> <span class='ocrx_word' id='word_1_43' title='bbox 1589 732 1728 806; x_wconf 75' lang='grc' dir='ltr'>πρὸς</span> <span class='ocrx_word' id='word_1_44' title='bbox 1749 732 1821 787; x_wconf 86' lang='grc' dir='ltr'><strong>τά</strong></span> <span class='ocrx_word' id='word_1_45' title='bbox 1843 733 1995 805; x_wconf 85' lang='grc' dir='ltr'>πάθη</span> 
     </span>
    </p>
   </div>
   <div class='ocr_carea' id='block_1_9' title="bbox 396 820 1996 898">
    <p class='ocr_par' dir='ltr' id='par_1_9' title="bbox 396 820 1996 898">
     <span class='ocr_line' id='line_1_9' title="bbox 396 820 1996 898; baseline 0 -21"><span class='ocrx_word' id='word_1_46' title='bbox 396 820 758 889; x_wconf 77' lang='grc' dir='ltr'>κατὼλισθεν,</span> <span class='ocrx_word' id='word_1_47' title='bbox 793 820 1080 886; x_wconf 75' lang='grc' dir='ltr'><strong>ἐξωθεῖται</strong></span> <span class='ocrx_word' id='word_1_48' title='bbox 1114 822 1217 895; x_wconf 81' lang='grc' dir='ltr'>τῆς</span> <span class='ocrx_word' id='word_1_49' title='bbox 1253 821 1553 894; x_wconf 82' lang='grc' dir='ltr'><strong>βασιλείας,</strong></span> <span class='ocrx_word' id='word_1_50' title='bbox 1590 825 1680 880; x_wconf 82' lang='grc' dir='ltr'><strong>ἵνα</strong></span> <span class='ocrx_word' id='word_1_51' title='bbox 1704 824 1996 898; x_wconf 73' lang='grc' dir='ltr'>παραλάϐῃ</span> 
     </span>
    </p>
   </div>
   <div class='ocr_carea' id='block_1_10' title="bbox 393 911 1996 986">
    <p class='ocr_par' dir='ltr' id='par_1_10' title="bbox 393 911 1996 986">
     <span class='ocr_line' id='line_1_10' title="bbox 393 911 1996 986; baseline 0.001 -18"><span class='ocrx_word' id='word_1_52' title='bbox 393 914 488 968; x_wconf 81' lang='grc' dir='ltr'><strong>τὸν</strong></span> <span class='ocrx_word' id='word_1_53' title='bbox 524 911 745 983; x_wconf 80' lang='grc' dir='ltr'>Ἰσραὴλ</span> <span class='ocrx_word' id='word_1_54' title='bbox 775 914 805 966; x_wconf 98' lang='lat'><strong>6</strong></span> <span class='ocrx_word' id='word_1_55' title='bbox 831 912 1019 980; x_wconf 73' lang='grc' dir='ltr'>Δασὶδ,</span> <span class='ocrx_word' id='word_1_56' title='bbox 1051 913 1199 969; x_wconf 81' lang='grc' dir='ltr'>τοῦτ’</span> <span class='ocrx_word' id='word_1_57' title='bbox 1219 914 1399 982; x_wconf 67' lang='grc' dir='ltr'>ἐστιν,</span> <span class='ocrx_word' id='word_1_58' title='bbox 1438 917 1467 969; x_wconf 94' lang='lat'><strong>6</strong></span> <span class='ocrx_word' id='word_1_59' title='bbox 1502 915 1666 986; x_wconf 89' lang='grc' dir='ltr'>νόμος</span> <span class='ocrx_word' id='word_1_60' title='bbox 1697 915 1792 971; x_wconf 85' lang='grc' dir='ltr'><strong>τοῦ</strong></span> <span class='ocrx_word' id='word_1_61' title='bbox 1829 915 1996 970; x_wconf 88' lang='grc' dir='ltr'>πνεύ-</span> 
     </span>
    </p>
   </div>
   <div class='ocr_carea' id='block_1_11' title="bbox 397 1005 1994 1081">
    <p class='ocr_par' dir='ltr' id='par_1_11' title="bbox 397 1005 1994 1081">
     <span class='ocr_line' id='line_1_11' title="bbox 397 1005 1994 1081; baseline 0.003 -23"><span class='ocrx_word' id='word_1_62' title='bbox 397 1014 572 1079; x_wconf 84' lang='grc' dir='ltr'>ματος</span> <span class='ocrx_word' id='word_1_63' title='bbox 611 1006 640 1058; x_wconf 90' lang='lat'><strong>6</strong></span> <span class='ocrx_word' id='word_1_64' title='bbox 668 1005 880 1075; x_wconf 83' lang='grc' dir='ltr'>γεννῶν</span> <span class='ocrx_word' id='word_1_65' title='bbox 908 1006 1010 1078; x_wconf 76' lang='grc' dir='ltr'><strong>τὴν</strong></span> <span class='ocrx_word' id='word_1_66' title='bbox 1036 1007 1264 1078; x_wconf 84' lang='grc' dir='ltr'>εἰρήνην</span> <span class='ocrx_word' id='word_1_67' title='bbox 1285 1006 1385 1077; x_wconf 80' lang='grc' dir='ltr'>τὴν</span> <span class='ocrx_word' id='word_1_68' title='bbox 1413 1006 1806 1080; x_wconf 81' lang='grc' dir='ltr'>οἰκοδομοῦσαν</span> <span class='ocrx_word' id='word_1_69' title='bbox 1834 1025 1994 1081; x_wconf 88' lang='grc' dir='ltr'>περι-</span> 
     </span>
    </p>
   </div>
   <div class='ocr_carea' id='block_1_12' title="bbox 395 1095 1541 1173">
    <p class='ocr_par' dir='ltr' id='par_1_12' title="bbox 395 1095 1541 1173">
     <span class='ocr_line' id='line_1_12' title="bbox 395 1095 1541 1173; baseline 0.003 -23"><span class='ocrx_word' id='word_1_70' title='bbox 395 1096 584 1166; x_wconf 78' lang='grc' dir='ltr'>φανῶς</span> <span class='ocrx_word' id='word_1_71' title='bbox 604 1095 683 1168; x_wconf 83' lang='grc' dir='ltr'>τῷ</span> <span class='ocrx_word' id='word_1_72' title='bbox 718 1096 839 1168; x_wconf 81' lang='grc' dir='ltr'><strong>Θεῷ</strong></span> <span class='ocrx_word' id='word_1_73' title='bbox 869 1096 964 1151; x_wconf 78' lang='grc' dir='ltr'><strong>τὸν</strong></span> <span class='ocrx_word' id='word_1_74' title='bbox 990 1098 1094 1169; x_wconf 82' lang='grc' dir='ltr'>τῆς</span> <span class='ocrx_word' id='word_1_75' title='bbox 1124 1097 1359 1173; x_wconf 82' lang='grc' dir='ltr'>θεωρίας</span> <span class='ocrx_word' id='word_1_76' title='bbox 1389 1098 1541 1153; x_wconf 86' lang='grc' dir='ltr'>ναόν.</span> 
     </span>
    </p>
   </div>
   <div class='ocr_carea' id='block_1_13' title="bbox 467 1272 1996 1351">
    <p class='ocr_par' dir='ltr' id='par_1_13' title="bbox 467 1272 1996 1351">
     <span class='ocr_line' id='line_1_13' title="bbox 467 1272 1996 1351; baseline 0.004 -23"><span class='ocrx_word' id='word_1_77' title='bbox 467 1272 729 1348; x_wconf 77' lang='grc' dir='ltr'>Σαμούὴλ</span> <span class='ocrx_word' id='word_1_78' title='bbox 768 1276 1014 1347; x_wconf 82' lang='grc' dir='ltr'>ὑπακοὴ</span> <span class='ocrx_word' id='word_1_79' title='bbox 1040 1277 1195 1334; x_wconf 78' lang='grc' dir='ltr'>Θεοῦ</span> <span class='ocrx_word' id='word_1_80' title='bbox 1223 1278 1610 1351; x_wconf 78' lang='grc' dir='ltr'>ἑρμηνεύεται.</span> <span class='ocrx_word' id='word_1_81' title='bbox 1643 1279 1854 1335; x_wconf 82' lang='grc' dir='ltr'>Οὐκοῦν</span> <span class='ocrx_word' id='word_1_82' title='bbox 1888 1278 1996 1346; x_wconf 75' lang='grc' dir='ltr'>ἕως</span> 
     </span>
    </p>
   </div>
   <div class='ocr_carea' id='block_1_14' title="bbox 395 1368 1994 1447">
    <p class='ocr_par' dir='ltr' id='par_1_14' title="bbox 395 1368 1994 1447">
     <span class='ocr_line' id='line_1_14' title="bbox 395 1368 1994 1447; baseline 0.002 -24"><span class='ocrx_word' id='word_1_83' title='bbox 395 1368 462 1424; x_wconf 76' lang='grc' dir='ltr'>ἂν</span> <span class='ocrx_word' id='word_1_84' title='bbox 486 1370 516 1423; x_wconf 92' lang='lat'><strong>6</strong></span> <span class='ocrx_word' id='word_1_85' title='bbox 545 1369 947 1444; x_wconf 58' lang='grc' dir='ltr'>καθ’ίὺπακοὴν</span> <span class='ocrx_word' id='word_1_86' title='bbox 988 1369 1149 1440; x_wconf 80' lang='grc' dir='ltr'><strong>λόγος</strong></span> <span class='ocrx_word' id='word_1_87' title='bbox 1178 1373 1237 1425; x_wconf 88' lang='grc' dir='ltr'><strong>ἐν</strong></span> <span class='ocrx_word' id='word_1_88' title='bbox 1267 1373 1399 1443; x_wconf 80' lang='grc' dir='ltr'>ἡμῖν</span> <span class='ocrx_word' id='word_1_89' title='bbox 1430 1372 1707 1447; x_wconf 80' lang='grc' dir='ltr'>ἱερατεύῃ,</span> <span class='ocrx_word' id='word_1_90' title='bbox 1747 1371 1852 1429; x_wconf 80' lang='grc' dir='ltr'><strong>κάν</strong></span> <span class='ocrx_word' id='word_1_91' title='bbox 1873 1372 1994 1443; x_wconf 83' lang='grc' dir='ltr'>φεί-</span> 
     </span>
    </p>
   </div>
   <div class='ocr_carea' id='block_1_15' title="bbox 398 1455 1994 1538">
    <p class='ocr_par' dir='ltr' id='par_1_15' title="bbox 398 1455 1994 1538">
     <span class='ocr_line' id='line_1_15' title="bbox 398 1455 1994 1538; baseline 0.004 -23"><span class='ocrx_word' id='word_1_92' title='bbox 398 1460 560 1533; x_wconf 79' lang='grc' dir='ltr'>σηται</span> <span class='ocrx_word' id='word_1_93' title='bbox 599 1461 694 1515; x_wconf 90' lang='grc' dir='ltr'><strong>τοῦ</strong></span> <span class='ocrx_word' id='word_1_94' title='bbox 756 1460 931 1532; x_wconf 82' lang='grc' dir='ltr'><strong>Ἀγάγ</strong></span> <span class='ocrx_word' id='word_1_95' title='bbox 969 1458 998 1516; x_wconf 89' lang='lat'><strong>6</strong></span> <span class='ocrx_word' id='word_1_96' title='bbox 1046 1462 1257 1529; x_wconf 75' lang='grc' dir='ltr'>Σαοὺλ,</span> <span class='ocrx_word' id='word_1_97' title='bbox 1304 1464 1450 1518; x_wconf 83' lang='grc' dir='ltr'>τοῦτ’</span> <span class='ocrx_word' id='word_1_98' title='bbox 1476 1455 1628 1531; x_wconf 70' lang='grc' dir='ltr'>ἔστι,</span> <span class='ocrx_word' id='word_1_99' title='bbox 1660 1465 1756 1519; x_wconf 85' lang='grc' dir='ltr'><strong>τοῦ</strong></span> <span class='ocrx_word' id='word_1_100' title='bbox 1806 1465 1994 1538; x_wconf 78' lang='grc' dir='ltr'>χοϊκοῦ</span> 
     </span>
    </p>
   </div>
   <div class='ocr_carea' id='block_1_16' title="bbox 395 1547 1995 1627">
    <p class='ocr_par' dir='ltr' id='par_1_16' title="bbox 395 1547 1995 1627">
     <span class='ocr_line' id='line_1_16' title="bbox 395 1547 1995 1627; baseline 0.003 -21"><span class='ocrx_word' id='word_1_101' title='bbox 395 1552 767 1624; x_wconf 84' lang='grc' dir='ltr'>φρονήματος·</span> <span class='ocrx_word' id='word_1_102' title='bbox 818 1552 935 1607; x_wconf 86' lang='grc' dir='ltr'>ἀλλ’</span> <span class='ocrx_word' id='word_1_103' title='bbox 974 1547 1070 1607; x_wconf 84' lang='grc' dir='ltr'><strong>οῦν</strong></span> <span class='ocrx_word' id='word_1_104' title='bbox 1112 1554 1406 1610; x_wconf 88' lang='grc' dir='ltr'>ἀποκτενεῖ</span> <span class='ocrx_word' id='word_1_105' title='bbox 1453 1554 1644 1609; x_wconf 89' lang='grc' dir='ltr'>τοῦτον</span> <span class='ocrx_word' id='word_1_106' title='bbox 1680 1554 1934 1627; x_wconf 74' lang='grc' dir='ltr'>ζηλώσας</span> <span class='ocrx_word' id='word_1_107' title='bbox 1965 1557 1995 1611; x_wconf 85' lang='lat'><strong>6</strong></span> 
     </span>
    </p>
   </div>
   <div class='ocr_carea' id='block_1_17' title="bbox 399 1643 1993 1724">
    <p class='ocr_par' dir='ltr' id='par_1_17' title="bbox 399 1643 1993 1724">
     <span class='ocr_line' id='line_1_17' title="bbox 399 1643 1993 1724; baseline 0.004 -27"><span class='ocrx_word' id='word_1_108' title='bbox 399 1645 580 1717; x_wconf 74' lang='grc' dir='ltr'>ἱερεὺς</span> <span class='ocrx_word' id='word_1_109' title='bbox 610 1643 793 1715; x_wconf 75' lang='grc' dir='ltr'>λόγος,</span> <span class='ocrx_word' id='word_1_110' title='bbox 826 1645 922 1700; x_wconf 85' lang='grc' dir='ltr'><strong>καὶ</strong></span> <span class='ocrx_word' id='word_1_111' title='bbox 947 1644 1144 1718; x_wconf 82' lang='grc' dir='ltr'>πλήξει</span> <span class='ocrx_word' id='word_1_112' title='bbox 1181 1647 1562 1718; x_wconf 70' lang='grc' dir='ltr'>καταισχύνων</span> <span class='ocrx_word' id='word_1_113' title='bbox 1594 1648 1687 1703; x_wconf 80' lang='grc' dir='ltr'><strong>τὸν</strong></span> <span class='ocrx_word' id='word_1_114' title='bbox 1710 1649 1993 1724; x_wconf 81' lang='grc' dir='ltr'>,φιλαμαρ-</span> 
     </span>
    </p>
   </div>
   <div class='ocr_carea' id='block_1_18' title="bbox 394 1734 1989 1814">
    <p class='ocr_par' dir='ltr' id='par_1_18' title="bbox 394 1734 1989 1814">
     <span class='ocr_line' id='line_1_18' title="bbox 394 1734 1989 1814; baseline 0.006 -25"><span class='ocrx_word' id='word_1_115' title='bbox 394 1734 462 1808; x_wconf 58' lang='grc' dir='ltr'><strong>τι,</strong></span> <span class='ocrx_word' id='word_1_116' title='bbox 470 1742 608 1807; x_wconf 87' lang='grc' dir='ltr'>μονα</span> <span class='ocrx_word' id='word_1_117' title='bbox 636 1736 783 1805; x_wconf 83' lang='grc' dir='ltr'>νοῦν,</span> <span class='ocrx_word' id='word_1_118' title='bbox 811 1736 888 1805; x_wconf 85' lang='grc' dir='ltr'>ὡς</span> <span class='ocrx_word' id='word_1_119' title='bbox 914 1737 1242 1813; x_wconf 75' lang='grc' dir='ltr'>παραϐάτην</span> <span class='ocrx_word' id='word_1_120' title='bbox 1265 1739 1374 1794; x_wconf 84' lang='grc' dir='ltr'><strong>τῶν</strong></span> <span class='ocrx_word' id='word_1_121' title='bbox 1397 1739 1557 1795; x_wconf 89' lang='grc' dir='ltr'>θείων</span> <span class='ocrx_word' id='word_1_122' title='bbox 1577 1738 1989 1814; x_wconf 83' lang='grc' dir='ltr'>δικαιωμάτων.</span> 
     </span>
    </p>
   </div>
   <div class='ocr_carea' id='block_1_19' title="bbox 477 1996 1989 2083">
    <p class='ocr_par' dir='ltr' id='par_1_19' title="bbox 477 1996 1989 2083">
     <span class='ocr_line' id='line_1_19' title="bbox 477 1996 1989 2083; baseline 0.005 -20"><span class='ocrx_word' id='word_1_123' title='bbox 477 2008 649 2064; x_wconf 82' lang='grc' dir='ltr'><strong>Ἐπάν</strong></span> <span class='ocrx_word' id='word_1_124' title='bbox 681 2012 710 2064; x_wconf 91' lang='grc' dir='ltr'><strong>ό</strong></span> <span class='ocrx_word' id='word_1_125' title='bbox 751 2008 876 2075; x_wconf 82' lang='grc' dir='ltr'>νοῦς</span> <span class='ocrx_word' id='word_1_126' title='bbox 910 1996 1399 2083; x_wconf 75' lang='grc' dir='ltr'>ὑψηλοφρονήσας,</span> <span class='ocrx_word' id='word_1_127' title='bbox 1434 2013 1527 2068; x_wconf 86' lang='grc' dir='ltr'><strong>τὸν</strong></span> <span class='ocrx_word' id='word_1_128' title='bbox 1559 2013 1705 2070; x_wconf 83' lang='grc' dir='ltr'><strong>κατά</strong></span> <span class='ocrx_word' id='word_1_129' title='bbox 1737 2015 1849 2071; x_wconf 84' lang='grc' dir='ltr'>τῶν</span> <span class='ocrx_word' id='word_1_130' title='bbox 1883 2035 1989 2071; x_wconf 90' lang='grc' dir='ltr'>πα-</span> 
     </span>
    </p>
   </div>
   <div class='ocr_carea' id='block_1_20' title="bbox 396 2099 1989 2176">
    <p class='ocr_par' dir='ltr' id='par_1_20' title="bbox 396 2099 1989 2176">
     <span class='ocr_line' id='line_1_20' title="bbox 396 2099 1989 2176; baseline 0.005 -22"><span class='ocrx_word' id='word_1_131' title='bbox 396 2100 505 2154; x_wconf 85' lang='grc' dir='ltr'>θῶν</span> <span class='ocrx_word' id='word_1_132' title='bbox 528 2099 693 2155; x_wconf 74' lang='grc' dir='ltr'>αὐτὸν</span> <span class='ocrx_word' id='word_1_133' title='bbox 721 2101 988 2171; x_wconf 88' lang='grc' dir='ltr'>χρίσαντα</span> <span class='ocrx_word' id='word_1_134' title='bbox 1013 2100 1116 2172; x_wconf 83' lang='grc' dir='ltr'>τῆς</span> <span class='ocrx_word' id='word_1_135' title='bbox 1149 2102 1500 2169; x_wconf 78' lang='grc' dir='ltr'>διδασκαλίας</span> <span class='ocrx_word' id='word_1_136' title='bbox 1539 2102 1721 2173; x_wconf 87' lang='grc' dir='ltr'>λόγον,</span> <span class='ocrx_word' id='word_1_137' title='bbox 1760 2103 1849 2160; x_wconf 85' lang='grc' dir='ltr'><strong>διά</strong></span> <span class='ocrx_word' id='word_1_138' title='bbox 1888 2107 1989 2176; x_wconf 77' lang='grc' dir='ltr'>τῆς</span> 
     </span>
    </p>
   </div>
   <div class='ocr_carea' id='block_1_21' title="bbox 394 2194 1989 2269">
    <p class='ocr_par' dir='ltr' id='par_1_21' title="bbox 394 2194 1989 2269">
     <span class='ocr_line' id='line_1_21' title="bbox 394 2194 1989 2269; baseline 0.003 -20"><span class='ocrx_word' id='word_1_139' title='bbox 394 2194 782 2267; x_wconf 69' lang='grc' dir='ltr'>προσηκούσης</span> <span class='ocrx_word' id='word_1_140' title='bbox 822 2195 1054 2267; x_wconf 76' lang='grc' dir='ltr'>ἐρεύνης</span> <span class='ocrx_word' id='word_1_141' title='bbox 1085 2196 1368 2267; x_wconf 79' lang='grc' dir='ltr'>ἐπερωτᾷν</span> <span class='ocrx_word' id='word_1_142' title='bbox 1405 2197 1537 2268; x_wconf 77' lang='grc' dir='ltr'>περὶ</span> <span class='ocrx_word' id='word_1_143' title='bbox 1569 2196 1678 2251; x_wconf 84' lang='grc' dir='ltr'><strong>τῶν</strong></span> <span class='ocrx_word' id='word_1_144' title='bbox 1716 2199 1989 2269; x_wconf 82' lang='grc' dir='ltr'>ποιητέων</span> 
     </span>
    </p>
   </div>
   <div class='ocr_carea' id='block_1_22' title="bbox 391 2284 1989 2358">
    <p class='ocr_par' dir='ltr' id='par_1_22' title="bbox 391 2284 1989 2358">
     <span class='ocr_line' id='line_1_22' title="bbox 391 2284 1989 2358; baseline 0.004 -20"><span class='ocrx_word' id='word_1_145' title='bbox 391 2287 489 2342; x_wconf 75' lang='grc' dir='ltr'><strong>καὶ</strong></span> <span class='ocrx_word' id='word_1_146' title='bbox 528 2286 589 2349; x_wconf 78' lang='grc' dir='ltr'><strong>οὐ</strong></span> <span class='ocrx_word' id='word_1_147' title='bbox 621 2284 890 2358; x_wconf 82' lang='grc' dir='ltr'>ποιητέων</span> <span class='ocrx_word' id='word_1_148' title='bbox 932 2284 1239 2351; x_wconf 89' lang='grc' dir='ltr'>παύσαιτο,</span> <span class='ocrx_word' id='word_1_149' title='bbox 1273 2289 1387 2353; x_wconf 80' lang='grc' dir='ltr'>τοῖς</span> <span class='ocrx_word' id='word_1_150' title='bbox 1431 2286 1631 2342; x_wconf 83' lang='grc' dir='ltr'>πάθεσι</span> <span class='ocrx_word' id='word_1_151' title='bbox 1671 2291 1892 2356; x_wconf 78' lang='grc' dir='ltr'>πάντως</span> <span class='ocrx_word' id='word_1_152' title='bbox 1928 2291 1989 2358; x_wconf 75' lang='grc' dir='ltr'><strong>ἐξ</strong></span> 
     </span>
    </p>
   </div>
   <div class='ocr_carea' id='block_1_23' title="bbox 389 2371 1989 2456">
    <p class='ocr_par' dir='ltr' id='par_1_23' title="bbox 389 2371 1989 2456">
     <span class='ocr_line' id='line_1_23' title="bbox 389 2371 1989 2456; baseline 0 -20"><span class='ocrx_word' id='word_1_153' title='bbox 389 2378 617 2449; x_wconf 77' lang='grc' dir='ltr'>ἀγνοίας</span> <span class='ocrx_word' id='word_1_154' title='bbox 650 2378 957 2443; x_wconf 77' lang='grc' dir='ltr'>ἁλίσκεται,</span> <span class='ocrx_word' id='word_1_155' title='bbox 997 2378 1067 2433; x_wconf 82' lang='grc' dir='ltr'>δι’</span> <span class='ocrx_word' id='word_1_156' title='bbox 1101 2371 1179 2433; x_wconf 82' lang='grc' dir='ltr'>ὧν</span> <span class='ocrx_word' id='word_1_157' title='bbox 1211 2379 1355 2435; x_wconf 83' lang='grc' dir='ltr'><strong>κατά</strong></span> <span class='ocrx_word' id='word_1_158' title='bbox 1395 2380 1563 2453; x_wconf 83' lang='grc' dir='ltr'>μέρος</span> <span class='ocrx_word' id='word_1_159' title='bbox 1589 2379 1685 2436; x_wconf 88' lang='grc' dir='ltr'><strong>τοῦ</strong></span> <span class='ocrx_word' id='word_1_160' title='bbox 1715 2382 1850 2437; x_wconf 86' lang='grc' dir='ltr'>Θεοῦ</span> <span class='ocrx_word' id='word_1_161' title='bbox 1879 2402 1989 2456; x_wconf 84' lang='grc' dir='ltr'>χω-</span> 
     </span>
    </p>
   </div>
   <div class='ocr_carea' id='block_1_24' title="bbox 389 2471 1988 2547">
    <p class='ocr_par' dir='ltr' id='par_1_24' title="bbox 389 2471 1988 2547">
     <span class='ocr_line' id='line_1_24' title="bbox 389 2471 1988 2547; baseline 0.003 -21"><span class='ocrx_word' id='word_1_162' title='bbox 389 2471 722 2544; x_wconf 79' lang='grc' dir='ltr'>ριζόμενος,</span> <span class='ocrx_word' id='word_1_163' title='bbox 748 2473 808 2525; x_wconf 87' lang='grc' dir='ltr'><strong>ἐν</strong></span> <span class='ocrx_word' id='word_1_164' title='bbox 849 2473 970 2535; x_wconf 84' lang='grc' dir='ltr'>ταῖς</span> <span class='ocrx_word' id='word_1_165' title='bbox 1012 2471 1294 2535; x_wconf 87' lang='grc' dir='ltr'>ἀκουσίοις</span> <span class='ocrx_word' id='word_1_166' title='bbox 1335 2474 1695 2543; x_wconf 83' lang='grc' dir='ltr'>περιστάσεσι</span> <span class='ocrx_word' id='word_1_167' title='bbox 1738 2493 1988 2547; x_wconf 85' lang='grc' dir='ltr'>προσχω-</span> 
     </span>
    </p>
   </div>
   <div class='ocr_carea' id='block_1_25' title="bbox 394 2554 1987 2634">
    <p class='ocr_par' dir='ltr' id='par_1_25' title="bbox 394 2554 1987 2634">
     <span class='ocr_line' id='line_1_25' title="bbox 394 2554 1987 2634; baseline 0.001 -18"><span class='ocrx_word' id='word_1_168' title='bbox 394 2564 572 2634; x_wconf 76' lang='grc' dir='ltr'>ρείται</span> <span class='ocrx_word' id='word_1_169' title='bbox 594 2563 707 2626; x_wconf 80' lang='grc' dir='ltr'>τοῖς</span> <span class='ocrx_word' id='word_1_170' title='bbox 734 2562 994 2634; x_wconf 87' lang='grc' dir='ltr'>δαίμοσι,</span> <span class='ocrx_word' id='word_1_171' title='bbox 1027 2554 1127 2632; x_wconf 65' lang='grc' dir='ltr'><strong>1τὴν</strong></span> <span class='ocrx_word' id='word_1_172' title='bbox 1156 2561 1367 2616; x_wconf 85' lang='grc' dir='ltr'>κοιλίαν</span> <span class='ocrx_word' id='word_1_173' title='bbox 1406 2560 1693 2630; x_wconf 82' lang='grc' dir='ltr'>θεοποιῶν,</span> <span class='ocrx_word' id='word_1_174' title='bbox 1731 2565 1987 2620; x_wconf 84' lang='grc' dir='ltr'>κάκεῖθεν</span> 
     </span>
    </p>
   </div>
   <div class='ocr_carea' id='block_1_26' title="bbox 389 2652 1988 2727">
    <p class='ocr_par' dir='ltr' id='par_1_26' title="bbox 389 2652 1988 2727">
     <span class='ocr_line' id='line_1_26' title="bbox 389 2652 1988 2727; baseline 0.003 -21"><span class='ocrx_word' id='word_1_175' title='bbox 389 2654 650 2723; x_wconf 83' lang='grc' dir='ltr'>εὑρέσθαι</span> <span class='ocrx_word' id='word_1_176' title='bbox 675 2652 846 2708; x_wconf 81' lang='grc' dir='ltr'>θέλων</span> <span class='ocrx_word' id='word_1_177' title='bbox 872 2652 983 2709; x_wconf 87' lang='grc' dir='ltr'><strong>τῶν</strong></span> <span class='ocrx_word' id='word_1_178' title='bbox 1005 2653 1310 2720; x_wconf 75' lang='grc' dir='ltr'>πιεζόντων</span> <span class='ocrx_word' id='word_1_179' title='bbox 1333 2653 1704 2727; x_wconf 86' lang='grc' dir='ltr'>παράκλησιν.</span> <span class='ocrx_word' id='word_1_180' title='bbox 1727 2656 1840 2709; x_wconf 74' lang='grc' dir='ltr'>Καὶ</span> <span class='ocrx_word' id='word_1_181' title='bbox 1867 2673 1988 2710; x_wconf 77' lang='grc' dir='ltr'>πει-</span> 
     </span>
    </p>
   </div>
   <div class='ocr_carea' id='block_1_27' title="bbox 391 2745 1987 2819">
    <p class='ocr_par' dir='ltr' id='par_1_27' title="bbox 391 2745 1987 2819">
     <span class='ocr_line' id='line_1_27' title="bbox 391 2745 1987 2819; baseline 0.001 -18"><span class='ocrx_word' id='word_1_182' title='bbox 391 2747 534 2805; x_wconf 82' lang='grc' dir='ltr'>θέτω</span> <span class='ocrx_word' id='word_1_183' title='bbox 564 2764 626 2801; x_wconf 89' lang='grc' dir='ltr'><strong>σε</strong></span> <span class='ocrx_word' id='word_1_184' title='bbox 654 2747 831 2801; x_wconf 79' lang='grc' dir='ltr'>Σαοὺλ</span> <span class='ocrx_word' id='word_1_185' title='bbox 855 2747 915 2802; x_wconf 80' lang='grc' dir='ltr'><strong>ἐν</strong></span> <span class='ocrx_word' id='word_1_186' title='bbox 943 2748 1080 2801; x_wconf 81' lang='grc' dir='ltr'>πᾶσι</span> <span class='ocrx_word' id='word_1_187' title='bbox 1108 2745 1419 2817; x_wconf 78' lang='grc' dir='ltr'>σύμϐουλον</span> <span class='ocrx_word' id='word_1_188' title='bbox 1453 2746 1531 2819; x_wconf 79' lang='grc' dir='ltr'>μὴ</span> <span class='ocrx_word' id='word_1_189' title='bbox 1569 2745 1864 2819; x_wconf 77' lang='grc' dir='ltr'>λαμϐάνων</span> <span class='ocrx_word' id='word_1_190' title='bbox 1890 2748 1987 2804; x_wconf 75' lang='grc' dir='ltr'>τὸν</span> 
     </span>
    </p>
   </div>
   <div class='ocr_carea' id='block_1_28' title="bbox 392 2832 1985 2910">
    <p class='ocr_par' dir='ltr' id='par_1_28' title="bbox 392 2832 1985 2910">
     <span class='ocr_line' id='line_1_28' title="bbox 392 2832 1985 2910; baseline 0 -19"><span class='ocrx_word' id='word_1_191' title='bbox 392 2832 676 2909; x_wconf 77' lang='grc' dir='ltr'>Σαμουὴλ,</span> <span class='ocrx_word' id='word_1_192' title='bbox 712 2837 809 2891; x_wconf 76' lang='grc' dir='ltr'>καὶ</span> <span class='ocrx_word' id='word_1_193' title='bbox 841 2836 902 2903; x_wconf 81' lang='grc' dir='ltr'><strong>ἐξ</strong></span> <span class='ocrx_word' id='word_1_194' title='bbox 947 2836 1197 2908; x_wconf 81' lang='grc' dir='ltr'>ἀνάγκης</span> <span class='ocrx_word' id='word_1_195' title='bbox 1228 2835 1648 2907; x_wconf 84' lang='grc' dir='ltr'>εἰδωλολατρίαν</span> <span class='ocrx_word' id='word_1_196' title='bbox 1683 2854 1985 2910; x_wconf 84' lang='grc' dir='ltr'>μεταστρε-</span> 
     </span>
    </p>
   </div>
   <div class='ocr_carea' id='block_1_29' title="bbox 393 2927 1987 3003">
    <p class='ocr_par' dir='ltr' id='par_1_29' title="bbox 393 2927 1987 3003">
     <span class='ocr_line' id='line_1_29' title="bbox 393 2927 1987 3003; baseline 0 -20"><span class='ocrx_word' id='word_1_197' title='bbox 393 2931 631 3003; x_wconf 75' lang='grc' dir='ltr'>φόμενος</span> <span class='ocrx_word' id='word_1_198' title='bbox 649 2970 667 2996; x_wconf 91' lang='grc'><strong>,</strong></span> <span class='ocrx_word' id='word_1_199' title='bbox 713 2929 810 2985; x_wconf 80' lang='grc' dir='ltr'>καὶ</span> <span class='ocrx_word' id='word_1_200' title='bbox 844 2929 943 3001; x_wconf 80' lang='grc' dir='ltr'>τὴν</span> <span class='ocrx_word' id='word_1_201' title='bbox 986 2927 1451 3003; x_wconf 81' lang='grc' dir='ltr'>ἐγγαστρίμυθον,</span> <span class='ocrx_word' id='word_1_202' title='bbox 1494 2929 1572 2994; x_wconf 84' lang='grc' dir='ltr'>ὡς</span> <span class='ocrx_word' id='word_1_203' title='bbox 1609 2929 1676 3002; x_wconf 84' lang='grc' dir='ltr'>δή</span> <span class='ocrx_word' id='word_1_204' title='bbox 1720 2946 1844 2985; x_wconf 90' lang='grc' dir='ltr'>τινα</span> <span class='ocrx_word' id='word_1_205' title='bbox 1893 2929 1987 2984; x_wconf 83' lang='grc' dir='ltr'><strong>τὸν</strong></span> 
     </span>
    </p>
   </div>
   <div class='ocr_carea' id='block_1_30' title="bbox 390 3020 1849 3094">
    <p class='ocr_par' dir='ltr' id='par_1_30' title="bbox 390 3020 1849 3094">
     <span class='ocr_line' id='line_1_30' title="bbox 390 3020 1849 3094; baseline 0 -18"><span class='ocrx_word' id='word_1_206' title='bbox 390 3021 533 3087; x_wconf 84' lang='grc' dir='ltr'>Θεὸν,</span> <span class='ocrx_word' id='word_1_207' title='bbox 565 3022 853 3094; x_wconf 68' lang='grc' dir='ltr'>ἐπερωτᾷν</span> <span class='ocrx_word' id='word_1_208' title='bbox 877 3020 1226 3092; x_wconf 81' lang='grc' dir='ltr'>ἀνεχόμενος.</span> <span class='ocrx_word' id='word_1_209' title='bbox 1842 3020 1849 3027; x_wconf 77' lang='grc'><em>’</em></span> 
     </span>
    </p>
   </div>
   <div class='ocr_carea' id='block_1_31' title="bbox 617 3150 1755 3209">
    <p class='ocr_par' dir='ltr' id='par_1_31' title="bbox 617 3150 1755 3209">
     <span class='ocr_line' id='line_1_31' title="bbox 617 3150 1755 3209; baseline 0.002 -2"><span class='ocrx_word' id='word_1_210' title='bbox 617 3154 757 3207; x_wconf 80' lang='grc' dir='ltr'><strong>ΤΗΣ</strong></span> <span class='ocrx_word' id='word_1_211' title='bbox 792 3150 1149 3208; x_wconf 76' lang='grc' dir='ltr'><strong>ΔΕΥΤΕΡΑΣ</strong></span> <span class='ocrx_word' id='word_1_212' title='bbox 1188 3152 1327 3208; x_wconf 80' lang='grc' dir='ltr'><strong>ΤΩΝ</strong></span> <span class='ocrx_word' id='word_1_213' title='bbox 1367 3152 1755 3209; x_wconf 69' lang='grc' dir='ltr'><strong>ΒΔΣῘΛΩΝ.</strong></span> 
     </span>
    </p>
   </div>
   <div class='ocr_carea' id='block_1_32' title="bbox 719 3263 1662 3337">
    <p class='ocr_par' dir='ltr' id='par_1_32' title="bbox 719 3263 1662 3337">
     <span class='ocr_line' id='line_1_32' title="bbox 719 3263 1662 3337; baseline 0.003 -20"><span class='ocrx_word' id='word_1_214' title='bbox 719 3263 861 3332; x_wconf 82' lang='grc' dir='ltr'>Περί</span> <span class='ocrx_word' id='word_1_215' title='bbox 889 3263 1068 3318; x_wconf 77' lang='grc' dir='ltr'>Δαϐἰδ</span> <span class='ocrx_word' id='word_1_216' title='bbox 1101 3264 1202 3318; x_wconf 77' lang='grc' dir='ltr'>καὶ</span> <span class='ocrx_word' id='word_1_217' title='bbox 1245 3264 1662 3337; x_wconf 72' lang='grc' dir='ltr'>Ἀϐεσσαλώμ.</span> 
     </span>
    </p>
   </div>
   <div class='ocr_carea' id='block_1_33' title="bbox 456 3356 1981 3450">
    <p class='ocr_par' dir='ltr' id='par_1_33' title="bbox 456 3356 1981 3450">
     <span class='ocr_line' id='line_1_33' title="bbox 456 3356 1981 3450; baseline 0.003 -23"><span class='ocrx_word' id='word_1_218' title='bbox 456 3372 625 3427; x_wconf 76' lang='grc' dir='ltr'>Δαϐὶδ</span> <span class='ocrx_word' id='word_1_219' title='bbox 669 3373 768 3446; x_wconf 78' lang='grc' dir='ltr'><strong>μὲν</strong></span> <span class='ocrx_word' id='word_1_220' title='bbox 814 3374 844 3427; x_wconf 92' lang='lat'><strong>6</strong></span> <span class='ocrx_word' id='word_1_221' title='bbox 891 3375 1199 3446; x_wconf 85' lang='grc' dir='ltr'>πρακτικὸς</span> <span class='ocrx_word' id='word_1_222' title='bbox 1233 3356 1391 3447; x_wconf 80' lang='grc' dir='ltr'>νοῦς,</span> <span class='ocrx_word' id='word_1_223' title='bbox 1446 3374 1804 3448; x_wconf 78' lang='grc' dir='ltr'>Ἀϐεσσα).ὼμ</span> <span class='ocrx_word' id='word_1_224' title='bbox 1849 3376 1907 3432; x_wconf 85' lang='grc' dir='ltr'>δὲ</span> <span class='ocrx_word' id='word_1_225' title='bbox 1947 3379 1981 3450; x_wconf 86' lang='grc' dir='ltr'><strong>ἡ</strong></span> 
     </span>
    </p>
   </div>
   <div class='ocr_carea' id='block_1_34' title="bbox 384 3464 1983 3541">
    <p class='ocr_par' dir='ltr' id='par_1_34' title="bbox 384 3464 1983 3541">
     <span class='ocr_line' id='line_1_34' title="bbox 384 3464 1983 3541; baseline 0.002 -21"><span class='ocrx_word' id='word_1_226' title='bbox 384 3464 593 3536; x_wconf 70' lang='grc' dir='ltr'>οἴησις,</span> <span class='ocrx_word' id='word_1_227' title='bbox 620 3465 690 3537; x_wconf 84' lang='grc' dir='ltr'>ἣν</span> <span class='ocrx_word' id='word_1_228' title='bbox 719 3465 1099 3537; x_wconf 80' lang='grc' dir='ltr'>ἀπεγέννησεν</span> <span class='ocrx_word' id='word_1_229' title='bbox 1141 3468 1208 3523; x_wconf 84' lang='grc' dir='ltr'><strong>ἐκ</strong></span> <span class='ocrx_word' id='word_1_230' title='bbox 1250 3467 1352 3539; x_wconf 80' lang='grc' dir='ltr'>τῆς</span> <span class='ocrx_word' id='word_1_231' title='bbox 1398 3467 1535 3539; x_wconf 79' lang='grc' dir='ltr'>πρὸς</span> <span class='ocrx_word' id='word_1_232' title='bbox 1581 3468 1683 3541; x_wconf 82' lang='grc' dir='ltr'>τὴν</span> <span class='ocrx_word' id='word_1_233' title='bbox 1730 3468 1983 3539; x_wconf 72' lang='grc' dir='ltr'>αἴσθησιν</span> 
     </span>
    </p>
   </div>
   <div class='ocr_carea' id='block_1_35' title="bbox 387 3554 1983 3637">
    <p class='ocr_par' dir='ltr' id='par_1_35' title="bbox 387 3554 1983 3637">
     <span class='ocr_line' id='line_1_35' title="bbox 387 3554 1983 3637; baseline 0.001 -26"><span class='ocrx_word' id='word_1_234' title='bbox 387 3555 699 3619; x_wconf 83' lang='grc' dir='ltr'>συνουσίας.</span> <span class='ocrx_word' id='word_1_235' title='bbox 756 3554 1159 3628; x_wconf 85' lang='grc' dir='ltr'>Ἐρμηνεύεται</span> <span class='ocrx_word' id='word_1_236' title='bbox 1192 3556 1293 3627; x_wconf 80' lang='grc' dir='ltr'>μὲν</span> <span class='ocrx_word' id='word_1_237' title='bbox 1331 3556 1442 3631; x_wconf 81' lang='grc' dir='ltr'>γὰρ</span> <span class='ocrx_word' id='word_1_238' title='bbox 1482 3557 1845 3637; x_wconf 77' lang='grc' dir='ltr'>Ἀϐεσσαλὼμ</span> <span class='ocrx_word' id='word_1_239' title='bbox 1870 3574 1983 3613; x_wconf 84' lang='grc' dir='ltr'>πα-</span> 
     </span>
    </p>
   </div>
   <div class='ocr_carea' id='block_1_36' title="bbox 378 3645 1981 3722">
    <p class='ocr_par' dir='ltr' id='par_1_36' title="bbox 378 3645 1981 3722">
     <span class='ocr_line' id='line_1_36' title="bbox 378 3645 1981 3722; baseline 0.001 -20"><span class='ocrx_word' id='word_1_240' title='bbox 378 3646 524 3718; x_wconf 78' lang='grc' dir='ltr'>τρὸς</span> <span class='ocrx_word' id='word_1_241' title='bbox 554 3645 766 3716; x_wconf 77' lang='grc' dir='ltr'>εἰρήνη</span> <span class='ocrx_word' id='word_1_242' title='bbox 796 3647 1147 3718; x_wconf 79' lang='grc' dir='ltr'>νομιζομένη</span> <span class='ocrx_word' id='word_1_243' title='bbox 1168 3664 1184 3678; x_wconf 87' lang='grc'><strong>·</strong></span> <span class='ocrx_word' id='word_1_244' title='bbox 1220 3647 1534 3720; x_wconf 81' lang='grc' dir='ltr'>νομίζοντες</span> <span class='ocrx_word' id='word_1_245' title='bbox 1580 3650 1637 3704; x_wconf 82' lang='grc' dir='ltr'>δὲ</span> <span class='ocrx_word' id='word_1_246' title='bbox 1675 3651 1981 3722; x_wconf 76' lang='grc' dir='ltr'>εἰρηνεύειν</span> 
     </span>
    </p>
   </div>
   <div class='ocr_carea' id='block_1_37' title="bbox 385 3736 1981 3815">
    <p class='ocr_par' dir='ltr' id='par_1_37' title="bbox 385 3736 1981 3815">
     <span class='ocr_line' id='line_1_37' title="bbox 385 3736 1981 3815; baseline 0.003 -23"><span class='ocrx_word' id='word_1_247' title='bbox 385 3738 593 3804; x_wconf 84' lang='grc' dir='ltr'>παθῶν,</span> <span class='ocrx_word' id='word_1_248' title='bbox 621 3739 964 3811; x_wconf 81' lang='grc' dir='ltr'>συνιστῶμεν</span> <span class='ocrx_word' id='word_1_249' title='bbox 987 3739 1086 3811; x_wconf 79' lang='grc' dir='ltr'>τὴν</span> <span class='ocrx_word' id='word_1_250' title='bbox 1110 3737 1310 3811; x_wconf 69' lang='grc' dir='ltr'>οῐησιψ</span> <span class='ocrx_word' id='word_1_251' title='bbox 1335 3741 1402 3812; x_wconf 76' lang='grc' dir='ltr'>ἢν</span> <span class='ocrx_word' id='word_1_252' title='bbox 1422 3736 1812 3796; x_wconf 75' lang='grc' dir='ltr'>ἐπαναστᾶσαν</span> <span class='ocrx_word' id='word_1_253' title='bbox 1831 3741 1981 3815; x_wconf 82' lang='grc' dir='ltr'>αὐτῷ</span> 
     </span>
    </p>
   </div>
   <div class='ocr_carea' id='block_1_38' title="bbox 270 3828 1977 3904">
    <p class='ocr_par' dir='ltr' id='par_1_38' title="bbox 270 3828 1977 3904">
     <span class='ocr_line' id='line_1_38' title="bbox 270 3828 1977 3904; baseline 0.004 -22"><span class='ocrx_word' id='word_1_254' title='bbox 270 3896 275 3899; x_wconf 87' lang='lat'>_</span> <span class='ocrx_word' id='word_1_255' title='bbox 381 3829 545 3901; x_wconf 76' lang='grc' dir='ltr'>γνοὺς</span> <span class='ocrx_word' id='word_1_256' title='bbox 568 3830 598 3883; x_wconf 88' lang='lat'><strong>6</strong></span> <span class='ocrx_word' id='word_1_257' title='bbox 618 3828 882 3901; x_wconf 71' lang='grc' dir='ltr'>δηλωθεὶς</span> <span class='ocrx_word' id='word_1_258' title='bbox 913 3830 1099 3896; x_wconf 76' lang='grc' dir='ltr'>Δαείδ,</span> <span class='ocrx_word' id='word_1_259' title='bbox 1127 3829 1221 3885; x_wconf 83' lang='grc' dir='ltr'>ἆτε</span> <span class='ocrx_word' id='word_1_260' title='bbox 1249 3832 1392 3902; x_wconf 85' lang='grc' dir='ltr'><strong>μετά</strong></span> <span class='ocrx_word' id='word_1_261' title='bbox 1421 3829 1676 3901; x_wconf 84' lang='grc' dir='ltr'>γνώσεως</span> <span class='ocrx_word' id='word_1_262' title='bbox 1698 3834 1977 3904; x_wconf 75' lang='grc' dir='ltr'>πράττων,</span> 
     </span>
    </p>
   </div>
   <div class='ocr_carea' id='block_1_39' title="bbox 382 3920 1980 3996">
    <p class='ocr_par' dir='ltr' id='par_1_39' title="bbox 382 3920 1980 3996">
     <span class='ocr_line' id='line_1_39' title="bbox 382 3920 1980 3996; baseline 0.003 -22"><span class='ocrx_word' id='word_1_263' title='bbox 382 3920 543 3992; x_wconf 74' lang='grc' dir='ltr'>ἀφεὶς</span> <span class='ocrx_word' id='word_1_264' title='bbox 583 3920 684 3993; x_wconf 78' lang='grc' dir='ltr'>τὴν</span> <span class='ocrx_word' id='word_1_265' title='bbox 725 3921 888 3991; x_wconf 80' lang='grc' dir='ltr'>ἁγίαν</span> <span class='ocrx_word' id='word_1_266' title='bbox 926 3922 1154 3996; x_wconf 81' lang='grc' dir='ltr'>σκηνὴν,</span> <span class='ocrx_word' id='word_1_267' title='bbox 1206 3924 1301 3978; x_wconf 71' lang='grc' dir='ltr'><strong>καὶ</strong></span> <span class='ocrx_word' id='word_1_268' title='bbox 1331 3923 1432 3994; x_wconf 87' lang='grc' dir='ltr'>τὴν</span> <span class='ocrx_word' id='word_1_269' title='bbox 1484 3924 1842 3996; x_wconf 80' lang='grc' dir='ltr'>Ἰερουσαλὴμ</span> <span class='ocrx_word' id='word_1_270' title='bbox 1882 3924 1980 3981; x_wconf 75' lang='grc' dir='ltr'>καὶ</span> 
     </span>
    </p>
   </div>
   <div class='ocr_carea' id='block_1_40' title="bbox 380 4012 1979 4088">
    <p class='ocr_par' dir='ltr' id='par_1_40' title="bbox 380 4012 1979 4088">
     <span class='ocr_line' id='line_1_40' title="bbox 380 4012 1979 4088; baseline 0.004 -22"><span class='ocrx_word' id='word_1_271' title='bbox 380 4012 481 4083; x_wconf 82' lang='grc' dir='ltr'>τὴν</span> <span class='ocrx_word' id='word_1_272' title='bbox 528 4013 814 4083; x_wconf 80' lang='grc' dir='ltr'>Ἰουδαίαν,</span> <span class='ocrx_word' id='word_1_273' title='bbox 854 4013 1001 4068; x_wconf 81' lang='grc' dir='ltr'>τοῦτ’</span> <span class='ocrx_word' id='word_1_274' title='bbox 1036 4014 1208 4081; x_wconf 74' lang='grc' dir='ltr'>ἐστιν,</span> <span class='ocrx_word' id='word_1_275' title='bbox 1243 4015 1343 4088; x_wconf 77' lang='grc' dir='ltr'><strong>τὴν</strong></span> <span class='ocrx_word' id='word_1_276' title='bbox 1384 4015 1656 4088; x_wconf 83' lang='grc' dir='ltr'>μυστικὴν</span> <span class='ocrx_word' id='word_1_277' title='bbox 1699 4016 1979 4087; x_wconf 76' lang='grc' dir='ltr'>θεολογίαν</span> 
     </span>
    </p>
   </div>
   <div class='ocr_carea' id='block_1_41' title="bbox 381 4104 1978 4181">
    <p class='ocr_par' dir='ltr' id='par_1_41' title="bbox 381 4104 1978 4181">
     <span class='ocr_line' id='line_1_41' title="bbox 381 4104 1978 4181; baseline 0.003 -23"><span class='ocrx_word' id='word_1_278' title='bbox 381 4104 479 4159; x_wconf 73' lang='grc' dir='ltr'><strong>καὶ</strong></span> <span class='ocrx_word' id='word_1_279' title='bbox 498 4104 598 4178; x_wconf 82' lang='grc' dir='ltr'>τὴν</span> <span class='ocrx_word' id='word_1_280' title='bbox 623 4105 909 4178; x_wconf 76' lang='grc' dir='ltr'>εἰρηνικὴν</span> <span class='ocrx_word' id='word_1_281' title='bbox 924 4105 1033 4161; x_wconf 84' lang='grc' dir='ltr'><strong>τῶν</strong></span> <span class='ocrx_word' id='word_1_282' title='bbox 1057 4107 1219 4162; x_wconf 80' lang='grc' dir='ltr'>θείων</span> <span class='ocrx_word' id='word_1_283' title='bbox 1242 4107 1501 4180; x_wconf 86' lang='grc' dir='ltr'>θεωρίαν,</span> <span class='ocrx_word' id='word_1_284' title='bbox 1525 4108 1620 4162; x_wconf 77' lang='grc' dir='ltr'><strong>καὶ</strong></span> <span class='ocrx_word' id='word_1_285' title='bbox 1636 4106 1732 4181; x_wconf 79' lang='grc' dir='ltr'>τὴν</span> <span class='ocrx_word' id='word_1_286' title='bbox 1752 4110 1846 4162; x_wconf 77' lang='grc' dir='ltr'><strong>ἐπὶ</strong></span> <span class='ocrx_word' id='word_1_287' title='bbox 1864 4111 1978 4173; x_wconf 80' lang='grc' dir='ltr'>τοῖς</span> 
     </span>
    </p>
   </div>
   <div class='ocr_carea' id='block_1_42' title="bbox 382 4197 1977 4273">
    <p class='ocr_par' dir='ltr' id='par_1_42' title="bbox 382 4197 1977 4273">
     <span class='ocr_line' id='line_1_42' title="bbox 382 4197 1977 4273; baseline 0.004 -24"><span class='ocrx_word' id='word_1_288' title='bbox 382 4197 718 4267; x_wconf 78' lang='grc' dir='ltr'>προλαϐοῦσι</span> <span class='ocrx_word' id='word_1_289' title='bbox 746 4198 931 4264; x_wconf 78' lang='grc' dir='ltr'>καλοῖς</span> <span class='ocrx_word' id='word_1_290' title='bbox 951 4201 1371 4272; x_wconf 82' lang='grc' dir='ltr'>εὐχαριστήριον</span> <span class='ocrx_word' id='word_1_291' title='bbox 1397 4200 1808 4273; x_wconf 78' lang='grc' dir='ltr'>ἐξομολόγησιν,</span> <span class='ocrx_word' id='word_1_292' title='bbox 1843 4201 1977 4273; x_wconf 85' lang='grc' dir='ltr'>φεύ-</span> 
     </span>
    </p>
   </div>
   <div class='ocr_carea' id='block_1_43' title="bbox 380 4289 1978 4365">
    <p class='ocr_par' dir='ltr' id='par_1_43' title="bbox 380 4289 1978 4365">
     <span class='ocr_line' id='line_1_43' title="bbox 380 4289 1978 4365; baseline 0.004 -24"><span class='ocrx_word' id='word_1_293' title='bbox 380 4304 468 4356; x_wconf 88' lang='grc' dir='ltr'><strong>γει</strong></span> <span class='ocrx_word' id='word_1_294' title='bbox 506 4289 647 4360; x_wconf 73' lang='grc' dir='ltr'>πρὸς</span> <span class='ocrx_word' id='word_1_295' title='bbox 690 4291 796 4364; x_wconf 79' lang='grc' dir='ltr'>τὴν</span> <span class='ocrx_word' id='word_1_296' title='bbox 842 4290 1090 4358; x_wconf 84' lang='grc' dir='ltr'>Γαλαὰδ,</span> <span class='ocrx_word' id='word_1_297' title='bbox 1129 4292 1250 4362; x_wconf 73' lang='grc' dir='ltr'>ἦτοι</span> <span class='ocrx_word' id='word_1_298' title='bbox 1305 4290 1678 4363; x_wconf 71' lang='grc' dir='ltr'>μετοικίζεται</span> <span class='ocrx_word' id='word_1_299' title='bbox 1724 4294 1865 4365; x_wconf 78' lang='grc' dir='ltr'>πρὸς</span> <span class='ocrx_word' id='word_1_300' title='bbox 1915 4293 1978 4347; x_wconf 86' lang='grc' dir='ltr'><strong>τὸ</strong></span> 
     </span>
    </p>
   </div>
   <div class='ocr_carea' id='block_1_44' title="bbox 381 4378 1977 4455">
    <p class='ocr_par' dir='ltr' id='par_1_44' title="bbox 381 4378 1977 4455">
     <span class='ocr_line' id='line_1_44' title="bbox 381 4378 1977 4455; baseline 0.004 -22"><span class='ocrx_word' id='word_1_301' title='bbox 381 4378 598 4445; x_wconf 87' lang='grc' dir='ltr'>πένθος.</span> <span class='ocrx_word' id='word_1_302' title='bbox 642 4380 859 4436; x_wconf 81' lang='grc' dir='ltr'>Γαλαὰδ</span> <span class='ocrx_word' id='word_1_303' title='bbox 905 4381 1016 4455; x_wconf 84' lang='grc' dir='ltr'>γὰρ</span> <span class='ocrx_word' id='word_1_304' title='bbox 1050 4382 1398 4452; x_wconf 82' lang='grc' dir='ltr'>μετοικεσία</span> <span class='ocrx_word' id='word_1_305' title='bbox 1421 4384 1848 4452; x_wconf 79' lang='grc' dir='ltr'>μαρτυρίου....</span> <span class='ocrx_word' id='word_1_306' title='bbox 1880 4385 1977 4439; x_wconf 82' lang='grc' dir='ltr'>καὶ</span> 
     </span>
    </p>
   </div>
   <div class='ocr_carea' id='block_1_45' title="bbox 382 4470 1975 4545">
    <p class='ocr_par' dir='ltr' id='par_1_45' title="bbox 382 4470 1975 4545">
     <span class='ocr_line' id='line_1_45' title="bbox 382 4470 1975 4545; baseline 0.003 -21"><span class='ocrx_word' id='word_1_307' title='bbox 382 4470 520 4542; x_wconf 70' lang='grc' dir='ltr'>πρὸς</span> <span class='ocrx_word' id='word_1_308' title='bbox 554 4474 668 4536; x_wconf 86' lang='grc' dir='ltr'>τοῖς</span> <span class='ocrx_word' id='word_1_309' title='bbox 688 4472 1004 4545; x_wconf 76' lang='grc' dir='ltr'>εἰρημένοις</span> <span class='ocrx_word' id='word_1_310' title='bbox 1028 4471 1440 4543; x_wconf 69' lang='grc' dir='ltr'>ἀποκάλυψις-ο</span> <span class='ocrx_word' id='word_1_311' title='bbox 1477 4475 1848 4544; x_wconf 77' lang='grc' dir='ltr'>μετοικίζεται</span> <span class='ocrx_word' id='word_1_312' title='bbox 1880 4475 1975 4530; x_wconf 74' lang='grc' dir='ltr'><strong>καὶ</strong></span> 
     </span>
    </p>
   </div>
   <div class='ocr_carea' id='block_1_46' title="bbox 2088 548 3695 629">
    <p class='ocr_par' dir='ltr' id='par_1_46' title="bbox 2088 548 3695 629">
     <span class='ocr_line' id='line_1_46' title="bbox 2088 548 3695 629; baseline 0.007 -25"><span class='ocrx_word' id='word_1_313' title='bbox 2088 548 2410 605; x_wconf 87' lang='lat' dir='ltr'><strong>‘ascendunt</strong></span> <span class='ocrx_word' id='word_1_314' title='bbox 2432 550 2490 604; x_wconf 91' lang='lat' dir='ltr'><strong>in</strong></span> <span class='ocrx_word' id='word_1_315' title='bbox 2525 550 2746 606; x_wconf 77' lang='lat' dir='ltr'><strong>emtum.</strong></span> <span class='ocrx_word' id='word_1_316' title='bbox 2778 550 2909 609; x_wconf 88' lang='lat' dir='ltr'><strong>Saul</strong></span> <span class='ocrx_word' id='word_1_317' title='bbox 2933 565 3018 611; x_wconf 84' lang='lat' dir='ltr'><strong>est</strong></span> <span class='ocrx_word' id='word_1_318' title='bbox 3050 556 3137 611; x_wconf 82' lang='lat' dir='ltr'><strong>lex</strong></span> <span class='ocrx_word' id='word_1_319' title='bbox 3163 554 3450 624; x_wconf 78' lang='lat' dir='ltr'><strong>naturalis,</strong></span> <span class='ocrx_word' id='word_1_320' title='bbox 3477 574 3600 629; x_wconf 66' lang='lat' dir='ltr'><strong>quae</strong></span> <span class='ocrx_word' id='word_1_321' title='bbox 3621 561 3695 616; x_wconf 87' lang='lat' dir='ltr'><strong>ab</strong></span> 
     </span>
    </p>
   </div>
   <div class='ocr_carea' id='block_1_47' title="bbox 2090 636 3690 711">
    <p class='ocr_par' dir='ltr' id='par_1_47' title="bbox 2090 636 3690 711">
     <span class='ocr_line' id='line_1_47' title="bbox 2090 636 3690 711; baseline 0.008 -19"><span class='ocrx_word' id='word_1_322' title='bbox 2090 636 2260 693; x_wconf 77' lang='lat' dir='ltr'><strong>‘inltio</strong></span> <span class='ocrx_word' id='word_1_323' title='bbox 2295 639 2512 711; x_wconf 80' lang='lat' dir='ltr'><strong>accepit</strong></span> <span class='ocrx_word' id='word_1_324' title='bbox 2558 655 2589 695; x_wconf 90' lang='lat' dir='ltr'><strong>a</strong></span> <span class='ocrx_word' id='word_1_325' title='bbox 2626 640 2861 697; x_wconf 86' lang='lat' dir='ltr'><strong>Domino</strong></span> <span class='ocrx_word' id='word_1_326' title='bbox 2910 652 2973 699; x_wconf 91' lang='lat' dir='ltr'><strong>ut</strong></span> <span class='ocrx_word' id='word_1_327' title='bbox 3026 644 3409 701; x_wconf 80' lang='lat' dir='ltr'><strong>dominaretur</strong></span> <span class='ocrx_word' id='word_1_328' title='bbox 3455 659 3690 705; x_wconf 75' lang='lat' dir='ltr'><strong>naturze.</strong></span> 
     </span>
    </p>
   </div>
   <div class='ocr_carea' id='block_1_48' title="bbox 2090 729 3695 812">
    <p class='ocr_par' dir='ltr' id='par_1_48' title="bbox 2090 729 3695 812">
     <span class='ocr_line' id='line_1_48' title="bbox 2090 729 3695 812; baseline 0.008 -28"><span class='ocrx_word' id='word_1_329' title='bbox 2090 729 2394 801; x_wconf 75' lang='lat' dir='ltr'><strong>Postquam</strong></span> <span class='ocrx_word' id='word_1_330' title='bbox 2445 740 2629 787; x_wconf 85' lang='lat' dir='ltr'><strong>autem</strong></span> <span class='ocrx_word' id='word_1_331' title='bbox 2680 740 3054 806; x_wconf 76' lang='lat' dir='ltr'><strong>transgressus</strong></span> <span class='ocrx_word' id='word_1_332' title='bbox 3099 745 3186 793; x_wconf 90' lang='lat' dir='ltr'><strong>est</strong></span> <span class='ocrx_word' id='word_1_333' title='bbox 3230 740 3556 795; x_wconf 85' lang='lat' dir='ltr'><strong>mandatum</strong></span> <span class='ocrx_word' id='word_1_334' title='bbox 3593 756 3695 812; x_wconf 90' lang='lat' dir='ltr'><strong>per</strong></span> 
     </span>
    </p>
   </div>
   <div class='ocr_carea' id='block_1_49' title="bbox 2098 820 3692 899">
    <p class='ocr_par' dir='ltr' id='par_1_49' title="bbox 2098 820 3692 899">
     <span class='ocr_line' id='line_1_49' title="bbox 2098 820 3692 899; baseline 0.008 -24"><span class='ocrx_word' id='word_1_335' title='bbox 2098 820 2557 888; x_wconf 87' lang='lat' dir='ltr'><strong>inobedien‘tiam,</strong></span> <span class='ocrx_word' id='word_1_336' title='bbox 2590 837 2826 894; x_wconf 87' lang='lat' dir='ltr'><strong>parcens</strong></span> <span class='ocrx_word' id='word_1_337' title='bbox 2856 825 3005 897; x_wconf 79' lang='lat' dir='ltr'><strong>Agag</strong></span> <span class='ocrx_word' id='word_1_338' title='bbox 3034 829 3155 899; x_wconf 88' lang='lat' dir='ltr'><strong>regi</strong></span> <span class='ocrx_word' id='word_1_339' title='bbox 3189 827 3432 896; x_wconf 78' lang='lat' dir='ltr'><strong>Amalec,</strong></span> <span class='ocrx_word' id='word_1_340' title='bbox 3470 831 3577 886; x_wconf 89' lang='lat' dir='ltr'><strong>hoc</strong></span> <span class='ocrx_word' id='word_1_341' title='bbox 3608 838 3692 888; x_wconf 79' lang='lat' dir='ltr'><strong>est</strong></span> 
     </span>
    </p>
   </div>
   <div class='ocr_carea' id='block_1_50' title="bbox 2097 913 3692 987">
    <p class='ocr_par' dir='ltr' id='par_1_50' title="bbox 2097 913 3692 987">
     <span class='ocr_line' id='line_1_50' title="bbox 2097 913 3692 987; baseline 0.006 -20"><span class='ocrx_word' id='word_1_342' title='bbox 2097 913 2340 983; x_wconf 84' lang='lat' dir='ltr'><strong>corpori,</strong></span> <span class='ocrx_word' id='word_1_343' title='bbox 2374 923 2432 970; x_wconf 89' lang='lat' dir='ltr'><strong>et</strong></span> <span class='ocrx_word' id='word_1_344' title='bbox 2462 913 2722 985; x_wconf 88' lang='lat' dir='ltr'><strong>delapsus</strong></span> <span class='ocrx_word' id='word_1_345' title='bbox 2752 923 2837 971; x_wconf 86' lang='lat' dir='ltr'><strong>est</strong></span> <span class='ocrx_word' id='word_1_346' title='bbox 2868 917 2937 971; x_wconf 92' lang='lat' dir='ltr'><strong>ad</strong></span> <span class='ocrx_word' id='word_1_347' title='bbox 2971 917 3107 973; x_wconf 82' lang='lat' dir='ltr'><strong>vitia</strong></span> <span class='ocrx_word' id='word_1_348' title='bbox 3140 927 3196 974; x_wconf 90' lang='lat' dir='ltr'><strong>et</strong></span> <span class='ocrx_word' id='word_1_349' title='bbox 3219 920 3558 987; x_wconf 81' lang='lat' dir='ltr'><strong>aﬂ&#39;ectiones,</strong></span> <span class='ocrx_word' id='word_1_350' title='bbox 3594 937 3692 976; x_wconf 83' lang='lat' dir='ltr'><strong>ex-</strong></span> 
     </span>
    </p>
   </div>
   <div class='ocr_carea' id='block_1_51' title="bbox 2086 1003 3693 1079">
    <p class='ocr_par' dir='ltr' id='par_1_51' title="bbox 2086 1003 3693 1079">
     <span class='ocr_line' id='line_1_51' title="bbox 2086 1003 3693 1079; baseline 0.006 -20"><span class='ocrx_word' id='word_1_351' title='bbox 2086 1003 2324 1075; x_wconf 76' lang='lat' dir='ltr'><strong>pellitur</strong></span> <span class='ocrx_word' id='word_1_352' title='bbox 2357 1020 2550 1077; x_wconf 87' lang='lat' dir='ltr'><strong>regno,</strong></span> <span class='ocrx_word' id='word_1_353' title='bbox 2587 1015 2649 1062; x_wconf 92' lang='lat' dir='ltr'><strong>ut</strong></span> <span class='ocrx_word' id='word_1_354' title='bbox 2688 1006 2864 1063; x_wconf 83' lang='lat' dir='ltr'><strong>David</strong></span> <span class='ocrx_word' id='word_1_355' title='bbox 2918 1018 3228 1065; x_wconf 81' lang='lat' dir='ltr'><strong>assumeret</strong></span> <span class='ocrx_word' id='word_1_356' title='bbox 3269 1011 3550 1079; x_wconf 89' lang='lat' dir='ltr'><strong>lsraelem,</strong></span> <span class='ocrx_word' id='word_1_357' title='bbox 3586 1013 3693 1069; x_wconf 84' lang='lat' dir='ltr'><strong>hoc</strong></span> 
     </span>
    </p>
   </div>
   <div class='ocr_carea' id='block_1_52' title="bbox 2096 1092 3695 1173">
    <p class='ocr_par' dir='ltr' id='par_1_52' title="bbox 2096 1092 3695 1173">
     <span class='ocr_line' id='line_1_52' title="bbox 2096 1092 3695 1173; baseline 0.005 -22"><span class='ocrx_word' id='word_1_358' title='bbox 2096 1104 2202 1162; x_wconf 87' lang='lat' dir='ltr'><strong>est,</strong></span> <span class='ocrx_word' id='word_1_359' title='bbox 2238 1096 2327 1152; x_wconf 80' lang='lat' dir='ltr'><strong>lex</strong></span> <span class='ocrx_word' id='word_1_360' title='bbox 2364 1097 2614 1169; x_wconf 77' lang='lat' dir='ltr'><strong>spiritus,</strong></span> <span class='ocrx_word' id='word_1_361' title='bbox 2643 1114 2767 1169; x_wconf 73' lang='grc' dir='ltr'>ηοιε</span> <span class='ocrx_word' id='word_1_362' title='bbox 2796 1092 3024 1170; x_wconf 84' lang='lat' dir='ltr'><strong>generat</strong></span> <span class='ocrx_word' id='word_1_363' title='bbox 3058 1116 3272 1171; x_wconf 89' lang='lat' dir='ltr'><strong>pacem,</strong></span> <span class='ocrx_word' id='word_1_364' title='bbox 3309 1119 3430 1173; x_wconf 67' lang='lat' dir='ltr'><strong>qua:</strong></span> <span class='ocrx_word' id='word_1_365' title='bbox 3463 1104 3577 1159; x_wconf 92' lang='lat' dir='ltr'><strong>Deo</strong></span> <span class='ocrx_word' id='word_1_366' title='bbox 3610 1103 3695 1159; x_wconf 91' lang='lat' dir='ltr'><strong>in-</strong></span> 
     </span>
    </p>
   </div>
   <div class='ocr_carea' id='block_1_53' title="bbox 2098 1187 3435 1261">
    <p class='ocr_par' dir='ltr' id='par_1_53' title="bbox 2098 1187 3435 1261">
     <span class='ocr_line' id='line_1_53' title="bbox 2098 1187 3435 1261; baseline 0.005 -20"><span class='ocrx_word' id='word_1_367' title='bbox 2098 1187 2328 1258; x_wconf 82' lang='lat' dir='ltr'><strong>signiter</strong></span> <span class='ocrx_word' id='word_1_368' title='bbox 2360 1187 2598 1244; x_wconf 57' lang='lat' dir='ltr'><strong>aedificat</strong></span> <span class='ocrx_word' id='word_1_369' title='bbox 2636 1190 2901 1260; x_wconf 75' lang='lat' dir='ltr'><strong>templum</strong></span> <span class='ocrx_word' id='word_1_370' title='bbox 2934 1192 3435 1261; x_wconf 76' lang='lat' dir='ltr'><strong>contemplationis.</strong></span> 
     </span>
    </p>
   </div>
   <div class='ocr_carea' id='block_1_54' title="bbox 2171 1278 3691 1351">
    <p class='ocr_par' dir='ltr' id='par_1_54' title="bbox 2171 1278 3691 1351">
     <span class='ocr_line' id='line_1_54' title="bbox 2171 1278 3691 1351; baseline 0.001 -16"><span class='ocrx_word' id='word_1_371' title='bbox 2171 1278 2393 1335; x_wconf 88' lang='lat' dir='ltr'><strong>Samuel</strong></span> <span class='ocrx_word' id='word_1_372' title='bbox 2459 1280 2860 1351; x_wconf 84' lang='lat' dir='ltr'><strong>interpretatur</strong></span> <span class='ocrx_word' id='word_1_373' title='bbox 2927 1280 3027 1335; x_wconf 85' lang='lat' dir='ltr'><strong>Dei</strong></span> <span class='ocrx_word' id='word_1_374' title='bbox 3073 1282 3386 1336; x_wconf 84' lang='lat' dir='ltr'><strong>obedientia.</strong></span> <span class='ocrx_word' id='word_1_375' title='bbox 3438 1281 3691 1349; x_wconf 87' lang='lat' dir='ltr'><strong>Quandiu</strong></span> 
     </span>
    </p>
   </div>
   <div class='ocr_carea' id='block_1_55' title="bbox 2095 1369 3695 1442">
    <p class='ocr_par' dir='ltr' id='par_1_55' title="bbox 2095 1369 3695 1442">
     <span class='ocr_line' id='line_1_55' title="bbox 2095 1369 3695 1442; baseline 0.002 -17"><span class='ocrx_word' id='word_1_376' title='bbox 2095 1372 2227 1442; x_wconf 83' lang='lat' dir='ltr'><strong>ergo</strong></span> <span class='ocrx_word' id='word_1_377' title='bbox 2260 1385 2383 1441; x_wconf 83' lang='lat' dir='ltr'><strong>quae</strong></span> <span class='ocrx_word' id='word_1_378' title='bbox 2424 1378 2510 1425; x_wconf 89' lang='lat' dir='ltr'><strong>est</strong></span> <span class='ocrx_word' id='word_1_379' title='bbox 2546 1369 2603 1426; x_wconf 90' lang='lat' dir='ltr'><strong>in</strong></span> <span class='ocrx_word' id='word_1_380' title='bbox 2653 1370 2815 1427; x_wconf 89' lang='lat' dir='ltr'><strong>nobis</strong></span> <span class='ocrx_word' id='word_1_381' title='bbox 2849 1371 2991 1427; x_wconf 87' lang='lat' dir='ltr'><strong>ratio</strong></span> <span class='ocrx_word' id='word_1_382' title='bbox 3025 1372 3387 1438; x_wconf 70' lang='lat' dir='ltr'><strong>obcdicntim,</strong></span> <span class='ocrx_word' id='word_1_383' title='bbox 3426 1373 3483 1428; x_wconf 92' lang='lat' dir='ltr'><strong>in</strong></span> <span class='ocrx_word' id='word_1_384' title='bbox 3531 1374 3695 1428; x_wconf 88' lang='lat' dir='ltr'><strong>nobis</strong></span> 
     </span>
    </p>
   </div>
   <div class='ocr_carea' id='block_1_56' title="bbox 2095 1459 3694 1536">
    <p class='ocr_par' dir='ltr' id='par_1_56' title="bbox 2095 1459 3694 1536">
     <span class='ocr_line' id='line_1_56' title="bbox 2095 1459 3694 1536; baseline 0.003 -20"><span class='ocrx_word' id='word_1_385' title='bbox 2095 1459 2343 1532; x_wconf 79' lang='lat' dir='ltr'><strong>fungitur</strong></span> <span class='ocrx_word' id='word_1_386' title='bbox 2367 1468 2595 1517; x_wconf 83' lang='lat' dir='ltr'><strong>munere</strong></span> <span class='ocrx_word' id='word_1_387' title='bbox 2619 1463 2946 1529; x_wconf 86' lang='lat' dir='ltr'><strong>sacerdotis,</strong></span> <span class='ocrx_word' id='word_1_388' title='bbox 2979 1465 3194 1519; x_wconf 89' lang='lat' dir='ltr'><strong>etiamsi</strong></span> <span class='ocrx_word' id='word_1_389' title='bbox 3230 1464 3357 1520; x_wconf 88' lang='lat' dir='ltr'><strong>Saul</strong></span> <span class='ocrx_word' id='word_1_390' title='bbox 3381 1466 3694 1536; x_wconf 77' lang='lat' dir='ltr'><strong>pepercerit</strong></span> 
     </span>
    </p>
   </div>
   <div class='ocr_carea' id='block_1_57' title="bbox 2093 1552 3691 1625">
    <p class='ocr_par' dir='ltr' id='par_1_57' title="bbox 2093 1552 3691 1625">
     <span class='ocr_line' id='line_1_57' title="bbox 2093 1552 3691 1625; baseline 0.003 -18"><span class='ocrx_word' id='word_1_391' title='bbox 2093 1552 2243 1625; x_wconf 88' lang='lat' dir='ltr'><strong>Agag</strong></span> <span class='ocrx_word' id='word_1_392' title='bbox 2274 1552 2340 1619; x_wconf 81' lang='lat'><strong>&#39;°,</strong></span> <span class='ocrx_word' id='word_1_393' title='bbox 2376 1552 2485 1608; x_wconf 88' lang='lat' dir='ltr'><strong>hoc</strong></span> <span class='ocrx_word' id='word_1_394' title='bbox 2517 1560 2621 1619; x_wconf 89' lang='grc' dir='ltr'>εει,</span> <span class='ocrx_word' id='word_1_395' title='bbox 2659 1554 2969 1625; x_wconf 63' lang='lat' dir='ltr'><strong>prudentiae</strong></span> <span class='ocrx_word' id='word_1_396' title='bbox 3021 1557 3293 1623; x_wconf 82' lang='lat' dir='ltr'><strong>terrestri,</strong></span> <span class='ocrx_word' id='word_1_397' title='bbox 3335 1562 3462 1611; x_wconf 83' lang='lat' dir='ltr'><strong>eum</strong></span> <span class='ocrx_word' id='word_1_398' title='bbox 3504 1565 3691 1612; x_wconf 80' lang='lat' dir='ltr'><strong>tamen</strong></span> 
     </span>
    </p>
   </div>
   <div class='ocr_carea' id='block_1_58' title="bbox 2094 1644 3690 1720">
    <p class='ocr_par' dir='ltr' id='par_1_58' title="bbox 2094 1644 3690 1720">
     <span class='ocr_line' id='line_1_58' title="bbox 2094 1644 3690 1720; baseline 0.002 -20"><span class='ocrx_word' id='word_1_399' title='bbox 2094 1644 2310 1700; x_wconf 86' lang='lat' dir='ltr'><strong>occidet</strong></span> <span class='ocrx_word' id='word_1_400' title='bbox 2344 1645 2465 1700; x_wconf 79' lang='lat' dir='ltr'><strong>zelo</strong></span> <span class='ocrx_word' id='word_1_401' title='bbox 2498 1653 2681 1702; x_wconf 89' lang='lat' dir='ltr'><strong>motus</strong></span> <span class='ocrx_word' id='word_1_402' title='bbox 2716 1645 2996 1714; x_wconf 74' lang='lat' dir='ltr'><strong>saCerdos,</strong></span> <span class='ocrx_word' id='word_1_403' title='bbox 3031 1664 3230 1719; x_wconf 84' lang='lat' dir='ltr'><strong>nempe</strong></span> <span class='ocrx_word' id='word_1_404' title='bbox 3276 1649 3436 1716; x_wconf 89' lang='lat' dir='ltr'><strong>ratio,</strong></span> <span class='ocrx_word' id='word_1_405' title='bbox 3472 1660 3529 1705; x_wconf 91' lang='lat' dir='ltr'><strong>et</strong></span> <span class='ocrx_word' id='word_1_406' title='bbox 3560 1665 3690 1720; x_wconf 89' lang='lat' dir='ltr'><strong>per-</strong></span> 
     </span>
    </p>
   </div>
   <div class='ocr_carea' id='block_1_59' title="bbox 2095 1734 3692 1810">
    <p class='ocr_par' dir='ltr' id='par_1_59' title="bbox 2095 1734 3692 1810">
     <span class='ocr_line' id='line_1_59' title="bbox 2095 1734 3692 1810; baseline 0.003 -21"><span class='ocrx_word' id='word_1_407' title='bbox 2095 1734 2302 1801; x_wconf 88' lang='lat' dir='ltr'><strong>cutiet,</strong></span> <span class='ocrx_word' id='word_1_408' title='bbox 2352 1735 2630 1802; x_wconf 82' lang='lat' dir='ltr'><strong>dedecore</strong></span> <span class='ocrx_word' id='word_1_409' title='bbox 2664 1734 2907 1792; x_wconf 77' lang='lat' dir='ltr'><strong>alliciens</strong></span> <span class='ocrx_word' id='word_1_410' title='bbox 2956 1749 3197 1794; x_wconf 87' lang='lat' dir='ltr'><strong>mentem</strong></span> <span class='ocrx_word' id='word_1_411' title='bbox 3231 1754 3354 1810; x_wconf 70' lang='lat' dir='ltr'><strong>quae</strong></span> <span class='ocrx_word' id='word_1_412' title='bbox 3384 1739 3692 1794; x_wconf 85' lang='lat' dir='ltr'><strong>delectatur</strong></span> 
     </span>
    </p>
   </div>
   <div class='ocr_carea' id='block_1_60' title="bbox 2027 1822 3687 1903">
    <p class='ocr_par' dir='ltr' id='par_1_60' title="bbox 2027 1822 3687 1903">
     <span class='ocr_line' id='line_1_60' title="bbox 2027 1822 3687 1903; baseline 0.004 -22"><span class='ocrx_word' id='word_1_413' title='bbox 2027 1847 2070 1903; x_wconf 75' lang='grc' dir='ltr'>Β</span> <span class='ocrx_word' id='word_1_414' title='bbox 2098 1835 2360 1897; x_wconf 89' lang='lat' dir='ltr'><strong>peccato,</strong></span> <span class='ocrx_word' id='word_1_415' title='bbox 2406 1830 2467 1880; x_wconf 93' lang='lat' dir='ltr'><strong>ut</strong></span> <span class='ocrx_word' id='word_1_416' title='bbox 2514 1822 2638 1897; x_wconf 67' lang='lat' dir='ltr'><strong>qua:</strong></span> <span class='ocrx_word' id='word_1_417' title='bbox 2683 1827 3119 1900; x_wconf 88' lang='lat' dir='ltr'><strong>transgrediatur</strong></span> <span class='ocrx_word' id='word_1_418' title='bbox 3160 1829 3378 1887; x_wconf 84' lang='lat' dir='ltr'><strong>divinas</strong></span> <span class='ocrx_word' id='word_1_419' title='bbox 3418 1829 3687 1902; x_wconf 74' lang='lat' dir='ltr'><strong>iustiﬁca-</strong></span> 
     </span>
    </p>
   </div>
   <div class='ocr_carea' id='block_1_61' title="bbox 2008 1916 2298 1972">
    <p class='ocr_par' dir='ltr' id='par_1_61' title="bbox 2008 1916 2298 1972">
     <span class='ocr_line' id='line_1_61' title="bbox 2008 1916 2298 1972; baseline 0.01 -5"><span class='ocrx_word' id='word_1_420' title='bbox 2008 1948 2014 1955; x_wconf 87' lang='lat'><strong><em>-</em></strong></span> <span class='ocrx_word' id='word_1_421' title='bbox 2086 1916 2298 1972; x_wconf 70' lang='lat' dir='ltr'><strong>‘tiones.</strong></span> 
     </span>
    </p>
   </div>
   <div class='ocr_carea' id='block_1_62' title="bbox 2168 1985 3687 2084">
    <p class='ocr_par' dir='ltr' id='par_1_62' title="bbox 2168 1985 3687 2084">
     <span class='ocr_line' id='line_1_62' title="bbox 2168 1985 3687 2084; baseline 0.005 -21"><span class='ocrx_word' id='word_1_422' title='bbox 2168 2008 2467 2079; x_wconf 80' lang='lat' dir='ltr'><strong>PoStquam</strong></span> <span class='ocrx_word' id='word_1_423' title='bbox 2501 1985 2863 2065; x_wconf 70' lang='lat' dir='ltr'><strong>mensaltum</strong></span> <span class='ocrx_word' id='word_1_424' title='bbox 2914 2011 3135 2081; x_wconf 76' lang='lat' dir='ltr'><strong>sapiens</strong></span> <span class='ocrx_word' id='word_1_425' title='bbox 3180 2020 3236 2067; x_wconf 88' lang='lat' dir='ltr'><strong>et</strong></span> <span class='ocrx_word' id='word_1_426' title='bbox 3274 2012 3539 2069; x_wconf 85' lang='lat' dir='ltr'><strong>sublimes</strong></span> <span class='ocrx_word' id='word_1_427' title='bbox 3571 1998 3687 2084; x_wconf 76' lang='lat' dir='ltr'><strong>spi—</strong></span> 
     </span>
    </p>
   </div>
   <div class='ocr_carea' id='block_1_63' title="bbox 2090 2098 3686 2172">
    <p class='ocr_par' dir='ltr' id='par_1_63' title="bbox 2090 2098 3686 2172">
     <span class='ocr_line' id='line_1_63' title="bbox 2090 2098 3686 2172; baseline 0.006 -20"><span class='ocrx_word' id='word_1_428' title='bbox 2090 2098 2232 2155; x_wconf 88' lang='lat' dir='ltr'><strong>ritus</strong></span> <span class='ocrx_word' id='word_1_429' title='bbox 2265 2114 2483 2171; x_wconf 79' lang='lat' dir='ltr'><strong>gerens,</strong></span> <span class='ocrx_word' id='word_1_430' title='bbox 2519 2100 2789 2156; x_wconf 88' lang='lat' dir='ltr'><strong>rationem</strong></span> <span class='ocrx_word' id='word_1_431' title='bbox 2825 2100 3112 2168; x_wconf 63' lang='lat' dir='ltr'><strong>doctrinae,</strong></span> <span class='ocrx_word' id='word_1_432' title='bbox 3135 2119 3257 2172; x_wconf 72' lang='lat' dir='ltr'><strong>quas</strong></span> <span class='ocrx_word' id='word_1_433' title='bbox 3276 2119 3396 2158; x_wconf 91' lang='lat' dir='ltr'><strong>cam</strong></span> <span class='ocrx_word' id='word_1_434' title='bbox 3420 2104 3686 2162; x_wconf 79' lang='lat' dir='ltr'><strong>adversus</strong></span> 
     </span>
    </p>
   </div>
   <div class='ocr_carea' id='block_1_64' title="bbox 2088 2189 3684 2267">
    <p class='ocr_par' dir='ltr' id='par_1_64' title="bbox 2088 2189 3684 2267">
     <span class='ocr_line' id='line_1_64' title="bbox 2088 2189 3684 2267; baseline 0.005 -23"><span class='ocrx_word' id='word_1_435' title='bbox 2088 2189 2223 2245; x_wconf 89' lang='lat' dir='ltr'><strong>vitia</strong></span> <span class='ocrx_word' id='word_1_436' title='bbox 2254 2200 2523 2259; x_wconf 82' lang='lat' dir='ltr'><strong>unxerat,</strong></span> <span class='ocrx_word' id='word_1_437' title='bbox 2558 2192 2862 2248; x_wconf 87' lang='lat' dir='ltr'><strong>cessaverit</strong></span> <span class='ocrx_word' id='word_1_438' title='bbox 2904 2192 3176 2249; x_wconf 86' lang='lat' dir='ltr'><strong>sciscitari</strong></span> <span class='ocrx_word' id='word_1_439' title='bbox 3212 2210 3312 2267; x_wconf 89' lang='lat' dir='ltr'><strong>per</strong></span> <span class='ocrx_word' id='word_1_440' title='bbox 3346 2196 3684 2252; x_wconf 83' lang='lat' dir='ltr'><strong>convenien-</strong></span> 
     </span>
    </p>
   </div>
   <div class='ocr_carea' id='block_1_65' title="bbox 2082 2268 3686 2365">
    <p class='ocr_par' dir='ltr' id='par_1_65' title="bbox 2082 2268 3686 2365">
     <span class='ocr_line' id='line_1_65' title="bbox 2082 2268 3686 2365; baseline 0.006 -30"><span class='ocrx_word' id='word_1_441' title='bbox 2082 2284 2200 2336; x_wconf 76' lang='lat' dir='ltr'><strong>tem</strong></span> <span class='ocrx_word' id='word_1_442' title='bbox 2253 2283 2648 2338; x_wconf 87' lang='lat' dir='ltr'><strong>scrutationem</strong></span> <span class='ocrx_word' id='word_1_443' title='bbox 2684 2268 2753 2339; x_wconf 86' lang='lat' dir='ltr'><strong>de</strong></span> <span class='ocrx_word' id='word_1_444' title='bbox 2790 2282 2858 2340; x_wconf 90' lang='lat' dir='ltr'><strong>iis</strong></span> <span class='ocrx_word' id='word_1_445' title='bbox 2891 2300 3013 2355; x_wconf 61' lang='lat' dir='ltr'><strong>quae</strong></span> <span class='ocrx_word' id='word_1_446' title='bbox 3060 2292 3189 2341; x_wconf 93' lang='lat' dir='ltr'><strong>sunt</strong></span> <span class='ocrx_word' id='word_1_447' title='bbox 3223 2287 3435 2365; x_wconf 71' lang='lat' dir='ltr'><strong>agenda</strong></span> <span class='ocrx_word' id='word_1_448' title='bbox 3459 2296 3540 2344; x_wconf 80' lang='grc' dir='ltr'>,ει</span> <span class='ocrx_word' id='word_1_449' title='bbox 3568 2304 3686 2361; x_wconf 82' lang='lat' dir='ltr'><strong>non</strong></span> 
     </span>
    </p>
   </div>
   <div class='ocr_carea' id='block_1_66' title="bbox 2082 2373 3688 2454">
    <p class='ocr_par' dir='ltr' id='par_1_66' title="bbox 2082 2373 3688 2454">
     <span class='ocr_line' id='line_1_66' title="bbox 2082 2373 3688 2454; baseline 0.006 -27"><span class='ocrx_word' id='word_1_450' title='bbox 2082 2373 2321 2443; x_wconf 80' lang='lat' dir='ltr'><strong>agenda,</strong></span> <span class='ocrx_word' id='word_1_451' title='bbox 2356 2389 2424 2429; x_wconf 80' lang='lat' dir='ltr'><strong>ex</strong></span> <span class='ocrx_word' id='word_1_452' title='bbox 2456 2374 2765 2454; x_wconf 77' lang='lat' dir='ltr'><strong>ignorantia</strong></span> <span class='ocrx_word' id='word_1_453' title='bbox 2800 2376 3026 2431; x_wconf 89' lang='lat' dir='ltr'><strong>omnino</strong></span> <span class='ocrx_word' id='word_1_454' title='bbox 3069 2377 3286 2448; x_wconf 90' lang='lat' dir='ltr'><strong>capitur</strong></span> <span class='ocrx_word' id='word_1_455' title='bbox 3317 2394 3347 2433; x_wconf 91' lang='lat' dir='ltr'><strong>a</strong></span> <span class='ocrx_word' id='word_1_456' title='bbox 3379 2379 3549 2445; x_wconf 85' lang='lat' dir='ltr'><strong>vitiis,</strong></span> <span class='ocrx_word' id='word_1_457' title='bbox 3583 2396 3688 2452; x_wconf 86' lang='lat' dir='ltr'><strong>per</strong></span> 
     </span>
    </p>
   </div>
   <div class='ocr_carea' id='block_1_67' title="bbox 2088 2467 3688 2538">
    <p class='ocr_par' dir='ltr' id='par_1_67' title="bbox 2088 2467 3688 2538">
     <span class='ocr_line' id='line_1_67' title="bbox 2088 2467 3688 2538; baseline 0.008 -21"><span class='ocrx_word' id='word_1_458' title='bbox 2088 2478 2212 2533; x_wconf 78' lang='lat' dir='ltr'><strong>quae</strong></span> <span class='ocrx_word' id='word_1_459' title='bbox 2243 2480 2311 2521; x_wconf 85' lang='lat' dir='ltr'><strong>ex</strong></span> <span class='ocrx_word' id='word_1_460' title='bbox 2341 2473 2499 2536; x_wconf 89' lang='lat' dir='ltr'><strong>parte</strong></span> <span class='ocrx_word' id='word_1_461' title='bbox 2533 2482 2565 2521; x_wconf 89' lang='lat' dir='ltr'><strong>a</strong></span> <span class='ocrx_word' id='word_1_462' title='bbox 2601 2467 2715 2522; x_wconf 90' lang='lat' dir='ltr'><strong>Deo</strong></span> <span class='ocrx_word' id='word_1_463' title='bbox 2750 2475 3059 2538; x_wconf 90' lang='lat' dir='ltr'><strong>separatus,</strong></span> <span class='ocrx_word' id='word_1_464' title='bbox 3087 2468 3145 2524; x_wconf 92' lang='lat' dir='ltr'><strong>in</strong></span> <span class='ocrx_word' id='word_1_465' title='bbox 3178 2470 3571 2527; x_wconf 82' lang='lat' dir='ltr'><strong>involuntariis</strong></span> <span class='ocrx_word' id='word_1_466' title='bbox 3595 2488 3688 2530; x_wconf 87' lang='lat' dir='ltr'><strong>ca-</strong></span> 
     </span>
    </p>
   </div>
   <div class='ocr_carea' id='block_1_68' title="bbox 2089 2554 3682 2630">
    <p class='ocr_par' dir='ltr' id='par_1_68' title="bbox 2089 2554 3682 2630">
     <span class='ocr_line' id='line_1_68' title="bbox 2089 2554 3682 2630; baseline 0.008 -23"><span class='ocrx_word' id='word_1_467' title='bbox 2089 2554 2242 2611; x_wconf 84' lang='lat' dir='ltr'><strong>sibus</strong></span> <span class='ocrx_word' id='word_1_468' title='bbox 2276 2555 2493 2612; x_wconf 87' lang='lat' dir='ltr'><strong>accedit</strong></span> <span class='ocrx_word' id='word_1_469' title='bbox 2528 2557 2596 2613; x_wconf 92' lang='lat' dir='ltr'><strong>ad</strong></span> <span class='ocrx_word' id='word_1_470' title='bbox 2633 2557 2929 2625; x_wconf 78' lang='lat' dir='ltr'><strong>daemones,</strong></span> <span class='ocrx_word' id='word_1_471' title='bbox 2955 2566 3208 2616; x_wconf 90' lang='lat' dir='ltr'><strong>ventrem</strong></span> <span class='ocrx_word' id='word_1_472' title='bbox 3245 2561 3417 2617; x_wconf 85' lang='lat' dir='ltr'><strong>Deum</strong></span> <span class='ocrx_word' id='word_1_473' title='bbox 3452 2560 3682 2630; x_wconf 76' lang='lat' dir='ltr'><strong>faciens,</strong></span> 
     </span>
    </p>
   </div>
   <div class='ocr_carea' id='block_1_69' title="bbox 2087 2645 3684 2726">
    <p class='ocr_par' dir='ltr' id='par_1_69' title="bbox 2087 2645 3684 2726">
     <span class='ocr_line' id='line_1_69' title="bbox 2087 2645 3684 2726; baseline 0.007 -27"><span class='ocrx_word' id='word_1_474' title='bbox 2087 2653 2145 2700; x_wconf 90' lang='lat' dir='ltr'><strong>et</strong></span> <span class='ocrx_word' id='word_1_475' title='bbox 2182 2645 2334 2701; x_wconf 91' lang='lat' dir='ltr'><strong>il-linc</strong></span> <span class='ocrx_word' id='word_1_476' title='bbox 2366 2647 2560 2704; x_wconf 83' lang='lat' dir='ltr'><strong>volens</strong></span> <span class='ocrx_word' id='word_1_477' title='bbox 2612 2649 2863 2704; x_wconf 88' lang='lat' dir='ltr'><strong>invenire</strong></span> <span class='ocrx_word' id='word_1_478' title='bbox 2913 2664 3108 2705; x_wconf 88' lang='lat' dir='ltr'><strong>eorum</strong></span> <span class='ocrx_word' id='word_1_479' title='bbox 3162 2666 3285 2722; x_wconf 70' lang='lat' dir='ltr'><strong>quae</strong></span> <span class='ocrx_word' id='word_1_480' title='bbox 3332 2651 3516 2722; x_wconf 86' lang='lat' dir='ltr'><strong>ipsum</strong></span> <span class='ocrx_word' id='word_1_481' title='bbox 3549 2668 3684 2726; x_wconf 89' lang='lat' dir='ltr'><strong>pre-</strong></span> 
     </span>
    </p>
   </div>
   <div class='ocr_carea' id='block_1_70' title="bbox 2087 2739 3683 2816">
    <p class='ocr_par' dir='ltr' id='par_1_70' title="bbox 2087 2739 3683 2816">
     <span class='ocr_line' id='line_1_70' title="bbox 2087 2739 3683 2816; baseline 0.006 -26"><span class='ocrx_word' id='word_1_482' title='bbox 2087 2744 2248 2791; x_wconf 88' lang='lat' dir='ltr'><strong>munt</strong></span> <span class='ocrx_word' id='word_1_483' title='bbox 2289 2739 2745 2794; x_wconf 85' lang='lat' dir='ltr'><strong>consolationem.</strong></span> <span class='ocrx_word' id='word_1_484' title='bbox 2791 2739 2851 2795; x_wconf 81' lang='lat' dir='ltr'><strong>id</strong></span> <span class='ocrx_word' id='word_1_485' title='bbox 2887 2740 2985 2796; x_wconf 86' lang='lat' dir='ltr'><strong>tibi</strong></span> <span class='ocrx_word' id='word_1_486' title='bbox 3029 2740 3362 2813; x_wconf 83' lang='lat' dir='ltr'><strong>persuadeat</strong></span> <span class='ocrx_word' id='word_1_487' title='bbox 3395 2743 3548 2812; x_wconf 89' lang='lat' dir='ltr'><strong>Saul,</strong></span> <span class='ocrx_word' id='word_1_488' title='bbox 3585 2745 3683 2816; x_wconf 87' lang='lat' dir='ltr'><strong>qui</strong></span> 
     </span>
    </p>
   </div>
   <div class='ocr_carea' id='block_1_71' title="bbox 2087 2826 3685 2903">
    <p class='ocr_par' dir='ltr' id='par_1_71' title="bbox 2087 2826 3685 2903">
     <span class='ocr_line' id='line_1_71' title="bbox 2087 2826 3685 2903; baseline 0.008 -22"><span class='ocrx_word' id='word_1_489' title='bbox 2087 2826 2146 2881; x_wconf 92' lang='lat' dir='ltr'><strong>in</strong></span> <span class='ocrx_word' id='word_1_490' title='bbox 2180 2828 2442 2885; x_wconf 87' lang='lat' dir='ltr'><strong>omnibus</strong></span> <span class='ocrx_word' id='word_1_491' title='bbox 2475 2846 2587 2885; x_wconf 88' lang='lat' dir='ltr'><strong>non</strong></span> <span class='ocrx_word' id='word_1_492' title='bbox 2622 2838 2709 2888; x_wconf 90' lang='lat' dir='ltr'><strong>est</strong></span> <span class='ocrx_word' id='word_1_493' title='bbox 2744 2847 2876 2887; x_wconf 88' lang='lat' dir='ltr'><strong>usus</strong></span> <span class='ocrx_word' id='word_1_494' title='bbox 2908 2834 3144 2889; x_wconf 89' lang='lat' dir='ltr'><strong>consilio</strong></span> <span class='ocrx_word' id='word_1_495' title='bbox 3175 2833 3467 2903; x_wconf 88' lang='lat' dir='ltr'><strong>Samuelis,</strong></span> <span class='ocrx_word' id='word_1_496' title='bbox 3502 2844 3560 2893; x_wconf 89' lang='lat' dir='ltr'><strong>et</strong></span> <span class='ocrx_word' id='word_1_497' title='bbox 3581 2852 3685 2894; x_wconf 83' lang='lat' dir='ltr'><strong>ne-</strong></span> 
     </span>
    </p>
   </div>
   <div class='ocr_carea' id='block_1_72' title="bbox 2088 2920 3687 2996">
    <p class='ocr_par' dir='ltr' id='par_1_72' title="bbox 2088 2920 3687 2996">
     <span class='ocr_line' id='line_1_72' title="bbox 2088 2920 3687 2996; baseline 0.004 -21"><span class='ocrx_word' id='word_1_498' title='bbox 2088 2920 2332 2975; x_wconf 89' lang='lat' dir='ltr'><strong>cessario</strong></span> <span class='ocrx_word' id='word_1_499' title='bbox 2364 2929 2449 2975; x_wconf 90' lang='lat' dir='ltr'><strong>est</strong></span> <span class='ocrx_word' id='word_1_500' title='bbox 2483 2934 2783 2976; x_wconf 83' lang='lat' dir='ltr'><strong>conversus</strong></span> <span class='ocrx_word' id='word_1_501' title='bbox 2820 2920 2888 2981; x_wconf 86' lang='lat' dir='ltr'><strong>ad</strong></span> <span class='ocrx_word' id='word_1_502' title='bbox 2915 2921 3302 2989; x_wconf 86' lang='lat' dir='ltr'><strong>idololatriam,</strong></span> <span class='ocrx_word' id='word_1_503' title='bbox 3335 2931 3392 2979; x_wconf 92' lang='lat' dir='ltr'><strong>et</strong></span> <span class='ocrx_word' id='word_1_504' title='bbox 3427 2934 3687 2996; x_wconf 86' lang='lat' dir='ltr'><strong>tanquam</strong></span> 
     </span>
    </p>
   </div>
   <div class='ocr_carea' id='block_1_73' title="bbox 2087 3010 3603 3088">
    <p class='ocr_par' dir='ltr' id='par_1_73' title="bbox 2087 3010 3603 3088">
     <span class='ocr_line' id='line_1_73' title="bbox 2087 3010 3603 3088; baseline 0.005 -23"><span class='ocrx_word' id='word_1_505' title='bbox 2087 3011 2253 3066; x_wconf 89' lang='lat' dir='ltr'><strong>deum</strong></span> <span class='ocrx_word' id='word_1_506' title='bbox 2288 3012 2530 3082; x_wconf 85' lang='lat' dir='ltr'><strong>aliquem</strong></span> <span class='ocrx_word' id='word_1_507' title='bbox 2563 3010 2828 3066; x_wconf 90' lang='lat' dir='ltr'><strong>sustinuit</strong></span> <span class='ocrx_word' id='word_1_508' title='bbox 2862 3012 3134 3069; x_wconf 89' lang='lat' dir='ltr'><strong>sciscitari</strong></span> <span class='ocrx_word' id='word_1_509' title='bbox 3173 3014 3603 3088; x_wconf 82' lang='lat' dir='ltr'><strong>ventriloquam.</strong></span> 
     </span>
    </p>
   </div>
   <div class='ocr_carea' id='block_1_74' title="bbox 2363 3149 3413 3212">
    <p class='ocr_par' dir='ltr' id='par_1_74' title="bbox 2363 3149 3413 3212">
     <span class='ocr_line' id='line_1_74' title="bbox 2363 3149 3413 3212; baseline 0.001 -6"><span class='ocrx_word' id='word_1_510' title='bbox 2363 3149 2461 3206; x_wconf 74' lang='lat' dir='ltr'><strong>EX</strong></span> <span class='ocrx_word' id='word_1_511' title='bbox 2512 3149 2721 3206; x_wconf 74' lang='grc' dir='ltr'>ωειιο</span> <span class='ocrx_word' id='word_1_512' title='bbox 2778 3149 3098 3208; x_wconf 79' lang='lat' dir='ltr'><strong>SECUNDO</strong></span> <span class='ocrx_word' id='word_1_513' title='bbox 3151 3152 3413 3212; x_wconf 74' lang='lat' dir='ltr'><strong>REGUM.</strong></span> 
     </span>
    </p>
   </div>
   <div class='ocr_carea' id='block_1_75' title="bbox 2546 3262 3225 3321">
    <p class='ocr_par' dir='ltr' id='par_1_75' title="bbox 2546 3262 3225 3321">
     <span class='ocr_line' id='line_1_75' title="bbox 2546 3262 3225 3321; baseline 0.007 -5"><span class='ocrx_word' id='word_1_514' title='bbox 2546 3262 2625 3317; x_wconf 84' lang='lat' dir='ltr'><strong>De</strong></span> <span class='ocrx_word' id='word_1_515' title='bbox 2658 3262 2836 3317; x_wconf 78' lang='lat' dir='ltr'><strong>David</strong></span> <span class='ocrx_word' id='word_1_516' title='bbox 2869 3273 2920 3318; x_wconf 86' lang='lat' dir='ltr'><strong>et</strong></span> <span class='ocrx_word' id='word_1_517' title='bbox 2952 3266 3225 3321; x_wconf 76' lang='lat' dir='ltr'><strong>Absalom.</strong></span> 
     </span>
    </p>
   </div>
   <div class='ocr_carea' id='block_1_76' title="bbox 2159 3371 3688 3452">
    <p class='ocr_par' dir='ltr' id='par_1_76' title="bbox 2159 3371 3688 3452">
     <span class='ocr_line' id='line_1_76' title="bbox 2159 3371 3688 3452; baseline 0.007 -27"><span class='ocrx_word' id='word_1_518' title='bbox 2159 3371 2331 3426; x_wconf 86' lang='lat' dir='ltr'><strong>David</strong></span> <span class='ocrx_word' id='word_1_519' title='bbox 2357 3380 2443 3428; x_wconf 90' lang='lat' dir='ltr'><strong>est</strong></span> <span class='ocrx_word' id='word_1_520' title='bbox 2478 3387 2635 3428; x_wconf 91' lang='lat' dir='ltr'><strong>mens</strong></span> <span class='ocrx_word' id='word_1_521' title='bbox 2668 3374 2865 3428; x_wconf 89' lang='lat' dir='ltr'><strong>activa.</strong></span> <span class='ocrx_word' id='word_1_522' title='bbox 2898 3373 3141 3431; x_wconf 85' lang='lat' dir='ltr'><strong>Absalon</strong></span> <span class='ocrx_word' id='word_1_523' title='bbox 3166 3385 3351 3434; x_wconf 89' lang='lat' dir='ltr'><strong>autem</strong></span> <span class='ocrx_word' id='word_1_524' title='bbox 3386 3378 3455 3433; x_wconf 87' lang='lat' dir='ltr'><strong>de</strong></span> <span class='ocrx_word' id='word_1_525' title='bbox 3484 3394 3542 3434; x_wconf 92' lang='lat' dir='ltr'><strong>se</strong></span> <span class='ocrx_word' id='word_1_526' title='bbox 3569 3382 3688 3452; x_wconf 86' lang='lat' dir='ltr'><strong>opi-</strong></span> 
     </span>
    </p>
   </div>
   <div class='ocr_carea' id='block_1_77' title="bbox 2088 3463 3683 3536">
    <p class='ocr_par' dir='ltr' id='par_1_77' title="bbox 2088 3463 3683 3536">
     <span class='ocr_line' id='line_1_77' title="bbox 2088 3463 3683 3536; baseline 0.006 -20"><span class='ocrx_word' id='word_1_527' title='bbox 2088 3463 2205 3528; x_wconf 90' lang='lat' dir='ltr'><strong>nio,</strong></span> <span class='ocrx_word' id='word_1_528' title='bbox 2243 3477 2408 3532; x_wconf 90' lang='lat' dir='ltr'><strong>quam</strong></span> <span class='ocrx_word' id='word_1_529' title='bbox 2450 3464 2642 3535; x_wconf 81' lang='lat' dir='ltr'><strong>genuit</strong></span> <span class='ocrx_word' id='word_1_530' title='bbox 2689 3479 2758 3518; x_wconf 77' lang='lat' dir='ltr'><strong>ex</strong></span> <span class='ocrx_word' id='word_1_531' title='bbox 2806 3479 3104 3536; x_wconf 88' lang='lat' dir='ltr'><strong>congressu</strong></span> <span class='ocrx_word' id='word_1_532' title='bbox 3154 3482 3283 3522; x_wconf 88' lang='lat' dir='ltr'><strong>cum</strong></span> <span class='ocrx_word' id='word_1_533' title='bbox 3321 3482 3506 3524; x_wconf 88' lang='lat' dir='ltr'><strong>sensu.</strong></span> <span class='ocrx_word' id='word_1_534' title='bbox 3545 3468 3683 3525; x_wconf 85' lang='lat' dir='ltr'><strong>Nam</strong></span> 
     </span>
    </p>
   </div>
   <div class='ocr_carea' id='block_1_78' title="bbox 2090 3553 3682 3631">
    <p class='ocr_par' dir='ltr' id='par_1_78' title="bbox 2090 3553 3682 3631">
     <span class='ocr_line' id='line_1_78' title="bbox 2090 3553 3682 3631; baseline 0.006 -23"><span class='ocrx_word' id='word_1_535' title='bbox 2090 3553 2490 3625; x_wconf 87' lang='lat' dir='ltr'><strong>interpretatur</strong></span> <span class='ocrx_word' id='word_1_536' title='bbox 2544 3554 2768 3625; x_wconf 90' lang='lat' dir='ltr'><strong>quidem</strong></span> <span class='ocrx_word' id='word_1_537' title='bbox 2816 3554 3095 3623; x_wconf 85' lang='lat' dir='ltr'><strong>Absalon,</strong></span> <span class='ocrx_word' id='word_1_538' title='bbox 3146 3560 3317 3629; x_wconf 72' lang='lat' dir='ltr'><strong>patris</strong></span> <span class='ocrx_word' id='word_1_539' title='bbox 3356 3577 3462 3631; x_wconf 71' lang='lat' dir='ltr'><strong>pan:</strong></span> <span class='ocrx_word' id='word_1_540' title='bbox 3497 3563 3682 3618; x_wconf 72' lang='lat' dir='ltr'><strong>existi-</strong></span> 
     </span>
    </p>
   </div>
   <div class='ocr_carea' id='block_1_79' title="bbox 2088 3646 3686 3719">
    <p class='ocr_par' dir='ltr' id='par_1_79' title="bbox 2088 3646 3686 3719">
     <span class='ocr_line' id='line_1_79' title="bbox 2088 3646 3686 3719; baseline 0.004 -19"><span class='ocrx_word' id='word_1_541' title='bbox 2088 3655 2257 3701; x_wconf 86' lang='lat' dir='ltr'><strong>mata.</strong></span> <span class='ocrx_word' id='word_1_542' title='bbox 2293 3646 2687 3702; x_wconf 82' lang='lat' dir='ltr'><strong>Existimantes</strong></span> <span class='ocrx_word' id='word_1_543' title='bbox 2721 3657 2906 3702; x_wconf 89' lang='lat' dir='ltr'><strong>autem</strong></span> <span class='ocrx_word' id='word_1_544' title='bbox 2936 3663 3039 3704; x_wconf 93' lang='lat' dir='ltr'><strong>nos</strong></span> <span class='ocrx_word' id='word_1_545' title='bbox 3070 3663 3191 3704; x_wconf 91' lang='lat' dir='ltr'><strong>esse</strong></span> <span class='ocrx_word' id='word_1_546' title='bbox 3226 3661 3447 3719; x_wconf 87' lang='lat' dir='ltr'><strong>pacatos</strong></span> <span class='ocrx_word' id='word_1_547' title='bbox 3477 3667 3508 3705; x_wconf 93' lang='lat' dir='ltr'><strong>a</strong></span> <span class='ocrx_word' id='word_1_548' title='bbox 3532 3646 3686 3708; x_wconf 83' lang='lat' dir='ltr'><strong>vitiis</strong></span> 
     </span>
    </p>
   </div>
   <div class='ocr_carea' id='block_1_80' title="bbox 2087 3739 3685 3814">
    <p class='ocr_par' dir='ltr' id='par_1_80' title="bbox 2087 3739 3685 3814">
     <span class='ocr_line' id='line_1_80' title="bbox 2087 3739 3685 3814; baseline 0.003 -19"><span class='ocrx_word' id='word_1_549' title='bbox 2087 3747 2143 3795; x_wconf 89' lang='lat' dir='ltr'><strong>et</strong></span> <span class='ocrx_word' id='word_1_550' title='bbox 2178 3739 2710 3809; x_wconf 85' lang='lat' dir='ltr'><strong>perturbationibus,</strong></span> <span class='ocrx_word' id='word_1_551' title='bbox 2743 3740 3135 3796; x_wconf 90' lang='lat' dir='ltr'><strong>constituimus</strong></span> <span class='ocrx_word' id='word_1_552' title='bbox 3167 3740 3235 3797; x_wconf 89' lang='lat' dir='ltr'><strong>de</strong></span> <span class='ocrx_word' id='word_1_553' title='bbox 3270 3742 3432 3797; x_wconf 90' lang='lat' dir='ltr'><strong>nobis</strong></span> <span class='ocrx_word' id='word_1_554' title='bbox 3467 3743 3685 3814; x_wconf 89' lang='lat' dir='ltr'><strong>opinio-</strong></span> 
     </span>
    </p>
   </div>
   <div class='ocr_carea' id='block_1_81' title="bbox 2085 3828 3685 3902">
    <p class='ocr_par' dir='ltr' id='par_1_81' title="bbox 2085 3828 3685 3902">
     <span class='ocr_line' id='line_1_81' title="bbox 2085 3828 3685 3902; baseline 0.004 -19"><span class='ocrx_word' id='word_1_555' title='bbox 2085 3843 2233 3884; x_wconf 89' lang='lat' dir='ltr'><strong>nem.</strong></span> <span class='ocrx_word' id='word_1_556' title='bbox 2273 3828 2446 3896; x_wconf 84' lang='lat' dir='ltr'><strong>Quam</strong></span> <span class='ocrx_word' id='word_1_557' title='bbox 2476 3845 2602 3884; x_wconf 88' lang='lat' dir='ltr'><strong>cum</strong></span> <span class='ocrx_word' id='word_1_558' title='bbox 2637 3829 2821 3885; x_wconf 90' lang='lat' dir='ltr'><strong>dictus</strong></span> <span class='ocrx_word' id='word_1_559' title='bbox 2845 3830 3012 3885; x_wconf 89' lang='lat' dir='ltr'><strong>David</strong></span> <span class='ocrx_word' id='word_1_560' title='bbox 3041 3831 3387 3902; x_wconf 86' lang='lat' dir='ltr'><strong>cognovisset</strong></span> <span class='ocrx_word' id='word_1_561' title='bbox 3418 3832 3685 3889; x_wconf 84' lang='lat' dir='ltr'><strong>adversus</strong></span> 
     </span>
    </p>
   </div>
   <div class='ocr_carea' id='block_1_82' title="bbox 2086 3920 3684 3995">
    <p class='ocr_par' dir='ltr' id='par_1_82' title="bbox 2086 3920 3684 3995">
     <span class='ocr_line' id='line_1_82' title="bbox 2086 3920 3684 3995; baseline 0.004 -20"><span class='ocrx_word' id='word_1_562' title='bbox 2086 3935 2146 3975; x_wconf 93' lang='lat' dir='ltr'><strong>se</strong></span> <span class='ocrx_word' id='word_1_563' title='bbox 2179 3920 2487 3992; x_wconf 86' lang='lat' dir='ltr'><strong>insurgere,</strong></span> <span class='ocrx_word' id='word_1_564' title='bbox 2516 3929 2579 3975; x_wconf 88' lang='lat' dir='ltr'><strong>ut</strong></span> <span class='ocrx_word' id='word_1_565' title='bbox 2610 3921 2704 3992; x_wconf 91' lang='lat' dir='ltr'><strong>qui</strong></span> <span class='ocrx_word' id='word_1_566' title='bbox 2739 3930 2928 3993; x_wconf 86' lang='lat' dir='ltr'><strong>ageret</strong></span> <span class='ocrx_word' id='word_1_567' title='bbox 2961 3938 3087 3978; x_wconf 92' lang='lat' dir='ltr'><strong>cum</strong></span> <span class='ocrx_word' id='word_1_568' title='bbox 3121 3923 3456 3995; x_wconf 86' lang='lat' dir='ltr'><strong>cognitione,</strong></span> <span class='ocrx_word' id='word_1_569' title='bbox 3485 3923 3684 3989; x_wconf 83' lang='lat' dir='ltr'><strong>relicto</strong></span> 
     </span>
    </p>
   </div>
   <div class='ocr_carea' id='block_1_83' title="bbox 2087 4012 3683 4085">
    <p class='ocr_par' dir='ltr' id='par_1_83' title="bbox 2087 4012 3683 4085">
     <span class='ocr_line' id='line_1_83' title="bbox 2087 4012 3683 4085; baseline 0.006 -18"><span class='ocrx_word' id='word_1_570' title='bbox 2087 4022 2276 4069; x_wconf 90' lang='lat' dir='ltr'><strong>sancto</strong></span> <span class='ocrx_word' id='word_1_571' title='bbox 2312 4013 2669 4070; x_wconf 82' lang='lat' dir='ltr'><strong>tabernaculo</strong></span> <span class='ocrx_word' id='word_1_572' title='bbox 2689 4056 2702 4080; x_wconf 93' lang='lat'><strong>,</strong></span> <span class='ocrx_word' id='word_1_573' title='bbox 2738 4023 2794 4069; x_wconf 90' lang='lat' dir='ltr'><strong>et</strong></span> <span class='ocrx_word' id='word_1_574' title='bbox 2824 4012 3198 4081; x_wconf 81' lang='lat' dir='ltr'><strong>Hierusalem,</strong></span> <span class='ocrx_word' id='word_1_575' title='bbox 3234 4023 3290 4071; x_wconf 88' lang='lat' dir='ltr'><strong>et</strong></span> <span class='ocrx_word' id='word_1_576' title='bbox 3319 4016 3505 4072; x_wconf 72' lang='lat' dir='ltr'><strong>Judaea</strong></span> <span class='ocrx_word' id='word_1_577' title='bbox 3525 4058 3540 4085; x_wconf 95' lang='lat'><strong>,</strong></span> <span class='ocrx_word' id='word_1_578' title='bbox 3574 4018 3683 4076; x_wconf 83' lang='lat' dir='ltr'><strong>hoc</strong></span> 
     </span>
    </p>
   </div>
   <div class='ocr_carea' id='block_1_84' title="bbox 2085 4098 3679 4178">
    <p class='ocr_par' dir='ltr' id='par_1_84' title="bbox 2085 4098 3679 4178">
     <span class='ocr_line' id='line_1_84' title="bbox 2085 4098 3679 4178; baseline 0.003 -16"><span class='ocrx_word' id='word_1_579' title='bbox 2085 4114 2192 4172; x_wconf 88' lang='lat' dir='ltr'><strong>est,</strong></span> <span class='ocrx_word' id='word_1_580' title='bbox 2229 4106 2458 4178; x_wconf 77' lang='lat' dir='ltr'><strong>mystica</strong></span> <span class='ocrx_word' id='word_1_581' title='bbox 2504 4106 2797 4178; x_wconf 90' lang='lat' dir='ltr'><strong>theologia,</strong></span> <span class='ocrx_word' id='word_1_582' title='bbox 2841 4116 2899 4161; x_wconf 91' lang='lat' dir='ltr'><strong>et</strong></span> <span class='ocrx_word' id='word_1_583' title='bbox 2930 4106 3155 4178; x_wconf 84' lang='lat' dir='ltr'><strong>paciﬁca</strong></span> <span class='ocrx_word' id='word_1_584' title='bbox 3200 4107 3513 4163; x_wconf 83' lang='lat' dir='ltr'><strong>divinorum</strong></span> <span class='ocrx_word' id='word_1_585' title='bbox 3543 4098 3679 4165; x_wconf 83' lang='lat' dir='ltr'><strong>eon-</strong></span> 
     </span>
    </p>
   </div>
   <div class='ocr_carea' id='block_1_85' title="bbox 2086 4198 3678 4272">
    <p class='ocr_par' dir='ltr' id='par_1_85' title="bbox 2086 4198 3678 4272">
     <span class='ocr_line' id='line_1_85' title="bbox 2086 4198 3678 4272; baseline 0.003 -18"><span class='ocrx_word' id='word_1_586' title='bbox 2086 4198 2464 4270; x_wconf 89' lang='lat' dir='ltr'><strong>templatione,</strong></span> <span class='ocrx_word' id='word_1_587' title='bbox 2484 4204 2540 4253; x_wconf 91' lang='lat' dir='ltr'><strong>et</strong></span> <span class='ocrx_word' id='word_1_588' title='bbox 2556 4208 2781 4269; x_wconf 82' lang='lat' dir='ltr'><strong>prepter</strong></span> <span class='ocrx_word' id='word_1_589' title='bbox 2797 4199 2939 4254; x_wconf 90' lang='lat' dir='ltr'><strong>bona</strong></span> <span class='ocrx_word' id='word_1_590' title='bbox 2962 4199 3241 4269; x_wconf 85' lang='lat' dir='ltr'><strong>praeterita</strong></span> <span class='ocrx_word' id='word_1_591' title='bbox 3259 4201 3462 4271; x_wconf 86' lang='lat' dir='ltr'><strong>gratias</strong></span> <span class='ocrx_word' id='word_1_592' title='bbox 3482 4211 3678 4272; x_wconf 84' lang='lat' dir='ltr'><strong>agente</strong></span> 
     </span>
    </p>
   </div>
   <div class='ocr_carea' id='block_1_86' title="bbox 2083 4289 3679 4364">
    <p class='ocr_par' dir='ltr' id='par_1_86' title="bbox 2083 4289 3679 4364">
     <span class='ocr_line' id='line_1_86' title="bbox 2083 4289 3679 4364; baseline 0.001 -17"><span class='ocrx_word' id='word_1_593' title='bbox 2083 4291 2570 4361; x_wconf 83' lang='lat' dir='ltr'><strong>contemplatione,</strong></span> <span class='ocrx_word' id='word_1_594' title='bbox 2608 4289 2746 4362; x_wconf 73' lang='lat' dir='ltr'><strong>fugit</strong></span> <span class='ocrx_word' id='word_1_595' title='bbox 2775 4290 2842 4345; x_wconf 90' lang='lat' dir='ltr'><strong>ad</strong></span> <span class='ocrx_word' id='word_1_596' title='bbox 2888 4289 3113 4353; x_wconf 83' lang='lat' dir='ltr'><strong>Galaad,</strong></span> <span class='ocrx_word' id='word_1_597' title='bbox 3160 4291 3277 4345; x_wconf 78' lang='lat' dir='ltr'><strong>sive</strong></span> <span class='ocrx_word' id='word_1_598' title='bbox 3323 4293 3679 4364; x_wconf 86' lang='lat' dir='ltr'><strong>transmigrat</strong></span> 
     </span>
    </p>
   </div>
   <div class='ocr_carea' id='block_1_87' title="bbox 2082 4380 3677 4457">
    <p class='ocr_par' dir='ltr' id='par_1_87' title="bbox 2082 4380 3677 4457">
     <span class='ocr_line' id='line_1_87' title="bbox 2082 4380 3677 4457; baseline 0.001 -20"><span class='ocrx_word' id='word_1_599' title='bbox 2082 4382 2150 4437; x_wconf 86' lang='lat' dir='ltr'><strong>ad</strong></span> <span class='ocrx_word' id='word_1_600' title='bbox 2182 4384 2412 4438; x_wconf 90' lang='lat' dir='ltr'><strong>luctum.</strong></span> <span class='ocrx_word' id='word_1_601' title='bbox 2446 4381 2846 4451; x_wconf 84' lang='lat' dir='ltr'><strong>Interpretatur</strong></span> <span class='ocrx_word' id='word_1_602' title='bbox 2872 4381 3019 4436; x_wconf 90' lang='lat' dir='ltr'><strong>enim</strong></span> <span class='ocrx_word' id='word_1_603' title='bbox 3045 4380 3248 4457; x_wconf 79' lang='lat' dir='ltr'><strong>Galaad</strong></span> <span class='ocrx_word' id='word_1_604' title='bbox 3272 4384 3677 4453; x_wconf 77' lang='lat' dir='ltr'><strong>transmigratio</strong></span> 
     </span>
    </p>
   </div>
   <div class='ocr_carea' id='block_1_88' title="bbox 2084 4473 3677 4543">
    <p class='ocr_par' dir='ltr' id='par_1_88' title="bbox 2084 4473 3677 4543">
     <span class='ocr_line' id='line_1_88' title="bbox 2084 4473 3677 4543; baseline 0.003 -15"><span class='ocrx_word' id='word_1_605' title='bbox 2084 4474 2275 4529; x_wconf 76' lang='lat' dir='ltr'><strong>luctus.</strong></span> <span class='ocrx_word' id='word_1_606' title='bbox 2310 4473 2580 4542; x_wconf 87' lang='lat' dir='ltr'><strong>Quoniam</strong></span> <span class='ocrx_word' id='word_1_607' title='bbox 2614 4482 2798 4529; x_wconf 77' lang='lat' dir='ltr'><strong>antem</strong></span> <span class='ocrx_word' id='word_1_608' title='bbox 2843 4473 3242 4543; x_wconf 89' lang='lat' dir='ltr'><strong>interpretatur</strong></span> <span class='ocrx_word' id='word_1_609' title='bbox 3273 4475 3441 4529; x_wconf 90' lang='lat' dir='ltr'><strong>etiam</strong></span> <span class='ocrx_word' id='word_1_610' title='bbox 3471 4474 3677 4532; x_wconf 87' lang='lat' dir='ltr'><strong>Galaad</strong></span> 
     </span>
    </p>
   </div>
   <div class='ocr_carea' id='block_1_89' title="bbox 382 4549 1985 4641">
    <p class='ocr_par' dir='ltr' id='par_1_89' title="bbox 382 4561 1975 4641">
     <span class='ocr_line' id='line_1_89' title="bbox 382 4561 1975 4641; baseline 0.005 -26"><span class='ocrx_word' id='word_1_611' title='bbox 382 4561 521 4633; x_wconf 83' lang='grc' dir='ltr'>πρὸς</span> <span class='ocrx_word' id='word_1_612' title='bbox 562 4564 654 4618; x_wconf 84' lang='grc' dir='ltr'><strong>τὸν</strong></span> <span class='ocrx_word' id='word_1_613' title='bbox 697 4564 787 4619; x_wconf 75' lang='grc' dir='ltr'>διὰ</span> <span class='ocrx_word' id='word_1_614' title='bbox 816 4563 910 4619; x_wconf 86' lang='grc' dir='ltr'><strong>τοῦ</strong></span> <span class='ocrx_word' id='word_1_615' title='bbox 944 4564 1245 4629; x_wconf 86' lang='grc' dir='ltr'>συνειδότος</span> <span class='ocrx_word' id='word_1_616' title='bbox 1285 4565 1533 4637; x_wconf 74' lang='grc' dir='ltr'>ἔλεγχον,</span> <span class='ocrx_word' id='word_1_617' title='bbox 1577 4566 1675 4620; x_wconf 78' lang='grc' dir='ltr'><strong>καί</strong></span> <span class='ocrx_word' id='word_1_618' title='bbox 1713 4567 1849 4636; x_wconf 72' lang='grc' dir='ltr'>πρὸς</span> <span class='ocrx_word' id='word_1_619' title='bbox 1876 4567 1975 4641; x_wconf 80' lang='grc' dir='ltr'>τὴν</span> 
     </span>
    </p>
   </div>
   <div class='ocr_carea' id='block_1_90' title="bbox 2086 4549 3677 4641">
    <p class='ocr_par' dir='ltr' id='par_1_90' title="bbox 2086 4564 3677 4635">
     <span class='ocr_line' id='line_1_90' title="bbox 2086 4564 3677 4635; baseline 0.001 -16"><span class='ocrx_word' id='word_1_620' title='bbox 2086 4565 2480 4635; x_wconf 78' lang='lat' dir='ltr'><strong>transmigratio</strong></span> <span class='ocrx_word' id='word_1_621' title='bbox 2535 4564 2851 4629; x_wconf 80' lang='lat' dir='ltr'><strong>testimonii,</strong></span> <span class='ocrx_word' id='word_1_622' title='bbox 2906 4570 2965 4617; x_wconf 88' lang='lat' dir='ltr'><strong>et</strong></span> <span class='ocrx_word' id='word_1_623' title='bbox 3013 4569 3213 4632; x_wconf 71' lang='lat' dir='ltr'><strong>praeter</strong></span> <span class='ocrx_word' id='word_1_624' title='bbox 3261 4578 3328 4618; x_wconf 86' lang='lat' dir='ltr'><strong>ea</strong></span> <span class='ocrx_word' id='word_1_625' title='bbox 3372 4579 3495 4634; x_wconf 71' lang='lat' dir='ltr'><strong>qua:</strong></span> <span class='ocrx_word' id='word_1_626' title='bbox 3529 4564 3677 4622; x_wconf 83' lang='lat' dir='ltr'><strong>dicta</strong></span> 
     </span>
    </p>
   </div>
   <div class='ocr_carea' id='block_1_91' title="bbox 380 4651 1978 4730">
    <p class='ocr_par' dir='ltr' id='par_1_91' title="bbox 380 4651 1978 4730">
     <span class='ocr_line' id='line_1_91' title="bbox 380 4651 1978 4730; baseline 0.003 -23"><span class='ocrx_word' id='word_1_627' title='bbox 380 4655 504 4708; x_wconf 76' lang='grc' dir='ltr'>κατ’</span> <span class='ocrx_word' id='word_1_628' title='bbox 536 4651 675 4721; x_wconf 77' lang='grc' dir='ltr'>εἶδος</span> <span class='ocrx_word' id='word_1_629' title='bbox 711 4655 822 4711; x_wconf 85' lang='grc' dir='ltr'>τῶν</span> <span class='ocrx_word' id='word_1_630' title='bbox 840 4658 1268 4730; x_wconf 73' lang='grc' dir='ltr'>ἁμαρτημάτων</span> <span class='ocrx_word' id='word_1_631' title='bbox 1292 4656 1637 4728; x_wconf 83' lang='grc' dir='ltr'>-φανέρωσιν,</span> <span class='ocrx_word' id='word_1_632' title='bbox 1681 4660 1778 4712; x_wconf 78' lang='grc' dir='ltr'>καὶ</span> <span class='ocrx_word' id='word_1_633' title='bbox 1802 4657 1978 4724; x_wconf 73' lang='grc' dir='ltr'>οὕτως</span> 
     </span>
    </p>
   </div>
   <div class='ocr_carea' id='block_1_92' title="bbox 379 4744 1977 4820">
    <p class='ocr_par' dir='ltr' id='par_1_92' title="bbox 379 4744 1977 4820">
     <span class='ocr_line' id='line_1_92' title="bbox 379 4744 1977 4820; baseline 0.004 -24"><span class='ocrx_word' id='word_1_634' title='bbox 379 4745 439 4796; x_wconf 86' lang='grc' dir='ltr'><strong>ἐν</strong></span> <span class='ocrx_word' id='word_1_635' title='bbox 477 4744 831 4818; x_wconf 69' lang='grc' dir='ltr'>συναισθήσει</span> <span class='ocrx_word' id='word_1_636' title='bbox 857 4747 958 4817; x_wconf 80' lang='grc' dir='ltr'><strong>τῆς</strong></span> <span class='ocrx_word' id='word_1_637' title='bbox 993 4747 1192 4802; x_wconf 87' lang='grc' dir='ltr'>ἐαυτοῦ</span> <span class='ocrx_word' id='word_1_638' title='bbox 1222 4749 1513 4820; x_wconf 82' lang='grc' dir='ltr'>γενόμενος</span> <span class='ocrx_word' id='word_1_639' title='bbox 1532 4746 1825 4814; x_wconf 78' lang='grc' dir='ltr'>ἀσθενείας</span> <span class='ocrx_word' id='word_1_640' title='bbox 1843 4789 1858 4815; x_wconf 91' lang='grc'><strong>,</strong></span> <span class='ocrx_word' id='word_1_641' title='bbox 1883 4749 1977 4803; x_wconf 76' lang='grc' dir='ltr'><strong>καὶ</strong></span> 
     </span>
    </p>
   </div>
   <div class='ocr_carea' id='block_1_93' title="bbox 377 4836 1972 4913">
    <p class='ocr_par' dir='ltr' id='par_1_93' title="bbox 377 4836 1972 4913">
     <span class='ocr_line' id='line_1_93' title="bbox 377 4836 1972 4913; baseline 0.004 -24"><span class='ocrx_word' id='word_1_642' title='bbox 377 4836 480 4908; x_wconf 79' lang='grc' dir='ltr'>τὴν</span> <span class='ocrx_word' id='word_1_643' title='bbox 524 4839 1033 4912; x_wconf 84' lang='grc' dir='ltr'>ταπεινοφροσύνην</span> <span class='ocrx_word' id='word_1_644' title='bbox 1075 4842 1156 4905; x_wconf 83' lang='grc' dir='ltr'><strong>εἰς</strong></span> <span class='ocrx_word' id='word_1_645' title='bbox 1186 4840 1446 4913; x_wconf 84' lang='grc' dir='ltr'>βοήθειαν</span> <span class='ocrx_word' id='word_1_646' title='bbox 1482 4841 1931 4913; x_wconf 79' lang='grc' dir='ltr'>ἐπισπασάμενος</span> <span class='ocrx_word' id='word_1_647' title='bbox 1957 4882 1972 4907; x_wconf 88' lang='grc'><strong>,</strong></span> 
     </span>
    </p>
   </div>
   <div class='ocr_carea' id='block_1_94' title="bbox 378 4929 1972 5003">
    <p class='ocr_par' dir='ltr' id='par_1_94' title="bbox 378 4929 1972 5003">
     <span class='ocr_line' id='line_1_94' title="bbox 378 4929 1972 5003; baseline 0.002 -21"><span class='ocrx_word' id='word_1_648' title='bbox 378 4929 598 5000; x_wconf 81' lang='grc' dir='ltr'>ἀναιρεῖ</span> <span class='ocrx_word' id='word_1_649' title='bbox 615 4930 717 5002; x_wconf 80' lang='grc' dir='ltr'>τὴν</span> <span class='ocrx_word' id='word_1_650' title='bbox 747 4931 843 4986; x_wconf 86' lang='grc' dir='ltr'><strong>τοῦ</strong></span> <span class='ocrx_word' id='word_1_651' title='bbox 870 4932 1140 5001; x_wconf 79' lang='grc' dir='ltr'>τυράννου</span> <span class='ocrx_word' id='word_1_652' title='bbox 1173 4930 1371 5003; x_wconf 73' lang='grc' dir='ltr'>οἴησιν,</span> <span class='ocrx_word' id='word_1_653' title='bbox 1407 4932 1502 4985; x_wconf 80' lang='grc' dir='ltr'>καὶ</span> <span class='ocrx_word' id='word_1_654' title='bbox 1536 4931 1700 4987; x_wconf 83' lang='grc' dir='ltr'>πάλιν</span> <span class='ocrx_word' id='word_1_655' title='bbox 1733 4931 1972 5003; x_wconf 79' lang='grc' dir='ltr'>ἐπανέρ-</span> 
     </span>
    </p>
   </div>
   <div class='ocr_carea' id='block_1_95' title="bbox 377 5016 1973 5096">
    <p class='ocr_par' dir='ltr' id='par_1_95' title="bbox 377 5016 1973 5096">
     <span class='ocr_line' id='line_1_95' title="bbox 377 5016 1973 5096; baseline 0.003 -21"><span class='ocrx_word' id='word_1_656' title='bbox 377 5038 536 5092; x_wconf 75' lang='grc' dir='ltr'>χεται</span> <span class='ocrx_word' id='word_1_657' title='bbox 565 5022 703 5093; x_wconf 78' lang='grc' dir='ltr'>πρὸς</span> <span class='ocrx_word' id='word_1_658' title='bbox 726 5023 827 5096; x_wconf 75' lang='grc' dir='ltr'>τὴν</span> <span class='ocrx_word' id='word_1_659' title='bbox 878 5023 1160 5087; x_wconf 84' lang='grc' dir='ltr'>Ἰουδαίαν,</span> <span class='ocrx_word' id='word_1_660' title='bbox 1197 5024 1292 5079; x_wconf 74' lang='grc' dir='ltr'><strong>καὶ</strong></span> <span class='ocrx_word' id='word_1_661' title='bbox 1318 5022 1419 5095; x_wconf 78' lang='grc' dir='ltr'>τὴν</span> <span class='ocrx_word' id='word_1_662' title='bbox 1458 5016 1843 5096; x_wconf 76' lang='grc' dir='ltr'>Ἰερουσαλὴμ,</span> <span class='ocrx_word' id='word_1_663' title='bbox 1875 5024 1973 5079; x_wconf 77' lang='grc' dir='ltr'><strong>καὶ</strong></span> 
     </span>
    </p>
   </div>
   <div class='ocr_carea' id='block_1_96' title="bbox 374 5112 1972 5188">
    <p class='ocr_par' dir='ltr' id='par_1_96' title="bbox 374 5112 1972 5188">
     <span class='ocr_line' id='line_1_96' title="bbox 374 5112 1972 5188; baseline 0.001 -21"><span class='ocrx_word' id='word_1_664' title='bbox 374 5113 478 5185; x_wconf 83' lang='grc' dir='ltr'>τὴν</span> <span class='ocrx_word' id='word_1_665' title='bbox 503 5114 672 5183; x_wconf 88' lang='grc' dir='ltr'>ἀγίαν</span> <span class='ocrx_word' id='word_1_666' title='bbox 705 5115 941 5186; x_wconf 76' lang='grc' dir='ltr'>σκηνήνο</span> <span class='ocrx_word' id='word_1_667' title='bbox 972 5114 1119 5183; x_wconf 82' lang='grc' dir='ltr'>λέγω</span> <span class='ocrx_word' id='word_1_668' title='bbox 1142 5112 1207 5187; x_wconf 84' lang='grc' dir='ltr'>δὴ</span> <span class='ocrx_word' id='word_1_669' title='bbox 1233 5152 1249 5177; x_wconf 88' lang='grc'><strong>,</strong></span> <span class='ocrx_word' id='word_1_670' title='bbox 1275 5115 1413 5187; x_wconf 85' lang='grc' dir='ltr'>πρὸς</span> <span class='ocrx_word' id='word_1_671' title='bbox 1457 5116 1558 5186; x_wconf 86' lang='grc' dir='ltr'><strong>τὴν</strong></span> <span class='ocrx_word' id='word_1_672' title='bbox 1588 5114 1972 5188; x_wconf 73' lang='grc' dir='ltr'>ἐξομολογητι-</span> 
     </span>
    </p>
   </div>
   <div class='ocr_carea' id='block_1_97' title="bbox 375 5206 1970 5279">
    <p class='ocr_par' dir='ltr' id='par_1_97' title="bbox 375 5206 1970 5279">
     <span class='ocr_line' id='line_1_97' title="bbox 375 5206 1970 5279; baseline 0.001 -17"><span class='ocrx_word' id='word_1_673' title='bbox 375 5206 483 5278; x_wconf 82' lang='grc' dir='ltr'>κὴν</span> <span class='ocrx_word' id='word_1_674' title='bbox 501 5207 882 5279; x_wconf 76' lang='grc' dir='ltr'>εὐχαριστίαν,</span> <span class='ocrx_word' id='word_1_675' title='bbox 914 5208 1011 5262; x_wconf 78' lang='grc' dir='ltr'><strong>καί⁷</strong></span> <span class='ocrx_word' id='word_1_676' title='bbox 1029 5206 1314 5279; x_wconf 86' lang='grc' dir='ltr'>εἰρηνικὴν</span> <span class='ocrx_word' id='word_1_677' title='bbox 1342 5208 1440 5260; x_wconf 74' lang='grc' dir='ltr'><strong>καὶ</strong></span> <span class='ocrx_word' id='word_1_678' title='bbox 1457 5207 1645 5277; x_wconf 82' lang='grc' dir='ltr'>ἀπαθῆ</span> <span class='ocrx_word' id='word_1_679' title='bbox 1667 5208 1777 5263; x_wconf 87' lang='grc' dir='ltr'><strong>τῶν</strong></span> <span class='ocrx_word' id='word_1_680' title='bbox 1799 5208 1970 5264; x_wconf 74' lang='grc' dir='ltr'>ὄντων</span> 
     </span>
    </p>
   </div>
   <div class='ocr_carea' id='block_1_98' title="bbox 376 5296 1472 5371">
    <p class='ocr_par' dir='ltr' id='par_1_98' title="bbox 376 5296 1472 5371">
     <span class='ocr_line' id='line_1_98' title="bbox 376 5296 1472 5371; baseline 0.004 -22"><span class='ocrx_word' id='word_1_681' title='bbox 376 5296 636 5369; x_wconf 85' lang='grc' dir='ltr'>θεωρίαν,</span> <span class='ocrx_word' id='word_1_682' title='bbox 667 5299 764 5353; x_wconf 80' lang='grc' dir='ltr'>καὶ</span> <span class='ocrx_word' id='word_1_683' title='bbox 794 5300 896 5371; x_wconf 81' lang='grc' dir='ltr'>τὴν</span> <span class='ocrx_word' id='word_1_684' title='bbox 922 5298 1137 5371; x_wconf 77' lang='grc' dir='ltr'>ὑψηλὴν</span> <span class='ocrx_word' id='word_1_685' title='bbox 1171 5298 1472 5368; x_wconf 87' lang='grc' dir='ltr'>θεολογίαν.</span> 
     </span>
    </p>
   </div>
   <div class='ocr_carea' id='block_1_99' title="bbox 463 5474 1964 5550">
    <p class='ocr_par' dir='ltr' id='par_1_99' title="bbox 463 5474 1964 5550">
     <span class='ocr_line' id='line_1_99' title="bbox 463 5474 1964 5550; baseline 0.002 -23"><span class='ocrx_word' id='word_1_686' title='bbox 463 5475 823 5548; x_wconf 77' lang='grc' dir='ltr'>’Δϐεσσαλώμ</span> <span class='ocrx_word' id='word_1_687' title='bbox 845 5478 981 5541; x_wconf 85' lang='grc' dir='ltr'>ἐστι,</span> <span class='ocrx_word' id='word_1_688' title='bbox 1011 5478 1118 5541; x_wconf 75' lang='grc' dir='ltr'>πᾶς</span> <span class='ocrx_word' id='word_1_689' title='bbox 1141 5475 1436 5549; x_wconf 84' lang='grc' dir='ltr'>οἰηματίας</span> <span class='ocrx_word' id='word_1_690' title='bbox 1469 5474 1562 5529; x_wconf 80' lang='grc' dir='ltr'>καὶ</span> <span class='ocrx_word' id='word_1_691' title='bbox 1592 5476 1964 5550; x_wconf 80' lang='grc' dir='ltr'>ὑπερήφανος,</span> 
     </span>
    </p>
   </div>
   <div class='ocr_carea' id='block_1_100' title="bbox 2078 4650 3677 4723">
    <p class='ocr_par' dir='ltr' id='par_1_100' title="bbox 2078 4650 3677 4723">
     <span class='ocr_line' id='line_1_100' title="bbox 2078 4650 3677 4723; baseline 0.001 -13"><span class='ocrx_word' id='word_1_692' title='bbox 2078 4661 2210 4710; x_wconf 88' lang='lat' dir='ltr'><strong>sunt</strong></span> <span class='ocrx_word' id='word_1_693' title='bbox 2259 4651 2551 4718; x_wconf 83' lang='lat' dir='ltr'><strong>revelatio;</strong></span> <span class='ocrx_word' id='word_1_694' title='bbox 2607 4652 2809 4723; x_wconf 85' lang='lat' dir='ltr'><strong>migrat</strong></span> <span class='ocrx_word' id='word_1_695' title='bbox 2842 4651 3009 4706; x_wconf 90' lang='lat' dir='ltr'><strong>etiam</strong></span> <span class='ocrx_word' id='word_1_696' title='bbox 3064 4650 3133 4704; x_wconf 92' lang='lat' dir='ltr'><strong>ad</strong></span> <span class='ocrx_word' id='word_1_697' title='bbox 3186 4653 3677 4723; x_wconf 86' lang='lat' dir='ltr'><strong>reprehensionem</strong></span> 
     </span>
    </p>
   </div>
   <div class='ocr_carea' id='block_1_101' title="bbox 2078 4743 3673 4817">
    <p class='ocr_par' dir='ltr' id='par_1_101' title="bbox 2078 4743 3673 4817">
     <span class='ocr_line' id='line_1_101' title="bbox 2078 4743 3673 4817; baseline 0 -15"><span class='ocrx_word' id='word_1_698' title='bbox 2078 4761 2201 4816; x_wconf 69' lang='lat' dir='ltr'><strong>qua:</strong></span> <span class='ocrx_word' id='word_1_699' title='bbox 2236 4744 2297 4800; x_wconf 84' lang='lat' dir='ltr'><strong>lit</strong></span> <span class='ocrx_word' id='word_1_700' title='bbox 2331 4761 2432 4816; x_wconf 89' lang='lat' dir='ltr'><strong>per</strong></span> <span class='ocrx_word' id='word_1_701' title='bbox 2470 4744 2865 4800; x_wconf 88' lang='lat' dir='ltr'><strong>conscientiam</strong></span> <span class='ocrx_word' id='word_1_702' title='bbox 2886 4784 2901 4810; x_wconf 95' lang='lat'><strong>,</strong></span> <span class='ocrx_word' id='word_1_703' title='bbox 2939 4752 2997 4798; x_wconf 90' lang='lat' dir='ltr'><strong>et</strong></span> <span class='ocrx_word' id='word_1_704' title='bbox 3030 4759 3154 4814; x_wconf 75' lang='lat' dir='ltr'><strong>qua:</strong></span> <span class='ocrx_word' id='word_1_705' title='bbox 3188 4743 3250 4798; x_wconf 82' lang='lat' dir='ltr'><strong>lit</strong></span> <span class='ocrx_word' id='word_1_706' title='bbox 3282 4760 3384 4816; x_wconf 88' lang='lat' dir='ltr'><strong>per</strong></span> <span class='ocrx_word' id='word_1_707' title='bbox 3412 4747 3673 4817; x_wconf 88' lang='lat' dir='ltr'><strong>speciem,</strong></span> 
     </span>
    </p>
   </div>
   <div class='ocr_carea' id='block_1_102' title="bbox 2076 4832 3678 4905">
    <p class='ocr_par' dir='ltr' id='par_1_102' title="bbox 2076 4832 3678 4905">
     <span class='ocr_line' id='line_1_102' title="bbox 2076 4832 3678 4905; baseline 0.002 -15"><span class='ocrx_word' id='word_1_708' title='bbox 2076 4841 2427 4905; x_wconf 89' lang='lat' dir='ltr'><strong>peccatorum</strong></span> <span class='ocrx_word' id='word_1_709' title='bbox 2464 4832 2965 4888; x_wconf 83' lang='lat' dir='ltr'><strong>manifestationem</strong></span> <span class='ocrx_word' id='word_1_710' title='bbox 2993 4850 3006 4886; x_wconf 92' lang='lat'><strong>:</strong></span> <span class='ocrx_word' id='word_1_711' title='bbox 3037 4843 3094 4888; x_wconf 90' lang='lat' dir='ltr'><strong>et</strong></span> <span class='ocrx_word' id='word_1_712' title='bbox 3137 4833 3212 4889; x_wconf 89' lang='lat' dir='ltr'><strong>ita</strong></span> <span class='ocrx_word' id='word_1_713' title='bbox 3245 4849 3400 4889; x_wconf 90' lang='lat' dir='ltr'><strong>suam</strong></span> <span class='ocrx_word' id='word_1_714' title='bbox 3428 4837 3678 4894; x_wconf 86' lang='lat' dir='ltr'><strong>sentiens</strong></span> 
     </span>
    </p>
   </div>
   <div class='ocr_carea' id='block_1_103' title="bbox 2076 4923 3674 4989">
    <p class='ocr_par' dir='ltr' id='par_1_103' title="bbox 2076 4923 3674 4989">
     <span class='ocr_line' id='line_1_103' title="bbox 2076 4923 3674 4989; baseline 0.001 -10"><span class='ocrx_word' id='word_1_715' title='bbox 2076 4925 2534 4989; x_wconf 80' lang='lat' dir='ltr'><strong>imbecillitatem,</strong></span> <span class='ocrx_word' id='word_1_716' title='bbox 2583 4932 2641 4979; x_wconf 91' lang='lat' dir='ltr'><strong>et</strong></span> <span class='ocrx_word' id='word_1_717' title='bbox 2680 4924 3050 4980; x_wconf 89' lang='lat' dir='ltr'><strong>humilitatem</strong></span> <span class='ocrx_word' id='word_1_718' title='bbox 3090 4923 3160 4979; x_wconf 88' lang='lat' dir='ltr'><strong>ad</strong></span> <span class='ocrx_word' id='word_1_719' title='bbox 3192 4923 3461 4979; x_wconf 82' lang='lat' dir='ltr'><strong>auxilium</strong></span> <span class='ocrx_word' id='word_1_720' title='bbox 3499 4935 3674 4982; x_wconf 79' lang='lat' dir='ltr'><strong>attra-</strong></span> 
     </span>
    </p>
   </div>
   <div class='ocr_carea' id='block_1_104' title="bbox 2075 5010 3677 5084">
    <p class='ocr_par' dir='ltr' id='par_1_104' title="bbox 2075 5010 3677 5084">
     <span class='ocr_line' id='line_1_104' title="bbox 2075 5010 3677 5084; baseline 0 -15"><span class='ocrx_word' id='word_1_721' title='bbox 2075 5013 2237 5079; x_wconf 89' lang='lat' dir='ltr'><strong>hens,</strong></span> <span class='ocrx_word' id='word_1_722' title='bbox 2268 5014 2335 5069; x_wconf 88' lang='lat' dir='ltr'><strong>de</strong></span> <span class='ocrx_word' id='word_1_723' title='bbox 2369 5013 2553 5068; x_wconf 87' lang='lat' dir='ltr'><strong>medio</strong></span> <span class='ocrx_word' id='word_1_724' title='bbox 2590 5012 2733 5067; x_wconf 76' lang='lat' dir='ltr'><strong>tellit</strong></span> <span class='ocrx_word' id='word_1_725' title='bbox 2780 5020 3071 5084; x_wconf 77' lang='lat' dir='ltr'><strong>tyrannum</strong></span> <span class='ocrx_word' id='word_1_726' title='bbox 3118 5010 3204 5068; x_wconf 88' lang='lat' dir='ltr'><strong>sui</strong></span> <span class='ocrx_word' id='word_1_727' title='bbox 3235 5011 3573 5081; x_wconf 90' lang='lat' dir='ltr'><strong>opinionem,</strong></span> <span class='ocrx_word' id='word_1_728' title='bbox 3616 5023 3677 5073; x_wconf 85' lang='grc' dir='ltr'><strong>ει</strong></span> 
     </span>
    </p>
   </div>
   <div class='ocr_carea' id='block_1_105' title="bbox 2077 5097 3673 5166">
    <p class='ocr_par' dir='ltr' id='par_1_105' title="bbox 2077 5097 3673 5166">
     <span class='ocr_line' id='line_1_105' title="bbox 2077 5097 3673 5166; baseline -0.004 -9"><span class='ocrx_word' id='word_1_729' title='bbox 2077 5118 2271 5158; x_wconf 89' lang='lat' dir='ltr'><strong>rursus</strong></span> <span class='ocrx_word' id='word_1_730' title='bbox 2304 5101 2449 5159; x_wconf 89' lang='lat' dir='ltr'><strong>redit</strong></span> <span class='ocrx_word' id='word_1_731' title='bbox 2475 5100 2542 5157; x_wconf 90' lang='lat' dir='ltr'><strong>ad</strong></span> <span class='ocrx_word' id='word_1_732' title='bbox 2568 5100 2837 5166; x_wconf 66' lang='lat' dir='ltr'><strong>Judmam,</strong></span> <span class='ocrx_word' id='word_1_733' title='bbox 2867 5108 2923 5155; x_wconf 92' lang='lat' dir='ltr'><strong>et</strong></span> <span class='ocrx_word' id='word_1_734' title='bbox 2948 5097 3311 5162; x_wconf 85' lang='lat' dir='ltr'><strong>Hierusalem,</strong></span> <span class='ocrx_word' id='word_1_735' title='bbox 3337 5104 3395 5151; x_wconf 89' lang='lat' dir='ltr'><strong>et</strong></span> <span class='ocrx_word' id='word_1_736' title='bbox 3418 5108 3673 5152; x_wconf 82' lang='lat' dir='ltr'><strong>sanctum</strong></span> 
     </span>
    </p>
   </div>
   <div class='ocr_carea' id='block_1_106' title="bbox 2079 5191 3670 5261">
    <p class='ocr_par' dir='ltr' id='par_1_106' title="bbox 2079 5191 3670 5261">
     <span class='ocr_line' id='line_1_106' title="bbox 2079 5191 3670 5261; baseline -0.003 -10"><span class='ocrx_word' id='word_1_737' title='bbox 2079 5196 2518 5261; x_wconf 88' lang='lat' dir='ltr'><strong>tebernaculum,</strong></span> <span class='ocrx_word' id='word_1_738' title='bbox 2543 5194 2612 5250; x_wconf 89' lang='lat' dir='ltr'><strong>ad</strong></span> <span class='ocrx_word' id='word_1_739' title='bbox 2640 5192 3063 5256; x_wconf 80' lang='lat' dir='ltr'><strong>confessionem,</strong></span> <span class='ocrx_word' id='word_1_740' title='bbox 3088 5192 3335 5260; x_wconf 88' lang='lat' dir='ltr'><strong>inquam,</strong></span> <span class='ocrx_word' id='word_1_741' title='bbox 3372 5199 3429 5245; x_wconf 90' lang='lat' dir='ltr'><strong>et</strong></span> <span class='ocrx_word' id='word_1_742' title='bbox 3464 5191 3670 5261; x_wconf 85' lang='lat' dir='ltr'><strong>gratia-</strong></span> 
     </span>
    </p>
   </div>
   <div class='ocr_carea' id='block_1_107' title="bbox 2077 5281 3670 5356">
    <p class='ocr_par' dir='ltr' id='par_1_107' title="bbox 2077 5281 3670 5356">
     <span class='ocr_line' id='line_1_107' title="bbox 2077 5281 3670 5356; baseline -0.003 -14"><span class='ocrx_word' id='word_1_743' title='bbox 2077 5303 2201 5343; x_wconf 90' lang='lat' dir='ltr'><strong>rum</strong></span> <span class='ocrx_word' id='word_1_744' title='bbox 2234 5288 2531 5352; x_wconf 89' lang='lat' dir='ltr'><strong>actionem,</strong></span> <span class='ocrx_word' id='word_1_745' title='bbox 2570 5294 2627 5341; x_wconf 90' lang='lat' dir='ltr'><strong>et</strong></span> <span class='ocrx_word' id='word_1_746' title='bbox 2671 5284 2957 5356; x_wconf 75' lang='lat' dir='ltr'><strong>paciﬁcum</strong></span> <span class='ocrx_word' id='word_1_747' title='bbox 2998 5290 3055 5337; x_wconf 90' lang='lat' dir='ltr'><strong>et</strong></span> <span class='ocrx_word' id='word_1_748' title='bbox 3085 5281 3447 5352; x_wconf 89' lang='lat' dir='ltr'><strong>impatibilem</strong></span> <span class='ocrx_word' id='word_1_749' title='bbox 3473 5296 3670 5338; x_wconf 90' lang='lat' dir='ltr'><strong>eorum</strong></span> 
     </span>
    </p>
   </div>
   <div class='ocr_carea' id='block_1_108' title="bbox 2075 5372 3667 5455">
    <p class='ocr_par' dir='ltr' id='par_1_108' title="bbox 2075 5372 3667 5455">
     <span class='ocr_line' id='line_1_108' title="bbox 2075 5372 3667 5455; baseline -0.004 -16"><span class='ocrx_word' id='word_1_750' title='bbox 2075 5399 2198 5455; x_wconf 70' lang='lat' dir='ltr'><strong>qua:</strong></span> <span class='ocrx_word' id='word_1_751' title='bbox 2217 5391 2349 5438; x_wconf 89' lang='lat' dir='ltr'><strong>sunt</strong></span> <span class='ocrx_word' id='word_1_752' title='bbox 2368 5377 2890 5448; x_wconf 80' lang='lat' dir='ltr'><strong>contemplationem</strong></span> <span class='ocrx_word' id='word_1_753' title='bbox 2930 5383 2987 5429; x_wconf 89' lang='lat' dir='ltr'><strong>et</strong></span> <span class='ocrx_word' id='word_1_754' title='bbox 3012 5372 3285 5428; x_wconf 80' lang='lat' dir='ltr'><strong>excelsam</strong></span> <span class='ocrx_word' id='word_1_755' title='bbox 3312 5372 3667 5446; x_wconf 72' lang='lat' dir='ltr'><strong>theologiam.</strong></span> 
     </span>
    </p>
   </div>
   <div class='ocr_carea' id='block_1_109' title="bbox 2143 5465 3668 5538">
    <p class='ocr_par' dir='ltr' id='par_1_109' title="bbox 2143 5465 3668 5538">
     <span class='ocr_line' id='line_1_109' title="bbox 2143 5465 3668 5538; baseline -0.006 -7"><span class='ocrx_word' id='word_1_756' title='bbox 2143 5475 2382 5531; x_wconf 85' lang='lat' dir='ltr'><strong>Absalon</strong></span> <span class='ocrx_word' id='word_1_757' title='bbox 2412 5480 2500 5529; x_wconf 89' lang='lat' dir='ltr'><strong>est</strong></span> <span class='ocrx_word' id='word_1_758' title='bbox 2527 5468 2708 5527; x_wconf 91' lang='lat' dir='ltr'><strong>omnis</strong></span> <span class='ocrx_word' id='word_1_759' title='bbox 2732 5480 2996 5537; x_wconf 87' lang='lat' dir='ltr'><strong>arrogans</strong></span> <span class='ocrx_word' id='word_1_760' title='bbox 3019 5473 3077 5522; x_wconf 91' lang='lat' dir='ltr'><strong>et</strong></span> <span class='ocrx_word' id='word_1_761' title='bbox 3110 5465 3403 5537; x_wconf 87' lang='lat' dir='ltr'><strong>superbus,</strong></span> <span class='ocrx_word' id='word_1_762' title='bbox 3432 5468 3526 5538; x_wconf 87' lang='lat' dir='ltr'><strong>qui</strong></span> <span class='ocrx_word' id='word_1_763' title='bbox 3558 5484 3668 5523; x_wconf 88' lang='lat' dir='ltr'><strong>nu-</strong></span> 
     </span>
    </p>
   </div>
   <div class='ocr_carea' id='block_1_110' title="bbox 374 5555 1985 5641">
    <p class='ocr_par' dir='ltr' id='par_1_110' title="bbox 374 5566 1965 5641">
     <span class='ocr_line' id='line_1_110' title="bbox 374 5566 1965 5641; baseline 0.001 -21"><span class='ocrx_word' id='word_1_764' title='bbox 374 5567 433 5631; x_wconf 78' lang='grc' dir='ltr'>ὃς</span> <span class='ocrx_word' id='word_1_765' title='bbox 463 5569 563 5640; x_wconf 80' lang='grc' dir='ltr'>τὴν</span> <span class='ocrx_word' id='word_1_766' title='bbox 611 5569 791 5641; x_wconf 88' lang='grc' dir='ltr'>κόμην</span> <span class='ocrx_word' id='word_1_767' title='bbox 827 5570 1067 5641; x_wconf 82' lang='grc' dir='ltr'>τρέφων,</span> <span class='ocrx_word' id='word_1_768' title='bbox 1106 5569 1226 5640; x_wconf 72' lang='grc' dir='ltr'>ἦτοι</span> <span class='ocrx_word' id='word_1_769' title='bbox 1272 5568 1371 5640; x_wconf 87' lang='grc' dir='ltr'><strong>τὴν</strong></span> <span class='ocrx_word' id='word_1_770' title='bbox 1399 5566 1736 5639; x_wconf 84' lang='grc' dir='ltr'>φαινομένην</span> <span class='ocrx_word' id='word_1_771' title='bbox 1761 5567 1965 5640; x_wconf 79' lang='grc' dir='ltr'>ἀρετὴν</span> 
     </span>
    </p>
   </div>
   <div class='ocr_carea' id='block_1_111' title="bbox 2086 5555 3667 5641">
    <p class='ocr_par' dir='ltr' id='par_1_111' title="bbox 2086 5555 3667 5629">
     <span class='ocr_line' id='line_1_111' title="bbox 2086 5555 3667 5629; baseline -0.004 -8"><span class='ocrx_word' id='word_1_772' title='bbox 2086 5566 2168 5620; x_wconf 75' lang='lat' dir='ltr'><strong>;rit</strong></span> <span class='ocrx_word' id='word_1_773' title='bbox 2200 5578 2437 5629; x_wconf 90' lang='lat' dir='ltr'><strong>comam,</strong></span> <span class='ocrx_word' id='word_1_774' title='bbox 2474 5574 2672 5629; x_wconf 88' lang='lat' dir='ltr'><strong>nempe</strong></span> <span class='ocrx_word' id='word_1_775' title='bbox 2706 5566 3063 5627; x_wconf 86' lang='lat' dir='ltr'><strong>apparentem</strong></span> <span class='ocrx_word' id='word_1_776' title='bbox 3092 5555 3357 5612; x_wconf 90' lang='lat' dir='ltr'><strong>virtutem</strong></span> <span class='ocrx_word' id='word_1_777' title='bbox 3385 5565 3443 5612; x_wconf 86' lang='lat' dir='ltr'><strong>et</strong></span> <span class='ocrx_word' id='word_1_778' title='bbox 3478 5557 3667 5628; x_wconf 76' lang='grc' dir='ltr'>εοεοί-</span> 
     </span>
    </p>
   </div>
   <div class='ocr_carea' id='block_1_112' title="bbox 447 5746 927 5823">
    <p class='ocr_par' dir='ltr' id='par_1_112' title="bbox 447 5746 927 5823">
     <span class='ocr_line' id='line_1_112' title="bbox 447 5746 927 5823; baseline 0.006 -18"><span class='ocrx_word' id='word_1_779' title='bbox 447 5746 492 5783; x_wconf 79' lang='grc'><strong><em>⁸⁹</em></strong></span> <span class='ocrx_word' id='word_1_780' title='bbox 522 5749 543 5805; x_wconf 90' lang='lat' dir='ltr'><strong>l</strong></span> <span class='ocrx_word' id='word_1_781' title='bbox 569 5750 704 5823; x_wconf 80' lang='lat' dir='ltr'><strong>Reg.</strong></span> <span class='ocrx_word' id='word_1_782' title='bbox 745 5765 836 5817; x_wconf 76' lang='lat' dir='ltr'><strong>xv,</strong></span> <span class='ocrx_word' id='word_1_783' title='bbox 868 5750 927 5808; x_wconf 89' lang='lat'><strong>9.</strong></span> 
     </span>
    </p>
   </div>
  </div>
