4076 6490
447 288 582 344 ιεδι

1640 287 1698 344 S.
1737 287 2014 346 CYRILLI
2053 287 2142 344 ET
2180 287 2490 346 Αιιοῐιωι

3553 295 3698 350 1252

443 403 685 464 tionem.
717 408 774 456 et
801 409 1024 472 propter
1063 414 1186 456 eam
1229 398 1298 456 de
1329 415 1388 456 se
1418 401 1704 473 magniﬁce
1737 403 2017 464 sentiens,

2123 401 2157 470 ἢ
2181 384 2402 469 γνῶσιν,
2443 401 2539 456 καὶ
2575 402 2669 456 ἐπὶ
2692 403 2862 475 ταύτῃ
2901 403 3047 476 μίγα
3072 403 3325 476 ’φρονῶν,
3354 404 3444 460 διὰ
3485 407 3694 480 ταύτης

444 509 543 564 per
573 507 694 548 eam
720 491 934 562 capitur
957 491 1343 546 immittentem
1367 491 1420 546 ei
1455 492 1814 558 inﬂationem,
1841 499 1899 546 et
1923 492 2021 561 qui

443 600 510 640 ex
541 599 607 638 ea
645 582 859 637 exsistit
894 581 1212 646 interitum;
1247 588 1306 636 et
1351 581 1555 651 pendet
1589 582 1646 637 in
1679 581 1862 636 medio
1892 581 2020 636 οωιί

440 681 498 728 et
544 682 722 727 terrae.
759 673 946 741 Neque
986 672 1136 726 enim
1181 671 1349 726 habet
1387 686 1571 726 veram
1615 671 2018 741 cognitionem,

440 778 563 832 quae
593 778 720 817 eum
753 763 924 817 veluti
957 762 1014 816 in
1049 760 1252 816 caelum
1283 775 1502 816 sursum
1535 761 1738 824 trahat,
1763 761 2020 815 deorsum

442 852 696 907 trahente
748 851 817 906 de
870 867 930 906 se
972 849 1252 919 opinione.
1305 849 1494 918 Neque
1531 863 1717 903 veram
1759 847 2020 903 virtutem

443 951 701 1012 tanquam
751 948 954 995 terram
989 940 1168 1008 ipsum
1221 939 1480 994 deorsum
1524 938 1856 1005 trahentem,
1891 953 2018 993 eum

443 1032 698 1085 deorsum
733 1029 983 1083 trahente
1027 1027 1326 1082 inﬂatione.
1358 1026 1649 1081 Sauciatur
1682 1035 1864 1080 autem
1889 1040 2019 1094 pro-

443 1120 562 1189 prie
592 1119 769 1174 tribus
795 1118 938 1183 telis,
973 1131 1170 1186 nempe
1198 1124 1256 1170 et
1295 1115 1506 1186 pudore
1546 1116 1757 1171 inutilis
1796 1125 2020 1187 propter

443 1209 510 1264 de
535 1225 594 1263 se
632 1209 948 1278 opinionem
989 1207 1241 1271 actionis,
1291 1214 1349 1261 et
1389 1206 1795 1275 exspectatione
1827 1204 2018 1261 aeterni

443 1298 718 1369 supplicii.
747 1298 886 1352 Ante
921 1297 1099 1368 ipsum
1130 1305 1311 1352 autem
1349 1297 1545 1366 laqueo
1582 1296 1816 1351 moritur
1849 1296 2016 1352 Achi-

445 1389 650 1459 tophel,
678 1389 772 1459 qui
807 1389 1197 1459 interpretatur
1227 1389 1394 1458 frater
1426 1388 1546 1442 dolo
1577 1388 1844 1443 simulans
1884 1391 2019 1444 ami-

444 1483 622 1536 citiam
654 1495 673 1536 :
709 1481 833 1535 talis
863 1487 1150 1535 autem-est
1189 1479 1458 1535 diabolus.
1494 1480 1566 1545 1s,
1603 1494 1730 1534 cum
1764 1497 1874 1536 non
1905 1481 2017 1536 fer-

445 1580 529 1625 ret
560 1586 618 1626 se
643 1585 763 1626 esse
788 1570 1016 1635 victum,
1046 1570 1366 1625 suﬂ'oeatur.

519 1677 538 1710 ι
567 1660 636 1714 Et
665 1659 769 1714 fuit
794 1658 965 1714 fames
993 1658 1050 1712 in
1073 1657 1271 1713 diebus
1296 1657 1469 1712 David
1511 1667 1627 1714 tres
1670 1673 1844 1714 annos
1871 1675 1884 1712 :
1917 1673 2016 1714 an-

2121 491 2429 559 ἀλίσκεται,
2460 493 2723 562 φυσίωσιν
2749 495 3129 566 ἐμποιησάσης
3164 495 3312 566 αὑτῷ
3331 535 3348 561 ,
3377 496 3473 551 καὶ
3497 498 3598 569 τὴν
3624 499 3697 552 ἑκ

2120 583 2328 653 ταύτης
2371 584 2666 650 ἀπώλειαν,
2706 585 2801 639 καὶ
2836 588 3110 656 κρεμᾶται
3159 588 3432 658 ἀνάμεσον
3457 589 3699 660 οὐρανοῦ

2121 675 2363 744 καὶτῆς.
2403 673 2539 728 Οὔτε
2570 675 2680 745 γὰρ
2725 675 2838 746 ἔχει
2885 677 3086 741 γνῶσιν
3114 675 3399 747 ἀληθινὴν,
3439 678 3700 751 καθάπερ

2118 764 2344 834 οὐρανὸν
2395 765 2723 819 ἀνέλκουσαν
2777 765 2940 818 αὐτὸν
2963 804 2980 831 ,
3025 766 3395 836 κατασπώσης
3434 768 3692 838 οίήσεωςυ

2116 857 2238 909 οὔτε
2268 855 2376 925 μὴν
2413 855 2614 927 ἀρετὴν
2656 857 2916 928 ἀληθινὴν
2942 895 2957 919 ,
2989 856 3239 928 καθάπερ
3265 856 3370 927 γῆν
3397 859 3696 913 καθέλκου-

2120 962 2220 1000 σαν
2245 946 2427 1008 αὑτὸν,
2458 945 2825 1016 κατασπώσης
2851 943 3190 1015 φυσιώσεως.
3223 945 3598 1017 Τιτρὼσκεται
3633 947 3700 1000 δδ

2115 1037 2263 1106 τρισὶ
2295 1036 2477 1107 βέλεσι
2515 1036 2721 1107 κυρίως
2741 1074 2757 1101 ,
2793 1039 2861 1107 τῇ
2887 1053 2948 1089 τε
2986 1035 3220 1108 αἰσχύνῃ
3255 1037 3356 1108 τῆς
3383 1036 3702 1106 ἀνωφελοῦς

2116 1129 2203 1182 διὰ
2229 1128 2330 1199 τὴν
2357 1130 2532 1200 οῐησιν
2562 1129 2813 1200 πράξεως
2831 1168 2847 1194 ,
2876 1127 2972 1181 καὶ
3007 1130 3075 1199 τῇ
3105 1129 3300 1200 ἑκδοχῇ
3333 1128 3434 1198 τῆς
3473 1127 3699 1183 αἰωνίου

2117 1215 2410 1280 κολάσεως.
2439 1215 2673 1286 Θνήσκει
2705 1217 2762 1270 δὲ
2787 1214 2895 1286 πρὸ
2930 1215 3098 1270 αὐτοῦ
3125 1215 3192 1269 δι’
3218 1216 3456 1287 ἀγχόνης
3479 1217 3510 1270 6
3547 1215 3704 1285 ’Δχιε

2114 1306 2299 1374 τὸφελ,
2349 1306 2783 1377 ἑρμηνευόμενος
2852 1305 3116 1374 ἁδελφὸς
3184 1305 3362 1374 δόλῳ·
3409 1303 3694 1375 φιλάζων.

2117 1395 2372 1459 Τοιοῦτος
2411 1396 2468 1449 δὲ
2495 1397 2526 1451 6
2575 1395 2846 1459 διάϐολος·
2897 1395 2959 1450 οὐ
3003 1395 3186 1467 φέρων
3235 1394 3346 1467 γὰρ
3385 1393 3484 1466 τὴν
3524 1390 3702 1468 ἧτταν

2116 1487 2424 1558 ἀπάγχεται

2194 1682 2212 1715 ι
2245 1663 2357 1718 Καὶ
2375 1663 2591 1731 ἑγὲνετο
2611 1661 2766 1734 λιμὸς
2795 1663 2853 1715 ἑν
2884 1663 3006 1727 ταῖς
3032 1661 3268 1734 ἡμέραις
3291 1660 3476 1728 dum,
3501 1667 3549 1731 Υ
3572 1661 3695 1734 ετηο

446 1767 550 1807 nus
577 1767 722 1806 anno
756 1751 1059 1806 cohaerens.
1092 1751 1162 1804 Et
1186 1751 1439 1820 qumsivit
1480 1750 1652 1806 David
1683 1750 1879 1805 faciem
1912 1750 2017 1806 Do-

2119 1755 2358 1817 ἑνιαυτδς
2387 1755 2645 1825 ἐχόμενος
2675 1753 2946 1810 ἐνιαυτοῦ.
2993 1755 3107 1809 Καὶ
3144 1755 3377 1824 ἐζήτησε
3419 1752 3586 1807 Δασὶδ
3627 1752 3697 1810 ,τὸ

445 1844 601 1910 mini,
618 1851 675 1899 et
698 1843 834 1898 dixit
851 1843 1150 1898 Dominus:
1175 1841 1351 1912 Super
1369 1840 1520 1907 Saul,
1537 1851 1773 1913 etsuper
1793 1843 2017 1899 domum

445 1937 562 2008 ejus
588 1943 673 1991 est
709 1934 994 2004 iniquitas,
1036 1941 1329 2004 propterea
1387 1933 1536 2005 quod
1601 1945 1778 1991 morte
1835 1935 2019 1991 all‘ecit

445 2025 774 2084 Gabaonitas
792 2025 857 2079 “.
889 2043 910 2077 ι

514 2117 683 2173 David
706 2115 928 2188 quidem
958 2125 1043 2172 est
1060 2116 1147 2171 lex
1172 2116 1473 2172 secundum
1503 2117 1780 2186 spiritum,
1809 2117 1905 2188 qui
1933 2126 2020 2174 est

447 2225 544 2266 rex
576 2209 944 2279 spiritualium
985 2208 1097 2264 Deo
1143 2208 1501 2264 servientium
1555 2207 2016 2264 Christianorum.

448 2301 578 2357 Saul
608 2308 790 2354 autem
812 2307 898 2353 est
919 2299 1008 2352 lex
1035 2297 1344 2353 secundum
1366 2298 1630 2364 litteram,
1661 2299 1756 2368 qui
1805 2307 1890 2353 est
1921 2313 2018 2354 rex

446 2391 759 2449 Judaeorum
793 2391 966 2445 Deum
1018 2389 1383 2458 corporaliter
1439 2389 1757 2444 colentium.
1794 2389 1932 2444 Nam
1963 2394 2020 2444 et

448 2483 616 2536 David
638 2483 1034 2552 interpretatur
1060 2488 1407 2551 contemptus,
1439 2488 1496 2534 et
1518 2481 1704 2535 visiom'
1739 2482 2016 2552 suﬁciens.

446 2573 596 2628 Talis
633 2582 718 2628 est
763 2573 849 2627 lex
883 2571 1215 2642 evangelica,
1263 2572 1396 2627 illud
1435 2572 1658 2642 quidem
1709 2573 2021 2629 existimata

445 2665 590 2736 apud
621 2665 855 2730 Judteos,
887 2664 991 2719 hoc
1008 2674 1190 2719 autem
1211 2665 1355 2733 apud
1375 2663 1736 2720 Christianos.

515 2755 636 2821 Quo
669 2754 832 2810 modo
866 2754 1033 2809 etiam
1053 2753 1184 2808 Saul
1224 2753 1618 2823 interpretatur
1657 2755 1812 2809 datus
1855 2755 2021 2826 [θηονὶ

447 2855 543 2900 aut
581 2845 748 2914 fenus.
785 2843 936 2898 Talis
961 2852 1142 2898 autem
1164 2852 1248 2899 est
1269 2844 1357 2898 lex
1378 2843 1633 2908 Mosaica,
1662 2845 1707 2898 si
1734 2844 1808 2898 ita
1834 2860 2019 2900 suma-

447 2944 540 2991 tur
574 2944 635 2990 ut
662 2944 941 3005 spectetur
965 2935 1173 2988 littera.
1218 2935 1353 2988 Data
1393 2943 1478 2990 est
1507 2935 1653 2990 enim
1685 2935 1753 2990 ad
1783 2946 2018 3006 tempus,

2117 1844 2408 1915 πρόσωπον
2441 1844 2667 1916 Κυρίου,
2701 1844 2794 1899 καὶ
2825 1839 2946 1898 εἷπε
2977 1845 3200 1915 Κύριος·
3232 1844 3357 1898 Ἐπὶ
3387 1843 3562 1898 Σαοὺλ
3597 1842 3700 1896 καὶ

2117 1935 2210 1988 ἰπὶ
2238 1935 2330 1988 τὸν
2359 1931 2508 1988 οἶκον
2535 1934 2700 1988 αὐτοῦ
2748 1938 2784 2006 η
2825 1935 3012 1990 ἀδικία
3033 1973 3050 2002 ,
3094 1934 3226 2004 περὶ
3276 1927 3339 1989 οὗ
3382 1934 3697 1989 ἐθανάτωσε

2115 2026 2242 2088 τοὺς
2273 2023 2648 2088 Γαϐαωνίτας.
2687 2043 2708 2078 ι

2189 2115 2352 2170 Δαόὶδ
2383 2117 2480 2186 μὲν
2509 2118 2538 2169 6
2575 2116 2715 2171 κατά
2745 2117 2806 2171 τὸ
2837 2116 3055 2187 πνεῦμα
3090 2117 3286 2188 νόμος,
3316 2116 3346 2169 6
3389 2110 3697 2185 βασιλεύων

2117 2208 2224 2262 τῶν
2287 2207 2672 2278 πνευματικῶς
2726 2207 2848 2280 Θεῷ
2901 2208 3277 2280 λατρευόντων
3328 2205 3695 2277 Χριστιανῶν.

2117 2297 2291 2352 Σαοὺλ
2321 2299 2376 2351 δὲ
2417 2299 2446 2350 6
2491 2299 2632 2352 κατὰ
2662 2299 2896 2370 γράμμα
2923 2299 3085 2369 νόμος
3112 2341 3127 2365 ,
3175 2301 3204 2352 6
3239 2295 3536 2368 βασιλεύων
3583 2292 3696 2348 τῶν

2120 2389 2443 2458 σωματικῶς
2457 2386 2574 2458 Θεῷ
2592 2388 2960 2459 λατρευόντων
2983 2389 3271 2444 Ἰουδαίων.
3305 2387 3456 2442 Ἐπεὶ
3483 2386 3575 2441 καὶ
3587 2387 3695 2438 Δα-

2118 2480 2204 2533 δὶδ
2229 2478 2585 2550 ἑρμηνεύεται
2624 2479 3042 2546 ἑξουδένωσις,
3086 2481 3179 2534 καὶ
3230 2479 3438 2545 ἱκανὸς
3459 2477 3691 2546 ὁράσει.

2118 2569 2372 2633 Τοιοῦτος
2397 2569 2456 2622 δὲ
2485 2569 2514 2621 6
2546 2569 2900 2638 εὖαγγελικὸς
2951 2569 3135 2642 νόμοςο
3165 2570 3224 2623 τδ
3253 2570 3352 2640 μὲν
3387 2568 3519 2640 παρ’
3564 2567 3696 2622 Ἰουο

2119 2665 2289 2729 δαίοις
2318 2664 2694 2735 νομιζόμενος,
2723 2661 2785 2714 τὸ
2811 2661 2866 2714 δὲ
2896 2661 3047 2731 παρά
3078 2661 3445 2731 Χριστιανοῖς.

2193 2754 2400 2824 Ὥσπερ
2425 2753 2521 2807 καὶ
2543 2751 2715 2806 Σαοὺλ
2755 2751 3113 2822 ἑρμηνεύεται
3144 2749 3623 2820 δεδανεισμένος,
3655 2750 3693 2821 ἢ

2119 2845 2376 2900 δάνειον.
2405 2845 2656 2907 Τοιοῦτος
2696 2843 2753 2896 δὲ
2801 2845 2828 2895 6
2871 2842 3160 2905 Μωσαῖκδς
3217 2843 3414 2912 νόμος,
3450 2841 3594 2894 κατά
3629 2839 3697 2893 τὸ

2121 2938 2354 3009 γράμμα
2399 2936 2831 3005 λαμϐανόμενος.
2879 2935 3222 3004 Πρόσκαιρος
3262 2933 3370 3004 γὰρ
3399 2933 3554 3004 ἑδόθη
3600 2933 3697 2986 καὶ

447 3036 504 3082 et
531 3042 702 3095 usque
735 3025 802 3078 ad
828 3024 1124 3079 adventum
1150 3025 1493 3095 evangelicae.
1520 3026 1655 3080 Nam
1685 3027 1786 3081 etsi
1826 3029 2015 3098 petitus

2125 3028 2290 3098 μέχρι
2317 3031 2416 3098 τῆς
2467 3026 2762 3096 ἐπιδημίας
2788 3025 2882 3078 τοῦ
2918 3024 3290 3094 εὐαγγελικοῦ.
3339 3027 3403 3078 El
3443 3025 3551 3096 γὰρ
3600 3025 3697 3078 καὶ

448 3119 690 3188 infernus
729 3116 836 3171 alia
882 3115 1096 3170 ratione
1151 3114 1542 3187 interpretatur
1575 3117 1726 3182 Saul,
1773 3128 2014 3174 attamen

447 3209 595 3280 quod
617 3219 701 3264 est
724 3209 814 3263 hic
835 3207 1192 3272 declaratum,
1218 3206 1580 3278 signiﬁcatum
1600 3220 1685 3265 est
1707 3211 2012 3282 proprium.

448 3299 764 3356 Gabaonita:
796 3308 981 3354 autem
1005 3307 1134 3354 sunt
1158 3315 1280 3371 quae
1302 3315 1370 3354 ex
1409 3302 1646 3356 naturali
1677 3304 2014 3373 contempla-

449 3395 598 3449 tione
623 3392 973 3449 sublimiores
989 3399 1117 3448 'sunt
1140 3392 1401 3449 rationes.
1423 3393 1738 3451 Gabaonitae
1757 3397 1905 3452 enim
1929 3399 2016 3452 in-

448 3493 822 3556 terpretantur
843 3485 1084 3539 montani
1110 3492 1206 3539 aut
1245 3485 1513 3551 sublimes,
1551 3502 1689 3556 quos
1717 3504 2014 3546 conserva-

448 3575 525 3630 vit
553 3575 710 3629 Jesus
755 3573 901 3627 Nave
958 3571 1124 3636 illius,
1186 3573 1493 3630 interfectis
1525 3577 1767 3647 quinque
1797 3580 2018 3649 regibus

447 3666 541 3736 qui
564 3666 828 3720 adversus
859 3678 956 3718 eos
975 3663 1180 3718 bellum
1210 3665 1508 3735 gerebant:
1541 3678 1597 3723 ct
1616 3671 1898 3725 constituit
1921 3686 2018 3727 eos

449 3755 804 3811 tabernaculo
854 3754 1149 3825 lignatores
1181 3763 1239 3810 et
1289 3767 1578 3826 aquatores
1603 3799 1618 3825 ,
1664 3762 2018 3832 praeﬁgurans

449 3845 634 3902 Iesum
665 3843 965 3908 Christum,
996 3843 1091 3913 qui
1130 3845 1331 3900 occidit
1370 3846 1427 3900 in
1454 3863 1608 3904 suam
1635 3850 1887 3905 redactos
1917 3867 2016 3921 po-

451 3941 702 3989 testatem
724 3950 791 3988 ex
819 3933 1072 4003 quinario
1107 3949 1272 3990 sensu
1293 3937 1548 4006 patibiles
1584 3940 1942 4010 cogitationes
1963 3950 2016 3996 et

451 4040 651 4089 mores,
682 4025 883 4078 bellum
910 4031 1161 4093 gerentes
1189 4025 1453 4082 adversus
1485 4029 1750 4083 sublimes
1773 4029 2019 4086 rationes

453 4131 516 4169 ex
537 4116 991 4184 contemplatione
1010 4117 1268 4171 naturali.
1310 4117 1420 4171 Hos
1465 4127 1648 4172 autem
1691 4116 2019 4177 Gabaonitas

449 4205 734 4260 constituit
769 4207 1118 4262 tabernaculo
1159 4208 1471 4263 divinorum
1521 4211 1926 4280 mysteriorum,
1955 4210 2020 4268 li-

449 4306 703 4367 gnatores
723 4297 964 4366 quidem,
995 4306 1057 4352 ut
1085 4299 1179 4367 qui
1200 4300 1551 4370 suppeditent
1583 4303 1865 4359 materiam
1897 4321 2018 4376 qute

2118 3119 2357 3186 aimtdc
2369 3118 2521 3184 ᾅδης
2544 3117 2666 3172 καθ’
2681 3118 2866 3185 1είτερον
2879 3117 3036 3185 λόγον
3060 3119 3089 3170 6
3113 3117 3284 3170 Σαοὺλ
3307 3116 3694 3188 ἑρμηνεύεται,

2117 3209 2254 3262 ἀλλὰ
2280 3209 2339 3260 τὸ
2369 3207 2610 3278 δηλωθὲν
2641 3208 3037 3277 σημαινόμενον
3069 3207 3300 3260 ἐνταῦθα
3341 3209 3561 3262 οίκεῖον.
3590 3208 3697 3260 Γα-

2116 3300 2375 3353 ϐαωνῖται
2401 3299 2479 3362 δὲ,
2510 3299 2559 3350 οί
2581 3299 2727 3372 κατὰ
2760 3300 2858 3368 τὴν
2885 3299 3121 3370 φυσικὴν
3147 3299 3378 3368 Θεωρίαν
3428 3299 3696 3369 ὑψηλότε-

2119 3407 2203 3461 ροι
2229 3389 2749 3458 λόγοι.Γα6αωνῖται
2773 3389 2879 3460 γὰρ
2906 3389 3122 3458 ὀρεινοὶ
3149 3390 3181 3460 ἢ
3208 3391 3491 3459 μετέωροι
3521 3391 3696 3461 ἑρμη-

2116 3480 2378 3534 νεύονται.
2410 3479 2518 3542 Οὓς
2549 3480 2809 3534 διέσωσεν
2857 3479 3067 3551 Ἰησοῦς
3104 3481 3134 3533 6
3175 3482 3267 3535 τοῦ
3319 3482 3500 3552 Ναυῆ,
3554 3482 3694 3534 ἀπο-

2117 3573 2333 3634 κτείνας
2348 3572 2475 3636 τοὺς
2495 3571 2863 3640 πολεμοῦντας
2879 3571 3061 3636 αὐτοῖς
3091 3578 3131 3624 ε’
3158 3571 3412 3641 βασιλεῖς·
3445 3571 3537 3625 καὶ
3565 3590 3696 3625 κατ-

2117 3661 2342 3733 ἐστησεν
2363 3661 2560 3725 αὐτοὺς
2579 3664 2644 3732 τῇ
2671 3665 2840 3734 σκηνῇ
2872 3661 3196 3733 ξυλοφόρους
3225 3664 3318 3716 καὶ
3342 3663 3692 3733 ὑδροφόρους,

2118 3755 2407 3824 προτυπῶν
2451 3753 2541 3806 τὸν
2593 3753 2801 3823 Ἰησοῦν
2846 3753 3103 3824 Χριστὸν,
3144 3752 3204 3816 ὃς
3246 3754 3535 3806 ἀπέκτεινε
3564 3753 3695 3814 τοὺς

2118 3833 2258 3899 κᾶτά
2278 3846 2375 3917 τὴν
2396 3845 2719 3915 πενταδικὴν
2740 3845 2992 3913 αἴσθησιν
3016 3844 3384 3915 πολεμοῦντας
3412 3846 3524 3908 τοῖς
3549 3847 3693 3899 κατά

2117 3934 2216 4006 τὴν
2252 3933 2485 4004 φυσικὴν
2525 3933 2756 4003 θεωρίαν
2799 3933 3148 4003 ὑψηλοτέροις
3193 3934 3390 4002 λόγοις,
3425 3934 3692 4004 ἐμπαθεῖς

2116 4026 2412 4096 λογισμοὺς
2443 4027 2537 4078 καὶ
2575 4024 2832 4095 τρόπους,
2876 4026 2970 4078 καὶ
3002 4025 3516 4096 περιποιησάμενος.
3552 4024 3694 4078 Τού-

2116 4135 2240 4180 τους
2263 4117 2320 4170 δὲ
2343 4116 2468 4179 τοὺς
2486 4115 2708 4186 νοητοὺς
2731 4114 3078 4177 Γαϐαωνίτας
3099 4116 3399 4186 κατέστησε
3416 4119 3480 4187 τῇ
3513 4118 3688 4187 σκηνῇ

2116 4209 2225 4262 τῶν
2250 4207 2414 4287 θείων
2437 4207 2771 4278 μυστηρίων,
2807 4205 3129 4276 ξυλοφόρους
3153 4206 3270 4275 μὲν,
3299 4206 3373 4268 ὡς
3394 4205 3690 4276 χορηγοῦν-

2118 4314 2216 4362 τας
2249 4298 2381 4368 ὕλην
2411 4297 2714 4367 ἁναπτικὴν
2739 4296 2832 4350 τοῦ
2867 4297 3042 4365 φωτὸς
3067 4298 3164 4366 τῆς
3191 4296 3449 4366 γνώσεως
3470 4313 3484 4326 ·
3528 4297 3688 4366 ὑδρο-

447 4386 710 4440 accendat
736 4387 916 4440 lucem
955 4387 1304 4455 cognitionis,
1343 4399 1633 4459 aquatores
1689 4402 1892 4461 autem,
1958 4404 2017 4450 ut

2121 4391 2319 4462 φόρους
2349 4389 2426 4454 δὲ,
2461 4388 2537 4452 ὡς
2564 4387 2888 4458 κομίζοντας
2930 4387 3090 4458 ρύψιν
3121 4389 3230 4440 τῶν
3270 4388 3478 4444 παθῶν·
3511 4390 3543 4458 ἡ
3577 4388 3690 4456 γὰρ

447 4476 543 4544 qui
567 4484 859 4545 apportent
887 4477 1148 4531 vitiorum
1183 4487 1240 4532 et
1277 4481 1750 4549 perturbationum
1779 4487 2019 4542 ablutio-

449 4580 595 4619 nem.
629 4566 763 4620 Nam
789 4582 909 4635 quae
929 4575 1013 4621 est
1041 4570 1309 4625 naturalis
1360 4571 1415 4626 in
1445 4573 1641 4642 spiritu
1677 4579 2017 4647 contempla-

450 4657 548 4719 tio,
579 4671 702 4709 cum
726 4656 798 4710 sit
821 4659 997 4712 media
1023 4658 1165 4714 inter
1193 4677 1376 4719 mores
1401 4677 1458 4722 et
1485 4669 1793 4733 veritatem,
1820 4669 2022 4724 abillis

448 4745 669 4816 quidem
692 4746 934 4813 abducit,
959 4750 1027 4804 ad
1054 4751 1194 4808 hanc
1214 4771 1344 4810 vero
1369 4759 1600 4814 reducit.
1620 4761 1728 4815 Eos
1753 4775 1884 4831 ergo
1899 4776 2024 4830 per-

452 4835 573 4889 imit
631 4833 780 4900 Saul,
837 4846 895 4890 et
949 4841 1170 4910 expellit
1209 4853 1365 4901 extra
1409 4847 1722 4903 divinorum
1753 4860 2024 4922 mystago-

449 4924 614 4993 giam,
638 4923 788 4991 Saul,
822 4927 1066 4998 inquam,
1088 4933 1183 5002 qui
1215 4945 1301 5001 est
1317 4935 1408 4990 lex
1435 4937 1653 5001 litterae,
1684 4947 1745 4992 et
1798 4948 1884 4995 est
1922 4956 2017 4995 rex

448 5028 641 5067 eorum
672 5013 765 5083 qui
787 5030 855 5070 ex
877 5019 990 5073 solo
1012 5035 1175 5077 sensu
1203 5023 1416 5088 vivunt,
1443 5035 1500 5080 et
1526 5025 1570 5080 si
1595 5025 1720 5094 quis
1741 5027 1911 5082 solam
1937 5045 2023 5085 re-

449 5103 630 5158 tinens
656 5105 897 5161 litteram
933 5121 1255 5179 aspernatur
1298 5121 1354 5170 et
1388 5114 1572 5170 abolet
1618 5116 1870 5184 spiritum
1923 5121 2018 5189 qui

448 5193 582 5247 latet
617 5195 718 5248 sub
747 5197 947 5252 littera.
985 5200 1244 5270 Figurant
1286 5213 1470 5258 autem
1502 5203 1815 5262 Gabaonitze
1845 5210 2010 5264 etiam

451 5281 703 5349 gentilen'.
732 5295 941 5353 partem
967 5304 1087 5356 qua:
1117 5304 1174 5344 se
1204 5289 1355 5345 dedit
1378 5289 1504 5346 Jesu
1529 5291 1751 5347 divisuri
1783 5297 2011 5350 haaredi-

448 5372 573 5424 tatis
603 5371 907 5430 divinarum
940 5378 1386 5445 promissionum,
1427 5389 1482 5435 et
1541 5397 1662 5450 qua:
1719 5385 1869 5453 jussa
1929 5395 2013 5442 est

449 5462 590 5516 t‘erre
616 5462 759 5532 ligna
781 5475 835 5520 et
857 5482 1075 5535 aquam,
1108 5469 1213 5524 hoc
1246 5477 1350 5537 est,
1385 5481 1604 5541 portare
1646 5477 2009 5545 cognitionem

529 5655 570 5688 "
602 5657 645 5712 ll
674 5659 804 5727 Reg.
839 5677 950 5728 xvi,
983 5665 1033 5717 l.

2121 4483 2178 4534 ἑν
2202 4479 2473 4550 πνεύματι
2497 4477 2702 4547 φυσικὴ
2724 4477 2925 4548 Θεωρία
2955 4479 3094 4548 μέση
3119 4495 3202 4540 τις
3219 4473 3352 4532 οὖσα
3381 4480 3567 4533 τύπων
3592 4479 3689 4532 καὶ

2117 4571 2414 4639 ἀληθείας,
2457 4569 2566 4622 τῶν
2605 4567 2705 4638 μὲν
2734 4567 2965 4636 ἀπάγει,
3004 4568 3139 4638 πρὸς
3167 4568 3222 4620 δὲ
3261 4569 3363 4639 τὴν
3399 4569 3684 4636 ἐπανάγει.

2120 4660 2356 4723 Τούτους
2385 4658 2560 4712 τοίνυν
2592 4658 2805 4729 ἀναιρεῖ
2835 4657 2926 4710 καὶ
2960 4657 3064 4723 ἔξω
3100 4659 3245 4711 ποιεῖ
3271 4659 3368 4728 τῆς
3397 4658 3504 4712 τῶν
3527 4658 3690 4712 θείων

2123 4749 2510 4823 μυσταγωγίας
2536 4747 2728 4808 Σαοὺλ,
2759 4749 2788 4799 6
2817 4746 2909 4800 τοῦ
2937 4748 3259 4818 γράμματος
3290 4749 3472 4817 νόμος,
3509 4752 3539 4801 6
3575 4749 3690 4802 τῶν

2119 4842 2259 4897 κατά
2291 4841 2456 4912 μόνην
2480 4839 2580 4908 τὴν
2601 4837 2853 4908 αἴσθησιν
2882 4838 3099 4903 ζώντων
3139 4838 3437 4907 βασιλεύων
3456 4855 3472 4870 σ
3509 4839 3604 4892 καὶ⁹
3637 4841 3694 4891 εἴ

2117 4952 2202 4998 τις
2249 4933 2408 5004 μόνου
2459 4929 2554 4983 τοῦ
2594 4930 2921 5001 γράμματος
2965 4931 3352 5001 ἀντεχόμενος,
3401 4929 3588 4982 ἀθετεῖ
3625 4931 3688 4982 τὸ

2119 5022 2604 5094 ὑποκρυπτόμενον
2645 5021 2723 5092 τῷ
2759 5022 3044 5093 γράμματι
3075 5021 3312 5091 πνεῦμα.
3348 5020 3591 5074 Τυποῦσι
3629 5021 3688 5073 δὲ

2118 5119 2168 5170 οἱ
2198 5114 2533 5168 Γαϐαωνῖται
2564 5114 2655 5167 καὶ
2677 5112 2774 5184 τὴν
2806 5112 3024 5182 ἑθνικὴν
3061 5112 3254 5183 μερίδα
3277 5111 3355 5182 τῷ
3382 5111 3682 5182 κληροδότῃ

2120 5206 2227 5258 τῶν
2254 5205 2412 5258 θείων
2455 5203 2794 5271 ἐπαγγελιῶν
2837 5202 3029 5272 Ἰησοῦ,
3064 5204 3157 5255 καὶ
3201 5201 3687 5273 προσταττομένων

2123 5296 2431 5365 ξυλοφορεῖν
2460 5295 2554 5347 καὶ
2592 5293 2924 5363 ὑδροφορεῖν,
2952 5293 3093 5347 τοῦτ’
3124 5294 3268 5360 ἑστι,
3300 5293 3395 5363 τὴν
3430 5294 3557 5362 περὶ
3590 5291 3684 5344 τοῦ

2124 5389 2386 5457 σωτηρίου
2409 5385 2638 5458 σταυροῦ
2667 5387 2759 5441 καὶ
2787 5388 3047 5450 ζωοποιοῦ
3077 5388 3452 5458 βαπτίσματος
3484 5385 3684 5454 γνῶσιν

2124 5478 2428 5547 βαστάζειν
2461 5478 2555 5534 καὶ
2579 5477 2666 5532 διά
2699 5477 2798 5548 μὲν
2821 5478 2916 5548 τῆς
2948 5478 3253 5550 πρακτικῆς
3275 5496 3286 5508 η
3319 5477 3394 5541 ὼς
3423 5475 3556 5544 ξύλα
3587 5476 3684 5545 τὴν
