4076 6504
419 309 556 367 1255

1781 303 2301 362 COLLECTANEA.

3531 297 3669 360 125³4

419 425 686 495 νέκρωσιν
730 418 840 476 τῶν
880 421 972 475 ἐπὶ
1011 421 1114 490 γῆς
1150 418 1332 491 ¹μελῶν
1377 417 1752 490 παραφέρειν·
1797 418 1884 472 διὰ
1938 417 1995 471 δέ

2103 416 2204 473 dcc
2225 432 2354 472 ruce
2374 417 2598 472 salutari
2621 423 2676 472 et
2699 413 2917 470 viviﬁco
2941 413 3302 483 baptismate:
3325 422 3379 468 ct
3402 428 3500 484 per
3529 417 3666 471 acti-

417 513 516 582 τῆς
545 512 910 583 θεωρητικῆς,
932 511 1007 574 ὡς
1033 511 1177 581 ὕδωρ
1196 510 1293 580 τὴν
1321 507 1584 579 ἐπιρροὴν
1598 507 1698 576 τῆς
1715 506 1989 575 γνώσεως.

429 603 690 674 Ὠργίσθη
728 603 826 672 μὲν
853 599 946 656 οὖν
976 603 1005 655 ὁ
1031 601 1164 663 Θεὸς
1183 641 1198 665 ,
1235 601 1325 655 διὰ
1365 601 1466 670 τὴν
1488 598 1598 652 τῶν
1630 597 1994 650 Γαϐαωνιτῶν

412 695 717 765 ἀναίρεσιν.
760 694 1040 764 Ἐπήγαγε
1077 693 1136 746 δὲ
1160 691 1251 746 τδν
1280 692 1458 761 λιμὸν,
1482 691 1583 744 οὐκ
1615 690 1673 742 ἐν
1703 690 1825 751 ταῖς
1856 687 1996 758 ἡμέ-

419 803 542 854 ραις
573 783 668 837 τοῦ
706 783 987 846 ἀνελόντος
1021 783 1218 846 αὐτοὺς
1246 781 1437 847 Σαοὺλ,
1480 779 1616 833 ἀλλὰ
1645 781 1704 832 ἐν
1744 781 1864 842 ταῖς
1899 778 1994 832 τοῦ

416 874 582 928 Δαϐίδ
603 892 616 905 ο
647 875 730 928 ὅτι
765 873 900 943 μηδὲ
930 873 1165 942 πέφυκε,
1200 870 1402 934 ζῶντος
1426 869 1522 922 τοῦ
1552 868 1780 938 νομικοῦ
1818 867 1997 937 γράμ-

421 980 589 1032 ματος
606 963 700 1015 καὶ
719 960 1094 1031 βασιλεύοντος
1109 959 1219 1013 τῶν
1239 956 1569 1028 σωματικῶν
1581 955 1677 1009 καὶ
1691 953 1880 1026 παχῶν
1897 955 1996 1026 τὴν

415 1055 656 1108 διάνοιαν
703 1052 988 1118 Ἰουδαίων,
1018 1050 1332 1120 γνωσθῆναι
1377 1047 1470 1100 τὸν
1503 1046 1663 1116 λιμὸν
1693 1045 1794 1115 τῆς
1833 1060 1993 1098 πνευ-

421 1145 657 1216 ματικῆς
682 1142 936 1212 γνώσεως
953 1156 967 1172 °
1005 1141 1120 1195 ἀλλ’
1146 1138 1508 1201 ἀποθανόντος
1535 1135 1743 1190 ἐκείνου
1773 1133 1850 1204 τῷ
1897 1135 1998 1188 πέ-

415 1253 546 1307 ρατι
568 1236 664 1288 τοῦ
692 1235 885 1305 χρόνου
912 1232 1009 1286 τοῦ
1035 1231 1344 1303 ὁρισθέντος
1362 1231 1429 1300 τῇ
1463 1228 1747 1298 σωματικῇ
1769 1225 1997 1297 λατρεία

413 1326 515 1380 τοῦ
547 1326 742 1395 νόμου,
787 1324 988 1395 μᾶλλον
1015 1323 1074 1374 ἐν
1111 1324 1228 1384 ταῖς
1250 1321 1488 1392 ἡμέραις
1520 1317 1684 1372 Δαϐὶδ
1708 1316 1992 1386 γενέσθαι,

420 1419 516 1471 τοῦ
539 1415 767 1486 νομικοῦ
799 1415 942 1482 λέγω
985 1413 1328 1482 πνεύματος,
1370 1411 1464 1463 τοῦ
1504 1408 1996 1478 ὑποκεκρυμμένου

419 1507 498 1578 τῷ
525 1506 852 1577 γράμματι,
885 1502 1200 1572 λάμψαντος
1227 1499 1330 1569 ῆδη
1360 1500 1455 1551 καὶ
1487 1495 1859 1568 βασιλεύοντος
1887 1495 1998 1549 τῶν

419 1593 808 1665 πνευματικῶν
849 1594 946 1645 καὶ
974 1591 1189 1645 λεπτῶν
1229 1588 1330 1659 τὴν
1364 1588 1603 1641 διάνοιαν
1633 1587 1995 1657 Χριστιανῶν.

417 1689 486 1743 Ol
521 1687 620 1759 μὲν
657 1687 767 1757 γάρ
806 1685 937 1756 περὶ
981 1685 1072 1738 τὸν
1122 1681 1412 1754 εἰρημένον
1462 1681 1633 1735 Σαοὺλ
1657 1719 1672 1743 ,
1731 1680 1997 1751 μηδέποτε

2091 525 2215 563 vam
2246 509 2469 578 quidem
2520 517 2774 577 tanquam
2798 508 2942 576 ligna
2978 504 3335 560 circumferre
3367 506 3668 562 mortiﬁca-

2091 601 2298 655 tionem
2323 600 2698 654 membrorum
2730 613 2896 668 super
2933 605 3166 652 terram:
3197 611 3297 666 per
3324 599 3666 667 contempla-

2091 691 2258 745 tivam
2284 699 2490 754 autem,
2529 697 2783 760 tanquam
2817 703 3036 757 aquam,
3087 686 3352 741 inﬂuxum
3401 688 3672 758 cognitio-

2091 782 2218 837 nis.‘
2257 783 2434 851 Atque
2462 782 2634 836 iratus
2678 779 2901 849 quidem
2931 777 3034 832 fuit
3064 779 3208 832 Deus
3235 788 3462 848 propter
3493 778 3668 834 inter-

2091 873 2433 942 emptionem
2461 870 2911 926 Gabaonitarum.
2945 867 3176 922 Immisit
3205 877 3388 922 autem
3444 868 3668 932 famem,

2091 981 2204 1020 non
2241 965 2297 1019 in
2325 964 2524 1019 diebus
2549 961 2730 1017 Saulis
2759 961 2855 1031 qui
2887 976 2984 1015 eos
3011 960 3233 1024 occidit,
3263 959 3358 1014 sed
3385 960 3440 1014 in
3475 959 3674 1015 diebus

2093 1056 2286 1121 David,
2317 1056 2575 1126 quoniam
2597 1068 2699 1108 nec
2728 1051 3058 1107 naturaliter
3082 1052 3200 1108 fieri
3229 1052 3474 1121 potuerit
3500 1060 3562 1107 ut
3583 1053 3670 1107 vi-

2093 1157 2256 1204 vente
2293 1147 2579 1216 Scriptura
2607 1145 2767 1216 legali
2795 1154 2852 1200 et
2880 1159 3110 1215 regnum
3152 1143 3440 1198 obtinente
3465 1143 3520 1197 in
3544 1157 3670 1197 cor-

2094 1239 2310 1308 poralcs
2333 1246 2388 1292 et
2409 1237 2734 1308 cogitatione
2757 1251 2973 1291 crassos
2993 1235 3230 1298 Iudaeos,
3249 1244 3674 1305 cognosceretur

2094 1329 2266 1384 fames
2287 1328 2617 1399 cognitionis
2651 1327 2972 1398 spiritualis,
3017 1327 3112 1381 sed
3146 1334 3364 1379 mortuo
3416 1324 3510 1378 illo
3560 1323 3672 1378 ﬁne

2096 1421 2360 1490 temporis
2391 1420 2538 1490 quod
2572 1429 2695 1474 erat
2742 1419 3030 1475 definitum
3062 1418 3334 1487 corporali
3373 1417 3545 1471 cultui
3592 1417 3672 1471 le—

2096 1513 2200 1582 gis,
2217 1511 2271 1566 id
2297 1513 2466 1582 magis
2488 1511 2640 1567 fieret
2662 1511 2718 1566 in
2740 1511 2935 1565 diebus
2957 1508 3199 1573 Davidis,
3222 1508 3407 1578 legali,
3427 1507 3673 1577 inquam,

2098 1600 2291 1671 spiritu
2332 1603 2426 1671 qui
2461 1601 2621 1656 latuit
2667 1599 2769 1655 sub
2815 1599 3019 1660 littera,
3052 1598 3163 1668 jam
3220 1597 3574 1651 illucescente
3619 1605 3677 1651 et

2099 1707 2328 1763 regnum
2363 1692 2650 1747 obtinente
2682 1691 2739 1744 in
2772 1689 3086 1760 spirituales
3128 1695 3184 1742 et
3221 1687 3550 1757 cogitatione
3579 1703 3676 1742 su-

418 1775 805 1848 πνευματικῶς
827 1773 1082 1842 γνώσεως
1101 1771 1526 1835 ἀπολαύσαντες,
1580 1769 1702 1822 οὐδὲ
1723 1770 1813 1822 τὸν
1838 1769 1996 1838 λιμὸν

2103 1782 2265 1838 btiles
2279 1782 2644 1838 Christianos.
2661 1781 2795 1836 Nam
2817 1780 2910 1850 qui
2931 1778 3156 1834 fuerunt
3172 1777 3372 1842 Saulis,
3395 1793 3677 1848 nunquam

419 1869 595 1939 αὐτῆς
639 1865 902 1936 ἠδύναντο
943 1864 1169 1932 γνῶναι.
1217 1861 1390 1932 Διμδς
1429 1861 1537 1930 γάρ
1567 1860 1716 1913 ἐστιν
1757 1859 1996 1928 ἔκλειψις

417 1961 526 2014 τῶν
552 1958 692 2013 κατὰ
737 1958 934 2026 πεῖραν
966 1953 1186 2024 ἀγαθῶν
1211 1952 1598 2022 ἐγνωσμένων.
1644 1950 1908 2005 Ἐνταῦθα
1936 1950 1995 2003 δὲ

420 2052 513 2105 καὶ
549 2049 746 2111 σπάνις
769 2048 878 2100 τῶν
904 2043 1295 2116 πνευματικῶν
1322 2045 1422 2114 τῆς
1449 2043 1629 2114 ψυχῆς
1661 2042 1989 2114 βρωμάτων.

419 2143 484 2196 Οἱ
528 2142 574 2194 δ’
601 2140 745 2210 ἀμφὶ
771 2138 861 2190 τὸν
900 2134 1210 2207 δηλωθέντα
1247 2134 1411 2188 Δαϐὶδ
1433 2174 1447 2199 ,
1477 2126 1625 2186 οὗτοι
1653 2132 1889 2203 μάλιστα
1913 2131 1995 2184 λι-

424 2229 696 2300 μώττουσι
723 2224 912 2280 τοῦτον
941 2223 1032 2276 τὸν
1060 2221 1237 2293 λιμὸν,
1275 2222 1404 2275 ὅταν
1428 2220 1733 2290 περιέπωσι
1766 2219 1820 2272 τὸ
1841 2220 1996 2287 γένος

421 2319 617 2383 Σαοὺλ,
642 2319 701 2371 ἐν
729 2316 808 2387 τῷ
836 2315 1119 2386 περιέπειν
1151 2314 1214 2368 τὸ
1243 2313 1497 2384 γράμμα,
1533 2313 1628 2366 καὶ
1669 2310 1997 2380 σωματικῶς

421 2407 737 2478 ἐκδέχεσθαι
777 2407 847 2459 τὰ
893 2405 993 2473 τῆς
1037 2404 1187 2466 θείας
1232 2396 1653 2475 Γραφῆς.“Περὶ
1693 2397 1757 2456 οὗ
1805 2401 1996 2469 γένους

421 2498 709 2567 προϊόντες
743 2493 996 2565 ἐροῦμεν.
1031 2493 1202 2563 Λιμὸς
1225 2493 1283 2546 δὲ
1302 2491 1470 2564 τριῶν
1505 2491 1666 2556 ἐτῶν,
1695 2492 1730 2561 ὴ
1761 2490 1997 2559 ἔλλειψις

421 2590 524 2658 τῆς
548 2587 692 2641 κατὰ
718 2587 846 2648 τοὺς
876 2587 1026 2653 τρεῖς
1061 2583 1282 2653 νόμους,
1310 2583 1400 2635 τόν
1431 2599 1490 2634 τε
1520 2579 1750 2649 φυσικὸν
1776 2581 1873 2634 καὶ
1901 2581 1996 2633 τὸν

422 2675 734 2740 Μωσαῖκδν,
762 2674 857 2726 καὶ
881 2675 976 2727 τδν
1018 2670 1396 2740 εὐαγγελικδν,
1444 2668 1824 2739 πνευματικῆς
1852 2667 1996 2736 γνώ-

423 2785 584 2831 σεως.
630 2767 695 2820 Ἦ
730 2764 840 2835 γὰρ
866 2763 1042 2817 ἐνδεια
1072 2765 1173 2834 τῆς
1199 2760 1342 2815 κατὰ
1368 2761 1460 2813 τὸν
1496 2759 1794 2814 Μωσαῖκδν
1833 2759 1996 2828 νόμον

423 2856 799 2928 πνευματικῆς
857 2852 1126 2924 θεωρίας,
1181 2851 1295 2922 ἔχει
1332 2849 1724 2920 παρεπομένην
1760 2849 1853 2901 καὶ
1899 2849 1999 2919 τὴν

423 2949 569 3004 κατὰ
595 2949 686 3002 τὸν
717 2945 968 3016 φυσικὸν,
996 2945 1092 3000 καὶ
1110 2943 1211 3014 τὴν
1241 2943 1490 3004 κατὰτὸν
1520 2940 1892 3010 εὐαγγελικόνο
1921 2939 2000 2992 διὸ

421 3041 521 3095 καὶ
549 3039 798 3110 ἀλλήλων
825 3035 1044 3108 ἔχεσθαι
1063 3034 1333 3103 λέγονται.
1364 3033 1478 3086 Καὶ
1503 3032 1678 3094 ἄλλως
1705 3030 1814 3101 γὰρ
1850 3032 1879 3082 ὁ
1911 3031 2000 3082 τὸν

423 3104 716 3185 Μωσαῖκδν
765 3104 928 3197 νόμον
991 3123 1318 3196 σωματικῶς
1372 3122 1685 3192 λαμϐάνων,
1745 3120 2002 3192 λιμώττει
2031 3104 2071 3160 C

425 3221 496 3274 τὰ
553 3220 682 3289 τρία
736 3217 909 3272 ταῦτα
935 3215 964 3256 «1
1012 3214 1238 3286 ἀρετὴν,
1287 3213 1381 3266 καὶ
1431 3213 1644 3266 θέωσιν.
1692 3211 1904 3282 Ὥσπερ
1946 3211 2003 3264 δὲ

425 3311 484 3364 τὲ
524 3310 814 3382 πρόσωπον
853 3305 1353 3378 χαρακτηριστικόν
1397 3306 1515 3358 ἐστι
1565 3303 1660 3356 τοῦ
1706 3303 1829 3358 καθ’
1875 3303 2005 3358 ἕκα-

427 3420 576 3468 στον,
630 3402 803 3466 οὕτως
834 3401 929 3456 καὶ
961 3402 995 3470 ἠ
1053 3398 1396 3470 πνευματικὴ
1445 3398 1646 3466 γνῶσις
1690 3397 2006 3467 ἐμφατικῶς

423 3491 824 3568 χαρακτηρίζει
856 3493 919 3546 τὺ
945 3492 1120 3546 Θεῖον·
1151 3492 1218 3562 ἣν
1246 3493 1274 3542 ό
1299 3488 1561 3558 ἐκζητῶν,
1598 3487 1816 3556 λέγεται
1844 3484 2005 3556 ἐκζηο

424 3588 540 3639 τείν
593 3584 655 3638 τὸ
700 3583 990 3652 πρόσωπον
1030 3579 1125 3636 τοῦ
1169 3579 1414 3650 Κυρίου,
1441 3578 1611 3631 «κατὰ
1655 3577 1747 3632 τὸν
1797 3577 1963 3630 Δαϐὶδ
1986 3616 2002 3642 ,

425 3676 522 3728 καὶ
555 3672 816 3745 μανθάνει
865 3673 964 3744 τὴν
1019 3671 1201 3726 αἰτίαν
1251 3669 1348 3724 τοῦ
1396 3671 1642 3724 τοιούτου
1674 3668 1870 3739 λιμοῦ.
1922 3670 2005 3722 ὅτι

426 3765 571 3818 κατὰ
593 3763 686 3818 τοῦ
716 3763 918 3829 Σαοὺλ,
949 3763 1048 3816 καὶ
1075 3762 1216 3816 κατὰ
1244 3761 1338 3814 τοῦ
1375 3760 1525 3814 οἴκου
1550 3759 1714 3812 αὐτοῦ
1757 3761 1790 3827 ἡ
1821 3758 2006 3812 ἀδικία

427 3852 594 3924 αὕτη,
618 3852 685 3922 ἢν
709 3852 935 3922 ἠδίκησε
960 3851 1087 3914 τοὺς
1117 3849 1484 3912 Γαϐαωνίτας.
1543 3849 1683 3902 Ἀνθ’
1713 3848 1835 3901 ὅτου
1872 3847 2004 3918 γὰρ,

428 3943 618 4015 φησιν,
665 3941 973 3996 ἐθανάτωσε
1019 3940 1146 4002 τοὺς
1168 3939 1554 4005 Γαϐαωνίτας,
1591 3939 1667 4002 ὡς
1693 3937 2002 4008 προτεθεώ-

427 4051 611 4105 ρηται.
642 4027 802 4094 Οἶκος
829 4031 887 4085 δὲ
917 4031 1090 4085 Σαοὺλ
1121 4031 1183 4084 τὸ
1231 4031 1386 4099 γένος
1417 4029 1608 4093 αὑτοῦ,
1643 4028 1786 4082 τοῦτ’
1837 4028 2006 4095 ἔστιν,

427 4127 480 4179 οἱ
513 4124 834 4193 ἀγαπῶντες
865 4123 1046 4177 αὐτόν.
1086 4118 1212 4177 Εἶεν
1243 4123 1292 4176 δ’
1323 4123 1390 4176 ἂν
1432 4115 1577 4176 οὗτοι
1621 4123 1671 4174 οί
1705 4122 1857 4193 μόνοι
1909 4122 2006 4176 τοῦ

429 4219 758 4290 γράμματος
787 4217 1156 4288 ἀντεχόμενοι.
1198 4236 1216 4268 ι
1245 4218 1354 4271 Καὶ
1387 4217 1634 4283 ἐκάλεσε,
1663 4217 1816 4285 φησὶ,
1848 4217 2011 4270 Δαὸὶδ

430 4309 558 4371 τοὺς
587 4308 940 4372 Γαϐαωνίτας
975 4307 1072 4362 καὶ
1100 4302 1254 4361 εἶπεν
1277 4308 1477 4370 αὐτοῖς·
1505 4307 1570 4360 Τί
1603 4308 1814 4377 ποιήσω
1855 4307 2005 4375 ὑμῖν,

2101 1875 2460 1946 spiritualiter
2507 1872 2742 1928 assecuti
2799 1870 3021 1927 fuerunt
3050 1869 3437 1940 cognitionem,
3497 1885 3678 1939 neque

2101 1973 2402 2036 potuerunt
2433 1965 2554 2034 ejus
2579 1963 2778 2018 famem
2821 1975 3168 2032 cognoscere.
3199 1961 3392 2015 Fames
3416 1960 3562 2013 enim
3592 1967 3678 2014 est

2101 2056 2346 2112 defectus
2369 2056 2640 2109 bonorum
2671 2054 3011 2123 cognitorum
3044 2051 3414 2120 experientia.
3456 2050 3554 2104 Hic
3580 2067 3677 2104 au-

2101 2153 2212 2200 tem
2234 2153 2319 2200 est
2341 2145 2504 2199 etiam
2533 2144 2762 2213 penuria
2796 2141 3164 2211 spiritualium
3186 2141 3435 2195 ciborum
3456 2141 3672 2194 animm.

2101 2235 2140 2290 li
2169 2243 2350 2290 autem
2377 2235 2444 2288 de
2480 2234 2680 2303 quibus
2699 2233 2938 2287 diximus
2966 2232 3059 2301 qui
3089 2239 3219 2286 sunt
3245 2231 3485 2294 Davidis,
3513 2230 3548 2285 ii
3571 2230 3675 2286 hac

2101 2327 2242 2381 fame
2288 2328 2520 2381 maxime
2575 2325 2850 2388 esuriunt,
2903 2325 3124 2394 quando
3168 2323 3472 2378 defendunt
3505 2339 3678 2393 genus

2103 2417 2282 2472 Saulis
2313 2417 2369 2471 in
2403 2416 2746 2472 defendendo
2789 2417 3050 2477 litteram,
3097 2425 3152 2470 et
3179 2415 3498 2484 accipiendo
3527 2414 3676 2470 Scri-

2102 2516 2319 2577 pturam
2344 2506 2719 2576 corporaliter.
2741 2505 2817 2560 De
2838 2520 2946 2573 quo
2967 2491 3166 2574 genere
3187 2503 3435 2558 dicemus
3456 2518 3680 2574 progre-

2103 2596 2337 2651 dientes.
2375 2595 2566 2650 Fames
2594 2603 2776 2648 autem
2818 2595 2987 2648 trium
3014 2609 3284 2648 annorum
3320 2601 3404 2648 est
3431 2593 3679 2648 defectus

2104 2686 2408 2757 spiritualis
2464 2685 2794 2756 cognitionis
2837 2700 2958 2754 qua:
2987 2693 3071 2740 est
3115 2700 3184 2740 ex
3238 2685 3416 2739 tribus
3441 2685 3677 2755 legibus,

2104 2778 2362 2840 naturali,
2394 2777 2629 2832 Mosaica
2679 2786 2736 2831 ct
2761 2776 3094 2847 evangelica.
3126 2777 3360 2831 Penuria
3386 2777 3532 2831 enim
3571 2777 3680 2846 spi-

2104 2870 2319 2925 ritualis
2343 2871 2844 2940 contemplationis,
2885 2883 3006 2939 quae
3034 2877 3122 2924 est
3159 2885 3227 2924 cx
3261 2870 3381 2938 lege
3423 2868 3678 2930 Mosaica,

2105 2958 2272 3012 habet
2299 2959 2464 3013 etiam
2516 2965 2948 3028 consequentem
3000 2957 3539 3026 contemplationem,
3574 2965 3683 3010 tam

2105 3065 2228 3119 qua:
2249 3058 2333 3104 est
2357 3065 2424 3104 ex
2453 3050 2572 3119 lege
2599 3049 2858 3112 naturali,
2884 3063 3048 3117 quam
3074 3062 3194 3117 qua:
3218 3063 3285 3102 ex
3305 3047 3421 3117 lege
3445 3061 3682 3117 evange-

2106 3142 2230 3204 lica,
2261 3149 2318 3196 et
2343 3140 2468 3195 ideo
2497 3140 2760 3195 dicuntur
2791 3139 2936 3193 inter
2960 3153 3018 3194 se
3049 3139 3348 3193 cohaerere.
3383 3139 3451 3192 Et
3477 3137 3680 3208 alioqui
3715 3171 3719 3175 Α

2105 3232 2201 3302 qui
2231 3232 2404 3301 legem
2439 3230 2729 3285 Mosaicam
2763 3229 2960 3299 accipit
2987 3228 3368 3298 corporaliter.
3413 3229 3531 3283 haec
3577 3228 3684 3283 tria

2104 3319 2299 3384 esurit,
2324 3319 2713 3389 cognitionem,
2740 3318 3025 3381 virtutem,
3062 3317 3492 3372 deiﬁcationem.
3532 3317 3683 3384 Quo-

2106 3410 2269 3464 modo
2328 3417 2509 3464 autem
2559 3408 2727 3463 facies
2784 3407 3045 3476 exprimit
3077 3422 3548 3476 unumquemque,
3607 3408 3682 3462 ita

2105 3501 2268 3554 etiam
2297 3499 2599 3570 spiritualis
2621 3499 2860 3569 cognitio
2883 3499 3056 3552 Deum
3095 3497 3380 3553 evidenter
3401 3497 3679 3568 exprimit.

2107 3590 2278 3656 Quam
2302 3589 2679 3659 quiexquirit,
2732 3588 2934 3642 dicitur
2990 3587 3086 3642 Dei
3152 3587 3341 3642 faciem
3393 3587 3684 3657 exquirere

2101 3683 2254 3753 juxta
2312 3681 2614 3744 Davidem,
2675 3686 2732 3734 et
2792 3677 2956 3732 discit
3023 3692 3244 3732 causam
3306 3679 3427 3745 cjus
3499 3678 3681 3742 famis,

2107 3788 2303 3842 nempe
2354 3771 2499 3842 quod
2570 3771 2834 3826 adversus
2889 3769 3109 3824 Saulem
3171 3777 3227 3824 et
3286 3769 3405 3837 ejus
3462 3768 3684 3822 domum

2107 3872 2193 3916 est
2267 3861 2383 3915 hzec
2436 3860 2744 3929 iniquitas,
2812 3860 2907 3930 qui
2987 3857 3186 3929 injuria
3235 3856 3414 3911 affecit
3470 3858 3682 3912 Gabao-

2109 3951 2273 4005 nitas.
2316 3951 2610 4020 Propterea
2683 3949 2880 4016 enim,
2980 3949 3180 4018 inquit,
3281 3947 3428 4018 quod
3505 3954 3684 4003 morte

2111 4041 2298 4095 affecit
2364 4039 2720 4103 Gabaonitas,
2803 4048 2863 4093 ut
2907 4038 3066 4108 prius
3114 4038 3218 4092 fuit
3258 4037 3684 4091 consideratum.

2111 4133 2316 4187 Domus
2352 4139 2536 4186 autem
2575 4129 2757 4185 Saulis
2800 4139 2885 4184 est
2932 4143 3104 4199 genus
3147 4133 3299 4198 ejus,
3339 4129 3444 4181 hoc
3477 4137 3562 4182 est
3591 4128 3685 4197 qui

2110 4237 2237 4278 eum
2271 4223 2529 4293 diligunt.
2570 4222 2611 4276 li
2639 4231 2820 4276 autem
2843 4229 2972 4274 sunt
2995 4219 3090 4289 qui
3116 4219 3286 4273 solam
3313 4218 3557 4272 retinent
3590 4219 3683 4272 lit-

2113 4320 2311 4367 teram.
2349 4331 2366 4360 ι
2409 4313 2477 4366 Ει
2522 4312 2758 4376 vocavit,
2798 4311 2998 4380 inquit,
3041 4309 3214 4364 David
3249 4308 3599 4374 Gabaonitas,
3631 4317 3687 4363 et

433 4401 529 4454 καὶ
556 4402 614 4453 ἐν
637 4400 740 4454 τίνι
781 4400 1125 4469 ἐξιλάσομαι,
1162 4399 1256 4452 καὶ
1306 4399 1628 4467 εὐλογήσετε
1673 4397 1771 4468 τὴν
1807 4397 2002 4467 κληρο⁴

2115 4403 2254 4457 dixit
2275 4403 2357 4457 eis
2385 4419 2398 4455 :
2424 4401 2565 4468 Quid
2599 4400 2795 4455 faciam
2817 4401 2996 4464 vobis,
3023 4410 3078 4454 et
3121 4401 3176 4453 in
3199 4413 3324 4467 quo
3353 4399 3603 4468 placabo,
3631 4408 3686 4453 et

433 4490 626 4560 νομίαν
651 4490 891 4561 κυρίους
924 4489 1036 4544 Καὶ
1062 4485 1214 4543 εἷπον
1252 4488 1387 4558 πρὸς
1415 4487 1506 4540 τὸν
1535 4487 1778 4556 βασιλέαο
1797 4487 1854 4539 '0
1875 4488 2002 4558 ἀνὴρ

2118 4490 2459 4556 benedicetis
2484 4490 2862 4545 haereditatcm
2885 4489 3142 4545 Domini?
3162 4489 3229 4544 Et
3253 4488 3512 4544 dixerunt
3533 4489 3645 4560 regi
3669 4506 3682 4542 :

431 4582 491 4644 ὃς
521 4581 864 4636 συνετέλεσεν
903 4581 1072 4650 ἡμᾶς,
1106 4579 1200 4632 καὶ
1246 4575 1463 4641 ἐδίωξεν
1489 4576 1656 4647 ἡμᾶς,
1695 4579 1786 4629 καὶ¹
1839 4577 2002 4645 ἐλογί·

2118 4583 2213 4638 Vir
2239 4581 2333 4651 qui
2360 4597 2462 4636 nos
2484 4581 2887 4637 consummavit
2911 4589 2969 4635 et
2999 4595 3100 4635 nos
3135 4589 3222 4635 est
3243 4587 3593 4650 persecutus,
3631 4587 3688 4634 ct

435 4690 568 4727 σατο
587 4672 968 4743 ὲξολοθρεῦσαι
996 4672 1164 4743 ἡμᾶς,
1204 4668 1554 4739 ἀφανίσωμεν
1587 4667 1768 4733 αὐτὸν,
1807 4667 1901 4720 τοῦ
1939 4668 2002 4737 μή

2116 4672 2376 4742 cogitavit
2417 4688 2521 4727 nos
2560 4673 2781 4742 penitus
2819 4671 3026 4737 delere,
3082 4671 3151 4727 de
3210 4672 3396 4726 medio
3434 4671 3692 4726 tollamus

433 4765 657 4819 ἑστάναι
693 4763 858 4818 αὐτὸν
885 4765 945 4816 ὲν
988 4763 1151 4843 παντὶ
1195 4759 1585 4833 ὁρίῳῚσραήλ.
1629 4757 1758 4810 Δότε
1796 4758 1924 4827 ἡμῖν
1969 4757 2000 4822 ζ

2114 4778 2273 4827 eum,
2319 4772 2380 4818 ut
2418 4779 2530 4818 non
2581 4771 2689 4819 stet
2723 4764 2843 4834 ipse
2898 4763 2954 4816 in
2988 4763 3140 4817 omni
3179 4764 3417 4818 termino
3450 4762 3687 4818 Israelis.

432 4855 634 4925 ἄνδρας
673 4856 739 4907 ἐκ
776 4852 886 4907 τῶν
915 4851 1047 4905 υἱῶν
1079 4849 1271 4913 αὐτοῦ;
1296 4849 1391 4902 καὶ⁹
1423 4848 1782 4919 ἐξηλιάσομεν
1815 4849 2002 4912 αὐτοὺς

2117 4855 2250 4910 Date
2291 4855 2453 4909 nobis
2496 4863 2704 4924 septem
2745 4854 2896 4910 viros
2945 4869 3012 4909 ex
3052 4854 3182 4911 filiis
3212 4855 3332 4926 ejus
3359 4872 3371 4908 :
3397 4864 3455 4909 et
3485 4869 3582 4908 eos
3621 4853 3690 4908 ad

436 4945 516 5016 τῷ
543 4945 802 5015 κυριιρὲν
822 4943 900 5015 τῷ
936 4942 1108 5014 βοννῷ
1129 4941 1316 4996 Σαούλ.
1341 4941 1451 4996 Καὶ
1483 4939 1675 4994 ἔλαϐεν
1699 4942 1728 4993 ό
1759 4939 2002 5010 βασιλεὺς

2117 4942 2288 4996 solem
2325 4956 2665 5012 exponemus
2697 4942 2932 4996 Domino
2958 4941 3014 4996 in
3047 4942 3187 4997 colle
3214 4941 3364 4997 Saul.
3392 4942 3459 4996 Et
3481 4941 3692 5010 accepit

438 5039 566 5100 τοὺς
605 5037 648 5108 β’
678 5037 830 5099 υἱοὺς
848 5035 1084 5105 Ῥεσφᾶς
1113 5034 1391 5104 παλλακῆς
1409 5031 1600 5096 Σαοὺλ,
1628 5031 1719 5084 τὸν
1733 5031 2010 5101 Ἐρμονθὶ,

442 5129 536 5182 καὶ
561 5128 651 5181 τὸν
666 5126 1046 5197 Μεμφιϐοσὲθ,
1071 5125 1167 5180 καὶ
1202 5126 1330 5189 τοὺς
1367 5130 1409 5176 ε’
1447 5124 1600 5185 υἱοὺς
1628 5121 1830 5192 Μερὼϐ
1848 5120 2014 5189 θυγα-

441 5215 794 5284 τρὺςΣαοὺλ,
838 5214 932 5277 οὒς
969 5213 1121 5266 ἔτεκε
1153 5212 1231 5282 τῷ
1261 5211 1500 5283 Ἐσριὴλ,
1547 5211 1643 5263 καὶ
1686 5210 1884 5264 ἔδωκεν
1913 5211 2011 5263 αὐ-

436 5307 563 5370 τοὺς
597 5309 652 5360 ἐν
679 5307 823 5377 χειρὶ
845 5305 952 5358 τῶν
981 5303 1342 5370 Γαὸαονιτῶν,
1374 5302 1468 5356 καὶ
1493 5301 1784 5372 ἐξηλίασαν
1817 5301 2014 5363 αὐτοὺς

438 5397 497 5450 ἐν
543 5396 622 5468 τῷ
665 5397 781 5468 ὖρει
829 5397 1069 5451 ἐναντίον
1108 5396 1334 5468 Κυρίου,
1384 5394 1479 5448 καὶ
1513 5393 1705 5446 ἔπεσον
1739 5394 1853 5446 ἐκεῖ
1881 5394 1930 5445 οἱ
1967 5391 2044 5456 .ζό

2119 5046 2216 5085 rex
2283 5030 2426 5086 duos
2467 5031 2610 5087 filios
2643 5031 2879 5101 Resphae
2934 5031 3254 5086 concubina:
3307 5028 3505 5093 Saulis,
3550 5028 3686 5081 Her-

2123 5121 2335 5175 monthi
2371 5131 2428 5176 et
2459 5121 2913 5191 Memphibosetb,
2963 5131 3018 5175 et
3050 5121 3294 5189 quinque
3333 5117 3473 5172 filios
3504 5117 3691 5173 Merob

2123 5211 2247 5266 tiliae
2278 5212 2429 5278 Saul,
2456 5229 2594 5283 quos
2627 5213 2842 5284 peperit
2868 5212 3066 5275 Esriel,
3089 5219 3145 5266 et
3171 5210 3324 5264 dedit
3351 5225 3448 5264 cos
3472 5209 3528 5263 in
3569 5223 3689 5263 ma-

2119 5317 2250 5356 num
2289 5303 2740 5367 Gabaonitarum,
2780 5313 2837 5356 et
2876 5317 2972 5357 eos
3009 5307 3382 5370 exposuerunt
3410 5299 3477 5354 ad
3521 5298 3690 5354 solem

2122 5395 2175 5449 in
2209 5406 2395 5453 monte
2432 5412 2616 5453 coram
2649 5394 2880 5450 Domino
2909 5402 2964 5450 et
2995 5391 3316 5448 ceciderunt
3341 5389 3455 5446 illic
3483 5397 3692 5461 septem

1812 5547 1985 5602 Varia:
2017 5549 2303 5607 lectiones.

506 5660 534 5700 ἀ
571 5657 613 5716 ι’.
651 5658 707 5714 d.
743 5656 965 5728 γνῶσιν.
