4076 6430
369 328 504 385 1257

1735 330 2253 391 COLLECTANEA.

3493 327 3630 382 ηδε

369 442 542 498 Σαοὺλ
577 439 991 495 ἀποκτείνωσιν
1035 440 1155 494 τότε
1207 441 1423 506 πάντως
1462 441 1847 513 ἑξαερανίξεται
1887 446 1950 499 ὲκ

2054 447 2201 518 quod
2229 456 2314 503 est
2353 447 2554 503 rationi
2592 451 3044 503 consentaneum.
3076 440 3212 497 Nam
3243 438 3465 511 quando
3494 438 3628 496 sub-

366 536 572 600 παντὸς
598 534 747 607 ὁρίου
796 532 1035 605 Ἰσραὴλ,
1071 532 1217 587 τοῦτ⁹
1248 534 1415 600 ἔστιν,
1449 536 1513 589 ὲκ
1553 534 1751 600 παντὸς
1789 535 1950 605 λόγου

365 647 426 685 τε
478 629 576 685 καὶ
618 627 823 699 τρόπου
871 627 1248 698 πνευματικῆς
1296 626 1603 699 θεωρίας,ό
1642 628 1951 700 σωματικὸς

366 721 492 786 νοῦς
516 719 611 774 τοῦ
642 716 941 774 Μωσαῖκοῦ
973 718 1158 789 νόμου,
1207 719 1302 772 καὶ
1332 720 1366 790 ὴ
1419 720 1565 775 κατά
1598 720 1660 775 τὸ
1689 721 1947 792 γράμμα,

366 812 509 868 κατά
522 817 623 884 τὴν
646 810 900 879 αἴσθησιν
928 809 1150 881 ἐκδοχή.
1187 829 1205 861 ι
1236 809 1347 864 Kal
1371 808 1553 877 ἔλαϐε,
1578 813 1732 883 φησι,
1748 811 1951 880 Ῥεσφά

364 905 457 959 τὸν
487 902 711 966 σάκκον,
739 902 834 955 καὶ
855 901 1186 973 διέστρωσεν
1214 901 1377 955 αὐτὸν
1411 904 1576 975 ἑαυτῇ
1598 904 1689 956 ἐπὶ
1716 904 1814 976 τὴν
1848 905 1949 957 πέ-

364 995 640 1067 τραν,ἒως
663 991 885 1059 ἔσταξεν
907 993 999 1047 ἐπ’
1016 994 1211 1057 αὐτοὺς
1234 993 1403 1048 ὕδατα
1423 994 1558 1048 Θεοῦ
1585 994 1644 1061 ἐξ
1662 995 1911 1067 οὐρανοῦ.
1925 1016 1944 1048 ι

375 1086 583 1150 Ῥεσφά
607 1086 707 1156 μὲν
739 1084 885 1138 ἐστιν
935 1083 1012 1148 ὡς
1045 1085 1260 1156 εἴρηται
1288 1086 1322 1156 ἡ
1369 1084 1458 1139 διὰ
1489 1087 1652 1158 μόνου
1683 1088 1950 1155 στόματος

365 1179 619 1251 προθρορά
647 1176 741 1231 τοῦ
789 1176 979 1248 νόμου,
1011 1177 1047 1248 ἦ
1080 1195 1165 1241 τις
1197 1177 1337 1248 μετὰ
1364 1177 1463 1250 τὴν
1520 1179 1800 1251 ἀναίρεσιν
1843 1179 1951 1233 τῶν

364 1270 426 1336 ἐξ
449 1270 620 1339 αὐτῆς
650 1269 863 1333 παθῶν,
896 1268 972 1333 ὼς
1003 1268 1437 1340 προδιείληπται,
1469 1270 1721 1343 καθάπερ
1748 1270 1951 1327 σάκκον

364 1363 466 1434 τὴν
496 1362 785 1435 μετάνοιαν
839 1360 1169 1430 στρώννυσιν
1229 1363 1415 1435 ἑαυτῇ,
1447 1363 1543 1417 ἐπὶ
1585 1363 1686 1435 τὴν
1741 1364 1951 1436 πέτραν

364 1454 475 1509 τῶν
504 1452 747 1525 στεῤῥῶν
789 1451 1076 1523 δογμάτων
1106 1452 1206 1522 τῆς
1238 1453 1379 1507 κατά
1410 1453 1646 1525 Χριστὸν
1691 1455 1948 1522 πίστεως,

365 1547 474 1610 ἕως
506 1544 980 1614 καταπεμφθῶσιν
1009 1545 1066 1597 αἱ
1094 1543 1205 1598 τῶν
1236 1544 1397 1599 θείων
1430 1545 1663 1617 Γραφῶν
1719 1545 1952 1616 γνώσεις

367 1636 432 1689 ὲκ
456 1633 550 1687 τοῦ
577 1633 746 1703 ὕψους
766 1633 863 1704 τῆς
898 1634 1272 1704 πνευματικῆς
1297 1631 1555 1705 θεωρίας,
1580 1636 1637 1688 αἱ
1671 1634 1952 1691 σϐεστικαὶ

370 1724 471 1797 μὲν
516 1725 627 1779 τῶν
679 1724 900 1792 παθῶν,
962 1722 1255 1789 ὲξαπτικαὶ
1305 1724 1362 1777 δὲ
1410 1724 1518 1778 τῶν
1562 1725 1790 1796 ἀρετῶν.
1841 1728 1953 1782 Kal

366 1817 662 1888 ἐπήκουσε,
716 1816 901 1888 φησιν,
937 1818 965 1870 6
1003 1815 1133 1880 Θεὸς
1182 1818 1250 1887 τῇ
1284 1818 1378 1887 γῇ.
1417 1816 1573 1871 Μετὰ
1621 1817 1796 1872 ταῦτα
1850 1819 1950 1872 ὲπ-
1982 1799 2021 1853 Β

366 1910 601 1980 ήκουσεν
627 1909 786 1980 αὐτῇ,
810 1908 1040 1980 δεομένῃ
1060 1908 1160 1979 τῆς
1182 1908 1387 1963 ἀνωθεν
1413 1909 1605 1981 ῥοπῆς,
1629 1910 1724 1964 καὶ
1747 1911 1949 1983 τρόπον

366 2000 489 2054 τινά
512 2000 837 2072 δυσωπούση
864 1999 953 2054 διά
983 1999 1076 2054 τοῦ
1108 1999 1352 2070 ἀκόσμου
1401 2002 1698 2071 σχήματος.
1730 2003 1807 2073 Γῆ
1845 2004 1947 2073 μὲν

368 2086 518 2161 οὖνὴ
570 2090 769 2163 καρδία
817 2090 913 2144 τοῦ
968 2089 1372 2162 μετανοοῦντος,
1407 2091 1605 2162 ὄμϐροι
1637 2092 1714 2159 δὲ,
1751 2094 1810 2148 αἱ
1838 2093 1947 2147 τῶν

366 2183 619 2256 δακρύων
662 2182 937 2254 ὲπιρροαί.
978 2183 1215 2252 Εὐθηνία
1271 2183 1327 2237 δὲ
1365 2185 1594 2256 καρπῶν
1625 2187 1659 2256 ἡ
1713 2186 1946 2256 χορηγία

365 2274 477 2329 τῶν
504 2275 890 2345 πνευματικῶν
914 2274 1291 2348 χαρισμάτων.
1319 2276 1430 2328 Kal
1468 2278 1614 2340 σῖτος
1645 2277 1745 2347 μὲν
1781 2279 1811 2331 6
1860 2277 1949 2331 διὰ

368 2367 621 2437 πράξεως
649 2366 950 2438 στηριγμὸς
977 2367 1077 2437 τῆς
1117 2366 1316 2437 ψυχῆς.
1339 2361 1496 2430 Οἷνος
1532 2367 1644 2438 δὲὴ
1694 2368 1784 2422 διά
1816 2368 1951 2423 θεω-

369 2460 495 2531 ρίας
522 2459 832 2531 εὐφροσύνη
865 2459 962 2513 τοῦ
992 2457 1105 2513 νοῦ.
1129 2458 1350 2514 Ἔλαιον
1381 2459 1494 2531 δὲὴ
1521 2460 1587 2513 δι’
1625 2460 1951 2532 ἀμφοτέρων

369 2552 624 2624 ίλαρότης
660 2553 754 2607 καὶ
783 2552 1134 2618 κατάστασις,
1161 2552 1257 2606 καὶ
1284 2554 1312 2606 6
1351 2550 1441 2605 διὰ
1468 2551 1564 2605 τοῦ
1595 2553 1751 2622 ἁγίου
1778 2552 1950 2607 Ilvati-

370 2660 542 2714 ματος
573 2644 871 2715 φωτισμός.

2003 570 2008 575 -
2052 538 2303 595 limiores
2339 552 2463 610 quae
2505 546 2636 594 sunt
2666 553 2735 594 ex
2771 535 3010 593 naturali
3045 532 3511 604 contemplatione
3536 547 3631 587 ra-

2051 630 2251 698 tiones,
2287 631 2578 688 occasione
2619 636 2837 701 sumpta
2878 644 2912 685 a
2953 627 3160 684 Davide
3204 624 3302 697 qui
3344 623 3495 681 cadit
3526 624 3632 680 sub

2052 723 2505 796 intelligentiam,
2539 737 2640 779 seu
2674 722 2795 794 lege
2829 728 3072 791 quae'est
3117 716 3425 774 secundum
3461 714 3628 786 spiri-

2052 823 2190 881 tum,
2229 816 2487 886 superius
2509 822 2766 885 acceptos
2796 812 2939 868 ﬁlios
2974 820 3032 867 et
3061 817 3290 881 nepotes
3322 806 3506 865 Saulis
3539 820 3633 862 oc-

2051 905 2310 972 ciderint,
2347 916 2479 963 tunc
2513 905 2738 961 omnino
2778 904 2996 959 deletur
3027 917 3095 957 ex
3133 900 3393 956 omnibus
3427 898 3632 953 ﬁnibus

2050 1000 2238 1064 Israel,
2273 1000 2379 1056 hoc
2411 1007 2517 1066 est,
2546 1013 2619 1057 ex
2651 997 2803 1053 omni
2834 996 3048 1052 ratione
3081 1002 3137 1049 et
3171 994 3334 1048 modo
3365 991 3630 1062 spiritua-

2050 1092 2120 1148 lis
2166 1092 2647 1163 contemplationis
2670 1131 2685 1157 ,
2723 1089 3027 1160 corporalis
3068 1086 3319 1143 Mosaicae
3359 1085 3497 1156 legis
3542 1085 3630 1139 in-

2052 1182 2378 1254 telligentia,
2413 1190 2471 1238 et
2494 1197 2616 1253 quae
2640 1181 2946 1237 secundum
2980 1179 3222 1234 litteram
3247 1183 3335 1232 est
3365 1190 3435 1231 ex
3463 1189 3630 1231 sensu

2052 1274 2319 1345 acceptio.
2355 1293 2375 1327 ι
2415 1274 2486 1330 Ει
2519 1274 2754 1345 accepit,
2793 1273 2994 1344 inquit,
3034 1270 3253 1341 Respha
3279 1282 3499 1326 saccum
3523 1267 3631 1323 sibi

2051 1370 2108 1415 et
2141 1362 2336 1418 stravit
2367 1362 2548 1433 ipsum
2582 1377 2749 1433 supra
2791 1371 3002 1433 petram
3024 1403 3038 1427 ,
3078 1362 3258 1417 donec
3291 1358 3636 1415 distillarunt

2051 1468 2237 1524 super,
2256 1454 2405 1524 ipsos
2439 1469 2593 1524 aquae
2612 1454 2710 1509 Dei
2742 1470 2810 1509 ex
2841 1454 2982 1511 coelo
2999 1453 3063 1507 “.
3096 1472 3115 1503 ι
3153 1450 3373 1522 Respha
3406 1447 3634 1520 quidem

2051 1554 2155 1611 est,
2185 1553 2246 1600 ut
2279 1546 2489 1600 dictum
2523 1554 2629 1609 est,
2662 1560 2783 1615 qua:
2807 1560 2906 1616 per
2929 1560 2993 1601 os
3035 1543 3215 1600 solum
3241 1541 3305 1597 ﬁt
3341 1540 3477 1613 legis
3500 1553 3632 1610 pro-

2052 1637 2185 1692 latio
2227 1652 2240 1689 :
2276 1651 2397 1707 qua:
2457 1636 2681 1708 quidem
2728 1644 2854 1707 post
2897 1635 3384 1706 interemptionem
3437 1645 3632 1687 eorum

2053 1745 2176 1800 quae
2217 1747 2288 1785 ex
2330 1731 2449 1801 ipsa
2484 1740 2615 1786 sunt
2652 1731 2915 1786 vitiorum
2965 1739 3022 1786 et
3054 1727 3538 1801 perturbationum
3577 1731 3637 1778 et

2054 1822 2430 1889 aﬁ‘ecti‘on‘um,
2456 1833 2518 1880 ut
2536 1823 2693 1894 prius
2731 1822 2942 1879 dictum
2971 1829 3077 1887 est,
3115 1828 3376 1891 tauquam
3411 1828 3633 1872 saccum

2053 1917 2163 1973 sibi
2196 1917 2394 1972 sternit
2424 1915 2805 1986 paenitentiam
2831 1956 2846 1981 ,
2883 1929 3050 1985 super
3084 1923 3295 1984 petram
3328 1910 3633 1966 solidorum

2054 2008 2373 2080 dogmatum
2416 2007 2543 2063 fidei
2579 2006 2635 2060 in
2677 2005 2980 2072 Christum,
3016 2004 3195 2060 donec
3227 2002 3480 2058 demissa:
3509 1999 3633 2055 fue-

2054 2099 2169 2153 rint
2207 2098 2524 2154 divinarum
2563 2098 2979 2168 Scripturarum
3031 2094 3373 2167 cognitiones
3405 2106 3476 2149 ex
3523 2092 3634 2147 alto

2055 2189 2257 2245 divina}
2286 2189 2792 2261 contemplationis,
2827 2202 2952 2260 quae
2986 2187 3122 2244 vitia
3164 2184 3389 2257 quidem
3422 2182 3635 2240 exstin—

2056 2291 2233 2353 guunt
2258 2293 2316 2339 et
2347 2282 2515 2337 animi
2537 2281 3001 2353 perturbationes,
3039 2279 3275 2336 virtutes
3319 2285 3504 2333 autem
3540 2288 3635 2330 ac-

2059 2374 2323 2430 cendunt.
2353 2375 2422 2429 Et
2441 2374 2746 2441 exaudivit,
2771 2374 2971 2444 inquit,
2993 2374 3142 2429 Deus
3178 2380 3402 2427 terram.
3439 2370 3636 2424 Postea

2058 2466 2309 2522 exaudiit
2331 2466 2506 2537 ipsam
2521 2473 2775 2538 egentem
2799 2478 3043 2535 superno
3065 2462 3294 2528 auxilio,
3317 2469 3376 2516 et
3397 2457 3638 2530 quodam

2020 2542 2024 2549 ’
2060 2557 2225 2613 modo
2281 2558 2492 2629 pudore
2538 2556 2792 2612 aﬁ‘ectam
2838 2563 3067 2626 propter
3100 2562 3321 2623 turpem
3361 2548 3637 2605 habitum.

2059 2648 2239 2719 Atque
2275 2659 2419 2704 terra
2438 2647 2661 2719 quidem
2694 2653 2780 2703 est
2815 2661 2912 2702 cor
2933 2646 3272 2717 pmnitentis.
3305 2641 3510 2701 Pluvia:
3542 2653 3640 2695 au-

300 2778 319 2795 .
370 2700 520 2802 .tem,
565 2700 766 2791 fluxus.
809 2736 1196 2806 lacrymarum.
1240 2700 1520 2791 Fertilitas
1561 2750 1695 2791 vero
1749 2734 2032 2795 fructuum
2060 2700 2166 2795 'estl
2202 2700 2574 2812 suppeditlatio
2614 2739 2914 2811 gratiarum
2934 2700 3354 2810 (spiritualium.
3407 2737 3479 2792 Et
3522 2733 3640 2789 fru-

366 2834 640 2892 mentum,
669 2825 1075 2881 ﬁrmamentum
1097 2824 1296 2881 animae
1349 2841 1449 2897 per
1468 2825 1762 2883 actionem.
1824 2829 2029 2885 Vinum
2067 2839 2254 2887 autem
2312 2841 2398 2888 est
2446 2829 2635 2887 laetitia
2682 2830 2887 2885 mentis
2945 2845 3045 2900 per
3095 2827 3640 2900 contemplationem.

364 2917 564 2976 Oleum
626 2926 812 2975 autem
882 2925 988 2987 est,
1018 2934 1142 2990 quae
1207 2934 1308 2990 per
1338 2926 1636 2990 utrumque
1670 2920 1888 2976 exsistit
1921 2923 2174 2980 hilaritas
2207 2931 2265 2979 et
2300 2923 2626 2981 constitutio
2666 2930 2724 2979 et
2776 2937 2899 2994 qua:
2935 2937 3035 2993 per
3070 2931 3323 2979 sanctum
3371 2921 3643 2993 Spiritum

367 3012 431 3069 ﬁt
454 3012 807 3068 illuminatio.

368 3125 480 3181 Kal
501 3124 687 3181 ἔδωκε
714 3121 1220 3195 Κύριοςμθάνατοκ
1247 3123 1319 3177 ἐν
1352 3124 1605 3194 Ἰσραὴλ
1653 3126 1805 3195 πρωῒ
1841 3125 1954 3191 ἕως

932 3192 954 3209 η

920 3193 1078 3263 ὥρας
1115 3193 1390 3262 ἀρίστου.

2064 3123 2131 3179 Et
2166 3125 2309 3179 dedit
2354 3125 2615 3203 Dominus
2647 3133 2871 3203 mortem
2910 3128 2965 3180 in
2999 3126 3174 3203 Israel
3206 3146 3242 3184 a
3275 3147 3431 3186 mane
3481 3148 3645 3203 usque

2545 3195 2615 3248 ad
2637 3197 2825 3250 horam
2849 3198 3064 3266 prandii
3088 3198 3152 3252 ³⁵.

455 3309 588 3364 ’Δπδ
624 3308 772 3381 πρωῒ
796 3308 926 3378 γὰρ,
981 3306 1125 3361 τοῦτ’
1155 3306 1325 3373 ἔστιν,
1361 3309 1426 3362 ἐκ
1447 3306 1543 3362 τοῦ
1583 3308 1801 3380 πρώτου
1826 3326 1950 3363 και-

2125 3304 2169 3359 Α
2214 3320 2374 3361 mane
2416 3306 2602 3370 enim,
2644 3306 2752 3361 hoc
2780 3318 2902 3373 est,
2942 3324 2975 3363 a
3016 3310 3196 3380 primo
3245 3321 3491 3385 tempore
3515 3306 3643 3375 vita

372 3392 469 3474 ροῦ
491 3405 590 3473 τῆς
616 3399 965 3473 ἀνθρωπίνης
996 3400 1163 3471 ζωῆς,
1209 3402 1239 3453 6
1263 3400 1493 3464 θάνατος
1528 3399 1617 3454 διά
1646 3401 1745 3472 τὴν
1775 3402 1954 3473 ἀμαρ-

367 3494 490 3548 τίαν
510 3492 855 3565 κατενεμήθη
900 3493 1027 3555 τοὺς
1051 3490 1373 3563 ἀνθρώπους
1403 3491 1509 3556 ἓως
1532 3492 1680 3563 ὧρας
1707 3491 1953 3562 ἀρίστου,

374 3585 514 3639 τοῦτ’
548 3585 717 3650 ἔστιν,
748 3583 857 3637 ἀπὸ
890 3582 1064 3654 Ἀδὰμ
1092 3583 1221 3654 ἄχρι
1246 3581 1346 3636 τοῦ
1368 3582 1629 3654 Χριστοῦ.
1651 3576 1817 3647 Οὗτος
1844 3584 1956 3655 γάρ

371 3678 523 3731 ἐστιν
553 3676 775 3750 ἀριστος
798 3672 873 3740 ὡς
893 3675 1059 3746 ἄρτος
1085 3675 1184 3746 τῆς
1208 3673 1377 3744 ζωῆς,
1402 3675 1495 3728 καὶ
1516 3673 1594 3739 ὡς
1615 3675 1832 3748 τρέφων
1860 3676 1956 3730 καὶ

370 3768 610 3833 ποτίζων
666 3768 817 3839 ἡμᾶς
870 3766 948 3838 τῷ
1009 3766 1261 3840 ἀχράντῳ
1293 3768 1459 3821 αὑτοῦ
1484 3766 1719 3838 σώματι,
1746 3769 1841 3822 καὶ¹
1877 3767 1956 3841 τῷ

369 3860 542 3931 τιμίῳ
574 3859 789 3930 αἵματι.
840 3859 949 3912 Καὶ
986 3854 1110 3913 εἶπε
1159 3856 1342 3913 Δαϐίδο
1384 3879 1403 3911 ι
1446 3857 1583 3913 Ἰδοὺ
1616 3858 1728 3929 ἐγὼ
1774 3860 1957 3933 ἡμάρ-

367 3967 537 4024 τηκα,
581 3950 677 4005 καὶ
728 3949 839 4020 ἐγὼ
867 3950 895 4005 6
936 3952 1145 4023 ποιμὴν
1177 3953 1574 4024 ὲκακοποίησα·
1622 3953 1863 4022 γενέσθω
1889 3953 1955 4026 δὴ

367 4042 404 4113 ἡ
430 4039 553 4112 χείρ
586 4057 679 4094 σου
713 4041 771 4094 ὲν
793 4039 937 4111 ἐμοὶ,
968 4039 1164 4112 Κύριε.
1196 4059 1214 4090 ι
1240 4040 1477 4112 Χριστὸς
1516 4041 1624 4113 γὰρ
1651 4043 1680 4096 ὁ
1707 4043 1829 4108 νέος
1850 4044 1956 4095 Λα..

371 4131 481 4197 διδ,
508 4132 536 4185 6
563 4131 771 4202 ποιμὴν
799 4133 827 4184 6
845 4131 1027 4197 καλὸς,
1053 4134 1133 4196 είς
1159 4132 1354 4186 ἑαυτὸν
1384 4133 1482 4198 τὰς
1499 4134 1777 4205 ἁμαρτίας
1797 4133 1956 4206 ἡμῶν

370 4221 789 4293 ἀναδεξάμενος,
808 4222 972 4293 ἔθηκε
1004 4223 1102 4292 τὴν
1127 4224 1306 4294 ψυχὴν
1331 4224 1472 4297 ὑπὲρ
1503 4226 1612 4279 τῶν
1645 4226 1954 4298 προϐάτων.

371 4313 485 4366 Kal
520 4311 784 4379 ἐξέτεινεν
810 4312 839 4368 6
871 4314 1102 4384 ἄγγελος
1137 4316 1238 4387 τὴν
1263 4318 1420 4387 χεῖρα
1455 4316 1644 4382 αὐτοῦ,
1670 4319 1856 4388 φησὶν,
1874 4319 1957 4382 είς

382 4404 742 4478 Ἰερουσαλὴμ
777 4403 873 4459 τοῦ
924 4405 1236 4477 διαφθεῖραι
1279 4407 1339 4460 ὲν
1382 4407 1541 4479 αὐτῇ.
1601 4427 1620 4461 ι
1655 4410 1765 4463 Kal
1807 4425 1952 4481 παρ-

370 4496 576 4570 εκλήθη
608 4496 814 4570 Κύριος
835 4496 931 4552 καὶ
959 4493 1134 4563 εἶπεν,
1157 4496 1362 4551 Ἱκανὸν
1389 4498 1505 4562 νῦν,
1526 4498 1651 4562 ἀνες
1673 4499 1770 4572 τὴν
1795 4500 1956 4572 χεῖρά

372 4609 490 4647 σου.
531 4609 551 4643 ι
603 4590 960 4663 Ἰερουσαλὴμ
1004 4590 1114 4662 γὰρ
1149 4591 1183 4662 ἡ
1239 4589 1539 4661 Ἐκκλησία
1591 4591 1700 4645 τῶν
1744 4592 1954 4647 πιστῶν

2060 3397 2333 3465 humanae,
2372 3413 2521 3455 mors
2558 3410 2785 3471 propter
2819 3412 3108 3472 peccatum
3151 3406 3377 3478 depasta
3420 3420 3507 3468 est
3536 3413 3642 3469 ho-

2060 3488 2240 3545 mines
2273 3504 2449 3560 usque
2488 3491 2556 3548 ad
2608 3492 2799 3548 horam
2840 3495 3080 3564 prandii,
3106 3497 3213 3555 hoc
3240 3509 3326 3556 est
3363 3501 3434 3557 ab
3465 3503 3639 3561 Adam

2059 3596 2237 3651 usque
2274 3582 2344 3637 ad
2386 3582 2690 3640 Christum.
2734 3586 2856 3657 Ipse
2901 3588 3049 3643 enim
3087 3599 3172 3646 est
3204 3593 3497 3663 prandium
3528 3604 3642 3652 tan-

2059 3688 2226 3742 quam
2256 3674 2415 3744 panis
2437 3674 2585 3741 vitae,
2615 3682 2673 3732 et
2701 3686 2765 3732 ut
2787 3678 2882 3750 qui
2917 3695 3017 3736 nos
3039 3681 3149 3737 alat
3169 3691 3227 3738 et
3263 3692 3420 3754 potet
3442 3686 3641 3743 imma-

2059 3765 2242 3821 culato
2284 3781 2386 3822 suo
2419 3782 2653 3840 corpore
2693 3777 2753 3826 et
2795 3772 3042 3842 pretioso
3075 3776 3364 3847 sanguine.
3399 3778 3469 3833 Et
3500 3781 3644 3837 dixit

2058 3855 2233 3912 David
2264 3874 2276 3910 :
2300 3875 2319 3909 ι
2352 3857 2495 3914 Ecce
2515 3873 2618 3929 ego
2647 3860 2892 3930 peccavi,
2914 3870 2971 3916 ει
2987 3877 3091 3933 ego
3110 3872 3303 3933 pastor
3328 3868 3470 3923 male
3491 3866 3598 3924 feci
3624 3887 3638 3900 -

2058 3948 2132 4004 sit
2170 3963 2368 4005 manus
2405 3957 2501 4005 tua
2544 3950 2603 4006 in
2651 3966 2741 4007 me
2778 3952 3012 4009 Domine
3032 3954 3098 4007 ³⁸.
3140 3973 3158 4006 ι
3194 3954 3448 4014 Christus
3490 3961 3641 4017 enim

2058 4056 2237 4098 novus
2271 4042 2442 4099 David
2461 4085 2477 4109 ,
2508 4052 2700 4115 pastor
2736 4044 2830 4101 ille
2857 4045 3059 4110 bonus,
3083 4046 3181 4116 qui
3218 4046 3276 4103 in
3311 4061 3371 4105 se
3394 4053 3644 4123 suscepit

2044 4141 2252 4190 nostra
2284 4145 2529 4205 peccata,
2556 4135 2743 4206 posuit
2770 4136 3013 4191 animam
3043 4152 3199 4192 suam
3224 4152 3327 4208 pro
3346 4139 3548 4197 ovibus
3563 4143 3630 4198 8⁷.

2060 4222 2130 4280 Ει
2163 4225 2414 4280 extendit
2435 4241 2680 4292 manum,
2717 4227 2915 4298 inquit,
2946 4243 3102 4283 suam
3132 4230 3360 4300 angelus
3387 4230 3443 4286 in
3464 4232 3629 4290 Jeru-

2061 4317 2252 4381 salem,
2289 4324 2352 4371 ut
2380 4317 2553 4388 ipsam
2580 4318 2858 4388 perderet.
2892 4338 2912 4372 ι
2945 4320 3016 4375 Et
3041 4328 3300 4377 exoratus
3321 4320 3426 4377 fuit
3447 4323 3637 4381 Domi—

2059 4422 2187 4471 nus,
2202 4414 2260 4462 et
2274 4406 2414 4464 dixit
2438 4425 2451 4461 :
2471 4407 2684 4463 Sullicit
2701 4425 2873 4475 nunc,
2890 4410 3346 4467 remittemanum
3365 4420 3514 4469 tuam
3536 4414 3600 4469 ³⁸.
3614 4434 3633 4468 ι

2059 4497 2368 4554 Jerusalem
2414 4498 2564 4553 enim
2620 4508 2707 4554 est
2762 4498 3010 4556 Ecclesia
3061 4498 3338 4567 ﬁdelium,
3382 4517 3486 4573 pro
3533 4519 3642 4575 qua

2061 4586 2318 4646 Christus
2355 4599 2639 4656 mortuus,
2691 4599 2749 4648 et
2781 4591 2960 4649 factus
2997 4608 3099 4664 pro
3129 4594 3292 4651 nobis
3325 4595 3392 4651 ad
3421 4597 3641 4655 Patrem

371 4682 514 4755 ὑπὲρ
545 4678 615 4755 ἧς
644 4683 675 4737 6
694 4681 940 4754 ¹Χριστὸς
967 4681 1276 4748 ἀποθανὼν,
1315 4684 1410 4737 καὶ
1438 4683 1788 4756 παράκλητος
1813 4682 1953 4758 ὑπὲρ

2060 4681 2363 4738 advocatus
2385 4681 2462 4747 ”,
2498 4683 2765 4753 repressit
2806 4684 3077 4741 letiferam
3115 4702 3340 4743 manum
3382 4698 3646 4745 extermi-

371 4772 530 4844 ἡμῶν
562 4772 698 4845 πρὸς
722 4773 814 4827 τὸν
860 4770 1082 4843 Πατέρα
1108 4773 1421 4844 γενόμενος,
1452 4774 1645 4846 ἔστησε
1673 4775 1769 4848 τὴν
1792 4775 1958 4831 θανα-

2060 4774 2293 4829 natoris.
2329 4774 2467 4829 Nam
2504 4788 2629 4828 cum
2655 4775 2989 4833 surrexisset
3012 4792 3080 4833 ex
3108 4765 3364 4845 mortuis,
3399 4780 3645 4839 abolevit

372 4858 608 4936 τηφόρον
637 4867 796 4937 χεῖρα
849 4864 943 4919 τοῦ
999 4863 1397 4935 όλοθρεύοντος.
1426 4865 1692 4930 ’Δναστὰς
1723 4866 1837 4939 γὰρ
1891 4868 1953 4920 ὲκ

2059 4874 2319 4931 mortem,
2345 4871 2403 4920 ει
2428 4864 2610 4921 factus
2638 4875 2725 4921 est
2741 4866 3002 4937 primitiae
3027 4868 3452 4928 immortalitatis
3478 4871 3639 4927 habi-

371 4954 582 5025 νεκρῶν
615 4957 935 5027 κατήργησε
977 4955 1071 5009 τὸν
1100 4954 1353 5022 θάνατον,
1410 4955 1506 5010 καὶ
1545 4956 1769 5028 ἀπαρχὴ
1824 4956 1953 5012 ἀθα-

2060 4957 2334 5014 tatoribus
2361 4958 2644 5016 Ecclesiae.
2689 4960 2901 5019 Deinde
2937 4962 3110 5019 David
3152 4964 3340 5021 divina
3385 4964 3641 5021 admoni-

370 5048 566 5111 νασίας
601 5051 714 5112 τοῖς
742 5050 1022 5122 οἰκήτορσι
1055 5048 1157 5120 τῆς
1187 5047 1515 5120 Ἐκκλησίας
1546 5049 1785 5118 ἐγένετο.
1819 5045 1953 5106 Εἶτα

2059 5048 2210 5105 tione
2245 5048 2339 5105 hic
2372 5048 2513 5105 vidit
2549 5051 2802 5123 angelum
2842 5053 3348 5121 exterminatorem,
3387 5061 3445 5110 et
3486 5055 3643 5111 stetit

372 5141 516 5196 κατά
543 5140 695 5193 θείαν
743 5138 1051 5211 ὑπόμνησιν
1078 5141 1107 5195 ὁ
1152 5138 1317 5193 Δαὸὶδ
1342 5138 1471 5192 ἔνθα
1508 5137 1600 5193 τὸν
1629 5138 1953 5212 όλοθρευτὴν

2055 5139 2165 5196 ﬁxo
2207 5140 2402 5207 altari,
2446 5148 2504 5196 et
2548 5141 2867 5199 holocausta
2901 5153 2959 5199 et
2997 5144 3224 5215 paciﬁca
3258 5146 3371 5202 Deo
3413 5146 3636 5203 obtulit.

369 5232 603 5301 ἄγγελον
630 5230 794 5298 εἶδεν,
837 5232 1058 5302 ἑστήκει
1098 5230 1369 5301 διαπήξας
1407 5230 1816 5303 θυσιαστήριον,
1841 5231 1953 5286 ὁλο-

2053 5233 2193 5290 Nam
2225 5232 2318 5289 ille
2340 5233 2564 5304 Quidem
2590 5235 2741 5290 stetit
2755 5235 2912 5302 juxta
2944 5247 3129 5291 aream
3160 5235 3340 5295 Ome.
3370 5238 3511 5294 Area
3540 5254 3641 5294 au-

370 5321 712 5394 καυτώματα
736 5323 830 5377 καὶ
856 5322 1110 5394 εἰρηνικά
1135 5323 1404 5394 ἀνήνεγκε
1455 5320 1534 5394 τῷ
1574 5320 1712 5394 Θεῷ.
1740 5322 1953 5378 Ἶστατο

2055 5333 2163 5383 tem
2198 5335 2282 5382 est
2303 5326 2520 5397 piorum
2556 5325 2822 5392 Ecclesia,
2868 5327 2924 5382 in
2949 5341 3114 5398 quam
3150 5328 3326 5385 instar
3357 5331 3633 5400 spicarum

373 5414 474 5486 μὲν
502 5415 611 5487 γὰρ
638 5416 844 5480 ἐκεῖνος
882 5414 1031 5488 παρά
1062 5415 1161 5486 τὴν
1188 5414 1302 5469 ἅλω
1333 5413 1427 5467 τοῦ
1464 5414 1653 5486 Ὀρνᾶ.
1685 5414 1866 5479 "Aloi;
1896 5415 1953 5470 δὲ

2053 5423 2473 5488 comportantur
2512 5414 2551 5470 ii
2590 5414 2687 5487 qui
2733 5424 3020 5472 metuntur
3042 5432 3142 5488 per
3186 5418 3632 5490 pmdicationem

371 5506 408 5577 ἡ
438 5506 740 5579 Ἐκκλησία
774 5510 883 5563 τῶν
912 5507 1174 5574 εὐσεϐῶν,
1224 5508 1304 5573 είς
1349 5508 1414 5574 ἢν
1462 5506 1751 5579 ἀσταχύων
1796 5506 1953 5579 δίκην

2053 5507 2426 5579 evangelicam
2449 5549 2464 5576 ,
2493 5508 2564 5564 ab
2597 5523 2789 5567 errore
2828 5517 2886 5565 et
2917 5508 3262 5569 inﬁdelitate.
3306 5512 3478 5581 Quam
3511 5511 3635 5583 qui-

371 5750 409 5793 "
445 5662 491 5787 ’ἶ
516 5664 560 5720 II
589 5668 721 5736 Reg.
748 5683 860 5733 ιιι,
894 5665 980 5722 l0.
1059 5656 1103 5699 π
1134 5666 1178 5722 Il
1201 5666 1333 5737 Reg.
1372 5684 1515 5735 xxrv,
1552 5669 1633 5724 l5.
1714 5669 1757 5703 "
1786 5668 1920 5725 ibid.
1960 5668 2043 5723 l7.
2124 5665 2169 5698 ³⁷
2192 5666 2350 5724 Joan.
2378 5683 2431 5737 κ,
2462 5668 2548 5725 15.

693 5826 961 5887 ΡΑτιιοι.
1008 5826 1122 5887 Gn.
1158 5826 1452 5898 ,I.XX\*’II.

3164 5831 3237 5895 40

2661 5668 2704 5703 ³⁸
2738 5666 2783 5724 II
2812 5665 2946 5737 Reg.
2976 5686 3119 5739 χειν,
3150 5672 3238 5729 lﬁ.
3339 5672 3381 5706 ”
3416 5671 3435 5725 1
3467 5668 3625 5726 Joan.
