4076 6474
496 391 631 447 1259

1693 384 1750 441 S.
1790 380 2062 440 CYRILLI
2102 381 2190 436 ΕΤ
2232 383 2540 440 ALIORU‘M

3625 390 3760 448 1260

489 513 615 567 dem
647 520 835 564 aream
861 505 994 561 emit
1021 505 1422 577 quinquaginta
1451 504 1622 560 siciis.
1642 503 1898 559 Christus
1921 501 2057 557 enin“

2177 502 2602 574 συγκομίζονται
2649 505 2697 557 οί
2755 503 3092 578 θεριζὸμενοι
3121 506 3207 561 διά
3260 503 3354 561 τοῦ
3403 505 3756 575 εὑαγγελικοῦ

482 601 622 656 emit
661 598 963 654 Ecclesiam
1000 611 1198 667 magno
1224 598 1427 668 pretio,
1455 611 1654 667 nempe
1699 594 1926 666 proprio
1951 609 2074 648 san-

486 691 671 760 guine.
702 689 771 744 Et
793 690 900 743 ﬁxo
923 688 979 743 in
1000 704 1065 744 ea
1086 689 1272 754 altari,
1299 689 1354 742 in
1376 689 1657 754 omnibus,
1683 687 1929 758 inquam,
1952 703 2075 756 quae

486 788 616 847 sunt
644 793 744 848 per
771 778 892 832 loca
916 776 1171 833 ecclesiis
1196 785 1521 832 constructo
1542 777 1726 843 altari,
1744 775 2074 832 sacriﬁcavit

485 871 626 925 duos
654 869 846 935 boves,
882 885 984 940 per
1005 883 1148 938 quos
1180 868 1564 940 signiﬁcantur
1592 879 1650 925 et
1681 868 1919 940 populus
1949 883 2072 923 cre-

485 961 736 1016 dentium
757 977 824 1016 ex
847 960 1272 1016 circumcisione
1295 970 1352 1016 ct
1377 964 1424 1017 is
1454 961 1548 1031 qui
1580 972 1665 1016 est
1689 977 1754 1017 ex
1779 959 2068 1032 praeputio.

487 1053 663 1110 Boves
701 1052 950 1124 quidem,
977 1062 1038 1108 ut
1062 1054 1157 1122 qui
1198 1053 1427 1108 fuerunt
1458 1053 1562 1107 sub
1596 1055 1728 1124 jugo
1765 1051 2064 1122 Evangelii.

485 1145 793 1202 Sacriﬁcati
829 1154 1045 1209 autem,
1087 1153 1150 1198 ut
1179 1145 1274 1214 qui
1323 1145 1537 1214 scipsos
1573 1143 1902 1208 sacriﬁcent,
1942 1157 2070 1212 pro-

485 1248 676 1310 pterea
699 1237 849 1308 quod
877 1238 1008 1293 vitia
1038 1246 1282 1293 mactent
1311 1245 1369 1292 et
1399 1237 1848 1307 perturbationes
1873 1234 2065 1298 animi,

483 1341 541 1388 et
592 1347 659 1386 ea
701 1340 1034 1386 consumant
1082 1331 1207 1400 igne
1255 1330 1430 1384 sancti
1478 1329 1736 1400 Spiritus.
1789 1327 2066 1384 Sacriﬁcia

482 1429 670 1478 autent
707 1429 764 1474 et
793 1420 1020 1490 paciﬁca
1053 1435 1244 1474 rursus
1285 1428 1415 1475 sunt
1436 1419 1553 1490 ipse
1574 1420 1830 1476 Christus
1857 1419 2066 1476 sacriﬁ-

483 1520 642 1565 catus
677 1525 776 1579 per
816 1509 1108 1580 mysticum
1145 1517 1202 1563 et
1234 1509 1585 1564 incruentum
1625 1508 1978 1574 sacriﬁcium,
2008 1519 2066 1564 ct

481 1603 694 1658 donans
717 1618 907 1672 pacem
929 1602 999 1656 iis
1026 1602 1121 1672 qui
1147 1602 1414 1658 adversus
1442 1603 1615 1658 Deum
1640 1602 1846 1658 bellum
1877 1617 2061 1673 gesse-

480 1704 632 1760 runt,
657 1703 713 1749 et
742 1710 843 1749 nos
871 1693 923 1748 ei
954 1693 1342 1748 reconcilians.

925 1891 1016 1946 EX
1060 1891 1317 1946 TERTIO
1359 1891 1619 1947 REGUM.

766 1981 842 2036 De
880 1981 1004 2037 Elia
1036 1991 1086 2036 et
1110 1980 1484 2053 Sarephthana
1509 1981 1668 2038 vidua
1689 1981 1754 2035 ⁸ο.

546 2090 740 2148 Omnis
767 2091 951 2147 anima
989 2092 1198 2147 virtute
1226 2092 1392 2148 vidua
1418 2103 1477 2148 et
1512 2093 1848 2164 cognitione,
1885 2093 2057 2165 siqui-

475 2186 602 2243 dem
630 2188 942 2257 susceperit
965 2187 1208 2243 divinam
1247 2197 1303 2242 et
1335 2188 1743 2244 discernentem
1768 2189 2058 2252 rationem,

478 2278 776 2335 reducetur
809 2280 877 2334 ad
920 2281 1245 2335 memoriam
1290 2281 1538 2352 priorum
1579 2291 1954 2352 peccatorum,
2003 2291 2060 2335 et

476 2371 578 2441 ipsi
620 2381 832 2428 naturas
873 2373 1132 2442 praeferet
1165 2375 1442 2428 culturam
1476 2373 1651 2444 ipsius
1695 2374 1922 2429 rationis
1958 2392 1971 2429 :
2003 2385 2060 2430 et

473 2462 701 2518 habebit
725 2478 948 2518 carnem
987 2464 1212 2533 quidem
1244 2471 1507 2534 tanquam
1539 2462 1812 2533 hydriam,
1859 2479 2059 2534 suppe-

472 2549 740 2606 ditantem
761 2567 959 2622 panem
982 2551 1276 2618 virtutum,
1317 2559 1558 2608 mentem
1589 2562 1772 2608 autem
1797 2562 2058 2623 tanquam

471 2649 755 2712 guttarum
789 2657 860 2698 ex
890 2657 1003 2714 quo
1033 2652 1255 2697 emanat
1298 2642 1392 2696 lux
1433 2643 1784 2713 cognitionis,
1810 2642 2058 2698 innatam

473 2742 660 2788 autem
711 2734 1215 2802 ratiocinationem,
1261 2745 1519 2807 tanquam
1566 2735 1738 2791 ﬁlium
1779 2735 1876 2806 qui
1909 2735 2060 2790 vitiis

470 2825 702 2895 quidem
753 2833 812 2879 et
846 2826 1018 2880 animi
1061 2827 1355 2883 affectibus
1387 2827 1681 2882 obnoxiam
1711 2827 1939 2897 deponit
1978 2828 2060 2883 vi-

472 2930 607 2986 tam,
633 2934 777 2975 novo
807 2930 992 2976 autem
1025 2931 1083 2977 et
1119 2923 1354 2992 pulchro
1392 2922 1557 2978 modo
1594 2922 1794 2993 dignus
1823 2921 2059 2977 habetur

472 3010 888 3082 impatibilitate
903 3049 922 3069 .

544 3125 760 3181 Sancta;
786 3124 1085 3196 Scriptura:
1108 3141 1292 3181 sermo
1324 3141 1451 3181 cum
1475 3126 1892 3184 sublimioribus
1923 3144 2057 3184 sen-

2180 594 2554 665 κηρύγματος,
2591 596 2699 650 ἀπὸ
2753 596 2854 667 τῆς
2911 598 3121 668 πλάνης
3166 598 3261 652 καὶΙ
3323 598 3604 665 ἀπιστίας,
3656 599 3759 651 Ἦν

2178 679 2356 734 ἅλωνα
2377 681 2608 752 ἐπρίατο
2634 683 2679 736 ν’
2714 683 2932 741 σίκλων.
2965 685 3075 739 Καὶ
3110 686 3218 758 γάρ
3247 689 3276 740 ό
3300 687 3534 758 Χριστὸς
3567 686 3766 758 ἐπρία-

2175 787 2235 824 το
2262 772 2362 842 τὴν
2384 772 2714 844 Ἐκκλησίαν
2744 774 2941 830 πολλοῦ
2971 778 3302 850 τιμήματος·
3336 779 3430 832 τοῦ
3465 778 3600 832 ἰδίου
3650 777 3760 848 γάρ

2173 866 2404 936 αἵματος
2437 867 2752 939 πηξάμενος
2781 868 3184 941 θυσιαστήριον,
3216 871 3274 923 ὲν
3327 870 3485 941 αὐτῇ,
3519 870 3663 939 λέγω
3692 867 3762 936 δὴ

2173 958 2241 1012 τά
2273 960 2332 1010 ἐν
2364 959 2568 1022 πάσαις
2598 961 2720 1024 ταῖς
2747 959 2891 1014 κατά
2919 963 3085 1014 τόπον
3106 961 3422 1031 ἐκκλησίαις
3456 959 3758 1032 θυσιαστή-

2173 1069 2286 1117 ρια,
2303 1051 2462 1106 ἔθυσε
2487 1052 2579 1106 δύο
2602 1053 2752 1124 βόας,
2769 1053 2836 1108 δι’
2855 1047 2930 1108 ὧν
2946 1054 2974 1108 ὅ
2995 1072 3054 1108 τε
3075 1055 3140 1108 ὲκ
3164 1054 3466 1125 περιτομῆς
3486 1053 3762 1108 πιστεύων

2170 1141 2298 1207 λαὸς
2326 1143 2414 1196 καλ
2441 1145 2470 1197 ό
2500 1144 2559 1211 ἐξ
2590 1143 2959 1214 ἀκροϐυστίας
2995 1145 3477 1215 ὑποσημαίνονται.
3503 1144 3632 1208 Βόες
3655 1143 3759 1215 μὲν

2169 1231 2246 1295 ῶς
2277 1233 2382 1286 ὑπὸ
2403 1234 2568 1302 ζυγὸν
2598 1234 2692 1288 τοῦ
2716 1235 3051 1304 Εὑαγγελίου
3095 1236 3398 1305 γεγονότες·
3430 1234 3759 1305 θυσιαζόμε-

2170 1341 2252 1377 νοι
2284 1325 2361 1388 ὡς
2386 1325 2604 1390 θύοντες
2636 1327 2884 1391 ἑαυτοὺς,
2910 1328 3000 1381 διὰ
3029 1327 3124 1382 τοῦ
3153 1328 3476 1397 σφαγιάζειν
3495 1327 3564 1381 τά
3585 1327 3753 1398 πάθην

2168 1416 2262 1468 καὶ
2288 1415 2600 1471 ἀναλίσκειν
2638 1417 2782 1471 αὐτὰ
2805 1417 2883 1489 τῷ
2909 1417 3045 1490 πυρί
3072 1417 3167 1473 τοῦ
3210 1419 3369 1487 ἁγίου
3415 1417 3755 1488 Πνεύματος.

2167 1505 2361 1558 Θυσίαι
2390 1504 2448 1557 δὲ
2481 1506 2574 1558 καὶ
2606 1506 2860 1577 εἰρηνικά
2915 1507 3078 1572 αὐτὸς
3109 1508 3278 1563 πάλιν
3327 1510 3356 1563 ό
3398 1507 3639 1581 Χριστὸς
3666 1507 3756 1562 διά

2165 1594 2264 1664 τῆς
2309 1597 2574 1666 μυστικῆς
2630 1598 2727 1650 καὶ
2773 1599 3113 1669 ἀναιμάκτου
3141 1598 3331 1664 θυσίας
3369 1600 3602 1654 ἑκάστου
3631 1598 3752 1653 θυό-

2169 1703 2348 1755 μενος,
2392 1687 2488 1740 καὶ
2541 1689 2768 1759 εἰρήνην
2800 1692 2914 1754 τοῖς
2949 1691 3500 1763 ἑκπεπολεμωμένοις
3531 1691 3610 1763 τῷ
3633 1689 3755 1761 Θεῷ

2164 1776 2522 1848 δωρούμενος,
2560 1779 2653 1833 καί¹
2678 1781 3168 1836 ἀποκαταλλάττων
3191 1785 3361 1855 ἡμᾶς.

2446 1892 2584 1946 ΤΗΣ
2619 1894 2872 1949 ΤΡΙΤΗΣ
2909 1897 3046 1951 ΤΩΝ
3081 1897 3468 1951 ΒΑΣΙΛΕΙΩΝ.

2333 1983 2436 2050 Εἰς
2469 1985 2578 2040 τὸν
2602 1986 2825 2053 Ἠλίαν,
2845 1988 2940 2042 καὶ
2960 1989 3049 2054 εἰς
3071 1987 3187 2057 τὴν
3206 1989 3571 2058 Σαραφθίαν.

2233 2095 2391 2150 Πᾶσα
2413 2096 2561 2169 ψυχὴ
2593 2097 2905 2168 χηρεύουσα
2923 2099 3128 2171 ἀρετῆς
3161 2099 3256 2154 καὶ
3291 2099 3567 2168 γνώσεως,
3589 2100 3748 2170 εἴπερ

2163 2186 2481 2252 ὑποδέξεται
2521 2189 2615 2242 τὸν
2648 2189 2791 2244 θεῖον
2842 2191 2940 2244 καὶ
2984 2190 3375 2260 διαγνωστικὸν
3423 2191 3602 2260 λόγον,
3668 2191 3748 2258 εἰς

2164 2281 2388 2352 μνήμην
2436 2281 2642 2351 ἄγοντα
2692 2283 2802 2337 τῶν
2836 2283 3123 2354 προτέρων
3169 2285 3618 2358 ἁμαρτημάτων,
3652 2289 3748 2340 καὶ

2160 2374 2487 2444 προτιμήσει
2522 2375 2616 2428 καὶ
2644 2375 2820 2446 αὐτῆς
2851 2375 2953 2446 τῆς
2983 2375 3199 2444 φύσεως
3233 2377 3332 2449 τὴν
3366 2379 3446 2442 εἰς
3477 2378 3640 2432 αὑτὸν
3660 2378 3740 2432 θε-

2163 2463 2545 2532 ραπείαν·’ἐξει
2573 2466 2672 2538 τὴν
2710 2465 2892 2538 σάρκα
2925 2467 3024 2535 μὲν
3047 2467 3125 2532 ῶς
3159 2468 3368 2539 ὑδρίαν,
3399 2471 3747 2541 χορηγοῦσαν

2159 2554 2249 2608 τὸν
2277 2557 2442 2627 ἄρτον
2471 2556 2582 2612 τῶν
2619 2557 2854 2628 ἀρετῶν,
2910 2559 3003 2613 τὸν
3036 2559 3163 2615 νοῦν
3195 2558 3254 2613 δὲ
3283 2559 3360 2624 ὡς
3417 2559 3744 2632 καμψάκην,

2160 2646 2478 2717 πηγάζοντα
2531 2648 2593 2702 τὸ
2639 2649 2757 2718 φῶς
2800 2649 2904 2719 τῆς
2953 2650 3226 2720 γνώσεως·
3276 2651 3368 2705 τὸν
3402 2651 3642 2722 ἔμφυτον
3688 2653 3745 2706 δὲ

2159 2738 2440 2812 λογισμὸν,
2477 2741 2554 2805 ῶς
2588 2740 2723 2806 υίὸν,
2757 2740 2857 2814 τήν
2891 2743 3112 2813 ἐμπαθῆ
3162 2743 3260 2814 μὲν
3295 2742 3440 2814 ζωὴν
3477 2741 3756 2798 ἀποτιθέσ-

2162 2848 2344 2902 μενον,
2398 2833 2498 2904 τῆς
2558 2833 2806 2898 ἀπαθοῦς
2857 2835 2915 2889 δὲ
2971 2836 3356 2904 καινοπρεπῶς
3398 2836 3743 2908 ἀξιούμενον.

2240 3118 2300 3171 'O
2335 3118 2436 3188 τῆς
2465 3118 2626 3187 ἁγίας
2657 3118 2882 3190 Γραφῆς
2917 3119 3071 3189 λόγος
3098 3123 3211 3186 τοῖς
3241 3122 3592 3196 ὑψηλοτέροις
3620 3127 3746 3198 νοήα

471 3215 627 3272 sibus
652 3231 951 3288 parumper
975 3218 1194 3274 exuerit
1221 3219 1680 3289 compositionem
1711 3235 1902 3275 eorum
1935 3219 2052 3275 dic-

2163 3226 2296 3279 μασι
2336 3211 2534 3280 μικρὸν
2563 3210 2932 3281 ἐκδυσάμενος
2954 3212 3054 3282 τὴν
3084 3212 3193 3266 τῶν
3215 3215 3303 3268 ἐπ’
3334 3193 3746 3288 αὐτῷ-σωματί-

472 3318 654 3362 torum
675 3323 796 3378 quae
816 3307 872 3362 in
893 3308 1015 3379 ipso
1033 3307 1212 3364 efﬁcta
1231 3317 1362 3365 sunt
1382 3311 1768 3382 corporaliter,
1794 3320 2052 3382 tanquam

473 3397 531 3457 in
555 3412 691 3453 voce
723 3414 873 3453 aurae
913 3399 1135 3455 subtilis
1161 3402 1519 3472 cognoscitur
1552 3411 1737 3457 mente
1775 3403 2054 3473 perspica-

471 3489 630 3554 ciori,
664 3504 788 3558 quae
809 3489 988 3544 solum
1014 3505 1237 3546 sensum
1261 3499 1446 3562 potest
1472 3507 1669 3563 capere
1697 3493 1870 3564 ipsam
1907 3494 2054 3550 indi-

472 3579 652 3635 cautis
676 3578 1069 3650 simplicitatis.
1115 3581 1389 3647 Quoniam
1427 3583 1612 3638 ﬂoreb
1635 3584 1679 3616 ’σί
1703 3584 1927 3654 quidem
1967 3586 2054 3640 in-

478 3677 812 3740 terpretatur
847 3670 1054 3726 Novate
1083 3691 1096 3726 :
1121 3674 1384 3743 spelunca
1423 3685 1608 3731 autem
1638 3685 1726 3732 est
1760 3676 1916 3732 locus
1962 3692 2056 3733 oc-

476 3759 659 3815 cultus
686 3777 699 3814 :
727 3760 1046 3831 quicunque
1079 3778 1191 3818 non
1215 3778 1376 3820 secus
1399 3779 1463 3821 ac
1488 3780 1720 3837 magnus
1750 3767 1898 3822 Elias
1922 3783 2054 3823 vere

472 3851 676 3921 quaerit
705 3851 900 3917 Deum,
937 3869 1048 3909 non
1089 3855 1266 3911 solum
1303 3857 1413 3912 erit
1441 3857 1497 3912 in
1525 3858 1709 3914 Horeb
1736 3859 2056 3930 juveniliter

469 3957 530 3998 se
558 3957 757 4013 gerens
783 3959 850 4000 ac
875 3944 1124 4016 vigorem
1149 3947 1451 4004 ostendens
1476 3949 1533 4004 in
1562 3948 1848 4004 laboribus
1873 3950 2052 4005 virtu-

469 4042 608 4100 tum,
649 4035 747 4091 sed
775 4036 944 4092 etiam
980 4037 1037 4092 in
1065 4040 1327 4109 spelunca
1355 4058 1479 4112 quae
1523 4049 1608 4097 est
1652 4042 1709 4096 in
1755 4041 1964 4110 lioreb,
1997 4043 2052 4099 in

466 4127 704 4191 arcanis,
736 4127 983 4199 inquam,
1011 4132 1340 4202 cognitionis
1369 4149 1492 4204 quae
1521 4140 1605 4188 est
1635 4135 1690 4188 in
1725 4134 1916 4191 habitu
1943 4136 2054 4190 vir-

469 4226 669 4275 tutum.

905 4332 1000 4388 EX
1036 4333 1318 4402 QUARTO
1357 4333 1595 4392 REGUM
1604 4379 1614 4390 .

896 4443 971 4497 De
1007 4443 1133 4500 Elia
1161 4454 1210 4497 et
1246 4446 1359 4516 ejus
1391 4464 1553 4501 curru
1572 4447 1634 4502 δ’.

2157 3300 2269 3362 κῶς
2324 3299 2820 3372 διαπεπλασμένων
2857 3303 3039 3374 ῥητῶν
3090 3303 3363 3372 σύνθεσιν,
3397 3306 3472 3370 ὡς
3497 3308 3555 3360 ὲν
3588 3312 3743 3380 φωνῇ

2155 3388 2327 3461 αὕρας
2351 3389 2554 3462 λεπτῆς
2583 3391 2910 3462 γνωρίζεται
2941 3393 3018 3463 τῷ
3054 3393 3498 3468 διορατικωτέρῳ
3527 3398 3628 3452 νοτ·
3653 3401 3743 3454 αἰ-

2158 3483 2349 3552 σθησιν
2382 3483 2543 3553 μόνον
2593 3484 2831 3556 ἰσχύοντι
2876 3485 3064 3541 λαϐεῖν
3094 3488 3193 3559 τῆς
3238 3490 3551 3561 μηνυούσης
3579 3493 3744 3548 αὐτὸν

2156 3573 2477 3643 ἁπλότητος.
2525 3575 2678 3629 Ἐπεὶ
2726 3576 2785 3629 δὲ
2812 3575 2875 3630 τὸ
2920 3577 3021 3649 μὲν
3057 3579 3287 3651 Χωρὴὸ,
3318 3579 3527 3650 Νέωμα
3567 3583 3743 3654 ἑρμη-

2155 3663 2392 3716 νεύεται·
2427 3662 2487 3716 τὸ
2523 3663 2580 3718 δὲ
2633 3664 2896 3737 σπήλαιον
2950 3666 3180 3738 κρύφιός
3233 3669 3350 3723 ἐστι
3398 3670 3582 3734 τόποςο
3634 3675 3744 3737 πᾶς

2157 3750 2302 3806 κατὰ
2333 3751 2425 3806 τὸν
2467 3753 2643 3824 μέγαν
2683 3755 2870 3810 Ἠλίαν
2916 3757 3096 3828 ζητῶν
3129 3757 3344 3830 ἀληθῶς
3374 3761 3468 3816 τὸν
3497 3761 3652 3830 Θεὸν,
3678 3765 3741 3819 ού

2159 3841 2318 3912 μόνον
2341 3843 2398 3898 ὲν
2429 3844 2509 3914 τῷ
2538 3845 2742 3918 Χωρῆϐ
2787 3849 3078 3918 γενήσεται
3109 3851 3319 3917 νεάζων
3346 3852 3439 3907 καὶ
3473 3853 3742 3924 ἀκμάζων

2155 3933 2214 3986 ὲν
2244 3936 2354 3998 τοῖς
2386 3935 2571 4000 πόνοις
2595 3937 2705 3991 τῶν
2732 3938 2969 4010 ἀρετῶν,
2996 3939 3132 3996 ἀλλά
3163 3943 3257 3996 καὶ
3292 3944 3353 3998 ὲν
3380 3942 3458 4016 τῷ
3489 3944 3742 4016 σπηλαίῳ

2153 4025 2232 4096 τῷ
2260 4027 2318 4080 ὲν
2343 4027 2565 4100 Χωρήϐ·
2597 4028 2739 4098 λέγω
2769 4030 2834 4102 δὴ
2881 4033 2947 4104 τῇ
2979 4034 3305 4107 κρυφιότητι
3329 4038 3430 4106 τῆς
3457 4037 3740 4106 γνώσεως,

2153 4121 2220 4191 τῇ
2255 4117 2389 4192 οὔσῃ
2416 4121 2473 4174 ὲν
2489 4123 2553 4193 τῇ
2576 4121 2688 4187 ἕξει
2715 4122 2823 4176 τῶν
2852 4123 3083 4195 ἀρετῶν.

2385 4322 2523 4376 THE
2559 4322 2925 4377 ΤΕΤΑΡΤΗΣ
2958 4325 3096 4378 ΤΩΝ
3125 4326 3509 4384 ΒΑΣΙΛΕΙΩΝ.

2435 4436 2572 4504 Περί
2624 4435 2988 4491 Ἐλισσαίου
3021 4437 3042 4476 ί
3081 4439 3182 4493 καὶ
3215 4440 3454 4510 δίφρου.

537 4554 894 4612 Cumaculum
934 4568 991 4613 et
1020 4573 1220 4613 currus
1243 4558 1553 4629 signiﬁcant
1580 4564 1850 4621 excelsam
1889 4575 1945 4623 et
1977 4569 2044 4622 il-

2234 4551 2307 4604 Τδ
2333 4552 2583 4623 ὑπερῷον
2617 4552 2710 4604 καὶ
2741 4553 2768 4604 ό
2800 4551 2989 4622 δίφρος
3027 4551 3129 4624 τὴν
3167 4553 3379 4626 ὑψηλὴν
3419 4559 3514 4612 καὶ
3553 4575 3741 4628 πεφω-

465 4643 788 4700 luminatam
816 4646 943 4703 vitae
963 4647 1188 4718 agendae
1238 4649 1505 4706 rationem
1565 4651 1715 4709 Elite.
1780 4655 2045 4714 Infertilia

463 4739 669 4792 ﬂuenta
701 4749 861 4794 erant
891 4741 1064 4812 ﬁgura
1102 4740 1307 4796 sterilis
1336 4741 1404 4797 ad
1433 4743 1692 4813 pietatem
1733 4746 2046 4804 humanita-

466 4825 556 4880 tis.
603 4826 691 4882 Sal
729 4837 943 4893 autem,
987 4829 1252 4884 doctrinae
1287 4829 1613 4888 Servatoris.
1654 4834 1723 4888 Et
1751 4835 1876 4890 ideo
1906 4836 2044 4892 dixit

461 4917 728 4986 apostolis
756 4927 947 4989 postea
978 4936 990 4971 :
1032 4937 1050 4968 ι
1079 4920 1188 4974 Vos
1217 4920 1351 4977 estis
1376 4922 1452 4976 sal
1497 4931 1655 4978 terra:
1676 4924 1740 4977 ⁸³.
1769 4944 1786 4975 ι
1823 4926 1926 4992 Qui
1950 4944 2046 4983 au-

462 5013 572 5060 tem
606 5021 701 5061 eas
734 5007 949 5061 sanavit
983 5005 1212 5062 Elisaeus
1237 5007 1304 5072 “,
1349 5018 1434 5064 est
1477 5007 1651 5080 ﬁgura
1685 5007 1913 5076 Christi,
1946 5014 2042 5083 qui

457 5111 559 5167 per
588 5097 950 5153 imitationem
984 5099 1157 5170 tangit
1188 5107 1505 5156 sanctorum
1547 5101 1891 5169 memoriam,
1918 5120 2041 5174 quae

459 5197 722 5261 tanquam
770 5189 1032 5261 reliquias
1067 5190 1177 5248 fert
1215 5191 1462 5263 ipsorum
1507 5192 1752 5248 actiones
1796 5204 1852 5250 et
1892 5207 2042 5253 recte

460 5280 604 5336 facta
626 5299 640 5334 :
665 5281 712 5336 is
731 5279 989 5338 vitiorum
1006 5283 1228 5356 quidem
1253 5292 1309 5338 et
1331 5283 1628 5339 aﬁcctuum
1650 5284 1877 5354 deponit
1896 5305 2043 5344 mor-

461 5369 840 5439 tiﬁcationem,
873 5376 1079 5448 excipit
1115 5384 1299 5430 autem
1323 5374 1491 5430 vitam
1514 5375 1803 5434 virtutum.

460 5657 523 5707 It,
547 5645 637 5699 2t.

2151 4643 2418 4716 τισμένην
2475 4642 2782 4696 Ἐλισσαίου
2819 4651 2843 4690 8
2879 4643 3155 4700 πολιτείαν
3213 4645 3425 4717 ἐδήλου.
3485 4647 3568 4702 Τά
3637 4652 3740 4718 μὲν

2151 4735 2487 4791 ἀτεκνοῦντα
2516 4734 2763 4806 ῥεύματα
2798 4734 2966 4799 τύπος
2995 4731 3065 4806 ἦν
3102 4737 3201 4808 τῆς
3248 4739 3444 4806 ἀγόνου
3477 4740 3614 4812 πρὸς
3639 4743 3737 4795 εὑ-

2155 4829 2371 4884 σέϐειαν
2397 4826 2836 4898 ἀνθρωπότητος.
2867 4830 2928 4880 Οί
2968 4828 3013 4880 δ’
3060 4827 3207 4895 ἅλες,
3241 4829 3343 4899 τῆς
3383 4830 3738 4896 διδασκαλίας

2150 4919 2245 4974 τοῦ
2270 4919 2547 4990 Σωτῆρος.
2568 4918 2659 4971 Διὸ
2683 4918 2778 4971 καὶ
2811 4919 2949 4990 πρὸς
2978 4919 3104 4983 τοὺς
3133 4919 3465 4985 ἀποστόλους
3507 4921 3740 4992 ὕστερον

2151 5010 2356 5079 ἔλεγεν,
2395 5027 2414 5060 ι
2466 5008 2654 5078 Ὑμεῖς
2693 5011 2817 5062 ὲστε
2871 5009 2930 5063 τὸ
2989 5007 3124 5073 ἃλας
3177 5011 3277 5081 τῆς
3334 5013 3457 5083 γῆς.
3495 5031 3514 5066 t
3575 5013 3633 5067 Ὀ
3690 5014 3737 5067 δ’

2155 5100 2444 5169 ἰασάμενος
2481 5097 2620 5152 αὐτά
2653 5097 2977 5163 Ἐλισσαῖος,
3016 5097 3180 5153 αὑτοῦ
3228 5099 3490 5169 Χριστοῦ,
3526 5100 3612 5156 διὰ
3643 5119 3739 5172 μι-

2155 5193 2372 5263 μήσεως
2396 5191 2698 5260 ἁπτόμενος
2726 5190 2823 5260 τῆς
2857 5191 3076 5262 μνήμης
3104 5189 3213 5244 τῶν
3243 5190 3435 5260 ἁγίων·
3465 5193 3501 5263 ή
3539 5210 3622 5256 τις
3655 5195 3737 5257 ὡς

2150 5283 2377 5352 λείψανα
2417 5282 2572 5353 φέρει
2604 5281 2704 5344 τὰς
2739 5282 2967 5352 πράξεις
2996 5282 3176 5337 αὐτῶν
3205 5284 3300 5338 καὶ
3335 5283 3404 5338 τὰ
3453 5283 3737 5356 κατορθώ-

2153 5391 2318 5448 pater
2343 5373 2440 5445 τὴν
2471 5374 2569 5444 μὲν
2607 5373 2718 5426 τῶν
2746 5374 2936 5428 παθῶν
2971 5363 3237 5446 νέκρωσιν
3266 5375 3603 5443 ἀποτίθεται,
3629 5377 3734 5448 τὴν

2150 5467 2206 5520 δὲ
2238 5465 2346 5519 τῶν
2373 5464 2583 5536 ἀρετῶν
2615 5463 2758 5536 ζωὴν
2788 5466 3125 5537 ὑποδέχεται.

532 5575 669 5660 fil-Ill
694 5577 828 5647 Reg.
861 5593 989 5643 xvn,
1018 5579 1044 5631 l
1073 5591 1223 5646 seqq.
1301 5577 1344 5610 "
1377 5578 1445 5634 Ill
1471 5579 1603 5652 Reg.
1633 5598 1741 5651 xix,
1776 5582 1808 5638 8
1838 5599 1990 5656 seqq.

2161 5585 2222 5642 IV
2250 5584 2384 5655 Reg.
2421 5599 2535 5652 xm,
2564 5585 2589 5640 ἰ
2620 5599 2772 5656 seqq.
2876 5586 2922 5618 ⁸³
2945 5585 3133 5641 Matth.
3161 5603 3215 5651 ν,
3247 5586 3314 5641 15
3417 5587 3459 5619 ⁸⁸
3491 5586 3557 5641 ιν
3590 5585 3732 5660 Reg.

1841 5743 2014 5800 Variae
2053 5745 2337 5802 lectiones.

489 5809 500 5840 '
593 5826 682 5880 ισ.
725 5825 925 5883 Ἠλίου.
1004 5830 1030 5869 ε
1065 5829 1150 5880 ισ.
1187 5827 1374 5885 τηλοῦ.
