4076 6432
383 392 516 457 1261

484 516 624 571 THE
654 513 1008 571 ΔΕΥΤΕΡΑΣ
1027 510 1167 572 ΤΩΝ
1198 510 1861 574 ΠᾹΡΑΛΕΙΪῙΟΜΕΝΩΝ.

971 628 1114 700 Περὶ
1158 629 1363 693 Ὀζῖου.

452 764 473 799 ι
512 745 625 801 Καὶ
652 744 1006 818 ᾠκοδόμησεν
1047 745 1229 813 Ὀζίας
1255 746 1502 819 πύργους
1530 748 1590 801 ὲν
1603 747 1963 822 Ἰερουσαλὴμ

375 836 473 891 καὶ
501 837 599 891 ἐπὶ
619 837 720 909 τὴν
756 836 932 907 πύλην
954 836 1055 909 τῆς
1094 838 1320 911 γωνίας,
1352 840 1447 894 καὶ
1495 841 1589 894 ἐπὶ
1619 839 1719 913 τὴν
1757 840 1961 910 γωνίαν

371 928 476 998 τῆς
500 927 803 1000 φάραγγος,
845 928 939 983 καὶ
986 929 1078 982 ἐπὶ
1105 929 1215 983 τῶν
1234 929 1469 998 γωνιῶν,
1498 930 1594 984 καὶ
1643 929 1960 1002 ᾠκοδόμησε

373 1020 620 1091 πύργους
648 1022 706 1074 ὲν
730 1021 799 1091 τῇ
840 1020 1051 1092 ἐρήμῳ.
1092 1038 1112 1073 ι
1140 1021 1353 1092 Ὠσπερ
1397 1021 1653 1094 Σολομὼν
1691 1021 1855 1096 μέχρι
1880 1039 1961 1077 τι-

370 1111 461 1175 νὸς
510 1111 726 1183 ὑπῆρχε
776 1111 1038 1183 Χριστοῦ·
1086 1111 1232 1167 οὕτω
1278 1112 1376 1168 καὶ
1421 1113 1604 1180 Ὀζίας
1633 1113 1740 1178 ἕως
1789 1113 1955 1180 τινός.

384 1199 569 1267 Ὀζίας
597 1202 706 1276 γὰρ
734 1204 910 1273 ίσχὺς
942 1202 1093 1258 Θεοῦ
1132 1203 1519 1276 ἑρμηνεύεται,
1579 1205 1734 1276 ἰσχὺς
1772 1205 1830 1260 δὲ
1863 1207 1958 1259 καὶ

368 1292 600 1365 δύναμις
622 1295 986 1359 ὲνυπόστατος
1010 1293 1106 1349 τοῦ
1132 1295 1269 1351 Θεοῦ
1298 1297 1393 1352 καὶ⁵
1413 1298 1626 1371 Πατρδς
1646 1297 1674 1351 ὁ
1697 1296 1954 1369 Χριστὸς,

366 1386 668 1459 οἰκοδομῶν
694 1389 753 1443 ἑν
786 1387 889 1458 μὲν
927 1390 994 1460 τῇ
1024 1388 1217 1460 ὁράσει
1247 1390 1349 1462 τῆς
1386 1391 1631 1463 εἰρήνης·
1661 1389 1823 1444 τοῦτο
1845 1390 1955 1463 γάρ

367 1477 741 1549 ἑρμηνεύεται
775 1479 1159 1554 Ἰερουσαλὴμ,
1198 1480 1342 1551 λέγω
1367 1480 1433 1554 δὴ
1460 1485 1575 1548 τοῖς
1597 1482 1954 1555 τελειοτέροις

366 1570 449 1631 είς
474 1569 709 1641 θεωρίας
734 1570 1090 1627 κατάστασιν·
1123 1572 1370 1646 πύργους
1395 1572 1507 1628 τῶν
1537 1574 1667 1646 περὶ
1693 1573 1793 1645 τῆς
1829 1572 1953 1627 θεό-

365 1676 530 1730 τητος
553 1658 718 1714 αὐτοῦ
751 1660 1057 1733 δογμάτων.
1098 1663 1251 1718 Ἐπεὶ
1285 1663 1343 1717 δὲ
1372 1662 1548 1733 γωνία
1572 1663 1721 1718 ἐστὶν
1749 1664 1786 1735 ἡ
1830 1664 1954 1719 Ἐκ-

366 1750 567 1822 κλησία
593 1751 705 1806 τῶν
742 1753 974 1819 πιστῶν,
1005 1753 1262 1826 καθάπερ
1308 1752 1354 1827 β’
1386 1755 1601 1826 τοίχους
1642 1753 1839 1810 ἐνοῦσα
1859 1755 1954 1809 καὶ¹

366 1841 690 1913 συνέχουσα,
716 1844 809 1898 τόν
857 1861 919 1898 τε
973 1844 1034 1910 ἐξ
1069 1844 1338 1899 Ἰουδαίων
1390 1843 1539 1913 λαὸν,
1587 1847 1683 1901 καὶ
1735 1845 1828 1899 τὸν
1890 1843 1951 1912 ἐξ

363 1932 559 1987 ἐθνῶν·
592 1933 759 1989 πύλαι
814 1935 881 1991 ἂν
933 1936 1106 2007 αὐτῆς
1155 1936 1418 2008 νοηθεῖεν,
1481 1937 1533 1991 οί
1601 1936 1956 2007 είσαγωγικοὶ

366 2021 460 2075 καὶ
554 2021 664 2076 τῶν
752 2022 1249 2097 θεωρητικωτέρων
1335 2025 1777 2098 ὑποδεέστεροι·
1866 2026 1953 2096 ἐφ’

362 2112 458 2179 οὓς
539 2110 699 2180 αὖθις
774 2116 1048 2189 οἰκοδομεί
1126 2115 1372 2189 πύργους
1442 2117 1553 2171 τῶν
1642 2117 1772 2190 περὶ
1853 2119 1954 2188 τῆς

361 2203 832 2278 ὲνανθρωπήσεως
879 2206 1048 2261 αὐτοῦ
1095 2206 1403 2280 δογμάτων.
1462 2208 1617 2263 Ἐπεὶ
1652 2209 1710 2263 δὲ
1751 2209 1952 2267 νοεῖται

362 2292 641 2367 φάραγξὴ
678 2297 816 2368 σὰρξ
846 2297 1026 2368 ἡμῶν,
1051 2299 1140 2354 διὰ
1182 2300 1245 2353 τὸ
1269 2298 1409 2354 εἶναι
1453 2299 1721 2369 κάτωθεν,
1751 2300 1838 2371 είη
1884 2300 1952 2355 ἂν

360 2390 537 2457 γωνία
560 2388 784 2461 ταύτης,
826 2393 859 2462 ή
891 2393 1029 2464 πρὸς
1069 2392 1168 2464 τὴν
1195 2391 1374 2463 ψυχὴν
1406 2394 1465 2446 ὲν
1505 2392 1778 2464 πνεύματι
1827 2410 1953 2447 συν-

361 2479 467 2551 άφε
477 2498 552 2535 ια·
574 2483 663 2550 ἐφ’
686 2482 753 2553 ἦν
774 2482 1052 2554 οίκοδομεϊ
1073 2483 1317 2555 πύργους
1334 2483 1444 2537 τῶν
1470 2483 1840 2553 εὐαγγελικῶν
1867 2485 1951 2537 ἔν-

359 2573 550 2627 τολῶν.
587 2572 793 2645 Πύργοι
826 2573 884 2628 δὲ
917 2575 988 2629 τά
1017 2592 1079 2629 τε
1113 2576 1348 2649 ρηθέντα
1373 2576 1621 2648 δόγματα
1653 2576 1747 2630 καὶ
1787 2575 1950 2645 εὐαγ-

360 2663 579 2731 γελικαὶ
609 2665 837 2720 ὲντολαί·
862 2667 939 2730 ὡς
967 2667 1168 2740 ὑψηλὰ,
1201 2669 1296 2723 καὶ
1326 2669 1672 2741 φρουροῦντα
1717 2669 1814 2725 καὶ
1849 2687 1950 2739 φυ-

358 2755 624 2812 λάττοντα
668 2746 764 2811 καῖ).
814 2759 1244 2830 άσφαλιζόμενα.
1286 2759 1446 2817 Ἐπεὶ
1490 2761 1546 2816 δὲ
1575 2762 1674 2817 καὶ
1707 2762 1801 2817 ἐπὶ
1838 2762 1949 2817 τῶν

358 2845 574 2916 γωνιῶν
612 2846 928 2920 ᾠκοδόμησε
973 2847 1242 2920 πύργους,
1271 2850 1476 2918 γωνίας
1528 2851 1817 2924 νοήσομεν,
1850 2852 1949 2916 τὰς

356 2937 447 2992 διὰ
464 2939 704 3010 χριστοῦ
725 2939 1026 3010 γενομένας
1045 2940 1339 3013 διαφόρους
1366 2940 1595 3006 ἐνώσεις
1625 2942 1736 2999 τῶν
1757 2942 1949 3016 διῃρη-

360 3031 578 3101 μένων·
622 3031 770 3101 λέγω
823 3031 888 3104 δὴ
913 3033 1015 3105 τῆς
1048 3033 1274 3105 κτιστῆς
1306 3034 1402 3088 καὶ
1426 3033 1687 3089 άκτίστου
1706 3034 1944 3104 φύσεως·

359 3120 444 3176 ἔτι
460 3122 518 3176 δὲ
537 3122 648 3176 τῶν
676 3121 979 3195 ἀνθρώπιον
1001 3124 1095 3180 καὶ
1122 3123 1231 3179 τῶν
1259 3125 1508 3194 ἀγγέλων
1524 3126 1622 3181 καὶ
1646 3127 1750 3182 ὅσα
1765 3125 1947 3182 τοιαῦ-

1763 398 2282 461 COLLECTANEA.

1998 532 2045 586 Α

3510 408 3654 470 nos

2308 521 2401 579 EX
2442 521 2756 580 SECUNDO
2792 524 3397 584 PARALIPOMENON.

2720 635 2797 692 De
2833 635 2981 694 Ozia.

2151 766 2167 799 ι
2209 747 2276 802 Ει
2303 746 2595 805 mdiiicavit
2628 748 2790 806 Ozias
2822 761 3005 808 turres
3037 753 3094 808 in
3121 751 3448 821 Jerusalem,
3483 769 3653 827 super

2067 848 2282 910 portam
2314 840 2501 912 anguli
2536 848 2593 895 et
2635 856 2804 911 super
2838 843 3100 914 angulum
3146 845 3445 912 convallis,
3480 854 3538 903 et
3593 847 3651 903 in

2066 931 2281 1003 angulis
2315 948 2327 987 :
2357 940 2413 987 et
2444 931 2736 988 aediﬁcavit
2772 941 2954 990 turres
2988 936 3047 990 in
3086 934 3308 991 deserto
3328 937 3394 991 ".
3435 956 3455 990 ι
3496 938 3647 1004 Quo-

2065 1024 2230 1079 modo
2260 1022 2520 1080 Solomon
2559 1025 2744 1095 aliqua
2775 1041 2843 1080 ex
2881 1034 3038 1096 parte
3085 1026 3190 1083 fuit
3224 1037 3386 1098 typus
3413 1027 3643 1094 Christi,

2065 1115 2140 1170 ita
2164 1116 2331 1172 etiam
2374 1116 2535 1173 Ozias
2558 1117 2745 1188 aliqua
2785 1133 2853 1173 ex
2884 1126 3064 1189 parte.
3099 1118 3261 1174 Ozias
3288 1119 3438 1174 enim
3470 1121 3643 1176 inter-

2060 1216 2313 1280 pretatur
2345 1210 2423 1265 vis
2464 1209 2581 1276 Dei,
2608 1209 2864 1266 Christus
2913 1219 3099 1267 autem
3135 1220 3221 1267 est
3256 1212 3342 1267 vis
3374 1227 3439 1269 ac
3472 1213 3646 1270 virtus

2061 1296 2370 1355 consistens
2408 1299 2505 1355 Dei
2545 1300 2745 1366 Patris,
2769 1300 3052 1356 aedificatus
3079 1302 3134 1356 in
3168 1301 3385 1358 visione
3421 1302 3644 1373 quidem

2061 1389 2212 1462 pacis
2236 1390 2364 1462 (hoc
2392 1392 2542 1447 enim
2581 1392 2976 1464 interpretatur
3013 1393 3317 1451 Jerusalem
3346 1411 3359 1448 :
3388 1393 3525 1449 dico.
3543 1409 3644 1448 au-

2060 1473 2172 1536 tem
2221 1477 2647 1553 perfectioribus
2687 1484 2756 1540 ad
2810 1484 3268 1541 constitutionem
3307 1484 3645 1555 contempla-

2059 1570 2248 1643 tionis)
2302 1580 2484 1630 turres
2517 1573 2837 1645 dogmatum
2877 1574 2947 1631 de
2982 1576 3104 1647 ejus
3143 1575 3454 1632 divinitate.
3493 1574 3644 1642 Quo-

2059 1663 2205 1719 niam
2228 1675 2414 1721 autem
2437 1676 2522 1722 est
2548 1667 2783 1738 angulus
2804 1666 3050 1722 Ecclesia
3086 1666 3354 1733 ﬁdelium,
3381 1678 3644 1738 tanquam

2059 1754 2202 1811 duos
2239 1771 2429 1811 muros
2461 1759 2663 1813 uniens
2700 1766 2758 1813 et
2802 1757 3114 1824 continens,
3151 1773 3349 1828 nempe
3377 1759 3644 1829 populum

2055 1848 2373 1906 Judasorum
2394 1857 2450 1906 et
2472 1849 2739 1920 populum
2775 1864 2842 1907 ex
2870 1850 3128 1921 gentibus
3153 1868 3167 1903 :
3203 1851 3325 1922 ejus
3355 1860 3527 1921 portae
3554 1851 3640 1904 in-

2061 1941 2229 2013 telligi
2253 1950 2485 2012 possunt
2515 1956 2801 1997 sermones
2829 1942 2926 2012 qui
2967 1941 3267 2001 instituunt
3297 1950 3353 1997 et
3394 1952 3524 1998 sunt
3559 1943 3643 1998 in-

2053 2033 2289 2089 feriores
2317 2033 2788 2104 contemplativis,
2826 2049 2996 2104 super
3017 2024 3157 2103 quos
3187 2048 3383 2087 rursus
3403 2032 3641 2093 aedificat

2056 2132 2238 2181 turres
2287 2124 2604 2196 dogmatum
2648 2126 2769 2195 ejus
2823 2124 2892 2179 de
2954 2132 3209 2195 suscepta
3270 2122 3635 2180 humanitate.

2052 2215 2324 2285 Quoniam
2357 2225 2541 2272 autem
2566 2217 2726 2273 vallis
2747 2215 3076 2287 intelligitur
3099 2230 3229 2271 caro
3262 2224 3471 2282 nostra,
3504 2230 3637 2287 pro-

2053 2315 2241 2379 pterea
2275 2309 2422 2380 quod
2453 2309 2527 2365 sit
2564 2308 2799 2375 inferne,
2827 2308 2999 2364 fuerit
3041 2308 3209 2364 etiam
3252 2308 3371 2378 ejus
3406 2308 3639 2378 angulus

2052 2417 2118 2457 ea
2147 2417 2269 2473 qua;
2285 2411 2371 2457 est
2399 2418 2525 2457 cum
2548 2401 2731 2456 anima
2753 2401 2810 2456 in
2837 2400 3038 2471 spiritu
3073 2401 3391 2472 eonjunetio
3424 2418 3437 2454 ε
3468 2415 3631 2469 super

2050 2508 2217 2563 quam
2249 2491 2486 2548 aediﬁcat
2528 2500 2712 2547 turres
2740 2491 3126 2546 mandatorum
3167 2491 3631 2562 evangelieorum.

2051 2583 2259 2638 Turres
2295 2592 2481 2639 autem
2523 2591 2653 2638 sunt
2689 2591 2748 2637 et
2797 2583 2944 2638 dicta
2984 2582 3241 2653 dogmata
3282 2590 3339 2638 et
3375 2582 3634 2637 mandata

2050 2675 2399 2746 evangeliea,
2433 2683 2496 2730 ut
2528 2691 2653 2746 quae
2692 2675 2806 2731 sint
2829 2675 2961 2741 alta,
2998 2674 3402 2739 conservantia,
3444 2682 3634 2729 custo-

2050 2764 2280 2831 dientia,
2302 2765 2630 2832 munientia,
2652 2766 2991 2836 tutelamque
3021 2766 3339 2837 przcbentia.
3361 2764 3633 2832 Quoniam

2050 2867 2236 2914 autem
2271 2858 2438 2913 etiam
2481 2858 2539 2913 in
2575 2859 2793 2930 angulis
2830 2856 3122 2913 aedificavit
3166 2865 3371 2921 turres,
3404 2855 3635 2928 angulos

2050 2947 2442 3020 intelligemus,
2464 2964 2587 3020 quas
2609 2965 2710 3020 per
2729 2947 3009 3005 Christum
3034 2948 3190 3004 facta:
3228 2956 3359 3003 sunt
3388 2946 3634 3002 diversas

2050 3041 2286 3097 uniones
2324 3056 2516 3097 eorum
2549 3057 2673 3113 qum
2717 3050 2848 3097 sunt
2884 3041 3084 3105 divisa,
3120 3049 3341 3106 creatae.
3383 3038 3631 3108 inquam,

2047 3140 2106 3187 et
2126 3131 2386 3188 increatze
2406 3140 2638 3195 natura},
2670 3139 2727 3186 et
2750 3140 3018 3200 praeterea
3054 3129 3341 3185 hominum
3375 3138 3433 3185 et
3462 3144 3631 3199 ange-

356 3230 452 3279 τα,
481 3215 567 3283 ἐφ’
598 3208 675 3269 ὧν
698 3215 969 3287 οἰκοδομεῖ
993 3217 1238 3288 πύργους
1261 3217 1370 3272 τῶν
1407 3219 1493 3288 ἐφ’
1522 3218 1733 3293 ἑκάστῃ
1754 3218 1944 3274 ὲνὼσει

2048 3223 2253 3289 lorum,
2278 3231 2337 3278 et
2369 3238 2491 3293 qua:
2525 3229 2657 3277 sunt
2694 3221 3033 3293 hujusmodi,
3065 3221 3121 3275 in
3154 3220 3359 3290 quibus
3396 3218 3632 3274 aedificat

360 3304 533 3375 λόγων
546 3307 641 3361 καὶ
663 3307 900 3379 τρόπων.
932 3309 1181 3380 Ἔρημος
1207 3309 1267 3364 δέ
1293 3311 1467 3374 ἐστιν,
1495 3310 1659 3381 ἡτῶν
1686 3311 1945 3382 φαινομέ-

360 3414 469 3452 νων
505 3396 692 3466 φύσις,
712 3398 834 3469 ῆτοι
864 3401 893 3453 ὁ
921 3399 1125 3471 κόσμος
1148 3393 1326 3467 οὗτος,
1364 3401 1423 3454 ὲν
1448 3396 1495 3468 ᾧ
1526 3400 1771 3471 πύργους
1799 3400 1942 3471 ᾠκο-

304 3516 315 3529 ι
352 3488 562 3560 δόμησε
585 3488 709 3554 τοὺς
739 3488 932 3559 λόγους
967 3489 1079 3543 τῶν
1108 3490 1299 3557 ὄντων,
1331 3490 1433 3563 τὴν
1474 3490 1675 3561 γνῶσιν
1707 3490 1809 3560 τῆς
1842 3507 1943 3559 φυ-

355 3580 521 3652 σικῆς
549 3582 607 3635 ὲν
638 3581 914 3654 πνεύματι
941 3581 1197 3655 θεωρίας.

353 3777 464 3833 Καὶ
516 3778 861 3858 glareanus
907 3778 1178 3858 .ldxgeoyc
1202 3851 1214 3858 _
1240 3780 1535 3858 παλαιούς,
1575 3782 1693 3858 ,ὅτι
1721 3786 1857 3858 -κτή

425 3848 941 3923 πολλὰ-ὑπῆρχεν
974 3848 1169 3923 αὐτῷ,
1189 3851 1260 3905 ἐν
1290 3850 1535 3923 ,Σεφιλᾷν
1562 3852 1633 3907 ἐν
1671 3853 1746 3923 τῇ
1778 3848 1942 3911 πέδιέ

384 3964 387 3967 .
422 3917 524 3998 τῇ,
712 3919 1116 3998 ὰξπελουρτοὶ
1145 3922 1218 3998 e3-
1238 3921 1313 3991 τῇ
1347 3917 1571 3994 ὀρεινῇ,
1597 3917 1820 3982 καΓέν
1863 3927 1939 3998 τῇ

422 3986 736 4058 Καρμήλῳ,
750 3986 851 4043 ίότι
872 3986 1126 4061 γεωργὸς
1148 3987 1247 4062 ἦν,

422 4101 675 4167 Δάκκους
699 4103 923 4175 λατομεῖ
954 4106 983 4158 ὀ
1010 4104 1214 4178 Κύριος
1244 4106 1303 4160 ὲν
1329 4108 1396 4179 τῇ
1445 4108 1659 4181 ἐρήμῳ⁹
1688 4109 1833 4181 λέγω
1880 4111 1939 4166 δὲ

349 4192 431 4264 τῷ
464 4194 675 4267 κόσμῳ,
706 4195 802 4250 καὶ
832 4198 900 4267 τῇ
951 4196 1112 4265 φύσει
1160 4197 1271 4252 τῶν
1300 4198 1630 4270 ἀνθρώπων,
1671 4200 1774 4265 τὰς
1829 4202 1938 4256 τῶν

349 4286 519 4352 ἀξίων
558 4287 783 4359 καρδίας
817 4288 1081 4361 ὲκχοῖζων
1106 4292 1201 4345 καὶ
1214 4291 1609 4365 άτιυκαθαίρων
1624 4293 1719 4348 τοῦ
1747 4296 1935 4351 ύλικοῦ

352 4376 554 4449 βάρους
579 4396 640 4432 τε
686 4382 784 4433 καὶ
816 4381 1186 4453 φρονήματος,
1234 4383 1326 4436 καὶ⁸
1374 4384 1545 4437 ποιῶν
1586 4386 1935 4459 εὐρυχώρηυς

349 4471 489 4541 πρὸς
532 4472 801 4544 ὑποδοχὴν
832 4472 942 4530 τῶν
983 4473 1144 4528 θείων
1181 4474 1281 4544 τῆς
1320 4476 1514 4546 σοφίας
1538 4478 1631 4532 καὶ
1663 4481 1762 4549 τῆς
1792 4478 1934 4548 γνώ-

2014 3358 2019 3367 .
2050 3323 2232 3370 turres
2257 3315 2532 3369 rationum
2552 3321 2610 3370 et
2634 3313 2926 3369 modorum
2942 3313 3037 3384 qui
3060 3320 3190 3367 sunt
3215 3312 3270 3366 in
3299 3326 3629 3381 unaquaque

2046 3406 2270 3461 unione.
2301 3406 2593 3461 Desertum
2627 3414 2815 3461 autem
2841 3412 2928 3461 est
2983 3418 3179 3460 eorum
3215 3418 3339 3474 quas
3358 3411 3625 3473 apparent

2044 3507 2265 3565 natura,
2303 3499 2420 3556 sive
2454 3499 2549 3555 hic
2578 3499 2819 3555 mundus
2862 3499 2921 3554 in
2952 3512 3064 3569 quo
3093 3504 3279 3553 turres
3310 3495 3624 3561 aedificavit,

2043 3605 2241 3661 nempe
2268 3590 2510 3646 rationes
2534 3606 2729 3646 eorum
2772 3605 2895 3661 qua:
2928 3599 3079 3654 sunt,
3123 3587 3518 3660 cognitionem,
3544 3587 3628 3641 in-

2042 3696 2229 3753 quam,
2261 3682 2533 3738 naturalis
2562 3681 2619 3736 in
2643 3679 2844 3753 spiritu
2873 3677 3379 3750 contemplationis.

2043 3792 2114 3849 Et
2145 3794 2337 3848 excidit
2367 3794 2624 3849 cisternas
2654 3793 2876 3857 multas,
2904 3793 3158 3864 quoniam
3195 3797 3350 3847 erant
3373 3791 3422 3864 ei
3449 3794 3629 3864 multa

2111 3880 2326 3935 pecora,
2344 3866 2400 3918 in
2429 3864 2623 3935 Ephila
2646 3867 2703 3919 in
2729 3861 3012 3935 campestri
3039 3864 3272 3935 regione,
3298 3870 3347 3915 et
3371 3861 3627 3935 vinitores

2110 3932 2168 3988 in
2201 3932 2487 4001 montana,
2525 3941 2575 3988 et
2623 3936 2679 3990 in
2714 3932 2983 3998 Carmelo,
3018 3932 3270 3996 quoniam
3322 3939 3439 3985 erat
3476 3932 3624 4002 agri-

2110 4005 2229 4060 cola
2254 4004 2320 4060 “.
3205 4024 3217 4035 ‘

2107 4115 2392 4173 Cisternas
2429 4115 2676 4172 excindit
2732 4113 3001 4170 Dominus
3059 4114 3116 4169 in
3175 4112 3498 4177 solitudine,
3564 4111 3622 4167 in

2038 4208 2268 4274 mundo,
2300 4208 2546 4279 inquam,
2570 4214 2626 4263 et
2665 4215 2861 4262 natura
2888 4206 3198 4270 hominum,
3226 4205 3394 4260 corda
3419 4204 3620 4275 digno-

2038 4315 2162 4354 rum
2206 4299 2514 4354 emundans
2547 4307 2605 4354 et
2636 4311 2946 4368 expurgans
2986 4311 3017 4350 a
3054 4294 3326 4351 materiali
3372 4294 3619 4365 pondere

2037 4403 2316 4459 sensuque
2335 4397 2392 4444 et
2423 4388 2712 4459 sapientia,
2731 4394 2788 4443 et
2811 4386 3055 4442 efﬁciens
3075 4402 3139 4443 ea
3159 4385 3340 4456 ampla
3359 4385 3428 4440 ad
3445 4387 3620 4440 susci-

2036 4478 2269 4549 piendos
2291 4477 2509 4533 divinos
2535 4477 2742 4533 imbres
2780 4477 3065 4547 sapientia:
3102 4484 3158 4531 et
3182 4474 3536 4547 cognitionis,
3560 4483 3622 4529 ut

348 4579 489 4626 σεως
516 4562 708 4617 ὑετῶν·
728 4564 815 4618 ἴνα
841 4564 1184 4631 ποτίζωσιτὰ
1205 4568 1376 4640 κτήνη
1399 4567 1491 4621 τοῦ
1517 4569 1778 4640 Χριστοῦ·
1803 4571 1930 4635 τοὺς

2046 4576 2227 4639 potent
2280 4583 2484 4639 pecora
2520 4567 2770 4632 Christi,
2811 4583 2908 4623 eos
2954 4568 3212 4637 inquam,
3255 4566 3351 4637 qui
3391 4573 3621 4637 prepter

345 4653 632 4724 δεομένους
680 4653 845 4724 λέγω,
879 4655 967 4711 διὰ
996 4656 1173 4728 ψυχῆς
1223 4658 1546 4731 νηπιότητα,
1595 4659 1697 4723 τῆς
1735 4660 1933 4732 ἠθικῆς

345 4744 715 4809 διδασκαλίας.

415 4834 670 4898 Δάκκους
698 4835 909 4908 καλείή
951 4836 1146 4909 Γραφὴ
1180 4838 1280 4902 τὰς
1332 4838 1586 4904 δεκτικὰς
1615 4839 1727 4893 τῶν
1766 4840 1930 4912 οὖρα-

346 4922 473 4975 νίων
495 4925 850 4995 χαρισμάτων
880 4928 981 4999 τῆς
1022 4927 1187 4981 αὑτοῦ
1220 4927 1475 4997 γνώσεως
1506 4929 1754 5002 καρδίας,
1790 4924 1931 5002 λαμ-

347 5016 586 5085 πομένας
610 5017 686 5088 τῷ
726 5018 939 5093 στερρῷ
969 5019 1114 5092 λόγῳ
1137 5021 1246 5077 τῶν
1274 5022 1524 5089 ἐντολῶν,
1560 5024 1655 5078 καὶ
1690 5025 1930 5080 ἀποϐαλ-

344 5105 581 5179 λομένας
617 5109 867 5182 καθάπερ
903 5111 1246 5183 πωρώματα,
1291 5114 1392 5186 τήν
1422 5131 1482 5171 τε
1515 5115 1653 5187 πρὸς
1674 5115 1744 5171 τὰ
1777 5118 1925 5189 πάθη

344 5198 548 5268 φιλίαν,
575 5201 671 5255 καὶ
691 5201 792 5272 τὴν
812 5202 953 5273 ¹πρὸς
972 5202 1042 5256 τὰ
1065 5204 1300 5275 αἰσθητὰ
1320 5206 1420 5278 τῆς
1465 5205 1681 5277 φύσεως
1715 5207 1921 5279 σχέσιν,

342 5289 442 5343 καὶ
482 5291 873 5363 πληρουμένας
922 5293 1022 5363 τῆς
1052 5293 1259 5350 ἄνωθεν
1313 5297 1623 5368 φερομένης
1651 5299 1925 5370 {Summi};

338 5381 454 5437 τῶν
483 5384 693 5453 ἀρετῶν
717 5387 776 5438 ὲν
803 5386 1074 5457 πνεύματι
1106 5387 1382 5454 γνώσεως.
1433 5389 1587 5443 Ἐπεὶ
1617 5388 1674 5443 δὲ
1725 5389 1788 5442 τὸ
1825 5390 1924 5443 Σε-

346 5475 475 5545 eae
510 5477 742 5547 στενὴν
768 5480 1038 5549 λεκάνην
1052 5480 1366 5552 ὲρμηνεύει·
1389 5483 1564 5554 κτήνη
1594 5482 1690 5537 τοῦ
1713 5482 1915 5552 Σεφιλὰ

222 5622 229 5633 ι
342 5563 454 5621 εἷεν
501 5569 569 5624 ἂν
605 5572 653 5624 σί
683 5570 772 5625 διὰ
784 5572 881 5642 τῆς
909 5573 1272 5647 στενοχωρίας
1297 5574 1405 5628 τῶν
1429 5575 1700 5631 ἀκουσίων
1727 5593 1918 5647 πειρα-

343 5659 499 5729 σμῶν
531 5662 1027 5736 ἁποκαθαιρόμενοι
1064 5665 1174 5720 τῶν
1218 5666 1465 5737 ψυχικῶν
1509 5668 1773 5739 κηλίδων,
1821 5668 1917 5722 καὶ

414 5817 459 5849 ⁵⁸
496 5817 536 5875 Il
560 5819 735 5876 Paral.
763 5838 905 5891 xxvr,
938 5823 991 5891 9,
1023 5823 1109 5881 Ιοο
1160 5826 1203 5857 ⁵⁸
1232 5824 1365 5880 ibid.

2035 4663 2232 4718 animae
2255 4662 2539 4718 infantiam
2563 4677 2703 4733 opus
2726 4660 2934 4717 habent
2955 4661 3206 4718 doctrina
3233 4660 3449 4716 morali.

2101 4839 2385 4896 Cisternas
2422 4839 2663 4912 appellat
2707 4837 2995 4910 Scriptura
3034 4837 3206 4893 corda
3247 4850 3469 4907 capacia
3502 4849 3617 4891 em-

2034 4933 2260 4989 lestium
2305 4932 2702 4988 charismatum
2742 4939 2947 4986 sancta:
2992 4927 3345 5001 cognitionis,
3389 4939 3512 4995 quae
3546 4923 3617 4979 il-

2034 5026 2344 5081 lustrantur
2368 5024 2542 5079 solida
2574 5024 2790 5078 ratione
2831 5020 3235 5083 mandatorum,
3260 5027 3319 5072 et
3353 5024 3614 5087 tanquam

2034 5116 2204 5172 callos
2243 5115 2532 5187 abjiciunt,
2562 5128 2684 5169 eam
2724 5128 2847 5183 quae
2890 5119 2977 5167 est
2998 5125 3123 5165 cum
3149 5106 3298 5163 vitiis
3322 5115 3379 5161 et
3405 5104 3616 5162 allecti-

2026 5208 2138 5263 bus
2171 5206 2493 5273 amicitiam,
2514 5214 2570 5260 et
2594 5204 2663 5259 ad
2690 5203 2915 5259 sensilia
2943 5207 3154 5255 naturas
3201 5195 3607 5271 habitudinem,

2030 5310 2089 5358 et
2122 5300 2423 5372 implentur
2442 5299 2793 5368 abstergente
2818 5296 3086 5351 virtutum
3117 5292 3173 5346 in
3196 5289 3394 5362 spiritu
3421 5289 3612 5363 cogni-

2030 5397 2182 5452 tione
2220 5413 2346 5468 quae
2392 5397 2568 5453 fertur
2596 5395 2854 5464 desuper.
2890 5391 3163 5458 Quoniam
3198 5401 3386 5447 autem
3435 5391 3610 5446 inter-

2026 5496 2279 5559 pretatur
2308 5487 2503 5558 Ephila
2546 5486 2737 5558 pelvim
2781 5492 3099 5557 angustam,
3147 5485 3346 5555 Ephila
3408 5498 3611 5556 pecora

2024 5576 2233 5633 fuerint
2270 5577 2308 5631 ii
2335 5577 2454 5648 qui,
2482 5592 2583 5647 per
2615 5573 2924 5648 angustiam
2951 5573 3454 5629 involuntariarum
3485 5579 3609 5627 ten-

2025 5671 2317 5738 tationum,
2364 5677 2740 5741 expurgantur
2777 5684 2809 5725 a
2850 5668 3082 5725 maculis
3124 5668 3341 5735 animae,
3368 5674 3425 5722 et
3466 5676 3609 5737 opus
