4076 6470
486 384 634 443 4265

1672 383 1729 441 S.
1772 382 2056 443 CYRlLLl
2095 385 2187 443 ET
2222 387 2536 447 ALIORUM

3628 394 3770 452 I268

490 501 700 556 habent
742 503 804 553 ut
843 504 1107 568 petentur
1138 510 1394 554 sermone
1432 497 1739 555 tolerantia:
1769 509 1827 557 et
1868 501 2081 571 patien-

2193 504 2429 576 δεόμενοι
2463 504 2786 577 ποτισθῆναι
2813 506 2906 563 τὸν
2940 508 3069 579 περὶ
3104 508 3403 580 καρτερίας
3442 508 3539 564 καὶ
3565 509 3772 583 ὑπομο-

489 591 598 645 tize.
642 588 704 643 In
752 585 979 658 regione
1015 592 1200 640 autem
1228 586 1527 656 campestri
1553 594 1684 641 sunt
1714 587 1753 640 ii
1792 588 1888 657 qui
1926 596 2077 643 recte

483 688 725 737 currunt
750 679 807 733 in
844 679 1074 751 virtute,
1112 686 1211 731 aut
1240 677 1337 747 qui
1363 677 1669 733 dilatantur
1694 679 1751 732 in
1773 678 1884 733 vita
1926 687 2078 734 recte

444 771 762 847 ‘gerenda,
799 786 942 841 opus
988 770 1261 825 habentes
1304 777 1365 824 ut
1408 780 1691 841 petentur,
1734 772 1813 826 illi
1852 772 2077 842 quidem

483 878 744 920 sermone
768 861 860 936 [de
906 861 1243 927 humilitate,
1281 859 1338 916 hi
1365 877 1500 917 vero
1535 862 1603 919 de
1647 863 1952 934 gratiarum
1990 880 2080 920 ac-

490 954 690 1028 tione,]
714 963 773 1011 et
802 954 871 1009 de
896 955 1251 1025 eleemosyna
1288 963 1346 1008 et
1371 956 1896 1012 communicatione.
1919 957 2078 1011 Vini-

485 1053 637 1099 tores
668 1051 853 1098 autem
887 1044 1041 1114 pacis
1064 1051 1213 1107 sunt,
1237 1041 1333 1112 qui
1361 1043 1416 1097 in
1453 1044 1567 1099 alto
1596 1046 2079 1116 contemplationis

488 1137 736 1193 colentes
768 1136 1016 1191 divinam
1058 1137 1333 1192 rationem
1374 1137 1725 1208 cognitionis,
1770 1139 1953 1195 animo
1977 1139 2078 1195 de-

486 1229 800 1292 lectantur,
836 1235 893 1283 et
927 1226 1153 1298 quidem
1194 1229 1396 1284 exstasi
1432 1229 1790 1300 abripiuntur
1820 1246 1852 1286 a
1901 1241 2077 1287 mate-

489 1321 615 1376 riali
664 1320 1017 1375 habitudine.
1056 1319 1195 1374 Nam
1250 1330 1307 1393 et
1337 1320 1628 1377 Carmelus
1680 1322 2079 1393 interpretatur

488 1414 693 1486 agnitio
724 1414 1158 1468 circumcisionis.
1194 1390 1332 1485 Eius
1361 1414 1548 1483 itaque
1586 1414 1835 1470 dicemus
1872 1416 2079 1471 vinito-

487 1520 581 1559 res
604 1520 701 1560 eos
735 1504 829 1574 qui
853 1545 868 1571 ,
900 1520 999 1575 per
1029 1505 1366 1575 agnitionem
1417 1505 1856 1563 circumcisionis
1889 1522 2078 1562 rerum

488 1598 881 1663 materialium,
909 1597 1098 1652 colunt
1124 1597 1398 1652 rationem
1421 1614 1543 1668 qua:
1567 1599 1918 1654 circumcidit
1953 1600 2077 1653 ani-

488 1702 634 1742 mam
662 1704 694 1743 a
736 1689 1206 1744 sollicitudinibus
1235 1689 1528 1759 superﬂuis
1549 1698 1605 1745 et
1630 1690 1923 1746 inutilibus
1952 1698 2008 1745 et
2047 1706 2079 1746 a

487 1776 741 1836 libidine.
784 1779 934 1852 Opus
973 1789 1161 1836 autem
1203 1781 1411 1836 habent
1442 1789 1500 1836 et
1542 1782 1597 1836 hi
1632 1792 1688 1838 et
1723 1782 1801 1837 illi
1826 1782 2080 1839 doctrina

2179 600 2278 670 νῆς
2307 597 2485 666 λόγον.
2530 598 2618 651 Ἐν
2646 601 2713 670 τῇ
2767 599 2956 671 πεδινῇ
3000 600 3057 653 δὲ
3114 601 3167 655 οι
3208 600 3599 672 εὐδρομοῦντες
3645 605 3770 658 κατ’

2180 690 2406 762 ἀρετήν,
2450 690 2483 761 ἢ
2533 691 2583 744 οι
2614 691 3082 763 ὲμπλατυνόμενοι
3110 696 3177 766 τῇ
3207 695 3350 748 κατά
3401 694 3493 749 τὸν
3536 695 3651 766 βίον
3678 697 3771 749 εὑ-

2182 784 2420 857 πραγίᾳ,
2455 785 2707 857 δεόμενοι
2732 787 3076 859 πιστωθῆναι,
3111 789 3158 841 oi
3195 788 3316 857 μὲν,
3346 789 3438 843 τὸν
3464 790 3592 861 περὶ
3610 788 3772 862 ἐλεη-

2183 876 2425 947 μοσύνης
2442 877 2538 931 καὶ
2566 878 2930 949 μεταδόσεως.
2971 880 3374 950 ’Δμπελουργοὶ
3404 880 3462 934 δὲ
3490 881 3590 952 τῆς
3611 883 3765 954 εἰρή-

2180 986 2279 1039 νης
2316 968 2454 1023 εἰσὶν
2504 971 2554 1023 oi
2611 970 2668 1023 ὲν
2689 969 2768 1041 τῷ
2824 970 2948 1041 ὕψει
2977 972 3078 1043 τῆς
3122 972 3357 1044 θεωρίας
3391 972 3770 1043 γεωργοῦντες

2180 1060 2271 1115 τὸν
2308 1060 2449 1115 θεῖον
2481 1061 2641 1131 λόγον
2694 1063 2796 1134 τῆς
2843 1062 3118 1132 γνώσεως,
3178 1064 3538 1136 εὐφραίνοντα
3564 1063 3766 1135 ψυχὴν,

2181 1152 2278 1206 καὶ
2326 1151 2624 1218 ὲξιστῶντα
2648 1154 2747 1226 τῆς
2794 1154 2985 1226 ὑλικῆς
3030 1156 3287 1226 σχέσεως.
3319 1154 3476 1208 Ἐπεὶ
3504 1155 3564 1209 δὲ
3610 1157 3708 1209 καὶ
3741 1157 3774 1210 ό

2181 1242 2479 1314 Κάρμηλος
2523 1242 2851 1312 ἐπίγνωσις
2882 1242 3208 1313 περιτομῆς
3238 1241 3626 1314 ἑρμηνεύεται,
3654 1242 3768 1311 ἀμ-

2181 1334 2517 1406 πελουργοὺς
2551 1333 2716 1389 αὐτοῦ
2749 1335 3015 1407 φήσομεν,
3047 1334 3175 1398 τοὺς
3190 1334 3312 1388 κατ’
3345 1333 3642 1403 ἐπίγνωσιν
3665 1333 3772 1404 τῆς

2182 1427 2487 1499 περιτομῆς
2517 1427 2626 1482 τῶν
2650 1427 2851 1482 ύλικῶν
2872 1427 3234 1499 πραγμάτων,
3271 1425 3650 1497 γεωργοῦντας
3674 1424 3772 1478 τὸν

2181 1517 2340 1588 λόγον
2372 1519 2463 1573 τὸν
2487 1520 2879 1591 περιτέμνοντα
2908 1520 3006 1591 τὴν
3032 1518 3213 1591 ψυχὴν
3242 1518 3351 1571 τῶν
3374 1516 3643 1588 περιττῶν
3671 1515 3772 1570 καὶ

2184 1609 2478 1679 ἀνωφελῶν
2511 1610 2807 1682 φροντίδων
2855 1610 2951 1664 καὶ
2996 1609 3096 1680 τῆς
3134 1608 3463 1679 φιληδονίας.
3486 1604 3769 1679 Χρῄζουσι

2182 1702 2239 1757 δὲ
2271 1703 2366 1755 καὶ
2392 1696 2536 1756 οὗτοι
2567 1703 2811 1756 κάκεῖνοι
2847 1700 3199 1765 διδασκαλίας
3227 1699 3335 1755 τῶν
3390 1700 3772 1771 παλαιοτέρων

2182 1812 2245 1849 τε
2279 1795 2373 1848 καὶ
2398 1793 2761 1866 τελεωτέρων.
2800 1792 3054 1865 Γεωργὸς
3089 1792 3144 1846 δὲ
3170 1790 3421 1864 ἀληθινὸς
3450 1793 3479 1845 ό
3506 1791 3767 1863 Χριστὸς,

489 1871 869 1942 antiquiorum
893 1879 949 1926 et
974 1870 1391 1942 perfectiorum.
1419 1872 1602 1927 Verus
1626 1882 1811 1927 autem
1835 1873 2076 1943 agricola

2193 1886 2443 1958 γεωργῶν
2460 1886 2551 1940 διὰ
2578 1884 2672 1940 τοῦ
2707 1884 3039 1954 Εὐαγγελίου
3068 1885 3193 1948 τοὺς
3228 1882 3772 1957 σωζομένους.’Δλλά

487 1970 574 2017 eSt
597 1960 874 2027 Christus,
903 1976 1002 2017 eos
1035 1961 1133 2032 qui
1168 1968 1467 2016 servantur
1491 1962 1681 2017 colens
1703 1977 1805 2033 per
1828 1963 2079 2035 Evange-

485 2050 645 2110 lium.
682 2051 791 2109 Sed
837 2053 1117 2124 quomodo
1154 2062 1337 2125 potest
1364 2051 1535 2109 ‘Ozias
1572 2053 1779 2110 habere
1809 2054 2079 2111 vinitores

489 2145 548 2201 in
572 2144 849 2213 Carmelo,
886 2160 1014 2201 cum
1043 2145 1162 2216 ipse
1188 2144 1414 2215 quidem
1449 2144 1607 2201 Iuda:
1644 2161 1875 2217 regnum
1903 2146 2081 2201 admi-

489 2236 708 2303 nistret,
730 2237 869 2293 situs
886 2244 1074 2292 autem
1096 2236 1169 2292 sit
1189 2235 1479 2293 Carmelus
1500 2236 1605 2292 sub
1632 2251 1803 2308 regno
1826 2233 2082 2294 lsraelis?

486 2330 611 2389 Non
640 2330 803 2387 aliter
824 2346 990 2403 quam
1014 2345 1116 2403 per
1149 2331 1421 2387 rationem
1448 2346 1742 2405 anagoges.

490 2461 710 2534 Eterat
739 2461 894 2517 Ozias
913 2478 1154 2534 quarens
1187 2460 1474 2534 nginum
1507 2464 1564 2518 in
1591 2464 1773 2519 diebus
1799 2465 2082 2523 Zachariae

558 2532 900 2657 igniti-gentis
925 2531 988 2587 in
1011 2534 1201 2587 timore
1218 2531 1457 2605 Domini,
1488 2542 1539 2587 et
1559 2536 1613 2589 in
1634 2536 1720 2589 via
1750 2553 1871 2591 eum
1888 2537 2084 2592 direxit

612 2619 821 2657 ommus
869 2618 907 2657 '.

557 2690 832 2759 Quoniam
876 2691 1040 2748 Ozias
1082 2690 1484 2761 interpretatur
1525 2692 1694 2746 virtus
1742 2691 1863 2757 Dei,
1923 2707 2084 2748 mens

487 2782 672 2837 omnis
713 2797 837 2852 qua:
867 2782 977 2836 vim
1015 2781 1233 2851 accepit
1277 2796 1309 2835 a
1338 2781 1453 2836 Deo
1488 2798 1556 2837 ex
1588 2784 2079 2854 contemplatione,

487 2889 589 2946 per
620 2874 796 2944 ipsam
826 2875 1026 2945 quaerit
1050 2875 1245 2928 Deum.
1273 2873 1480 2940 Quaerit
1523 2883 1709 2930 autem
1750 2876 1933 2946 ipsum
1970 2891 2083 2931 non

488 2965 766 3029 absolute,
793 2965 887 3020 sed
914 2966 969 3019 in
995 2964 1194 3019 diebus
1216 2965 1498 3020 memoria:
1522 2966 1640 3032 Dei,
1673 2967 1730 3021 in
1760 2968 1963 3038 quibus
1986 2969 2085 3026 Dei

489 3058 838 3112 recordatur.
870 3056 1270 3126 Interpretatur
1301 3056 1449 3111 enim
1492 3055 1789 3113 Zacharias
1824 3061 2082 3115 memoria

489 3145 609 3203 Dei.
636 3146 767 3214 Quae
806 3146 1031 3218 quidem
1070 3147 1336 3202 memoria
1370 3146 1465 3200 Dei
1504 3162 1602 3202 eos
1638 3148 1732 3217 qui
1775 3148 1949 3219 ipsam
1982 3150 2083 3205 ha-

2179 1978 2299 2042 πῶς
2326 1977 2509 2043 Ὀζίας
2542 1976 2770 2048 ἠδύνατο
2799 1976 3216 2048 ἀμπελουργοὺς
3245 1974 3390 2048 ἔχειν
3418 1976 3479 2030 ὲν
3506 1975 3585 2047 τῷ
3611 1975 3770 2047 Καρ-

2181 2069 2360 2142 μήλῳ,
2386 2068 2551 2134 αὐτὸς
2580 2069 2679 2140 μὲν
2723 2067 2820 2143 τὴν
2851 2069 2948 2123 τοῦ
2999 2068 3172 2124 ἰούδα
3227 2068 3506 2140 βασιλείαν
3535 2067 3767 2133 διέπων,

2177 2162 2274 2217 τοῦ
2321 2162 2623 2235 Καρμήλου
2657 2162 2717 2216 δὲ
2769 2162 3024 2234 κειμένου
3081 2162 3187 2217 ὑπὸ
3210 2163 3311 2234 τὴν
3344 2161 3620 2233 βασιλείαν
3666 2156 3769 2216 τοῦ

2192 2255 2441 2327 Ἰσραήλ;
2463 2254 2729 2327 Οὐδαμῶς
2758 2255 2963 2327 ἑτέρως
2986 2255 3019 2327 ἢ
3050 2255 3196 2310 κατά
3216 2254 3374 2325 λόγον
3395 2255 3710 2326 ἀναγωγῆς.

2181 2457 2290 2512 Καὶ
2323 2454 2402 2529 ἦν
2443 2458 2633 2524 Ὀζίας
2653 2458 2912 2527 ἐκζητῶν
2944 2459 3054 2513 τὸν
3084 2459 3308 2529 Κύριον
3340 2457 3433 2529 ἐνί
3461 2457 3594 2524 ταῖς
3620 2458 3772 2528 ἠμέ-

2243 2528 2382 2599 ραιζ·
2410 2530 2709 2599 Ζαχαρίου
2732 2529 2837 2583 τοῦ
2865 2528 3190 2599 συνιέντος
3218 2530 3290 2584 ἐν
3318 2528 3480 2599 φόϐῳ
3498 2529 3727 2598 Κυρίου
3749 2544 3766 2560 ·

2255 2598 2357 2652 καὶ
2389 2597 2703 2653 εὐώδωσεν
2733 2597 2894 2664 αὐτῷ
2924 2602 2957 2654 ό
2990 2600 3229 2668 Κύριος.

2266 2690 2531 2762 Ἐπείπερ
2585 2691 2771 2754 Ὀζίας
2793 2691 2975 2761 ἰσχὺς
2998 2691 3147 2746 Θεοῦ
3171 2686 3561 2763 ἑρμηνεύεται,
3576 2690 3773 2745 λοιπὸν

2184 2780 2293 2843 πᾶς
2325 2781 2450 2844 νοῦς
2492 2781 2645 2851 ἰσχὺν
2672 2783 2736 2835 ὲκ
2767 2780 2904 2834 Θεοῦ
2934 2780 3116 2835 λαϐὼν
3146 2784 3226 2846 είς
3257 2780 3496 2853 θεωρίαν
3542 2780 3775 2850 ὲκζητεῖ
3810 2804 3815 2805 ν

2183 2873 2274 2926 τὸν
2320 2872 2455 2927 Θεὸν
2496 2873 2562 2926 δι’
2594 2874 2789 2944 αὐτῆς.
2837 2872 3091 2944 Ἐκζητεῖ
3117 2873 3175 2926 δὲ
3205 2873 3369 2928 αὑτὸν
3393 2874 3493 2944 οὐχ
3535 2873 3731 2937 ἁπλῶς
3752 2912 3770 2938 ,

2186 2964 2322 3019 ἀλλὰ
2344 2965 2402 3018 ὲν
2429 2967 2549 3028 ταῖς
2580 2965 2819 3036 ἡμέραις
2851 2965 2952 3035 τῆς
2995 2966 3220 3036 μνήμης
3261 2963 3358 3019 τοῦ
3391 2964 3550 3029 Θεοῦ,
3589 2966 3649 3018 ὲν
3678 2961 3776 3028 αῖς

2190 3057 2520 3130 μνημονεύει
2550 3056 3007 3129 Θεοῦ.Ζαχαρίας
3035 3056 3146 3129 γὰρ
3173 3056 3384 3129 μνήμη
3415 3055 3565 3111 Θεοῦ
3592 3058 3777 3127 ἑρμη-

2186 3146 2401 3201 νεύεται
2429 3162 2442 3177 ο
2473 3146 2598 3218 ήτις
2643 3148 2834 3218 μνήμη
2875 3146 3142 3211 συνετίζει
3161 3148 3289 3211 τοὺς
3318 3147 3543 3218 ἔχοντας
3570 3148 3774 3220 αὑτήν.

486 3241 626 3297 bent
654 3240 784 3295 facit
808 3239 1197 3311 intelligentes.
1226 3239 1335 3294 Eos
1355 3246 1538 3293 autem
1566 3239 1696 3294 facit
1713 3239 2081 3313 intelligentes

2193 3238 2460 3303 Συνετίζει
2488 3237 2543 3290 δὲ
2568 3237 2765 3301 αὐτοὺς
2792 3239 2849 3290 ἐν
2874 3237 3024 3308 φόϐῳ
3052 3238 3147 3292 τοῦ
3171 3239 3402 3311 Κυρίου,
3429 3237 3578 3291 τοῦτ’
3598 3236 3773 3301 ἐστιν,

490 3331 769 3389 in-timore
785 3330 1033 3395 ‘Domini,
1063 3332 1171 3387 hoc
1200 3337 1306 3396 est,
1342 3331 1396 3385 in
1430 3331 1648 3386 actione
1672 3331 2080 3389 mandatorum.

488 3438 518 3477 ‘c
558 3423 782 3479 Initium
807 3423 976 3490 enim,
1007 3424 1209 3493 inquit,
1228 3423 1511 3493 sapientiae
1532 3423 1700 3478 timor
1728 3424 1948 3479 Domini
1965 3424 2031 3479 ⁸⁸.
2057 3444 2076 3477 ι

484 3513 663 3581 Quem
685 3513 854 3568 etiam
880 3513 936 3567 in
966 3513 1056 3568 via
1091 3512 1278 3584 dirigit
1302 3513 1568 3569 Dominus
1591 3518 1659 3569 ad
1681 3515 2082 3582 inventionem,

489 3614 548 3661 et
569 3605 777 3660 docens
823 3605 1019 3661 modos
1062 3606 1469 3671 mandatorum,
1492 3614 1548 3661 et
1574 3622 1767 3662 eorum
1794 3623 1918 3678 qua:
1956 3618 2088 3663 sunt

490 3698 746 3752 revelans
767 3697 1029 3751 rationes.
1054 3696 1158 3763 Qui
1187 3712 1318 3769 ergo
1340 3698 1551 3768 absque
1575 3697 1893 3753 divinorum
1926 3714 2085 3753 man-

491 3786 748 3843 datorum
772 3787 985 3841 actione
1009 3789 1207 3857 quarrit
1228 3788 1424 3854 Deum,
1452 3804 1582 3843 eum
1611 3804 1726 3843 non
1763 3789 2000 3856 invenit,
2026 3798 2088 3845 ut

491 3881 587 3951 qui
610 3896 721 3936 non
750 3888 899 3936 recta
923 3882 1008 3936 via
1034 3882 1102 3937 ad
1126 3897 1253 3935 eum
1279 3881 1570 3952 dirigatur.

558 3974 712 4029 Mens
731 3974 999 4045 ejusmodi
1030 3984 1182 4029 arcet
1204 3974 1410 4029 diaboli
1432 3975 1498 4030 ad
1519 3985 1760 4031 mentem
1778 3976 2085 4047 ingressum

489 4080 588 4138 per
599 4064 821 4121 sensilia
839 4063 1189 4131 intermedia,
1205 4065 1392 4120 fixisin
1411 4067 1652 4132 deserto,
1667 4068 1723 4121 in
1737 4070 1994 4133 naturali,
2011 4071 2088 4124 in-

488 4173 674 4228 quam,
686 4159 1170 4229 contemplatione,
1185 4168 1445 4229 tanquam
1462 4160 1691 4214 munitis
1702 4160 1969 4227 turribus,
1984 4162 2090 4234 piis

488 4252 555 4307 de
573 4252 640 4307 iis
655 4267 779 4323 qua:
794 4251 1303 4322 suntdogmatibus.
1332 4252 1413 4307 Ad
1436 4269 1559 4323 quae
1582 4252 1676 4322 qui
1698 4253 1964 4325 confugit,
1980 4271 2091 4309 non

488 4343 749 4399 formidat
765 4342 1042 4398 daemones
1057 4344 1152 4413 qui
1172 4344 1228 4399 in
1247 4345 1352 4399 hac
1363 4344 1683 4409 solitudine,
1699 4344 1754 4399 in
1770 4353 1989 4412 natura,
2007 4346 2091 4401 in-

487 4451 675 4505 quam,
694 4450 888 4490 eorum
905 4451 1027 4505 quae
1042 4436 1321 4503 videntur,
1338 4425 1757 4504 latrocinantur,
1776 4448 1832 4495 et
1847 4448 2089 4495 mentem

486 4541 591 4596 per
614 4541 838 4582 sensum
859 4526 1161 4598 decipiunt,
1185 4530 1540 4585 etattrahunt
1568 4531 1637 4585 ad
1662 4531 1912 4586 exitium.
1939 4532 2091 4587 Mens

2185 3331 2244 3383 ὲν
2274 3333 2339 3401 τῇ
2359 3329 2554 3401 πράξει
2581 3328 2690 3382 τῶν
2714 3329 3010 3383 ὲντολῶν.‹
3045 3331 3213 3402 Ἀρχὴ
3233 3331 3363 3402 γὰρ,
3389 3330 3544 3401 φησι,
3573 3329 3777 3399 σοφίας

2176 3421 2350 3491 φόόος
2375 3420 2603 3491 Κυρίου.
2646 3437 2665 3471 ι
2692 3403 2771 3491 ’ῼ
2791 3420 2885 3473 καὶ
2912 3419 3088 3473 εὐοδοῖ
3119 3423 3147 3475 ό
3176 3420 3381 3492 Κύριος
3409 3422 3492 3483 είς
3524 3419 3775 3492 εὕρεσιν,

2172 3512 2312 3575 ’τούς
2340 3528 2401 3564 τε
2451 3510 2560 3564 τῶν
2598 3510 2830 3566 ἐντολῶν
2870 3512 3109 3583 τρόπους
3156 3510 3457 3576 διδάσκων,
3501 3512 3599 3565 καὶ
3639 3513 3778 3575 τοὺς

2184 3605 2294 3658 τῶν
2335 3603 2507 3658 ὄντων
2551 3602 2747 3672 λόγους
2782 3602 3202 3658 ἀποκαλύπτων.
3231 3602 3556 3675 Τοιγαροῦνξ
3581 3604 3611 3657 ό
3645 3603 3776 3674 δίχα

2187 3694 2442 3767 πράξεως
2470 3695 2582 3749 τῶν
2622 3694 2787 3749 θείων
2816 3694 3045 3749 ἐντολῶν
3076 3695 3324 3766 ἐκζητῶν
3352 3695 3446 3751 τὸν
3480 3694 3639 3760 Θεὸν,
3669 3695 3776 3767 οὐχ

2186 3786 2433 3857 εὑρίσκει
2455 3784 2642 3853 αὐτὸν,
2678 3785 2754 3856 μὴ
2784 3785 3137 3857 εὐοδούμενος
3158 3787 3238 3849 είς
3271 3784 3450 3839 τοῦτο.

2268 3967 2330 4019 '0
2370 3964 2610 4028 τοιοῦτος
2652 3964 2776 4029 νοῦς
2824 3965 3157 4036 ἀποτειχίζει
3188 3965 3286 4038 τὴν
3312 3967 3603 4037 γινομένην
3634 3967 3779 4038 πρὸς

2187 4059 2281 4113 τὸν
2322 4058 2447 4113 νοῦν
2495 4057 2585 4111 διὰ
2618 4058 2801 4128 μέσων
2835 4057 2946 4111 τῶν
2979 4058 3257 4129 αἰσθητῶν
3288 4058 3494 4112 εἴσοδον
3530 4055 3626 4111 τοῦ
3657 4058 3779 4111 δια-

2189 4150 2377 4215 ϐόλου,
2412 4149 2726 4219 πηξάμενος
2760 4150 2817 4201 ὲν
2845 4149 2913 4219 τῇ
2954 4148 3170 4219 ἐρήμῳ,
3199 4146 3344 4216 λέγω
3378 4147 3436 4200 δὲ
3462 4149 3529 4217 τῇ
3562 4147 3777 4217 φυσικῇ

2191 4243 2415 4315 θεωρίᾳ,
2451 4240 2704 4313 καθάπερ
2740 4243 2986 4313 πύργους
3023 4240 3285 4310 ἀσφαλεῖς
3313 4240 3382 4294 τά
3412 4240 3614 4311 εὐσεὸῆ
3640 4240 3782 4311 περὶ

2187 4335 2298 4389 τῶν
2343 4334 2513 4388 ὄντων
2548 4333 2815 4404 δόγματα.
2845 4334 2939 4396 Είς
2968 4332 3004 4386 ἀ
3035 4332 3065 4384 ὁ
3105 4322 3468 4403 καταφεύγων
3494 4333 3555 4385 οὐ
3586 4331 3784 4402 φοϐεῖ-

2189 4434 2278 4483 ται
2308 4429 2436 4492 τοὺς
2461 4425 2607 4481 κατὰ
2634 4425 2733 4496 τὴν
2767 4424 2976 4496 ἔρημον
3006 4422 3233 4496 ταύτην,
3269 4424 3417 4495 φημὶ
3442 4424 3507 4496 δὴ
3534 4424 3633 4495 τὴν
3666 4425 3781 4492 φύ-

2192 4539 2276 4576 σιν
2316 4519 2427 4574 τῶν
2466 4516 2782 4589 ὁρωμένων,
2818 4516 3183 4588 λῃστεύοντας
3211 4516 3470 4589 δαίμονας
3509 4516 3602 4570 καὶ
3632 4516 3784 4568 πλα-

490 4616 769 4687 ejusmodi
825 4625 910 4673 est
948 4618 1116 4675 etiam
1149 4635 1317 4675 verus
1380 4620 1621 4690 agricola
1644 4661 1660 4686 ,
1692 4636 1835 4690 pura
1874 4637 1906 4675 a
1958 4621 2081 4678 lolio

2196 4617 2407 4678 νῶντας
2445 4613 2538 4666 τὸν
2570 4610 2697 4665 νοῦν
2726 4610 2816 4664 διὰ
2843 4611 2945 4681 τῆς
2976 4608 3308 4680 αἰσθήσεως,
3354 4608 3447 4664 καὶ
3481 4608 3620 4680 πρὸς
3669 4609 3785 4661 ἀπ-

491 4719 592 4774 per
625 4705 872 4761 studium
910 4715 967 4762 et
1006 4706 1345 4779 diligentiam
1397 4708 1585 4764 divina
1610 4724 1946 4765 conservans
1977 4708 2082 4764 bo-

493 4807 697 4850 norum
725 4797 960 4852 semina.

2205 4710 2405 4765 ὡλειαν
2448 4703 2884 4776 κατασύραντας.
2921 4703 2979 4757 ’0
3000 4700 3244 4766 τοιοῦτος
3271 4701 3397 4767 νοῦς
3437 4700 3534 4756 καὶ
3564 4700 3784 4772 ἀληθής

2209 4796 2643 4869 ὲστιγεωργὸς,
2688 4794 2909 4867 καθαρά
2950 4793 3241 4861 ζιζανίων,
3286 4793 3378 4848 διὰ
3421 4793 3524 4865 τῆς
3565 4795 3777 4856 οἰκείας

501 4888 742 4960 σπουδῆς
771 4889 867 4943 καὶ
897 4888 1239 4960 ἐπιμελείας,
1268 4890 1340 4944 τὰ
1405 4888 1527 4944 θεῖα
1593 4892 1698 4948 τῶν
1743 4895 1969 4967 ἀγαθῶν
2002 4899 2302 4971 σπέρματα
2322 4888 2631 4963 συπηρῶν.

973 4979 1071 5035 EX
1106 4979 1343 5037 EODEM
1379 4980 1608 5041 LIBRO.

1126 5087 1193 5128 DE
1215 5087 1454 5129 EZECBIA.

496 5164 563 5222 Et
590 5167 717 5222 vidit
738 5165 992 5236 Ezechias
1025 5164 1166 5236 quod
1185 5167 1326 5219 venit
1346 5166 1661 5226 Senacherib
1682 5174 1752 5228 ad
1771 5171 1971 5227 bellum
1985 5188 2077 5236 ge-

561 5236 786 5289 rendum
814 5237 869 5289 in
883 5233 1185 5289 Jerusalem
1204 5251 1222 5289 :
1240 5245 1287 5289 et
1304 5239 1621 5297 consultavit
1648 5260 1764 5297 cum
1783 5233 2077 5297 senioribus

563 5306 670 5384 suis
689 5315 737 5359 et
757 5306 1056 5384 proceribus
1075 5306 1342 5384 obstruere
1361 5326 1529 5384 aquas
1546 5313 1771 5383 fontium
1789 5329 1907 5384 qua:
1928 5323 2081 5384 erant

563 5382 717 5455 extra
750 5376 1036 5455 civitatein.
1088 5375 1161 5430 Et
1199 5392 1318 5455 eum
1353 5375 1768 5450 conﬁrmarunt,
1800 5375 1858 5455 et
1871 5381 2081 5455 collegit

560 5442 789 5526 multum
818 5445 1183 5528 μοραίςιηιιεξ
1217 5442 1593 5506 obstruxerunt
1626 5442 1796 5554 agitas
1831 5442 2078 5525 fontium,

564 5522 617 5554 ρι
655 5515 868 5554 ﬂsnnum
903 5529 992 5554 nm
1011 5515 1195 5554 Iliun!”
1230 5536 1323 5554 non
1353 5522 1654 5554 ρει-ὅοηιοωι

564 5522 617 5569 et
648 5515 993 5587 ﬂuvium'qui
1010 5515 1195 5572 dividit
1230 5536 1323 5591 per
1352 5515 1703 5577 civitatem“.

569 5733 841 5805 Quoniam
890 5739 1158 5800 Ezechias
1194 5738 1597 5813 interpretatur
1649 5742 1749 5800 Dei
1799 5716 2081 5819 potentia,

2564 4982 2658 5035 EK
2690 4979 2826 5035 ΤΗΣ
2857 4978 3091 5034 ΑΥἸῊΣ
3127 4978 3400 5033 ΒΙΒΛΟΥ.

2748 5069 2888 5139 Περὶ
2939 5068 3219 5138 Ἐζεκίου.

2191 5169 2298 5223 Καὶ
2324 5161 2486 5222 εἶδεν
2536 5163 2801 5235 Ἐζεκίας
2825 5162 2915 5217 ὅτι
2940 5161 3076 5235 ἣκει
3106 5159 3477 5235 Σεναχηρείμ
3519 5158 3628 5235 τοῦ
3667 5175 3785 5214 πο-

2257 5237 2523 5308 λεμῆσαι
2570 5231 3138 5308 ἐν”Ίερουᾳαλήμζ
3200 5234 3300 5308 καὶ
3363 5231 3789 5308 ἐβουλεύσατο

2255 5298 2409 5378 μεὶᾶ
2447 5306 2566 5378 τῶν
2606 5298 3027 5378 πρεσδυτέριιέν
3051 5298 3257 5378 ἀὺτρῦ
3314 5301 3434 5378 θεαὶ.
3463 5298 3784 5378 aeratis.

2258 5367 2555 5448 ἓμφρὰξὰι
2589 5367 2663 5448 τά
2688 5375 2881 5429 ὕδατα
2898 5367 3036 5448 ’τῶν
3063 5371 3293 5448 πηγῶν,
3395 5367 3476 5440 ἦν
3498 5370 3617 5448 ἔξω
3661 5369 3789 5448 τῆς

2260 5439 2513 5514 ᾰόῖεωξι.
2529 5517 2537 5519 _
2555 5445 2667 5501 Καὶ
2710 5439 3186 5519 συνεπίσχυοναν
3206 5439 3427 5519 apter,
3440 5439 3562 5519 _x_ai
3588 5439 3791 5519 συνῇ-

2259 5510 2588 5590 γαγεᾼλοόν
2615 5516 2837 5590 πολὺν,
2870 5510 3393 5590 καὶίέξέφρᾳξεᾳτὰ
3427 5510 3617 5590 ﬁdem
3652 5510 3787 5590 τῶν

2259 5578 2508 5658 πηγῶν,
2547 5588 2648 5640 καί
2690 5585 2800 5640 τὸν
2824 5578 3115 5653 ’ποταμὸν
3140 5578 3250 5639 τὸν
3293 5580 3624 5652 διορίζοντα
3675 5578 3789 5634 διὰ

2262 5659 2374 5729 τῆς
2400 5659 2656 5723 πόλεως.

2272 5722 2424 5805 ’ἐπεὶ
2451 5749 2696 5822 Ἑζεχίας
2716 5747 2935 5820 κράτος
2951 5747 3098 5804 Θεοῦ
3115 5734 3504 5821 ἑρμηνεύεται,
3520 5742 3629 5807 πᾶς
3648 5722 3786 5805 νοῦς

568 5845 617 5881 ⁸⁷
645 5845 691 5903 ll
724 5846 903 5904 Paral.
935 5866 1084 5919 xxvi,
1117 5852 1171 5908 5.
1247 5854 1293 5887 ⁸⁸
1328 5853 1500 5909 Eccli.
1536 5870 1577 5923 ι,
1610 5855 1697 5913 16.
1773 5857 1818 5893 ⁸⁸
1845 5858 1892 5914 Π
1924 5860 2080 5917 Paral

2193 5878 2311 5931 tm,
2343 5837 2487 5928 2-4.,
3215 5866 3219 5871 ’
