  <div class='ocr_page' id='page_1' title='image "/cluster/home/n/w/nwhite01/storage/ocr_20150623/77:no.10/coo.31924054869783/640.png"; bbox 0 0 4076 6436; ppageno 0'>
   <div class='ocr_carea' id='block_1_1' title="bbox 405 425 512 480">
    <p class='ocr_par' dir='ltr' id='par_1_1' title="bbox 405 425 512 480">
     <span class='ocr_line' id='line_1_1' title="bbox 405 425 512 480; baseline 0 0"><span class='ocrx_word' id='word_1_1' title='bbox 405 425 512 480; x_wconf 73' lang='lat'><strong>265</strong></span> 
     </span>
    </p>
   </div>
   <div class='ocr_carea' id='block_1_2' title="bbox 1759 420 2280 491">
    <p class='ocr_par' dir='ltr' id='par_1_2' title="bbox 1759 420 2280 491">
     <span class='ocr_line' id='line_1_2' title="bbox 1759 420 2280 491; baseline 0.006 -13"><span class='ocrx_word' id='word_1_2' title='bbox 1759 420 2280 491; x_wconf 74' lang='lat' dir='ltr'><strong>COLLECTANEA,</strong></span> 
     </span>
    </p>
   </div>
   <div class='ocr_carea' id='block_1_3' title="bbox 3518 428 3655 486">
    <p class='ocr_par' dir='ltr' id='par_1_3' title="bbox 3518 428 3655 486">
     <span class='ocr_line' id='line_1_3' title="bbox 3518 428 3655 486; baseline 0.007 -3"><span class='ocrx_word' id='word_1_3' title='bbox 3518 428 3655 486; x_wconf 68' lang='grc'><strong>1966</strong></span> 
     </span>
    </p>
   </div>
   <div class='ocr_carea' id='block_1_4' title="bbox 365 538 1959 615">
    <p class='ocr_par' dir='ltr' id='par_1_4' title="bbox 365 538 1946 614">
     <span class='ocr_line' id='line_1_4' title="bbox 365 538 1946 614; baseline -0.002 -18"><span class='ocrx_word' id='word_1_4' title='bbox 365 547 454 600; x_wconf 74' lang='grc' dir='ltr'><strong>διὰ</strong></span> <span class='ocrx_word' id='word_1_5' title='bbox 481 541 799 614; x_wconf 79' lang='grc' dir='ltr'><strong>πρακτικῆς</strong></span> <span class='ocrx_word' id='word_1_6' title='bbox 829 539 1145 609; x_wconf 76' lang='grc' dir='ltr'><strong>φιλοσοφίας</strong></span> <span class='ocrx_word' id='word_1_7' title='bbox 1177 538 1522 610; x_wconf 85' lang='grc' dir='ltr'>κτησάμενος</span> <span class='ocrx_word' id='word_1_8' title='bbox 1547 541 1749 612; x_wconf 87' lang='grc' dir='ltr'>κράτος</span> <span class='ocrx_word' id='word_1_9' title='bbox 1772 541 1946 606; x_wconf 88' lang='grc' dir='ltr'>θεῖον,</span> 
     </span>
    </p>
   </div>
   <div class='ocr_carea' id='block_1_5' title="bbox 2060 538 3654 615">
    <p class='ocr_par' dir='ltr' id='par_1_5' title="bbox 2060 543 3654 615">
     <span class='ocr_line' id='line_1_5' title="bbox 2060 543 3654 615; baseline 0.001 -20"><span class='ocrx_word' id='word_1_10' title='bbox 2060 557 2211 597; x_wconf 89' lang='lat' dir='ltr'><strong>mens</strong></span> <span class='ocrx_word' id='word_1_11' title='bbox 2232 558 2435 610; x_wconf 79' lang='lat' dir='ltr'><strong>omnis,</strong></span> <span class='ocrx_word' id='word_1_12' title='bbox 2455 561 2579 614; x_wconf 68' lang='lat' dir='ltr'><strong>qua:</strong></span> <span class='ocrx_word' id='word_1_13' title='bbox 2605 561 2703 615; x_wconf 92' lang='lat' dir='ltr'><strong>per</strong></span> <span class='ocrx_word' id='word_1_14' title='bbox 2726 545 2960 600; x_wconf 76' lang='lat' dir='ltr'><strong>activam</strong></span> <span class='ocrx_word' id='word_1_15' title='bbox 2985 543 3390 614; x_wconf 68' lang='lat' dir='ltr'><strong>pliilowphiam</strong></span> <span class='ocrx_word' id='word_1_16' title='bbox 3409 543 3654 598; x_wconf 82' lang='lat' dir='ltr'><strong>divinam</strong></span> 
     </span>
    </p>
   </div>
   <div class='ocr_carea' id='block_1_6' title="bbox 369 631 1961 703">
    <p class='ocr_par' dir='ltr' id='par_1_6' title="bbox 369 631 1961 703">
     <span class='ocr_line' id='line_1_6' title="bbox 369 631 1961 703; baseline -0.002 -14"><span class='ocrx_word' id='word_1_17' title='bbox 369 635 595 690; x_wconf 72' lang='grc' dir='ltr'>ἐπειδὰν</span> <span class='ocrx_word' id='word_1_18' title='bbox 623 631 738 702; x_wconf 86' lang='grc' dir='ltr'>γνῷ</span> <span class='ocrx_word' id='word_1_19' title='bbox 765 632 1086 702; x_wconf 82' lang='grc' dir='ltr'>κινούμενον</span> <span class='ocrx_word' id='word_1_20' title='bbox 1111 631 1232 684; x_wconf 87' lang='grc' dir='ltr'>κατ’</span> <span class='ocrx_word' id='word_1_21' title='bbox 1262 632 1427 686; x_wconf 76' lang='grc' dir='ltr'>αὑτοῦ</span> <span class='ocrx_word' id='word_1_22' title='bbox 1457 632 1549 686; x_wconf 82' lang='grc' dir='ltr'><strong>τὸν</strong></span> <span class='ocrx_word' id='word_1_23' title='bbox 1572 633 1762 703; x_wconf 77' lang='grc' dir='ltr'>νοητὸν</span> <span class='ocrx_word' id='word_1_24' title='bbox 1799 633 1961 686; x_wconf 90' lang='grc' dir='ltr'>Σενα-</span> 
     </span>
    </p>
   </div>
   <div class='ocr_carea' id='block_1_7' title="bbox 369 728 1960 802">
    <p class='ocr_par' dir='ltr' id='par_1_7' title="bbox 369 728 1960 802">
     <span class='ocr_line' id='line_1_7' title="bbox 369 728 1960 802; baseline 0.001 -21"><span class='ocrx_word' id='word_1_25' title='bbox 369 733 614 801; x_wconf 74' lang='grc' dir='ltr'>χηρεὶμ,</span> <span class='ocrx_word' id='word_1_26' title='bbox 657 729 716 789; x_wconf 82' lang='grc' dir='ltr'><strong>ὃς</strong></span> <span class='ocrx_word' id='word_1_27' title='bbox 767 728 1136 802; x_wconf 79' lang='grc' dir='ltr'><strong>ἑρμηνεύεται</strong></span> <span class='ocrx_word' id='word_1_28' title='bbox 1176 729 1510 798; x_wconf 76' lang='grc' dir='ltr'>πειρασμὸς</span> <span class='ocrx_word' id='word_1_29' title='bbox 1539 729 1870 798; x_wconf 73' lang='grc' dir='ltr'><strong>ξηραίνων,</strong></span> <span class='ocrx_word' id='word_1_30' title='bbox 1925 730 1960 802; x_wconf 80' lang='grc' dir='ltr'>ἢ</span> 
     </span>
    </p>
   </div>
   <div class='ocr_carea' id='block_1_8' title="bbox 367 819 1961 889">
    <p class='ocr_par' dir='ltr' id='par_1_8' title="bbox 367 819 1961 889">
     <span class='ocr_line' id='line_1_8' title="bbox 367 819 1961 889; baseline -0.001 -15"><span class='ocrx_word' id='word_1_31' title='bbox 367 821 616 887; x_wconf 71' lang='grc' dir='ltr'>ὀδόντες</span> <span class='ocrx_word' id='word_1_32' title='bbox 639 820 1026 889; x_wconf 74' lang='grc' dir='ltr'><strong>ἠκονημένα,</strong></span> <span class='ocrx_word' id='word_1_33' title='bbox 1062 819 1246 882; x_wconf 82' lang='grc' dir='ltr'>ὁποῖός</span> <span class='ocrx_word' id='word_1_34' title='bbox 1295 820 1444 873; x_wconf 75' lang='grc' dir='ltr'>ἐστιν</span> <span class='ocrx_word' id='word_1_35' title='bbox 1475 821 1504 874; x_wconf 85' lang='grc' dir='ltr'><strong>ὁ</strong></span> <span class='ocrx_word' id='word_1_36' title='bbox 1543 819 1813 884; x_wconf 91' lang='grc' dir='ltr'>διάϐολος,</span> <span class='ocrx_word' id='word_1_37' title='bbox 1846 819 1961 888; x_wconf 84' lang='grc' dir='ltr'><strong>βου-</strong></span> 
     </span>
    </p>
   </div>
   <div class='ocr_carea' id='block_1_9' title="bbox 368 912 1959 985">
    <p class='ocr_par' dir='ltr' id='par_1_9' title="bbox 368 912 1959 985">
     <span class='ocr_line' id='line_1_9' title="bbox 368 912 1959 985; baseline -0.001 -16"><span class='ocrx_word' id='word_1_38' title='bbox 368 916 585 969; x_wconf 86' lang='grc' dir='ltr'>λεύεται</span> <span class='ocrx_word' id='word_1_39' title='bbox 619 915 759 985; x_wconf 82' lang='grc' dir='ltr'>μετά</span> <span class='ocrx_word' id='word_1_40' title='bbox 803 914 915 967; x_wconf 88' lang='grc' dir='ltr'><strong>τῶν</strong></span> <span class='ocrx_word' id='word_1_41' title='bbox 959 913 1358 985; x_wconf 81' lang='grc' dir='ltr'>πρεσϐυτέρων</span> <span class='ocrx_word' id='word_1_42' title='bbox 1411 914 1507 968; x_wconf 78' lang='grc' dir='ltr'><strong>καὶ</strong></span> <span class='ocrx_word' id='word_1_43' title='bbox 1551 913 1795 966; x_wconf 82' lang='grc' dir='ltr'><strong>δυνατῶν</strong></span> <span class='ocrx_word' id='word_1_44' title='bbox 1849 912 1959 967; x_wconf 88' lang='grc' dir='ltr'>τῶν</span> 
     </span>
    </p>
   </div>
   <div class='ocr_carea' id='block_1_10' title="bbox 368 1002 1956 1078">
    <p class='ocr_par' dir='ltr' id='par_1_10' title="bbox 368 1002 1956 1078">
     <span class='ocr_line' id='line_1_10' title="bbox 368 1002 1956 1078; baseline -0.004 -14"><span class='ocrx_word' id='word_1_45' title='bbox 368 1010 507 1078; x_wconf 80' lang='grc' dir='ltr'><strong>ἀμφ’</strong></span> <span class='ocrx_word' id='word_1_46' title='bbox 541 1008 725 1063; x_wconf 87' lang='grc' dir='ltr'>αὐτόν.</span> <span class='ocrx_word' id='word_1_47' title='bbox 772 1002 931 1062; x_wconf 73' lang='grc' dir='ltr'>Οὗτοι</span> <span class='ocrx_word' id='word_1_48' title='bbox 962 1007 1018 1060; x_wconf 81' lang='grc' dir='ltr'><strong>δέ</strong></span> <span class='ocrx_word' id='word_1_49' title='bbox 1045 1010 1182 1060; x_wconf 89' lang='grc' dir='ltr'>είσιν</span> <span class='ocrx_word' id='word_1_50' title='bbox 1213 1007 1248 1076; x_wconf 78' lang='grc' dir='ltr'><strong>ἧ</strong></span> <span class='ocrx_word' id='word_1_51' title='bbox 1273 1023 1332 1060; x_wconf 90' lang='grc' dir='ltr'><strong>τε</strong></span> <span class='ocrx_word' id='word_1_52' title='bbox 1380 1005 1662 1077; x_wconf 81' lang='grc' dir='ltr'>λογιστικὴ</span> <span class='ocrx_word' id='word_1_53' title='bbox 1691 1005 1922 1076; x_wconf 90' lang='grc' dir='ltr'>δύναμις</span> <span class='ocrx_word' id='word_1_54' title='bbox 1941 1046 1956 1071; x_wconf 96' lang='grc'><strong>,</strong></span> 
     </span>
    </p>
   </div>
   <div class='ocr_carea' id='block_1_11' title="bbox 370 1095 1958 1170">
    <p class='ocr_par' dir='ltr' id='par_1_11' title="bbox 370 1095 1958 1170">
     <span class='ocr_line' id='line_1_11' title="bbox 370 1095 1958 1170; baseline -0.004 -16"><span class='ocrx_word' id='word_1_55' title='bbox 370 1101 464 1154; x_wconf 73' lang='grc' dir='ltr'><strong>καὶ</strong></span> <span class='ocrx_word' id='word_1_56' title='bbox 491 1102 525 1170; x_wconf 82' lang='grc' dir='ltr'><strong>ἡ</strong></span> <span class='ocrx_word' id='word_1_57' title='bbox 561 1097 798 1169; x_wconf 85' lang='grc' dir='ltr'>θυμικὴ,</span> <span class='ocrx_word' id='word_1_58' title='bbox 843 1097 939 1149; x_wconf 80' lang='grc' dir='ltr'>καὶ</span> <span class='ocrx_word' id='word_1_59' title='bbox 973 1099 1006 1167; x_wconf 86' lang='grc' dir='ltr'><strong>ἡ</strong></span> <span class='ocrx_word' id='word_1_60' title='bbox 1041 1096 1417 1167; x_wconf 77' lang='grc' dir='ltr'>ὲπιθυμητική</span> <span class='ocrx_word' id='word_1_61' title='bbox 1439 1112 1452 1124; x_wconf 80' lang='grc'><strong>”</strong></span> <span class='ocrx_word' id='word_1_62' title='bbox 1489 1095 1557 1160; x_wconf 74' lang='grc' dir='ltr'><strong>ἃς</strong></span> <span class='ocrx_word' id='word_1_63' title='bbox 1596 1096 1817 1166; x_wconf 67' lang='grc' dir='ltr'>εἴληχεν</span> <span class='ocrx_word' id='word_1_64' title='bbox 1839 1135 1852 1160; x_wconf 88' lang='grc'><strong>,</strong></span> <span class='ocrx_word' id='word_1_65' title='bbox 1882 1096 1958 1159; x_wconf 86' lang='grc' dir='ltr'><strong>ὼς</strong></span> 
     </span>
    </p>
   </div>
   <div class='ocr_carea' id='block_1_12' title="bbox 372 1183 1959 1265">
    <p class='ocr_par' dir='ltr' id='par_1_12' title="bbox 372 1183 1959 1265">
     <span class='ocr_line' id='line_1_12' title="bbox 372 1183 1959 1265; baseline -0.002 -20"><span class='ocrx_word' id='word_1_66' title='bbox 372 1192 784 1265; x_wconf 86' lang='grc' dir='ltr'>πρεσϐυτέρους</span> <span class='ocrx_word' id='word_1_67' title='bbox 831 1189 930 1258; x_wconf 86' lang='grc' dir='ltr'>μὲν</span> <span class='ocrx_word' id='word_1_68' title='bbox 951 1227 966 1252; x_wconf 84' lang='grc'><strong>,</strong></span> <span class='ocrx_word' id='word_1_69' title='bbox 1007 1189 1092 1242; x_wconf 86' lang='grc' dir='ltr'><strong>ὅτι</strong></span> <span class='ocrx_word' id='word_1_70' title='bbox 1125 1188 1340 1259; x_wconf 87' lang='grc' dir='ltr'>πρῶται</span> <span class='ocrx_word' id='word_1_71' title='bbox 1375 1188 1636 1260; x_wconf 88' lang='grc' dir='ltr'>δυνάμεις</span> <span class='ocrx_word' id='word_1_72' title='bbox 1671 1183 1832 1242; x_wconf 71' lang='grc' dir='ltr'>αὗται</span> <span class='ocrx_word' id='word_1_73' title='bbox 1859 1189 1959 1258; x_wconf 86' lang='grc' dir='ltr'><strong>τῆς</strong></span> 
     </span>
    </p>
   </div>
   <div class='ocr_carea' id='block_1_13' title="bbox 368 1282 1981 1357">
    <p class='ocr_par' dir='ltr' id='par_1_13' title="bbox 368 1282 1981 1357">
     <span class='ocr_line' id='line_1_13' title="bbox 368 1282 1981 1357; baseline -0.001 -19"><span class='ocrx_word' id='word_1_74' title='bbox 368 1286 570 1357; x_wconf 81' lang='grc' dir='ltr'>ψυχῆς,</span> <span class='ocrx_word' id='word_1_75' title='bbox 619 1285 714 1337; x_wconf 79' lang='grc' dir='ltr'><strong>καὶ</strong></span> <span class='ocrx_word' id='word_1_76' title='bbox 750 1282 1210 1354; x_wconf 72' lang='grc' dir='ltr'>συμπληρωτικαὶ</span> <span class='ocrx_word' id='word_1_77' title='bbox 1263 1283 1363 1353; x_wconf 88' lang='grc' dir='ltr'>τῆς</span> <span class='ocrx_word' id='word_1_78' title='bbox 1409 1284 1603 1347; x_wconf 83' lang='grc' dir='ltr'><strong>οὐσίας</strong></span> <span class='ocrx_word' id='word_1_79' title='bbox 1639 1283 1831 1354; x_wconf 81' lang='grc' dir='ltr'>αὐτῆς,</span> <span class='ocrx_word' id='word_1_80' title='bbox 1883 1285 1981 1348; x_wconf 59' lang='grc' dir='ltr'><strong>ὠςς</strong></span> 
     </span>
    </p>
   </div>
   <div class='ocr_carea' id='block_1_14' title="bbox 366 1373 1956 1446">
    <p class='ocr_par' dir='ltr' id='par_1_14' title="bbox 366 1373 1956 1446">
     <span class='ocr_line' id='line_1_14' title="bbox 366 1373 1956 1446; baseline -0.001 -16"><span class='ocrx_word' id='word_1_81' title='bbox 366 1377 631 1439; x_wconf 74' lang='grc' dir='ltr'>δυνατοὺς</span> <span class='ocrx_word' id='word_1_82' title='bbox 657 1374 737 1439; x_wconf 81' lang='grc' dir='ltr'><strong>δὲ.</strong></span> <span class='ocrx_word' id='word_1_83' title='bbox 770 1375 852 1428; x_wconf 88' lang='grc' dir='ltr'><strong>ὅτι</strong></span> <span class='ocrx_word' id='word_1_84' title='bbox 883 1374 975 1428; x_wconf 77' lang='grc' dir='ltr'><strong>καὶ</strong></span> <span class='ocrx_word' id='word_1_85' title='bbox 999 1373 1135 1427; x_wconf 77' lang='grc' dir='ltr'>αὐτὸ</span> <span class='ocrx_word' id='word_1_86' title='bbox 1159 1373 1320 1428; x_wconf 80' lang='grc' dir='ltr'>τοῦτο</span> <span class='ocrx_word' id='word_1_87' title='bbox 1356 1375 1631 1445; x_wconf 80' lang='grc' dir='ltr'><strong>Δυνάμεις</strong></span> <span class='ocrx_word' id='word_1_88' title='bbox 1655 1375 1956 1446; x_wconf 69' lang='grc' dir='ltr'>ὀνομάζονο</span> 
     </span>
    </p>
   </div>
   <div class='ocr_carea' id='block_1_15' title="bbox 368 1465 1956 1539">
    <p class='ocr_par' dir='ltr' id='par_1_15' title="bbox 368 1465 1956 1539">
     <span class='ocr_line' id='line_1_15' title="bbox 368 1465 1956 1539; baseline -0.001 -16"><span class='ocrx_word' id='word_1_89' title='bbox 368 1488 457 1523; x_wconf 89' lang='grc' dir='ltr'>ται</span> <span class='ocrx_word' id='word_1_90' title='bbox 479 1484 495 1500; x_wconf 77' lang='grc'><strong><em>⁸</em></strong></span> <span class='ocrx_word' id='word_1_91' title='bbox 526 1469 622 1522; x_wconf 73' lang='grc' dir='ltr'>καὶ</span> <span class='ocrx_word' id='word_1_92' title='bbox 649 1468 732 1521; x_wconf 86' lang='grc' dir='ltr'><strong>ὅτι</strong></span> <span class='ocrx_word' id='word_1_93' title='bbox 769 1467 1022 1538; x_wconf 90' lang='grc' dir='ltr'>συνεργοί</span> <span class='ocrx_word' id='word_1_94' title='bbox 1053 1467 1159 1519; x_wconf 88' lang='grc' dir='ltr'>είσι</span> <span class='ocrx_word' id='word_1_95' title='bbox 1188 1465 1282 1520; x_wconf 84' lang='grc' dir='ltr'><strong>τοῦ</strong></span> <span class='ocrx_word' id='word_1_96' title='bbox 1312 1467 1430 1530; x_wconf 76' lang='grc' dir='ltr'>νοὸς</span> <span class='ocrx_word' id='word_1_97' title='bbox 1467 1467 1604 1539; x_wconf 87' lang='grc' dir='ltr'>πρὸς</span> <span class='ocrx_word' id='word_1_98' title='bbox 1635 1467 1956 1538; x_wconf 84' lang='grc' dir='ltr'>καθαίρεσιν</span> 
     </span>
    </p>
   </div>
   <div class='ocr_carea' id='block_1_16' title="bbox 369 1558 1957 1632">
    <p class='ocr_par' dir='ltr' id='par_1_16' title="bbox 369 1558 1957 1632">
     <span class='ocr_line' id='line_1_16' title="bbox 369 1558 1957 1632; baseline 0 -18"><span class='ocrx_word' id='word_1_99' title='bbox 369 1561 604 1625; x_wconf 81' lang='grc' dir='ltr'>κακίας,</span> <span class='ocrx_word' id='word_1_100' title='bbox 636 1560 730 1612; x_wconf 83' lang='grc' dir='ltr'><strong>καὶ</strong></span> <span class='ocrx_word' id='word_1_101' title='bbox 767 1558 1026 1616; x_wconf 68' lang='grc' dir='ltr'>σύστασιν</span> <span class='ocrx_word' id='word_1_102' title='bbox 1071 1559 1274 1630; x_wconf 82' lang='grc' dir='ltr'>ἀρετῆς</span> <span class='ocrx_word' id='word_1_103' title='bbox 1299 1599 1314 1626; x_wconf 93' lang='grc'><strong>,</strong></span> <span class='ocrx_word' id='word_1_104' title='bbox 1363 1559 1458 1612; x_wconf 79' lang='grc' dir='ltr'>καὶ</span> <span class='ocrx_word' id='word_1_105' title='bbox 1483 1560 1566 1613; x_wconf 83' lang='grc' dir='ltr'><strong>ὅτι</strong></span> <span class='ocrx_word' id='word_1_106' title='bbox 1596 1561 1876 1632; x_wconf 84' lang='grc' dir='ltr'>ἄρχουσιν,</span> <span class='ocrx_word' id='word_1_107' title='bbox 1923 1563 1957 1632; x_wconf 84' lang='grc' dir='ltr'>ή</span> 
     </span>
    </p>
   </div>
   <div class='ocr_carea' id='block_1_17' title="bbox 374 1651 1958 1725">
    <p class='ocr_par' dir='ltr' id='par_1_17' title="bbox 374 1651 1958 1725">
     <span class='ocr_line' id='line_1_17' title="bbox 374 1651 1958 1725; baseline 0.001 -19"><span class='ocrx_word' id='word_1_108' title='bbox 374 1655 474 1725; x_wconf 85' lang='grc' dir='ltr'>μὲν</span> <span class='ocrx_word' id='word_1_109' title='bbox 501 1652 704 1724; x_wconf 82' lang='grc' dir='ltr'>λογικὴ</span> <span class='ocrx_word' id='word_1_110' title='bbox 729 1652 979 1722; x_wconf 80' lang='grc' dir='ltr'>δύναμις,</span> <span class='ocrx_word' id='word_1_111' title='bbox 1013 1651 1120 1705; x_wconf 90' lang='grc' dir='ltr'><strong>τῶν</strong></span> <span class='ocrx_word' id='word_1_112' title='bbox 1148 1652 1468 1720; x_wconf 88' lang='grc' dir='ltr'>γνωστικῶν</span> <span class='ocrx_word' id='word_1_113' title='bbox 1490 1652 1771 1724; x_wconf 85' lang='grc' dir='ltr'>λογισμῶν</span> <span class='ocrx_word' id='word_1_114' title='bbox 1799 1671 1812 1685; x_wconf 78' lang='grc' dir='ltr'><strong>ο</strong></span> <span class='ocrx_word' id='word_1_115' title='bbox 1837 1656 1870 1724; x_wconf 87' lang='grc' dir='ltr'>ἡ</span> <span class='ocrx_word' id='word_1_116' title='bbox 1901 1655 1958 1708; x_wconf 82' lang='grc' dir='ltr'>δὲ</span> 
     </span>
    </p>
   </div>
   <div class='ocr_carea' id='block_1_18' title="bbox 370 1741 1954 1817">
    <p class='ocr_par' dir='ltr' id='par_1_18' title="bbox 370 1741 1954 1817">
     <span class='ocr_line' id='line_1_18' title="bbox 370 1741 1954 1817; baseline 0.002 -21"><span class='ocrx_word' id='word_1_117' title='bbox 370 1743 597 1814; x_wconf 85' lang='grc' dir='ltr'>θυμικὴ,</span> <span class='ocrx_word' id='word_1_118' title='bbox 633 1741 824 1814; x_wconf 86' lang='grc' dir='ltr'>ὁρμῶν</span> <span class='ocrx_word' id='word_1_119' title='bbox 844 1759 856 1772; x_wconf 90' lang='grc'><strong>·</strong></span> <span class='ocrx_word' id='word_1_120' title='bbox 899 1742 994 1794; x_wconf 58' lang='grc' dir='ltr'><strong>καὶ⁸</strong></span> <span class='ocrx_word' id='word_1_121' title='bbox 1021 1743 1055 1813; x_wconf 83' lang='grc' dir='ltr'><strong>ἡ</strong></span> <span class='ocrx_word' id='word_1_122' title='bbox 1081 1742 1454 1814; x_wconf 78' lang='grc' dir='ltr'>ἐπιθυμητικὴ</span> <span class='ocrx_word' id='word_1_123' title='bbox 1484 1743 1590 1797; x_wconf 91' lang='grc' dir='ltr'><strong>τῶν</strong></span> <span class='ocrx_word' id='word_1_124' title='bbox 1623 1744 1954 1817; x_wconf 77' lang='grc' dir='ltr'>ἐπιθυμητι-</span> 
     </span>
    </p>
   </div>
   <div class='ocr_carea' id='block_1_19' title="bbox 369 1833 1954 1908">
    <p class='ocr_par' dir='ltr' id='par_1_19' title="bbox 369 1833 1954 1908">
     <span class='ocr_line' id='line_1_19' title="bbox 369 1833 1954 1908; baseline 0.001 -19"><span class='ocrx_word' id='word_1_125' title='bbox 369 1835 485 1889; x_wconf 88' lang='grc' dir='ltr'><strong>κῶν</strong></span> <span class='ocrx_word' id='word_1_126' title='bbox 509 1834 746 1906; x_wconf 76' lang='grc' dir='ltr'><strong>ὀρέξεων</strong></span> <span class='ocrx_word' id='word_1_127' title='bbox 765 1848 781 1863; x_wconf 83' lang='grc'>⁶</span> <span class='ocrx_word' id='word_1_128' title='bbox 814 1834 894 1887; x_wconf 79' lang='grc' dir='ltr'><strong>ἔτι</strong></span> <span class='ocrx_word' id='word_1_129' title='bbox 930 1833 988 1886; x_wconf 81' lang='grc' dir='ltr'>δὲ</span> <span class='ocrx_word' id='word_1_130' title='bbox 1046 1833 1279 1906; x_wconf 80' lang='grc' dir='ltr'>ἑκάστη,</span> <span class='ocrx_word' id='word_1_131' title='bbox 1309 1835 1418 1888; x_wconf 92' lang='grc' dir='ltr'>τῶν</span> <span class='ocrx_word' id='word_1_132' title='bbox 1465 1838 1586 1890; x_wconf 82' lang='grc' dir='ltr'>κατ’</span> <span class='ocrx_word' id='word_1_133' title='bbox 1617 1837 1788 1908; x_wconf 84' lang='grc' dir='ltr'>αὐτὴν</span> <span class='ocrx_word' id='word_1_134' title='bbox 1819 1838 1954 1891; x_wconf 84' lang='grc' dir='ltr'>ἀπο-</span> 
     </span>
    </p>
   </div>
   <div class='ocr_carea' id='block_1_20' title="bbox 367 1899 2026 2000">
    <p class='ocr_par' dir='ltr' id='par_1_20' title="bbox 367 1899 2026 2000">
     <span class='ocr_line' id='line_1_20' title="bbox 367 1899 2026 2000; baseline 0.002 -21"><span class='ocrx_word' id='word_1_135' title='bbox 367 1899 738 1997; x_wconf 82' lang='grc' dir='ltr'>τελεσμάτων.</span> <span class='ocrx_word' id='word_1_136' title='bbox 763 1925 996 1990; x_wconf 78' lang='grc' dir='ltr'>Τούτους</span> <span class='ocrx_word' id='word_1_137' title='bbox 1028 1921 1122 1980; x_wconf 72' lang='grc' dir='ltr'><strong>οὖν</strong></span> <span class='ocrx_word' id='word_1_138' title='bbox 1150 1899 1280 1991; x_wconf 38' lang='grc' dir='ltr'>τοὺ-ς</span> <span class='ocrx_word' id='word_1_139' title='bbox 1309 1927 1722 1999; x_wconf 89' lang='grc' dir='ltr'>πρεσϐυτέρους</span> <span class='ocrx_word' id='word_1_140' title='bbox 1745 1899 1892 2000; x_wconf 63' lang='grc' dir='ltr'>έχων</span> <span class='ocrx_word' id='word_1_141' title='bbox 1923 1931 1952 1982; x_wconf 77' lang='grc' dir='ltr'>ὁ</span> <span class='ocrx_word' id='word_1_142' title='bbox 1984 1899 2026 1955; x_wconf 74' lang='grc' dir='ltr'><strong>Β</strong></span> 
     </span>
    </p>
   </div>
   <div class='ocr_carea' id='block_1_21' title="bbox 369 2018 1955 2090">
    <p class='ocr_par' dir='ltr' id='par_1_21' title="bbox 369 2018 1955 2090">
     <span class='ocr_line' id='line_1_21' title="bbox 369 2018 1955 2090; baseline 0.001 -18"><span class='ocrx_word' id='word_1_143' title='bbox 369 2018 494 2082; x_wconf 77' lang='grc' dir='ltr'><strong>νοῦς</strong></span> <span class='ocrx_word' id='word_1_144' title='bbox 522 2019 698 2086; x_wconf 80' lang='grc' dir='ltr'>ὑγιεῖς</span> <span class='ocrx_word' id='word_1_145' title='bbox 722 2034 782 2070; x_wconf 89' lang='grc' dir='ltr'><strong>τε</strong></span> <span class='ocrx_word' id='word_1_146' title='bbox 823 2018 918 2071; x_wconf 76' lang='grc' dir='ltr'><strong>καὶ</strong></span> <span class='ocrx_word' id='word_1_147' title='bbox 956 2018 1428 2090; x_wconf 78' lang='grc' dir='ltr'>άνεξαπατήτους,</span> <span class='ocrx_word' id='word_1_148' title='bbox 1461 2019 1776 2089; x_wconf 84' lang='grc' dir='ltr'>βουλεύεται</span> <span class='ocrx_word' id='word_1_149' title='bbox 1837 2021 1955 2090; x_wconf 86' lang='grc' dir='ltr'>μετ’</span> 
     </span>
    </p>
   </div>
   <div class='ocr_carea' id='block_1_22' title="bbox 370 2108 1957 2181">
    <p class='ocr_par' dir='ltr' id='par_1_22' title="bbox 370 2108 1957 2181">
     <span class='ocr_line' id='line_1_22' title="bbox 370 2108 1957 2181; baseline 0.002 -19"><span class='ocrx_word' id='word_1_150' title='bbox 370 2110 572 2174; x_wconf 79' lang='grc' dir='ltr'>αὐτῶν,</span> <span class='ocrx_word' id='word_1_151' title='bbox 595 2108 672 2172; x_wconf 84' lang='grc' dir='ltr'>ῶς</span> <span class='ocrx_word' id='word_1_152' title='bbox 698 2108 996 2180; x_wconf 81' lang='grc' dir='ltr'>συνεργῶν,</span> <span class='ocrx_word' id='word_1_153' title='bbox 1026 2109 1304 2180; x_wconf 77' lang='grc' dir='ltr'><strong>ἐμφράξαι</strong></span> <span class='ocrx_word' id='word_1_154' title='bbox 1327 2109 1396 2164; x_wconf 79' lang='grc' dir='ltr'>τά</span> <span class='ocrx_word' id='word_1_155' title='bbox 1423 2109 1595 2165; x_wconf 78' lang='grc' dir='ltr'>ὕδατα</span> <span class='ocrx_word' id='word_1_156' title='bbox 1629 2111 1739 2164; x_wconf 88' lang='grc' dir='ltr'><strong>τῶν</strong></span> <span class='ocrx_word' id='word_1_157' title='bbox 1763 2111 1957 2181; x_wconf 83' lang='grc' dir='ltr'>πηγῶν</span> 
     </span>
    </p>
   </div>
   <div class='ocr_carea' id='block_1_23' title="bbox 368 2200 1956 2276">
    <p class='ocr_par' dir='ltr' id='par_1_23' title="bbox 368 2200 1956 2276">
     <span class='ocr_line' id='line_1_23' title="bbox 368 2200 1956 2276; baseline 0.003 -23"><span class='ocrx_word' id='word_1_158' title='bbox 368 2200 440 2256; x_wconf 79' lang='grc' dir='ltr'><strong>τὰ</strong></span> <span class='ocrx_word' id='word_1_159' title='bbox 476 2200 583 2268; x_wconf 75' lang='grc' dir='ltr'><strong>ἔξω</strong></span> <span class='ocrx_word' id='word_1_160' title='bbox 621 2201 725 2270; x_wconf 84' lang='grc' dir='ltr'><strong>τῆς</strong></span> <span class='ocrx_word' id='word_1_161' title='bbox 771 2201 1000 2266; x_wconf 87' lang='grc' dir='ltr'>πόλεως.</span> <span class='ocrx_word' id='word_1_162' title='bbox 1044 2201 1232 2257; x_wconf 64' lang='grc' dir='ltr'>Ταῦτα</span> <span class='ocrx_word' id='word_1_163' title='bbox 1268 2202 1327 2256; x_wconf 88' lang='grc' dir='ltr'><strong>δέ</strong></span> <span class='ocrx_word' id='word_1_164' title='bbox 1366 2205 1506 2258; x_wconf 88' lang='grc' dir='ltr'>είσιν</span> <span class='ocrx_word' id='word_1_165' title='bbox 1575 2207 1633 2258; x_wconf 82' lang='grc' dir='ltr'>αἱ</span> <span class='ocrx_word' id='word_1_166' title='bbox 1667 2203 1810 2258; x_wconf 80' lang='grc' dir='ltr'>κατὰ</span> <span class='ocrx_word' id='word_1_167' title='bbox 1854 2205 1956 2276; x_wconf 83' lang='grc' dir='ltr'><strong>τὴν</strong></span> 
     </span>
    </p>
   </div>
   <div class='ocr_carea' id='block_1_24' title="bbox 371 2292 1958 2368">
    <p class='ocr_par' dir='ltr' id='par_1_24' title="bbox 371 2292 1958 2368">
     <span class='ocr_line' id='line_1_24' title="bbox 371 2292 1958 2368; baseline 0.003 -22"><span class='ocrx_word' id='word_1_168' title='bbox 371 2292 610 2366; x_wconf 80' lang='grc' dir='ltr'>φυσικὴν</span> <span class='ocrx_word' id='word_1_169' title='bbox 639 2292 874 2365; x_wconf 80' lang='grc' dir='ltr'>θεωρίαν</span> <span class='ocrx_word' id='word_1_170' title='bbox 911 2295 1196 2365; x_wconf 83' lang='grc' dir='ltr'>γινόμεναι</span> <span class='ocrx_word' id='word_1_171' title='bbox 1239 2297 1569 2364; x_wconf 86' lang='grc' dir='ltr'>φαντασίαι,</span> <span class='ocrx_word' id='word_1_172' title='bbox 1593 2297 1691 2350; x_wconf 79' lang='grc' dir='ltr'><strong>καὶ</strong></span> <span class='ocrx_word' id='word_1_173' title='bbox 1725 2297 1794 2350; x_wconf 80' lang='grc' dir='ltr'>τὰ</span> <span class='ocrx_word' id='word_1_174' title='bbox 1833 2297 1958 2368; x_wconf 81' lang='grc' dir='ltr'><strong>νοή-</strong></span> 
     </span>
    </p>
   </div>
   <div class='ocr_carea' id='block_1_25' title="bbox 371 2382 1956 2460">
    <p class='ocr_par' dir='ltr' id='par_1_25' title="bbox 371 2382 1956 2460">
     <span class='ocr_line' id='line_1_25' title="bbox 371 2382 1956 2460; baseline 0.002 -21"><span class='ocrx_word' id='word_1_175' title='bbox 371 2403 520 2457; x_wconf 87' lang='grc' dir='ltr'>ματα</span> <span class='ocrx_word' id='word_1_176' title='bbox 551 2385 660 2440; x_wconf 92' lang='grc' dir='ltr'>τῶν</span> <span class='ocrx_word' id='word_1_177' title='bbox 687 2387 982 2458; x_wconf 73' lang='grc' dir='ltr'>αἰσθητῶν.</span> <span class='ocrx_word' id='word_1_178' title='bbox 1020 2382 1122 2441; x_wconf 82' lang='grc' dir='ltr'><strong>Ὧν</strong></span> <span class='ocrx_word' id='word_1_179' title='bbox 1166 2388 1492 2458; x_wconf 79' lang='grc' dir='ltr'>φαντασιῶν</span> <span class='ocrx_word' id='word_1_180' title='bbox 1529 2390 1623 2442; x_wconf 75' lang='grc' dir='ltr'>καὶ</span> <span class='ocrx_word' id='word_1_181' title='bbox 1663 2388 1956 2460; x_wconf 82' lang='grc' dir='ltr'><strong>νοημάτων</strong></span> 
     </span>
    </p>
   </div>
   <div class='ocr_carea' id='block_1_26' title="bbox 367 2479 1953 2554">
    <p class='ocr_par' dir='ltr' id='par_1_26' title="bbox 367 2479 1953 2554">
     <span class='ocr_line' id='line_1_26' title="bbox 367 2479 1953 2554; baseline 0.003 -23"><span class='ocrx_word' id='word_1_182' title='bbox 367 2479 572 2552; x_wconf 76' lang='grc' dir='ltr'>πηγαὶ,</span> <span class='ocrx_word' id='word_1_183' title='bbox 608 2480 749 2534; x_wconf 82' lang='grc' dir='ltr'>αὐτά</span> <span class='ocrx_word' id='word_1_184' title='bbox 774 2479 844 2534; x_wconf 81' lang='grc' dir='ltr'>τά</span> <span class='ocrx_word' id='word_1_185' title='bbox 870 2481 1105 2553; x_wconf 78' lang='grc' dir='ltr'>αἰσθητὰ</span> <span class='ocrx_word' id='word_1_186' title='bbox 1151 2481 1258 2546; x_wconf 72' lang='grc' dir='ltr'><strong>ἔξω</strong></span> <span class='ocrx_word' id='word_1_187' title='bbox 1297 2483 1397 2552; x_wconf 84' lang='grc' dir='ltr'>τῆς</span> <span class='ocrx_word' id='word_1_188' title='bbox 1429 2482 1641 2546; x_wconf 88' lang='grc' dir='ltr'>πόλεως</span> <span class='ocrx_word' id='word_1_189' title='bbox 1683 2482 1914 2554; x_wconf 89' lang='grc' dir='ltr'>κείμενα</span> <span class='ocrx_word' id='word_1_190' title='bbox 1937 2499 1953 2516; x_wconf 88' lang='grc'><strong>·</strong></span> 
     </span>
    </p>
   </div>
   <div class='ocr_carea' id='block_1_27' title="bbox 367 2569 1956 2644">
    <p class='ocr_par' dir='ltr' id='par_1_27' title="bbox 367 2569 1956 2644">
     <span class='ocr_line' id='line_1_27' title="bbox 367 2569 1956 2644; baseline 0.003 -22"><span class='ocrx_word' id='word_1_191' title='bbox 367 2569 514 2638; x_wconf 84' lang='grc' dir='ltr'>λέγω</span> <span class='ocrx_word' id='word_1_192' title='bbox 539 2569 602 2641; x_wconf 78' lang='grc' dir='ltr'>δὴ</span> <span class='ocrx_word' id='word_1_193' title='bbox 630 2571 728 2640; x_wconf 82' lang='grc' dir='ltr'>τῆς</span> <span class='ocrx_word' id='word_1_194' title='bbox 752 2570 963 2642; x_wconf 82' lang='grc' dir='ltr'>ψυχῆς·</span> <span class='ocrx_word' id='word_1_195' title='bbox 1007 2573 1102 2626; x_wconf 70' lang='grc' dir='ltr'>καὶ</span> <span class='ocrx_word' id='word_1_196' title='bbox 1126 2571 1328 2639; x_wconf 79' lang='grc' dir='ltr'>ἔξωθεν</span> <span class='ocrx_word' id='word_1_197' title='bbox 1365 2572 1464 2637; x_wconf 88' lang='grc' dir='ltr'><strong>τὰς</strong></span> <span class='ocrx_word' id='word_1_198' title='bbox 1493 2573 1552 2640; x_wconf 81' lang='grc' dir='ltr'>ἐξ</span> <span class='ocrx_word' id='word_1_199' title='bbox 1581 2573 1760 2629; x_wconf 82' lang='grc' dir='ltr'>αὐτῶν</span> <span class='ocrx_word' id='word_1_200' title='bbox 1797 2573 1956 2644; x_wconf 78' lang='grc' dir='ltr'><strong>ῥεού-</strong></span> 
     </span>
    </p>
   </div>
   <div class='ocr_carea' id='block_1_28' title="bbox 368 2661 1958 2738">
    <p class='ocr_par' dir='ltr' id='par_1_28' title="bbox 368 2661 1958 2738">
     <span class='ocr_line' id='line_1_28' title="bbox 368 2661 1958 2738; baseline 0.003 -23"><span class='ocrx_word' id='word_1_201' title='bbox 368 2679 470 2726; x_wconf 85' lang='grc' dir='ltr'>σας</span> <span class='ocrx_word' id='word_1_202' title='bbox 504 2663 806 2731; x_wconf 86' lang='grc' dir='ltr'>φαντασίας</span> <span class='ocrx_word' id='word_1_203' title='bbox 835 2665 915 2728; x_wconf 85' lang='grc' dir='ltr'><strong>είς</strong></span> <span class='ocrx_word' id='word_1_204' title='bbox 953 2665 1123 2736; x_wconf 80' lang='grc' dir='ltr'>αὐτὴν</span> <span class='ocrx_word' id='word_1_205' title='bbox 1156 2665 1466 2736; x_wconf 83' lang='grc' dir='ltr'><strong>πέμποντα.</strong></span> <span class='ocrx_word' id='word_1_206' title='bbox 1500 2666 1704 2730; x_wconf 85' lang='grc' dir='ltr'>Καλῶς</span> <span class='ocrx_word' id='word_1_207' title='bbox 1739 2661 1836 2720; x_wconf 83' lang='grc' dir='ltr'>οὖν</span> <span class='ocrx_word' id='word_1_208' title='bbox 1863 2669 1958 2738; x_wconf 78' lang='grc' dir='ltr'><strong>ἐμ-</strong></span> 
     </span>
    </p>
   </div>
   <div class='ocr_carea' id='block_1_29' title="bbox 367 2755 1960 2831">
    <p class='ocr_par' dir='ltr' id='par_1_29' title="bbox 367 2755 1960 2831">
     <span class='ocr_line' id='line_1_29' title="bbox 367 2755 1960 2831; baseline 0.004 -24"><span class='ocrx_word' id='word_1_209' title='bbox 367 2755 595 2826; x_wconf 89' lang='grc' dir='ltr'>φράττει</span> <span class='ocrx_word' id='word_1_210' title='bbox 641 2755 710 2809; x_wconf 79' lang='grc' dir='ltr'>τά</span> <span class='ocrx_word' id='word_1_211' title='bbox 757 2755 986 2809; x_wconf 84' lang='grc' dir='ltr'>τοιαῦτα</span> <span class='ocrx_word' id='word_1_212' title='bbox 1025 2756 1228 2822; x_wconf 78' lang='grc' dir='ltr'>ὕδατα,</span> <span class='ocrx_word' id='word_1_213' title='bbox 1266 2759 1353 2812; x_wconf 83' lang='grc' dir='ltr'><strong>ἴνα</strong></span> <span class='ocrx_word' id='word_1_214' title='bbox 1401 2759 1476 2828; x_wconf 80' lang='grc' dir='ltr'><strong>μὴ</strong></span> <span class='ocrx_word' id='word_1_215' title='bbox 1512 2758 1581 2811; x_wconf 85' lang='grc' dir='ltr'>δι’</span> <span class='ocrx_word' id='word_1_216' title='bbox 1609 2759 1750 2814; x_wconf 77' lang='grc' dir='ltr'>αὐτὰ</span> <span class='ocrx_word' id='word_1_217' title='bbox 1780 2777 1960 2831; x_wconf 81' lang='grc' dir='ltr'>παρα-</span> 
     </span>
    </p>
   </div>
   <div class='ocr_carea' id='block_1_30' title="bbox 369 2845 1960 2924">
    <p class='ocr_par' dir='ltr' id='par_1_30' title="bbox 369 2845 1960 2924">
     <span class='ocr_line' id='line_1_30' title="bbox 369 2845 1960 2924; baseline 0.004 -23"><span class='ocrx_word' id='word_1_218' title='bbox 369 2845 552 2918; x_wconf 81' lang='grc' dir='ltr'>μένων</span> <span class='ocrx_word' id='word_1_219' title='bbox 591 2849 620 2901; x_wconf 87' lang='grc' dir='ltr'><strong>ὁ</strong></span> <span class='ocrx_word' id='word_1_220' title='bbox 685 2847 882 2920; x_wconf 69' lang='grc' dir='ltr'>ἐχθρὸς</span> <span class='ocrx_word' id='word_1_221' title='bbox 922 2849 1134 2920; x_wconf 84' lang='grc' dir='ltr'>πολεμῇ</span> <span class='ocrx_word' id='word_1_222' title='bbox 1179 2852 1245 2921; x_wconf 79' lang='grc' dir='ltr'>τῇ</span> <span class='ocrx_word' id='word_1_223' title='bbox 1299 2850 1467 2921; x_wconf 84' lang='grc' dir='ltr'>ψυχῇ.</span> <span class='ocrx_word' id='word_1_224' title='bbox 1531 2853 1867 2924; x_wconf 90' lang='grc' dir='ltr'>Ἐμφράττει</span> <span class='ocrx_word' id='word_1_225' title='bbox 1899 2853 1960 2908; x_wconf 84' lang='grc' dir='ltr'>δὲ</span> 
     </span>
    </p>
   </div>
   <div class='ocr_carea' id='block_1_31' title="bbox 341 2941 1954 3018">
    <p class='ocr_par' dir='ltr' id='par_1_31' title="bbox 341 2941 1954 3018">
     <span class='ocr_line' id='line_1_31' title="bbox 341 2941 1954 3018; baseline 0.004 -23"><span class='ocrx_word' id='word_1_226' title='bbox 341 2942 465 2996; x_wconf 50' lang='grc' dir='ltr'><strong>ικαὶ</strong></span> <span class='ocrx_word' id='word_1_227' title='bbox 503 2941 596 2995; x_wconf 80' lang='grc' dir='ltr'><strong>τὸν</strong></span> <span class='ocrx_word' id='word_1_228' title='bbox 639 2943 884 3013; x_wconf 83' lang='grc' dir='ltr'>ποταμὸν</span> <span class='ocrx_word' id='word_1_229' title='bbox 927 2943 1018 2996; x_wconf 84' lang='grc' dir='ltr'><strong>τὸν</strong></span> <span class='ocrx_word' id='word_1_230' title='bbox 1051 2942 1402 3014; x_wconf 81' lang='grc' dir='ltr'>διερχόμενον</span> <span class='ocrx_word' id='word_1_231' title='bbox 1455 2945 1546 3000; x_wconf 85' lang='grc' dir='ltr'>διὰ</span> <span class='ocrx_word' id='word_1_232' title='bbox 1593 2947 1695 3016; x_wconf 83' lang='grc' dir='ltr'><strong>τῆς</strong></span> <span class='ocrx_word' id='word_1_233' title='bbox 1743 2946 1954 3018; x_wconf 74' lang='grc' dir='ltr'>ψυχῆςο</span> 
     </span>
    </p>
   </div>
   <div class='ocr_carea' id='block_1_32' title="bbox 360 3025 1956 3110">
    <p class='ocr_par' dir='ltr' id='par_1_32' title="bbox 360 3025 1956 3110">
     <span class='ocr_line' id='line_1_32' title="bbox 360 3025 1956 3110; baseline 0.004 -22"><span class='ocrx_word' id='word_1_234' title='bbox 360 3025 525 3098; x_wconf 69' lang='grc' dir='ltr'>οὗτος</span> <span class='ocrx_word' id='word_1_235' title='bbox 549 3033 609 3086; x_wconf 84' lang='grc' dir='ltr'><strong>δέ</strong></span> <span class='ocrx_word' id='word_1_236' title='bbox 639 3035 786 3088; x_wconf 78' lang='grc' dir='ltr'>ἐστιν</span> <span class='ocrx_word' id='word_1_237' title='bbox 807 3035 836 3087; x_wconf 79' lang='grc' dir='ltr'>ὁ</span> <span class='ocrx_word' id='word_1_238' title='bbox 863 3034 964 3104; x_wconf 85' lang='grc' dir='ltr'>τῆς</span> <span class='ocrx_word' id='word_1_239' title='bbox 994 3037 1232 3106; x_wconf 85' lang='grc' dir='ltr'>φυσικῆς</span> <span class='ocrx_word' id='word_1_240' title='bbox 1260 3035 1495 3108; x_wconf 84' lang='grc' dir='ltr'>Θεωρίας</span> <span class='ocrx_word' id='word_1_241' title='bbox 1525 3039 1956 3110; x_wconf 83' lang='grc' dir='ltr'>ὲπιστημονικὸς</span> 
     </span>
    </p>
   </div>
   <div class='ocr_carea' id='block_1_33' title="bbox 345 3125 1958 3203">
    <p class='ocr_par' dir='ltr' id='par_1_33' title="bbox 345 3125 1958 3203">
     <span class='ocr_line' id='line_1_33' title="bbox 345 3125 1958 3203; baseline 0.004 -23"><span class='ocrx_word' id='word_1_242' title='bbox 345 3127 562 3196; x_wconf 74' lang='grc' dir='ltr'>’,λόγος’</span> <span class='ocrx_word' id='word_1_243' title='bbox 602 3129 690 3180; x_wconf 81' lang='grc' dir='ltr'>ἵνα</span> <span class='ocrx_word' id='word_1_244' title='bbox 717 3125 791 3198; x_wconf 80' lang='grc' dir='ltr'>μὴ</span> <span class='ocrx_word' id='word_1_245' title='bbox 819 3127 955 3197; x_wconf 84' lang='grc' dir='ltr'>λάθῃ</span> <span class='ocrx_word' id='word_1_246' title='bbox 983 3127 1049 3180; x_wconf 88' lang='grc' dir='ltr'><strong>δι’</strong></span> <span class='ocrx_word' id='word_1_247' title='bbox 1085 3128 1250 3182; x_wconf 78' lang='grc' dir='ltr'>αὑτοῦ</span> <span class='ocrx_word' id='word_1_248' title='bbox 1273 3129 1553 3186; x_wconf 73' lang='grc' dir='ltr'>εἰσελθών.</span> <span class='ocrx_word' id='word_1_249' title='bbox 1584 3131 1705 3203; x_wconf 80' lang='grc' dir='ltr'><strong>Χρὴ</strong></span> <span class='ocrx_word' id='word_1_250' title='bbox 1728 3132 1838 3203; x_wconf 88' lang='grc' dir='ltr'>γάρ</span> <span class='ocrx_word' id='word_1_251' title='bbox 1866 3133 1958 3186; x_wconf 84' lang='grc' dir='ltr'>τὸν</span> 
     </span>
    </p>
   </div>
   <div class='ocr_carea' id='block_1_34' title="bbox 2063 633 3656 706">
    <p class='ocr_par' dir='ltr' id='par_1_34' title="bbox 2063 633 3656 706">
     <span class='ocr_line' id='line_1_34' title="bbox 2063 633 3656 706; baseline 0.001 -19"><span class='ocrx_word' id='word_1_252' title='bbox 2063 633 2356 704; x_wconf 89' lang='lat' dir='ltr'><strong>acquisivit</strong></span> <span class='ocrx_word' id='word_1_253' title='bbox 2379 637 2707 706; x_wconf 76' lang='lat' dir='ltr'><strong>potentiam,</strong></span> <span class='ocrx_word' id='word_1_254' title='bbox 2735 645 3026 705; x_wconf 84' lang='lat' dir='ltr'><strong>postquam</strong></span> <span class='ocrx_word' id='word_1_255' title='bbox 3053 634 3370 705; x_wconf 83' lang='lat' dir='ltr'><strong>cognoverit</strong></span> <span class='ocrx_word' id='word_1_256' title='bbox 3389 633 3656 688; x_wconf 88' lang='lat' dir='ltr'><strong>adversus</strong></span> 
     </span>
    </p>
   </div>
   <div class='ocr_carea' id='block_1_35' title="bbox 2059 725 3655 796">
    <p class='ocr_par' dir='ltr' id='par_1_35' title="bbox 2059 725 3655 796">
     <span class='ocr_line' id='line_1_35' title="bbox 2059 725 3655 796; baseline 0.001 -18"><span class='ocrx_word' id='word_1_257' title='bbox 2059 740 2119 779; x_wconf 92' lang='lat' dir='ltr'><strong>se</strong></span> <span class='ocrx_word' id='word_1_258' title='bbox 2137 727 2348 781; x_wconf 85' lang='lat' dir='ltr'><strong>moveri</strong></span> <span class='ocrx_word' id='word_1_259' title='bbox 2361 726 2700 782; x_wconf 89' lang='lat' dir='ltr'><strong>Senacherib</strong></span> <span class='ocrx_word' id='word_1_260' title='bbox 2711 727 2805 796; x_wconf 91' lang='lat' dir='ltr'><strong>qui</strong></span> <span class='ocrx_word' id='word_1_261' title='bbox 2823 727 3086 782; x_wconf 91' lang='lat' dir='ltr'><strong>caditsub</strong></span> <span class='ocrx_word' id='word_1_262' title='bbox 3099 725 3542 796; x_wconf 76' lang='lat' dir='ltr'><strong>intelligentiam,</strong></span> <span class='ocrx_word' id='word_1_263' title='bbox 3558 727 3655 794; x_wconf 86' lang='lat' dir='ltr'><strong>qui</strong></span> 
     </span>
    </p>
   </div>
   <div class='ocr_carea' id='block_1_36' title="bbox 2060 815 3656 888">
    <p class='ocr_par' dir='ltr' id='par_1_36' title="bbox 2060 815 3656 888">
     <span class='ocr_line' id='line_1_36' title="bbox 2060 815 3656 888; baseline 0 -18"><span class='ocrx_word' id='word_1_264' title='bbox 2060 815 2461 888; x_wconf 81' lang='lat' dir='ltr'><strong>interpretatur</strong></span> <span class='ocrx_word' id='word_1_265' title='bbox 2483 820 2708 873; x_wconf 80' lang='lat' dir='ltr'><strong>tentatio</strong></span> <span class='ocrx_word' id='word_1_266' title='bbox 2735 819 3026 883; x_wconf 74' lang='lat' dir='ltr'><strong>exsiccans,</strong></span> <span class='ocrx_word' id='word_1_267' title='bbox 3050 825 3153 872; x_wconf 74' lang='lat' dir='ltr'><strong>aut</strong></span> <span class='ocrx_word' id='word_1_268' title='bbox 3169 818 3350 871; x_wconf 81' lang='lat' dir='ltr'><strong>dentes</strong></span> <span class='ocrx_word' id='word_1_269' title='bbox 3373 818 3537 880; x_wconf 72' lang='lat' dir='ltr'><strong>acuti,</strong></span> <span class='ocrx_word' id='word_1_270' title='bbox 3557 832 3656 870; x_wconf 88' lang='lat' dir='ltr'><strong>cu—</strong></span> 
     </span>
    </p>
   </div>
   <div class='ocr_carea' id='block_1_37' title="bbox 2055 909 3656 979">
    <p class='ocr_par' dir='ltr' id='par_1_37' title="bbox 2055 909 3656 979">
     <span class='ocr_line' id='line_1_37' title="bbox 2055 909 3656 979; baseline 0.002 -18"><span class='ocrx_word' id='word_1_271' title='bbox 2055 909 2300 979; x_wconf 91' lang='lat' dir='ltr'><strong>jusmodi</strong></span> <span class='ocrx_word' id='word_1_272' title='bbox 2318 919 2438 964; x_wconf 87' lang='lat' dir='ltr'><strong>erat</strong></span> <span class='ocrx_word' id='word_1_273' title='bbox 2453 910 2732 976; x_wconf 82' lang='lat' dir='ltr'><strong>diabolus,</strong></span> <span class='ocrx_word' id='word_1_274' title='bbox 2754 911 3031 964; x_wconf 83' lang='lat' dir='ltr'><strong>consultat</strong></span> <span class='ocrx_word' id='word_1_275' title='bbox 3057 925 3181 964; x_wconf 90' lang='lat' dir='ltr'><strong>cum</strong></span> <span class='ocrx_word' id='word_1_276' title='bbox 3206 910 3326 964; x_wconf 83' lang='lat' dir='ltr'><strong>suis</strong></span> <span class='ocrx_word' id='word_1_277' title='bbox 3337 909 3656 965; x_wconf 78' lang='lat' dir='ltr'><strong>senioribus</strong></span> 
     </span>
    </p>
   </div>
   <div class='ocr_carea' id='block_1_38' title="bbox 2059 1001 3654 1069">
    <p class='ocr_par' dir='ltr' id='par_1_38' title="bbox 2059 1001 3654 1069">
     <span class='ocr_line' id='line_1_38' title="bbox 2059 1001 3654 1069; baseline 0 -15"><span class='ocrx_word' id='word_1_278' title='bbox 2059 1008 2116 1054; x_wconf 87' lang='lat' dir='ltr'><strong>et</strong></span> <span class='ocrx_word' id='word_1_279' title='bbox 2135 1001 2464 1069; x_wconf 87' lang='lat' dir='ltr'><strong>proceribus</strong></span> <span class='ocrx_word' id='word_1_280' title='bbox 2485 1019 2498 1055; x_wconf 91' lang='lat'><strong>:</strong></span> <span class='ocrx_word' id='word_1_281' title='bbox 2519 1002 2556 1055; x_wconf 90' lang='lat' dir='ltr'><strong>ii</strong></span> <span class='ocrx_word' id='word_1_282' title='bbox 2579 1011 2764 1057; x_wconf 90' lang='lat' dir='ltr'><strong>autem</strong></span> <span class='ocrx_word' id='word_1_283' title='bbox 2783 1010 2982 1066; x_wconf 84' lang='lat' dir='ltr'><strong>suntet</strong></span> <span class='ocrx_word' id='word_1_284' title='bbox 3003 1002 3086 1055; x_wconf 86' lang='lat' dir='ltr'><strong>vis</strong></span> <span class='ocrx_word' id='word_1_285' title='bbox 3099 1001 3484 1066; x_wconf 79' lang='lat' dir='ltr'><strong>ratiocinandi,</strong></span> <span class='ocrx_word' id='word_1_286' title='bbox 3500 1002 3654 1056; x_wconf 73' lang='lat' dir='ltr'><strong>ervis</strong></span> 
     </span>
    </p>
   </div>
   <div class='ocr_carea' id='block_1_39' title="bbox 2060 1089 3734 1164">
    <p class='ocr_par' dir='ltr' id='par_1_39' title="bbox 2060 1089 3734 1164">
     <span class='ocr_line' id='line_1_39' title="bbox 2060 1089 3734 1164; baseline 0.002 -20"><span class='ocrx_word' id='word_1_287' title='bbox 2060 1089 2354 1156; x_wconf 88' lang='lat' dir='ltr'><strong>irascendi,</strong></span> <span class='ocrx_word' id='word_1_288' title='bbox 2380 1094 2536 1149; x_wconf 81' lang='lat' dir='ltr'><strong>etvis</strong></span> <span class='ocrx_word' id='word_1_289' title='bbox 2551 1093 3000 1164; x_wconf 89' lang='lat' dir='ltr'><strong>concupiscendi,</strong></span> <span class='ocrx_word' id='word_1_290' title='bbox 3025 1108 3162 1163; x_wconf 90' lang='lat' dir='ltr'><strong>quas</strong></span> <span class='ocrx_word' id='word_1_291' title='bbox 3178 1093 3361 1158; x_wconf 76' lang='lat' dir='ltr'><strong>habet,</strong></span> <span class='ocrx_word' id='word_1_292' title='bbox 3392 1101 3652 1163; x_wconf 83' lang='lat' dir='ltr'><strong>tanquam</strong></span> <span class='ocrx_word' id='word_1_293' title='bbox 3731 1143 3734 1148; x_wconf 92' lang='lat'><strong>.</strong></span> 
     </span>
    </p>
   </div>
   <div class='ocr_carea' id='block_1_40' title="bbox 2063 1185 3654 1258">
    <p class='ocr_par' dir='ltr' id='par_1_40' title="bbox 2063 1185 3654 1258">
     <span class='ocr_line' id='line_1_40' title="bbox 2063 1185 3654 1258; baseline 0.001 -20"><span class='ocrx_word' id='word_1_294' title='bbox 2063 1186 2316 1240; x_wconf 86' lang='lat' dir='ltr'><strong>seniores</strong></span> <span class='ocrx_word' id='word_1_295' title='bbox 2336 1187 2586 1256; x_wconf 87' lang='lat' dir='ltr'><strong>quidem,</strong></span> <span class='ocrx_word' id='word_1_296' title='bbox 2623 1187 2885 1258; x_wconf 90' lang='lat' dir='ltr'><strong>quoniam</strong></span> <span class='ocrx_word' id='word_1_297' title='bbox 2916 1201 2995 1241; x_wconf 72' lang='lat' dir='ltr'><strong>eae</strong></span> <span class='ocrx_word' id='word_1_298' title='bbox 3007 1194 3136 1240; x_wconf 89' lang='lat' dir='ltr'><strong>sunt</strong></span> <span class='ocrx_word' id='word_1_299' title='bbox 3159 1185 3352 1256; x_wconf 79' lang='lat' dir='ltr'><strong>primae</strong></span> <span class='ocrx_word' id='word_1_300' title='bbox 3368 1185 3654 1241; x_wconf 79' lang='lat' dir='ltr'><strong>facultates</strong></span> 
     </span>
    </p>
   </div>
   <div class='ocr_carea' id='block_1_41' title="bbox 2058 1279 3654 1352">
    <p class='ocr_par' dir='ltr' id='par_1_41' title="bbox 2058 1279 3654 1352">
     <span class='ocr_line' id='line_1_41' title="bbox 2058 1279 3654 1352; baseline 0 -18"><span class='ocrx_word' id='word_1_301' title='bbox 2058 1294 2156 1334; x_wconf 87' lang='lat' dir='ltr'><strong>seu</strong></span> <span class='ocrx_word' id='word_1_302' title='bbox 2179 1280 2325 1335; x_wconf 83' lang='lat' dir='ltr'><strong>vires</strong></span> <span class='ocrx_word' id='word_1_303' title='bbox 2352 1280 2570 1346; x_wconf 65' lang='lat' dir='ltr'><strong>animae,</strong></span> <span class='ocrx_word' id='word_1_304' title='bbox 2592 1289 2650 1337; x_wconf 86' lang='lat' dir='ltr'><strong>et</strong></span> <span class='ocrx_word' id='word_1_305' title='bbox 2671 1282 2792 1352; x_wconf 83' lang='lat' dir='ltr'><strong>ejus</strong></span> <span class='ocrx_word' id='word_1_306' title='bbox 2807 1280 3150 1349; x_wconf 88' lang='lat' dir='ltr'><strong>complentes</strong></span> <span class='ocrx_word' id='word_1_307' title='bbox 3173 1279 3495 1346; x_wconf 89' lang='lat' dir='ltr'><strong>essentiam,</strong></span> <span class='ocrx_word' id='word_1_308' title='bbox 3534 1290 3654 1334; x_wconf 90' lang='lat' dir='ltr'><strong>tan-</strong></span> 
     </span>
    </p>
   </div>
   <div class='ocr_carea' id='block_1_42' title="bbox 2059 1392 3652 1462">
    <p class='ocr_par' dir='ltr' id='par_1_42' title="bbox 2059 1392 3652 1462">
     <span class='ocr_line' id='line_1_42' title="bbox 2059 1392 3652 1462; baseline 0 -16"><span class='ocrx_word' id='word_1_309' title='bbox 2059 1408 2224 1462; x_wconf 89' lang='lat' dir='ltr'><strong>quam</strong></span> <span class='ocrx_word' id='word_1_310' title='bbox 2251 1408 2513 1462; x_wconf 89' lang='lat' dir='ltr'><strong>proceres</strong></span> <span class='ocrx_word' id='word_1_311' title='bbox 2536 1401 2723 1448; x_wconf 90' lang='lat' dir='ltr'><strong>autem</strong></span> <span class='ocrx_word' id='word_1_312' title='bbox 2763 1407 2861 1448; x_wconf 86' lang='lat' dir='ltr'><strong>seu</strong></span> <span class='ocrx_word' id='word_1_313' title='bbox 2889 1398 3163 1462; x_wconf 89' lang='lat' dir='ltr'><strong>potentes,</strong></span> <span class='ocrx_word' id='word_1_314' title='bbox 3193 1392 3455 1461; x_wconf 91' lang='lat' dir='ltr'><strong>quoniam</strong></span> <span class='ocrx_word' id='word_1_315' title='bbox 3486 1393 3652 1448; x_wconf 87' lang='lat' dir='ltr'><strong>etiam</strong></span> 
     </span>
    </p>
   </div>
   <div class='ocr_carea' id='block_1_43' title="bbox 2059 1485 3652 1556">
    <p class='ocr_par' dir='ltr' id='par_1_43' title="bbox 2059 1485 3652 1556">
     <span class='ocr_line' id='line_1_43' title="bbox 2059 1485 3652 1556; baseline -0.001 -16"><span class='ocrx_word' id='word_1_316' title='bbox 2059 1485 2167 1541; x_wconf 87' lang='lat' dir='ltr'><strong>hoc</strong></span> <span class='ocrx_word' id='word_1_317' title='bbox 2195 1487 2374 1556; x_wconf 90' lang='lat' dir='ltr'><strong>ipsum</strong></span> <span class='ocrx_word' id='word_1_318' title='bbox 2419 1487 2800 1550; x_wconf 86' lang='lat' dir='ltr'><strong>nominantur,</strong></span> <span class='ocrx_word' id='word_1_319' title='bbox 2829 1501 3028 1556; x_wconf 88' lang='lat' dir='ltr'><strong>nempe</strong></span> <span class='ocrx_word' id='word_1_320' title='bbox 3066 1487 3375 1540; x_wconf 79' lang='lat' dir='ltr'><strong>Potestates</strong></span> <span class='ocrx_word' id='word_1_321' title='bbox 3396 1503 3408 1538; x_wconf 91' lang='lat'>:</span> <span class='ocrx_word' id='word_1_322' title='bbox 3431 1495 3486 1540; x_wconf 79' lang='lat' dir='ltr'><strong>et</strong></span> <span class='ocrx_word' id='word_1_323' title='bbox 3506 1485 3652 1555; x_wconf 91' lang='lat' dir='ltr'><strong>quod</strong></span> 
     </span>
    </p>
   </div>
   <div class='ocr_carea' id='block_1_44' title="bbox 2060 1577 3656 1650">
    <p class='ocr_par' dir='ltr' id='par_1_44' title="bbox 2060 1577 3656 1650">
     <span class='ocr_line' id='line_1_44' title="bbox 2060 1577 3656 1650; baseline -0.001 -17"><span class='ocrx_word' id='word_1_324' title='bbox 2060 1579 2265 1634; x_wconf 88' lang='lat' dir='ltr'><strong>mentis</strong></span> <span class='ocrx_word' id='word_1_325' title='bbox 2296 1579 2408 1633; x_wconf 86' lang='lat' dir='ltr'><strong>sint</strong></span> <span class='ocrx_word' id='word_1_326' title='bbox 2429 1579 2712 1650; x_wconf 86' lang='lat' dir='ltr'><strong>adjutores</strong></span> <span class='ocrx_word' id='word_1_327' title='bbox 2729 1579 2795 1632; x_wconf 89' lang='lat' dir='ltr'><strong>ad</strong></span> <span class='ocrx_word' id='word_1_328' title='bbox 2819 1577 3220 1633; x_wconf 89' lang='lat' dir='ltr'><strong>destruendum</strong></span> <span class='ocrx_word' id='word_1_329' title='bbox 3240 1577 3436 1631; x_wconf 86' lang='lat' dir='ltr'><strong>vitium</strong></span> <span class='ocrx_word' id='word_1_330' title='bbox 3455 1586 3509 1632; x_wconf 86' lang='lat' dir='ltr'><strong>et</strong></span> <span class='ocrx_word' id='word_1_331' title='bbox 3526 1594 3656 1632; x_wconf 84' lang='lat' dir='ltr'><strong>con-</strong></span> 
     </span>
    </p>
   </div>
   <div class='ocr_carea' id='block_1_45' title="bbox 2059 1667 3654 1738">
    <p class='ocr_par' dir='ltr' id='par_1_45' title="bbox 2059 1667 3654 1738">
     <span class='ocr_line' id='line_1_45' title="bbox 2059 1667 3654 1738; baseline -0.003 -14"><span class='ocrx_word' id='word_1_332' title='bbox 2059 1669 2396 1724; x_wconf 90' lang='lat' dir='ltr'><strong>stituendam</strong></span> <span class='ocrx_word' id='word_1_333' title='bbox 2421 1669 2704 1732; x_wconf 83' lang='lat' dir='ltr'><strong>virtutem,</strong></span> <span class='ocrx_word' id='word_1_334' title='bbox 2731 1668 2949 1738; x_wconf 90' lang='lat' dir='ltr'><strong>etquod</strong></span> <span class='ocrx_word' id='word_1_335' title='bbox 2967 1667 3260 1738; x_wconf 89' lang='lat' dir='ltr'><strong>imperant,</strong></span> <span class='ocrx_word' id='word_1_336' title='bbox 3291 1667 3654 1721; x_wconf 88' lang='lat' dir='ltr'><strong>ratiocinandi</strong></span> 
     </span>
    </p>
   </div>
   <div class='ocr_carea' id='block_1_46' title="bbox 2059 1758 3651 1831">
    <p class='ocr_par' dir='ltr' id='par_1_46' title="bbox 2059 1758 3651 1831">
     <span class='ocr_line' id='line_1_46' title="bbox 2059 1758 3651 1831; baseline -0.001 -17"><span class='ocrx_word' id='word_1_337' title='bbox 2059 1760 2284 1831; x_wconf 89' lang='lat' dir='ltr'><strong>quidem</strong></span> <span class='ocrx_word' id='word_1_338' title='bbox 2343 1759 2604 1825; x_wconf 78' lang='lat' dir='ltr'><strong>facultas,</strong></span> <span class='ocrx_word' id='word_1_339' title='bbox 2657 1758 3027 1830; x_wconf 88' lang='lat' dir='ltr'><strong>cognoscendi</strong></span> <span class='ocrx_word' id='word_1_340' title='bbox 3083 1759 3651 1814; x_wconf 87' lang='lat' dir='ltr'><strong>ratiocinationibus:</strong></span> 
     </span>
    </p>
   </div>
   <div class='ocr_carea' id='block_1_47' title="bbox 2061 1849 3656 1914">
    <p class='ocr_par' dir='ltr' id='par_1_47' title="bbox 2061 1849 3656 1914">
     <span class='ocr_line' id='line_1_47' title="bbox 2061 1849 3656 1914; baseline -0.001 -8"><span class='ocrx_word' id='word_1_341' title='bbox 2061 1851 2333 1906; x_wconf 89' lang='lat' dir='ltr'><strong>irascendi</strong></span> <span class='ocrx_word' id='word_1_342' title='bbox 2367 1859 2552 1905; x_wconf 90' lang='lat' dir='ltr'><strong>autem</strong></span> <span class='ocrx_word' id='word_1_343' title='bbox 2589 1850 2848 1914; x_wconf 81' lang='lat' dir='ltr'><strong>facultas,</strong></span> <span class='ocrx_word' id='word_1_344' title='bbox 2891 1849 3061 1904; x_wconf 91' lang='lat' dir='ltr'><strong>animi</strong></span> <span class='ocrx_word' id='word_1_345' title='bbox 3100 1850 3562 1904; x_wconf 89' lang='lat' dir='ltr'><strong>incitationibus:</strong></span> <span class='ocrx_word' id='word_1_346' title='bbox 3600 1859 3656 1904; x_wconf 85' lang='lat' dir='ltr'><strong>ct</strong></span> 
     </span>
    </p>
   </div>
   <div class='ocr_carea' id='block_1_48' title="bbox 2061 1941 3651 2012">
    <p class='ocr_par' dir='ltr' id='par_1_48' title="bbox 2061 1941 3651 2012">
     <span class='ocr_line' id='line_1_48' title="bbox 2061 1941 3651 2012; baseline -0.001 -15"><span class='ocrx_word' id='word_1_347' title='bbox 2061 1943 2144 1997; x_wconf 84' lang='lat' dir='ltr'><strong>vis</strong></span> <span class='ocrx_word' id='word_1_348' title='bbox 2181 1941 2610 2012; x_wconf 89' lang='lat' dir='ltr'><strong>concupiscendi</strong></span> <span class='ocrx_word' id='word_1_349' title='bbox 2679 1941 3128 1996; x_wconf 90' lang='lat' dir='ltr'><strong>desiderantibus</strong></span> <span class='ocrx_word' id='word_1_350' title='bbox 3197 1941 3651 2011; x_wconf 88' lang='lat' dir='ltr'><strong>appetitionibus.</strong></span> 
     </span>
    </p>
   </div>
   <div class='ocr_carea' id='block_1_49' title="bbox 2061 2032 3654 2105">
    <p class='ocr_par' dir='ltr' id='par_1_49' title="bbox 2061 2032 3654 2105">
     <span class='ocr_line' id='line_1_49' title="bbox 2061 2032 3654 2105; baseline 0.001 -19"><span class='ocrx_word' id='word_1_351' title='bbox 2061 2043 2329 2105; x_wconf 66' lang='lat' dir='ltr'><strong>praeterea</strong></span> <span class='ocrx_word' id='word_1_352' title='bbox 2378 2041 2563 2088; x_wconf 90' lang='lat' dir='ltr'><strong>autem</strong></span> <span class='ocrx_word' id='word_1_353' title='bbox 2650 2049 2994 2103; x_wconf 71' lang='lat' dir='ltr'><strong>unaquaeque</strong></span> <span class='ocrx_word' id='word_1_354' title='bbox 3040 2032 3155 2088; x_wconf 91' lang='lat' dir='ltr'><strong>suis</strong></span> <span class='ocrx_word' id='word_1_355' title='bbox 3192 2033 3505 2088; x_wconf 73' lang='lat' dir='ltr'><strong>affectibus.</strong></span> <span class='ocrx_word' id='word_1_356' title='bbox 3543 2032 3654 2088; x_wconf 91' lang='lat' dir='ltr'><strong>llos</strong></span> 
     </span>
    </p>
   </div>
   <div class='ocr_carea' id='block_1_50' title="bbox 2058 2125 3651 2198">
    <p class='ocr_par' dir='ltr' id='par_1_50' title="bbox 2058 2125 3651 2198">
     <span class='ocr_line' id='line_1_50' title="bbox 2058 2125 3651 2198; baseline -0.001 -16"><span class='ocrx_word' id='word_1_357' title='bbox 2058 2142 2188 2198; x_wconf 86' lang='lat' dir='ltr'><strong>ergo</strong></span> <span class='ocrx_word' id='word_1_358' title='bbox 2242 2125 2489 2182; x_wconf 87' lang='lat' dir='ltr'><strong>seniores</strong></span> <span class='ocrx_word' id='word_1_359' title='bbox 2544 2142 2701 2181; x_wconf 91' lang='lat' dir='ltr'><strong>mens</strong></span> <span class='ocrx_word' id='word_1_360' title='bbox 2739 2127 2948 2182; x_wconf 87' lang='lat' dir='ltr'><strong>habens</strong></span> <span class='ocrx_word' id='word_1_361' title='bbox 3005 2135 3061 2182; x_wconf 90' lang='lat' dir='ltr'><strong>ct</strong></span> <span class='ocrx_word' id='word_1_362' title='bbox 3085 2142 3268 2192; x_wconf 91' lang='lat' dir='ltr'><strong>sanos,</strong></span> <span class='ocrx_word' id='word_1_363' title='bbox 3305 2135 3362 2182; x_wconf 91' lang='lat' dir='ltr'><strong>et</strong></span> <span class='ocrx_word' id='word_1_364' title='bbox 3395 2127 3487 2196; x_wconf 89' lang='lat' dir='ltr'><strong>qui</strong></span> <span class='ocrx_word' id='word_1_365' title='bbox 3541 2143 3651 2180; x_wconf 89' lang='lat' dir='ltr'><strong>non</strong></span> 
     </span>
    </p>
   </div>
   <div class='ocr_carea' id='block_1_51' title="bbox 2059 2216 3652 2289">
    <p class='ocr_par' dir='ltr' id='par_1_51' title="bbox 2059 2216 3652 2289">
     <span class='ocr_line' id='line_1_51' title="bbox 2059 2216 3652 2289; baseline 0 -18"><span class='ocrx_word' id='word_1_366' title='bbox 2059 2216 2216 2272; x_wconf 81' lang='lat' dir='ltr'><strong>facile</strong></span> <span class='ocrx_word' id='word_1_367' title='bbox 2250 2225 2483 2287; x_wconf 88' lang='lat' dir='ltr'><strong>possunt</strong></span> <span class='ocrx_word' id='word_1_368' title='bbox 2517 2217 2723 2287; x_wconf 90' lang='lat' dir='ltr'><strong>decipi,</strong></span> <span class='ocrx_word' id='word_1_369' title='bbox 2762 2233 2888 2272; x_wconf 92' lang='lat' dir='ltr'><strong>cum</strong></span> <span class='ocrx_word' id='word_1_370' title='bbox 2925 2219 3006 2273; x_wconf 89' lang='lat' dir='ltr'><strong>eis</strong></span> <span class='ocrx_word' id='word_1_371' title='bbox 3044 2227 3301 2288; x_wconf 87' lang='lat' dir='ltr'><strong>tanquam</strong></span> <span class='ocrx_word' id='word_1_372' title='bbox 3341 2218 3456 2273; x_wconf 91' lang='lat' dir='ltr'><strong>suis</strong></span> <span class='ocrx_word' id='word_1_373' title='bbox 3491 2217 3652 2289; x_wconf 87' lang='lat' dir='ltr'><strong>adju—</strong></span> 
     </span>
    </p>
   </div>
   <div class='ocr_carea' id='block_1_52' title="bbox 2060 2307 3653 2379">
    <p class='ocr_par' dir='ltr' id='par_1_52' title="bbox 2060 2307 3653 2379">
     <span class='ocr_line' id='line_1_52' title="bbox 2060 2307 3653 2379; baseline 0.002 -19"><span class='ocrx_word' id='word_1_374' title='bbox 2060 2307 2273 2362; x_wconf 90' lang='lat' dir='ltr'><strong>toribus</strong></span> <span class='ocrx_word' id='word_1_375' title='bbox 2305 2308 2585 2362; x_wconf 87' lang='lat' dir='ltr'><strong>consultat</strong></span> <span class='ocrx_word' id='word_1_376' title='bbox 2605 2308 2891 2362; x_wconf 90' lang='lat' dir='ltr'><strong>obstruere</strong></span> <span class='ocrx_word' id='word_1_377' title='bbox 2923 2324 3094 2379; x_wconf 88' lang='lat' dir='ltr'><strong>aquas</strong></span> <span class='ocrx_word' id='word_1_378' title='bbox 3111 2309 3350 2363; x_wconf 85' lang='lat' dir='ltr'><strong>fontium</strong></span> <span class='ocrx_word' id='word_1_379' title='bbox 3377 2325 3498 2379; x_wconf 76' lang='lat' dir='ltr'><strong>qua:</strong></span> <span class='ocrx_word' id='word_1_380' title='bbox 3523 2317 3653 2363; x_wconf 89' lang='lat' dir='ltr'><strong>sunt</strong></span> 
     </span>
    </p>
   </div>
   <div class='ocr_carea' id='block_1_53' title="bbox 2058 2399 3650 2471">
    <p class='ocr_par' dir='ltr' id='par_1_53' title="bbox 2058 2399 3650 2471">
     <span class='ocr_line' id='line_1_53' title="bbox 2058 2399 3650 2471; baseline 0.001 -18"><span class='ocrx_word' id='word_1_381' title='bbox 2058 2409 2212 2453; x_wconf 80' lang='lat' dir='ltr'><strong>extra</strong></span> <span class='ocrx_word' id='word_1_382' title='bbox 2247 2399 2552 2454; x_wconf 85' lang='lat' dir='ltr'><strong>civitatem.</strong></span> <span class='ocrx_word' id='word_1_383' title='bbox 2593 2400 2684 2454; x_wconf 66' lang='lat' dir='ltr'><strong>Eae</strong></span> <span class='ocrx_word' id='word_1_384' title='bbox 2720 2409 2906 2454; x_wconf 89' lang='lat' dir='ltr'><strong>autem</strong></span> <span class='ocrx_word' id='word_1_385' title='bbox 2939 2409 3108 2467; x_wconf 91' lang='lat' dir='ltr'><strong>sunt,</strong></span> <span class='ocrx_word' id='word_1_386' title='bbox 3158 2417 3281 2471; x_wconf 82' lang='lat' dir='ltr'><strong>quae</strong></span> <span class='ocrx_word' id='word_1_387' title='bbox 3315 2401 3370 2455; x_wconf 91' lang='lat' dir='ltr'><strong>in</strong></span> <span class='ocrx_word' id='word_1_388' title='bbox 3409 2403 3650 2456; x_wconf 83' lang='lat' dir='ltr'><strong>naturali</strong></span> 
     </span>
    </p>
   </div>
   <div class='ocr_carea' id='block_1_54' title="bbox 2060 2491 3650 2563">
    <p class='ocr_par' dir='ltr' id='par_1_54' title="bbox 2060 2491 3650 2563">
     <span class='ocr_line' id='line_1_54' title="bbox 2060 2491 3650 2563; baseline 0 -17"><span class='ocrx_word' id='word_1_389' title='bbox 2060 2492 2528 2561; x_wconf 88' lang='lat' dir='ltr'><strong>contemplatione</strong></span> <span class='ocrx_word' id='word_1_390' title='bbox 2567 2491 2966 2548; x_wconf 83' lang='lat' dir='ltr'><strong>liuntvisiones</strong></span> <span class='ocrx_word' id='word_1_391' title='bbox 3001 2509 3064 2548; x_wconf 93' lang='lat' dir='ltr'><strong>ac</strong></span> <span class='ocrx_word' id='word_1_392' title='bbox 3086 2493 3405 2563; x_wconf 67' lang='lat' dir='ltr'><strong>phantasiaa,</strong></span> <span class='ocrx_word' id='word_1_393' title='bbox 3445 2501 3501 2547; x_wconf 90' lang='lat' dir='ltr'><strong>et</strong></span> <span class='ocrx_word' id='word_1_394' title='bbox 3526 2509 3650 2548; x_wconf 87' lang='lat' dir='ltr'><strong>sen-</strong></span> 
     </span>
    </p>
   </div>
   <div class='ocr_carea' id='block_1_55' title="bbox 2060 2582 3650 2655">
    <p class='ocr_par' dir='ltr' id='par_1_55' title="bbox 2060 2582 3650 2655">
     <span class='ocr_line' id='line_1_55' title="bbox 2060 2582 3650 2655; baseline 0.002 -19"><span class='ocrx_word' id='word_1_395' title='bbox 2060 2583 2246 2637; x_wconf 90' lang='lat' dir='ltr'><strong>silium</strong></span> <span class='ocrx_word' id='word_1_396' title='bbox 2291 2584 2670 2654; x_wconf 83' lang='lat' dir='ltr'><strong>cogitationes.</strong></span> <span class='ocrx_word' id='word_1_397' title='bbox 2727 2582 2972 2650; x_wconf 85' lang='lat' dir='ltr'><strong>Quarum</strong></span> <span class='ocrx_word' id='word_1_398' title='bbox 3014 2585 3288 2640; x_wconf 88' lang='lat' dir='ltr'><strong>visionum</strong></span> <span class='ocrx_word' id='word_1_399' title='bbox 3333 2597 3390 2639; x_wconf 92' lang='lat' dir='ltr'><strong>et</strong></span> <span class='ocrx_word' id='word_1_400' title='bbox 3444 2584 3650 2655; x_wconf 86' lang='lat' dir='ltr'><strong>cogita-</strong></span> 
     </span>
    </p>
   </div>
   <div class='ocr_carea' id='block_1_56' title="bbox 2061 2671 3651 2743">
    <p class='ocr_par' dir='ltr' id='par_1_56' title="bbox 2061 2671 3651 2743">
     <span class='ocr_line' id='line_1_56' title="bbox 2061 2671 3651 2743; baseline 0.001 -18"><span class='ocrx_word' id='word_1_401' title='bbox 2061 2673 2271 2726; x_wconf 91' lang='lat' dir='ltr'><strong>tionum</strong></span> <span class='ocrx_word' id='word_1_402' title='bbox 2307 2671 2488 2726; x_wconf 87' lang='lat' dir='ltr'><strong>fontes</strong></span> <span class='ocrx_word' id='word_1_403' title='bbox 2542 2681 2672 2727; x_wconf 91' lang='lat' dir='ltr'><strong>sunt</strong></span> <span class='ocrx_word' id='word_1_404' title='bbox 2709 2672 2826 2743; x_wconf 88' lang='lat' dir='ltr'><strong>ipsa</strong></span> <span class='ocrx_word' id='word_1_405' title='bbox 2860 2673 3086 2728; x_wconf 87' lang='lat' dir='ltr'><strong>sensilia</strong></span> <span class='ocrx_word' id='word_1_406' title='bbox 3142 2673 3246 2729; x_wconf 91' lang='lat' dir='ltr'><strong>sita</strong></span> <span class='ocrx_word' id='word_1_407' title='bbox 3273 2683 3426 2728; x_wconf 75' lang='lat' dir='ltr'><strong>extra</strong></span> <span class='ocrx_word' id='word_1_408' title='bbox 3458 2673 3651 2729; x_wconf 89' lang='lat' dir='ltr'><strong>civita-</strong></span> 
     </span>
    </p>
   </div>
   <div class='ocr_carea' id='block_1_57' title="bbox 2061 2765 3651 2836">
    <p class='ocr_par' dir='ltr' id='par_1_57' title="bbox 2061 2765 3651 2836">
     <span class='ocr_line' id='line_1_57' title="bbox 2061 2765 3651 2836; baseline 0 -17"><span class='ocrx_word' id='word_1_409' title='bbox 2061 2773 2193 2829; x_wconf 89' lang='lat' dir='ltr'><strong>tem,</strong></span> <span class='ocrx_word' id='word_1_410' title='bbox 2230 2771 2384 2818; x_wconf 75' lang='lat' dir='ltr'><strong>extra</strong></span> <span class='ocrx_word' id='word_1_411' title='bbox 2404 2765 2665 2831; x_wconf 89' lang='lat' dir='ltr'><strong>animam,</strong></span> <span class='ocrx_word' id='word_1_412' title='bbox 2707 2765 2951 2835; x_wconf 87' lang='lat' dir='ltr'><strong>inquam,</strong></span> <span class='ocrx_word' id='word_1_413' title='bbox 2990 2774 3046 2821; x_wconf 90' lang='lat' dir='ltr'><strong>et</strong></span> <span class='ocrx_word' id='word_1_414' title='bbox 3081 2782 3202 2836; x_wconf 62' lang='lat' dir='ltr'><strong>quae</strong></span> <span class='ocrx_word' id='word_1_415' title='bbox 3223 2783 3288 2821; x_wconf 77' lang='lat' dir='ltr'><strong>ex</strong></span> <span class='ocrx_word' id='word_1_416' title='bbox 3323 2767 3454 2836; x_wconf 88' lang='lat' dir='ltr'><strong>ipsis</strong></span> <span class='ocrx_word' id='word_1_417' title='bbox 3471 2765 3651 2820; x_wconf 84' lang='lat' dir='ltr'><strong>fluunt</strong></span> 
     </span>
    </p>
   </div>
   <div class='ocr_carea' id='block_1_58' title="bbox 2058 2857 3650 2928">
    <p class='ocr_par' dir='ltr' id='par_1_58' title="bbox 2058 2857 3650 2928">
     <span class='ocr_line' id='line_1_58' title="bbox 2058 2857 3650 2928; baseline -0.001 -16"><span class='ocrx_word' id='word_1_418' title='bbox 2058 2858 2304 2913; x_wconf 86' lang='lat' dir='ltr'><strong>visiones</strong></span> <span class='ocrx_word' id='word_1_419' title='bbox 2337 2858 2685 2913; x_wconf 78' lang='lat' dir='ltr'><strong>extrinsecus</strong></span> <span class='ocrx_word' id='word_1_420' title='bbox 2715 2858 2784 2912; x_wconf 91' lang='lat' dir='ltr'><strong>ad</strong></span> <span class='ocrx_word' id='word_1_421' title='bbox 2822 2859 2995 2928; x_wconf 86' lang='lat' dir='ltr'><strong>ipsam</strong></span> <span class='ocrx_word' id='word_1_422' title='bbox 3029 2858 3276 2913; x_wconf 88' lang='lat' dir='ltr'><strong>mittunt.</strong></span> <span class='ocrx_word' id='word_1_423' title='bbox 3316 2857 3486 2911; x_wconf 83' lang='lat' dir='ltr'><strong>Recte</strong></span> <span class='ocrx_word' id='word_1_424' title='bbox 3518 2873 3650 2926; x_wconf 90' lang='lat' dir='ltr'><strong>ergo</strong></span> 
     </span>
    </p>
   </div>
   <div class='ocr_carea' id='block_1_59' title="bbox 2061 2949 3651 3020">
    <p class='ocr_par' dir='ltr' id='par_1_59' title="bbox 2061 2949 3651 3020">
     <span class='ocr_line' id='line_1_59' title="bbox 2061 2949 3651 3020; baseline -0.003 -14"><span class='ocrx_word' id='word_1_425' title='bbox 2061 2949 2303 3006; x_wconf 86' lang='lat' dir='ltr'><strong>obstruit</strong></span> <span class='ocrx_word' id='word_1_426' title='bbox 2339 2966 2510 3019; x_wconf 90' lang='lat' dir='ltr'><strong>aquas</strong></span> <span class='ocrx_word' id='word_1_427' title='bbox 2545 2949 2884 3020; x_wconf 90' lang='lat' dir='ltr'><strong>hujusmodi,</strong></span> <span class='ocrx_word' id='word_1_428' title='bbox 2923 2965 2991 3004; x_wconf 92' lang='lat' dir='ltr'><strong>ne</strong></span> <span class='ocrx_word' id='word_1_429' title='bbox 3026 2957 3252 3018; x_wconf 83' lang='lat' dir='ltr'><strong>prepter</strong></span> <span class='ocrx_word' id='word_1_430' title='bbox 3298 2949 3443 3018; x_wconf 91' lang='lat' dir='ltr'><strong>ipsas</strong></span> <span class='ocrx_word' id='word_1_431' title='bbox 3475 2963 3651 3003; x_wconf 87' lang='lat' dir='ltr'><strong>rema-</strong></span> 
     </span>
    </p>
   </div>
   <div class='ocr_carea' id='block_1_60' title="bbox 2061 3041 3648 3117">
    <p class='ocr_par' dir='ltr' id='par_1_60' title="bbox 2061 3041 3648 3117">
     <span class='ocr_line' id='line_1_60' title="bbox 2061 3041 3648 3117; baseline -0.001 -22"><span class='ocrx_word' id='word_1_432' title='bbox 2061 3057 2200 3096; x_wconf 88' lang='lat' dir='ltr'><strong>nens</strong></span> <span class='ocrx_word' id='word_1_433' title='bbox 2236 3041 2496 3097; x_wconf 90' lang='lat' dir='ltr'><strong>inimicus</strong></span> <span class='ocrx_word' id='word_1_434' title='bbox 2529 3042 2796 3096; x_wconf 90' lang='lat' dir='ltr'><strong>adversus</strong></span> <span class='ocrx_word' id='word_1_435' title='bbox 2829 3041 3069 3117; x_wconf 85' lang='lat' dir='ltr'><strong>animam</strong></span> <span class='ocrx_word' id='word_1_436' title='bbox 3095 3041 3301 3095; x_wconf 91' lang='lat' dir='ltr'><strong>bellum</strong></span> <span class='ocrx_word' id='word_1_437' title='bbox 3329 3048 3500 3112; x_wconf 85' lang='lat' dir='ltr'><strong>gerat.</strong></span> <span class='ocrx_word' id='word_1_438' title='bbox 3537 3041 3648 3094; x_wconf 87' lang='lat' dir='ltr'><strong>Ob-</strong></span> 
     </span>
    </p>
   </div>
   <div class='ocr_carea' id='block_1_61' title="bbox 2061 3133 3648 3204">
    <p class='ocr_par' dir='ltr' id='par_1_61' title="bbox 2061 3133 3648 3204">
     <span class='ocr_line' id='line_1_61' title="bbox 2061 3133 3648 3204; baseline -0.001 -17"><span class='ocrx_word' id='word_1_439' title='bbox 2061 3135 2228 3188; x_wconf 85' lang='lat' dir='ltr'><strong>struit</strong></span> <span class='ocrx_word' id='word_1_440' title='bbox 2262 3143 2447 3189; x_wconf 89' lang='lat' dir='ltr'><strong>autem</strong></span> <span class='ocrx_word' id='word_1_441' title='bbox 2464 3135 2628 3188; x_wconf 88' lang='lat' dir='ltr'><strong>etiam</strong></span> <span class='ocrx_word' id='word_1_442' title='bbox 2657 3133 2883 3188; x_wconf 80' lang='lat' dir='ltr'><strong>fluvium</strong></span> <span class='ocrx_word' id='word_1_443' title='bbox 2901 3134 2995 3204; x_wconf 88' lang='lat' dir='ltr'><strong>qui</strong></span> <span class='ocrx_word' id='word_1_444' title='bbox 3032 3133 3226 3187; x_wconf 86' lang='lat' dir='ltr'><strong>transit</strong></span> <span class='ocrx_word' id='word_1_445' title='bbox 3255 3148 3356 3203; x_wconf 90' lang='lat' dir='ltr'><strong>per</strong></span> <span class='ocrx_word' id='word_1_446' title='bbox 3388 3133 3648 3197; x_wconf 88' lang='lat' dir='ltr'><strong>animam;</strong></span> 
     </span>
    </p>
   </div>
   <div class='ocr_carea' id='block_1_62' title="bbox 375 3218 1959 3294">
    <p class='ocr_par' dir='ltr' id='par_1_62' title="bbox 375 3218 1956 3294">
     <span class='ocr_line' id='line_1_62' title="bbox 375 3218 1956 3294; baseline 0.003 -22"><span class='ocrx_word' id='word_1_447' title='bbox 375 3220 452 3291; x_wconf 80' lang='grc' dir='ltr'><strong>μὴ</strong></span> <span class='ocrx_word' id='word_1_448' title='bbox 483 3218 682 3283; x_wconf 81' lang='grc' dir='ltr'>τελέως</span> <span class='ocrx_word' id='word_1_449' title='bbox 739 3219 1119 3288; x_wconf 85' lang='grc' dir='ltr'>ἀπαλλαγέντα</span> <span class='ocrx_word' id='word_1_450' title='bbox 1163 3220 1372 3284; x_wconf 88' lang='grc' dir='ltr'>παθῶν,</span> <span class='ocrx_word' id='word_1_451' title='bbox 1423 3222 1482 3273; x_wconf 84' lang='grc' dir='ltr'>ὲν</span> <span class='ocrx_word' id='word_1_452' title='bbox 1521 3221 1600 3292; x_wconf 82' lang='grc' dir='ltr'><strong>τῷ</strong></span> <span class='ocrx_word' id='word_1_453' title='bbox 1639 3223 1816 3294; x_wconf 86' lang='grc' dir='ltr'>καιρῷ</span> <span class='ocrx_word' id='word_1_454' title='bbox 1863 3222 1956 3276; x_wconf 79' lang='grc' dir='ltr'>τοῦ</span> 
     </span>
    </p>
   </div>
   <div class='ocr_carea' id='block_1_63' title="bbox 2060 3218 3652 3294">
    <p class='ocr_par' dir='ltr' id='par_1_63' title="bbox 2063 3224 3652 3294">
     <span class='ocr_line' id='line_1_63' title="bbox 2063 3224 3652 3294; baseline 0 -15"><span class='ocrx_word' id='word_1_455' title='bbox 2063 3225 2111 3281; x_wconf 90' lang='lat' dir='ltr'><strong>is</strong></span> <span class='ocrx_word' id='word_1_456' title='bbox 2145 3235 2330 3280; x_wconf 90' lang='lat' dir='ltr'><strong>autem</strong></span> <span class='ocrx_word' id='word_1_457' title='bbox 2375 3234 2458 3280; x_wconf 92' lang='lat' dir='ltr'><strong>est</strong></span> <span class='ocrx_word' id='word_1_458' title='bbox 2491 3226 2632 3280; x_wconf 91' lang='lat' dir='ltr'><strong>ratio</strong></span> <span class='ocrx_word' id='word_1_459' title='bbox 2681 3225 2950 3280; x_wconf 86' lang='lat' dir='ltr'><strong>naturalis</strong></span> <span class='ocrx_word' id='word_1_460' title='bbox 2993 3224 3476 3294; x_wconf 84' lang='lat' dir='ltr'><strong>contemplationis</strong></span> <span class='ocrx_word' id='word_1_461' title='bbox 3529 3241 3652 3293; x_wconf 77' lang='lat' dir='ltr'><strong>qua:</strong></span> 
     </span>
    </p>
   </div>
   <div class='ocr_carea' id='block_1_64' title="bbox 347 3313 1957 3389">
    <p class='ocr_par' dir='ltr' id='par_1_64' title="bbox 347 3313 1957 3389">
     <span class='ocr_line' id='line_1_64' title="bbox 347 3313 1957 3389; baseline 0.004 -23"><span class='ocrx_word' id='word_1_462' title='bbox 347 3313 609 3384; x_wconf 88' lang='grc' dir='ltr'>-πολέμου</span> <span class='ocrx_word' id='word_1_463' title='bbox 633 3314 740 3370; x_wconf 87' lang='grc' dir='ltr'><strong>τῶν</strong></span> <span class='ocrx_word' id='word_1_464' title='bbox 763 3315 974 3382; x_wconf 89' lang='grc' dir='ltr'>παθῶν,</span> <span class='ocrx_word' id='word_1_465' title='bbox 1001 3315 1156 3386; x_wconf 86' lang='grc' dir='ltr'>μύειν</span> <span class='ocrx_word' id='word_1_466' title='bbox 1181 3315 1280 3380; x_wconf 83' lang='grc' dir='ltr'>τάς</span> <span class='ocrx_word' id='word_1_467' title='bbox 1311 3318 1614 3389; x_wconf 81' lang='grc' dir='ltr'>αἰσθήσεις,</span> <span class='ocrx_word' id='word_1_468' title='bbox 1639 3319 1734 3372; x_wconf 75' lang='grc' dir='ltr'>καὶ</span> <span class='ocrx_word' id='word_1_469' title='bbox 1766 3318 1957 3373; x_wconf 84' lang='grc' dir='ltr'>παύειν</span> 
     </span>
    </p>
   </div>
   <div class='ocr_carea' id='block_1_65' title="bbox 370 3407 1962 3483">
    <p class='ocr_par' dir='ltr' id='par_1_65' title="bbox 370 3407 1962 3483">
     <span class='ocr_line' id='line_1_65' title="bbox 370 3407 1962 3483; baseline 0.004 -23"><span class='ocrx_word' id='word_1_470' title='bbox 370 3407 474 3478; x_wconf 83' lang='grc' dir='ltr'><strong>μὲν</strong></span> <span class='ocrx_word' id='word_1_471' title='bbox 505 3408 720 3473; x_wconf 76' lang='grc' dir='ltr'>καὶτὰς</span> <span class='ocrx_word' id='word_1_472' title='bbox 748 3410 1052 3476; x_wconf 86' lang='grc' dir='ltr'>φαντασίας</span> <span class='ocrx_word' id='word_1_473' title='bbox 1072 3449 1087 3472; x_wconf 85' lang='grc'><strong>,</strong></span> <span class='ocrx_word' id='word_1_474' title='bbox 1130 3411 1226 3464; x_wconf 72' lang='grc' dir='ltr'><strong>καὶ</strong></span> <span class='ocrx_word' id='word_1_475' title='bbox 1248 3411 1319 3466; x_wconf 82' lang='grc' dir='ltr'>τά</span> <span class='ocrx_word' id='word_1_476' title='bbox 1356 3413 1606 3483; x_wconf 86' lang='grc' dir='ltr'>νοήματα</span> <span class='ocrx_word' id='word_1_477' title='bbox 1639 3412 1748 3465; x_wconf 89' lang='grc' dir='ltr'><strong>τῶν</strong></span> <span class='ocrx_word' id='word_1_478' title='bbox 1770 3413 1962 3483; x_wconf 87' lang='grc' dir='ltr'>αίσθη-</span> 
     </span>
    </p>
   </div>
   <div class='ocr_carea' id='block_1_66' title="bbox 345 3497 1958 3573">
    <p class='ocr_par' dir='ltr' id='par_1_66' title="bbox 345 3497 1958 3573">
     <span class='ocr_line' id='line_1_66' title="bbox 345 3497 1958 3573; baseline 0.003 -23"><span class='ocrx_word' id='word_1_479' title='bbox 345 3497 498 3562; x_wconf 90' lang='grc' dir='ltr'>-τῶν,</span> <span class='ocrx_word' id='word_1_480' title='bbox 527 3501 545 3519; x_wconf 78' lang='grc'><strong>¹</strong></span> <span class='ocrx_word' id='word_1_481' title='bbox 578 3501 674 3552; x_wconf 79' lang='grc' dir='ltr'><strong>καὶ</strong></span> <span class='ocrx_word' id='word_1_482' title='bbox 699 3500 798 3570; x_wconf 79' lang='grc' dir='ltr'><strong>τὴν</strong></span> <span class='ocrx_word' id='word_1_483' title='bbox 835 3501 1074 3572; x_wconf 82' lang='grc' dir='ltr'>φυσικὴν</span> <span class='ocrx_word' id='word_1_484' title='bbox 1107 3501 1451 3571; x_wconf 89' lang='grc' dir='ltr'>φιλοσοφίαν,</span> <span class='ocrx_word' id='word_1_485' title='bbox 1485 3502 1830 3573; x_wconf 71' lang='grc' dir='ltr'>κακοπαθείᾳ</span> <span class='ocrx_word' id='word_1_486' title='bbox 1863 3503 1958 3556; x_wconf 83' lang='grc' dir='ltr'>τοῦ</span> 
     </span>
    </p>
   </div>
   <div class='ocr_carea' id='block_1_67' title="bbox 367 3586 1962 3666">
    <p class='ocr_par' dir='ltr' id='par_1_67' title="bbox 367 3586 1962 3666">
     <span class='ocr_line' id='line_1_67' title="bbox 367 3586 1962 3666; baseline 0.003 -22"><span class='ocrx_word' id='word_1_487' title='bbox 367 3589 644 3661; x_wconf 82' lang='grc' dir='ltr'><strong>σώματος.</strong></span> <span class='ocrx_word' id='word_1_488' title='bbox 673 3586 776 3645; x_wconf 80' lang='grc' dir='ltr'><strong>Ὧν</strong></span> <span class='ocrx_word' id='word_1_489' title='bbox 803 3591 904 3662; x_wconf 84' lang='grc' dir='ltr'><strong>μὲν</strong></span> <span class='ocrx_word' id='word_1_490' title='bbox 931 3593 1032 3662; x_wconf 81' lang='grc' dir='ltr'><strong>τῆς</strong></span> <span class='ocrx_word' id='word_1_491' title='bbox 1064 3593 1381 3664; x_wconf 82' lang='grc' dir='ltr'>προσευχῆς</span> <span class='ocrx_word' id='word_1_492' title='bbox 1407 3593 1598 3662; x_wconf 87' lang='grc' dir='ltr'>τύπος,</span> <span class='ocrx_word' id='word_1_493' title='bbox 1628 3595 1662 3666; x_wconf 81' lang='grc' dir='ltr'>ἡ</span> <span class='ocrx_word' id='word_1_494' title='bbox 1687 3593 1780 3648; x_wconf 79' lang='grc' dir='ltr'><strong>τοῦ</strong></span> <span class='ocrx_word' id='word_1_495' title='bbox 1813 3594 1962 3664; x_wconf 82' lang='grc' dir='ltr'>βασι-</span> 
     </span>
    </p>
   </div>
   <div class='ocr_carea' id='block_1_68' title="bbox 364 3682 1961 3756">
    <p class='ocr_par' dir='ltr' id='par_1_68' title="bbox 364 3682 1961 3756">
     <span class='ocr_line' id='line_1_68' title="bbox 364 3682 1961 3756; baseline 0.002 -21"><span class='ocrx_word' id='word_1_496' title='bbox 364 3682 507 3747; x_wconf 87' lang='grc' dir='ltr'>λέως</span> <span class='ocrx_word' id='word_1_497' title='bbox 547 3685 630 3747; x_wconf 88' lang='grc' dir='ltr'><strong>είς</strong></span> <span class='ocrx_word' id='word_1_498' title='bbox 673 3683 766 3736; x_wconf 85' lang='grc' dir='ltr'>τὸν</span> <span class='ocrx_word' id='word_1_499' title='bbox 797 3682 941 3737; x_wconf 85' lang='grc' dir='ltr'>θεῖον</span> <span class='ocrx_word' id='word_1_500' title='bbox 978 3683 1106 3737; x_wconf 78' lang='grc' dir='ltr'>ναὸν</span> <span class='ocrx_word' id='word_1_501' title='bbox 1132 3683 1316 3748; x_wconf 81' lang='grc' dir='ltr'>ἄνοδος</span> <span class='ocrx_word' id='word_1_502' title='bbox 1343 3700 1357 3715; x_wconf 87' lang='grc'><strong>·</strong></span> <span class='ocrx_word' id='word_1_503' title='bbox 1395 3685 1493 3756; x_wconf 81' lang='grc' dir='ltr'>τῆς</span> <span class='ocrx_word' id='word_1_504' title='bbox 1530 3685 1588 3737; x_wconf 85' lang='grc' dir='ltr'>δὲ</span> <span class='ocrx_word' id='word_1_505' title='bbox 1635 3685 1961 3756; x_wconf 81' lang='grc' dir='ltr'>σωματικῆς</span> 
     </span>
    </p>
   </div>
   <div class='ocr_carea' id='block_1_69' title="bbox 366 3773 1961 3848">
    <p class='ocr_par' dir='ltr' id='par_1_69' title="bbox 366 3773 1961 3848">
     <span class='ocr_line' id='line_1_69' title="bbox 366 3773 1961 3848; baseline 0.001 -19"><span class='ocrx_word' id='word_1_506' title='bbox 366 3773 776 3841; x_wconf 84' lang='grc' dir='ltr'>κακοπαθείας,</span> <span class='ocrx_word' id='word_1_507' title='bbox 816 3776 850 3843; x_wconf 87' lang='grc' dir='ltr'><strong>ή</strong></span> <span class='ocrx_word' id='word_1_508' title='bbox 908 3773 1004 3828; x_wconf 81' lang='grc' dir='ltr'>τοῦ</span> <span class='ocrx_word' id='word_1_509' title='bbox 1057 3776 1264 3829; x_wconf 82' lang='grc' dir='ltr'>σάκκου</span> <span class='ocrx_word' id='word_1_510' title='bbox 1313 3775 1599 3848; x_wconf 86' lang='grc' dir='ltr'>παραϐολή</span> <span class='ocrx_word' id='word_1_511' title='bbox 1644 3776 1695 3832; x_wconf 74' lang='lat' dir='ltr'><strong>h.</strong></span> <span class='ocrx_word' id='word_1_512' title='bbox 1753 3777 1961 3830; x_wconf 89' lang='grc' dir='ltr'>Συνεπ-</span> 
     </span>
    </p>
   </div>
   <div class='ocr_carea' id='block_1_70' title="bbox 379 3867 1964 3941">
    <p class='ocr_par' dir='ltr' id='par_1_70' title="bbox 379 3867 1964 3941">
     <span class='ocr_line' id='line_1_70' title="bbox 379 3867 1964 3941; baseline 0.002 -20"><span class='ocrx_word' id='word_1_513' title='bbox 379 3867 630 3938; x_wconf 77' lang='grc' dir='ltr'>ισχύουσι</span> <span class='ocrx_word' id='word_1_514' title='bbox 658 3867 715 3920; x_wconf 76' lang='grc' dir='ltr'>δὲ</span> <span class='ocrx_word' id='word_1_515' title='bbox 739 3867 835 3922; x_wconf 65' lang='grc' dir='ltr'><strong>καὶ¹</strong></span> <span class='ocrx_word' id='word_1_516' title='bbox 866 3867 1225 3939; x_wconf 80' lang='grc' dir='ltr'>συνεργοῦσιν</span> <span class='ocrx_word' id='word_1_517' title='bbox 1256 3867 1404 3938; x_wconf 82' lang='grc' dir='ltr'>αὑτῷ</span> <span class='ocrx_word' id='word_1_518' title='bbox 1422 3868 1558 3940; x_wconf 85' lang='grc' dir='ltr'>πρὸς</span> <span class='ocrx_word' id='word_1_519' title='bbox 1590 3867 1885 3941; x_wconf 80' lang='grc' dir='ltr'>ἔμφραξιν,</span> <span class='ocrx_word' id='word_1_520' title='bbox 1910 3870 1964 3924; x_wconf 79' lang='grc' dir='ltr'>οἴ</span> 
     </span>
    </p>
   </div>
   <div class='ocr_carea' id='block_1_71' title="bbox 363 3958 1962 4031">
    <p class='ocr_par' dir='ltr' id='par_1_71' title="bbox 363 3958 1962 4031">
     <span class='ocr_line' id='line_1_71' title="bbox 363 3958 1962 4031; baseline 0.002 -19"><span class='ocrx_word' id='word_1_521' title='bbox 363 3977 429 4012; x_wconf 90' lang='grc' dir='ltr'><strong>τε</strong></span> <span class='ocrx_word' id='word_1_522' title='bbox 456 3958 792 4029; x_wconf 88' lang='grc' dir='ltr'>δηλωθέντες</span> <span class='ocrx_word' id='word_1_523' title='bbox 817 3959 1186 4031; x_wconf 79' lang='grc' dir='ltr'>πρεσϐύτεροι</span> <span class='ocrx_word' id='word_1_524' title='bbox 1207 3961 1299 4014; x_wconf 77' lang='grc' dir='ltr'>καὶ</span> <span class='ocrx_word' id='word_1_525' title='bbox 1323 3961 1353 4013; x_wconf 86' lang='grc' dir='ltr'>ὁ</span> <span class='ocrx_word' id='word_1_526' title='bbox 1381 3960 1670 4031; x_wconf 73' lang='grc' dir='ltr'>συναχθεὶς</span> <span class='ocrx_word' id='word_1_527' title='bbox 1695 3961 1848 4025; x_wconf 83' lang='grc' dir='ltr'>λαὸς,</span> <span class='ocrx_word' id='word_1_528' title='bbox 1866 3963 1962 4016; x_wconf 80' lang='grc' dir='ltr'><strong>ὄσ·</strong></span> 
     </span>
    </p>
   </div>
   <div class='ocr_carea' id='block_1_72' title="bbox 365 4050 1961 4126">
    <p class='ocr_par' dir='ltr' id='par_1_72' title="bbox 365 4050 1961 4126">
     <span class='ocr_line' id='line_1_72' title="bbox 365 4050 1961 4126; baseline 0.003 -22"><span class='ocrx_word' id='word_1_529' title='bbox 365 4068 454 4113; x_wconf 92' lang='grc' dir='ltr'><strong>τις</strong></span> <span class='ocrx_word' id='word_1_530' title='bbox 485 4050 633 4104; x_wconf 78' lang='grc' dir='ltr'>ἐστὶν</span> <span class='ocrx_word' id='word_1_531' title='bbox 657 4052 706 4104; x_wconf 87' lang='grc' dir='ltr'>οί</span> <span class='ocrx_word' id='word_1_532' title='bbox 731 4051 976 4115; x_wconf 84' lang='grc' dir='ltr'>εὐσεϐεῖς</span> <span class='ocrx_word' id='word_1_533' title='bbox 998 4051 1250 4123; x_wconf 82' lang='grc' dir='ltr'>λογισμοὶ</span> <span class='ocrx_word' id='word_1_534' title='bbox 1269 4053 1509 4124; x_wconf 78' lang='grc' dir='ltr'>ἑκάστης</span> <span class='ocrx_word' id='word_1_535' title='bbox 1525 4054 1631 4107; x_wconf 90' lang='grc' dir='ltr'><strong>τῶν</strong></span> <span class='ocrx_word' id='word_1_536' title='bbox 1652 4055 1961 4126; x_wconf 74' lang='grc' dir='ltr'>εἰρημένων</span> 
     </span>
    </p>
   </div>
   <div class='ocr_carea' id='block_1_73' title="bbox 365 4142 1958 4219">
    <p class='ocr_par' dir='ltr' id='par_1_73' title="bbox 365 4142 1958 4219">
     <span class='ocr_line' id='line_1_73' title="bbox 365 4142 1958 4219; baseline 0.003 -23"><span class='ocrx_word' id='word_1_537' title='bbox 365 4142 539 4214; x_wconf 75' lang='grc' dir='ltr'>τριῶν</span> <span class='ocrx_word' id='word_1_538' title='bbox 584 4143 890 4214; x_wconf 87' lang='grc' dir='ltr'>δυνάμεων.</span> <span class='ocrx_word' id='word_1_539' title='bbox 942 4145 1065 4216; x_wconf 82' lang='grc' dir='ltr'>Χρὴ</span> <span class='ocrx_word' id='word_1_540' title='bbox 1115 4145 1174 4199; x_wconf 87' lang='grc' dir='ltr'>δὲ</span> <span class='ocrx_word' id='word_1_541' title='bbox 1215 4145 1508 4216; x_wconf 86' lang='grc' dir='ltr'>φυλάττειν</span> <span class='ocrx_word' id='word_1_542' title='bbox 1558 4147 1652 4201; x_wconf 78' lang='grc' dir='ltr'><strong>καὶ</strong></span> <span class='ocrx_word' id='word_1_543' title='bbox 1701 4147 1770 4202; x_wconf 84' lang='grc' dir='ltr'><strong>τὰ</strong></span> <span class='ocrx_word' id='word_1_544' title='bbox 1803 4148 1958 4219; x_wconf 87' lang='grc' dir='ltr'>χείλη</span> 
     </span>
    </p>
   </div>
   <div class='ocr_carea' id='block_1_74' title="bbox 364 4232 1952 4309">
    <p class='ocr_par' dir='ltr' id='par_1_74' title="bbox 364 4232 1952 4309">
     <span class='ocr_line' id='line_1_74' title="bbox 364 4232 1952 4309; baseline 0.006 -26"><span class='ocrx_word' id='word_1_545' title='bbox 364 4233 473 4302; x_wconf 80' lang='grc' dir='ltr'><strong>τῆς</strong></span> <span class='ocrx_word' id='word_1_546' title='bbox 496 4232 673 4305; x_wconf 80' lang='grc' dir='ltr'>ψυχῆς</span> <span class='ocrx_word' id='word_1_547' title='bbox 697 4273 712 4298; x_wconf 93' lang='grc'><strong>,</strong></span> <span class='ocrx_word' id='word_1_548' title='bbox 743 4234 862 4305; x_wconf 76' lang='grc' dir='ltr'>ἦτοι</span> <span class='ocrx_word' id='word_1_549' title='bbox 902 4233 1003 4298; x_wconf 84' lang='grc' dir='ltr'><strong>τὰς</strong></span> <span class='ocrx_word' id='word_1_550' title='bbox 1035 4236 1414 4307; x_wconf 80' lang='grc' dir='ltr'>φρουρητικάς</span> <span class='ocrx_word' id='word_1_551' title='bbox 1445 4237 1620 4308; x_wconf 78' lang='grc' dir='ltr'>αὐτῆς</span> <span class='ocrx_word' id='word_1_552' title='bbox 1663 4237 1889 4308; x_wconf 83' lang='grc' dir='ltr'>ἀρετὰς,</span> <span class='ocrx_word' id='word_1_553' title='bbox 1917 4237 1952 4309; x_wconf 76' lang='grc' dir='ltr'>ἢ</span> 
     </span>
    </p>
   </div>
   <div class='ocr_carea' id='block_1_75' title="bbox 365 4324 1960 4402">
    <p class='ocr_par' dir='ltr' id='par_1_75' title="bbox 365 4324 1960 4402">
     <span class='ocr_line' id='line_1_75' title="bbox 365 4324 1960 4402; baseline 0.004 -24"><span class='ocrx_word' id='word_1_554' title='bbox 365 4325 472 4388; x_wconf 78' lang='grc' dir='ltr'><strong>τὰς</strong></span> <span class='ocrx_word' id='word_1_555' title='bbox 503 4324 612 4379; x_wconf 90' lang='grc' dir='ltr'><strong>τῶν</strong></span> <span class='ocrx_word' id='word_1_556' title='bbox 647 4325 862 4398; x_wconf 82' lang='grc' dir='ltr'>ἀρετῶν</span> <span class='ocrx_word' id='word_1_557' title='bbox 901 4326 1241 4396; x_wconf 85' lang='grc' dir='ltr'>φυλακτικάς</span> <span class='ocrx_word' id='word_1_558' title='bbox 1287 4329 1550 4398; x_wconf 86' lang='grc' dir='ltr'>μεθόδους</span> <span class='ocrx_word' id='word_1_559' title='bbox 1575 4372 1590 4397; x_wconf 93' lang='grc'><strong>,</strong></span> <span class='ocrx_word' id='word_1_560' title='bbox 1627 4331 1960 4402; x_wconf 78' lang='grc' dir='ltr'>ἐγκράτειαν</span> 
     </span>
    </p>
   </div>
   <div class='ocr_carea' id='block_1_76' title="bbox 367 4417 1963 4490">
    <p class='ocr_par' dir='ltr' id='par_1_76' title="bbox 367 4417 1963 4490">
     <span class='ocr_line' id='line_1_76' title="bbox 367 4417 1963 4490; baseline 0.004 -20"><span class='ocrx_word' id='word_1_561' title='bbox 367 4419 467 4470; x_wconf 77' lang='grc' dir='ltr'><strong>καὶ</strong></span> <span class='ocrx_word' id='word_1_562' title='bbox 501 4417 802 4490; x_wconf 82' lang='grc' dir='ltr'>ὑπομονὴν,</span> <span class='ocrx_word' id='word_1_563' title='bbox 840 4419 937 4473; x_wconf 76' lang='grc' dir='ltr'><strong>καὶ</strong></span> <span class='ocrx_word' id='word_1_564' title='bbox 968 4419 1300 4474; x_wconf 87' lang='grc' dir='ltr'>ταπείνωσιν</span> <span class='ocrx_word' id='word_1_565' title='bbox 1331 4437 1346 4451; x_wconf 75' lang='grc' dir='ltr'>ο</span> <span class='ocrx_word' id='word_1_566' title='bbox 1376 4422 1471 4474; x_wconf 74' lang='grc' dir='ltr'>καὶ</span> <span class='ocrx_word' id='word_1_567' title='bbox 1497 4419 1672 4486; x_wconf 78' lang='grc' dir='ltr'>οὕτως</span> <span class='ocrx_word' id='word_1_568' title='bbox 1695 4422 1963 4476; x_wconf 85' lang='grc' dir='ltr'>ἀποστέλ-</span> 
     </span>
    </p>
   </div>
   <div class='ocr_carea' id='block_1_77' title="bbox 364 4508 1958 4586">
    <p class='ocr_par' dir='ltr' id='par_1_77' title="bbox 364 4508 1958 4586">
     <span class='ocr_line' id='line_1_77' title="bbox 364 4508 1958 4586; baseline 0.004 -24"><span class='ocrx_word' id='word_1_569' title='bbox 364 4509 523 4562; x_wconf 89' lang='grc' dir='ltr'>λεται</span> <span class='ocrx_word' id='word_1_570' title='bbox 555 4508 742 4574; x_wconf 77' lang='grc' dir='ltr'>θεόθεν</span> <span class='ocrx_word' id='word_1_571' title='bbox 772 4509 1030 4580; x_wconf 79' lang='grc' dir='ltr'>ἄγγελος,</span> <span class='ocrx_word' id='word_1_572' title='bbox 1058 4513 1086 4565; x_wconf 84' lang='grc' dir='ltr'>ὁ</span> <span class='ocrx_word' id='word_1_573' title='bbox 1111 4511 1443 4583; x_wconf 83' lang='grc' dir='ltr'>διαφθείρων</span> <span class='ocrx_word' id='word_1_574' title='bbox 1487 4513 1558 4567; x_wconf 82' lang='grc' dir='ltr'><strong>τά</strong></span> <span class='ocrx_word' id='word_1_575' title='bbox 1604 4514 1752 4586; x_wconf 91' lang='grc' dir='ltr'>πάθη</span> <span class='ocrx_word' id='word_1_576' title='bbox 1799 4515 1958 4583; x_wconf 89' lang='grc' dir='ltr'>λόγος</span> 
     </span>
    </p>
   </div>
   <div class='ocr_carea' id='block_1_78' title="bbox 2063 3315 3649 3385">
    <p class='ocr_par' dir='ltr' id='par_1_78' title="bbox 2063 3315 3649 3385">
     <span class='ocr_line' id='line_1_78' title="bbox 2063 3315 3649 3385; baseline -0.003 -13"><span class='ocrx_word' id='word_1_577' title='bbox 2063 3327 2148 3372; x_wconf 92' lang='lat' dir='ltr'><strong>est</strong></span> <span class='ocrx_word' id='word_1_578' title='bbox 2192 3334 2258 3372; x_wconf 80' lang='lat' dir='ltr'><strong>ex</strong></span> <span class='ocrx_word' id='word_1_579' title='bbox 2295 3317 2557 3382; x_wconf 90' lang='lat' dir='ltr'><strong>scientia;</strong></span> <span class='ocrx_word' id='word_1_580' title='bbox 2596 3332 2665 3370; x_wconf 93' lang='lat' dir='ltr'><strong>ne</strong></span> <span class='ocrx_word' id='word_1_581' title='bbox 2722 3317 2861 3370; x_wconf 90' lang='lat' dir='ltr'><strong>clam</strong></span> <span class='ocrx_word' id='word_1_582' title='bbox 2899 3331 2998 3385; x_wconf 85' lang='lat' dir='ltr'><strong>per</strong></span> <span class='ocrx_word' id='word_1_583' title='bbox 3054 3315 3233 3385; x_wconf 92' lang='lat' dir='ltr'><strong>ipsum</strong></span> <span class='ocrx_word' id='word_1_584' title='bbox 3283 3315 3649 3385; x_wconf 85' lang='lat' dir='ltr'><strong>ingrediatur.</strong></span> 
     </span>
    </p>
   </div>
   <div class='ocr_carea' id='block_1_79' title="bbox 2061 3404 3651 3477">
    <p class='ocr_par' dir='ltr' id='par_1_79' title="bbox 2061 3404 3651 3477">
     <span class='ocr_line' id='line_1_79' title="bbox 2061 3404 3651 3477; baseline -0.003 -15"><span class='ocrx_word' id='word_1_585' title='bbox 2061 3407 2292 3477; x_wconf 84' lang='lat' dir='ltr'><strong>Oportet</strong></span> <span class='ocrx_word' id='word_1_586' title='bbox 2321 3408 2469 3462; x_wconf 89' lang='lat' dir='ltr'><strong>enim</strong></span> <span class='ocrx_word' id='word_1_587' title='bbox 2505 3423 2634 3462; x_wconf 90' lang='lat' dir='ltr'><strong>eum</strong></span> <span class='ocrx_word' id='word_1_588' title='bbox 2669 3405 2763 3476; x_wconf 92' lang='lat' dir='ltr'><strong>qui</strong></span> <span class='ocrx_word' id='word_1_589' title='bbox 2801 3421 2910 3459; x_wconf 90' lang='lat' dir='ltr'><strong>non</strong></span> <span class='ocrx_word' id='word_1_590' title='bbox 2942 3412 3028 3459; x_wconf 89' lang='lat' dir='ltr'><strong>est</strong></span> <span class='ocrx_word' id='word_1_591' title='bbox 3059 3405 3300 3475; x_wconf 83' lang='lat' dir='ltr'><strong>perfecte</strong></span> <span class='ocrx_word' id='word_1_592' title='bbox 3326 3404 3594 3458; x_wconf 86' lang='lat' dir='ltr'><strong>liberatus</strong></span> <span class='ocrx_word' id='word_1_593' title='bbox 3619 3420 3651 3458; x_wconf 88' lang='lat' dir='ltr'><strong>a</strong></span> 
     </span>
    </p>
   </div>
   <div class='ocr_carea' id='block_1_80' title="bbox 2061 3497 3652 3570">
    <p class='ocr_par' dir='ltr' id='par_1_80' title="bbox 2061 3497 3652 3570">
     <span class='ocr_line' id='line_1_80' title="bbox 2061 3497 3652 3570; baseline -0.004 -14"><span class='ocrx_word' id='word_1_594' title='bbox 2061 3500 2212 3556; x_wconf 88' lang='lat' dir='ltr'><strong>vitiis</strong></span> <span class='ocrx_word' id='word_1_595' title='bbox 2228 3509 2285 3555; x_wconf 88' lang='lat' dir='ltr'><strong>et</strong></span> <span class='ocrx_word' id='word_1_596' title='bbox 2301 3499 2467 3554; x_wconf 89' lang='lat' dir='ltr'><strong>animi</strong></span> <span class='ocrx_word' id='word_1_597' title='bbox 2486 3497 3014 3570; x_wconf 88' lang='lat' dir='ltr'><strong>perturbationibus,</strong></span> <span class='ocrx_word' id='word_1_598' title='bbox 3045 3505 3290 3567; x_wconf 90' lang='lat' dir='ltr'><strong>tempore</strong></span> <span class='ocrx_word' id='word_1_599' title='bbox 3308 3497 3438 3551; x_wconf 89' lang='lat' dir='ltr'><strong>belli</strong></span> <span class='ocrx_word' id='word_1_600' title='bbox 3456 3497 3652 3550; x_wconf 86' lang='lat' dir='ltr'><strong>conni—</strong></span> 
     </span>
    </p>
   </div>
   <div class='ocr_carea' id='block_1_81' title="bbox 2060 3589 3651 3661">
    <p class='ocr_par' dir='ltr' id='par_1_81' title="bbox 2060 3589 3651 3661">
     <span class='ocr_line' id='line_1_81' title="bbox 2060 3589 3651 3661; baseline -0.004 -14"><span class='ocrx_word' id='word_1_601' title='bbox 2060 3609 2191 3648; x_wconf 90' lang='lat' dir='ltr'><strong>vere</strong></span> <span class='ocrx_word' id='word_1_602' title='bbox 2227 3591 2486 3647; x_wconf 90' lang='lat' dir='ltr'><strong>scnsibus</strong></span> <span class='ocrx_word' id='word_1_603' title='bbox 2513 3633 2528 3657; x_wconf 93' lang='lat'><strong>,</strong></span> <span class='ocrx_word' id='word_1_604' title='bbox 2564 3598 2621 3646; x_wconf 88' lang='lat' dir='ltr'><strong>et</strong></span> <span class='ocrx_word' id='word_1_605' title='bbox 2668 3605 3020 3661; x_wconf 89' lang='lat' dir='ltr'><strong>compescere</strong></span> <span class='ocrx_word' id='word_1_606' title='bbox 3053 3589 3275 3659; x_wconf 90' lang='lat' dir='ltr'><strong>quidem</strong></span> <span class='ocrx_word' id='word_1_607' title='bbox 3322 3589 3563 3643; x_wconf 87' lang='lat' dir='ltr'><strong>visiones</strong></span> <span class='ocrx_word' id='word_1_608' title='bbox 3595 3595 3651 3643; x_wconf 90' lang='lat' dir='ltr'><strong>et</strong></span> 
     </span>
    </p>
   </div>
   <div class='ocr_carea' id='block_1_82' title="bbox 2062 3682 3653 3755">
    <p class='ocr_par' dir='ltr' id='par_1_82' title="bbox 2062 3682 3653 3755">
     <span class='ocr_line' id='line_1_82' title="bbox 2062 3682 3653 3755; baseline -0.003 -15"><span class='ocrx_word' id='word_1_609' title='bbox 2062 3685 2425 3755; x_wconf 83' lang='lat' dir='ltr'><strong>cogitationes</strong></span> <span class='ocrx_word' id='word_1_610' title='bbox 2465 3683 2750 3739; x_wconf 89' lang='lat' dir='ltr'><strong>sensilium</strong></span> <span class='ocrx_word' id='word_1_611' title='bbox 2789 3691 2845 3738; x_wconf 89' lang='lat' dir='ltr'><strong>et</strong></span> <span class='ocrx_word' id='word_1_612' title='bbox 2880 3683 3188 3736; x_wconf 86' lang='lat' dir='ltr'><strong>naturalem</strong></span> <span class='ocrx_word' id='word_1_613' title='bbox 3236 3682 3653 3752; x_wconf 80' lang='lat' dir='ltr'><strong>contemplatio-</strong></span> 
     </span>
    </p>
   </div>
   <div class='ocr_carea' id='block_1_83' title="bbox 2060 3775 3652 3844">
    <p class='ocr_par' dir='ltr' id='par_1_83' title="bbox 2060 3775 3652 3844">
     <span class='ocr_line' id='line_1_83' title="bbox 2060 3775 3652 3844; baseline -0.003 -13"><span class='ocrx_word' id='word_1_614' title='bbox 2060 3793 2187 3832; x_wconf 87' lang='lat' dir='ltr'><strong>nem</strong></span> <span class='ocrx_word' id='word_1_615' title='bbox 2219 3817 2234 3842; x_wconf 91' lang='lat'><strong>,</strong></span> <span class='ocrx_word' id='word_1_616' title='bbox 2271 3777 2537 3831; x_wconf 89' lang='lat' dir='ltr'><strong>accedere</strong></span> <span class='ocrx_word' id='word_1_617' title='bbox 2581 3783 2766 3830; x_wconf 91' lang='lat' dir='ltr'><strong>autem</strong></span> <span class='ocrx_word' id='word_1_618' title='bbox 2805 3775 2871 3830; x_wconf 90' lang='lat' dir='ltr'><strong>ad</strong></span> <span class='ocrx_word' id='word_1_619' title='bbox 2909 3776 3180 3828; x_wconf 91' lang='lat' dir='ltr'><strong>malorum</strong></span> <span class='ocrx_word' id='word_1_620' title='bbox 3239 3789 3473 3844; x_wconf 87' lang='lat' dir='ltr'><strong>corpore</strong></span> <span class='ocrx_word' id='word_1_621' title='bbox 3522 3788 3652 3843; x_wconf 89' lang='lat' dir='ltr'><strong>per-</strong></span> 
     </span>
    </p>
   </div>
   <div class='ocr_carea' id='block_1_84' title="bbox 2062 3867 3655 3940">
    <p class='ocr_par' dir='ltr' id='par_1_84' title="bbox 2062 3867 3655 3940">
     <span class='ocr_line' id='line_1_84' title="bbox 2062 3867 3655 3940; baseline -0.003 -15"><span class='ocrx_word' id='word_1_622' title='bbox 2062 3870 2372 3940; x_wconf 90' lang='lat' dir='ltr'><strong>pessionem</strong></span> <span class='ocrx_word' id='word_1_623' title='bbox 2409 3885 2510 3940; x_wconf 88' lang='lat' dir='ltr'><strong>per</strong></span> <span class='ocrx_word' id='word_1_624' title='bbox 2542 3871 2778 3925; x_wconf 88' lang='lat' dir='ltr'><strong>activam</strong></span> <span class='ocrx_word' id='word_1_625' title='bbox 2829 3868 3256 3939; x_wconf 89' lang='lat' dir='ltr'><strong>philosophiam.</strong></span> <span class='ocrx_word' id='word_1_626' title='bbox 3293 3867 3533 3934; x_wconf 83' lang='lat' dir='ltr'><strong>Quarum</strong></span> <span class='ocrx_word' id='word_1_627' title='bbox 3573 3875 3655 3938; x_wconf 91' lang='lat' dir='ltr'><strong>ty-</strong></span> 
     </span>
    </p>
   </div>
   <div class='ocr_carea' id='block_1_85' title="bbox 2062 3958 3652 4032">
    <p class='ocr_par' dir='ltr' id='par_1_85' title="bbox 2062 3958 3652 4032">
     <span class='ocr_line' id='line_1_85' title="bbox 2062 3958 3652 4032; baseline -0.003 -16"><span class='ocrx_word' id='word_1_628' title='bbox 2062 3977 2167 4032; x_wconf 91' lang='lat' dir='ltr'><strong>pus</strong></span> <span class='ocrx_word' id='word_1_629' title='bbox 2205 3962 2430 4032; x_wconf 89' lang='lat' dir='ltr'><strong>quidem</strong></span> <span class='ocrx_word' id='word_1_630' title='bbox 2487 3961 2755 4016; x_wconf 89' lang='lat' dir='ltr'><strong>orationis</strong></span> <span class='ocrx_word' id='word_1_631' title='bbox 2787 3970 2874 4016; x_wconf 92' lang='lat' dir='ltr'><strong>est</strong></span> <span class='ocrx_word' id='word_1_632' title='bbox 2919 3960 3064 4031; x_wconf 86' lang='lat' dir='ltr'><strong>regis</strong></span> <span class='ocrx_word' id='word_1_633' title='bbox 3118 3975 3382 4014; x_wconf 86' lang='lat' dir='ltr'><strong>ascensus</strong></span> <span class='ocrx_word' id='word_1_634' title='bbox 3430 3958 3498 4012; x_wconf 90' lang='lat' dir='ltr'><strong>ad</strong></span> <span class='ocrx_word' id='word_1_635' title='bbox 3554 3958 3652 4012; x_wconf 90' lang='lat' dir='ltr'><strong>Dci</strong></span> 
     </span>
    </p>
   </div>
   <div class='ocr_carea' id='block_1_86' title="bbox 2063 4049 3655 4125">
    <p class='ocr_par' dir='ltr' id='par_1_86' title="bbox 2063 4049 3655 4125">
     <span class='ocr_line' id='line_1_86' title="bbox 2063 4049 3655 4125; baseline -0.003 -17"><span class='ocrx_word' id='word_1_636' title='bbox 2063 4054 2331 4125; x_wconf 89' lang='lat' dir='ltr'><strong>templum</strong></span> <span class='ocrx_word' id='word_1_637' title='bbox 2369 4073 2382 4107; x_wconf 89' lang='lat'>:</span> <span class='ocrx_word' id='word_1_638' title='bbox 2418 4055 2723 4124; x_wconf 89' lang='lat' dir='ltr'><strong>corporalis</strong></span> <span class='ocrx_word' id='word_1_639' title='bbox 2763 4061 2950 4107; x_wconf 90' lang='lat' dir='ltr'><strong>autem</strong></span> <span class='ocrx_word' id='word_1_640' title='bbox 3009 4049 3322 4104; x_wconf 80' lang='lat' dir='ltr'><strong>alilictionis</strong></span> <span class='ocrx_word' id='word_1_641' title='bbox 3348 4090 3362 4114; x_wconf 92' lang='lat'><strong>,</strong></span> <span class='ocrx_word' id='word_1_642' title='bbox 3417 4049 3655 4104; x_wconf 88' lang='lat' dir='ltr'><strong>amictus</strong></span> 
     </span>
    </p>
   </div>
   <div class='ocr_carea' id='block_1_87' title="bbox 2063 4141 3653 4211">
    <p class='ocr_par' dir='ltr' id='par_1_87' title="bbox 2063 4141 3653 4211">
     <span class='ocr_line' id='line_1_87' title="bbox 2063 4141 3653 4211; baseline -0.004 -10"><span class='ocrx_word' id='word_1_643' title='bbox 2063 4148 2228 4201; x_wconf 87' lang='lat' dir='ltr'><strong>sacci.</strong></span> <span class='ocrx_word' id='word_1_644' title='bbox 2268 4146 2404 4200; x_wconf 85' lang='lat' dir='ltr'><strong>Eum</strong></span> <span class='ocrx_word' id='word_1_645' title='bbox 2433 4155 2614 4201; x_wconf 88' lang='lat' dir='ltr'><strong>autem</strong></span> <span class='ocrx_word' id='word_1_646' title='bbox 2649 4144 2981 4200; x_wconf 86' lang='lat' dir='ltr'><strong>conﬁrmant</strong></span> <span class='ocrx_word' id='word_1_647' title='bbox 3003 4150 3059 4196; x_wconf 89' lang='lat' dir='ltr'><strong>et</strong></span> <span class='ocrx_word' id='word_1_648' title='bbox 3093 4141 3144 4196; x_wconf 89' lang='lat' dir='ltr'><strong>ei</strong></span> <span class='ocrx_word' id='word_1_649' title='bbox 3180 4157 3340 4211; x_wconf 91' lang='lat' dir='ltr'><strong>opem</strong></span> <span class='ocrx_word' id='word_1_650' title='bbox 3366 4141 3553 4196; x_wconf 87' lang='lat' dir='ltr'><strong>ferunt</strong></span> <span class='ocrx_word' id='word_1_651' title='bbox 3584 4142 3653 4195; x_wconf 89' lang='lat' dir='ltr'><strong>ad</strong></span> 
     </span>
    </p>
   </div>
   <div class='ocr_carea' id='block_1_88' title="bbox 2063 4233 3651 4306">
    <p class='ocr_par' dir='ltr' id='par_1_88' title="bbox 2063 4233 3651 4306">
     <span class='ocr_line' id='line_1_88' title="bbox 2063 4233 3651 4306; baseline -0.004 -14"><span class='ocrx_word' id='word_1_652' title='bbox 2063 4237 2497 4302; x_wconf 90' lang='lat' dir='ltr'><strong>obstruendum,</strong></span> <span class='ocrx_word' id='word_1_653' title='bbox 2555 4244 2614 4292; x_wconf 90' lang='lat' dir='ltr'><strong>et</strong></span> <span class='ocrx_word' id='word_1_654' title='bbox 2667 4235 2762 4306; x_wconf 92' lang='lat' dir='ltr'><strong>qui</strong></span> <span class='ocrx_word' id='word_1_655' title='bbox 2795 4234 2931 4289; x_wconf 87' lang='lat' dir='ltr'><strong>dicti</strong></span> <span class='ocrx_word' id='word_1_656' title='bbox 2981 4243 3112 4287; x_wconf 90' lang='lat' dir='ltr'><strong>sunt</strong></span> <span class='ocrx_word' id='word_1_657' title='bbox 3146 4233 3426 4296; x_wconf 86' lang='lat' dir='ltr'><strong>seniores,</strong></span> <span class='ocrx_word' id='word_1_658' title='bbox 3465 4239 3518 4287; x_wconf 88' lang='lat' dir='ltr'><strong>et</strong></span> <span class='ocrx_word' id='word_1_659' title='bbox 3557 4233 3651 4302; x_wconf 91' lang='lat' dir='ltr'><strong>qui</strong></span> 
     </span>
    </p>
   </div>
   <div class='ocr_carea' id='block_1_89' title="bbox 2061 4321 3656 4399">
    <p class='ocr_par' dir='ltr' id='par_1_89' title="bbox 2061 4321 3656 4399">
     <span class='ocr_line' id='line_1_89' title="bbox 2061 4321 3656 4399; baseline -0.006 -15"><span class='ocrx_word' id='word_1_660' title='bbox 2061 4328 2325 4384; x_wconf 87' lang='lat' dir='ltr'><strong>collectus</strong></span> <span class='ocrx_word' id='word_1_661' title='bbox 2379 4329 2484 4383; x_wconf 86' lang='lat' dir='ltr'><strong>fuit</strong></span> <span class='ocrx_word' id='word_1_662' title='bbox 2540 4329 2796 4399; x_wconf 89' lang='lat' dir='ltr'><strong>populus,</strong></span> <span class='ocrx_word' id='word_1_663' title='bbox 2831 4324 2927 4395; x_wconf 92' lang='lat' dir='ltr'><strong>qui</strong></span> <span class='ocrx_word' id='word_1_664' title='bbox 2986 4331 3074 4379; x_wconf 90' lang='lat' dir='ltr'><strong>est</strong></span> <span class='ocrx_word' id='word_1_665' title='bbox 3133 4323 3237 4392; x_wconf 67' lang='lat' dir='ltr'><strong>pia:</strong></span> <span class='ocrx_word' id='word_1_666' title='bbox 3267 4321 3656 4392; x_wconf 70' lang='lat' dir='ltr'><strong>cogitationes</strong></span> 
     </span>
    </p>
   </div>
   <div class='ocr_carea' id='block_1_90' title="bbox 2063 4413 3656 4491">
    <p class='ocr_par' dir='ltr' id='par_1_90' title="bbox 2063 4413 3656 4491">
     <span class='ocr_line' id='line_1_90' title="bbox 2063 4413 3656 4491; baseline -0.006 -16"><span class='ocrx_word' id='word_1_667' title='bbox 2063 4421 2498 4491; x_wconf 85' lang='lat' dir='ltr'><strong>uniuscujusque</strong></span> <span class='ocrx_word' id='word_1_668' title='bbox 2549 4436 2617 4475; x_wconf 80' lang='lat' dir='ltr'><strong>ex</strong></span> <span class='ocrx_word' id='word_1_669' title='bbox 2651 4419 2828 4473; x_wconf 91' lang='lat' dir='ltr'><strong>tribus</strong></span> <span class='ocrx_word' id='word_1_670' title='bbox 2863 4433 2985 4487; x_wconf 63' lang='lat' dir='ltr'><strong>quae</strong></span> <span class='ocrx_word' id='word_1_671' title='bbox 3015 4415 3178 4470; x_wconf 64' lang='lat' dir='ltr'><strong>dicta:</strong></span> <span class='ocrx_word' id='word_1_672' title='bbox 3212 4424 3342 4470; x_wconf 91' lang='lat' dir='ltr'><strong>sunt</strong></span> <span class='ocrx_word' id='word_1_673' title='bbox 3378 4413 3656 4470; x_wconf 82' lang='lat' dir='ltr'><strong>facultati-</strong></span> 
     </span>
    </p>
   </div>
   <div class='ocr_carea' id='block_1_91' title="bbox 2063 4506 3652 4594">
    <p class='ocr_par' dir='ltr' id='par_1_91' title="bbox 2063 4506 3652 4594">
     <span class='ocr_line' id='line_1_91' title="bbox 2063 4506 3652 4594; baseline -0.004 -28"><span class='ocrx_word' id='word_1_674' title='bbox 2063 4512 2186 4567; x_wconf 91' lang='lat' dir='ltr'><strong>bus.</strong></span> <span class='ocrx_word' id='word_1_675' title='bbox 2226 4509 2456 4594; x_wconf 74' lang='lat' dir='ltr'><strong>onrtet</strong></span> <span class='ocrx_word' id='word_1_676' title='bbox 2490 4522 2674 4566; x_wconf 88' lang='lat' dir='ltr'><strong>autem</strong></span> <span class='ocrx_word' id='word_1_677' title='bbox 2709 4511 2874 4566; x_wconf 89' lang='lat' dir='ltr'><strong>etiam</strong></span> <span class='ocrx_word' id='word_1_678' title='bbox 2912 4507 3191 4562; x_wconf 88' lang='lat' dir='ltr'><strong>custodire</strong></span> <span class='ocrx_word' id='word_1_679' title='bbox 3227 4506 3382 4561; x_wconf 87' lang='lat' dir='ltr'><strong>labra</strong></span> <span class='ocrx_word' id='word_1_680' title='bbox 3434 4507 3652 4570; x_wconf 66' lang='lat' dir='ltr'><strong>animae,</strong></span> 
     </span>
    </p>
   </div>
   <div class='ocr_carea' id='block_1_92' title="bbox 341 4579 1959 4675">
    <p class='ocr_par' dir='ltr' id='par_1_92' title="bbox 341 4579 1959 4674">
     <span class='ocr_line' id='line_1_92' title="bbox 341 4579 1959 4674; baseline -0.002 -15"><span class='ocrx_word' id='word_1_681' title='bbox 341 4595 469 4666; x_wconf 53' lang='lat'><strong>4&#39;7);</strong></span> <span class='ocrx_word' id='word_1_682' title='bbox 501 4579 1052 4669; x_wconf 75' lang='grc' dir='ltr'>γνωπικῆςσοφίας,</span> <span class='ocrx_word' id='word_1_683' title='bbox 1081 4599 1176 4652; x_wconf 68' lang='grc' dir='ltr'><strong>καὶ</strong></span> <span class='ocrx_word' id='word_1_684' title='bbox 1203 4579 1420 4670; x_wconf 83' lang='grc' dir='ltr'>άναιρεῖ</span> <span class='ocrx_word' id='word_1_685' title='bbox 1446 4601 1549 4665; x_wconf 82' lang='grc' dir='ltr'>τὰς</span> <span class='ocrx_word' id='word_1_686' title='bbox 1575 4610 1692 4673; x_wconf 80' lang='grc' dir='ltr'>ρπε⁹</span> <span class='ocrx_word' id='word_1_687' title='bbox 1716 4579 1959 4674; x_wconf 76' lang='grc' dir='ltr'>χιλιάδας</span> 
     </span>
    </p>
   </div>
   <div class='ocr_carea' id='block_1_93' title="bbox 2060 4579 3656 4675">
    <p class='ocr_par' dir='ltr' id='par_1_93' title="bbox 2065 4586 3656 4675">
     <span class='ocr_line' id='line_1_93' title="bbox 2065 4586 3656 4675; baseline -0.005 -16"><span class='ocrx_word' id='word_1_688' title='bbox 2065 4586 2263 4675; x_wconf 81' lang='lat' dir='ltr'><strong>nempe</strong></span> <span class='ocrx_word' id='word_1_689' title='bbox 2297 4605 2532 4660; x_wconf 87' lang='lat' dir='ltr'><strong>virtutes</strong></span> <span class='ocrx_word' id='word_1_690' title='bbox 2553 4619 2675 4658; x_wconf 86' lang='lat' dir='ltr'><strong>eam</strong></span> <span class='ocrx_word' id='word_1_691' title='bbox 2711 4600 3108 4664; x_wconf 88' lang='lat' dir='ltr'><strong>custodientes,</strong></span> <span class='ocrx_word' id='word_1_692' title='bbox 3133 4615 3230 4654; x_wconf 87' lang='lat' dir='ltr'><strong>seu</strong></span> <span class='ocrx_word' id='word_1_693' title='bbox 3265 4597 3557 4653; x_wconf 88' lang='lat' dir='ltr'><strong>methodos</strong></span> <span class='ocrx_word' id='word_1_694' title='bbox 3591 4613 3656 4652; x_wconf 89' lang='lat' dir='ltr'><strong>ac</strong></span> 
     </span>
    </p>
   </div>
   <div class='ocr_carea' id='block_1_94' title="bbox 367 4685 1959 4765">
    <p class='ocr_par' dir='ltr' id='par_1_94' title="bbox 367 4685 1959 4764">
     <span class='ocr_line' id='line_1_94' title="bbox 367 4685 1959 4764; baseline 0.006 -27"><span class='ocrx_word' id='word_1_695' title='bbox 367 4685 576 4739; x_wconf 80' lang='grc' dir='ltr'>αὐτῶν.</span> <span class='ocrx_word' id='word_1_696' title='bbox 600 4685 700 4752; x_wconf 80' lang='grc' dir='ltr'><strong>Ἓξ</strong></span> <span class='ocrx_word' id='word_1_697' title='bbox 741 4685 851 4758; x_wconf 81' lang='grc' dir='ltr'><strong>γὰρ</strong></span> <span class='ocrx_word' id='word_1_698' title='bbox 879 4687 1103 4751; x_wconf 87' lang='grc' dir='ltr'>δεκάκις</span> <span class='ocrx_word' id='word_1_699' title='bbox 1139 4687 1199 4754; x_wconf 79' lang='grc' dir='ltr'><strong>ξ’,</strong></span> <span class='ocrx_word' id='word_1_700' title='bbox 1230 4689 1324 4743; x_wconf 73' lang='grc' dir='ltr'>καὶ</span> <span class='ocrx_word' id='word_1_701' title='bbox 1351 4689 1474 4760; x_wconf 78' lang='grc' dir='ltr'>τρὶς</span> <span class='ocrx_word' id='word_1_702' title='bbox 1516 4690 1558 4758; x_wconf 80' lang='grc' dir='ltr'><strong>ξ’</strong></span> <span class='ocrx_word' id='word_1_703' title='bbox 1603 4692 1701 4746; x_wconf 76' lang='grc' dir='ltr'><strong>καὶ</strong></span> <span class='ocrx_word' id='word_1_704' title='bbox 1737 4692 1846 4764; x_wconf 80' lang='grc' dir='ltr'>ρπ’,</span> <span class='ocrx_word' id='word_1_705' title='bbox 1877 4687 1959 4756; x_wconf 71' lang='grc' dir='ltr'><strong>οἷς</strong></span> 
     </span>
    </p>
   </div>
   <div class='ocr_carea' id='block_1_95' title="bbox 2060 4685 3655 4765">
    <p class='ocr_par' dir='ltr' id='par_1_95' title="bbox 2060 4688 3655 4765">
     <span class='ocr_line' id='line_1_95' title="bbox 2060 4688 3655 4765; baseline -0.005 -16"><span class='ocrx_word' id='word_1_706' title='bbox 2060 4695 2324 4762; x_wconf 89' lang='lat' dir='ltr'><strong>rationes,</strong></span> <span class='ocrx_word' id='word_1_707' title='bbox 2378 4709 2501 4765; x_wconf 58' lang='lat' dir='ltr'><strong>qua</strong></span> <span class='ocrx_word' id='word_1_708' title='bbox 2556 4693 2878 4749; x_wconf 83' lang='lat' dir='ltr'><strong>custodiunt</strong></span> <span class='ocrx_word' id='word_1_709' title='bbox 2914 4690 3182 4755; x_wconf 89' lang='lat' dir='ltr'><strong>virtutes,</strong></span> <span class='ocrx_word' id='word_1_710' title='bbox 3221 4705 3422 4760; x_wconf 87' lang='lat' dir='ltr'><strong>nempe</strong></span> <span class='ocrx_word' id='word_1_711' title='bbox 3477 4688 3655 4743; x_wconf 87' lang='lat' dir='ltr'><strong>conti-</strong></span> 
     </span>
    </p>
   </div>
   <div class='ocr_carea' id='block_1_96' title="bbox 366 4775 1959 4855">
    <p class='ocr_par' dir='ltr' id='par_1_96' title="bbox 366 4775 1958 4855">
     <span class='ocr_line' id='line_1_96' title="bbox 366 4775 1958 4855; baseline 0.004 -26"><span class='ocrx_word' id='word_1_712' title='bbox 366 4775 781 4847; x_wconf 83' lang='grc' dir='ltr'>προστεθέντων</span> <span class='ocrx_word' id='word_1_713' title='bbox 804 4777 898 4831; x_wconf 77' lang='grc' dir='ltr'>καὶ</span> <span class='ocrx_word' id='word_1_714' title='bbox 923 4785 962 4830; x_wconf 84' lang='grc' dir='ltr'>ε’</span> <span class='ocrx_word' id='word_1_715' title='bbox 986 4781 1448 4851; x_wconf 83' lang='grc' dir='ltr'>συναπαρτίζεται</span> <span class='ocrx_word' id='word_1_716' title='bbox 1470 4781 1498 4834; x_wconf 87' lang='grc' dir='ltr'><strong>ὀ</strong></span> <span class='ocrx_word' id='word_1_717' title='bbox 1520 4781 1628 4836; x_wconf 89' lang='grc' dir='ltr'><strong>τῶν</strong></span> <span class='ocrx_word' id='word_1_718' title='bbox 1658 4783 1958 4855; x_wconf 83' lang='grc' dir='ltr'>ἀναιρεθει-</span> 
     </span>
    </p>
   </div>
   <div class='ocr_carea' id='block_1_97' title="bbox 2060 4775 3654 4855">
    <p class='ocr_par' dir='ltr' id='par_1_97' title="bbox 2060 4779 3654 4854">
     <span class='ocr_line' id='line_1_97' title="bbox 2060 4779 3654 4854; baseline -0.006 -11"><span class='ocrx_word' id='word_1_719' title='bbox 2060 4789 2303 4844; x_wconf 87' lang='lat' dir='ltr'><strong>nentiam</strong></span> <span class='ocrx_word' id='word_1_720' title='bbox 2330 4829 2345 4854; x_wconf 93' lang='lat'><strong>,</strong></span> <span class='ocrx_word' id='word_1_721' title='bbox 2408 4795 2464 4842; x_wconf 92' lang='lat' dir='ltr'><strong>et</strong></span> <span class='ocrx_word' id='word_1_722' title='bbox 2499 4785 2868 4851; x_wconf 88' lang='lat' dir='ltr'><strong>tolerantiam,</strong></span> <span class='ocrx_word' id='word_1_723' title='bbox 2905 4792 2962 4841; x_wconf 89' lang='lat' dir='ltr'><strong>et</strong></span> <span class='ocrx_word' id='word_1_724' title='bbox 3006 4782 3380 4840; x_wconf 86' lang='lat' dir='ltr'><strong>humilitatem</strong></span> <span class='ocrx_word' id='word_1_725' title='bbox 3432 4799 3444 4836; x_wconf 94' lang='lat'><strong>:</strong></span> <span class='ocrx_word' id='word_1_726' title='bbox 3484 4789 3539 4835; x_wconf 90' lang='lat' dir='ltr'><strong>et</strong></span> <span class='ocrx_word' id='word_1_727' title='bbox 3573 4779 3654 4834; x_wconf 92' lang='lat' dir='ltr'><strong>sic</strong></span> 
     </span>
    </p>
   </div>
   <div class='ocr_carea' id='block_1_98' title="bbox 347 4861 1959 4952">
    <p class='ocr_par' dir='ltr' id='par_1_98' title="bbox 347 4861 1957 4946">
     <span class='ocr_line' id='line_1_98' title="bbox 347 4861 1957 4946; baseline 0.004 -24"><span class='ocrx_word' id='word_1_728' title='bbox 347 4861 480 4922; x_wconf 61' lang='lat' dir='ltr'><strong>~uti»;</strong></span> <span class='ocrx_word' id='word_1_729' title='bbox 528 4867 783 4939; x_wconf 86' lang='grc' dir='ltr'>χιλιάδων</span> <span class='ocrx_word' id='word_1_730' title='bbox 824 4870 1080 4942; x_wconf 86' lang='grc' dir='ltr'>ἀριθμός.</span> <span class='ocrx_word' id='word_1_731' title='bbox 1133 4873 1286 4926; x_wconf 79' lang='grc' dir='ltr'>Ἐπεὶ</span> <span class='ocrx_word' id='word_1_732' title='bbox 1325 4873 1434 4946; x_wconf 85' lang='grc' dir='ltr'><strong>γὰρ</strong></span> <span class='ocrx_word' id='word_1_733' title='bbox 1481 4875 1515 4946; x_wconf 85' lang='grc' dir='ltr'><strong>ἡ</strong></span> <span class='ocrx_word' id='word_1_734' title='bbox 1557 4875 1688 4946; x_wconf 67' lang='grc' dir='ltr'><strong>περ)⁸</strong></span> <span class='ocrx_word' id='word_1_735' title='bbox 1726 4876 1743 4916; x_wconf 77' lang='grc' dir='ltr'>ί</span> <span class='ocrx_word' id='word_1_736' title='bbox 1792 4875 1957 4944; x_wconf 80' lang='grc' dir='ltr'>φύσιν</span> 
     </span>
    </p>
   </div>
   <div class='ocr_carea' id='block_1_99' title="bbox 2060 4861 3654 4952">
    <p class='ocr_par' dir='ltr' id='par_1_99' title="bbox 2060 4870 3654 4952">
     <span class='ocr_line' id='line_1_99' title="bbox 2060 4870 3654 4952; baseline -0.006 -19"><span class='ocrx_word' id='word_1_737' title='bbox 2060 4879 2296 4934; x_wconf 90' lang='lat' dir='ltr'><strong>mittitur</strong></span> <span class='ocrx_word' id='word_1_738' title='bbox 2331 4893 2363 4932; x_wconf 90' lang='lat' dir='ltr'><strong>a</strong></span> <span class='ocrx_word' id='word_1_739' title='bbox 2398 4878 2510 4932; x_wconf 91' lang='lat' dir='ltr'><strong>Deo</strong></span> <span class='ocrx_word' id='word_1_740' title='bbox 2545 4877 2806 4952; x_wconf 80' lang='lat' dir='ltr'><strong>angelus,</strong></span> <span class='ocrx_word' id='word_1_741' title='bbox 2845 4894 3045 4950; x_wconf 90' lang='lat' dir='ltr'><strong>nempe</strong></span> <span class='ocrx_word' id='word_1_742' title='bbox 3097 4875 3238 4932; x_wconf 90' lang='lat' dir='ltr'><strong>ratio</strong></span> <span class='ocrx_word' id='word_1_743' title='bbox 3273 4870 3654 4944; x_wconf 81' lang='lat' dir='ltr'><strong>cognoscentis</strong></span> 
     </span>
    </p>
   </div>
   <div class='ocr_carea' id='block_1_100' title="bbox 342 4959 1959 5042">
    <p class='ocr_par' dir='ltr' id='par_1_100' title="bbox 342 4959 1955 5034">
     <span class='ocr_line' id='line_1_100' title="bbox 342 4959 1955 5034; baseline 0.006 -23"><span class='ocrx_word' id='word_1_744' title='bbox 342 4959 480 5012; x_wconf 90' lang='grc' dir='ltr'>-τῶν</span> <span class='ocrx_word' id='word_1_745' title='bbox 518 4960 939 5032; x_wconf 88' lang='grc' dir='ltr'>προειρημένων</span> <span class='ocrx_word' id='word_1_746' title='bbox 968 4961 1138 5033; x_wconf 87' lang='grc' dir='ltr'>τριῶν</span> <span class='ocrx_word' id='word_1_747' title='bbox 1166 4963 1471 5034; x_wconf 86' lang='grc' dir='ltr'>δυνάμεων,</span> <span class='ocrx_word' id='word_1_748' title='bbox 1521 4966 1708 5019; x_wconf 82' lang='grc' dir='ltr'>πᾶσαν</span> <span class='ocrx_word' id='word_1_749' title='bbox 1755 4967 1955 5020; x_wconf 90' lang='grc' dir='ltr'>κακίαν</span> 
     </span>
    </p>
   </div>
   <div class='ocr_carea' id='block_1_101' title="bbox 2060 4959 3650 5042">
    <p class='ocr_par' dir='ltr' id='par_1_101' title="bbox 2060 4963 3650 5041">
     <span class='ocr_line' id='line_1_101' title="bbox 2060 4963 3650 5041; baseline -0.006 -16"><span class='ocrx_word' id='word_1_750' title='bbox 2060 4970 2438 5041; x_wconf 65' lang='lat' dir='ltr'><strong>philOSOpltiaz,</strong></span> <span class='ocrx_word' id='word_1_751' title='bbox 2467 4985 2588 5039; x_wconf 66' lang='lat' dir='ltr'><strong>quae</strong></span> <span class='ocrx_word' id='word_1_752' title='bbox 2622 4970 2806 5040; x_wconf 90' lang='lat' dir='ltr'><strong>perdit</strong></span> <span class='ocrx_word' id='word_1_753' title='bbox 2840 4970 2973 5025; x_wconf 85' lang='lat' dir='ltr'><strong>vitia</strong></span> <span class='ocrx_word' id='word_1_754' title='bbox 2998 4981 3054 5025; x_wconf 91' lang='lat' dir='ltr'><strong>et</strong></span> <span class='ocrx_word' id='word_1_755' title='bbox 3079 4977 3262 5023; x_wconf 88' lang='lat' dir='ltr'><strong>motus</strong></span> <span class='ocrx_word' id='word_1_756' title='bbox 3285 4963 3476 5028; x_wconf 87' lang='lat' dir='ltr'><strong>animi,</strong></span> <span class='ocrx_word' id='word_1_757' title='bbox 3505 4970 3561 5016; x_wconf 89' lang='lat' dir='ltr'><strong>et</strong></span> <span class='ocrx_word' id='word_1_758' title='bbox 3583 4977 3650 5016; x_wconf 81' lang='lat' dir='ltr'><strong>ex</strong></span> 
     </span>
    </p>
   </div>
   <div class='ocr_carea' id='block_1_102' title="bbox 367 5051 1959 5132">
    <p class='ocr_par' dir='ltr' id='par_1_102' title="bbox 367 5051 1959 5127">
     <span class='ocr_line' id='line_1_102' title="bbox 367 5051 1959 5127; baseline 0.004 -25"><span class='ocrx_word' id='word_1_759' title='bbox 367 5052 553 5103; x_wconf 80' lang='grc' dir='ltr'>ποιεῖ’</span> <span class='ocrx_word' id='word_1_760' title='bbox 586 5051 677 5104; x_wconf 85' lang='grc' dir='ltr'>τὸν</span> <span class='ocrx_word' id='word_1_761' title='bbox 717 5051 776 5117; x_wconf 77' lang='grc' dir='ltr'><strong>ἓξ</strong></span> <span class='ocrx_word' id='word_1_762' title='bbox 813 5052 912 5124; x_wconf 87' lang='grc' dir='ltr'>μὲν</span> <span class='ocrx_word' id='word_1_763' title='bbox 938 5053 1174 5123; x_wconf 85' lang='grc' dir='ltr'>ἀριθμὸν</span> <span class='ocrx_word' id='word_1_764' title='bbox 1207 5054 1560 5125; x_wconf 86' lang='grc' dir='ltr'>λαμϐάνομεν</span> <span class='ocrx_word' id='word_1_765' title='bbox 1594 5054 1682 5109; x_wconf 84' lang='grc' dir='ltr'>διά</span> <span class='ocrx_word' id='word_1_766' title='bbox 1719 5055 1782 5109; x_wconf 84' lang='grc' dir='ltr'>τὸ</span> <span class='ocrx_word' id='word_1_767' title='bbox 1807 5073 1959 5127; x_wconf 87' lang='grc' dir='ltr'>ποιη-</span> 
     </span>
    </p>
   </div>
   <div class='ocr_carea' id='block_1_103' title="bbox 2060 5051 3650 5132">
    <p class='ocr_par' dir='ltr' id='par_1_103' title="bbox 2060 5053 3650 5132">
     <span class='ocr_line' id='line_1_103' title="bbox 2060 5053 3650 5132; baseline -0.006 -16"><span class='ocrx_word' id='word_1_768' title='bbox 2060 5062 2138 5116; x_wconf 87' lang='lat' dir='ltr'><strong>eis</strong></span> <span class='ocrx_word' id='word_1_769' title='bbox 2166 5061 2673 5116; x_wconf 88' lang='lat' dir='ltr'><strong>interimitcentum</strong></span> <span class='ocrx_word' id='word_1_770' title='bbox 2699 5061 2976 5132; x_wconf 80' lang='lat' dir='ltr'><strong>octoginta</strong></span> <span class='ocrx_word' id='word_1_771' title='bbox 3007 5061 3250 5130; x_wconf 84' lang='lat' dir='ltr'><strong>quinque.</strong></span> <span class='ocrx_word' id='word_1_772' title='bbox 3286 5055 3478 5110; x_wconf 91' lang='lat' dir='ltr'><strong>millia.</strong></span> <span class='ocrx_word' id='word_1_773' title='bbox 3512 5053 3650 5108; x_wconf 85' lang='lat' dir='ltr'><strong>Nam</strong></span> 
     </span>
    </p>
   </div>
   <div class='ocr_carea' id='block_1_104' title="bbox 365 5137 1958 5217">
    <p class='ocr_par' dir='ltr' id='par_1_104' title="bbox 365 5137 1958 5217">
     <span class='ocr_line' id='line_1_104' title="bbox 365 5137 1958 5217; baseline 0.006 -26"><span class='ocrx_word' id='word_1_774' title='bbox 365 5137 523 5192; x_wconf 77' lang='grc' dir='ltr'>τικδν</span> <span class='ocrx_word' id='word_1_775' title='bbox 571 5139 670 5211; x_wconf 83' lang='grc' dir='ltr'><strong>τῆς</strong></span> <span class='ocrx_word' id='word_1_776' title='bbox 713 5143 952 5206; x_wconf 70' lang='grc' dir='ltr'>κακίαςι</span> <span class='ocrx_word' id='word_1_777' title='bbox 995 5144 1053 5196; x_wconf 83' lang='grc' dir='ltr'><strong>ὲν</strong></span> <span class='ocrx_word' id='word_1_778' title='bbox 1100 5143 1163 5208; x_wconf 78' lang='grc' dir='ltr'>ἓξ</span> <span class='ocrx_word' id='word_1_779' title='bbox 1202 5144 1311 5216; x_wconf 84' lang='grc' dir='ltr'>γὰρ</span> <span class='ocrx_word' id='word_1_780' title='bbox 1360 5145 1597 5217; x_wconf 80' lang='grc' dir='ltr'>ἡμέραις</span> <span class='ocrx_word' id='word_1_781' title='bbox 1643 5145 1901 5215; x_wconf 75' lang='grc' dir='ltr'>ἐποίησεν</span> <span class='ocrx_word' id='word_1_782' title='bbox 1929 5149 1958 5201; x_wconf 86' lang='grc' dir='ltr'>ὁ</span> 
     </span>
    </p>
   </div>
   <div class='ocr_carea' id='block_1_105' title="bbox 365 5228 1958 5309">
    <p class='ocr_par' dir='ltr' id='par_1_105' title="bbox 365 5228 1958 5309">
     <span class='ocr_line' id='line_1_105' title="bbox 365 5228 1958 5309; baseline 0.007 -27"><span class='ocrx_word' id='word_1_783' title='bbox 365 5228 504 5293; x_wconf 78' lang='grc' dir='ltr'>Θεὸς</span> <span class='ocrx_word' id='word_1_784' title='bbox 529 5230 623 5284; x_wconf 83' lang='grc' dir='ltr'><strong>τὸν</strong></span> <span class='ocrx_word' id='word_1_785' title='bbox 651 5231 877 5304; x_wconf 78' lang='grc' dir='ltr'>κόσμον.</span> <span class='ocrx_word' id='word_1_786' title='bbox 903 5235 1139 5299; x_wconf 87' lang='grc' dir='ltr'>Δεκάκις</span> <span class='ocrx_word' id='word_1_787' title='bbox 1165 5235 1327 5290; x_wconf 78' lang='grc' dir='ltr'>δὲδιὰ</span> <span class='ocrx_word' id='word_1_788' title='bbox 1347 5236 1446 5307; x_wconf 82' lang='grc' dir='ltr'>τὴν</span> <span class='ocrx_word' id='word_1_789' title='bbox 1470 5237 1528 5290; x_wconf 82' lang='grc' dir='ltr'><strong>ὲν</strong></span> <span class='ocrx_word' id='word_1_790' title='bbox 1551 5237 1722 5309; x_wconf 80' lang='grc' dir='ltr'>κακίᾳ</span> <span class='ocrx_word' id='word_1_791' title='bbox 1743 5238 1958 5293; x_wconf 89' lang='grc' dir='ltr'>τελείαν</span> 
     </span>
    </p>
   </div>
   <div class='ocr_carea' id='block_1_106' title="bbox 366 5323 1958 5401">
    <p class='ocr_par' dir='ltr' id='par_1_106' title="bbox 366 5323 1958 5401">
     <span class='ocr_line' id='line_1_106' title="bbox 366 5323 1958 5401; baseline 0.004 -23"><span class='ocrx_word' id='word_1_792' title='bbox 366 5323 587 5393; x_wconf 86' lang='grc' dir='ltr'>κίνησιν</span> <span class='ocrx_word' id='word_1_793' title='bbox 618 5323 858 5397; x_wconf 72' lang='grc' dir='ltr'>ἑκάστης</span> <span class='ocrx_word' id='word_1_794' title='bbox 887 5327 1189 5398; x_wconf 85' lang='grc' dir='ltr'>δυνάμεως.</span> <span class='ocrx_word' id='word_1_795' title='bbox 1227 5328 1446 5393; x_wconf 87' lang='grc' dir='ltr'>Τέλειος</span> <span class='ocrx_word' id='word_1_796' title='bbox 1479 5329 1584 5401; x_wconf 87' lang='grc' dir='ltr'><strong>γὰρ</strong></span> <span class='ocrx_word' id='word_1_797' title='bbox 1616 5330 1645 5381; x_wconf 89' lang='grc' dir='ltr'>ὁ</span> <span class='ocrx_word' id='word_1_798' title='bbox 1671 5329 1826 5396; x_wconf 87' lang='grc' dir='ltr'>δέκα,</span> <span class='ocrx_word' id='word_1_799' title='bbox 1866 5347 1958 5384; x_wconf 87' lang='grc' dir='ltr'>τε·</span> 
     </span>
    </p>
   </div>
   <div class='ocr_carea' id='block_1_107' title="bbox 365 5414 1955 5494">
    <p class='ocr_par' dir='ltr' id='par_1_107' title="bbox 365 5414 1955 5494">
     <span class='ocr_line' id='line_1_107' title="bbox 365 5414 1955 5494; baseline 0.008 -27"><span class='ocrx_word' id='word_1_800' title='bbox 365 5414 532 5468; x_wconf 88' lang='grc' dir='ltr'>λειῶν</span> <span class='ocrx_word' id='word_1_801' title='bbox 561 5415 656 5469; x_wconf 77' lang='grc' dir='ltr'>καὶ</span> <span class='ocrx_word' id='word_1_802' title='bbox 677 5418 1009 5489; x_wconf 78' lang='grc' dir='ltr'>περιορίζων</span> <span class='ocrx_word' id='word_1_803' title='bbox 1034 5418 1245 5484; x_wconf 88' lang='grc' dir='ltr'>πάντας</span> <span class='ocrx_word' id='word_1_804' title='bbox 1267 5421 1393 5484; x_wconf 80' lang='grc' dir='ltr'>τοὺς</span> <span class='ocrx_word' id='word_1_805' title='bbox 1417 5423 1621 5493; x_wconf 91' lang='grc' dir='ltr'>κυρίως</span> <span class='ocrx_word' id='word_1_806' title='bbox 1645 5423 1918 5494; x_wconf 83' lang='grc' dir='ltr'>ἀριθμούς</span> <span class='ocrx_word' id='word_1_807' title='bbox 1938 5439 1955 5458; x_wconf 72' lang='grc' dir='ltr'><strong>ο</strong></span> 
     </span>
    </p>
   </div>
   <div class='ocr_carea' id='block_1_108' title="bbox 365 5503 1954 5587">
    <p class='ocr_par' dir='ltr' id='par_1_108' title="bbox 365 5503 1954 5587">
     <span class='ocr_line' id='line_1_108' title="bbox 365 5503 1954 5587; baseline 0.008 -29"><span class='ocrx_word' id='word_1_808' title='bbox 365 5507 704 5579; x_wconf 85' lang='grc' dir='ltr'>τρισσοῦμεν</span> <span class='ocrx_word' id='word_1_809' title='bbox 749 5511 820 5563; x_wconf 81' lang='grc' dir='ltr'>τά</span> <span class='ocrx_word' id='word_1_810' title='bbox 863 5512 1296 5566; x_wconf 83' lang='grc' dir='ltr'>ἀποτελεσθέντα</span> <span class='ocrx_word' id='word_1_811' title='bbox 1342 5514 1432 5569; x_wconf 78' lang='grc' dir='ltr'><strong>διά</strong></span> <span class='ocrx_word' id='word_1_812' title='bbox 1469 5503 1536 5568; x_wconf 60' lang='lat' dir='ltr'><strong>et</strong></span> <span class='ocrx_word' id='word_1_813' title='bbox 1582 5517 1804 5587; x_wconf 85' lang='grc' dir='ltr'>τρισσὸν</span> <span class='ocrx_word' id='word_1_814' title='bbox 1844 5519 1954 5571; x_wconf 90' lang='grc' dir='ltr'><strong>τῶν</strong></span> 
     </span>
    </p>
   </div>
   <div class='ocr_carea' id='block_1_109' title="bbox 253 5599 1951 5678">
    <p class='ocr_par' dir='ltr' id='par_1_109' title="bbox 253 5599 1951 5678">
     <span class='ocr_line' id='line_1_109' title="bbox 253 5599 1951 5678; baseline 0.006 -26"><span class='ocrx_word' id='word_1_815' title='bbox 253 5601 268 5615; x_wconf 79' lang='grc'><strong><em>⁸</em></strong></span> <span class='ocrx_word' id='word_1_816' title='bbox 365 5599 719 5669; x_wconf 84' lang='grc' dir='ltr'>δηλωθεισῶν</span> <span class='ocrx_word' id='word_1_817' title='bbox 752 5601 1058 5674; x_wconf 89' lang='grc' dir='ltr'>δυνάμεων.</span> <span class='ocrx_word' id='word_1_818' title='bbox 1098 5604 1208 5658; x_wconf 61' lang='grc' dir='ltr'><strong>Καὶ⁹</strong></span> <span class='ocrx_word' id='word_1_819' title='bbox 1238 5607 1645 5678; x_wconf 80' lang='grc' dir='ltr'>προστιθέαμεν</span> <span class='ocrx_word' id='word_1_820' title='bbox 1689 5607 1758 5662; x_wconf 82' lang='grc' dir='ltr'>τά</span> <span class='ocrx_word' id='word_1_821' title='bbox 1789 5608 1951 5664; x_wconf 82' lang='grc' dir='ltr'>πέντε</span> 
     </span>
    </p>
   </div>
   <div class='ocr_carea' id='block_1_110' title="bbox 2059 5148 3650 5225">
    <p class='ocr_par' dir='ltr' id='par_1_110' title="bbox 2059 5148 3650 5225">
     <span class='ocr_line' id='line_1_110' title="bbox 2059 5148 3650 5225; baseline -0.006 -15"><span class='ocrx_word' id='word_1_822' title='bbox 2059 5171 2157 5210; x_wconf 82' lang='lat' dir='ltr'><strong>sex</strong></span> <span class='ocrx_word' id='word_1_823' title='bbox 2173 5155 2376 5221; x_wconf 90' lang='lat' dir='ltr'><strong>decies,</strong></span> <span class='ocrx_word' id='word_1_824' title='bbox 2407 5154 2720 5225; x_wconf 80' lang='lat' dir='ltr'><strong>sexaginta;</strong></span> <span class='ocrx_word' id='word_1_825' title='bbox 2743 5165 2798 5210; x_wconf 89' lang='lat' dir='ltr'><strong>et</strong></span> <span class='ocrx_word' id='word_1_826' title='bbox 2821 5163 2904 5208; x_wconf 83' lang='lat' dir='ltr'><strong>ter</strong></span> <span class='ocrx_word' id='word_1_827' title='bbox 2926 5153 3226 5222; x_wconf 78' lang='lat' dir='ltr'><strong>sexaginta,</strong></span> <span class='ocrx_word' id='word_1_828' title='bbox 3250 5148 3460 5204; x_wconf 85' lang='lat' dir='ltr'><strong>centies</strong></span> <span class='ocrx_word' id='word_1_829' title='bbox 3491 5157 3650 5203; x_wconf 88' lang='lat' dir='ltr'><strong>octo-</strong></span> 
     </span>
    </p>
   </div>
   <div class='ocr_carea' id='block_1_111' title="bbox 2059 5237 3648 5318">
    <p class='ocr_par' dir='ltr' id='par_1_111' title="bbox 2059 5237 3648 5318">
     <span class='ocr_line' id='line_1_111' title="bbox 2059 5237 3648 5318; baseline -0.006 -17"><span class='ocrx_word' id='word_1_830' title='bbox 2059 5247 2229 5318; x_wconf 84' lang='lat' dir='ltr'><strong>ginta.</strong></span> <span class='ocrx_word' id='word_1_831' title='bbox 2267 5247 2482 5314; x_wconf 82' lang='lat' dir='ltr'><strong>Quibus</strong></span> <span class='ocrx_word' id='word_1_832' title='bbox 2513 5246 2749 5317; x_wconf 88' lang='lat' dir='ltr'><strong>adjectis</strong></span> <span class='ocrx_word' id='word_1_833' title='bbox 2780 5245 2945 5300; x_wconf 91' lang='lat' dir='ltr'><strong>etiam</strong></span> <span class='ocrx_word' id='word_1_834' title='bbox 2980 5244 3245 5313; x_wconf 85' lang='lat' dir='ltr'><strong>quinque,</strong></span> <span class='ocrx_word' id='word_1_835' title='bbox 3281 5239 3445 5296; x_wconf 89' lang='lat' dir='ltr'><strong>simul</strong></span> <span class='ocrx_word' id='word_1_836' title='bbox 3479 5237 3648 5309; x_wconf 72' lang='lat' dir='ltr'><strong>perﬂ-</strong></span> 
     </span>
    </p>
   </div>
   <div class='ocr_carea' id='block_1_112' title="bbox 2065 5331 3646 5400">
    <p class='ocr_par' dir='ltr' id='par_1_112' title="bbox 2065 5331 3646 5400">
     <span class='ocr_line' id='line_1_112' title="bbox 2065 5331 3646 5400; baseline -0.005 -7"><span class='ocrx_word' id='word_1_837' title='bbox 2065 5338 2212 5393; x_wconf 89' lang='lat' dir='ltr'><strong>citur</strong></span> <span class='ocrx_word' id='word_1_838' title='bbox 2247 5352 2514 5394; x_wconf 88' lang='lat' dir='ltr'><strong>numerus</strong></span> <span class='ocrx_word' id='word_1_839' title='bbox 2569 5335 2803 5390; x_wconf 87' lang='lat' dir='ltr'><strong>millium</strong></span> <span class='ocrx_word' id='word_1_840' title='bbox 2858 5334 3300 5390; x_wconf 86' lang='lat' dir='ltr'><strong>interfectorum.</strong></span> <span class='ocrx_word' id='word_1_841' title='bbox 3337 5331 3472 5386; x_wconf 83' lang='lat' dir='ltr'><strong>Nam</strong></span> <span class='ocrx_word' id='word_1_842' title='bbox 3505 5346 3646 5400; x_wconf 85' lang='lat' dir='ltr'><strong>quo-</strong></span> 
     </span>
    </p>
   </div>
   <div class='ocr_carea' id='block_1_113' title="bbox 2065 5424 3650 5498">
    <p class='ocr_par' dir='ltr' id='par_1_113' title="bbox 2065 5424 3650 5498">
     <span class='ocr_line' id='line_1_113' title="bbox 2065 5424 3650 5498; baseline -0.003 -17"><span class='ocrx_word' id='word_1_843' title='bbox 2065 5428 2212 5482; x_wconf 89' lang='lat' dir='ltr'><strong>niam</strong></span> <span class='ocrx_word' id='word_1_844' title='bbox 2239 5444 2305 5483; x_wconf 77' lang='lat' dir='ltr'><strong>ex</strong></span> <span class='ocrx_word' id='word_1_845' title='bbox 2334 5428 2486 5498; x_wconf 91' lang='lat' dir='ltr'><strong>prius</strong></span> <span class='ocrx_word' id='word_1_846' title='bbox 2511 5426 2675 5482; x_wconf 90' lang='lat' dir='ltr'><strong>dictis</strong></span> <span class='ocrx_word' id='word_1_847' title='bbox 2713 5425 2892 5480; x_wconf 88' lang='lat' dir='ltr'><strong>tribus</strong></span> <span class='ocrx_word' id='word_1_848' title='bbox 2937 5424 3292 5480; x_wconf 85' lang='lat' dir='ltr'><strong>facultatibus</strong></span> <span class='ocrx_word' id='word_1_849' title='bbox 3321 5438 3385 5478; x_wconf 89' lang='lat' dir='ltr'><strong>ea</strong></span> <span class='ocrx_word' id='word_1_850' title='bbox 3415 5437 3537 5492; x_wconf 68' lang='lat' dir='ltr'><strong>quae</strong></span> <span class='ocrx_word' id='word_1_851' title='bbox 3565 5429 3650 5476; x_wconf 86' lang='lat' dir='ltr'><strong>est</strong></span> 
     </span>
    </p>
   </div>
   <div class='ocr_carea' id='block_1_114' title="bbox 2061 5514 3646 5588">
    <p class='ocr_par' dir='ltr' id='par_1_114' title="bbox 2061 5514 3646 5588">
     <span class='ocr_line' id='line_1_114' title="bbox 2061 5514 3646 5588; baseline -0.005 -14"><span class='ocrx_word' id='word_1_852' title='bbox 2061 5527 2262 5588; x_wconf 65' lang='lat' dir='ltr'><strong>praeter</strong></span> <span class='ocrx_word' id='word_1_853' title='bbox 2286 5529 2560 5582; x_wconf 88' lang='lat' dir='ltr'><strong>naturam,</strong></span> <span class='ocrx_word' id='word_1_854' title='bbox 2583 5519 2748 5574; x_wconf 86' lang='lat' dir='ltr'><strong>ellicit</strong></span> <span class='ocrx_word' id='word_1_855' title='bbox 2769 5533 2932 5573; x_wconf 92' lang='lat' dir='ltr'><strong>omne</strong></span> <span class='ocrx_word' id='word_1_856' title='bbox 2958 5517 3178 5583; x_wconf 87' lang='lat' dir='ltr'><strong>vitium,</strong></span> <span class='ocrx_word' id='word_1_857' title='bbox 3207 5516 3484 5573; x_wconf 89' lang='lat' dir='ltr'><strong>senarium</strong></span> <span class='ocrx_word' id='word_1_858' title='bbox 3518 5514 3646 5582; x_wconf 82' lang='lat' dir='ltr'><strong>qui-</strong></span> 
     </span>
    </p>
   </div>
   <div class='ocr_carea' id='block_1_115' title="bbox 2061 5605 3641 5682">
    <p class='ocr_par' dir='ltr' id='par_1_115' title="bbox 2061 5605 3641 5682">
     <span class='ocr_line' id='line_1_115' title="bbox 2061 5605 3641 5682; baseline 0.001 -17"><span class='ocrx_word' id='word_1_859' title='bbox 2061 5610 2186 5666; x_wconf 91' lang='lat' dir='ltr'><strong>dem</strong></span> <span class='ocrx_word' id='word_1_860' title='bbox 2206 5625 2502 5667; x_wconf 88' lang='lat' dir='ltr'><strong>numerum</strong></span> <span class='ocrx_word' id='word_1_861' title='bbox 2531 5610 2854 5682; x_wconf 88' lang='lat' dir='ltr'><strong>accipimus,</strong></span> <span class='ocrx_word' id='word_1_862' title='bbox 2877 5619 3105 5681; x_wconf 89' lang='lat' dir='ltr'><strong>propter</strong></span> <span class='ocrx_word' id='word_1_863' title='bbox 3124 5609 3245 5666; x_wconf 86' lang='lat' dir='ltr'><strong>vitii</strong></span> <span class='ocrx_word' id='word_1_864' title='bbox 3263 5605 3641 5666; x_wconf 78' lang='lat' dir='ltr'><strong>efﬁcientiam.</strong></span> 
     </span>
    </p>
   </div>
   <div class='ocr_carea' id='block_1_116' title="bbox 1768 5743 2306 5821">
    <p class='ocr_par' dir='ltr' id='par_1_116' title="bbox 1768 5743 2306 5821">
     <span class='ocr_line' id='line_1_116' title="bbox 1768 5743 2306 5821; baseline 0.002 -1"><span class='ocrx_word' id='word_1_865' title='bbox 1768 5763 1940 5820; x_wconf 76' lang='lat' dir='ltr'><strong>Varia:</strong></span> <span class='ocrx_word' id='word_1_866' title='bbox 1975 5763 2259 5821; x_wconf 82' lang='lat' dir='ltr'><strong>lectiones.</strong></span> <span class='ocrx_word' id='word_1_867' title='bbox 2300 5743 2306 5758; x_wconf 72' lang='grc'><em>’</em></span> 
     </span>
    </p>
   </div>
   <div class='ocr_carea' id='block_1_117' title="bbox 454 5864 1337 5942">
    <p class='ocr_par' dir='ltr' id='par_1_117' title="bbox 454 5864 1337 5942">
     <span class='ocr_line' id='line_1_117' title="bbox 454 5864 1337 5942; baseline 0.01 -25"><span class='ocrx_word' id='word_1_868' title='bbox 454 5865 480 5910; x_wconf 72' lang='lat' dir='ltr'><strong>h</strong></span> <span class='ocrx_word' id='word_1_869' title='bbox 512 5864 592 5922; x_wconf 86' lang='grc' dir='ltr'><strong>ῖσ.</strong></span> <span class='ocrx_word' id='word_1_870' title='bbox 637 5867 922 5940; x_wconf 82' lang='grc' dir='ltr'>περιϐολή.</span> <span class='ocrx_word' id='word_1_871' title='bbox 1007 5868 1024 5910; x_wconf 77' lang='grc' dir='ltr'>ι</span> <span class='ocrx_word' id='word_1_872' title='bbox 1060 5873 1141 5928; x_wconf 82' lang='grc' dir='ltr'><strong>ῖσ.</strong></span> <span class='ocrx_word' id='word_1_873' title='bbox 1169 5871 1337 5942; x_wconf 82' lang='grc' dir='ltr'>παρά.</span> 
     </span>
    </p>
   </div>
  </div>
