  <div class='ocr_page' id='page_1' title='image "/cluster/home/n/w/nwhite01/storage/ocr_20150623/77:no.10/coo.31924054869783/641.png"; bbox 0 0 4076 6444; ppageno 0'>
   <div class='ocr_carea' id='block_1_1' title="bbox 465 420 601 475">
    <p class='ocr_par' dir='ltr' id='par_1_1' title="bbox 465 420 601 475">
     <span class='ocr_line' id='line_1_1' title="bbox 465 420 601 475; baseline 0.007 -1"><span class='ocrx_word' id='word_1_1' title='bbox 465 420 601 475; x_wconf 66' lang='grc' dir='ltr'>ηδτ</span> 
     </span>
    </p>
   </div>
   <div class='ocr_carea' id='block_1_2' title="bbox 1679 415 2530 478">
    <p class='ocr_par' dir='ltr' id='par_1_2' title="bbox 1679 415 2530 478">
     <span class='ocr_line' id='line_1_2' title="bbox 1679 415 2530 478; baseline 0.005 -6"><span class='ocrx_word' id='word_1_2' title='bbox 1679 419 1736 472; x_wconf 86' lang='lat' dir='ltr'><strong>S.</strong></span> <span class='ocrx_word' id='word_1_3' title='bbox 1777 415 2054 474; x_wconf 76' lang='lat' dir='ltr'><strong>CYRILLI</strong></span> <span class='ocrx_word' id='word_1_4' title='bbox 2090 417 2182 473; x_wconf 86' lang='lat' dir='ltr'><strong>ET</strong></span> <span class='ocrx_word' id='word_1_5' title='bbox 2217 417 2530 478; x_wconf 77' lang='lat' dir='ltr'><strong>ALIORUM</strong></span> 
     </span>
    </p>
   </div>
   <div class='ocr_carea' id='block_1_3' title="bbox 3583 421 3748 481">
    <p class='ocr_par' dir='ltr' id='par_1_3' title="bbox 3583 421 3748 481">
     <span class='ocr_line' id='line_1_3' title="bbox 3583 421 3748 481; baseline 0.012 -2"><span class='ocrx_word' id='word_1_6' title='bbox 3583 421 3748 481; x_wconf 56' lang='lat'><strong>1263</strong></span> 
     </span>
    </p>
   </div>
   <div class='ocr_carea' id='block_1_4' title="bbox 460 526 2053 608">
    <p class='ocr_par' dir='ltr' id='par_1_4' title="bbox 460 526 2050 597">
     <span class='ocr_line' id='line_1_4' title="bbox 460 526 2050 597; baseline -0.001 -10"><span class='ocrx_word' id='word_1_7' title='bbox 460 531 597 587; x_wconf 82' lang='lat' dir='ltr'><strong>Nam</strong></span> <span class='ocrx_word' id='word_1_8' title='bbox 621 544 716 584; x_wconf 79' lang='lat' dir='ltr'><strong>sex</strong></span> <span class='ocrx_word' id='word_1_9' title='bbox 739 527 937 584; x_wconf 82' lang='lat' dir='ltr'><strong>diebus</strong></span> <span class='ocrx_word' id='word_1_10' title='bbox 965 527 1114 584; x_wconf 89' lang='lat' dir='ltr'><strong>Deus</strong></span> <span class='ocrx_word' id='word_1_11' title='bbox 1145 526 1278 584; x_wconf 80' lang='lat' dir='ltr'><strong>fecit</strong></span> <span class='ocrx_word' id='word_1_12' title='bbox 1307 527 1600 583; x_wconf 88' lang='lat' dir='ltr'><strong>mundum.</strong></span> <span class='ocrx_word' id='word_1_13' title='bbox 1630 527 1824 585; x_wconf 84' lang='lat' dir='ltr'><strong>Decies</strong></span> <span class='ocrx_word' id='word_1_14' title='bbox 1844 539 2050 597; x_wconf 85' lang='lat' dir='ltr'><strong>autem,</strong></span> 
     </span>
    </p>
   </div>
   <div class='ocr_carea' id='block_1_5' title="bbox 2156 526 3749 608">
    <p class='ocr_par' dir='ltr' id='par_1_5' title="bbox 2156 532 3749 608">
     <span class='ocr_line' id='line_1_5' title="bbox 2156 532 3749 608; baseline 0.003 -20"><span class='ocrx_word' id='word_1_15' title='bbox 2156 532 2244 588; x_wconf 73' lang='grc' dir='ltr'>διὰ</span> <span class='ocrx_word' id='word_1_16' title='bbox 2269 533 2370 608; x_wconf 78' lang='grc' dir='ltr'>τὴν</span> <span class='ocrx_word' id='word_1_17' title='bbox 2397 533 2675 604; x_wconf 73' lang='grc' dir='ltr'>αἴσθησιν,</span> <span class='ocrx_word' id='word_1_18' title='bbox 2701 533 2831 607; x_wconf 76' lang='grc' dir='ltr'>περὶ</span> <span class='ocrx_word' id='word_1_19' title='bbox 2864 534 2932 607; x_wconf 76' lang='grc' dir='ltr'>ἢν</span> <span class='ocrx_word' id='word_1_20' title='bbox 2957 535 2991 606; x_wconf 84' lang='grc' dir='ltr'><strong>ή</strong></span> <span class='ocrx_word' id='word_1_21' title='bbox 3037 535 3204 589; x_wconf 81' lang='grc' dir='ltr'>κακία</span> <span class='ocrx_word' id='word_1_22' title='bbox 3232 536 3541 607; x_wconf 73' lang='grc' dir='ltr'><strong>ἐνεργεῖται</strong></span> <span class='ocrx_word' id='word_1_23' title='bbox 3566 552 3582 568; x_wconf 87' lang='grc'><strong>·</strong></span> <span class='ocrx_word' id='word_1_24' title='bbox 3614 554 3749 592; x_wconf 83' lang='grc' dir='ltr'>πεν-</span> 
     </span>
    </p>
   </div>
   <div class='ocr_carea' id='block_1_6' title="bbox 458 619 2053 693">
    <p class='ocr_par' dir='ltr' id='par_1_6' title="bbox 458 619 2053 693">
     <span class='ocr_line' id='line_1_6' title="bbox 458 619 2053 693; baseline -0.001 -15"><span class='ocrx_word' id='word_1_25' title='bbox 458 631 690 693; x_wconf 87' lang='lat' dir='ltr'><strong>propter</strong></span> <span class='ocrx_word' id='word_1_26' title='bbox 719 620 1027 693; x_wconf 83' lang='lat' dir='ltr'><strong>perfectum</strong></span> <span class='ocrx_word' id='word_1_27' title='bbox 1054 619 1494 693; x_wconf 82' lang='lat' dir='ltr'><strong>uniuscujusque</strong></span> <span class='ocrx_word' id='word_1_28' title='bbox 1539 620 1800 691; x_wconf 65' lang='lat' dir='ltr'><strong>potentiae</strong></span> <span class='ocrx_word' id='word_1_29' title='bbox 1841 631 2053 678; x_wconf 89' lang='lat' dir='ltr'><strong>motum</strong></span> 
     </span>
    </p>
   </div>
   <div class='ocr_carea' id='block_1_7' title="bbox 460 713 2052 786">
    <p class='ocr_par' dir='ltr' id='par_1_7' title="bbox 460 713 2052 786">
     <span class='ocr_line' id='line_1_7' title="bbox 460 713 2052 786; baseline 0.001 -16"><span class='ocrx_word' id='word_1_30' title='bbox 460 731 518 771; x_wconf 84' lang='grc' dir='ltr'><strong>ιιι</strong></span> <span class='ocrx_word' id='word_1_31' title='bbox 544 714 679 770; x_wconf 89' lang='lat' dir='ltr'><strong>vitio</strong></span> <span class='ocrx_word' id='word_1_32' title='bbox 721 731 735 768; x_wconf 89' lang='lat'><strong>:</strong></span> <span class='ocrx_word' id='word_1_33' title='bbox 775 713 1057 785; x_wconf 80' lang='lat' dir='ltr'><strong>perfectus</strong></span> <span class='ocrx_word' id='word_1_34' title='bbox 1098 713 1248 770; x_wconf 88' lang='lat' dir='ltr'><strong>enim</strong></span> <span class='ocrx_word' id='word_1_35' title='bbox 1289 722 1376 771; x_wconf 88' lang='lat' dir='ltr'><strong>est</strong></span> <span class='ocrx_word' id='word_1_36' title='bbox 1404 713 1690 779; x_wconf 86' lang='lat' dir='ltr'><strong>denarius,</strong></span> <span class='ocrx_word' id='word_1_37' title='bbox 1725 729 1917 771; x_wconf 90' lang='lat' dir='ltr'><strong>omnes</strong></span> <span class='ocrx_word' id='word_1_38' title='bbox 1956 715 2052 786; x_wconf 87' lang='lat' dir='ltr'><strong>qui</strong></span> 
     </span>
    </p>
   </div>
   <div class='ocr_carea' id='block_1_8' title="bbox 460 803 2049 876">
    <p class='ocr_par' dir='ltr' id='par_1_8' title="bbox 460 803 2049 876">
     <span class='ocr_line' id='line_1_8' title="bbox 460 803 2049 876; baseline 0.002 -15"><span class='ocrx_word' id='word_1_39' title='bbox 460 815 590 861; x_wconf 91' lang='lat' dir='ltr'><strong>sunt</strong></span> <span class='ocrx_word' id='word_1_40' title='bbox 613 805 838 876; x_wconf 83' lang='lat' dir='ltr'><strong>proprie</strong></span> <span class='ocrx_word' id='word_1_41' title='bbox 877 805 1095 860; x_wconf 86' lang='lat' dir='ltr'><strong>numeri</strong></span> <span class='ocrx_word' id='word_1_42' title='bbox 1131 803 1426 876; x_wconf 89' lang='lat' dir='ltr'><strong>perﬁciens</strong></span> <span class='ocrx_word' id='word_1_43' title='bbox 1451 813 1509 860; x_wconf 90' lang='lat' dir='ltr'><strong>et</strong></span> <span class='ocrx_word' id='word_1_44' title='bbox 1540 805 2002 864; x_wconf 88' lang='lat' dir='ltr'><strong>circumscribens</strong></span> <span class='ocrx_word' id='word_1_45' title='bbox 2035 825 2049 864; x_wconf 92' lang='lat'>:</span> 
     </span>
    </p>
   </div>
   <div class='ocr_carea' id='block_1_9' title="bbox 461 897 2052 972">
    <p class='ocr_par' dir='ltr' id='par_1_9' title="bbox 461 897 2052 972">
     <span class='ocr_line' id='line_1_9' title="bbox 461 897 2052 972; baseline 0.003 -18"><span class='ocrx_word' id='word_1_46' title='bbox 461 898 802 968; x_wconf 91' lang='lat' dir='ltr'><strong>triplicamus</strong></span> <span class='ocrx_word' id='word_1_47' title='bbox 829 913 897 954; x_wconf 90' lang='lat' dir='ltr'><strong>ea</strong></span> <span class='ocrx_word' id='word_1_48' title='bbox 935 914 1058 969; x_wconf 69' lang='lat' dir='ltr'><strong>quae</strong></span> <span class='ocrx_word' id='word_1_49' title='bbox 1085 907 1215 954; x_wconf 90' lang='lat' dir='ltr'><strong>sunt</strong></span> <span class='ocrx_word' id='word_1_50' title='bbox 1251 897 1472 966; x_wconf 77' lang='lat' dir='ltr'><strong>effecta,</strong></span> <span class='ocrx_word' id='word_1_51' title='bbox 1503 909 1729 971; x_wconf 80' lang='lat' dir='ltr'><strong>propter</strong></span> <span class='ocrx_word' id='word_1_52' title='bbox 1762 901 2052 972; x_wconf 90' lang='lat' dir='ltr'><strong>triplicita-</strong></span> 
     </span>
    </p>
   </div>
   <div class='ocr_carea' id='block_1_10' title="bbox 459 990 2053 1065">
    <p class='ocr_par' dir='ltr' id='par_1_10' title="bbox 459 990 2053 1065">
     <span class='ocr_line' id='line_1_10' title="bbox 459 990 2053 1065; baseline 0.001 -17"><span class='ocrx_word' id='word_1_53' title='bbox 459 1000 570 1048; x_wconf 88' lang='lat' dir='ltr'><strong>tem</strong></span> <span class='ocrx_word' id='word_1_54' title='bbox 623 991 896 1048; x_wconf 90' lang='lat' dir='ltr'><strong>dictarum</strong></span> <span class='ocrx_word' id='word_1_55' title='bbox 948 990 1340 1062; x_wconf 88' lang='lat' dir='ltr'><strong>potentiarum.</strong></span> <span class='ocrx_word' id='word_1_56' title='bbox 1391 993 1458 1048; x_wconf 86' lang='lat' dir='ltr'><strong>Et</strong></span> <span class='ocrx_word' id='word_1_57' title='bbox 1507 993 1763 1050; x_wconf 87' lang='lat' dir='ltr'><strong>addimus</strong></span> <span class='ocrx_word' id='word_1_58' title='bbox 1807 994 2053 1065; x_wconf 89' lang='lat' dir='ltr'><strong>quinque</strong></span> 
     </span>
    </p>
   </div>
   <div class='ocr_carea' id='block_1_11' title="bbox 460 1084 2050 1156">
    <p class='ocr_par' dir='ltr' id='par_1_11' title="bbox 460 1084 2050 1156">
     <span class='ocr_line' id='line_1_11' title="bbox 460 1084 2050 1156; baseline 0.003 -18"><span class='ocrx_word' id='word_1_59' title='bbox 460 1093 689 1156; x_wconf 90' lang='lat' dir='ltr'><strong>propter</strong></span> <span class='ocrx_word' id='word_1_60' title='bbox 725 1098 952 1140; x_wconf 83' lang='lat' dir='ltr'><strong>sensum</strong></span> <span class='ocrx_word' id='word_1_61' title='bbox 986 1084 1042 1139; x_wconf 90' lang='lat' dir='ltr'><strong>in</strong></span> <span class='ocrx_word' id='word_1_62' title='bbox 1090 1100 1203 1155; x_wconf 90' lang='lat' dir='ltr'><strong>quo</strong></span> <span class='ocrx_word' id='word_1_63' title='bbox 1241 1094 1494 1140; x_wconf 78' lang='lat' dir='ltr'><strong>versatur</strong></span> <span class='ocrx_word' id='word_1_64' title='bbox 1521 1085 1753 1141; x_wconf 86' lang='lat' dir='ltr'><strong>vitium:</strong></span> <span class='ocrx_word' id='word_1_65' title='bbox 1785 1095 1872 1142; x_wconf 91' lang='lat' dir='ltr'><strong>est</strong></span> <span class='ocrx_word' id='word_1_66' title='bbox 1902 1087 2050 1142; x_wconf 88' lang='lat' dir='ltr'><strong>enim</strong></span> 
     </span>
    </p>
   </div>
   <div class='ocr_carea' id='block_1_12' title="bbox 461 1175 2048 1246">
    <p class='ocr_par' dir='ltr' id='par_1_12' title="bbox 461 1175 2048 1246">
     <span class='ocr_line' id='line_1_12' title="bbox 461 1175 2048 1246; baseline 0.002 -16"><span class='ocrx_word' id='word_1_67' title='bbox 461 1190 658 1231; x_wconf 85' lang='lat' dir='ltr'><strong>sensus</strong></span> <span class='ocrx_word' id='word_1_68' title='bbox 702 1175 1011 1246; x_wconf 91' lang='lat' dir='ltr'><strong>quinarius.</strong></span> <span class='ocrx_word' id='word_1_69' title='bbox 1063 1175 1234 1231; x_wconf 85' lang='lat' dir='ltr'><strong>Millia</strong></span> <span class='ocrx_word' id='word_1_70' title='bbox 1285 1185 1468 1232; x_wconf 90' lang='lat' dir='ltr'><strong>autem</strong></span> <span class='ocrx_word' id='word_1_71' title='bbox 1503 1187 1633 1233; x_wconf 90' lang='lat' dir='ltr'><strong>sunt</strong></span> <span class='ocrx_word' id='word_1_72' title='bbox 1664 1177 1862 1234; x_wconf 72' lang='lat' dir='ltr'><strong>effecta</strong></span> <span class='ocrx_word' id='word_1_73' title='bbox 1903 1179 2048 1244; x_wconf 85' lang='lat' dir='ltr'><strong>vitii,</strong></span> 
     </span>
    </p>
   </div>
   <div class='ocr_carea' id='block_1_13' title="bbox 463 1266 2050 1338">
    <p class='ocr_par' dir='ltr' id='par_1_13' title="bbox 463 1266 2050 1338">
     <span class='ocr_line' id='line_1_13' title="bbox 463 1266 2050 1338; baseline 0.004 -18"><span class='ocrx_word' id='word_1_74' title='bbox 463 1275 755 1336; x_wconf 85' lang='lat' dir='ltr'><strong>propterea</strong></span> <span class='ocrx_word' id='word_1_75' title='bbox 783 1267 933 1337; x_wconf 91' lang='lat' dir='ltr'><strong>quod</strong></span> <span class='ocrx_word' id='word_1_76' title='bbox 962 1266 1122 1322; x_wconf 85' lang='lat' dir='ltr'><strong>valde</strong></span> <span class='ocrx_word' id='word_1_77' title='bbox 1158 1267 1407 1323; x_wconf 79' lang='lat' dir='ltr'><strong>funditur</strong></span> <span class='ocrx_word' id='word_1_78' title='bbox 1449 1268 1716 1324; x_wconf 88' lang='lat' dir='ltr'><strong>adversus</strong></span> <span class='ocrx_word' id='word_1_79' title='bbox 1741 1284 1862 1325; x_wconf 85' lang='lat' dir='ltr'><strong>nos.</strong></span> <span class='ocrx_word' id='word_1_80' title='bbox 1892 1269 2050 1338; x_wconf 86' lang='lat' dir='ltr'><strong>Quod</strong></span> 
     </span>
    </p>
   </div>
   <div class='ocr_carea' id='block_1_14' title="bbox 461 1358 2053 1430">
    <p class='ocr_par' dir='ltr' id='par_1_14' title="bbox 461 1358 2053 1430">
     <span class='ocr_line' id='line_1_14' title="bbox 461 1358 2053 1430; baseline 0.004 -18"><span class='ocrx_word' id='word_1_81' title='bbox 461 1366 648 1413; x_wconf 88' lang='lat' dir='ltr'><strong>autem</strong></span> <span class='ocrx_word' id='word_1_82' title='bbox 668 1358 973 1430; x_wconf 85' lang='lat' dir='ltr'><strong>phantasiis</strong></span> <span class='ocrx_word' id='word_1_83' title='bbox 994 1375 1058 1415; x_wconf 91' lang='lat' dir='ltr'><strong>ac</strong></span> <span class='ocrx_word' id='word_1_84' title='bbox 1098 1359 1408 1416; x_wconf 85' lang='lat' dir='ltr'><strong>visionibus</strong></span> <span class='ocrx_word' id='word_1_85' title='bbox 1423 1361 1710 1416; x_wconf 89' lang='lat' dir='ltr'><strong>sensilium</strong></span> <span class='ocrx_word' id='word_1_86' title='bbox 1733 1370 1926 1417; x_wconf 92' lang='lat' dir='ltr'><strong>contra</strong></span> <span class='ocrx_word' id='word_1_87' title='bbox 1948 1378 2053 1418; x_wconf 89' lang='lat' dir='ltr'><strong>nos</strong></span> 
     </span>
    </p>
   </div>
   <div class='ocr_carea' id='block_1_15' title="bbox 461 1452 2049 1525">
    <p class='ocr_par' dir='ltr' id='par_1_15' title="bbox 461 1452 2049 1525">
     <span class='ocr_line' id='line_1_15' title="bbox 461 1452 2049 1525; baseline 0 -17"><span class='ocrx_word' id='word_1_88' title='bbox 461 1452 535 1508; x_wconf 88' lang='lat' dir='ltr'><strong>sit</strong></span> <span class='ocrx_word' id='word_1_89' title='bbox 562 1453 771 1509; x_wconf 85' lang='lat' dir='ltr'><strong>abusus</strong></span> <span class='ocrx_word' id='word_1_90' title='bbox 796 1452 892 1524; x_wconf 86' lang='lat' dir='ltr'><strong>qui</strong></span> <span class='ocrx_word' id='word_1_91' title='bbox 924 1452 982 1509; x_wconf 89' lang='lat' dir='ltr'><strong>in</strong></span> <span class='ocrx_word' id='word_1_92' title='bbox 1012 1452 1381 1525; x_wconf 82' lang='lat' dir='ltr'><strong>intelligentia</strong></span> <span class='ocrx_word' id='word_1_93' title='bbox 1400 1462 1654 1508; x_wconf 85' lang='lat' dir='ltr'><strong>versatur</strong></span> <span class='ocrx_word' id='word_1_94' title='bbox 1689 1453 2049 1521; x_wconf 87' lang='lat' dir='ltr'><strong>Senacherib,</strong></span> 
     </span>
    </p>
   </div>
   <div class='ocr_carea' id='block_1_16' title="bbox 459 1546 2049 1618">
    <p class='ocr_par' dir='ltr' id='par_1_16' title="bbox 459 1546 2049 1618">
     <span class='ocr_line' id='line_1_16' title="bbox 459 1546 2049 1618; baseline 0.001 -16"><span class='ocrx_word' id='word_1_95' title='bbox 459 1546 733 1603; x_wconf 87' lang='lat' dir='ltr'><strong>insultans</strong></span> <span class='ocrx_word' id='word_1_96' title='bbox 758 1555 817 1603; x_wconf 91' lang='lat' dir='ltr'><strong>et</strong></span> <span class='ocrx_word' id='word_1_97' title='bbox 849 1546 1132 1603; x_wconf 84' lang='lat' dir='ltr'><strong>exsiccans</strong></span> <span class='ocrx_word' id='word_1_98' title='bbox 1151 1546 1363 1602; x_wconf 89' lang='lat' dir='ltr'><strong>animas</strong></span> <span class='ocrx_word' id='word_1_99' title='bbox 1397 1561 1592 1602; x_wconf 90' lang='lat' dir='ltr'><strong>eorum</strong></span> <span class='ocrx_word' id='word_1_100' title='bbox 1615 1547 1710 1618; x_wconf 90' lang='lat' dir='ltr'><strong>qui</strong></span> <span class='ocrx_word' id='word_1_101' title='bbox 1734 1547 2049 1618; x_wconf 88' lang='lat' dir='ltr'><strong>capiuntur,</strong></span> 
     </span>
    </p>
   </div>
   <div class='ocr_carea' id='block_1_17' title="bbox 458 1639 2052 1712">
    <p class='ocr_par' dir='ltr' id='par_1_17' title="bbox 458 1639 2052 1712">
     <span class='ocr_line' id='line_1_17' title="bbox 458 1639 2052 1712; baseline 0 -16"><span class='ocrx_word' id='word_1_102' title='bbox 458 1654 527 1696; x_wconf 86' lang='lat' dir='ltr'><strong>eo</strong></span> <span class='ocrx_word' id='word_1_103' title='bbox 551 1639 699 1711; x_wconf 91' lang='lat' dir='ltr'><strong>quod</strong></span> <span class='ocrx_word' id='word_1_104' title='bbox 728 1639 872 1712; x_wconf 87' lang='lat' dir='ltr'><strong>ipsas</strong></span> <span class='ocrx_word' id='word_1_105' title='bbox 915 1649 1133 1712; x_wconf 85' lang='lat' dir='ltr'><strong>separet</strong></span> <span class='ocrx_word' id='word_1_106' title='bbox 1157 1656 1190 1696; x_wconf 86' lang='lat' dir='ltr'><strong>a</strong></span> <span class='ocrx_word' id='word_1_107' title='bbox 1223 1639 1377 1696; x_wconf 84' lang='lat' dir='ltr'><strong>fonte</strong></span> <span class='ocrx_word' id='word_1_108' title='bbox 1420 1639 1719 1706; x_wconf 85' lang='lat' dir='ltr'><strong>bonorum,</strong></span> <span class='ocrx_word' id='word_1_109' title='bbox 1749 1650 1838 1696; x_wconf 89' lang='lat' dir='ltr'><strong>est</strong></span> <span class='ocrx_word' id='word_1_110' title='bbox 1872 1641 2052 1697; x_wconf 87' lang='lat' dir='ltr'><strong>cuivis</strong></span> 
     </span>
    </p>
   </div>
   <div class='ocr_carea' id='block_1_18' title="bbox 460 1731 2052 1804">
    <p class='ocr_par' dir='ltr' id='par_1_18' title="bbox 460 1731 2052 1804">
     <span class='ocr_line' id='line_1_18' title="bbox 460 1731 2052 1804; baseline 0.001 -17"><span class='ocrx_word' id='word_1_111' title='bbox 460 1734 832 1803; x_wconf 90' lang='lat' dir='ltr'><strong>perspicuum.</strong></span> <span class='ocrx_word' id='word_1_112' title='bbox 872 1732 1008 1790; x_wconf 89' lang='lat' dir='ltr'><strong>Nam</strong></span> <span class='ocrx_word' id='word_1_113' title='bbox 1035 1747 1135 1804; x_wconf 89' lang='lat' dir='ltr'><strong>per</strong></span> <span class='ocrx_word' id='word_1_114' title='bbox 1158 1731 1476 1804; x_wconf 89' lang='lat' dir='ltr'><strong>pbantasias</strong></span> <span class='ocrx_word' id='word_1_115' title='bbox 1491 1747 1764 1803; x_wconf 63' lang='lat' dir='ltr'><strong>expressa:</strong></span> <span class='ocrx_word' id='word_1_116' title='bbox 1783 1731 1970 1804; x_wconf 66' lang='lat' dir='ltr'><strong>ﬁgurae</strong></span> <span class='ocrx_word' id='word_1_117' title='bbox 1995 1742 2052 1789; x_wconf 92' lang='lat' dir='ltr'><strong>et</strong></span> 
     </span>
    </p>
   </div>
   <div class='ocr_carea' id='block_1_19' title="bbox 458 1822 2050 1897">
    <p class='ocr_par' dir='ltr' id='par_1_19' title="bbox 458 1822 2050 1897">
     <span class='ocr_line' id='line_1_19' title="bbox 458 1822 2050 1897; baseline 0.001 -19"><span class='ocrx_word' id='word_1_118' title='bbox 458 1822 652 1880; x_wconf 72' lang='lat' dir='ltr'><strong>forma:</strong></span> <span class='ocrx_word' id='word_1_119' title='bbox 673 1823 960 1880; x_wconf 85' lang='lat' dir='ltr'><strong>sensilium</strong></span> <span class='ocrx_word' id='word_1_120' title='bbox 983 1839 1127 1895; x_wconf 60' lang='lat' dir='ltr'><strong>sape</strong></span> <span class='ocrx_word' id='word_1_121' title='bbox 1153 1833 1440 1880; x_wconf 86' lang='lat' dir='ltr'><strong>remanent</strong></span> <span class='ocrx_word' id='word_1_122' title='bbox 1465 1822 1522 1878; x_wconf 91' lang='lat' dir='ltr'><strong>in</strong></span> <span class='ocrx_word' id='word_1_123' title='bbox 1547 1823 1755 1891; x_wconf 90' lang='lat' dir='ltr'><strong>anima,</strong></span> <span class='ocrx_word' id='word_1_124' title='bbox 1786 1825 2050 1897; x_wconf 84' lang='lat' dir='ltr'><strong>alligant-</strong></span> 
     </span>
    </p>
   </div>
   <div class='ocr_carea' id='block_1_20' title="bbox 2158 622 3746 698">
    <p class='ocr_par' dir='ltr' id='par_1_20' title="bbox 2158 622 3746 698">
     <span class='ocr_line' id='line_1_20' title="bbox 2158 622 3746 698; baseline 0.004 -22"><span class='ocrx_word' id='word_1_125' title='bbox 2158 623 2352 693; x_wconf 84' lang='grc' dir='ltr'>ταδικὴ</span> <span class='ocrx_word' id='word_1_126' title='bbox 2396 622 2509 695; x_wconf 89' lang='grc' dir='ltr'><strong>γάρ</strong></span> <span class='ocrx_word' id='word_1_127' title='bbox 2556 625 2590 694; x_wconf 84' lang='grc' dir='ltr'>ἠ</span> <span class='ocrx_word' id='word_1_128' title='bbox 2622 623 2896 696; x_wconf 74' lang='grc' dir='ltr'>αἴσθησις.</span> <span class='ocrx_word' id='word_1_129' title='bbox 2941 624 3198 690; x_wconf 82' lang='grc' dir='ltr'>Χιλιάδες</span> <span class='ocrx_word' id='word_1_130' title='bbox 3228 625 3285 679; x_wconf 76' lang='grc' dir='ltr'>δὲ</span> <span class='ocrx_word' id='word_1_131' title='bbox 3313 627 3384 680; x_wconf 79' lang='grc' dir='ltr'>τὰ</span> <span class='ocrx_word' id='word_1_132' title='bbox 3409 629 3509 698; x_wconf 86' lang='grc' dir='ltr'>τῆς</span> <span class='ocrx_word' id='word_1_133' title='bbox 3540 629 3746 693; x_wconf 78' lang='grc' dir='ltr'>κακίας</span> 
     </span>
    </p>
   </div>
   <div class='ocr_carea' id='block_1_21' title="bbox 2155 713 3744 790">
    <p class='ocr_par' dir='ltr' id='par_1_21' title="bbox 2155 713 3744 790">
     <span class='ocr_line' id='line_1_21' title="bbox 2155 713 3744 790; baseline 0.004 -23"><span class='ocrx_word' id='word_1_134' title='bbox 2155 713 2595 784; x_wconf 81' lang='grc' dir='ltr'><strong>ἀποτελέσματα,</strong></span> <span class='ocrx_word' id='word_1_135' title='bbox 2623 713 2712 768; x_wconf 86' lang='grc' dir='ltr'><strong>διὰ</strong></span> <span class='ocrx_word' id='word_1_136' title='bbox 2739 714 2802 768; x_wconf 78' lang='grc' dir='ltr'>τὸ</span> <span class='ocrx_word' id='word_1_137' title='bbox 2855 715 3070 786; x_wconf 86' lang='grc' dir='ltr'>χεῖσθαι</span> <span class='ocrx_word' id='word_1_138' title='bbox 3098 715 3220 771; x_wconf 81' lang='grc' dir='ltr'>λίαν</span> <span class='ocrx_word' id='word_1_139' title='bbox 3251 716 3374 771; x_wconf 85' lang='grc' dir='ltr'>καθ’</span> <span class='ocrx_word' id='word_1_140' title='bbox 3402 718 3582 790; x_wconf 81' lang='grc' dir='ltr'>ήμῶν.</span> <span class='ocrx_word' id='word_1_141' title='bbox 3617 721 3744 773; x_wconf 84' lang='grc' dir='ltr'><strong>Ὀτι</strong></span> 
     </span>
    </p>
   </div>
   <div class='ocr_carea' id='block_1_22' title="bbox 2153 805 3742 882">
    <p class='ocr_par' dir='ltr' id='par_1_22' title="bbox 2153 805 3742 882">
     <span class='ocr_line' id='line_1_22' title="bbox 2153 805 3742 882; baseline 0.003 -23"><span class='ocrx_word' id='word_1_142' title='bbox 2153 805 2210 859; x_wconf 84' lang='grc' dir='ltr'>δὲ</span> <span class='ocrx_word' id='word_1_143' title='bbox 2236 807 2358 870; x_wconf 77' lang='grc' dir='ltr'>ταῖς</span> <span class='ocrx_word' id='word_1_144' title='bbox 2387 806 2714 877; x_wconf 76' lang='grc' dir='ltr'>φαντασίαις</span> <span class='ocrx_word' id='word_1_145' title='bbox 2757 808 2853 862; x_wconf 77' lang='grc' dir='ltr'>καὶ</span> <span class='ocrx_word' id='word_1_146' title='bbox 2885 811 3000 873; x_wconf 84' lang='grc' dir='ltr'>τοῖς</span> <span class='ocrx_word' id='word_1_147' title='bbox 3039 809 3280 880; x_wconf 82' lang='grc' dir='ltr'>νοήμασι</span> <span class='ocrx_word' id='word_1_148' title='bbox 3319 809 3431 864; x_wconf 87' lang='grc' dir='ltr'><strong>τῶν</strong></span> <span class='ocrx_word' id='word_1_149' title='bbox 3461 811 3742 882; x_wconf 74' lang='grc' dir='ltr'>αἰσθητῶν</span> 
     </span>
    </p>
   </div>
   <div class='ocr_carea' id='block_1_23' title="bbox 2151 898 3745 974">
    <p class='ocr_par' dir='ltr' id='par_1_23' title="bbox 2151 898 3745 974">
     <span class='ocr_line' id='line_1_23' title="bbox 2151 898 3745 974; baseline 0.003 -22"><span class='ocrx_word' id='word_1_150' title='bbox 2151 898 2536 973; x_wconf 78' lang='grc' dir='ltr'><strong>ἀποκέχρηται</strong></span> <span class='ocrx_word' id='word_1_151' title='bbox 2573 899 2699 955; x_wconf 84' lang='grc' dir='ltr'>καθ’</span> <span class='ocrx_word' id='word_1_152' title='bbox 2734 901 2895 972; x_wconf 81' lang='grc' dir='ltr'>ἡμῶν</span> <span class='ocrx_word' id='word_1_153' title='bbox 2925 902 2954 955; x_wconf 83' lang='grc' dir='ltr'><em>ὁ</em></span> <span class='ocrx_word' id='word_1_154' title='bbox 2981 901 3173 972; x_wconf 84' lang='grc' dir='ltr'><strong>νοητὸς</strong></span> <span class='ocrx_word' id='word_1_155' title='bbox 3219 903 3588 974; x_wconf 76' lang='grc' dir='ltr'>Σεναχηρεὶμ,</span> <span class='ocrx_word' id='word_1_156' title='bbox 3634 905 3745 957; x_wconf 83' lang='grc' dir='ltr'>έπ-</span> 
     </span>
    </p>
   </div>
   <div class='ocr_carea' id='block_1_24' title="bbox 2152 991 3740 1068">
    <p class='ocr_par' dir='ltr' id='par_1_24' title="bbox 2152 991 3740 1068">
     <span class='ocr_line' id='line_1_24' title="bbox 2152 991 3740 1068; baseline 0.004 -23"><span class='ocrx_word' id='word_1_157' title='bbox 2152 1009 2188 1062; x_wconf 95' lang='grc' dir='ltr'><strong>η</strong></span> <span class='ocrx_word' id='word_1_158' title='bbox 2198 991 2411 1063; x_wconf 76' lang='grc' dir='ltr'>ρεάζων</span> <span class='ocrx_word' id='word_1_159' title='bbox 2448 992 2544 1048; x_wconf 85' lang='grc' dir='ltr'>καὶ</span> <span class='ocrx_word' id='word_1_160' title='bbox 2573 991 2845 1065; x_wconf 82' lang='grc' dir='ltr'>ξηραίνων</span> <span class='ocrx_word' id='word_1_161' title='bbox 2873 995 2972 1058; x_wconf 83' lang='grc' dir='ltr'><strong>τὰς</strong></span> <span class='ocrx_word' id='word_1_162' title='bbox 2998 993 3179 1066; x_wconf 83' lang='grc' dir='ltr'>ψυχὰς</span> <span class='ocrx_word' id='word_1_163' title='bbox 3203 993 3314 1050; x_wconf 88' lang='grc' dir='ltr'><strong>τῶν</strong></span> <span class='ocrx_word' id='word_1_164' title='bbox 3339 995 3740 1068; x_wconf 78' lang='grc' dir='ltr'>ἁλισκομένων,</span> 
     </span>
    </p>
   </div>
   <div class='ocr_carea' id='block_1_25' title="bbox 2151 1082 3743 1158">
    <p class='ocr_par' dir='ltr' id='par_1_25' title="bbox 2151 1082 3743 1158">
     <span class='ocr_line' id='line_1_25' title="bbox 2151 1082 3743 1158; baseline 0.003 -21"><span class='ocrx_word' id='word_1_165' title='bbox 2151 1082 2230 1154; x_wconf 82' lang='grc' dir='ltr'><strong>τῷ</strong></span> <span class='ocrx_word' id='word_1_166' title='bbox 2272 1083 2532 1156; x_wconf 77' lang='grc' dir='ltr'><strong>χωρίζειν</strong></span> <span class='ocrx_word' id='word_1_167' title='bbox 2561 1083 2736 1148; x_wconf 82' lang='grc' dir='ltr'>αὐτάς</span> <span class='ocrx_word' id='word_1_168' title='bbox 2782 1087 2885 1156; x_wconf 89' lang='grc' dir='ltr'>τῆς</span> <span class='ocrx_word' id='word_1_169' title='bbox 2926 1087 3113 1158; x_wconf 86' lang='grc' dir='ltr'>πηγῆς</span> <span class='ocrx_word' id='word_1_170' title='bbox 3142 1086 3252 1141; x_wconf 90' lang='grc' dir='ltr'><strong>τῶν</strong></span> <span class='ocrx_word' id='word_1_171' title='bbox 3295 1087 3542 1155; x_wconf 82' lang='grc' dir='ltr'>ἀγαθῶν,</span> <span class='ocrx_word' id='word_1_172' title='bbox 3575 1089 3743 1144; x_wconf 86' lang='grc' dir='ltr'>παντί</span> 
     </span>
    </p>
   </div>
   <div class='ocr_carea' id='block_1_26' title="bbox 2153 1175 3744 1250">
    <p class='ocr_par' dir='ltr' id='par_1_26' title="bbox 2153 1175 3744 1250">
     <span class='ocr_line' id='line_1_26' title="bbox 2153 1175 3744 1250; baseline 0.003 -20"><span class='ocrx_word' id='word_1_173' title='bbox 2153 1193 2257 1230; x_wconf 89' lang='grc' dir='ltr'><strong>που</strong></span> <span class='ocrx_word' id='word_1_174' title='bbox 2285 1175 2466 1246; x_wconf 82' lang='grc' dir='ltr'>δῆλον.</span> <span class='ocrx_word' id='word_1_175' title='bbox 2512 1177 2610 1232; x_wconf 83' lang='grc' dir='ltr'>Διὰ</span> <span class='ocrx_word' id='word_1_176' title='bbox 2663 1177 2776 1248; x_wconf 87' lang='grc' dir='ltr'><strong>γὰρ</strong></span> <span class='ocrx_word' id='word_1_177' title='bbox 2811 1178 2922 1232; x_wconf 89' lang='grc' dir='ltr'><strong>τῶν</strong></span> <span class='ocrx_word' id='word_1_178' title='bbox 2961 1178 3276 1248; x_wconf 84' lang='grc' dir='ltr'>φαντασιῶν</span> <span class='ocrx_word' id='word_1_179' title='bbox 3319 1178 3640 1250; x_wconf 83' lang='grc' dir='ltr'>τυπούμενα</span> <span class='ocrx_word' id='word_1_180' title='bbox 3671 1180 3744 1235; x_wconf 78' lang='grc' dir='ltr'>τὰ</span> 
     </span>
    </p>
   </div>
   <div class='ocr_carea' id='block_1_27' title="bbox 2107 1269 3745 1341">
    <p class='ocr_par' dir='ltr' id='par_1_27' title="bbox 2107 1269 3745 1341">
     <span class='ocr_line' id='line_1_27' title="bbox 2107 1269 3745 1341; baseline 0.002 -21"><span class='ocrx_word' id='word_1_181' title='bbox 2107 1305 2113 1312; x_wconf 78' lang='grc'><strong>.</strong></span> <span class='ocrx_word' id='word_1_182' title='bbox 2155 1269 2409 1338; x_wconf 85' lang='grc' dir='ltr'>σχήματα</span> <span class='ocrx_word' id='word_1_183' title='bbox 2432 1269 2528 1322; x_wconf 69' lang='grc' dir='ltr'>καὶ</span> <span class='ocrx_word' id='word_1_184' title='bbox 2555 1269 2624 1323; x_wconf 73' lang='grc' dir='ltr'><strong>τὰ</strong></span> <span class='ocrx_word' id='word_1_185' title='bbox 2653 1269 2894 1340; x_wconf 73' lang='grc' dir='ltr'>εἴδητῶν</span> <span class='ocrx_word' id='word_1_186' title='bbox 2914 1269 3215 1341; x_wconf 80' lang='grc' dir='ltr'>αἰσθητῶν,</span> <span class='ocrx_word' id='word_1_187' title='bbox 3247 1269 3508 1334; x_wconf 78' lang='grc' dir='ltr'>πολλάκις</span> <span class='ocrx_word' id='word_1_188' title='bbox 3543 1274 3745 1325; x_wconf 76' lang='grc' dir='ltr'>ἐναπο-</span> 
     </span>
    </p>
   </div>
   <div class='ocr_carea' id='block_1_28' title="bbox 2155 1359 3748 1435">
    <p class='ocr_par' dir='ltr' id='par_1_28' title="bbox 2155 1359 3748 1435">
     <span class='ocr_line' id='line_1_28' title="bbox 2155 1359 3748 1435; baseline 0.003 -23"><span class='ocrx_word' id='word_1_189' title='bbox 2155 1359 2382 1430; x_wconf 88' lang='grc' dir='ltr'>μένουσι</span> <span class='ocrx_word' id='word_1_190' title='bbox 2442 1363 2508 1431; x_wconf 76' lang='grc' dir='ltr'>τῇ</span> <span class='ocrx_word' id='word_1_191' title='bbox 2538 1360 2710 1432; x_wconf 79' lang='grc' dir='ltr'>ψυχῇ,</span> <span class='ocrx_word' id='word_1_192' title='bbox 2757 1362 2853 1415; x_wconf 82' lang='grc' dir='ltr'>καὶ</span> <span class='ocrx_word' id='word_1_193' title='bbox 2906 1360 3170 1432; x_wconf 88' lang='grc' dir='ltr'>δεσμοῦσι</span> <span class='ocrx_word' id='word_1_194' title='bbox 3202 1364 3298 1416; x_wconf 74' lang='grc' dir='ltr'>καὶ</span> <span class='ocrx_word' id='word_1_195' title='bbox 3335 1361 3748 1435; x_wconf 77' lang='grc' dir='ltr'>κατασύρουσιν</span> 
     </span>
    </p>
   </div>
   <div class='ocr_carea' id='block_1_29' title="bbox 2151 1445 3747 1524">
    <p class='ocr_par' dir='ltr' id='par_1_29' title="bbox 2151 1445 3747 1524">
     <span class='ocr_line' id='line_1_29' title="bbox 2151 1445 3747 1524; baseline 0.003 -23"><span class='ocrx_word' id='word_1_196' title='bbox 2151 1451 2233 1513; x_wconf 87' lang='grc' dir='ltr'><strong>είς</strong></span> <span class='ocrx_word' id='word_1_197' title='bbox 2260 1449 2362 1520; x_wconf 83' lang='grc' dir='ltr'>τὴν</span> <span class='ocrx_word' id='word_1_198' title='bbox 2388 1449 2649 1521; x_wconf 86' lang='grc' dir='ltr'>σύγχυσιν</span> <span class='ocrx_word' id='word_1_199' title='bbox 2669 1449 2779 1504; x_wconf 87' lang='grc' dir='ltr'><strong>τῶν</strong></span> <span class='ocrx_word' id='word_1_200' title='bbox 2806 1450 3018 1515; x_wconf 90' lang='grc' dir='ltr'>παθῶν,</span> <span class='ocrx_word' id='word_1_201' title='bbox 3051 1446 3120 1524; x_wconf 84' lang='grc' dir='ltr'>ἦς</span> <span class='ocrx_word' id='word_1_202' title='bbox 3147 1454 3177 1505; x_wconf 84' lang='grc' dir='ltr'>ὁ</span> <span class='ocrx_word' id='word_1_203' title='bbox 3214 1453 3558 1524; x_wconf 79' lang='grc' dir='ltr'>Σεναχηρεὶμ</span> <span class='ocrx_word' id='word_1_204' title='bbox 3583 1445 3747 1516; x_wconf 76' lang='grc' dir='ltr'>οὗτος</span> 
     </span>
    </p>
   </div>
   <div class='ocr_carea' id='block_1_30' title="bbox 2152 1539 3742 1616">
    <p class='ocr_par' dir='ltr' id='par_1_30' title="bbox 2152 1539 3742 1616">
     <span class='ocr_line' id='line_1_30' title="bbox 2152 1539 3742 1616; baseline 0.003 -23"><span class='ocrx_word' id='word_1_205' title='bbox 2152 1539 2449 1609; x_wconf 82' lang='grc' dir='ltr'>βασιλεύει.</span> <span class='ocrx_word' id='word_1_206' title='bbox 2485 1541 2550 1594; x_wconf 84' lang='grc' dir='ltr'><strong>Ἦ</strong></span> <span class='ocrx_word' id='word_1_207' title='bbox 2586 1539 2845 1596; x_wconf 76' lang='grc' dir='ltr'>Βαϐυλὼν</span> <span class='ocrx_word' id='word_1_208' title='bbox 2875 1541 2984 1614; x_wconf 82' lang='grc' dir='ltr'><strong>γὰρ</strong></span> <span class='ocrx_word' id='word_1_209' title='bbox 3008 1542 3314 1612; x_wconf 76' lang='grc' dir='ltr'>σύγχυσις</span> <span class='ocrx_word' id='word_1_210' title='bbox 3345 1544 3742 1616; x_wconf 73' lang='grc' dir='ltr'>ἑρμηνεύεται.</span> 
     </span>
    </p>
   </div>
   <div class='ocr_carea' id='block_1_31' title="bbox 2163 1632 3744 1710">
    <p class='ocr_par' dir='ltr' id='par_1_31' title="bbox 2163 1632 3744 1710">
     <span class='ocr_line' id='line_1_31' title="bbox 2163 1632 3744 1710; baseline 0.003 -22"><span class='ocrx_word' id='word_1_211' title='bbox 2163 1635 2526 1708; x_wconf 79' lang='grc' dir='ltr'>’Υποστρέφει</span> <span class='ocrx_word' id='word_1_212' title='bbox 2548 1635 2605 1689; x_wconf 81' lang='grc' dir='ltr'>δὲ</span> <span class='ocrx_word' id='word_1_213' title='bbox 2632 1636 2751 1706; x_wconf 84' lang='grc' dir='ltr'>μετ’</span> <span class='ocrx_word' id='word_1_214' title='bbox 2780 1635 3043 1707; x_wconf 76' lang='grc' dir='ltr'>αἰσχύνης</span> <span class='ocrx_word' id='word_1_215' title='bbox 3070 1639 3137 1708; x_wconf 84' lang='grc' dir='ltr'>τῇ</span> <span class='ocrx_word' id='word_1_216' title='bbox 3169 1636 3273 1708; x_wconf 83' lang='grc' dir='ltr'><strong>ὁδῷ</strong></span> <span class='ocrx_word' id='word_1_217' title='bbox 3292 1632 3524 1710; x_wconf 76' lang='grc' dir='ltr'>ᾖῆλθεν,</span> <span class='ocrx_word' id='word_1_218' title='bbox 3543 1638 3620 1702; x_wconf 87' lang='grc' dir='ltr'><strong>ὡς</strong></span> <span class='ocrx_word' id='word_1_219' title='bbox 3650 1637 3744 1707; x_wconf 87' lang='grc' dir='ltr'>γέ-</span> 
     </span>
    </p>
   </div>
   <div class='ocr_carea' id='block_1_32' title="bbox 2150 1728 3749 1802">
    <p class='ocr_par' dir='ltr' id='par_1_32' title="bbox 2150 1728 3749 1802">
     <span class='ocr_line' id='line_1_32' title="bbox 2150 1728 3749 1802; baseline 0.001 -20"><span class='ocrx_word' id='word_1_220' title='bbox 2150 1745 2417 1800; x_wconf 88' lang='grc' dir='ltr'>γραπται·</span> <span class='ocrx_word' id='word_1_221' title='bbox 2452 1729 2570 1793; x_wconf 86' lang='grc' dir='ltr'><strong>πῶς</strong></span> <span class='ocrx_word' id='word_1_222' title='bbox 2625 1729 2743 1792; x_wconf 80' lang='grc' dir='ltr'>ὁδός</span> <span class='ocrx_word' id='word_1_223' title='bbox 2779 1729 2928 1782; x_wconf 73' lang='grc' dir='ltr'>ἐστιν</span> <span class='ocrx_word' id='word_1_224' title='bbox 2961 1728 3103 1783; x_wconf 83' lang='grc' dir='ltr'>αὐτὰ</span> <span class='ocrx_word' id='word_1_225' title='bbox 3132 1729 3202 1783; x_wconf 83' lang='grc' dir='ltr'><strong>τὰ</strong></span> <span class='ocrx_word' id='word_1_226' title='bbox 3237 1731 3447 1799; x_wconf 81' lang='grc' dir='ltr'>φυσικὰ</span> <span class='ocrx_word' id='word_1_227' title='bbox 3479 1731 3653 1802; x_wconf 91' lang='grc' dir='ltr'>πάθη,</span> <span class='ocrx_word' id='word_1_228' title='bbox 3680 1730 3749 1784; x_wconf 82' lang='grc' dir='ltr'>τὸ</span> 
     </span>
    </p>
   </div>
   <div class='ocr_carea' id='block_1_33' title="bbox 2149 1819 3749 1893">
    <p class='ocr_par' dir='ltr' id='par_1_33' title="bbox 2149 1819 3749 1893">
     <span class='ocr_line' id='line_1_33' title="bbox 2149 1819 3749 1893; baseline 0.002 -17"><span class='ocrx_word' id='word_1_229' title='bbox 2149 1820 2378 1886; x_wconf 69' lang='grc' dir='ltr'>ἐσθίειν,</span> <span class='ocrx_word' id='word_1_230' title='bbox 2400 1821 2463 1875; x_wconf 82' lang='grc' dir='ltr'>τὸ</span> <span class='ocrx_word' id='word_1_231' title='bbox 2493 1820 2689 1886; x_wconf 80' lang='grc' dir='ltr'>πίνειν,</span> <span class='ocrx_word' id='word_1_232' title='bbox 2711 1821 2774 1875; x_wconf 82' lang='grc' dir='ltr'>τὸ</span> <span class='ocrx_word' id='word_1_233' title='bbox 2797 1819 3022 1886; x_wconf 87' lang='grc' dir='ltr'>ύπνοῦν,</span> <span class='ocrx_word' id='word_1_234' title='bbox 3055 1822 3152 1876; x_wconf 76' lang='grc' dir='ltr'>καὶ</span> <span class='ocrx_word' id='word_1_235' title='bbox 3176 1822 3276 1876; x_wconf 86' lang='grc' dir='ltr'>ὅσα</span> <span class='ocrx_word' id='word_1_236' title='bbox 3308 1822 3446 1893; x_wconf 82' lang='grc' dir='ltr'>πρὸς</span> <span class='ocrx_word' id='word_1_237' title='bbox 3481 1823 3749 1879; x_wconf 83' lang='grc' dir='ltr'>σύστασιν</span> 
     </span>
    </p>
   </div>
   <div class='ocr_carea' id='block_1_34' title="bbox 459 1900 2053 1986">
    <p class='ocr_par' dir='ltr' id='par_1_34' title="bbox 459 1913 2052 1985">
     <span class='ocr_line' id='line_1_34' title="bbox 459 1913 2052 1985; baseline 0.001 -17"><span class='ocrx_word' id='word_1_238' title='bbox 459 1929 566 1985; x_wconf 85' lang='lat' dir='ltr'><strong>que</strong></span> <span class='ocrx_word' id='word_1_239' title='bbox 589 1922 649 1971; x_wconf 89' lang='lat' dir='ltr'><strong>et</strong></span> <span class='ocrx_word' id='word_1_240' title='bbox 664 1914 949 1970; x_wconf 82' lang='lat' dir='ltr'><strong>attrahunt</strong></span> <span class='ocrx_word' id='word_1_241' title='bbox 963 1913 1427 1972; x_wconf 80' lang='lat' dir='ltr'><strong>adconfusionem</strong></span> <span class='ocrx_word' id='word_1_242' title='bbox 1452 1913 1714 1969; x_wconf 87' lang='lat' dir='ltr'><strong>vitiorum</strong></span> <span class='ocrx_word' id='word_1_243' title='bbox 1737 1922 1794 1970; x_wconf 92' lang='lat' dir='ltr'><strong>et</strong></span> <span class='ocrx_word' id='word_1_244' title='bbox 1809 1914 2052 1970; x_wconf 82' lang='lat' dir='ltr'><strong>aﬁ‘ectio-</strong></span> 
     </span>
    </p>
   </div>
   <div class='ocr_carea' id='block_1_35' title="bbox 2156 1900 3746 1986">
    <p class='ocr_par' dir='ltr' id='par_1_35' title="bbox 2158 1912 3746 1986">
     <span class='ocr_line' id='line_1_35' title="bbox 2158 1912 3746 1986; baseline 0.001 -19"><span class='ocrx_word' id='word_1_245' title='bbox 2158 1913 2253 1969; x_wconf 91' lang='grc' dir='ltr'><strong>τοῦ</strong></span> <span class='ocrx_word' id='word_1_246' title='bbox 2291 1913 2542 1986; x_wconf 83' lang='grc' dir='ltr'>σώματος</span> <span class='ocrx_word' id='word_1_247' title='bbox 2566 1931 2581 1946; x_wconf 79' lang='grc' dir='ltr'><strong><em>ο</em></strong></span> <span class='ocrx_word' id='word_1_248' title='bbox 2613 1913 2650 1969; x_wconf 85' lang='grc' dir='ltr'><strong>ἀ</strong></span> <span class='ocrx_word' id='word_1_249' title='bbox 2675 1913 2754 1986; x_wconf 86' lang='grc' dir='ltr'>τῷ</span> <span class='ocrx_word' id='word_1_250' title='bbox 2783 1913 2880 1986; x_wconf 83' lang='grc' dir='ltr'>μὲν</span> <span class='ocrx_word' id='word_1_251' title='bbox 2915 1912 3054 1985; x_wconf 80' lang='grc' dir='ltr'>ὑπὲρ</span> <span class='ocrx_word' id='word_1_252' title='bbox 3079 1913 3181 1984; x_wconf 78' lang='grc' dir='ltr'>τὴν</span> <span class='ocrx_word' id='word_1_253' title='bbox 3211 1914 3402 1986; x_wconf 84' lang='grc' dir='ltr'>χρείαν</span> <span class='ocrx_word' id='word_1_254' title='bbox 3425 1915 3613 1986; x_wconf 85' lang='grc' dir='ltr'>τρόπῳ</span> <span class='ocrx_word' id='word_1_255' title='bbox 3640 1915 3746 1985; x_wconf 86' lang='grc' dir='ltr'><strong>τῆς</strong></span> 
     </span>
    </p>
   </div>
   <div class='ocr_carea' id='block_1_36' title="bbox 457 2002 2049 2076">
    <p class='ocr_par' dir='ltr' id='par_1_36' title="bbox 457 2002 2049 2076">
     <span class='ocr_line' id='line_1_36' title="bbox 457 2002 2049 2076; baseline 0.002 -18"><span class='ocrx_word' id='word_1_256' title='bbox 457 2018 616 2069; x_wconf 89' lang='lat' dir='ltr'><strong>num,</strong></span> <span class='ocrx_word' id='word_1_257' title='bbox 650 2002 705 2059; x_wconf 90' lang='lat' dir='ltr'><strong>in</strong></span> <span class='ocrx_word' id='word_1_258' title='bbox 739 2018 908 2074; x_wconf 90' lang='lat' dir='ltr'><strong>quam</strong></span> <span class='ocrx_word' id='word_1_259' title='bbox 944 2019 1175 2076; x_wconf 90' lang='lat' dir='ltr'><strong>regnum</strong></span> <span class='ocrx_word' id='word_1_260' title='bbox 1210 2003 1427 2060; x_wconf 89' lang='lat' dir='ltr'><strong>obtinet</strong></span> <span class='ocrx_word' id='word_1_261' title='bbox 1454 2004 1546 2060; x_wconf 88' lang='lat' dir='ltr'><strong>hic</strong></span> <span class='ocrx_word' id='word_1_262' title='bbox 1565 2003 1925 2060; x_wconf 89' lang='lat' dir='ltr'><strong>Senacherib.</strong></span> <span class='ocrx_word' id='word_1_263' title='bbox 1949 2005 2049 2061; x_wconf 88' lang='lat' dir='ltr'><strong>Ba—</strong></span> 
     </span>
    </p>
   </div>
   <div class='ocr_carea' id='block_1_37' title="bbox 458 2095 2050 2169">
    <p class='ocr_par' dir='ltr' id='par_1_37' title="bbox 458 2095 2050 2169">
     <span class='ocr_line' id='line_1_37' title="bbox 458 2095 2050 2169; baseline -0.001 -17"><span class='ocrx_word' id='word_1_264' title='bbox 458 2096 634 2169; x_wconf 87' lang='lat' dir='ltr'><strong>bylon</strong></span> <span class='ocrx_word' id='word_1_265' title='bbox 682 2096 832 2153; x_wconf 90' lang='lat' dir='ltr'><strong>enim</strong></span> <span class='ocrx_word' id='word_1_266' title='bbox 880 2095 1275 2168; x_wconf 87' lang='lat' dir='ltr'><strong>interpretatur</strong></span> <span class='ocrx_word' id='word_1_267' title='bbox 1307 2096 1566 2168; x_wconf 73' lang='lat' dir='ltr'><strong>confusio.</strong></span> <span class='ocrx_word' id='word_1_268' title='bbox 1602 2097 1920 2153; x_wconf 84' lang='lat' dir='ltr'><strong>Revertitur</strong></span> <span class='ocrx_word' id='word_1_269' title='bbox 1948 2113 2050 2153; x_wconf 87' lang='lat' dir='ltr'><strong>au-</strong></span> 
     </span>
    </p>
   </div>
   <div class='ocr_carea' id='block_1_38' title="bbox 459 2189 2049 2261">
    <p class='ocr_par' dir='ltr' id='par_1_38' title="bbox 459 2189 2049 2261">
     <span class='ocr_line' id='line_1_38' title="bbox 459 2189 2049 2261; baseline -0.001 -17"><span class='ocrx_word' id='word_1_270' title='bbox 459 2199 569 2244; x_wconf 90' lang='lat' dir='ltr'><strong>tem</strong></span> <span class='ocrx_word' id='word_1_271' title='bbox 593 2204 719 2245; x_wconf 90' lang='lat' dir='ltr'><strong>cum</strong></span> <span class='ocrx_word' id='word_1_272' title='bbox 760 2189 972 2261; x_wconf 90' lang='lat' dir='ltr'><strong>pudore</strong></span> <span class='ocrx_word' id='word_1_273' title='bbox 998 2190 1089 2246; x_wconf 88' lang='lat' dir='ltr'><strong>via</strong></span> <span class='ocrx_word' id='word_1_274' title='bbox 1125 2205 1236 2261; x_wconf 90' lang='lat' dir='ltr'><strong>qua</strong></span> <span class='ocrx_word' id='word_1_275' title='bbox 1264 2189 1438 2256; x_wconf 88' lang='lat' dir='ltr'><strong>venit,</strong></span> <span class='ocrx_word' id='word_1_276' title='bbox 1485 2199 1548 2246; x_wconf 88' lang='lat' dir='ltr'><strong>ut</strong></span> <span class='ocrx_word' id='word_1_277' title='bbox 1575 2189 1846 2261; x_wconf 90' lang='lat' dir='ltr'><strong>scriptum</strong></span> <span class='ocrx_word' id='word_1_278' title='bbox 1871 2200 1957 2246; x_wconf 91' lang='lat' dir='ltr'><strong>est</strong></span> <span class='ocrx_word' id='word_1_279' title='bbox 1979 2190 2049 2243; x_wconf 80' lang='grc' dir='ltr'><strong>⁸ο.</strong></span> 
     </span>
    </p>
   </div>
   <div class='ocr_carea' id='block_1_39' title="bbox 457 2279 2053 2352">
    <p class='ocr_par' dir='ltr' id='par_1_39' title="bbox 457 2279 2053 2352">
     <span class='ocr_line' id='line_1_39' title="bbox 457 2279 2053 2352; baseline 0.003 -18"><span class='ocrx_word' id='word_1_280' title='bbox 457 2279 746 2348; x_wconf 83' lang='lat' dir='ltr'><strong>Quomodo</strong></span> <span class='ocrx_word' id='word_1_281' title='bbox 775 2281 864 2336; x_wconf 88' lang='lat' dir='ltr'><strong>via</strong></span> <span class='ocrx_word' id='word_1_282' title='bbox 882 2289 1010 2336; x_wconf 88' lang='lat' dir='ltr'><strong>sunt</strong></span> <span class='ocrx_word' id='word_1_283' title='bbox 1039 2280 1172 2352; x_wconf 72' lang='lat' dir='ltr'><strong>ipsa:</strong></span> <span class='ocrx_word' id='word_1_284' title='bbox 1196 2282 1476 2338; x_wconf 89' lang='lat' dir='ltr'><strong>naturales</strong></span> <span class='ocrx_word' id='word_1_285' title='bbox 1498 2280 1843 2347; x_wconf 85' lang='lat' dir='ltr'><strong>aﬁ‘ectiones,</strong></span> <span class='ocrx_word' id='word_1_286' title='bbox 1866 2296 2053 2338; x_wconf 88' lang='lat' dir='ltr'><strong>come-</strong></span> 
     </span>
    </p>
   </div>
   <div class='ocr_carea' id='block_1_40' title="bbox 457 2373 2052 2446">
    <p class='ocr_par' dir='ltr' id='par_1_40' title="bbox 457 2373 2052 2446">
     <span class='ocr_line' id='line_1_40' title="bbox 457 2373 2052 2446; baseline 0.001 -16"><span class='ocrx_word' id='word_1_287' title='bbox 457 2373 623 2438; x_wconf 87' lang='lat' dir='ltr'><strong>dere,</strong></span> <span class='ocrx_word' id='word_1_288' title='bbox 654 2373 845 2430; x_wconf 88' lang='lat' dir='ltr'><strong>bibere</strong></span> <span class='ocrx_word' id='word_1_289' title='bbox 870 2374 1177 2441; x_wconf 89' lang='lat' dir='ltr'><strong>,dormire,</strong></span> <span class='ocrx_word' id='word_1_290' title='bbox 1235 2383 1293 2429; x_wconf 90' lang='lat' dir='ltr'><strong>et</strong></span> <span class='ocrx_word' id='word_1_291' title='bbox 1339 2389 1684 2446; x_wconf 67' lang='lat' dir='ltr'><strong>quaecunque</strong></span> <span class='ocrx_word' id='word_1_292' title='bbox 1721 2375 1936 2430; x_wconf 88' lang='lat' dir='ltr'><strong>faciunt</strong></span> <span class='ocrx_word' id='word_1_293' title='bbox 1981 2373 2052 2431; x_wconf 90' lang='lat' dir='ltr'><strong>ad</strong></span> 
     </span>
    </p>
   </div>
   <div class='ocr_carea' id='block_1_41' title="bbox 457 2466 2050 2539">
    <p class='ocr_par' dir='ltr' id='par_1_41' title="bbox 457 2466 2050 2539">
     <span class='ocr_line' id='line_1_41' title="bbox 457 2466 2050 2539; baseline 0.001 -18"><span class='ocrx_word' id='word_1_294' title='bbox 457 2466 910 2523; x_wconf 88' lang='lat' dir='ltr'><strong>constitutionem</strong></span> <span class='ocrx_word' id='word_1_295' title='bbox 941 2468 1224 2538; x_wconf 87' lang='lat' dir='ltr'><strong>corporis:</strong></span> <span class='ocrx_word' id='word_1_296' title='bbox 1252 2483 1375 2539; x_wconf 59' lang='lat' dir='ltr'><strong>qua:</strong></span> <span class='ocrx_word' id='word_1_297' title='bbox 1393 2467 1585 2524; x_wconf 88' lang='lat' dir='ltr'><strong>utendi</strong></span> <span class='ocrx_word' id='word_1_298' title='bbox 1609 2467 1834 2538; x_wconf 90' lang='lat' dir='ltr'><strong>quidem</strong></span> <span class='ocrx_word' id='word_1_299' title='bbox 1861 2467 2050 2534; x_wconf 86' lang='lat' dir='ltr'><strong>modo,</strong></span> 
     </span>
    </p>
   </div>
   <div class='ocr_carea' id='block_1_42' title="bbox 457 2555 2052 2626">
    <p class='ocr_par' dir='ltr' id='par_1_42' title="bbox 457 2555 2052 2626">
     <span class='ocr_line' id='line_1_42' title="bbox 457 2555 2052 2626; baseline 0.002 -17"><span class='ocrx_word' id='word_1_300' title='bbox 457 2557 554 2625; x_wconf 90' lang='lat' dir='ltr'><strong>qui</strong></span> <span class='ocrx_word' id='word_1_301' title='bbox 581 2565 741 2611; x_wconf 67' lang='lat' dir='ltr'><strong>uSum</strong></span> <span class='ocrx_word' id='word_1_302' title='bbox 779 2564 837 2612; x_wconf 91' lang='lat' dir='ltr'><strong>et</strong></span> <span class='ocrx_word' id='word_1_303' title='bbox 862 2555 918 2611; x_wconf 90' lang='lat' dir='ltr'><strong>id</strong></span> <span class='ocrx_word' id='word_1_304' title='bbox 941 2555 1089 2626; x_wconf 91' lang='lat' dir='ltr'><strong>quod</strong></span> <span class='ocrx_word' id='word_1_305' title='bbox 1113 2570 1253 2626; x_wconf 90' lang='lat' dir='ltr'><strong>opus</strong></span> <span class='ocrx_word' id='word_1_306' title='bbox 1272 2565 1358 2612; x_wconf 91' lang='lat' dir='ltr'><strong>est</strong></span> <span class='ocrx_word' id='word_1_307' title='bbox 1385 2565 1628 2626; x_wconf 90' lang='lat' dir='ltr'><strong>superat,</strong></span> <span class='ocrx_word' id='word_1_308' title='bbox 1647 2556 1716 2611; x_wconf 89' lang='lat' dir='ltr'><strong>ad</strong></span> <span class='ocrx_word' id='word_1_309' title='bbox 1750 2572 1852 2612; x_wconf 92' lang='lat' dir='ltr'><strong>nos</strong></span> <span class='ocrx_word' id='word_1_310' title='bbox 1874 2557 2052 2612; x_wconf 90' lang='lat' dir='ltr'><strong>addu-</strong></span> 
     </span>
    </p>
   </div>
   <div class='ocr_carea' id='block_1_43' title="bbox 456 2646 2056 2719">
    <p class='ocr_par' dir='ltr' id='par_1_43' title="bbox 456 2646 2056 2719">
     <span class='ocr_line' id='line_1_43' title="bbox 456 2646 2056 2719; baseline 0.001 -17"><span class='ocrx_word' id='word_1_311' title='bbox 456 2655 594 2702; x_wconf 66' lang='lat' dir='ltr'><strong>cant</strong></span> <span class='ocrx_word' id='word_1_312' title='bbox 637 2646 924 2704; x_wconf 87' lang='lat' dir='ltr'><strong>diabolum</strong></span> <span class='ocrx_word' id='word_1_313' title='bbox 952 2666 965 2702; x_wconf 88' lang='lat'><strong>:</strong></span> <span class='ocrx_word' id='word_1_314' title='bbox 992 2647 1160 2703; x_wconf 87' lang='lat' dir='ltr'><strong>modo</strong></span> <span class='ocrx_word' id='word_1_315' title='bbox 1207 2654 1396 2703; x_wconf 90' lang='lat' dir='ltr'><strong>autem</strong></span> <span class='ocrx_word' id='word_1_316' title='bbox 1436 2647 1628 2703; x_wconf 90' lang='lat' dir='ltr'><strong>utendi</strong></span> <span class='ocrx_word' id='word_1_317' title='bbox 1653 2648 1748 2719; x_wconf 90' lang='lat' dir='ltr'><strong>qui</strong></span> <span class='ocrx_word' id='word_1_318' title='bbox 1792 2649 2056 2705; x_wconf 86' lang='lat' dir='ltr'><strong>convenit</strong></span> 
     </span>
    </p>
   </div>
   <div class='ocr_carea' id='block_1_44' title="bbox 457 2739 2052 2812">
    <p class='ocr_par' dir='ltr' id='par_1_44' title="bbox 457 2739 2052 2812">
     <span class='ocr_line' id='line_1_44' title="bbox 457 2739 2052 2812; baseline 0.001 -17"><span class='ocrx_word' id='word_1_319' title='bbox 457 2740 584 2796; x_wconf 89' lang='lat' dir='ltr'><strong>usui</strong></span> <span class='ocrx_word' id='word_1_320' title='bbox 603 2749 662 2797; x_wconf 89' lang='lat' dir='ltr'><strong>et</strong></span> <span class='ocrx_word' id='word_1_321' title='bbox 689 2741 740 2797; x_wconf 94' lang='lat' dir='ltr'><strong>ei</strong></span> <span class='ocrx_word' id='word_1_322' title='bbox 767 2741 917 2812; x_wconf 89' lang='lat' dir='ltr'><strong>quod</strong></span> <span class='ocrx_word' id='word_1_323' title='bbox 945 2749 1034 2798; x_wconf 89' lang='lat' dir='ltr'><strong>est</strong></span> <span class='ocrx_word' id='word_1_324' title='bbox 1068 2755 1230 2812; x_wconf 91' lang='lat' dir='ltr'><strong>opus,</strong></span> <span class='ocrx_word' id='word_1_325' title='bbox 1256 2755 1356 2810; x_wconf 84' lang='lat' dir='ltr'><strong>per</strong></span> <span class='ocrx_word' id='word_1_326' title='bbox 1385 2753 1444 2794; x_wconf 92' lang='lat' dir='ltr'><strong>se</strong></span> <span class='ocrx_word' id='word_1_327' title='bbox 1483 2739 1630 2811; x_wconf 89' lang='lat' dir='ltr'><strong>ipsas</strong></span> <span class='ocrx_word' id='word_1_328' title='bbox 1671 2755 1799 2796; x_wconf 91' lang='lat' dir='ltr'><strong>eum</strong></span> <span class='ocrx_word' id='word_1_329' title='bbox 1835 2739 2052 2812; x_wconf 74' lang='lat' dir='ltr'><strong>fugien-</strong></span> 
     </span>
    </p>
   </div>
   <div class='ocr_carea' id='block_1_45' title="bbox 458 2831 2056 2902">
    <p class='ocr_par' dir='ltr' id='par_1_45' title="bbox 458 2831 2056 2902">
     <span class='ocr_line' id='line_1_45' title="bbox 458 2831 2056 2902; baseline -0.001 -15"><span class='ocrx_word' id='word_1_330' title='bbox 458 2839 572 2888; x_wconf 86' lang='lat' dir='ltr'><strong>tem</strong></span> <span class='ocrx_word' id='word_1_331' title='bbox 609 2848 804 2889; x_wconf 90' lang='lat' dir='ltr'><strong>rursus</strong></span> <span class='ocrx_word' id='word_1_332' title='bbox 835 2832 1112 2888; x_wconf 89' lang='lat' dir='ltr'><strong>reducunt</strong></span> <span class='ocrx_word' id='word_1_333' title='bbox 1137 2831 1207 2887; x_wconf 89' lang='lat' dir='ltr'><strong>ad</strong></span> <span class='ocrx_word' id='word_1_334' title='bbox 1243 2842 1448 2886; x_wconf 86' lang='lat' dir='ltr'><strong>terram</strong></span> <span class='ocrx_word' id='word_1_335' title='bbox 1483 2846 1664 2897; x_wconf 90' lang='lat' dir='ltr'><strong>suam,</strong></span> <span class='ocrx_word' id='word_1_336' title='bbox 1688 2847 1813 2902; x_wconf 69' lang='lat' dir='ltr'><strong>qua:</strong></span> <span class='ocrx_word' id='word_1_337' title='bbox 1844 2840 1930 2888; x_wconf 90' lang='lat' dir='ltr'><strong>est</strong></span> <span class='ocrx_word' id='word_1_338' title='bbox 1965 2831 2056 2886; x_wconf 87' lang='lat' dir='ltr'><strong>ﬁr-</strong></span> 
     </span>
    </p>
   </div>
   <div class='ocr_carea' id='block_1_46' title="bbox 457 2922 2056 2995">
    <p class='ocr_par' dir='ltr' id='par_1_46' title="bbox 457 2922 2056 2995">
     <span class='ocr_line' id='line_1_46' title="bbox 457 2922 2056 2995; baseline 0 -17"><span class='ocrx_word' id='word_1_339' title='bbox 457 2939 587 2978; x_wconf 83' lang='lat' dir='ltr'><strong>mus</strong></span> <span class='ocrx_word' id='word_1_340' title='bbox 610 2939 676 2979; x_wconf 89' lang='lat' dir='ltr'><strong>ac</strong></span> <span class='ocrx_word' id='word_1_341' title='bbox 696 2924 912 2980; x_wconf 85' lang='lat' dir='ltr'><strong>stabilis</strong></span> <span class='ocrx_word' id='word_1_342' title='bbox 934 2923 1053 2980; x_wconf 85' lang='lat' dir='ltr'><strong>vitii</strong></span> <span class='ocrx_word' id='word_1_343' title='bbox 1084 2923 1326 2988; x_wconf 85' lang='lat' dir='ltr'><strong>habitus,</strong></span> <span class='ocrx_word' id='word_1_344' title='bbox 1362 2939 1528 2995; x_wconf 89' lang='lat' dir='ltr'><strong>quem</strong></span> <span class='ocrx_word' id='word_1_345' title='bbox 1574 2922 1913 2979; x_wconf 89' lang='lat' dir='ltr'><strong>interﬁciunt</strong></span> <span class='ocrx_word' id='word_1_346' title='bbox 1956 2922 2056 2979; x_wconf 90' lang='lat' dir='ltr'><strong>ﬁlii</strong></span> 
     </span>
    </p>
   </div>
   <div class='ocr_carea' id='block_1_47' title="bbox 455 3017 2056 3090">
    <p class='ocr_par' dir='ltr' id='par_1_47' title="bbox 455 3017 2056 3090">
     <span class='ocr_line' id='line_1_47' title="bbox 455 3017 2056 3090; baseline 0.001 -16"><span class='ocrx_word' id='word_1_347' title='bbox 455 3018 582 3090; x_wconf 76' lang='lat' dir='ltr'><strong>&#39;ejus</strong></span> <span class='ocrx_word' id='word_1_348' title='bbox 610 3017 934 3090; x_wconf 72' lang='lat' dir='ltr'><strong>fugientem,</strong></span> <span class='ocrx_word' id='word_1_349' title='bbox 956 3027 1014 3075; x_wconf 92' lang='lat' dir='ltr'><strong>et</strong></span> <span class='ocrx_word' id='word_1_350' title='bbox 1031 3018 1250 3090; x_wconf 80' lang='lat' dir='ltr'><strong>fugiunt</strong></span> <span class='ocrx_word' id='word_1_351' title='bbox 1284 3018 1341 3074; x_wconf 91' lang='lat' dir='ltr'><strong>in</strong></span> <span class='ocrx_word' id='word_1_352' title='bbox 1383 3019 1720 3075; x_wconf 83' lang='lat' dir='ltr'><strong>Armeniam.</strong></span> <span class='ocrx_word' id='word_1_353' title='bbox 1749 3019 1917 3076; x_wconf 83' lang='lat' dir='ltr'><strong>Filios</strong></span> <span class='ocrx_word' id='word_1_354' title='bbox 1959 3035 2056 3076; x_wconf 81' lang='lat' dir='ltr'><strong>au-</strong></span> 
     </span>
    </p>
   </div>
   <div class='ocr_carea' id='block_1_48' title="bbox 459 3111 2054 3184">
    <p class='ocr_par' dir='ltr' id='par_1_48' title="bbox 459 3111 2054 3184">
     <span class='ocr_line' id='line_1_48' title="bbox 459 3111 2054 3184; baseline 0 -16"><span class='ocrx_word' id='word_1_355' title='bbox 459 3120 576 3168; x_wconf 89' lang='lat' dir='ltr'><strong>tcm</strong></span> <span class='ocrx_word' id='word_1_356' title='bbox 606 3111 983 3184; x_wconf 76' lang='lat' dir='ltr'><strong>intelligemus</strong></span> <span class='ocrx_word' id='word_1_357' title='bbox 1020 3112 1197 3168; x_wconf 86' lang='lat' dir='ltr'><strong>malas</strong></span> <span class='ocrx_word' id='word_1_358' title='bbox 1221 3127 1345 3182; x_wconf 74' lang='lat' dir='ltr'><strong>qua:</strong></span> <span class='ocrx_word' id='word_1_359' title='bbox 1374 3127 1445 3168; x_wconf 81' lang='lat' dir='ltr'><strong>ex</strong></span> <span class='ocrx_word' id='word_1_360' title='bbox 1481 3126 1550 3167; x_wconf 91' lang='lat' dir='ltr'><strong>eo</strong></span> <span class='ocrx_word' id='word_1_361' title='bbox 1573 3121 1879 3168; x_wconf 88' lang='lat' dir='ltr'><strong>nascuntur</strong></span> <span class='ocrx_word' id='word_1_362' title='bbox 1901 3113 2054 3184; x_wconf 87' lang='lat' dir='ltr'><strong>cogi-</strong></span> 
     </span>
    </p>
   </div>
   <div class='ocr_carea' id='block_1_49' title="bbox 461 3205 2057 3278">
    <p class='ocr_par' dir='ltr' id='par_1_49' title="bbox 461 3205 2057 3278">
     <span class='ocr_line' id='line_1_49' title="bbox 461 3205 2057 3278; baseline 0 -15"><span class='ocrx_word' id='word_1_363' title='bbox 461 3206 720 3273; x_wconf 83' lang='lat' dir='ltr'><strong>tationes,</strong></span> <span class='ocrx_word' id='word_1_364' title='bbox 752 3221 785 3261; x_wconf 91' lang='lat' dir='ltr'><strong>a</strong></span> <span class='ocrx_word' id='word_1_365' title='bbox 811 3205 1015 3278; x_wconf 89' lang='lat' dir='ltr'><strong>quibus</strong></span> <span class='ocrx_word' id='word_1_366' title='bbox 1043 3205 1382 3262; x_wconf 88' lang='lat' dir='ltr'><strong>interimitur</strong></span> <span class='ocrx_word' id='word_1_367' title='bbox 1411 3223 1424 3260; x_wconf 90' lang='lat'><strong>:</strong></span> <span class='ocrx_word' id='word_1_368' title='bbox 1459 3205 1682 3277; x_wconf 87' lang='lat' dir='ltr'><strong>quando</strong></span> <span class='ocrx_word' id='word_1_369' title='bbox 1710 3205 1794 3262; x_wconf 90' lang='lat' dir='ltr'><strong>eis</strong></span> <span class='ocrx_word' id='word_1_370' title='bbox 1834 3215 2057 3264; x_wconf 87' lang='lat' dir='ltr'><strong>utemur</strong></span> 
     </span>
    </p>
   </div>
   <div class='ocr_carea' id='block_1_50' title="bbox 463 3287 2125 3370">
    <p class='ocr_par' dir='ltr' id='par_1_50' title="bbox 463 3287 2125 3370">
     <span class='ocr_line' id='line_1_50' title="bbox 463 3287 2125 3370; baseline 0.001 -17"><span class='ocrx_word' id='word_1_371' title='bbox 463 3295 531 3353; x_wconf 77' lang='lat' dir='ltr'><strong>ad</strong></span> <span class='ocrx_word' id='word_1_372' title='bbox 557 3296 787 3364; x_wconf 91' lang='lat' dir='ltr'><strong>bonum,</strong></span> <span class='ocrx_word' id='word_1_373' title='bbox 814 3306 872 3354; x_wconf 93' lang='lat' dir='ltr'><strong>et</strong></span> <span class='ocrx_word' id='word_1_374' title='bbox 891 3313 990 3370; x_wconf 91' lang='lat' dir='ltr'><strong>per</strong></span> <span class='ocrx_word' id='word_1_375' title='bbox 1009 3313 1133 3369; x_wconf 73' lang='lat' dir='ltr'><strong>quae</strong></span> <span class='ocrx_word' id='word_1_376' title='bbox 1159 3297 1372 3354; x_wconf 89' lang='lat' dir='ltr'><strong>studuit</strong></span> <span class='ocrx_word' id='word_1_377' title='bbox 1392 3313 1615 3369; x_wconf 87' lang='lat' dir='ltr'><strong>capere,</strong></span> <span class='ocrx_word' id='word_1_378' title='bbox 1635 3313 1735 3370; x_wconf 90' lang='lat' dir='ltr'><strong>per</strong></span> <span class='ocrx_word' id='word_1_379' title='bbox 1755 3313 1819 3355; x_wconf 91' lang='lat' dir='ltr'><strong>ea</strong></span> <span class='ocrx_word' id='word_1_380' title='bbox 1835 3315 1962 3355; x_wconf 92' lang='lat' dir='ltr'><strong>eum</strong></span> <span class='ocrx_word' id='word_1_381' title='bbox 1981 3299 2051 3355; x_wconf 90' lang='lat' dir='ltr'><strong>de</strong></span> <span class='ocrx_word' id='word_1_382' title='bbox 2083 3287 2125 3348; x_wconf 84' lang='lat' dir='ltr'><strong>C</strong></span> 
     </span>
    </p>
   </div>
   <div class='ocr_carea' id='block_1_51' title="bbox 460 3387 2051 3465">
    <p class='ocr_par' dir='ltr' id='par_1_51' title="bbox 460 3387 2051 3465">
     <span class='ocr_line' id='line_1_51' title="bbox 460 3387 2051 3465; baseline 0.003 -23"><span class='ocrx_word' id='word_1_383' title='bbox 460 3387 645 3444; x_wconf 86' lang='lat' dir='ltr'><strong>medio</strong></span> <span class='ocrx_word' id='word_1_384' title='bbox 673 3389 948 3448; x_wconf 89' lang='lat' dir='ltr'><strong>tollemus.</strong></span> <span class='ocrx_word' id='word_1_385' title='bbox 973 3392 1079 3460; x_wconf 88' lang='lat' dir='ltr'><strong>Qui</strong></span> <span class='ocrx_word' id='word_1_386' title='bbox 1115 3393 1284 3449; x_wconf 90' lang='lat' dir='ltr'><strong>etiam</strong></span> <span class='ocrx_word' id='word_1_387' title='bbox 1314 3393 1533 3465; x_wconf 79' lang='lat' dir='ltr'><strong>fugiunt</strong></span> <span class='ocrx_word' id='word_1_388' title='bbox 1558 3393 1615 3448; x_wconf 90' lang='lat' dir='ltr'><strong>in</strong></span> <span class='ocrx_word' id='word_1_389' title='bbox 1648 3392 2051 3463; x_wconf 90' lang='lat' dir='ltr'><strong>appositionem</strong></span> 
     </span>
    </p>
   </div>
   <div class='ocr_carea' id='block_1_52' title="bbox 460 3481 2052 3558">
    <p class='ocr_par' dir='ltr' id='par_1_52' title="bbox 460 3481 2052 3558">
     <span class='ocr_line' id='line_1_52' title="bbox 460 3481 2052 3558; baseline 0.003 -22"><span class='ocrx_word' id='word_1_390' title='bbox 460 3481 686 3552; x_wconf 85' lang='lat' dir='ltr'><strong>quietis.</strong></span> <span class='ocrx_word' id='word_1_391' title='bbox 722 3482 987 3540; x_wconf 83' lang='lat' dir='ltr'><strong>Armenia</strong></span> <span class='ocrx_word' id='word_1_392' title='bbox 1017 3485 1167 3541; x_wconf 90' lang='lat' dir='ltr'><strong>enim</strong></span> <span class='ocrx_word' id='word_1_393' title='bbox 1199 3486 1598 3558; x_wconf 87' lang='lat' dir='ltr'><strong>interpretatur</strong></span> <span class='ocrx_word' id='word_1_394' title='bbox 1625 3487 1815 3557; x_wconf 72' lang='lat' dir='ltr'><strong>puietis</strong></span> <span class='ocrx_word' id='word_1_395' title='bbox 1840 3487 2052 3557; x_wconf 78' lang='lat' dir='ltr'><strong>apposi-</strong></span> 
     </span>
    </p>
   </div>
   <div class='ocr_carea' id='block_1_53' title="bbox 462 3571 2053 3648">
    <p class='ocr_par' dir='ltr' id='par_1_53' title="bbox 462 3571 2053 3648">
     <span class='ocr_line' id='line_1_53' title="bbox 462 3571 2053 3648; baseline 0.004 -22"><span class='ocrx_word' id='word_1_396' title='bbox 462 3571 556 3626; x_wconf 81' lang='lat' dir='ltr'><strong>tio.</strong></span> <span class='ocrx_word' id='word_1_397' title='bbox 583 3571 694 3628; x_wconf 86' lang='lat' dir='ltr'><strong>Nos</strong></span> <span class='ocrx_word' id='word_1_398' title='bbox 717 3573 866 3628; x_wconf 87' lang='lat' dir='ltr'><strong>enim</strong></span> <span class='ocrx_word' id='word_1_399' title='bbox 896 3572 966 3630; x_wconf 90' lang='lat' dir='ltr'><strong>de</strong></span> <span class='ocrx_word' id='word_1_400' title='bbox 989 3585 1191 3632; x_wconf 62' lang='lat' dir='ltr'><strong>caetero</strong></span> <span class='ocrx_word' id='word_1_401' title='bbox 1219 3585 1505 3647; x_wconf 85' lang='lat' dir='ltr'><strong>apponunt</strong></span> <span class='ocrx_word' id='word_1_402' title='bbox 1543 3576 1742 3648; x_wconf 89' lang='lat' dir='ltr'><strong>quieti.</strong></span> <span class='ocrx_word' id='word_1_403' title='bbox 1782 3577 1890 3634; x_wconf 90' lang='lat' dir='ltr'><strong>Sed</strong></span> <span class='ocrx_word' id='word_1_404' title='bbox 1934 3577 2053 3633; x_wconf 72' lang='lat' dir='ltr'><strong>haec</strong></span> 
     </span>
    </p>
   </div>
   <div class='ocr_carea' id='block_1_54' title="bbox 461 3663 2053 3742">
    <p class='ocr_par' dir='ltr' id='par_1_54' title="bbox 461 3663 2053 3742">
     <span class='ocr_line' id='line_1_54' title="bbox 461 3663 2053 3742; baseline 0.004 -23"><span class='ocrx_word' id='word_1_405' title='bbox 461 3663 689 3735; x_wconf 86' lang='lat' dir='ltr'><strong>quidem</strong></span> <span class='ocrx_word' id='word_1_406' title='bbox 714 3665 797 3722; x_wconf 91' lang='lat' dir='ltr'><strong>sic</strong></span> <span class='ocrx_word' id='word_1_407' title='bbox 824 3667 1052 3724; x_wconf 89' lang='lat' dir='ltr'><strong>habent.</strong></span> <span class='ocrx_word' id='word_1_408' title='bbox 1097 3669 1326 3727; x_wconf 77' lang='lat' dir='ltr'><strong>Fluvios</strong></span> <span class='ocrx_word' id='word_1_409' title='bbox 1348 3681 1536 3727; x_wconf 89' lang='lat' dir='ltr'><strong>autem</strong></span> <span class='ocrx_word' id='word_1_410' title='bbox 1567 3671 1823 3728; x_wconf 89' lang='lat' dir='ltr'><strong>dividens</strong></span> <span class='ocrx_word' id='word_1_411' title='bbox 1851 3687 1950 3742; x_wconf 89' lang='lat' dir='ltr'><strong>per</strong></span> <span class='ocrx_word' id='word_1_412' title='bbox 1973 3671 2053 3726; x_wconf 91' lang='lat' dir='ltr'><strong>ci-</strong></span> 
     </span>
    </p>
   </div>
   <div class='ocr_carea' id='block_1_55' title="bbox 461 3755 2052 3832">
    <p class='ocr_par' dir='ltr' id='par_1_55' title="bbox 461 3755 2052 3832">
     <span class='ocr_line' id='line_1_55' title="bbox 461 3755 2052 3832; baseline 0.007 -23"><span class='ocrx_word' id='word_1_413' title='bbox 461 3755 714 3824; x_wconf 84' lang='lat' dir='ltr'><strong>vitatem,</strong></span> <span class='ocrx_word' id='word_1_414' title='bbox 743 3767 829 3814; x_wconf 91' lang='lat' dir='ltr'><strong>est</strong></span> <span class='ocrx_word' id='word_1_415' title='bbox 849 3761 1091 3832; x_wconf 80' lang='lat' dir='ltr'><strong>cognitio</strong></span> <span class='ocrx_word' id='word_1_416' title='bbox 1111 3763 1454 3820; x_wconf 87' lang='lat' dir='ltr'><strong>sensibilium</strong></span> <span class='ocrx_word' id='word_1_417' title='bbox 1485 3764 1792 3820; x_wconf 89' lang='lat' dir='ltr'><strong>secundum</strong></span> <span class='ocrx_word' id='word_1_418' title='bbox 1823 3772 2052 3820; x_wconf 89' lang='lat' dir='ltr'><strong>natura-</strong></span> 
     </span>
    </p>
   </div>
   <div class='ocr_carea' id='block_1_56' title="bbox 463 3846 2054 3924">
    <p class='ocr_par' dir='ltr' id='par_1_56' title="bbox 463 3846 2054 3924">
     <span class='ocr_line' id='line_1_56' title="bbox 463 3846 2054 3924; baseline 0.006 -23"><span class='ocrx_word' id='word_1_419' title='bbox 463 3846 572 3901; x_wconf 81' lang='lat' dir='ltr'><strong>lem</strong></span> <span class='ocrx_word' id='word_1_420' title='bbox 607 3850 1130 3920; x_wconf 86' lang='lat' dir='ltr'><strong>contemplationem</strong></span> <span class='ocrx_word' id='word_1_421' title='bbox 1158 3893 1174 3918; x_wconf 95' lang='lat'><strong>,</strong></span> <span class='ocrx_word' id='word_1_422' title='bbox 1229 3863 1289 3908; x_wconf 91' lang='lat' dir='ltr'><strong>ut</strong></span> <span class='ocrx_word' id='word_1_423' title='bbox 1337 3854 1588 3910; x_wconf 89' lang='lat' dir='ltr'><strong>dicamus</strong></span> <span class='ocrx_word' id='word_1_424' title='bbox 1607 3854 1854 3924; x_wconf 85' lang='lat' dir='ltr'><strong>apertius</strong></span> <span class='ocrx_word' id='word_1_425' title='bbox 1894 3869 2054 3924; x_wconf 60' lang='lat' dir='ltr'><strong>:qua</strong></span> 
     </span>
    </p>
   </div>
   <div class='ocr_carea' id='block_1_57' title="bbox 465 3939 2054 4012">
    <p class='ocr_par' dir='ltr' id='par_1_57' title="bbox 465 3939 2054 4012">
     <span class='ocr_line' id='line_1_57' title="bbox 465 3939 2054 4012; baseline 0.004 -19"><span class='ocrx_word' id='word_1_426' title='bbox 465 3939 740 3997; x_wconf 85' lang='lat' dir='ltr'><strong>transiens</strong></span> <span class='ocrx_word' id='word_1_427' title='bbox 771 3957 870 4012; x_wconf 89' lang='lat' dir='ltr'><strong>per</strong></span> <span class='ocrx_word' id='word_1_428' title='bbox 906 3944 1144 4000; x_wconf 86' lang='lat' dir='ltr'><strong>mediam</strong></span> <span class='ocrx_word' id='word_1_429' title='bbox 1172 3947 1432 4012; x_wconf 86' lang='lat' dir='ltr'><strong>animam,</strong></span> <span class='ocrx_word' id='word_1_430' title='bbox 1456 3947 1517 4002; x_wconf 92' lang='lat' dir='ltr'><strong>ﬁt</strong></span> <span class='ocrx_word' id='word_1_431' title='bbox 1545 3945 1844 4001; x_wconf 86' lang='lat' dir='ltr'><strong>conﬁnium</strong></span> <span class='ocrx_word' id='word_1_432' title='bbox 1873 3953 2054 4000; x_wconf 80' lang='lat' dir='ltr'><strong>extre-</strong></span> 
     </span>
    </p>
   </div>
   <div class='ocr_carea' id='block_1_58' title="bbox 463 4034 2054 4108">
    <p class='ocr_par' dir='ltr' id='par_1_58' title="bbox 463 4034 2054 4108">
     <span class='ocr_line' id='line_1_58' title="bbox 463 4034 2054 4108; baseline 0.004 -24"><span class='ocrx_word' id='word_1_433' title='bbox 463 4042 678 4086; x_wconf 88' lang='lat' dir='ltr'><strong>morum</strong></span> <span class='ocrx_word' id='word_1_434' title='bbox 700 4034 901 4090; x_wconf 88' lang='lat' dir='ltr'><strong>mentis</strong></span> <span class='ocrx_word' id='word_1_435' title='bbox 923 4044 981 4090; x_wconf 90' lang='lat' dir='ltr'><strong>et</strong></span> <span class='ocrx_word' id='word_1_436' title='bbox 1003 4051 1218 4103; x_wconf 89' lang='lat' dir='ltr'><strong>sensus,</strong></span> <span class='ocrx_word' id='word_1_437' title='bbox 1251 4054 1348 4108; x_wconf 90' lang='lat' dir='ltr'><strong>per</strong></span> <span class='ocrx_word' id='word_1_438' title='bbox 1369 4054 1427 4093; x_wconf 90' lang='lat' dir='ltr'><strong>se</strong></span> <span class='ocrx_word' id='word_1_439' title='bbox 1449 4048 1691 4093; x_wconf 84' lang='lat' dir='ltr'><strong>mentem</strong></span> <span class='ocrx_word' id='word_1_440' title='bbox 1714 4037 2054 4107; x_wconf 83' lang='lat' dir='ltr'><strong>conjungens</strong></span> 
     </span>
    </p>
   </div>
   <div class='ocr_carea' id='block_1_59' title="bbox 2152 2006 3748 2084">
    <p class='ocr_par' dir='ltr' id='par_1_59' title="bbox 2152 2006 3748 2084">
     <span class='ocr_line' id='line_1_59' title="bbox 2152 2006 3748 2084; baseline -0.012 -7"><span class='ocrx_word' id='word_1_441' title='bbox 2152 2009 2403 2084; x_wconf 81' lang='grc' dir='ltr'>χρήσεως</span> <span class='ocrx_word' id='word_1_442' title='bbox 2445 2009 2670 2078; x_wconf 78' lang='grc' dir='ltr'>ἄγουσιν</span> <span class='ocrx_word' id='word_1_443' title='bbox 2724 2009 2808 2072; x_wconf 83' lang='grc' dir='ltr'><strong>εις</strong></span> <span class='ocrx_word' id='word_1_444' title='bbox 2880 2009 3031 2081; x_wconf 70' lang='grc' dir='ltr'>ἡμᾶς</span> <span class='ocrx_word' id='word_1_445' title='bbox 3081 2007 3175 2062; x_wconf 79' lang='grc' dir='ltr'>τὸν</span> <span class='ocrx_word' id='word_1_446' title='bbox 3222 2007 3508 2062; x_wconf 75' lang='grc' dir='ltr'>διάϐολονο</span> <span class='ocrx_word' id='word_1_447' title='bbox 3557 2006 3637 2078; x_wconf 85' lang='grc' dir='ltr'><strong>τῷ</strong></span> <span class='ocrx_word' id='word_1_448' title='bbox 3685 2006 3748 2059; x_wconf 83' lang='grc' dir='ltr'>δὲ</span> 
     </span>
    </p>
   </div>
   <div class='ocr_carea' id='block_1_60' title="bbox 2153 2098 3750 2174">
    <p class='ocr_par' dir='ltr' id='par_1_60' title="bbox 2153 2098 3750 2174">
     <span class='ocr_line' id='line_1_60' title="bbox 2153 2098 3750 2174; baseline -0.003 -16"><span class='ocrx_word' id='word_1_449' title='bbox 2153 2102 2299 2158; x_wconf 88' lang='grc' dir='ltr'><strong>κατά</strong></span> <span class='ocrx_word' id='word_1_450' title='bbox 2328 2101 2429 2174; x_wconf 78' lang='grc' dir='ltr'>τὴν</span> <span class='ocrx_word' id='word_1_451' title='bbox 2465 2100 2656 2174; x_wconf 83' lang='grc' dir='ltr'>χρείαν</span> <span class='ocrx_word' id='word_1_452' title='bbox 2699 2101 2892 2174; x_wconf 81' lang='grc' dir='ltr'>τρόπῳ</span> <span class='ocrx_word' id='word_1_453' title='bbox 2936 2101 3038 2172; x_wconf 85' lang='grc' dir='ltr'>τῆς</span> <span class='ocrx_word' id='word_1_454' title='bbox 3092 2101 3368 2172; x_wconf 84' lang='grc' dir='ltr'>χρήσεως,</span> <span class='ocrx_word' id='word_1_455' title='bbox 3419 2098 3488 2154; x_wconf 78' lang='grc' dir='ltr'>δι’</span> <span class='ocrx_word' id='word_1_456' title='bbox 3528 2098 3750 2153; x_wconf 81' lang='grc' dir='ltr'>ἑαυτῶν</span> 
     </span>
    </p>
   </div>
   <div class='ocr_carea' id='block_1_61' title="bbox 2153 2190 3749 2266">
    <p class='ocr_par' dir='ltr' id='par_1_61' title="bbox 2153 2190 3749 2266">
     <span class='ocr_line' id='line_1_61' title="bbox 2153 2190 3749 2266; baseline -0.004 -16"><span class='ocrx_word' id='word_1_457' title='bbox 2153 2191 2312 2260; x_wconf 84' lang='grc' dir='ltr'>αὖθις</span> <span class='ocrx_word' id='word_1_458' title='bbox 2341 2193 2787 2266; x_wconf 82' lang='grc' dir='ltr'>ἀποστρέφουσιν</span> <span class='ocrx_word' id='word_1_459' title='bbox 2840 2192 3028 2256; x_wconf 82' lang='grc' dir='ltr'>αὐτὸν,</span> <span class='ocrx_word' id='word_1_460' title='bbox 3064 2193 3340 2261; x_wconf 77' lang='grc' dir='ltr'>φεύγοντα</span> <span class='ocrx_word' id='word_1_461' title='bbox 3383 2193 3462 2254; x_wconf 81' lang='grc' dir='ltr'><strong>είς</strong></span> <span class='ocrx_word' id='word_1_462' title='bbox 3507 2190 3608 2262; x_wconf 74' lang='grc' dir='ltr'>τὴν</span> <span class='ocrx_word' id='word_1_463' title='bbox 3635 2191 3749 2262; x_wconf 84' lang='grc' dir='ltr'>γῆν</span> 
     </span>
    </p>
   </div>
   <div class='ocr_carea' id='block_1_62' title="bbox 2152 2283 3746 2358">
    <p class='ocr_par' dir='ltr' id='par_1_62' title="bbox 2152 2283 3746 2358">
     <span class='ocr_line' id='line_1_62' title="bbox 2152 2283 3746 2358; baseline -0.003 -16"><span class='ocrx_word' id='word_1_464' title='bbox 2152 2287 2320 2342; x_wconf 84' lang='grc' dir='ltr'>αὑτοῦ</span> <span class='ocrx_word' id='word_1_465' title='bbox 2339 2301 2355 2317; x_wconf 85' lang='grc'>⁶</span> <span class='ocrx_word' id='word_1_466' title='bbox 2385 2287 2511 2358; x_wconf 72' lang='grc' dir='ltr'>ἥτις</span> <span class='ocrx_word' id='word_1_467' title='bbox 2541 2286 2689 2341; x_wconf 77' lang='grc' dir='ltr'>ἐστὶν</span> <span class='ocrx_word' id='word_1_468' title='bbox 2719 2287 2754 2358; x_wconf 84' lang='grc' dir='ltr'><strong>ἡ</strong></span> <span class='ocrx_word' id='word_1_469' title='bbox 2777 2285 2951 2355; x_wconf 81' lang='grc' dir='ltr'>παγία</span> <span class='ocrx_word' id='word_1_470' title='bbox 2980 2285 3081 2356; x_wconf 84' lang='grc' dir='ltr'>τῆς</span> <span class='ocrx_word' id='word_1_471' title='bbox 3111 2283 3312 2347; x_wconf 88' lang='grc' dir='ltr'>κακίας</span> <span class='ocrx_word' id='word_1_472' title='bbox 3340 2283 3477 2350; x_wconf 78' lang='grc' dir='ltr'>ἒξις,</span> <span class='ocrx_word' id='word_1_473' title='bbox 3521 2283 3583 2336; x_wconf 82' lang='grc' dir='ltr'><strong>δν</strong></span> <span class='ocrx_word' id='word_1_474' title='bbox 3608 2283 3746 2352; x_wconf 86' lang='grc' dir='ltr'>φεύ-</span> 
     </span>
    </p>
   </div>
   <div class='ocr_carea' id='block_1_63' title="bbox 2152 2375 3748 2453">
    <p class='ocr_par' dir='ltr' id='par_1_63' title="bbox 2152 2375 3748 2453">
     <span class='ocr_line' id='line_1_63' title="bbox 2152 2375 3748 2453; baseline -0.005 -17"><span class='ocrx_word' id='word_1_475' title='bbox 2152 2399 2322 2452; x_wconf 87' lang='grc' dir='ltr'>γοντα</span> <span class='ocrx_word' id='word_1_476' title='bbox 2366 2380 2688 2453; x_wconf 80' lang='grc' dir='ltr'>ἀναιροῦσιν</span> <span class='ocrx_word' id='word_1_477' title='bbox 2731 2383 2780 2434; x_wconf 88' lang='grc' dir='ltr'><strong>οί</strong></span> <span class='ocrx_word' id='word_1_478' title='bbox 2829 2379 2936 2434; x_wconf 74' lang='grc' dir='ltr'>υἱοὶ</span> <span class='ocrx_word' id='word_1_479' title='bbox 2973 2376 3164 2442; x_wconf 81' lang='grc' dir='ltr'>αὑτοῦ,</span> <span class='ocrx_word' id='word_1_480' title='bbox 3201 2378 3297 2431; x_wconf 84' lang='grc' dir='ltr'>καὶ</span> <span class='ocrx_word' id='word_1_481' title='bbox 3337 2375 3632 2446; x_wconf 81' lang='grc' dir='ltr'>φεύγουσιν</span> <span class='ocrx_word' id='word_1_482' title='bbox 3662 2379 3748 2440; x_wconf 83' lang='grc' dir='ltr'><strong>εις</strong></span> 
     </span>
    </p>
   </div>
   <div class='ocr_carea' id='block_1_64' title="bbox 2167 2467 3748 2544">
    <p class='ocr_par' dir='ltr' id='par_1_64' title="bbox 2167 2467 3748 2544">
     <span class='ocr_line' id='line_1_64' title="bbox 2167 2467 3748 2544; baseline -0.005 -16"><span class='ocrx_word' id='word_1_483' title='bbox 2167 2472 2481 2544; x_wconf 77' lang='grc' dir='ltr'>’Λρμενίαν.</span> <span class='ocrx_word' id='word_1_484' title='bbox 2511 2472 2676 2536; x_wconf 75' lang='grc' dir='ltr'>Υίοὺς</span> <span class='ocrx_word' id='word_1_485' title='bbox 2701 2471 2761 2526; x_wconf 78' lang='grc' dir='ltr'>δὲ</span> <span class='ocrx_word' id='word_1_486' title='bbox 2798 2469 2964 2526; x_wconf 87' lang='grc' dir='ltr'>αὐτοῦ</span> <span class='ocrx_word' id='word_1_487' title='bbox 2997 2471 3266 2540; x_wconf 85' lang='grc' dir='ltr'>νοήσομεν</span> <span class='ocrx_word' id='word_1_488' title='bbox 3305 2470 3434 2532; x_wconf 81' lang='grc' dir='ltr'>τοὺς</span> <span class='ocrx_word' id='word_1_489' title='bbox 3475 2467 3535 2534; x_wconf 78' lang='grc' dir='ltr'><strong>ἐξ</strong></span> <span class='ocrx_word' id='word_1_490' title='bbox 3573 2467 3748 2522; x_wconf 84' lang='grc' dir='ltr'>αὑτοῦ</span> 
     </span>
    </p>
   </div>
   <div class='ocr_carea' id='block_1_65' title="bbox 2153 2553 3750 2636">
    <p class='ocr_par' dir='ltr' id='par_1_65' title="bbox 2153 2553 3750 2636">
     <span class='ocr_line' id='line_1_65' title="bbox 2153 2553 3750 2636; baseline -0.004 -17"><span class='ocrx_word' id='word_1_491' title='bbox 2153 2565 2509 2636; x_wconf 78' lang='grc' dir='ltr'>τικτομένους</span> <span class='ocrx_word' id='word_1_492' title='bbox 2540 2563 2816 2634; x_wconf 75' lang='grc' dir='ltr'>πονηροὺς</span> <span class='ocrx_word' id='word_1_493' title='bbox 2847 2563 3168 2634; x_wconf 80' lang='grc' dir='ltr'>λογισμοὺς,</span> <span class='ocrx_word' id='word_1_494' title='bbox 3195 2560 3287 2630; x_wconf 79' lang='grc' dir='ltr'><strong>ὑφ’</strong></span> <span class='ocrx_word' id='word_1_495' title='bbox 3310 2553 3385 2615; x_wconf 82' lang='grc' dir='ltr'>ὧν</span> <span class='ocrx_word' id='word_1_496' title='bbox 3412 2561 3750 2631; x_wconf 83' lang='grc' dir='ltr'>ἀναιρεῖται,</span> 
     </span>
    </p>
   </div>
   <div class='ocr_carea' id='block_1_66' title="bbox 2153 2643 3753 2726">
    <p class='ocr_par' dir='ltr' id='par_1_66' title="bbox 2153 2643 3753 2726">
     <span class='ocr_line' id='line_1_66' title="bbox 2153 2643 3753 2726; baseline -0.004 -16"><span class='ocrx_word' id='word_1_497' title='bbox 2153 2656 2241 2710; x_wconf 84' lang='grc' dir='ltr'>ὅτε</span> <span class='ocrx_word' id='word_1_498' title='bbox 2289 2653 2720 2726; x_wconf 83' lang='grc' dir='ltr'>συγχρησόμεθα</span> <span class='ocrx_word' id='word_1_499' title='bbox 2760 2653 2974 2718; x_wconf 87' lang='grc' dir='ltr'>τούτοις</span> <span class='ocrx_word' id='word_1_500' title='bbox 3018 2654 3100 2717; x_wconf 78' lang='grc' dir='ltr'>εἰς</span> <span class='ocrx_word' id='word_1_501' title='bbox 3144 2651 3386 2721; x_wconf 78' lang='grc' dir='ltr'>ἀγαθόν’</span> <span class='ocrx_word' id='word_1_502' title='bbox 3428 2653 3525 2706; x_wconf 64' lang='grc' dir='ltr'><strong>καλ⁵</strong></span> <span class='ocrx_word' id='word_1_503' title='bbox 3561 2650 3630 2704; x_wconf 88' lang='grc' dir='ltr'><strong>δι’</strong></span> <span class='ocrx_word' id='word_1_504' title='bbox 3667 2643 3753 2704; x_wconf 82' lang='grc' dir='ltr'>ὧν</span> 
     </span>
    </p>
   </div>
   <div class='ocr_carea' id='block_1_67' title="bbox 2154 2740 3753 2813">
    <p class='ocr_par' dir='ltr' id='par_1_67' title="bbox 2154 2740 3753 2813">
     <span class='ocr_line' id='line_1_67' title="bbox 2154 2740 3753 2813; baseline -0.005 -11"><span class='ocrx_word' id='word_1_505' title='bbox 2154 2747 2488 2802; x_wconf 72' lang='grc' dir='ltr'>ἐσπούδασεν</span> <span class='ocrx_word' id='word_1_506' title='bbox 2533 2747 2696 2813; x_wconf 69' lang='grc' dir='ltr'>ἑλεῖν,</span> <span class='ocrx_word' id='word_1_507' title='bbox 2745 2745 2836 2801; x_wconf 80' lang='grc' dir='ltr'><strong>διὰ</strong></span> <span class='ocrx_word' id='word_1_508' title='bbox 2882 2743 3089 2799; x_wconf 80' lang='grc' dir='ltr'>τούτων</span> <span class='ocrx_word' id='word_1_509' title='bbox 3118 2744 3404 2813; x_wconf 76' lang='grc' dir='ltr'>ἀνέλωμεν</span> <span class='ocrx_word' id='word_1_510' title='bbox 3441 2740 3626 2796; x_wconf 82' lang='grc' dir='ltr'>αὐτόν.</span> <span class='ocrx_word' id='word_1_511' title='bbox 3681 2741 3753 2795; x_wconf 75' lang='grc' dir='ltr'><strong>Οἳ</strong></span> 
     </span>
    </p>
   </div>
   <div class='ocr_carea' id='block_1_68' title="bbox 2154 2832 3754 2909">
    <p class='ocr_par' dir='ltr' id='par_1_68' title="bbox 2154 2832 3754 2909">
     <span class='ocr_line' id='line_1_68' title="bbox 2154 2832 3754 2909; baseline -0.004 -17"><span class='ocrx_word' id='word_1_512' title='bbox 2154 2839 2248 2894; x_wconf 72' lang='grc' dir='ltr'>καὶ</span> <span class='ocrx_word' id='word_1_513' title='bbox 2277 2838 2571 2909; x_wconf 86' lang='grc' dir='ltr'>φεύγουσιν</span> <span class='ocrx_word' id='word_1_514' title='bbox 2605 2839 2685 2902; x_wconf 87' lang='grc' dir='ltr'><strong>είς</strong></span> <span class='ocrx_word' id='word_1_515' title='bbox 2719 2836 3024 2908; x_wconf 84' lang='grc' dir='ltr'>παράθεσιν</span> <span class='ocrx_word' id='word_1_516' title='bbox 3049 2836 3436 2898; x_wconf 88' lang='grc' dir='ltr'>ἀναπαύσεως.</span> <span class='ocrx_word' id='word_1_517' title='bbox 3480 2832 3754 2903; x_wconf 67' lang='grc' dir='ltr'>Ἀρμενία</span> 
     </span>
    </p>
   </div>
   <div class='ocr_carea' id='block_1_69' title="bbox 2155 2926 3756 3006">
    <p class='ocr_par' dir='ltr' id='par_1_69' title="bbox 2155 2926 3756 3006">
     <span class='ocr_line' id='line_1_69' title="bbox 2155 2926 3756 3006; baseline -0.007 -18"><span class='ocrx_word' id='word_1_518' title='bbox 2155 2934 2267 3006; x_wconf 80' lang='grc' dir='ltr'>γὰρ</span> <span class='ocrx_word' id='word_1_519' title='bbox 2300 2931 2666 3004; x_wconf 77' lang='grc' dir='ltr'>ἑρμηνεύεται</span> <span class='ocrx_word' id='word_1_520' title='bbox 2694 2929 3033 2999; x_wconf 77' lang='grc' dir='ltr'>παράθεσις</span> <span class='ocrx_word' id='word_1_521' title='bbox 3059 2928 3484 2994; x_wconf 75' lang='grc' dir='ltr'>ἀναπαύσεως.</span> <span class='ocrx_word' id='word_1_522' title='bbox 3505 2926 3756 2996; x_wconf 77' lang='grc' dir='ltr'>Παρατι-</span> 
     </span>
    </p>
   </div>
   <div class='ocr_carea' id='block_1_70' title="bbox 2155 3014 3759 3095">
    <p class='ocr_par' dir='ltr' id='par_1_70' title="bbox 2155 3014 3759 3095">
     <span class='ocr_line' id='line_1_70' title="bbox 2155 3014 3759 3095; baseline -0.006 -16"><span class='ocrx_word' id='word_1_523' title='bbox 2155 3025 2313 3080; x_wconf 90' lang='grc' dir='ltr'>θέασι</span> <span class='ocrx_word' id='word_1_524' title='bbox 2341 3023 2452 3095; x_wconf 89' lang='grc' dir='ltr'><strong>γάρ</strong></span> <span class='ocrx_word' id='word_1_525' title='bbox 2477 3023 2626 3095; x_wconf 79' lang='grc' dir='ltr'>ἡμᾶς</span> <span class='ocrx_word' id='word_1_526' title='bbox 2655 3020 2964 3076; x_wconf 83' lang='grc' dir='ltr'>ἀναπαύσει</span> <span class='ocrx_word' id='word_1_527' title='bbox 2992 3019 3202 3075; x_wconf 84' lang='grc' dir='ltr'>λοιπόν.</span> <span class='ocrx_word' id='word_1_528' title='bbox 3256 3017 3416 3072; x_wconf 80' lang='grc' dir='ltr'>Ἀλλὰ</span> <span class='ocrx_word' id='word_1_529' title='bbox 3443 3014 3617 3072; x_wconf 84' lang='grc' dir='ltr'>ταῦτα</span> <span class='ocrx_word' id='word_1_530' title='bbox 3645 3015 3759 3086; x_wconf 81' lang='grc' dir='ltr'>μὲν</span> 
     </span>
    </p>
   </div>
   <div class='ocr_carea' id='block_1_71' title="bbox 2155 3107 3756 3184">
    <p class='ocr_par' dir='ltr' id='par_1_71' title="bbox 2155 3107 3756 3184">
     <span class='ocr_line' id='line_1_71' title="bbox 2155 3107 3756 3184; baseline -0.005 -16"><span class='ocrx_word' id='word_1_531' title='bbox 2155 3113 2350 3178; x_wconf 78' lang='grc' dir='ltr'>οὔτως.</span> <span class='ocrx_word' id='word_1_532' title='bbox 2385 3112 2638 3184; x_wconf 78' lang='grc' dir='ltr'>Ποταμδς</span> <span class='ocrx_word' id='word_1_533' title='bbox 2669 3112 2727 3165; x_wconf 74' lang='grc' dir='ltr'>δὲ</span> <span class='ocrx_word' id='word_1_534' title='bbox 2752 3111 3006 3181; x_wconf 78' lang='grc' dir='ltr'>διορίζων</span> <span class='ocrx_word' id='word_1_535' title='bbox 3038 3109 3128 3164; x_wconf 84' lang='grc' dir='ltr'><strong>διὰ</strong></span> <span class='ocrx_word' id='word_1_536' title='bbox 3151 3109 3253 3180; x_wconf 81' lang='grc' dir='ltr'>τῆς</span> <span class='ocrx_word' id='word_1_537' title='bbox 3277 3108 3508 3174; x_wconf 88' lang='grc' dir='ltr'>πόλεως,</span> <span class='ocrx_word' id='word_1_538' title='bbox 3536 3109 3571 3178; x_wconf 89' lang='grc' dir='ltr'><strong>ή</strong></span> <span class='ocrx_word' id='word_1_539' title='bbox 3600 3107 3756 3162; x_wconf 77' lang='grc' dir='ltr'>κατὰ</span> 
     </span>
    </p>
   </div>
   <div class='ocr_carea' id='block_1_72' title="bbox 2159 3200 3756 3278">
    <p class='ocr_par' dir='ltr' id='par_1_72' title="bbox 2159 3200 3756 3278">
     <span class='ocr_line' id='line_1_72' title="bbox 2159 3200 3756 3278; baseline -0.007 -16"><span class='ocrx_word' id='word_1_540' title='bbox 2159 3208 2261 3278; x_wconf 80' lang='grc' dir='ltr'>τὴν</span> <span class='ocrx_word' id='word_1_541' title='bbox 2288 3206 2527 3277; x_wconf 84' lang='grc' dir='ltr'>φυσικὴν</span> <span class='ocrx_word' id='word_1_542' title='bbox 2557 3205 2795 3277; x_wconf 85' lang='grc' dir='ltr'>θεωρίαν</span> <span class='ocrx_word' id='word_1_543' title='bbox 2823 3203 3026 3273; x_wconf 84' lang='grc' dir='ltr'>γνῶσις</span> <span class='ocrx_word' id='word_1_544' title='bbox 3050 3202 3162 3257; x_wconf 85' lang='grc' dir='ltr'><strong>τῶν</strong></span> <span class='ocrx_word' id='word_1_545' title='bbox 3189 3200 3491 3271; x_wconf 73' lang='grc' dir='ltr'>αἰσθητῶν,</span> <span class='ocrx_word' id='word_1_546' title='bbox 3523 3200 3613 3253; x_wconf 80' lang='grc' dir='ltr'>ἶνα</span> <span class='ocrx_word' id='word_1_547' title='bbox 3649 3213 3756 3252; x_wconf 87' lang='grc' dir='ltr'>σα-</span> 
     </span>
    </p>
   </div>
   <div class='ocr_carea' id='block_1_73' title="bbox 2159 3291 3756 3372">
    <p class='ocr_par' dir='ltr' id='par_1_73' title="bbox 2159 3291 3756 3372">
     <span class='ocr_line' id='line_1_73' title="bbox 2159 3291 3756 3372; baseline -0.007 -17"><span class='ocrx_word' id='word_1_548' title='bbox 2159 3301 2426 3372; x_wconf 82' lang='grc' dir='ltr'>φέστερον</span> <span class='ocrx_word' id='word_1_549' title='bbox 2455 3298 2704 3370; x_wconf 87' lang='grc' dir='ltr'>εῐπωμεν</span> <span class='ocrx_word' id='word_1_550' title='bbox 2728 3311 2742 3327; x_wconf 79' lang='grc'><strong><em>⁸</em></strong></span> <span class='ocrx_word' id='word_1_551' title='bbox 2776 3298 2900 3368; x_wconf 79' lang='grc' dir='ltr'>ἥτις</span> <span class='ocrx_word' id='word_1_552' title='bbox 2940 3293 3267 3366; x_wconf 80' lang='grc' dir='ltr'>διερχομένη</span> <span class='ocrx_word' id='word_1_553' title='bbox 3311 3292 3401 3347; x_wconf 82' lang='grc' dir='ltr'>διὰ</span> <span class='ocrx_word' id='word_1_554' title='bbox 3443 3291 3618 3362; x_wconf 87' lang='grc' dir='ltr'>μέσης</span> <span class='ocrx_word' id='word_1_555' title='bbox 3650 3291 3756 3361; x_wconf 82' lang='grc' dir='ltr'>τῆς</span> 
     </span>
    </p>
   </div>
   <div class='ocr_carea' id='block_1_74' title="bbox 2159 3383 3754 3465">
    <p class='ocr_par' dir='ltr' id='par_1_74' title="bbox 2159 3383 3754 3465">
     <span class='ocr_line' id='line_1_74' title="bbox 2159 3383 3754 3465; baseline -0.008 -17"><span class='ocrx_word' id='word_1_556' title='bbox 2159 3393 2364 3465; x_wconf 76' lang='grc' dir='ltr'>ψυχῆς,</span> <span class='ocrx_word' id='word_1_557' title='bbox 2405 3391 2660 3464; x_wconf 77' lang='grc' dir='ltr'>μεθόριον</span> <span class='ocrx_word' id='word_1_558' title='bbox 2689 3391 2800 3446; x_wconf 87' lang='grc' dir='ltr'><strong>τῶν</strong></span> <span class='ocrx_word' id='word_1_559' title='bbox 2821 3391 3008 3461; x_wconf 76' lang='grc' dir='ltr'>ἄκρων</span> <span class='ocrx_word' id='word_1_560' title='bbox 3037 3387 3272 3458; x_wconf 82' lang='grc' dir='ltr'>γίνεται,</span> <span class='ocrx_word' id='word_1_561' title='bbox 3305 3384 3397 3439; x_wconf 88' lang='grc' dir='ltr'><strong>νοῦ</strong></span> <span class='ocrx_word' id='word_1_562' title='bbox 3423 3384 3523 3438; x_wconf 81' lang='grc' dir='ltr'>καὶ</span> <span class='ocrx_word' id='word_1_563' title='bbox 3549 3383 3754 3455; x_wconf 84' lang='grc' dir='ltr'>αἰσθή-</span> 
     </span>
    </p>
   </div>
   <div class='ocr_carea' id='block_1_75' title="bbox 2163 3475 3752 3553">
    <p class='ocr_par' dir='ltr' id='par_1_75' title="bbox 2163 3475 3752 3553">
     <span class='ocr_line' id='line_1_75' title="bbox 2163 3475 3752 3553; baseline -0.004 -16"><span class='ocrx_word' id='word_1_564' title='bbox 2163 3501 2302 3548; x_wconf 88' lang='grc' dir='ltr'>σεως</span> <span class='ocrx_word' id='word_1_565' title='bbox 2322 3524 2337 3549; x_wconf 95' lang='grc'><strong>,</strong></span> <span class='ocrx_word' id='word_1_566' title='bbox 2374 3482 2444 3537; x_wconf 86' lang='grc' dir='ltr'><strong>δι’</strong></span> <span class='ocrx_word' id='word_1_567' title='bbox 2473 3483 2676 3553; x_wconf 76' lang='grc' dir='ltr'>ἑαυτῆς</span> <span class='ocrx_word' id='word_1_568' title='bbox 2711 3481 3060 3534; x_wconf 83' lang='grc' dir='ltr'>συνάπτουσα</span> <span class='ocrx_word' id='word_1_569' title='bbox 3105 3477 3198 3531; x_wconf 86' lang='grc' dir='ltr'><strong>τδν</strong></span> <span class='ocrx_word' id='word_1_570' title='bbox 3223 3475 3351 3532; x_wconf 90' lang='grc' dir='ltr'>νοῦν</span> <span class='ocrx_word' id='word_1_571' title='bbox 3374 3477 3440 3547; x_wconf 81' lang='grc' dir='ltr'><strong>τῇ</strong></span> <span class='ocrx_word' id='word_1_572' title='bbox 3472 3475 3752 3546; x_wconf 74' lang='grc' dir='ltr'>αἰσθήσει.</span> 
     </span>
    </p>
   </div>
   <div class='ocr_carea' id='block_1_76' title="bbox 2171 3563 3757 3648">
    <p class='ocr_par' dir='ltr' id='par_1_76' title="bbox 2171 3563 3757 3648">
     <span class='ocr_line' id='line_1_76' title="bbox 2171 3563 3757 3648; baseline -0.008 -16"><span class='ocrx_word' id='word_1_573' title='bbox 2171 3578 2236 3632; x_wconf 82' lang='grc' dir='ltr'><em>Ἢ</em></span> <span class='ocrx_word' id='word_1_574' title='bbox 2269 3577 2381 3648; x_wconf 86' lang='grc' dir='ltr'>γὰρ</span> <span class='ocrx_word' id='word_1_575' title='bbox 2408 3575 2612 3645; x_wconf 84' lang='grc' dir='ltr'>γνῶσις</span> <span class='ocrx_word' id='word_1_576' title='bbox 2643 3573 2754 3628; x_wconf 87' lang='grc' dir='ltr'><strong>τῶν</strong></span> <span class='ocrx_word' id='word_1_577' title='bbox 2780 3571 3086 3643; x_wconf 75' lang='grc' dir='ltr'>αἰσθητῶν,</span> <span class='ocrx_word' id='word_1_578' title='bbox 3116 3570 3242 3624; x_wconf 86' lang='grc' dir='ltr'>καθ’</span> <span class='ocrx_word' id='word_1_579' title='bbox 3281 3569 3310 3622; x_wconf 83' lang='grc' dir='ltr'><strong>ὃ</strong></span> <span class='ocrx_word' id='word_1_580' title='bbox 3345 3567 3447 3639; x_wconf 78' lang='grc' dir='ltr'>μὲν</span> <span class='ocrx_word' id='word_1_581' title='bbox 3479 3569 3562 3630; x_wconf 84' lang='grc' dir='ltr'><strong>είς</strong></span> <span class='ocrx_word' id='word_1_582' title='bbox 3609 3563 3757 3632; x_wconf 82' lang='grc' dir='ltr'>εἶδος</span> 
     </span>
    </p>
   </div>
   <div class='ocr_carea' id='block_1_77' title="bbox 2159 3657 3756 3735">
    <p class='ocr_par' dir='ltr' id='par_1_77' title="bbox 2159 3657 3756 3735">
     <span class='ocr_line' id='line_1_77' title="bbox 2159 3657 3756 3735; baseline -0.009 -13"><span class='ocrx_word' id='word_1_583' title='bbox 2159 3666 2428 3722; x_wconf 83' lang='grc' dir='ltr'>τυποῦται</span> <span class='ocrx_word' id='word_1_584' title='bbox 2459 3667 2574 3730; x_wconf 85' lang='grc' dir='ltr'>τοῖς</span> <span class='ocrx_word' id='word_1_585' title='bbox 2603 3665 2853 3735; x_wconf 86' lang='grc' dir='ltr'>σχήμασι</span> <span class='ocrx_word' id='word_1_586' title='bbox 2890 3661 2999 3717; x_wconf 89' lang='grc' dir='ltr'><strong>τῶν</strong></span> <span class='ocrx_word' id='word_1_587' title='bbox 3039 3658 3316 3729; x_wconf 84' lang='grc' dir='ltr'>αίσθητῶν</span> <span class='ocrx_word' id='word_1_588' title='bbox 3335 3698 3351 3724; x_wconf 93' lang='grc'><strong>,</strong></span> <span class='ocrx_word' id='word_1_589' title='bbox 3377 3659 3630 3712; x_wconf 83' lang='grc' dir='ltr'>κοινωνεί</span> <span class='ocrx_word' id='word_1_590' title='bbox 3672 3657 3756 3728; x_wconf 83' lang='grc' dir='ltr'>τῷ</span> 
     </span>
    </p>
   </div>
   <div class='ocr_carea' id='block_1_78' title="bbox 2158 3751 3755 3833">
    <p class='ocr_par' dir='ltr' id='par_1_78' title="bbox 2158 3751 3755 3833">
     <span class='ocr_line' id='line_1_78' title="bbox 2158 3751 3755 3833; baseline -0.009 -16"><span class='ocrx_word' id='word_1_591' title='bbox 2158 3761 2255 3833; x_wconf 82' lang='grc' dir='ltr'>νῷ.</span> <span class='ocrx_word' id='word_1_592' title='bbox 2281 3760 2394 3816; x_wconf 77' lang='grc' dir='ltr'><strong>Καὶ</strong></span> <span class='ocrx_word' id='word_1_593' title='bbox 2422 3761 2456 3831; x_wconf 86' lang='grc' dir='ltr'><strong>ή</strong></span> <span class='ocrx_word' id='word_1_594' title='bbox 2485 3759 2726 3829; x_wconf 85' lang='grc' dir='ltr'>συνθήκη</span> <span class='ocrx_word' id='word_1_595' title='bbox 2749 3757 2809 3811; x_wconf 80' lang='grc' dir='ltr'>δὲ</span> <span class='ocrx_word' id='word_1_596' title='bbox 2835 3756 2945 3810; x_wconf 89' lang='grc' dir='ltr'><strong>τῶν</strong></span> <span class='ocrx_word' id='word_1_597' title='bbox 2973 3755 3172 3820; x_wconf 79' lang='grc' dir='ltr'>λέξεων</span> <span class='ocrx_word' id='word_1_598' title='bbox 3226 3752 3377 3824; x_wconf 85' lang='grc' dir='ltr'>δηλοῖ</span> <span class='ocrx_word' id='word_1_599' title='bbox 3403 3751 3502 3822; x_wconf 80' lang='grc' dir='ltr'>τὴν</span> <span class='ocrx_word' id='word_1_600' title='bbox 3530 3751 3755 3804; x_wconf 85' lang='grc' dir='ltr'>σύνοδον</span> 
     </span>
    </p>
   </div>
   <div class='ocr_carea' id='block_1_79' title="bbox 2158 3838 3753 3921">
    <p class='ocr_par' dir='ltr' id='par_1_79' title="bbox 2158 3838 3753 3921">
     <span class='ocr_line' id='line_1_79' title="bbox 2158 3838 3753 3921; baseline -0.007 -15"><span class='ocrx_word' id='word_1_601' title='bbox 2158 3851 2255 3906; x_wconf 91' lang='grc' dir='ltr'><strong>τοῦ</strong></span> <span class='ocrx_word' id='word_1_602' title='bbox 2283 3851 2376 3906; x_wconf 90' lang='grc' dir='ltr'><strong>νοῦ</strong></span> <span class='ocrx_word' id='word_1_603' title='bbox 2409 3851 2504 3904; x_wconf 75' lang='grc' dir='ltr'>καὶ</span> <span class='ocrx_word' id='word_1_604' title='bbox 2539 3851 2638 3921; x_wconf 86' lang='grc' dir='ltr'>τῆς</span> <span class='ocrx_word' id='word_1_605' title='bbox 2665 3838 2996 3918; x_wconf 72' lang='grc' dir='ltr'>αἰσθήσεως.</span> <span class='ocrx_word' id='word_1_606' title='bbox 3042 3847 3082 3898; x_wconf 92' lang='grc' dir='ltr'><strong>Γ</strong></span> <span class='ocrx_word' id='word_1_607' title='bbox 3085 3845 3250 3909; x_wconf 89' lang='grc' dir='ltr'>νῶσις</span> <span class='ocrx_word' id='word_1_608' title='bbox 3277 3844 3390 3914; x_wconf 84' lang='grc' dir='ltr'>γὰρ</span> <span class='ocrx_word' id='word_1_609' title='bbox 3417 3843 3525 3897; x_wconf 86' lang='grc' dir='ltr'><strong>τῶν</strong></span> <span class='ocrx_word' id='word_1_610' title='bbox 3553 3842 3753 3912; x_wconf 76' lang='grc' dir='ltr'>αἰσθη-</span> 
     </span>
    </p>
   </div>
   <div class='ocr_carea' id='block_1_80' title="bbox 2158 3935 3752 4014">
    <p class='ocr_par' dir='ltr' id='par_1_80' title="bbox 2158 3935 3752 4014">
     <span class='ocr_line' id='line_1_80' title="bbox 2158 3935 3752 4014; baseline -0.007 -15"><span class='ocrx_word' id='word_1_611' title='bbox 2158 3946 2285 4002; x_wconf 90' lang='grc' dir='ltr'>τῶν.</span> <span class='ocrx_word' id='word_1_612' title='bbox 2321 3945 2430 3999; x_wconf 75' lang='grc' dir='ltr'><strong>Καὶ</strong></span> <span class='ocrx_word' id='word_1_613' title='bbox 2455 3945 2488 4014; x_wconf 85' lang='grc' dir='ltr'><strong>ή</strong></span> <span class='ocrx_word' id='word_1_614' title='bbox 2515 3943 2614 4014; x_wconf 84' lang='grc' dir='ltr'>μὲν</span> <span class='ocrx_word' id='word_1_615' title='bbox 2636 3941 2840 4011; x_wconf 83' lang='grc' dir='ltr'>γνῶσις</span> <span class='ocrx_word' id='word_1_616' title='bbox 2857 3939 3037 3996; x_wconf 85' lang='grc' dir='ltr'>οἰκεία</span> <span class='ocrx_word' id='word_1_617' title='bbox 3061 3938 3139 4011; x_wconf 87' lang='grc' dir='ltr'>τῷ</span> <span class='ocrx_word' id='word_1_618' title='bbox 3165 3938 3242 4010; x_wconf 83' lang='grc' dir='ltr'>νῷ</span> <span class='ocrx_word' id='word_1_619' title='bbox 3268 3955 3280 3969; x_wconf 91' lang='grc'><strong>·</strong></span> <span class='ocrx_word' id='word_1_620' title='bbox 3309 3937 3380 3992; x_wconf 82' lang='grc' dir='ltr'><strong>τά</strong></span> <span class='ocrx_word' id='word_1_621' title='bbox 3398 3937 3454 3991; x_wconf 82' lang='grc' dir='ltr'>δὲ</span> <span class='ocrx_word' id='word_1_622' title='bbox 3485 3935 3752 4008; x_wconf 74' lang='grc' dir='ltr'>αἰσθητὰ,</span> 
     </span>
    </p>
   </div>
   <div class='ocr_carea' id='block_1_81' title="bbox 2157 4032 2736 4104">
    <p class='ocr_par' dir='ltr' id='par_1_81' title="bbox 2157 4032 2736 4104">
     <span class='ocr_line' id='line_1_81' title="bbox 2157 4032 2736 4104; baseline -0.012 -14"><span class='ocrx_word' id='word_1_623' title='bbox 2157 4037 2337 4090; x_wconf 78' lang='grc' dir='ltr'>οἰκεῖα</span> <span class='ocrx_word' id='word_1_624' title='bbox 2361 4036 2428 4104; x_wconf 76' lang='grc' dir='ltr'>τῇ</span> <span class='ocrx_word' id='word_1_625' title='bbox 2462 4032 2736 4103; x_wconf 88' lang='grc' dir='ltr'>αίσθήσει.</span> 
     </span>
    </p>
   </div>
   <div class='ocr_carea' id='block_1_82' title="bbox 462 4117 3751 4201">
    <p class='ocr_par' dir='ltr' id='par_1_82' title="bbox 462 4117 3751 4201">
     <span class='ocr_line' id='line_1_82' title="bbox 462 4117 3751 4201; baseline -0.003 -22"><span class='ocrx_word' id='word_1_626' title='bbox 462 4124 672 4180; x_wconf 89' lang='lat' dir='ltr'><strong>sensui.</strong></span> <span class='ocrx_word' id='word_1_627' title='bbox 717 4126 856 4186; x_wconf 83' lang='lat' dir='ltr'><strong>Nam</strong></span> <span class='ocrx_word' id='word_1_628' title='bbox 888 4128 1132 4199; x_wconf 81' lang='lat' dir='ltr'><strong>cognitio</strong></span> <span class='ocrx_word' id='word_1_629' title='bbox 1182 4131 1492 4196; x_wconf 87' lang='lat' dir='ltr'><strong>sensilium,</strong></span> <span class='ocrx_word' id='word_1_630' title='bbox 1534 4141 1811 4201; x_wconf 85' lang='lat' dir='ltr'><strong>quatenus</strong></span> <span class='ocrx_word' id='word_1_631' title='bbox 1871 4130 2097 4200; x_wconf 90' lang='lat' dir='ltr'><strong>quidem</strong></span> <span class='ocrx_word' id='word_1_632' title='bbox 2137 4129 2330 4200; x_wconf 86' lang='lat' dir='ltr'><strong>ﬁguris</strong></span> <span class='ocrx_word' id='word_1_633' title='bbox 2391 4126 2678 4182; x_wconf 88' lang='lat' dir='ltr'><strong>sensilium</strong></span> <span class='ocrx_word' id='word_1_634' title='bbox 2724 4122 3054 4195; x_wconf 79' lang='lat' dir='ltr'><strong>exprimitur</strong></span> <span class='ocrx_word' id='word_1_635' title='bbox 3097 4122 3152 4176; x_wconf 90' lang='lat' dir='ltr'><strong>in</strong></span> <span class='ocrx_word' id='word_1_636' title='bbox 3202 4121 3434 4177; x_wconf 81' lang='lat' dir='ltr'><strong>formam</strong></span> <span class='ocrx_word' id='word_1_637' title='bbox 3480 4117 3581 4190; x_wconf 74' lang='lat' dir='ltr'><strong>[ea</strong></span> <span class='ocrx_word' id='word_1_638' title='bbox 3617 4130 3751 4172; x_wconf 88' lang='lat' dir='ltr'><strong>cum</strong></span> 
     </span>
    </p>
   </div>
   <div class='ocr_carea' id='block_1_83' title="bbox 462 4211 3755 4290">
    <p class='ocr_par' dir='ltr' id='par_1_83' title="bbox 462 4211 3755 4290">
     <span class='ocr_line' id='line_1_83' title="bbox 462 4211 3755 4290; baseline -0.004 -12"><span class='ocrx_word' id='word_1_639' title='bbox 462 4235 628 4278; x_wconf 85' lang='lat' dir='ltr'><strong>sensu</strong></span> <span class='ocrx_word' id='word_1_640' title='bbox 668 4219 836 4275; x_wconf 87' lang='lat' dir='ltr'><strong>habet</strong></span> <span class='ocrx_word' id='word_1_641' title='bbox 878 4220 1221 4276; x_wconf 87' lang='lat' dir='ltr'><strong>societatem.</strong></span> <span class='ocrx_word' id='word_1_642' title='bbox 1262 4220 1547 4288; x_wconf 88' lang='lat' dir='ltr'><strong>Quatenus</strong></span> <span class='ocrx_word' id='word_1_643' title='bbox 1589 4227 1774 4276; x_wconf 85' lang='lat' dir='ltr'><strong>autem</strong></span> <span class='ocrx_word' id='word_1_644' title='bbox 1801 4220 2207 4290; x_wconf 77' lang='lat' dir='ltr'><strong>contemplatur</strong></span> <span class='ocrx_word' id='word_1_645' title='bbox 2231 4219 2473 4274; x_wconf 88' lang='lat' dir='ltr'><strong>rationes</strong></span> <span class='ocrx_word' id='word_1_646' title='bbox 2528 4214 2864 4286; x_wconf 83' lang='lat' dir='ltr'><strong>sensilium],</strong></span> <span class='ocrx_word' id='word_1_647' title='bbox 2919 4230 2986 4270; x_wconf 88' lang='lat' dir='ltr'><strong>ea</strong></span> <span class='ocrx_word' id='word_1_648' title='bbox 3041 4213 3362 4269; x_wconf 84' lang='lat' dir='ltr'><strong>societatem</strong></span> <span class='ocrx_word' id='word_1_649' title='bbox 3398 4211 3567 4265; x_wconf 88' lang='lat' dir='ltr'><strong>habet</strong></span> <span class='ocrx_word' id='word_1_650' title='bbox 3618 4227 3755 4265; x_wconf 87' lang='lat' dir='ltr'><strong>cum</strong></span> 
     </span>
    </p>
   </div>
   <div class='ocr_carea' id='block_1_84' title="bbox 462 4301 3757 4386">
    <p class='ocr_par' dir='ltr' id='par_1_84' title="bbox 462 4301 3757 4386">
     <span class='ocr_line' id='line_1_84' title="bbox 462 4301 3757 4386; baseline -0.004 -18"><span class='ocrx_word' id='word_1_651' title='bbox 462 4322 669 4368; x_wconf 80' lang='lat' dir='ltr'><strong>mente.</strong></span> <span class='ocrx_word' id='word_1_652' title='bbox 731 4312 851 4369; x_wconf 87' lang='lat' dir='ltr'><strong>Jam</strong></span> <span class='ocrx_word' id='word_1_653' title='bbox 873 4328 1006 4368; x_wconf 87' lang='lat' dir='ltr'><strong>vero</strong></span> <span class='ocrx_word' id='word_1_654' title='bbox 1026 4312 1143 4384; x_wconf 89' lang='lat' dir='ltr'><strong>ipsa</strong></span> <span class='ocrx_word' id='word_1_655' title='bbox 1162 4328 1385 4385; x_wconf 86' lang='lat' dir='ltr'><strong>quoque</strong></span> <span class='ocrx_word' id='word_1_656' title='bbox 1413 4313 1722 4369; x_wconf 88' lang='lat' dir='ltr'><strong>dictionum</strong></span> <span class='ocrx_word' id='word_1_657' title='bbox 1753 4313 2082 4386; x_wconf 85' lang='lat' dir='ltr'><strong>compositio</strong></span> <span class='ocrx_word' id='word_1_658' title='bbox 2122 4311 2332 4368; x_wconf 83' lang='lat' dir='ltr'><strong>indicat</strong></span> <span class='ocrx_word' id='word_1_659' title='bbox 2355 4324 2712 4381; x_wconf 84' lang='lat' dir='ltr'><strong>congressum</strong></span> <span class='ocrx_word' id='word_1_660' title='bbox 2773 4307 2974 4362; x_wconf 89' lang='lat' dir='ltr'><strong>mentis</strong></span> <span class='ocrx_word' id='word_1_661' title='bbox 3005 4313 3064 4362; x_wconf 91' lang='lat' dir='ltr'><strong>ct</strong></span> <span class='ocrx_word' id='word_1_662' title='bbox 3086 4319 3302 4361; x_wconf 82' lang='lat' dir='ltr'><strong>sensus.</strong></span> <span class='ocrx_word' id='word_1_663' title='bbox 3330 4303 3537 4372; x_wconf 85' lang='lat' dir='ltr'><strong>Nempe</strong></span> <span class='ocrx_word' id='word_1_664' title='bbox 3559 4301 3757 4372; x_wconf 84' lang='lat' dir='ltr'><strong>cogni-</strong></span> 
     </span>
    </p>
   </div>
   <div class='ocr_carea' id='block_1_85' title="bbox 462 4394 3755 4479">
    <p class='ocr_par' dir='ltr' id='par_1_85' title="bbox 462 4394 3755 4479">
     <span class='ocr_line' id='line_1_85' title="bbox 462 4394 3755 4479; baseline -0.004 -18"><span class='ocrx_word' id='word_1_665' title='bbox 462 4402 542 4461; x_wconf 83' lang='lat' dir='ltr'><strong>tio</strong></span> <span class='ocrx_word' id='word_1_666' title='bbox 607 4405 896 4461; x_wconf 87' lang='lat' dir='ltr'><strong>sensilium</strong></span> <span class='ocrx_word' id='word_1_667' title='bbox 935 4423 949 4460; x_wconf 91' lang='lat'><strong>:</strong></span> <span class='ocrx_word' id='word_1_668' title='bbox 983 4415 1039 4461; x_wconf 90' lang='lat' dir='ltr'><strong>et</strong></span> <span class='ocrx_word' id='word_1_669' title='bbox 1073 4407 1315 4477; x_wconf 85' lang='lat' dir='ltr'><strong>cognitio</strong></span> <span class='ocrx_word' id='word_1_670' title='bbox 1350 4407 1577 4479; x_wconf 88' lang='lat' dir='ltr'><strong>quidem</strong></span> <span class='ocrx_word' id='word_1_671' title='bbox 1620 4418 1706 4465; x_wconf 86' lang='lat' dir='ltr'><strong>est</strong></span> <span class='ocrx_word' id='word_1_672' title='bbox 1779 4425 1906 4466; x_wconf 88' lang='lat' dir='ltr'><strong>cum</strong></span> <span class='ocrx_word' id='word_1_673' title='bbox 1958 4423 2124 4465; x_wconf 87' lang='lat' dir='ltr'><strong>sensu</strong></span> <span class='ocrx_word' id='word_1_674' title='bbox 2165 4406 2460 4478; x_wconf 79' lang='lat' dir='ltr'><strong>conjuncta</strong></span> <span class='ocrx_word' id='word_1_675' title='bbox 2517 4402 2892 4460; x_wconf 81' lang='lat' dir='ltr'><strong>familiaritate</strong></span> <span class='ocrx_word' id='word_1_676' title='bbox 2937 4409 2994 4457; x_wconf 86' lang='lat' dir='ltr'><strong>et</strong></span> <span class='ocrx_word' id='word_1_677' title='bbox 3043 4395 3476 4462; x_wconf 80' lang='lat' dir='ltr'><strong>necessitudine,</strong></span> <span class='ocrx_word' id='word_1_678' title='bbox 3521 4394 3755 4450; x_wconf 88' lang='lat' dir='ltr'><strong>sensilia</strong></span> 
     </span>
    </p>
   </div>
   <div class='ocr_carea' id='block_1_86' title="bbox 462 4508 1022 4558">
    <p class='ocr_par' dir='ltr' id='par_1_86' title="bbox 462 4508 1022 4558">
     <span class='ocr_line' id='line_1_86' title="bbox 462 4508 1022 4558; baseline 0.002 -3"><span class='ocrx_word' id='word_1_679' title='bbox 462 4508 653 4556; x_wconf 78' lang='lat' dir='ltr'><strong>autem</strong></span> <span class='ocrx_word' id='word_1_680' title='bbox 679 4515 805 4556; x_wconf 90' lang='lat' dir='ltr'><strong>cum</strong></span> <span class='ocrx_word' id='word_1_681' title='bbox 835 4515 1022 4558; x_wconf 89' lang='lat' dir='ltr'><strong>sensu.</strong></span> 
     </span>
    </p>
   </div>
   <div class='ocr_carea' id='block_1_87' title="bbox 464 4611 2051 4687">
    <p class='ocr_par' dir='ltr' id='par_1_87' title="bbox 464 4611 2051 4687">
     <span class='ocr_line' id='line_1_87' title="bbox 464 4611 2051 4687; baseline 0.003 -20"><span class='ocrx_word' id='word_1_682' title='bbox 464 4611 535 4667; x_wconf 79' lang='lat' dir='ltr'><strong>Et</strong></span> <span class='ocrx_word' id='word_1_683' title='bbox 559 4620 804 4687; x_wconf 73' lang='lat' dir='ltr'><strong>precatus</strong></span> <span class='ocrx_word' id='word_1_684' title='bbox 828 4622 902 4667; x_wconf 73' lang='lat' dir='ltr'><strong>est</strong></span> <span class='ocrx_word' id='word_1_685' title='bbox 935 4629 1030 4668; x_wconf 76' lang='lat' dir='ltr'><strong>rea:</strong></span> <span class='ocrx_word' id='word_1_686' title='bbox 1063 4614 1335 4687; x_wconf 76' lang='lat' dir='ltr'><strong>Ezechias,</strong></span> <span class='ocrx_word' id='word_1_687' title='bbox 1369 4625 1420 4670; x_wconf 87' lang='lat' dir='ltr'><strong>et</strong></span> <span class='ocrx_word' id='word_1_688' title='bbox 1452 4617 1624 4673; x_wconf 77' lang='lat' dir='ltr'><strong>Isaias</strong></span> <span class='ocrx_word' id='word_1_689' title='bbox 1647 4619 1793 4687; x_wconf 79' lang='lat' dir='ltr'><strong>ﬁlius</strong></span> <span class='ocrx_word' id='word_1_690' title='bbox 1814 4620 2051 4682; x_wconf 79' lang='lat' dir='ltr'><strong>Ammos,</strong></span> 
     </span>
    </p>
   </div>
   <div class='ocr_carea' id='block_1_88' title="bbox 524 4681 2054 4758">
    <p class='ocr_par' dir='ltr' id='par_1_88' title="bbox 524 4681 2054 4758">
     <span class='ocr_line' id='line_1_88' title="bbox 524 4681 2054 4758; baseline 0.005 -23"><span class='ocrx_word' id='word_1_691' title='bbox 524 4681 575 4758; x_wconf 70' lang='lat' dir='ltr'><strong>et</strong></span> <span class='ocrx_word' id='word_1_692' title='bbox 599 4681 971 4758; x_wconf 64' lang='lat' dir='ltr'><strong>clamaverunt</strong></span> <span class='ocrx_word' id='word_1_693' title='bbox 1001 4685 1072 4740; x_wconf 86' lang='lat' dir='ltr'><strong>ad</strong></span> <span class='ocrx_word' id='word_1_694' title='bbox 1101 4681 1386 4752; x_wconf 59' lang='lat' dir='ltr'><strong>cratumst</strong></span> <span class='ocrx_word' id='word_1_695' title='bbox 1422 4689 1564 4744; x_wconf 72' lang='lat' dir='ltr'><strong>misit</strong></span> <span class='ocrx_word' id='word_1_696' title='bbox 1596 4681 1856 4744; x_wconf 75' lang='lat' dir='ltr'><strong>Dominus</strong></span> <span class='ocrx_word' id='word_1_697' title='bbox 1893 4681 2054 4758; x_wconf 60' lang='lat' dir='ltr'><strong>auge?-</strong></span> 
     </span>
    </p>
   </div>
   <div class='ocr_carea' id='block_1_89' title="bbox 2158 4597 3758 4681">
    <p class='ocr_par' dir='ltr' id='par_1_89' title="bbox 2158 4597 3758 4681">
     <span class='ocr_line' id='line_1_89' title="bbox 2158 4597 3758 4681; baseline -0.012 -14"><span class='ocrx_word' id='word_1_698' title='bbox 2158 4612 2268 4668; x_wconf 69' lang='grc' dir='ltr'><strong>Καὶ</strong></span> <span class='ocrx_word' id='word_1_699' title='bbox 2283 4609 2672 4681; x_wconf 70' lang='grc' dir='ltr'>προσηύξατο</span> <span class='ocrx_word' id='word_1_700' title='bbox 2699 4608 2962 4681; x_wconf 61' lang='grc' dir='ltr'>Ἐζεκίας</span> <span class='ocrx_word' id='word_1_701' title='bbox 2978 4607 3012 4659; x_wconf 87' lang='grc' dir='ltr'><em>ό</em></span> <span class='ocrx_word' id='word_1_702' title='bbox 3025 4598 3468 4681; x_wconf 29' lang='grc' dir='ltr'>,βασιλεὺς-,καὶ</span> <span class='ocrx_word' id='word_1_703' title='bbox 3498 4597 3758 4681; x_wconf 67' lang='grc' dir='ltr'>’ῌσαζας</span> 
     </span>
    </p>
   </div>
   <div class='ocr_carea' id='block_1_90' title="bbox 2233 4667 3756 4749">
    <p class='ocr_par' dir='ltr' id='par_1_90' title="bbox 2233 4667 3756 4749">
     <span class='ocr_line' id='line_1_90' title="bbox 2233 4667 3756 4749; baseline -0.005 -11"><span class='ocrx_word' id='word_1_704' title='bbox 2233 4667 2361 4748; x_wconf 62' lang='grc' dir='ltr'><strong>υιὸξο</strong></span> <span class='ocrx_word' id='word_1_705' title='bbox 2401 4667 2624 4749; x_wconf 64' lang='grc' dir='ltr'>Ἁλιμῶς</span> <span class='ocrx_word' id='word_1_706' title='bbox 2652 4719 2668 4744; x_wconf 95' lang='grc'><strong>,</strong></span> <span class='ocrx_word' id='word_1_707' title='bbox 2709 4667 3128 4749; x_wconf 67' lang='grc' dir='ltr'><strong>χίλι”ἐόὅηᾴαν</strong></span> <span class='ocrx_word' id='word_1_708' title='bbox 3165 4676 3266 4749; x_wconf 67' lang='grc' dir='ltr'><strong>⁸εὶς·</strong></span> <span class='ocrx_word' id='word_1_709' title='bbox 3309 4671 3420 4749; x_wconf 55' lang='lat' dir='ltr'><strong>rei:</strong></span> <span class='ocrx_word' id='word_1_710' title='bbox 3460 4667 3756 4749; x_wconf 59' lang='grc' dir='ltr'>ρρρανὸγν</span> 
     </span>
    </p>
   </div>
   <div class='ocr_carea' id='block_1_91' title="bbox 536 4739 2053 4830">
    <p class='ocr_par' dir='ltr' id='par_1_91' title="bbox 536 4739 2053 4830">
     <span class='ocr_line' id='line_1_91' title="bbox 536 4739 2053 4830; baseline 0.005 -25"><span class='ocrx_word' id='word_1_711' title='bbox 536 4752 670 4815; x_wconf 86' lang='lat' dir='ltr'><strong>lum,</strong></span> <span class='ocrx_word' id='word_1_712' title='bbox 691 4761 760 4830; x_wconf 81' lang='lat' dir='ltr'><strong>_et</strong></span> <span class='ocrx_word' id='word_1_713' title='bbox 779 4739 1557 4830; x_wconf 10' lang='lat' dir='ltr'><strong>attriuitriomaentipotentent</strong></span> <span class='ocrx_word' id='word_1_714' title='bbox 1597 4739 2023 4830; x_wconf 56' lang='grc' dir='ltr'><strong>ἓείᾟὲιίξιὶοῖἑῦἱ</strong></span> <span class='ocrx_word' id='word_1_715' title='bbox 2039 4799 2053 4822; x_wconf 96' lang='grc'><strong>,</strong></span> 
     </span>
    </p>
   </div>
   <div class='ocr_carea' id='block_1_92' title="bbox 2156 4739 3759 4830">
    <p class='ocr_par' dir='ltr' id='par_1_92' title="bbox 2233 4739 3759 4830">
     <span class='ocr_line' id='line_1_92' title="bbox 2233 4739 3759 4830; baseline 0 0"><span class='ocrx_word' id='word_1_716' title='bbox 2233 4739 2685 4830; x_wconf 44' lang='lat' dir='ltr'><strong>arduam;</strong></span> <span class='ocrx_word' id='word_1_717' title='bbox 2728 4749 2947 4830; x_wconf 64' lang='grc' dir='ltr'><strong>εὐρέος</strong></span> <span class='ocrx_word' id='word_1_718' title='bbox 2989 4739 3282 4830; x_wconf 59' lang='grc' dir='ltr'><strong>ἐίγγελοϊν</strong></span> <span class='ocrx_word' id='word_1_719' title='bbox 3323 4740 3442 4830; x_wconf 50' lang='grc' dir='ltr'>καί.</span> <span class='ocrx_word' id='word_1_720' title='bbox 3465 4739 3759 4830; x_wconf 47' lang='lat' dir='ltr'><strong>saetas</strong></span> 
     </span>
    </p>
   </div>
   <div class='ocr_carea' id='block_1_93' title="bbox 535 4825 2056 4899">
    <p class='ocr_par' dir='ltr' id='par_1_93' title="bbox 535 4825 2056 4899">
     <span class='ocr_line' id='line_1_93' title="bbox 535 4825 2056 4899; baseline 0.004 -23"><span class='ocrx_word' id='word_1_721' title='bbox 535 4832 584 4876; x_wconf 84' lang='lat' dir='ltr'><strong>et</strong></span> <span class='ocrx_word' id='word_1_722' title='bbox 617 4825 911 4899; x_wconf 79' lang='lat' dir='ltr'><strong>principem</strong></span> <span class='ocrx_word' id='word_1_723' title='bbox 943 4837 992 4878; x_wconf 80' lang='lat' dir='ltr'><strong>et</strong></span> <span class='ocrx_word' id='word_1_724' title='bbox 1026 4825 1327 4899; x_wconf 10' lang='lat' dir='ltr'><strong>ntilitemfin</strong></span> <span class='ocrx_word' id='word_1_725' title='bbox 1351 4831 1542 4884; x_wconf 77' lang='lat' dir='ltr'><strong>castris</strong></span> <span class='ocrx_word' id='word_1_726' title='bbox 1578 4829 1713 4899; x_wconf 86' lang='lat' dir='ltr'><strong>regis</strong></span> <span class='ocrx_word' id='word_1_727' title='bbox 1748 4830 1915 4885; x_wconf 81' lang='lat' dir='ltr'><strong>Assur</strong></span> <span class='ocrx_word' id='word_1_728' title='bbox 1954 4846 1968 4882; x_wconf 89' lang='lat'><strong>:</strong></span> <span class='ocrx_word' id='word_1_729' title='bbox 2005 4837 2056 4882; x_wconf 88' lang='lat' dir='ltr'><strong>et</strong></span> 
     </span>
    </p>
   </div>
   <div class='ocr_carea' id='block_1_94' title="bbox 539 4896 1423 4968">
    <p class='ocr_par' dir='ltr' id='par_1_94' title="bbox 539 4896 1423 4968">
     <span class='ocr_line' id='line_1_94' title="bbox 539 4896 1423 4968; baseline 0.002 -19"><span class='ocrx_word' id='word_1_730' title='bbox 539 4896 730 4949; x_wconf 76' lang='lat' dir='ltr'><strong>avertit</strong></span> <span class='ocrx_word' id='word_1_731' title='bbox 771 4911 891 4950; x_wconf 87' lang='lat' dir='ltr'><strong>cum</strong></span> <span class='ocrx_word' id='word_1_732' title='bbox 925 4897 1131 4968; x_wconf 82' lang='lat' dir='ltr'><strong>pudore</strong></span> <span class='ocrx_word' id='word_1_733' title='bbox 1164 4898 1423 4953; x_wconf 75' lang='lat' dir='ltr'><strong>vultus&quot;.</strong></span> 
     </span>
    </p>
   </div>
   <div class='ocr_carea' id='block_1_95' title="bbox 533 5148 2050 5223">
    <p class='ocr_par' dir='ltr' id='par_1_95' title="bbox 533 5148 2050 5223">
     <span class='ocr_line' id='line_1_95' title="bbox 533 5148 2050 5223; baseline 0.001 -17"><span class='ocrx_word' id='word_1_734' title='bbox 533 5149 766 5222; x_wconf 79' lang='lat' dir='ltr'><strong>Oportet</strong></span> <span class='ocrx_word' id='word_1_735' title='bbox 783 5166 913 5208; x_wconf 68' lang='lat' dir='ltr'><strong>eam</strong></span> <span class='ocrx_word' id='word_1_736' title='bbox 935 5148 1030 5221; x_wconf 91' lang='lat' dir='ltr'><strong>qui</strong></span> <span class='ocrx_word' id='word_1_737' title='bbox 1052 5150 1294 5206; x_wconf 84' lang='lat' dir='ltr'><strong>scienter</strong></span> <span class='ocrx_word' id='word_1_738' title='bbox 1317 5159 1459 5207; x_wconf 53' lang='lat' dir='ltr'><strong>ct‘ex</strong></span> <span class='ocrx_word' id='word_1_739' title='bbox 1479 5151 1790 5223; x_wconf 84' lang='lat' dir='ltr'><strong>cognitione</strong></span> <span class='ocrx_word' id='word_1_740' title='bbox 1806 5151 2050 5208; x_wconf 83' lang='lat' dir='ltr'><strong>divinam</strong></span> 
     </span>
    </p>
   </div>
   <div class='ocr_carea' id='block_1_96' title="bbox 464 5241 2051 5315">
    <p class='ocr_par' dir='ltr' id='par_1_96' title="bbox 464 5241 2051 5315">
     <span class='ocr_line' id='line_1_96' title="bbox 464 5241 2051 5315; baseline 0 -18"><span class='ocrx_word' id='word_1_741' title='bbox 464 5243 869 5315; x_wconf 82' lang='lat' dir='ltr'><strong>contemplatur</strong></span> <span class='ocrx_word' id='word_1_742' title='bbox 893 5241 1257 5312; x_wconf 88' lang='lat' dir='ltr'><strong>Scripturam,</strong></span> <span class='ocrx_word' id='word_1_743' title='bbox 1294 5243 1542 5300; x_wconf 82' lang='lat' dir='ltr'><strong>exerceri</strong></span> <span class='ocrx_word' id='word_1_744' title='bbox 1573 5243 1739 5299; x_wconf 86' lang='lat' dir='ltr'><strong>etiam</strong></span> <span class='ocrx_word' id='word_1_745' title='bbox 1773 5243 1830 5298; x_wconf 91' lang='lat' dir='ltr'><strong>in</strong></span> <span class='ocrx_word' id='word_1_746' title='bbox 1869 5246 2051 5300; x_wconf 85' lang='lat' dir='ltr'><strong>nomi-</strong></span> 
     </span>
    </p>
   </div>
   <div class='ocr_carea' id='block_1_97' title="bbox 466 5331 2053 5406">
    <p class='ocr_par' dir='ltr' id='par_1_97' title="bbox 466 5331 2053 5406">
     <span class='ocr_line' id='line_1_97' title="bbox 466 5331 2053 5406; baseline 0.001 -18"><span class='ocrx_word' id='word_1_747' title='bbox 466 5347 602 5388; x_wconf 86' lang='lat' dir='ltr'><strong>num</strong></span> <span class='ocrx_word' id='word_1_748' title='bbox 641 5331 1222 5404; x_wconf 85' lang='lat' dir='ltr'><strong>interpretationibus,</strong></span> <span class='ocrx_word' id='word_1_749' title='bbox 1249 5350 1373 5406; x_wconf 73' lang='lat' dir='ltr'><strong>qua:</strong></span> <span class='ocrx_word' id='word_1_750' title='bbox 1415 5351 1483 5391; x_wconf 81' lang='lat' dir='ltr'><strong>ex</strong></span> <span class='ocrx_word' id='word_1_751' title='bbox 1531 5349 1590 5389; x_wconf 90' lang='lat' dir='ltr'><strong>se</strong></span> <span class='ocrx_word' id='word_1_752' title='bbox 1623 5349 1767 5404; x_wconf 66' lang='lat' dir='ltr'><strong>saepe</strong></span> <span class='ocrx_word' id='word_1_753' title='bbox 1821 5343 2053 5404; x_wconf 86' lang='lat' dir='ltr'><strong>possunt</strong></span> 
     </span>
    </p>
   </div>
   <div class='ocr_carea' id='block_1_98' title="bbox 464 5424 2052 5497">
    <p class='ocr_par' dir='ltr' id='par_1_98' title="bbox 464 5424 2052 5497">
     <span class='ocr_line' id='line_1_98' title="bbox 464 5424 2052 5497; baseline -0.001 -17"><span class='ocrx_word' id='word_1_754' title='bbox 464 5424 750 5483; x_wconf 68' lang='lat' dir='ltr'><strong>declarare</strong></span> <span class='ocrx_word' id='word_1_755' title='bbox 771 5440 996 5480; x_wconf 86' lang='lat' dir='ltr'><strong>omnem</strong></span> <span class='ocrx_word' id='word_1_756' title='bbox 1027 5440 1252 5483; x_wconf 84' lang='lat' dir='ltr'><strong>sensum</strong></span> <span class='ocrx_word' id='word_1_757' title='bbox 1277 5442 1470 5483; x_wconf 90' lang='lat' dir='ltr'><strong>eorum</strong></span> <span class='ocrx_word' id='word_1_758' title='bbox 1493 5442 1616 5497; x_wconf 62' lang='lat' dir='ltr'><strong>quae</strong></span> <span class='ocrx_word' id='word_1_759' title='bbox 1649 5427 1855 5497; x_wconf 88' lang='lat' dir='ltr'><strong>scripta</strong></span> <span class='ocrx_word' id='word_1_760' title='bbox 1889 5435 2052 5491; x_wconf 91' lang='lat' dir='ltr'><strong>sunt,</strong></span> 
     </span>
    </p>
   </div>
   <div class='ocr_carea' id='block_1_99' title="bbox 465 5514 2054 5585">
    <p class='ocr_par' dir='ltr' id='par_1_99' title="bbox 465 5514 2054 5585">
     <span class='ocr_line' id='line_1_99' title="bbox 465 5514 2054 5585; baseline 0.001 -17"><span class='ocrx_word' id='word_1_761' title='bbox 465 5514 514 5568; x_wconf 87' lang='lat' dir='ltr'><strong>si</strong></span> <span class='ocrx_word' id='word_1_762' title='bbox 547 5530 660 5570; x_wconf 87' lang='lat' dir='ltr'><strong>non</strong></span> <span class='ocrx_word' id='word_1_763' title='bbox 695 5514 764 5570; x_wconf 89' lang='lat' dir='ltr'><strong>ad</strong></span> <span class='ocrx_word' id='word_1_764' title='bbox 794 5529 1003 5585; x_wconf 87' lang='lat' dir='ltr'><strong>corpus</strong></span> <span class='ocrx_word' id='word_1_765' title='bbox 1031 5516 1210 5573; x_wconf 88' lang='lat' dir='ltr'><strong>solum</strong></span> <span class='ocrx_word' id='word_1_766' title='bbox 1232 5524 1290 5572; x_wconf 91' lang='lat' dir='ltr'><strong>et</strong></span> <span class='ocrx_word' id='word_1_767' title='bbox 1320 5525 1524 5572; x_wconf 83' lang='lat' dir='ltr'><strong>terram</strong></span> <span class='ocrx_word' id='word_1_768' title='bbox 1551 5531 1703 5572; x_wconf 90' lang='lat' dir='ltr'><strong>more</strong></span> <span class='ocrx_word' id='word_1_769' title='bbox 1725 5515 1957 5572; x_wconf 68' lang='lat' dir='ltr'><strong>Iudaico</strong></span> <span class='ocrx_word' id='word_1_770' title='bbox 1981 5516 2054 5571; x_wconf 91' lang='lat' dir='ltr'><strong>sit</strong></span> 
     </span>
    </p>
   </div>
   <div class='ocr_carea' id='block_1_100' title="bbox 466 5609 2054 5683">
    <p class='ocr_par' dir='ltr' id='par_1_100' title="bbox 466 5609 2054 5683">
     <span class='ocr_line' id='line_1_100' title="bbox 466 5609 2054 5683; baseline -0.001 -17"><span class='ocrx_word' id='word_1_771' title='bbox 466 5611 810 5666; x_wconf 78' lang='lat' dir='ltr'><strong>deducturus</strong></span> <span class='ocrx_word' id='word_1_772' title='bbox 839 5609 1186 5668; x_wconf 86' lang='lat' dir='ltr'><strong>altitudinem</strong></span> <span class='ocrx_word' id='word_1_773' title='bbox 1209 5611 1459 5683; x_wconf 87' lang='lat' dir='ltr'><strong>spiritus.</strong></span> <span class='ocrx_word' id='word_1_774' title='bbox 1484 5610 1667 5666; x_wconf 82' lang='lat' dir='ltr'><strong>Achaz</strong></span> <span class='ocrx_word' id='word_1_775' title='bbox 1688 5611 1836 5666; x_wconf 87' lang='lat' dir='ltr'><strong>enim</strong></span> <span class='ocrx_word' id='word_1_776' title='bbox 1861 5610 2054 5681; x_wconf 87' lang='lat' dir='ltr'><strong>genuit</strong></span> 
     </span>
    </p>
   </div>
   <div class='ocr_carea' id='block_1_101' title="bbox 467 5699 2048 5772">
    <p class='ocr_par' dir='ltr' id='par_1_101' title="bbox 467 5699 2048 5772">
     <span class='ocr_line' id='line_1_101' title="bbox 467 5699 2048 5772; baseline 0 -16"><span class='ocrx_word' id='word_1_777' title='bbox 467 5699 782 5757; x_wconf 76' lang='lat' dir='ltr'><strong>Ezechiam.</strong></span> <span class='ocrx_word' id='word_1_778' title='bbox 821 5700 1224 5772; x_wconf 83' lang='lat' dir='ltr'><strong>interpretatur</strong></span> <span class='ocrx_word' id='word_1_779' title='bbox 1257 5710 1444 5758; x_wconf 85' lang='lat' dir='ltr'><strong>autem</strong></span> <span class='ocrx_word' id='word_1_780' title='bbox 1484 5700 1666 5756; x_wconf 82' lang='lat' dir='ltr'><strong>Acbaz</strong></span> <span class='ocrx_word' id='word_1_781' title='bbox 1711 5700 1935 5772; x_wconf 87' lang='lat' dir='ltr'><strong>quidem</strong></span> <span class='ocrx_word' id='word_1_782' title='bbox 1972 5703 2048 5756; x_wconf 79' lang='lat' dir='ltr'><strong>vis</strong></span> 
     </span>
    </p>
   </div>
   <div class='ocr_carea' id='block_1_102' title="bbox 541 5853 2052 5926">
    <p class='ocr_par' dir='ltr' id='par_1_102' title="bbox 541 5853 2052 5926">
     <span class='ocr_line' id='line_1_102' title="bbox 541 5853 2052 5926; baseline 0 -16"><span class='ocrx_word' id='word_1_783' title='bbox 541 5853 590 5887; x_wconf 78' lang='grc'><strong>⁵⁸</strong></span> <span class='ocrx_word' id='word_1_784' title='bbox 622 5854 672 5910; x_wconf 83' lang='lat' dir='ltr'><strong>ll</strong></span> <span class='ocrx_word' id='word_1_785' title='bbox 700 5856 876 5914; x_wconf 82' lang='lat' dir='ltr'><strong>Paral.</strong></span> <span class='ocrx_word' id='word_1_786' title='bbox 907 5873 1075 5926; x_wconf 73' lang='lat' dir='ltr'><strong>uni,</strong></span> <span class='ocrx_word' id='word_1_787' title='bbox 1101 5859 1192 5914; x_wconf 75' lang='lat'><strong>2].</strong></span> <span class='ocrx_word' id='word_1_788' title='bbox 1267 5859 1308 5891; x_wconf 84' lang='lat'><strong>&quot;</strong></span> <span class='ocrx_word' id='word_1_789' title='bbox 1343 5857 1390 5914; x_wconf 83' lang='lat' dir='ltr'><strong>Il</strong></span> <span class='ocrx_word' id='word_1_790' title='bbox 1424 5858 1602 5915; x_wconf 85' lang='lat' dir='ltr'><strong>Paral.</strong></span> <span class='ocrx_word' id='word_1_791' title='bbox 1643 5874 1811 5925; x_wconf 68' lang='lat' dir='ltr'><strong>sum,</strong></span> <span class='ocrx_word' id='word_1_792' title='bbox 1835 5857 1927 5925; x_wconf 67' lang='lat'><strong>20,</strong></span> <span class='ocrx_word' id='word_1_793' title='bbox 1957 5857 2052 5911; x_wconf 76' lang='lat'><strong>9.1.</strong></span> 
     </span>
    </p>
   </div>
   <div class='ocr_carea' id='block_1_103' title="bbox 2234 4809 3758 4890">
    <p class='ocr_par' dir='ltr' id='par_1_103' title="bbox 2234 4809 3758 4890">
     <span class='ocr_line' id='line_1_103' title="bbox 2234 4809 3758 4890; baseline -0.012 -12"><span class='ocrx_word' id='word_1_794' title='bbox 2234 4823 2434 4878; x_wconf 79' lang='grc' dir='ltr'>πάντα</span> <span class='ocrx_word' id='word_1_795' title='bbox 2462 4821 2726 4876; x_wconf 78' lang='grc' dir='ltr'>δυνατὸν</span> <span class='ocrx_word' id='word_1_796' title='bbox 2772 4809 2872 4890; x_wconf 57' lang='grc' dir='ltr'>καὶ</span> <span class='ocrx_word' id='word_1_797' title='bbox 2907 4809 3316 4890; x_wconf 48' lang='grc' dir='ltr'>ἑτοβέιὶιστὴν)</span> <span class='ocrx_word' id='word_1_798' title='bbox 3346 4809 3758 4890; x_wconf 44' lang='grc' dir='ltr'>ειίιὶΛᾶρχςιςτα</span> 
     </span>
    </p>
   </div>
   <div class='ocr_carea' id='block_1_104' title="bbox 2234 4879 3760 4960">
    <p class='ocr_par' dir='ltr' id='par_1_104' title="bbox 2234 4879 3760 4960">
     <span class='ocr_line' id='line_1_104' title="bbox 2234 4879 3760 4960; baseline -0.011 -14"><span class='ocrx_word' id='word_1_799' title='bbox 2234 4893 2334 4946; x_wconf 73' lang='grc' dir='ltr'>καὶ</span> <span class='ocrx_word' id='word_1_800' title='bbox 2385 4890 2729 4960; x_wconf 77' lang='grc' dir='ltr'>στρατηγὸν</span> <span class='ocrx_word' id='word_1_801' title='bbox 2758 4929 2775 4954; x_wconf 91' lang='grc'><strong>,</strong></span> <span class='ocrx_word' id='word_1_802' title='bbox 2804 4888 2890 4960; x_wconf 19' lang='grc' dir='ltr'><strong>*ἐν</strong></span> <span class='ocrx_word' id='word_1_803' title='bbox 2935 4885 3011 4953; x_wconf 76' lang='grc' dir='ltr'>τῇ</span> <span class='ocrx_word' id='word_1_804' title='bbox 3056 4879 3412 4960; x_wconf 68' lang='grc' dir='ltr'>Ξγταρεμᾷολῇ</span> <span class='ocrx_word' id='word_1_805' title='bbox 3436 4879 3760 4945; x_wconf 69' lang='grc' dir='ltr'>,ϐασιλέως</span> 
     </span>
    </p>
   </div>
   <div class='ocr_carea' id='block_1_105' title="bbox 2245 4951 3757 5048">
    <p class='ocr_par' dir='ltr' id='par_1_105' title="bbox 2245 4951 3757 5048">
     <span class='ocr_line' id='line_1_105' title="bbox 2245 4951 3757 5048; baseline -0.012 -30"><span class='ocrx_word' id='word_1_806' title='bbox 2245 4951 2531 5048; x_wconf 59' lang='grc' dir='ltr'>ξΑσσούῘρ.</span> <span class='ocrx_word' id='word_1_807' title='bbox 2557 4951 2670 5016; x_wconf 69' lang='lat' dir='ltr'><strong>Kal</strong></span> <span class='ocrx_word' id='word_1_808' title='bbox 2699 4951 3048 5027; x_wconf 61' lang='grc' dir='ltr'>ἀπέστρεψε</span> <span class='ocrx_word' id='word_1_809' title='bbox 3071 4951 3199 5026; x_wconf 72' lang='grc' dir='ltr'>μετ’</span> <span class='ocrx_word' id='word_1_810' title='bbox 3215 4951 3529 5021; x_wconf 69' lang='grc' dir='ltr'>αἰσχύνης</span> <span class='ocrx_word' id='word_1_811' title='bbox 3556 4962 3757 5017; x_wconf 79' lang='grc' dir='ltr'>προσ-</span> 
     </span>
    </p>
   </div>
   <div class='ocr_carea' id='block_1_106' title="bbox 2229 5049 2415 5088">
    <p class='ocr_par' dir='ltr' id='par_1_106' title="bbox 2229 5049 2415 5088">
     <span class='ocr_line' id='line_1_106' title="bbox 2229 5049 2415 5088; baseline 0.011 -2"><span class='ocrx_word' id='word_1_812' title='bbox 2229 5049 2395 5088; x_wconf 78' lang='grc' dir='ltr'>ωπου</span> <span class='ocrx_word' id='word_1_813' title='bbox 2402 5075 2415 5087; x_wconf 84' lang='grc'><strong><em>.</em></strong></span> 
     </span>
    </p>
   </div>
   <div class='ocr_carea' id='block_1_107' title="bbox 2228 5130 3759 5221">
    <p class='ocr_par' dir='ltr' id='par_1_107' title="bbox 2228 5130 3759 5221">
     <span class='ocr_line' id='line_1_107' title="bbox 2228 5130 3759 5221; baseline -0.012 -18"><span class='ocrx_word' id='word_1_814' title='bbox 2228 5147 2350 5221; x_wconf 82' lang='grc' dir='ltr'><strong>Χρὴ</strong></span> <span class='ocrx_word' id='word_1_815' title='bbox 2380 5147 2473 5202; x_wconf 86' lang='grc' dir='ltr'>τὸν</span> <span class='ocrx_word' id='word_1_816' title='bbox 2509 5143 2827 5216; x_wconf 84' lang='grc' dir='ltr'>γνωστικῶς</span> <span class='ocrx_word' id='word_1_817' title='bbox 2852 5140 3163 5213; x_wconf 82' lang='grc' dir='ltr'>θεωροῦντα</span> <span class='ocrx_word' id='word_1_818' title='bbox 3187 5137 3286 5208; x_wconf 84' lang='grc' dir='ltr'>τὴν</span> <span class='ocrx_word' id='word_1_819' title='bbox 3315 5135 3469 5191; x_wconf 87' lang='grc' dir='ltr'>θείαν</span> <span class='ocrx_word' id='word_1_820' title='bbox 3521 5130 3759 5202; x_wconf 74' lang='grc' dir='ltr'>Γραφὴν</span> 
     </span>
    </p>
   </div>
   <div class='ocr_carea' id='block_1_108' title="bbox 2159 5224 3760 5312">
    <p class='ocr_par' dir='ltr' id='par_1_108' title="bbox 2159 5224 3760 5312">
     <span class='ocr_line' id='line_1_108' title="bbox 2159 5224 3760 5312; baseline -0.011 -15"><span class='ocrx_word' id='word_1_821' title='bbox 2159 5241 2472 5312; x_wconf 84' lang='grc' dir='ltr'>ἀσκηθῆναι</span> <span class='ocrx_word' id='word_1_822' title='bbox 2500 5238 2598 5293; x_wconf 79' lang='grc' dir='ltr'>καὶ</span> <span class='ocrx_word' id='word_1_823' title='bbox 2620 5237 2721 5301; x_wconf 86' lang='grc' dir='ltr'>τὰς</span> <span class='ocrx_word' id='word_1_824' title='bbox 2735 5235 2848 5290; x_wconf 87' lang='grc' dir='ltr'><strong>τῶν</strong></span> <span class='ocrx_word' id='word_1_825' title='bbox 2861 5236 3142 5305; x_wconf 80' lang='grc' dir='ltr'>ὀνομάτων</span> <span class='ocrx_word' id='word_1_826' title='bbox 3175 5229 3498 5302; x_wconf 79' lang='grc' dir='ltr'>ἑρμηνείας,</span> <span class='ocrx_word' id='word_1_827' title='bbox 3516 5224 3760 5280; x_wconf 87' lang='grc' dir='ltr'>αὐτόθεν</span> 
     </span>
    </p>
   </div>
   <div class='ocr_carea' id='block_1_109' title="bbox 2161 5319 3762 5404">
    <p class='ocr_par' dir='ltr' id='par_1_109' title="bbox 2161 5319 3762 5404">
     <span class='ocr_line' id='line_1_109' title="bbox 2161 5319 3762 5404; baseline -0.012 -18"><span class='ocrx_word' id='word_1_828' title='bbox 2161 5333 2466 5404; x_wconf 82' lang='grc' dir='ltr'>δυναμένας</span> <span class='ocrx_word' id='word_1_829' title='bbox 2507 5330 2769 5393; x_wconf 83' lang='grc' dir='ltr'>πολλάκις</span> <span class='ocrx_word' id='word_1_830' title='bbox 2821 5327 2950 5398; x_wconf 72' lang='grc' dir='ltr'>ὅλην</span> <span class='ocrx_word' id='word_1_831' title='bbox 2999 5323 3317 5396; x_wconf 83' lang='grc' dir='ltr'>σαφηνίζειν</span> <span class='ocrx_word' id='word_1_832' title='bbox 3351 5319 3459 5374; x_wconf 88' lang='grc' dir='ltr'><strong>τῶν</strong></span> <span class='ocrx_word' id='word_1_833' title='bbox 3499 5333 3762 5386; x_wconf 81' lang='grc' dir='ltr'>γεγραμ-</span> 
     </span>
    </p>
   </div>
   <div class='ocr_carea' id='block_1_110' title="bbox 2143 5409 3764 5497">
    <p class='ocr_par' dir='ltr' id='par_1_110' title="bbox 2143 5409 3764 5497">
     <span class='ocr_line' id='line_1_110' title="bbox 2143 5409 3764 5497; baseline -0.013 -15"><span class='ocrx_word' id='word_1_834' title='bbox 2143 5425 2344 5497; x_wconf 79' lang='grc' dir='ltr'>’μένων</span> <span class='ocrx_word' id='word_1_835' title='bbox 2375 5426 2616 5480; x_wconf 82' lang='grc' dir='ltr'>διάνοιαν</span> <span class='ocrx_word' id='word_1_836' title='bbox 2641 5442 2654 5455; x_wconf 89' lang='grc'><strong>·</strong></span> <span class='ocrx_word' id='word_1_837' title='bbox 2686 5424 2846 5494; x_wconf 79' lang='grc' dir='ltr'>εἴπερ</span> <span class='ocrx_word' id='word_1_838' title='bbox 2887 5419 3072 5491; x_wconf 82' lang='grc' dir='ltr'>μέλλοι</span> <span class='ocrx_word' id='word_1_839' title='bbox 3097 5418 3172 5490; x_wconf 84' lang='grc' dir='ltr'>μὴ</span> <span class='ocrx_word' id='word_1_840' title='bbox 3215 5414 3354 5486; x_wconf 78' lang='grc' dir='ltr'>πρὸς</span> <span class='ocrx_word' id='word_1_841' title='bbox 3396 5411 3557 5482; x_wconf 86' lang='grc' dir='ltr'>σῶμα</span> <span class='ocrx_word' id='word_1_842' title='bbox 3587 5409 3764 5480; x_wconf 81' lang='grc' dir='ltr'>μόνον</span> 
     </span>
    </p>
   </div>
   <div class='ocr_carea' id='block_1_111' title="bbox 2161 5503 3758 5590">
    <p class='ocr_par' dir='ltr' id='par_1_111' title="bbox 2161 5503 3758 5590">
     <span class='ocr_line' id='line_1_111' title="bbox 2161 5503 3758 5590; baseline -0.013 -17"><span class='ocrx_word' id='word_1_843' title='bbox 2161 5520 2258 5572; x_wconf 63' lang='grc' dir='ltr'><strong>καὶ⁹</strong></span> <span class='ocrx_word' id='word_1_844' title='bbox 2279 5519 2383 5590; x_wconf 85' lang='grc' dir='ltr'>γῆν</span> <span class='ocrx_word' id='word_1_845' title='bbox 2423 5515 2732 5579; x_wconf 80' lang='grc' dir='ltr'>Ἰουδαϊκῶς</span> <span class='ocrx_word' id='word_1_846' title='bbox 2763 5514 3023 5581; x_wconf 86' lang='grc' dir='ltr'>κατάγειν</span> <span class='ocrx_word' id='word_1_847' title='bbox 3044 5509 3106 5564; x_wconf 79' lang='grc' dir='ltr'>τὸ</span> <span class='ocrx_word' id='word_1_848' title='bbox 3127 5507 3262 5578; x_wconf 73' lang='grc' dir='ltr'>ὕψος</span> <span class='ocrx_word' id='word_1_849' title='bbox 3283 5504 3378 5560; x_wconf 91' lang='grc' dir='ltr'><strong>τοῦ</strong></span> <span class='ocrx_word' id='word_1_850' title='bbox 3413 5503 3758 5572; x_wconf 79' lang='grc' dir='ltr'>πνεύματος.</span> 
     </span>
    </p>
   </div>
   <div class='ocr_carea' id='block_1_112' title="bbox 2163 5592 3763 5682">
    <p class='ocr_par' dir='ltr' id='par_1_112' title="bbox 2163 5592 3763 5682">
     <span class='ocr_line' id='line_1_112' title="bbox 2163 5592 3763 5682; baseline -0.014 -17"><span class='ocrx_word' id='word_1_851' title='bbox 2163 5608 2340 5682; x_wconf 80' lang='grc' dir='ltr'>Ἀχαζ</span> <span class='ocrx_word' id='word_1_852' title='bbox 2364 5609 2622 5682; x_wconf 67' lang='grc' dir='ltr'>ἐγέννησε</span> <span class='ocrx_word' id='word_1_853' title='bbox 2649 5607 2741 5661; x_wconf 77' lang='grc' dir='ltr'>τὸν</span> <span class='ocrx_word' id='word_1_854' title='bbox 2784 5603 3050 5676; x_wconf 78' lang='grc' dir='ltr'>Ἐζεχίαν.</span> <span class='ocrx_word' id='word_1_855' title='bbox 3069 5596 3467 5672; x_wconf 83' lang='grc' dir='ltr'>Ἐρμηνεύεται</span> <span class='ocrx_word' id='word_1_856' title='bbox 3492 5592 3550 5646; x_wconf 80' lang='grc' dir='ltr'>δὲ</span> <span class='ocrx_word' id='word_1_857' title='bbox 3573 5593 3763 5661; x_wconf 77' lang='grc' dir='ltr'>Ἀχας</span> 
     </span>
    </p>
   </div>
   <div class='ocr_carea' id='block_1_113' title="bbox 2163 5682 3760 5774">
    <p class='ocr_par' dir='ltr' id='par_1_113' title="bbox 2163 5682 3760 5774">
     <span class='ocr_line' id='line_1_113' title="bbox 2163 5682 3760 5774; baseline -0.015 -17"><span class='ocrx_word' id='word_1_858' title='bbox 2163 5702 2260 5774; x_wconf 76' lang='grc' dir='ltr'>μὲν</span> <span class='ocrx_word' id='word_1_859' title='bbox 2284 5702 2464 5772; x_wconf 78' lang='grc' dir='ltr'>ἰσχύς</span> <span class='ocrx_word' id='word_1_860' title='bbox 2485 5718 2496 5730; x_wconf 92' lang='grc'><strong>·</strong></span> <span class='ocrx_word' id='word_1_861' title='bbox 2555 5697 2801 5771; x_wconf 76' lang='grc' dir='ltr'>Ἐζεκίας</span> <span class='ocrx_word' id='word_1_862' title='bbox 2821 5696 2878 5750; x_wconf 82' lang='grc' dir='ltr'>δὲ</span> <span class='ocrx_word' id='word_1_863' title='bbox 2895 5694 3114 5766; x_wconf 81' lang='grc' dir='ltr'>κράτος</span> <span class='ocrx_word' id='word_1_864' title='bbox 3145 5689 3327 5746; x_wconf 77' lang='grc' dir='ltr'>θεῖον.</span> <span class='ocrx_word' id='word_1_865' title='bbox 3349 5685 3461 5742; x_wconf 71' lang='grc' dir='ltr'><strong>Καὶ</strong></span> <span class='ocrx_word' id='word_1_866' title='bbox 3478 5682 3760 5755; x_wconf 75' lang='grc' dir='ltr'>λαμϐάνε-</span> 
     </span>
    </p>
   </div>
  </div>
