4076 6434
363 406 502 462 1269

1743 374 2264 466 COLLECTANEA.

3499 411 3649 465 {270v

358 542 449 580 ται
476 528 510 595 ἡ
536 525 639 596 μὲν
669 527 823 595 ἰσχὺς
867 527 948 591 εἰς
973 527 1075 598 τὴν
1099 527 1300 599 πρᾶξιν
1329 529 1437 582 τῶν
1468 529 1641 597 ἁγίων
1661 528 1894 583 ἐντολῶν
1918 543 1933 557 °

2053 544 2140 585 seu
2176 529 2368 594 robur,
2401 529 2666 584 Ezechias
2717 539 2902 584 autem
2933 530 3111 583 divina
3159 533 3410 599 potentia.
3454 530 3524 585 Et
3549 545 3644 586 as-

359 618 422 670 τὸ
445 617 501 671 δὲ
523 617 664 670 θεῖον
685 617 886 688 κράτος
903 620 982 682 είς
1005 619 1104 690 τὴν
1125 620 1347 690 ἀρετήν.
1373 621 1483 674 Καὶ
1510 619 1701 692 ὥσπερ
1717 622 1746 674 6
1765 621 1940 692 Ἀχαζ

361 707 621 776 ἐγέννησε
649 705 741 760 τὸν
786 706 1054 778 Ἐζεχίαν,
1089 709 1233 763 οὕτω
1264 709 1359 763 καὶ
1393 712 1427 782 ἡ
1455 711 1656 781 πρᾶξις
1683 711 1784 783 τὴν
1814 713 1944 782 ἀρε-

365 799 501 867 τήνο
539 797 630 866 ὑφ’
657 794 727 871 ἧς
763 799 1139 871 διαφθείρεται
1167 804 1201 873 η
1238 802 1431 857 κακία.
1467 803 1634 857 Πάλιν
1659 800 1776 868 οὖν,
1813 804 1948 876 ’Δμ-

363 889 482 960 μῶς
509 890 771 960 ἐγέννησε
793 891 885 944 τὸν
924 891 1176 948 Ἡσαΐαν.
1214 893 1606 966 Ἐρμηνέυεται
1627 894 1685 949 δὲ
1721 894 1949 966 Ἀμμῶς

365 982 466 1053 μὲν
484 982 640 1036 λαοῦ
654 983 860 1050 πόνοςο
878 982 1105 1049 Ἡσαΐας
1121 985 1179 1039 δὲ
1196 985 1356 1054 ὕψος
1401 987 1582 1053 θειον,
1620 987 1714 1040 καὶ
1730 985 1946 1058 λαμϐά-

363 1093 512 1129 νεται
537 1076 566 1129 6
589 1075 691 1148 μὲν
715 1077 876 1141 πόνος
894 1079 975 1142 είς
1003 1079 1130 1143 τοὺς
1163 1079 1254 1132 ἐπὶ
1277 1081 1343 1150 τῇ
1379 1078 1576 1150 πράξει
1604 1078 1713 1132 τῶν
1736 1079 1949 1151 ἀρετῶν

367 1169 618 1240 ἱδρῶτας,
648 1170 830 1242 ἢτοὺς
859 1172 952 1226 ἐπὶ
975 1175 1040 1244 τῇ
1066 1175 1272 1243 φυσικῇ
1309 1170 1515 1244 θεωρίᾳ
1538 1172 1843 1243 καμάτους,
1888 1173 1951 1244 τὸ

364 1263 424 1318 δὲ
458 1263 593 1334 ὕψος
614 1267 696 1328 εἰς
717 1263 815 1335 τὴν
844 1264 1046 1334 γνῶσιν
1079 1265 1180 1335 τῆς
1211 1264 1490 1336 ἀληθείας,
1523 1266 1590 1336 ἢν
1615 1263 1878 1334 γεννῶσιν
1899 1265 1948 1318 οἱ

365 1357 459 1410 ἐπὶ
487 1359 554 1428 τῇ
583 1357 779 1428 πράξει
802 1358 909 1414 τῶν
935 1358 1146 1429 ἀρετῶν
1184 1356 1428 1430 ἱδρῶτες,
1459 1357 1494 1429 ἢ
1521 1357 1623 1428 τῆς
1650 1356 1762 1411 τῶν
1794 1373 1949 1426 γεγο⁴

365 1449 536 1502 νότων
569 1447 804 1520 Θεωρίας
829 1450 878 1502 οἱ
910 1449 1086 1515 πόνοι,
1117 1449 1536 1518 διαφθείρουσαν
1569 1449 1670 1521 τὴν
1701 1449 1946 1504 ἀντικει-

369 1541 541 1613 μένην
577 1542 718 1614 αὐτῇ
754 1542 987 1614 δύναμιν
1012 1542 1107 1596 τοῦ
1133 1543 1600 1616 ψεύδους.“Ωσπερ
1639 1543 1776 1614 εὐχή
1802 1544 1950 1596 ἐστιν

367 1634 660 1704 ὑπόσχεσις
687 1634 797 1687 τῶν
833 1633 894 1702 ἐξ
937 1633 1244 1706 ἀνθρώπων
1290 1632 1411 1704 Θεῷ
1453 1635 1572 1688 κατ’
1611 1633 1950 1702 ἐπαγγελίαν

367 1725 796 1798 προσαγομένων
834 1725 1016 1780 καλῶν
1040 1739 1055 1754 '
1106 1724 1252 1780 οὕτω
1306 1723 1609 1797 προσευχὴ,
1657 1722 1799 1778 κατὰ
1855 1723 1949 1777 τὸν

364 1820 552 1876 εἰκότα
580 1819 760 1888 λόγον,
786 1818 938 1873 ἔσται
971 1818 1160 1888 σαφῶς
1191 1820 1226 1890 ἡ
1248 1818 1358 1874 τῶν
1397 1819 1462 1872 ἐκ
1497 1815 1634 1872 Θεοῦ
1669 1815 1808 1886 πρὸς
1837 1833 1946 1870 σω-

363 1912 560 1983 τηρίαν
594 1911 1014 1984 χορηγουμένων
1052 1912 1167 1974 τοῖς
1189 1909 1502 1982 ἀνθρώποις
1535 1907 1760 1978 ἀγαθῶν
1793 1907 1944 1972 ἐξαί-

363 2023 559 2077 τησις,
606 2004 875 2059 ἀντίδοσιν
926 2002 1168 2073 φέρουσα
1205 2002 1308 2072 τῆς
1358 2002 1467 2056 τῶν
1510 1999 1947 2070 προηγουμένων

366 2097 538 2168 καλῆς
559 2095 872 2159 διαθέσεως.
903 2095 1008 2165 Βοὴ
1027 2095 1085 2148 δέ
1115 2096 1263 2149 ἐστιν
1313 2096 1348 2165 ἠ
1367 2093 1478 2150 τῶν
1501 2091 1646 2149 κατὰ
1666 2093 1769 2163 τὴν
1809 2093 1948 2164 πρᾶ-

363 2185 447 2252 ξιν
495 2184 768 2256 ἐναρέτων
806 2182 1026 2255 τρόπων
1087 2184 1185 2238 καὶ
1213 2182 1326 2238 τῶν
1370 2183 1516 2238 κατά
1566 2184 1669 2255 τὴν
1707 2183 1946 2254 θεωρίαν

361 2277 678 2346 γνωστικῶν
701 2276 1096 2348 θεωρημάτων,
1131 2276 1190 2329 ἐν
1233 2275 1313 2347 τῷ
1341 2275 1521 2348 καιρῷ
1551 2276 1653 2346 τῆς
1698 2274 1809 2330 τῶν
1841 2291 1945 2328 πο-

361 2370 545 2442 νηρῶν
595 2367 868 2440 δαιμόνων
913 2367 1339 2433 ἐπαναστάσεως
1362 2407 1379 2432 ,
1440 2369 1684 2432 ἐπίδοσίς
1731 2386 1793 2422 τε
1851 2367 1948 2422 καὶ

359 2461 666 2534 ἐπαύξησις
688 2479 703 2494 ⁸
735 2456 804 2536 ἦς
835 2463 1054 2518 πάντων
1083 2462 1184 2532 οὐχ
1227 2461 1432 2533 ἣκιστα
1477 2460 1726 2532 φυσικῶς
1756 2460 1947 2515 ἀκούει

360 2555 517 2622 Θεὸς,
549 2555 673 2610 ἀντὶ
723 2554 968 2625 μεγάλης
1001 2553 1185 2623 φωνῆς
1220 2552 1320 2624 τὴν
1349 2552 1459 2606 τῶν
1488 2552 1692 2622 ἀρετῆς
1724 2551 1820 2605 καὶ⁵
1849 2552 1946 2623 τῆς

362 2649 619 2718 γνώσεως
653 2645 1104 2719 ἐπιμελουμένων
1145 2645 1442 2716 λαμϐάνων
1473 2643 1735 2699 διάθεσιν.
1774 2644 1948 2714 Οὐρα-

361 2741 452 2805 νὸς
492 2740 550 2794 δὲ
580 2726 848 2804 πολλάκις
875 2738 1020 2795 κατὰ
1060 2737 1176 2811 τὴν;
1199 2737 1424 2810 Γραφὴν
1469 2736 1694 2806 λέγεται
1723 2736 1892 2800 αὐτὸς
1918 2739 1948 2791 6

360 2834 516 2900 Θεὸς,
549 2833 626 2898 ὼς
655 2833 718 2888 τὸ
737 2872 753 2895 ,
786 2851 805 2885 ι
831 2833 906 2888 Ού
945 2831 1171 2886 δύναται
1208 2829 1495 2902 ἄνθρωπος
1523 2828 1826 2901 λαμϐάνειν
1852 2827 1945 2898 ἀφ’

361 2923 559 2980 ἑαυτοῦ
587 2925 779 2992 οὐδὲν,
813 2923 910 2978 ἐὰν
943 2922 1019 2995 μὴ
1118 2921 1403 2994 δεδομένον
1435 2919 1585 2992 αὑτῷ
1622 2920 1689 2974 ἐκ
1732 2919 1828 2973 τοῦ
1857 2919 1951 2972 οὑ·-

364 3015 552 3089 ρανοῦ,
575 3033 594 3068 ι
625 3016 748 3071 ἀντὶ
765 3015 883 3080 τοῦ,
905 3015 970 3069 ἐκ
985 3015 1080 3070 τοῦ
1097 3013 1255 3068 Θεοῦ.
1279 3013 1453 3067 Καλεῖ
1467 3012 1526 3066 δὲ
1550 3011 1781 3085 οὐρανὸν
1805 3010 1946 3080 αὕτη

362 3111 459 3164 καὶ
496 3109 596 3174 τὰς
621 3109 880 3181 οὐρανίας
902 3107 1181 3180 δυνάμεις.
1219 3107 1310 3172 Ὦς
1333 3107 1418 3174 τὸ,
1457 3125 1476 3159 ι
1510 3107 1572 3161 '0
1599 3108 1830 3179 οὐρανός
1856 3124 1948 3178 μοι

2044 622 2286 676 sumitur
2308 621 2632 692 quidemvis
2665 627 2765 676 s‘eu
2800 621 2972 677 robur
3007 622 3074 677 ad
3126 629 3448 677 sanctorum
3482 637 3639 677 man-

2046 714 2301 769 datorum
2331 714 2605 770 actionem
2640 731 2653 768 :
2695 713 2883 769 divina
2914 715 3160 785 potentia
3194 723 3378 770 autem
3417 715 3488 769 ad
3523 713 3639 767 vir-

2049 813 2244 860 tutem.
2280 803 2355 861 "At
2403 805 2684 875 quomodo
2734 803 2919 859 Achaz
2962 805 3156 876 genuit
3190 805 3485 861 Ezechiam
3511 846 3526 870 ,
3563 805 3637 860 ita

2046 896 2216 952 etiam
2272 897 2418 953 actio
2471 896 2734 951 virtutem
2793 914 2823 952 a
2869 914 2976 968 qua
3033 897 3370 952 interimitur
3418 896 3640 952 vitium.

2055 989 2268 1044 Rursus
2300 996 2485 1044 autem
2521 988 2748 1044 Ammos
2777 988 2968 1060 genuit
3000 989 3215 1044 Isaiam.
3241 990 3644 1060 Interpretatur

2049 1088 2232 1136 autem
2271 1081 2497 1136 Ammos
2541 1081 2766 1152 quidem
2793 1081 2977 1154 populi
3010 1081 3181 1149 labor,
3237 1082 3409 1138 Isaias
3447 1091 3636 1138 autem

2048 1172 2226 1226 divina
2257 1171 2505 1227 altitudo.
2535 1171 2604 1228 Et
2631 1172 2901 1244 accipitur
2933 1173 3158 1244 quidem
3189 1172 3346 1228 labor
3384 1188 3486 1243 pro
3527 1189 3622 1229 su-

2049 1263 2281 1320 doribus
2322 1263 2382 1319 in
2424 1264 2754 1320 exercendis
2786 1265 3089 1320 virtutibus
3124 1272 3220 1320 aut
3266 1264 3552 1320 laboribus
3585 1263 3642 1318 in

2051 1358 2288 1413 naturali
2323 1359 2810 1429 contemplatione,
2871 1357 3110 1414 altitudo
3169 1365 3354 1413 autem
3391 1373 3496 1428 pro
3531 1373 3626 1412 co-

2048 1450 2297 1522 gnitione
2319 1451 2590 1518 veritatis,
2613 1467 2779 1522 quam
2806 1460 3073 1523 generant
3087 1451 3321 1508 sudores
3346 1450 3402 1506 in
3426 1451 3642 1505 actione

2051 1542 2342 1610 virtutum,
2379 1551 2476 1598 aut
2508 1543 2565 1598 in
2610 1559 2802 1599 eorum
2864 1558 2984 1614 qua:
3039 1541 3266 1598 fuerunt
3308 1541 3645 1610 contempla-

2050 1635 2201 1691 tione
2249 1636 2509 1703 labores,
2549 1652 2672 1707 qua:
2704 1634 2928 1706 perimit
2982 1635 3036 1690 ei
3097 1634 3482 1690 adversantem
3532 1634 3642 1690 vim

2050 1724 2345 1780 mendacii.
2382 1725 2671 1793 Quomodo
2727 1731 2915 1780 autem
2967 1732 3158 1780 votum
3207 1731 3294 1779 est
3344 1723 3642 1795 promissio

2052 1816 2327 1872 bonorum
2380 1833 2505 1888 quae
2566 1833 2634 1872 ex
2691 1816 3014 1872 hominibus
3069 1817 3183 1872 Deo
3231 1815 3543 1872 offeruntur
3575 1831 3643 1870 ex

2049 1909 2345 1980 promisso,
2379 1909 2455 1964 ita
2493 1908 2831 1980 deprecatio,
2869 1925 2936 1965 ex
2955 1907 3243 1964 verisimili
3267 1907 3503 1971 ratione,
3536 1907 3644 1962 erit

2048 2007 2238 2070 aperte
2271 2000 2546 2055 bonorum
2573 2015 2697 2071 qua:
2731 2000 2801 2056 ad
2833 2001 3064 2056 salutem
3097 2000 3521 2071 suppeditantur
3537 1999 3640 2054 ho-

2048 2090 2294 2146 minibus
2337 2091 2640 2162 postulatio
2663 2131 2679 2156 ,
2714 2091 2900 2147 ferens
2944 2091 3449 2146 remunerationem
3484 2091 3645 2146 bona:

2047 2179 2358 2236 aﬂ‘ectionis
2388 2195 2582 2236 eorum
2626 2197 2748 2253 quae
2803 2181 3143 2252 praacedunt.
3192 2181 3412 2238 Clamor
3457 2189 3642 2237 autem

2048 2278 2133 2327 est
2195 2287 2412 2327 morum
2450 2273 2547 2343 qui
2583 2288 2652 2330 ex
2686 2273 2892 2329 virtute
2928 2282 3200 2345 aguntur,
3238 2283 3296 2330 et
3327 2273 3641 2330 theorema-

2049 2367 2188 2427 tum,
2227 2378 2350 2432 qua:
2381 2378 2451 2418 ex
2499 2362 2733 2420 scientia
2770 2362 2912 2419 ﬁunt
2959 2379 3059 2434 per
3091 2364 3639 2435 contemplationem,

2049 2453 2106 2510 in
2175 2464 2422 2526 tempore
2492 2455 2920 2512 insurrectionis
2981 2456 3253 2511 malorum
3305 2456 3641 2518 daemonum,

2049 2554 2410 2616 augmentum
2448 2555 2507 2602 et
2537 2546 2968 2602 incrementum.
3001 2547 3161 2614 Quod
3205 2547 3432 2602 omnino
3466 2545 3642 2601 maxi-

2051 2650 2138 2690 me
2182 2636 2510 2693 naturaliter
2543 2637 2701 2692 audit
2754 2638 2936 2706 Deus,
2975 2653 3170 2694 eorum
3201 2638 3296 2709 qui
3333 2638 3554 2694 virtutis
3587 2649 3646 2696 et

2049 2726 2384 2798 cognitionis
2411 2743 2603 2784 curam
2633 2738 2835 2800 gerunt
2865 2729 3218 2786 aﬂ'ectionem
3244 2730 3521 2800 accipiens
3543 2747 3648 2802 pro

2050 2833 2245 2888 magna
2279 2835 2436 2875 voce.
2464 2819 2681 2878 Caelum
2715 2830 2899 2878 autem
2925 2823 2980 2877 in
3019 2821 3307 2893 Scriptura
3332 2837 3476 2894 saepe
3500 2823 3648 2880 acci-

2052 2909 2206 2980 pitur
2241 2909 2360 2980 ipse
2387 2912 2555 2979 Deus,
2574 2921 2638 2967 ut
2672 2913 2807 2968 illud
2853 2929 2867 2967 :
2911 2933 2930 2965 (
2971 2913 3095 2969 Non
3131 2922 3318 2985 potest
3351 2914 3519 2970 homo
3541 2915 3644 2971 ali-

2050 2997 2184 3068 quid
2210 3014 2241 3054 a
2274 3014 2334 3055 se
2369 3015 2568 3072 capere
2585 3002 2693 3058 nisi
2719 3002 2770 3058 ci
2799 3002 2988 3057 datum
3025 3003 3098 3058 sit
3122 3004 3190 3060 de
3216 3005 3358 3060 c0310
3379 3005 3447 3070 ⁸⁸,
3475 3024 3494 3058 ι
3541 3005 3648 3062 hoc

2051 3099 2157 3156 est,
2186 3105 2218 3146 a
2251 3091 2388 3146 Deo.
2413 3092 2584 3149 Vocat
2606 3101 2793 3149 autem
2829 3094 2946 3165 ipsa
2982 3096 3186 3151 cmlum
3217 3097 3473 3152 caelestes
3507 3114 3646 3168 quo-

363 3201 571 3272 θρόνος.
598 3221 618 3255 ι
658 3201 890 3272 Λέγεται
944 3199 1004 3253 δὲ
1035 3200 1265 3270 οὐρανὸς
1315 3198 1412 3254 καὶ
1460 3199 1521 3254 τὸ
1569 3197 1704 3270 ὕψος
1744 3199 1848 3270 τῆς
1892 3201 1950 3254 ἐν

2053 3197 2160 3252 que
2183 3181 2439 3250 virtutes,
2455 3193 2536 3251 ut,
2558 3203 2579 3237 ι
2608 3184 2822 3241 ΟωΙιιιιι
2846 3185 2983 3240 mihi
3005 3194 3090 3242 est
3113 3187 3276 3243 sedes
3293 3188 3361 3242 ⁵³.
3386 3206 3406 3240 ι
3433 3188 3648 3243 Dicitur

362 3294 673 3366 ἀνθρώποις
700 3292 935 3363 ἀληθοῦς
962 3290 1236 3362 γνώσεως.
1272 3290 1331 3346 '0
1367 3291 1476 3363 γὰρ
1507 3289 1650 3362 μετά
1691 3290 1948 3363 πράξεως

364 3384 686 3456 γινώσκων,
718 3384 815 3438 καὶ
847 3383 989 3454 μετά
1021 3381 1279 3451 γνώσεως
1306 3381 1588 3453 πράττων,
1630 3381 1824 3452 θρόνος
1853 3381 1950 3434 καὶ⁸

363 3477 660 3534 ὑποπόδιόν
679 3477 798 3530 ἐστι
813 3473 908 3529 τοῦ
928 3472 1086 3529 Θεοῦ.
1120 3473 1320 3545 Θρόνος
1357 3473 1457 3545 μὲν
1479 3472 1571 3527 διά
1597 3475 1695 3544 τὴν
1723 3472 1949 3542 γνῶσιν,

364 3567 400 3647 ᾗ
429 3574 459 3626 6
490 3571 623 3635 Θεὸς
644 3568 1012 3639 ἐνθρονίζεται
1031 3583 1045 3597 ·
1077 3564 1368 3618 ὑποπόδιον
1396 3563 1452 3617 δὲ
1481 3563 1570 3617 διὰ
1604 3562 1704 3633 τὴν
1724 3554 1946 3634 πρᾶξιν,

363 3668 450 3736 ἐφ’
472 3663 673 3734 ἑαυτῆς
699 3660 1000 3732 δεχομένην
1021 3656 1120 3720 τὰς
1147 3656 1299 3720 θείας
1330 3654 1538 3726 βάσεις.
1567 3653 1788 3708 Τούτων
1807 3653 1953 3708 οὓτω

365 3755 891 3830 προθεωρηθέντων,
910 3751 1101 3806 λοιπὸν
1121 3751 1230 3813 πᾶς
1251 3749 1482 3822 εὐσεϐὴς
1511 3750 1683 3822 ἀρετῇ
1704 3749 1799 3803 καὶ
1818 3750 1954 3818 γνῶ-

366 3865 476 3911 σει,
501 3846 535 3916 ἢ
560 3843 756 3916 πράξει
786 3841 884 3896 καὶ
913 3841 1119 3912 θεωρίᾳ
1149 3839 1580 3913 φρουρούμενος,
1612 3839 1836 3894 ἐπειδὰν
1867 3840 1951 3912 ἴδῃ

364 3940 458 3994 διὰ
499 3937 611 3992 τῶν
656 3935 844 3989 παθῶν
919 3932 1309 3987 ἐπαναστᾶσαν
1348 3930 1500 4002 αύτῷ
1561 3931 1663 4002 τὴν
1707 3931 1955 4003 πονηρὰν

366 4033 467 4087 καὶ
499 4028 744 4100 ὀλέθριον
790 4024 1024 4096 δύναμιν
1047 4065 1062 4091 ,
1094 4022 1349 4093 καθάπερ
1405 4023 1501 4077 καὶ
1559 4021 1806 4093 Ἐξεχίας
1862 4025 1956 4078 καὶ

379 4125 612 4186 Ἡσαΐας
641 4118 782 4175 εἶδον
811 4117 1181 4190 ἐπερχόμενον
1216 4117 1400 4180 αὐτοῖς
1447 4116 1540 4169 τὸν
1574 4115 1805 4186 βασιλέα
1847 4116 1956 4171 τῶν

382 4213 712 4286 Ἀσσυρίων,
749 4210 1089 4280 καταφεύγει
1147 4209 1284 4280 πρὸς
1317 4208 1409 4263 τὸν
1431 4207 1585 4275 Θεὸν,
1617 4209 1714 4262 καὶ
1755 4208 1956 4280 ἀλαλή-

373 4323 484 4383 τῳς
504 4305 602 4377 βοᾷ
628 4303 768 4378 πρὸς
785 4303 975 4367 αὑτὸν,
1007 4299 1096 4354 διὰ
1121 4299 1223 4368 τῆς
1252 4298 1374 4353 κατ’
1407 4299 1611 4372 ἀρετὴν
1638 4300 1732 4354 καὶ
1758 4299 1956 4368 γνῶσιν

369 4397 686 4460 ἐπιδόσεως,
726 4395 835 4449 καὶ·
859 4392 1075 4464 δέχεται
1099 4391 1391 4462 σύμμαχον
1415 4390 1647 4460 ἄγγελον
1666 4408 1679 4422 ⁸
1713 4390 1957 4462 δηλονότι

373 4488 606 4564 μείζονα
634 4486 828 4558 σοφίας
856 4484 954 4540 καὶ¹
995 4483 1254 4552 γνώσεως
1283 4482 1443 4552 λόγον
1485 4483 1808 4555 ἐκτρίϐοντα
1831 4485 1959 4548 τοὺς

2055 3283 2241 3330 autem
2297 3276 2499 3358 caelum
2536 3277 2704 3332 etiam
2745 3277 2981 3334 altitudo
3036 3295 3181 3334 vera:
3217 3279 3276 3334 in
3327 3280 3652 3336 hominibus

2058 3365 2412 3437 cognitionis.
2468 3365 2573 3434 Qui
2604 3368 2754 3422 enim
2809 3383 2934 3423 cum
2970 3367 3189 3424 actione
3237 3371 3554 3440 cognoscit,
3593 3381 3649 3428 et

2057 3471 2182 3511 cum
2215 3456 2528 3528 cognitione
2564 3458 2696 3529 agit,
2727 3458 2960 3515 thronus
2992 3467 3160 3516 estet
3193 3460 3493 3516 scabellum
3525 3461 3642 3516 Dei.

2058 3547 2317 3604 Thronus
2336 3547 2584 3619 quidem,
2617 3556 2846 3620 propter
2869 3549 3264 3621 cognitionem,
3289 3549 3344 3604 in
3371 3565 3480 3621 qua
3505 3551 3648 3606 Deus

2058 3638 2286 3707 insidet,
2319 3640 2622 3696 scabellum
2671 3648 2858 3697 autem
2884 3682 2899 3707 ,
2933 3648 3161 3712 propter
3202 3641 3473 3698 actionem
3527 3657 3651 3712 qua:

2059 3730 2276 3787 divinas
2313 3732 2475 3788 bases
2511 3733 2567 3787 in
2593 3748 2652 3790 se
2679 3732 2932 3804 suscipit.
2965 3733 3062 3788 llis
3094 3733 3176 3788 sic
3203 3732 3360 3804 prius
3394 3732 3647 3788 conside-

2060 3823 2220 3886 ratis,
2255 3822 2437 3879 omnis
2460 3824 2574 3895 jam
2609 3823 2737 3894 pius
2770 3823 3022 3879 munitus
3055 3824 3314 3894 praesidio
3341 3823 3564 3878 virtutis
3597 3833 3654 3879 et

2061 3903 2392 3988 cognitionis
2419 3954 2435 3980 ,
2475 3923 2768 3986 postquam
2819 3914 3025 3970 viderit
3075 3929 3174 3984 per
3216 3913 3538 3972 all‘ectiones
3597 3922 3653 3969 ct

2061 4009 2232 4064 animi
2257 4016 2440 4066 motus
2474 4009 2531 4064 in
2557 4023 2615 4064 se
2649 4008 3020 4078 insurgentem
3054 4006 3346 4077 malignam
3377 4014 3434 4062 et
3454 4005 3652 4060 exitio-

2064 4114 2180 4154 sam
2214 4108 2566 4170 potestatem,
2604 4099 2749 4154 sicut
2785 4097 3052 4153 Ezechias
3091 4107 3149 4152 et
3182 4097 3348 4152 Isaias
3390 4096 3654 4151 viderunt

2065 4191 2121 4245 in
2147 4206 2208 4245 se
2229 4190 2608 4262 insurgentem
2640 4203 2827 4259 regem
2866 4186 3216 4258 Assyriorum
3238 4226 3252 4251 ,
3305 4184 3552 4255 confugit
3583 4185 3652 4239 ad

2064 4283 2259 4345 Deum,
2318 4291 2375 4338 et
2421 4282 2584 4337 tacite
2617 4280 2820 4335 clamat
2850 4278 2918 4334 ad
2956 4293 3084 4333 cum
3110 4293 3210 4348 per
3247 4276 3652 4332 incrementum

2067 4379 2124 4436 in
2145 4379 2352 4434 virtute
2371 4388 2428 4434 ct
2449 4377 2763 4450 cognitione
2784 4393 2797 4429 :
2832 4382 2889 4430 et
2911 4373 3112 4443 accipit
3140 4371 3350 4428 socium
3374 4371 3652 4442 angelum,

2067 4472 2281 4529 scilicet
2315 4471 2590 4526 rationem
2631 4469 2896 4540 majorem
2941 4464 3210 4537 sapientia
3241 4471 3299 4518 et
3342 4461 3656 4533 cognitione

371 4555 689 4651 πολεμίους.
712 4555 1063 4647 ’Παρεμϐολὴ
1125 4573 1184 4626 δὲ
1227 4571 1492 4643 βασιλέως
1547 4573 1778 4645 ’Δσσούρ
1815 4575 1953 4628 eam

2075 4571 2456 4620 eonterentem
2520 4562 2729 4618 hostes.
2794 4560 2989 4615 Castra
3049 4567 3233 4614 autem
3287 4556 3430 4628 regis
3487 4555 3658 4610 Assur

372 4677 402 4728 ὁ
430 4649 566 4744 πρδς
581 4669 777 4742 ἡδονὴν
802 4667 901 4731 τὰς
916 4667 1154 4737 φυσικὰς
1173 4663 1384 4735 ὀρέξεις
1410 4664 1594 4720 κινῶν.
1622 4665 1953 4738 Πολεμιστὴς

2068 4654 2221 4730 [sunt
2255 4669 2530 4727 synagoga
2557 4669 2623 4709 ac
2657 4652 3010 4732 congregatio
3044 4651 3311 4705 malarum
3367 4649 3657 4721 cogitatio-

373 4765 433 4818 δὲ
541 4739 614 4815 τὸ
650 4759 882 4830 θυμικὸν
929 4757 1222 4827 διεγείρων
1247 4796 1261 4820 ,
1302 4757 1384 4820 είς
1449 4756 1550 4827 τὴν
1595 4756 1708 4810 τῶν
1757 4757 1953 4826 ἡδονῶν

2069 4763 2202 4803 num
2227 4754 2322 4802 aut
2354 4745 2693 4808 daemonum,
2717 4743 2774 4798 in
2811 4758 2920 4812 qua
2945 4751 3145 4812 potens
3177 4739 3426 4811 quidem]
3456 4739 3658 4808 estqui

376 4855 653 4924 φυλακήν.
688 4851 911 4922 Ἀρχων
948 4848 1007 4902 δὲ
1028 4850 1058 4901 6
1082 4841 1208 4912 ’ταῖς
1234 4847 1580 4916 ἐπιφανείαις
1609 4847 1721 4902 τῶν
1753 4847 1953 4919 ἀρετῶν

2070 4841 2338 4905 adversus
2373 4839 2714 4908 voluptatem
2743 4842 2928 4892 movet
2952 4835 3236 4890 naturales
3271 4832 3655 4903 appetitioncs.

373 4921 478 5009 τὰς
506 4921 790 5014 αἰσθήσεις
827 4939 1163 5013 διερεθίζων.
1195 4938 1509 5009 Στρατηγὸς
1536 4938 1593 4992 δὲ
1622 4940 1652 4992 6
1696 4939 1953 5003 εἰδοποιὸς

2073 4933 2312 4988 Bellator
2340 4938 2524 4985 autem
2577 4936 2664 4984 est
2691 4929 2738 4983 is
2770 4927 2866 4998 qui
2906 4925 3045 4981 iram
3067 4924 3270 4981 excitat
3297 4923 3363 4978 ad
3385 4921 3660 4977 cavendas

376 5038 490 5093 τῶν
525 5011 738 5102 παθῶν,
771 5035 868 5089 καὶ
912 5011 1017 5104 τῆς
1056 5032 1342 5104 ἐνεργείας
1379 5032 1560 5086 αὐτῶν
1593 5032 1953 5102 ἐπινοητικὸς.

2074 5025 2403 5094 voluptates.
2439 5021 2705 5091 Princeps
2720 5027 2928 5083 autem,
2955 5016 3052 5088 qui
3068 5017 3334 5072 virtutum
3359 5011 3660 5082 apparitio-

379 5130 685 5202 Πρόσωπον
713 5128 771 5182 δὲ
796 5126 892 5181 τοῦ
922 5103 1175 5181 διαϐόλου
1197 5164 1212 5190 ,
1239 5126 1300 5178 τὸ
1328 5125 1470 5178 λεῖον
1501 5125 1601 5195 τῆς
1628 5125 1844 5196 ἡδονῆς,
1871 5125 1953 5179 καλ

2067 5117 2238 5172 nibus
2266 5129 2462 5171 sensus
2488 5112 2714 5169 excitat.
2761 5112 2883 5167 Dux
2913 5117 3096 5165 autem
3142 5106 3272 5162 belli
3305 5115 3392 5160 est
3417 5104 3514 5174 qui
3542 5103 3656 5158 for-

377 5198 451 5278 τά
482 5221 745 5276 θελκτικά
772 5219 880 5274 τῶν
908 5217 1216 5288 αἰσθήσεων
1242 5215 1499 5286 αἰσθητά.

2073 5223 2219 5264 mam
2252 5206 2448 5262 tribuit
2481 5204 2804 5268 alfectibus,
2843 5211 2902 5258 et
2935 5215 3127 5258 earum
3159 5198 3431 5270 excogitat
3459 5213 3656 5267 opera-

2068 5300 2304 5356 tionem.
2339 5296 2553 5354 Diaboli
2582 5303 2766 5352 autem
2790 5293 2958 5350 facies
2987 5301 3073 5348 est
3113 5291 3310 5349 levitas
3339 5290 3658 5361 voluptatis,

2071 5402 2127 5448 et
2151 5391 2374 5448 sensilia
2400 5405 2523 5462 qua:
2554 5401 2748 5445 sensus
2771 5383 3066 5441 deliniunt.

2075 5505 2144 5561 Et
2175 5504 2327 5560 multi
2367 5503 2601 5574 ferebant
2634 5515 2867 5574 luunera
2902 5494 3564 5574 Dominoin_.lerusalem,
3613 5502 3660 5545 rt

382 5511 497 5570 Kal
527 5509 763 5580 πολλοὶ
783 5507 1002 5580 ἔφερον
1027 5503 1187 5574 δῶρα
1202 5501 1290 5580 ζῶ
1302 5501 1507 5580 Εειρίφ
1535 5501 1622 5580 εὶς
1668 5500 1972 5580 ἰξρργᾳα-
2075 5505 2144 5561 Et
2175 5504 2327 5560 multi
2367 5503 2601 5580 {erepant
2633 5515 2867 5580 innuero
2902 5500 3000 5580 Do!

1201 5573 1235 5640 ἶ)
1261 5567 1508 5642 “EG:qu
1537 5569 1798 5636 ,ϐασιλεῖ
1835 5569 1973 5624 Ἰου-
2367 5567 2378 5574 ’
2453 5575 2594 5629 dona
2623 5571 2862 5628 Ezechiae
2890 5570 3002 5642 regi
3027 5568 3180 5624 Iuda:
3215 5567 3282 5622 “.

458 5580 643 5703 6.13m,
671 5579 771 5635 καί
793 5569 866 5633 (ὰ
887 5569 1122 5648 δόματᾱ
1152 5573 1235 5640 τῷ
1277 5571 1508 5642 Ἐζεκίᾳ
1537 5569 1798 5636 ,ϐασιλεῖ
1835 5569 1973 5624 Ἰου-

498 5668 536 5703 α
562 5667 667 5703 ων.

498 5667 555 5704 αι
562 5667 667 5705 ων.

460 5745 576 5807 Πᾶς
606 5741 732 5806 νοῦς
767 5743 936 5813 ἀρετῇ
975 5739 1071 5794 καὶ
1105 5737 1302 5808 γνώσει
1347 5733 1820 5804 κατεστεμμένος,
1877 5731 1953 5785 κα¹

2149 5729 2340 5789 Omnis
2387 5744 2544 5787 mens
2588 5733 2847 5785 coronata
2886 5725 3091 5783 virtute
3127 5728 3182 5779 et
3217 5715 3552 5790 cognitione,
3603 5719 3658 5768 et

465 5877 512 5910 "
535 5875 695 5936 Joau.
726 5892 805 5946 ιιι,
834 5876 924 5931 27.
999 5875 1044 5910 ”
1066 5874 1168 5932 lsa.
1198 5889 1341 5943 LXVI,
1362 5874 1410 5930 l.
1487 5872 1532 5905 “
1559 5870 1604 5928 Il
1639 5868 1816 5927 Paral.
1848 5883 2016 5940 χχιιι,
2053 5867 2142 5924 23.
