4076 6440
476 460 604 521 1971

1698 465 1751 519 S.
1793 460 2065 521 CYRlLLl
2108 458 2196 515 ΕΤ
2237 459 2546 518 ALIORUM

3592 449 3738 506 ἴξιν-Ὠ

467 596 699 650 regnum
749 580 1006 636 obtinens
1046 597 1098 636 In
1138 580 1464 646 Jerusalem,
1509 595 1607 636 seu
1642 581 1695 636 in
1737 580 1929 635 habitu
1970 577 2050 633 vi-

2160 576 2453 646 βασιλεύων
2517 573 2905 646 Ἰερουσαλὴμ,
2952 573 3070 645 ἦτοι
3113 571 3213 641 τῆς
3261 570 3485 642 εἰρήνην
3517 568 3738 640 ὁρώσης

466 671 634 727 dente
658 687 869 742 pacem,
896 673 1313 737 constitutione,
1339 673 1584 744 inquam,
1608 672 1777 727 animi
1807 671 2049 726 motibus

465 765 694 820 liberata
733 764 828 835 qui
859 763 1188 819 seditionem
1219 763 1497 836 agitabant
1529 763 1678 835 (visio
1711 763 1860 818 enim
1906 763 2051 833 pacis

468 858 869 927 interpretatur
907 854 1256 926 Jerusalem),
1301 855 1528 911 omnino
1566 855 1734 911 habet
1768 869 1890 909 eam
1929 868 2051 923 quae

466 957 696 1020 apparet
733 958 1040 1005 creaturam
1081 949 1186 1004 sibi
1234 949 1455 1020 quidem
1503 949 1646 1004 dona
1684 949 2046 1004 offerentem:

465 1040 579 1096 Deo
618 1049 803 1096 autem
841 1041 985 1096 dona
1023 1057 1120 1111 per
1145 1057 1222 1097 se.
1253 1041 1387 1096 Nam
1414 1041 1633 1113 proprie
1660 1039 1884 1110 quidem
1907 1038 2051 1092 dona

469 1143 600 1191 sunt
637 1149 760 1206 quae
790 1133 993 1190 dantur
1020 1134 1397 1205 indigentibus
1424 1151 1440 1188 :
1465 1148 1693 1187 munera
1719 1139 1902 1186 autem
1928 1144 2051 1199 qua;

469 1224 777 1279 aﬂ'eruntur
832 1227 897 1280 ad
959 1241 1054 1281 eos
1108 1225 1202 1296 qui
1259 1241 1366 1282 non
1429 1224 1693 1296 indigent.
1757 1223 2050 1292 Propterea

472 1317 705 1373 Domino
743 1318 965 1390 quidem
1002 1320 1314 1379 oﬂeruntur
1345 1334 1594 1383 munera,
1628 1325 1689 1372 ut
1718 1317 1812 1387 qui
1847 1314 2052 1370 nullius

469 1422 648 1486 egeat,
687 1413 937 1470 Ezechiae
973 1422 1156 1467 autem
1192 1412 1353 1476 dona,
1379 1419 1670 1484 propterea
1698 1407 1845 1482 quod
1872 1406 2053 1463 omnis

471 1506 638 1560 homo
677 1505 903 1576 indiget,
929 1514 985 1560 et
1005 1505 1252 1563 moribus
1271 1503 1338 1558 ad
1365 1503 1646 1567 virtutem,
1669 1510 1725 1556 et
1747 1499 2054 1556 rationibus

472 1597 542 1652 ad
581 1597 972 1668 cognitionem.
1021 1596 1126 1652 Sed
1175 1611 1406 1650 munera
1453 1594 1677 1666 quidem
1723 1602 1854 1648 sunt
1891 1592 2054 1663 spiri-

474 1689 650 1744 tuales
699 1689 940 1744 rationes
982 1704 1105 1759 qua:
1159 1688 1345 1742 insunt
1385 1687 1442 1741 in
1486 1700 1816 1755 unaquaque
1869 1685 2053 1754 specie

471 1797 666 1838 eorum
711 1797 833 1854 qua:
880 1780 1156 1850 complent
1185 1786 1516 1840 creaturam,
1549 1793 1649 1847 per
1677 1792 1814 1846 quas
1853 1790 2054 1845 cogno-

473 1873 649 1929 scitur
689 1880 906 1927 creator
936 1879 1223 1934 creaturae,
1263 1867 1524 1923 doeentes
1555 1865 1703 1937 quod
1742 1866 1815 1921 sit
1853 1865 2052 1935 aliquis

2150 669 2317 735 ἓξεως
2341 687 2354 700 ⁸
2391 669 2535 736 λέγω
2561 667 2626 739 δὴ
2649 667 2750 737 τῆς
2784 667 2892 720 τῶν
2919 663 3317 730 στασιαζόντων
3339 661 3528 715 παθῶν
3559 661 3743 732 ἀπηλ-

2151 761 2430 833 λαγμένης
2453 761 2838 822 καταστάσεως
2864 758 3096 829 (ὅρασις
3119 756 3230 828 γὰρ
3254 754 3500 824 εἰρήνης
3531 751 3737 824 Ἰερου-

2153 854 2337 926 σαλὴμ
2389 851 2794 926 ἐρμηνεύεται)·
2827 851 3048 914 πάντως
3094 849 3206 920 ἔχει
3253 849 3352 920 τὴν
3399 846 3741 916 φαινομένην

2153 947 2335 1002 κτίσιν
2373 945 2790 1019 προσφέρουσαν
2830 943 2978 1013 αὐτῷ
3014 943 3114 1014 μὲν
3145 941 3375 1012 δόματα,
3416 939 3492 1010 τῷ
3521 938 3575 991 δὲ
3613 935 3740 1006 Θεῷ

2153 1040 2303 1112 δῶρα
2335 1039 2401 1092 δι’
2427 1038 2615 1094 αὐτοῦ.
2645 1037 2867 1108 Κυρίως
2896 1035 3006 1108 γὰρ
3038 1035 3248 1104 δόματα
3281 1033 3378 1104 μὲν
3405 1032 3472 1084 τά
3502 1033 3611 1094 τοῖς
3645 1031 3741 1082 ὲν-

2152 1130 2298 1183 δεέσι
2325 1129 2611 1200 διδόμενα*
2646 1129 2796 1200 δῶρα
2816 1127 2894 1192 δὲ,
2929 1125 2998 1179 τὰ
3030 1127 3142 1188 τοῖς
3172 1122 3530 1193 άπροσδεέσιν
3557 1123 3746 1174 είσκο-

2156 1221 2446 1294 μιζόμενα.
2470 1219 2560 1274 Διὸ
2586 1219 2664 1291 τῷ
2689 1219 2787 1290 μὲν
2807 1218 2996 1290 Κυρίῳ
3019 1215 3164 1288 δῶρα
3182 1215 3258 1279 ὡς
3282 1215 3499 1268 πάντων
3530 1213 3744 1283 ἀπροσ-

2153 1317 2287 1382 δεεῖ,
2316 1315 2394 1387 τῷ
2416 1315 2472 1368 δὲ
2510 1313 2728 1386 Ἐζεκίᾳ
2751 1312 2982 1384 δόματα,
3005 1309 3139 1363 διότι
3169 1311 3278 1372 πᾶς
3304 1305 3590 1377 ἄνθρωπος
3616 1306 3745 1355 ὲπι-

2155 1409 2327 1462 δεῖται
2352 1448 2368 1473 ,
2407 1409 2502 1462 καὶ
2533 1407 2750 1478 τρόπων
2787 1406 2867 1468 είς
2900 1401 3124 1474 ἀρετὴν,
3155 1400 3251 1454 καὶ
3279 1397 3456 1466 λόγων
3490 1397 3570 1460 είς
3597 1392 3746 1462 γνῶ-

2157 1519 2261 1556 σιν.
2305 1499 2468 1554 Ἀλλά
2493 1498 2641 1570 δῶρα
2686 1497 2816 1569 μὲν,
2843 1497 2892 1550 oi
2928 1494 3324 1566 ὲνυπάρχοντες
3353 1489 3569 1558 ἑκάστῳ
3607 1487 3745 1539 εῖδει

2153 1593 2264 1647 τῶν
2301 1588 2768 1662 συμπληρούντων
2799 1585 2898 1656 τὴν
2950 1584 3126 1637 κτίσιν
3157 1578 3519 1651 πνευματικοὶ
3563 1576 3740 1643 λόγοι,

2155 1685 2222 1738 δι’
2261 1675 2336 1737 ὧν
2368 1685 2396 1735 ὁ
2419 1683 2516 1751 τῆς
2545 1678 2778 1742 κτίσεως
2810 1673 3139 1747 γνωρίζεται
3165 1671 3416 1742 ποιητὴς,
3454 1667 3745 1721 διδασκόν-

2158 1793 2292 1841 των,
2326 1776 2410 1829 ὅτι
2442 1772 2559 1827 ἐστί
2592 1789 2674 1836 τις
2714 1770 2823 1824 τῶν
2853 1767 3194 1838 φαινομένων
3238 1764 3463 1832 κτίστης
3490 1762 3583 1814 καὶ
3620 1760 3748 1812 δεσ-

2157 1871 2352 1940 πότης.
2393 1867 2616 1938 Δόματα
2645 1864 2703 1918 δὲ
2743 1864 2793 1918 οἱ
2837 1862 3047 1924 ἐνόντες
3095 1858 3310 1926 ἑκάστῳ
3350 1854 3555 1908 τούτων
3584 1847 3748 1913 αὖθις

472 1975 686 2023 creator
730 1975 788 2022 et
826 1965 1090 2019 Dominus
1129 1978 1320 2018 eorum
1366 1977 1490 2032 qua:
1537 1967 1862 2015 cernuntur.
1905 1959 2052 2013 Dona

2160 1928 2376 2032 φυσικοὶ
2399 1928 2574 2029 νόμοι·
2592 1956 2736 2010 τοῦτ’
2757 1953 2893 2020 ἔστι,
2925 1952 2996 2006 τὰ
3026 1948 3234 2020 φυσικὰ
3265 1947 3744 2032 πλεονεκτήματα,

470 2065 654 2114 autem
693 2063 824 2113 sunt
861 2072 983 2127 quae
1026 2071 1223 2110 rursus
1263 2056 1318 2109 in
1359 2069 1697 2124 unoquoque
1737 2068 1932 2108 eorum
1965 2053 2052 2106 in-

471 2157 602 2204 sunt
650 2147 932 2204 naturales
978 2147 1240 2211 rationes,
1288 2145 1393 2200 hoc
1433 2153 1519 2201 est
1553 2145 1708 2200 dotes
1749 2142 2050 2206 naturales,

471 2254 571 2310 per
597 2253 732 2311 quas
752 2236 1002 2292 eruditur
1030 2235 1228 2311 aliquis
1246 2235 1311 2290 ad
1332 2234 1590 2290 virtutem
1614 2252 1625 2286 :
1649 2233 1816 2304 hujus
1831 2231 2054 2302 quidem

469 2329 577 2383 hoc
614 2328 843 2398 eligens,
885 2327 1034 2382 illius
1075 2342 1207 2381 vero
1239 2325 1394 2390 illud,
1431 2334 1487 2380 et
1539 2324 1820 2379 naturales
1861 2337 2053 2377 earum

469 2421 618 2490 leges
654 2418 900 2476 liberalis
928 2419 1014 2474 sui
1043 2417 1261 2472 arbitrii
1287 2418 1450 2472 modo
1478 2416 1717 2471 imitans.
1752 2413 2056 2469 Seminavit

468 2513 617 2569 enim
640 2506 785 2570 Deus
807 2512 862 2567 in
902 2511 1270 2582 singularibus
1302 2510 1551 2581 partibus
1583 2518 1849 2565 creatura:
1886 2506 2054 2578 spiri-

469 2606 649 2660 tuales
698 2620 919 2679 quoque
971 2604 1120 2674 leges
1173 2602 1475 2673 sapientiae,
1524 2601 1832 2656 indicantes
1881 2599 2054 2654 Deum

467 2713 662 2755 earum
707 2705 1058 2755 creatorem:
1109 2705 1166 2752 et
1211 2696 1361 2767 leges
1410 2694 1691 2749 naturales
1736 2692 2056 2748 erudientcs

468 2789 538 2847 ad
569 2790 831 2845 virtutem
853 2790 1132 2845 hominem
1157 2804 1348 2845 earum
1369 2795 1756 2858 spectatorem.
1781 2785 1851 2841 Ut
1872 2793 2055 2838 autem

467 2895 538 2936 ex
583 2879 772 2935 multis
810 2895 985 2952 pauca
1027 2879 1398 2945 adducamus,
1439 2878 1634 2948 aquilae
1671 2877 1758 2932 lex
1791 2875 2055 2930 naturalis

468 2979 575 3036 est,
608 2971 677 3027 ad
716 2970 950 3026 solarem
978 2969 1328 3040 splendorem
1360 2969 1552 3023 oculos
1585 2974 1765 3023 rectos
1792 2965 2050 3038 deﬁgere.

469 3062 630 3130 Quod
660 3062 883 3132 quidem
905 3061 1215 3116 imitabitur
1241 3060 1514 3132 quispiam
1533 3059 1598 3114 ad
1616 3059 1857 3114 divinam
1876 3058 2055 3113 lucem

470 3161 713 3210 mentem
757 3152 1022 3223 dirigens.
1067 3151 1379 3207 lmitabitur
1406 3150 1575 3206 etiam
1615 3164 1839 3204 cervum
1865 3163 2054 3219 perse-

2153 2055 2220 2108 δι’
2258 2046 2332 2107 ὧν
2363 2048 2680 2106 παιδεύεται
2711 2064 2793 2110 τις
2821 2045 2958 2116 πρὸς
2991 2042 3192 2116 ἀρετήν
3217 2037 3611 2106 ’ἐκλεγόμενος
3642 2031 3746 2085 τοῦ

2159 2149 2258 2220 μὲν
2286 2146 2427 2211 τόδε,
2463 2143 2558 2198 τοῦ
2588 2142 2646 2195 δὲ
2703 2140 2824 2194 τόδε
2843 2156 2856 2170 ·
2888 2137 2983 2192 καὶ
3009 2137 3136 2196 τοὺς
3159 2132 3421 2202 φυσικοὺς
3445 2127 3624 2181 αὐτῶν
3655 2125 3750 2177 νό-

2163 2256 2300 2312 μους
2329 2238 2443 2300 τοῖς
2473 2232 2884 2305 προαιρετικοῖς
2909 2227 3073 2283 αὐτοῦ
3096 2225 3320 2296 τρόποις
3349 2215 3629 2290 ἀπομιμού
3641 2233 3746 2286 με-

2157 2307 2267 2394 νος.
2328 2327 2764 2397 Ἐγκατέσπειρε
2812 2321 2922 2394 γὰρ
2971 2321 2999 2373 ὁ
3037 2317 3169 2379 Θεὸς
3219 2315 3332 2376 τοῖς
3381 2308 3526 2365 κατὰ
3577 2307 3751 2380 μέρος

2156 2426 2321 2479 εἴδεσι
2354 2422 2454 2492 τῆς
2509 2420 2744 2480 κτίσεως
2811 2416 2904 2468 καὶ
2951 2410 3145 2480 σοφίας
3179 2409 3375 2476 λόγους
3434 2418 3750 2470 πνευματι-

2157 2515 2309 2578 κοὺς,
2346 2511 2650 2585 μηνύοντας
2675 2508 2765 2562 τὸν
2792 2503 3021 2576 ποιητὴν
3053 2499 3228 2554 αὐτῶν
3260 2497 3391 2550 Θεόν
3414 2511 3428 2523 ·
3463 2494 3557 2547 καὶ
3585 2508 3753 2560 φυσι-

2156 2608 2287 2670 κοὺς
2315 2582 2514 2674 νόμους
2541 2596 3031 2668 παιδαγωγοῦντας
3065 2594 3146 2654 είς
3187 2588 3389 2660 ἀρετὴν
3422 2585 3515 2638 τὸν
3542 2582 3752 2674 θεατὴν

2158 2697 2341 2753 αὐτῶν
2381 2673 2690 2766 ἄνθρωπον.
2724 2691 2843 2742 Ἵνα
2871 2688 2926 2740 δὲ
2958 2687 3020 2738 ὲκ
3061 2682 3272 2737 πολλῶν
3301 2679 3459 2748 ὀλίγα
3487 2673 3752 2766 παραθῶ-

2161 2806 2280 2862 μεν,
2329 2763 2498 2842 άετοῦ-
2533 2781 2763 2855 φυσικὸς
2804 2780 3001 2849 νόμος,
3031 2774 3091 2827 τὸ
3147 2771 3286 2844 πρὸς
3367 2769 3469 2862 τὴν
3512 2763 3754 2862 ἡλιακὴν

2161 2858 2532 2955 μαρμαρυγὴν
2566 2873 2824 2935 ίθυτενῶς
2861 2867 3148 2933 άτενίζειν.
3180 2865 3245 2918 ’0
3305 2858 3608 2955 μιμήσεται
3635 2873 3750 2922 τις,

2158 2951 2478 3032 άπευθύνων
2521 2971 2611 3024 τὸν
2651 2966 2778 3021 νοῦν
2822 2967 2903 3028 είς
2943 2963 3005 3016 τὸ
3053 2960 3196 3015 θεῖον
3246 2954 3380 3027 φῶς.
3423 2951 3754 3022 Μιμήσεται

2158 3069 2253 3124 καὶ
2305 3066 2404 3136 τὴν
2459 3064 2688 3130 ἔλαφον,
2734 3058 2804 3112 τὰ
2855 3055 2964 3128 ὕψη
2996 3053 3104 3108 τῶν
3139 3050 3299 3106 θείων
3347 3043 3753 3116 θεωρημάτων,

2158 3159 2410 3227 καθάπερ
2438 3155 2622 3224 ἐκείνη
2649 3151 2717 3206 τά
2751 3151 2874 3221 δρη,
2909 3143 3283 3219 μεταδιώκων,
3315 3138 3411 3225 καλ.
3435 3136 3505 3190 τὰ
3543 3136 3758 3205 ἐμφω-

469 3261 648 3319 quens
709 3221 1059 3300 altitudinem
1125 3243 1438 3298 divinarum
1487 3241 2053 3312 contemplationum,

2160 3221 2390 3304 λεύοντα
2417 3249 2528 3310 τοῖς
2557 3221 2860 3314 ὁρωμένοις
2890 3239 3056 3292 είδεσι
3087 3235 3258 3304 πάθη,
3288 3221 3541 3300 καθάπερ
3567 3227 3753 3326 egoen:

469 3337 616 3393 sicut
652 3335 744 3391 ille
761 3343 976 3390 montes
1007 3341 1100 3388 :et
1137 3333 1232 3404 qui
1273 3333 1330 3386 in
1362 3332 1429 3387 iis
1458 3348 1580 3403 quae
1616 3340 1924 3388 cernuntur
1950 3331 2052 3387 de-

470 3431 730 3488 litescunt
787 3427 1054 3494 aﬂ‘ectus,
1121 3436 1379 3498 tanquam
1435 3434 1756 3496 serpentes,
1813 3426 2051 3496 perdens

471 3523 683 3583 ratione
730 3521 1128 3577 discretionis:
1178 3528 1235 3575 et
1291 3535 1564 3576 venenum
1621 3519 1742 3574 vitii
1793 3518 1943 3589 quod
1994 3519 2051 3572 in

469 3614 738 3676 memoria
790 3612 1296 3684 comprehenditur,
1351 3612 1709 3684 exstinguens
1761 3610 1950 3666 multis
1997 3619 2055 3665 et

470 3706 707 3770 diversis
773 3705 1020 3761 fontibus
1086 3704 1432 3776 cognitionis.
1510 3704 1825 3760 lmitabitur
1887 3703 2054 3758 etiam

472 3805 696 3861 acutum
740 3796 920 3850 visum
967 3810 1198 3864 capreae,
1239 3795 1557 3850 transiliens
1585 3794 1812 3864 laqueos
1849 3793 2054 3847 dzemo-

472 3903 608 3955 num
634 3888 728 3960 qui
755 3887 1087 3952 insidiantur
1110 3888 1322 3944 virtuti.
1349 3885 1659 3942 lmitabitur
1679 3894 1864 3940 autem
1887 3885 2056 3939 etiam

475 3980 594 4037 avis
637 3979 971 4046 cautionem,
1014 3979 1373 4052 supervolans
1417 3962 1556 4032 rctia
1589 3976 1859 4030 malorum
1896 3975 2058 4045 spiri-

474 4079 632 4128 tuum
670 4071 766 4142 qui
801 4071 1006 4126 bellum
1044 4079 1242 4144 gerunt
1273 4070 1534 4125 adversus
1563 4066 1953 4138 cognitionem.

445 4159 452 4165 ’
546 4163 864 4220 Cernuntur
899 4162 1123 4233 quidem
1163 4162 1466 4220 diviniores
1503 4168 1772 4217 creaturae
1819 4159 2060 4215 rationes

476 4256 535 4321 in
569 4256 939 4327 providentia,
967 4263 1023 4312 et
1057 4255 1112 4310 in
1143 4270 1211 4311 eo
1235 4253 1385 4324 quod
1411 4252 1762 4308 contineatur
1789 4251 2061 4307 stabilitas

445 4341 913 4418 uniuscujusque
947 4345 1185 4418 generis,
1221 4344 1502 4399 naturales
1537 4327 1720 4400 autem
1745 4343 1864 4414 ejus
1889 4342 2057 4414 leges,

479 4441 537 4505 in
575 4455 642 4495 eo
691 4438 837 4510 quod
879 4439 952 4494 sit
993 4439 1185 4494 eadem
1237 4437 1503 4491 naturalis
1549 4436 1798 4506 operatio
1832 4435 1890 4490 in
1926 4450 2063 4490 uno-

479 4546 701 4603 quoque
751 4546 973 4603 genere.
1025 4531 1130 4585 Per
1167 4544 1289 4599 quae
1320 4528 1504 4583 omnia
1540 4527 1880 4600 gloriﬁcatur
1916 4529 2064 4583 Deus

2152 3344 2232 3416 τῷ
2273 3342 2419 3411 λόγῳ
2457 3337 2791 3406 διαφθείρων
2835 3332 2937 3402 τῆς
2984 3328 3353 3416 διακρίσεως,
3405 3322 3502 3376 καὶ
3536 3319 3632 3416 τὸν
3682 3319 3752 3416 τῇ

2158 3407 2261 3507 μνή
2273 3407 2359 3504 μην
2379 3407 2962 3498 έναπολαμόανόμενον
2994 3421 3071 3474 ἰὸν
3092 3418 3195 3487 τῆς
3218 3414 3440 3477 κακίας,
3464 3413 3588 3507 cui;
3615 3407 3754 3507 πολ-

2153 3495 2284 3588 λαῖς.
2320 3495 2416 3577 καὶ
2447 3495 2729 3589 διαφόροις
2763 3509 3198 3569 κατασϐεννύων
3235 3507 3442 3576 πηγαῖς
3486 3503 3588 3570 τῆς
3618 3495 3761 3589 γνὼ-

2157 3634 2318 3680 σεως.
2361 3588 2685 3683 Μιμήσεται
2723 3607 2819 3660 καὶ
2859 3605 2961 3673 τῆς
2994 3601 3257 3673 δορκάδος
3291 3597 3390 3667 τὴν
3417 3588 3755 3658 ὀξυωπτίαν,

2154 3713 2280 3775 τοὺς
2313 3708 2539 3780 βρόχους
2561 3703 2671 3757 τῶν
2703 3698 3163 3755 ἐπιϐουλευόντων
3184 3694 3250 3763 τῇ
3279 3690 3448 3760 ἀρετῇ
3475 3683 3759 3780 δαιμόνων

2159 3777 2511 3874 ὑπερπηδῶν.
2543 3799 2664 3850 Ἐτι
2693 3794 2750 3850 δὲ
2794 3793 2886 3847 καὶ
2916 3790 3011 3843 τοῦ
3055 3786 3244 3858 ὀρνέου
3280 3783 3380 3854 τὴν
3416 3777 3752 3874 ἀσφάλειαν,

2156 3868 2523 3960 τὰς-παγίδας
2568 3887 2676 3940 τῶν
2707 3887 2773 3956 τῇ
2813 3881 3017 3952 γνώσει
3064 3874 3448 3947 πολεμούντων
3485 3868 3750 3939 πονηρῶν

2160 3985 2490 4056 πνευμάτων
2525 3976 3002 4051 ὑπεριπτάμενος.

2239 4167 2304 4221 Οἱ
2355 4165 2453 4236 μὲν
2497 4160 2762 4230 θειότεροι
2808 4155 2906 4224 τῆς
2957 4150 3187 4210 κτίσεως
3232 4145 3378 4236 λόγοι
3415 4141 3724 4236 ῖᾼφαίνονται

2164 4261 2221 4313 ὲν
2255 4260 2322 4330 τῇ
2351 4229 2579 4326 προνοίᾳ
2607 4229 2708 4304 καὶ
2741 4246 2944 4315 συνοχῇ
2977 4241 3076 4312 τῆς
3115 4237 3218 4330 τοῦΔ
3247 4234 3372 4290 καθ’
3411 4233 3646 4330 ἕκαστον
3678 4229 3762 4330 εἴξ-

2163 4323 2693 4417 δουςυμονιμότητος,
2735 4339 2784 4390 οἱ
2828 4335 2886 4389 δὲ
2920 4329 3141 4402 φυσικοὶ
3163 4326 3319 4396 νόμοι
3348 4323 3573 4417 ταύτης,
3606 4323 3664 4417 εν
3689 4323 3758 4390 τῇ

2166 4414 2459 4509 ταυτότητι
2488 4435 2586 4504 τῆς
2613 4430 2708 4485 τοῦ
2736 4428 2861 4482 καθ’
2887 4425 3120 4479 ἕκαστον
3143 4419 3318 4480 εἴδους
3341 4414 3577 4486 φυσικῆς
3596 4414 3757 4509 svsp-

2169 4533 2346 4603 γείας.
2382 4503 2460 4583 dt’
2503 4503 2579 4580 ῶν
2621 4520 2758 4593 ὁμοῦ
2806 4519 3026 4572 πάντων
3068 4509 3351 4576 δοξάζεται
3385 4506 3484 4578 μὲν
3525 4508 3554 4558 ὁ
3586 4503 3756 4603 θεὸς,

480 4639 512 4679 a
543 4637 652 4692 quo
687 4594 827 4677 facta
854 4631 1003 4686 sunt,
1042 4594 1234 4676 rursus
1265 4628 1448 4675 autem
1488 4594 1706 4697 proﬁcit
1737 4619 1903 4674 homo
1935 4634 2057 4689 pro-

2175 4594 2396 4696 παρίοῦ
2445 4618 2707 4688 γεγόνασι
2733 4628 2747 4646 ³
2791 4607 3092 4683 προκόπτει
3131 4603 3186 4656 δὲ
3215 4602 3244 4654 ὁ
3280 4599 3567 4672 ἄνθρωπος
3606 4595 3676 4648 δι’
3702 4594 3766 4648 δν

480 4722 603 4792 pter
634 4729 796 4783 quem
833 4713 973 4768 facta
998 4719 1146 4767 sunt.

593 4862 661 4917 Et
706 4864 875 4918 elatus
915 4860 1015 4931 fuit
1053 4861 1110 4914 in
1150 4860 1312 4915 oculis
1351 4865 1586 4916 omnium
1626 4862 1858 4931 gentium
1891 4861 1958 4911 ".

447 5061 455 5067 ·
551 5042 658 5111 Qui
719 5055 820 5112 per
877 5038 1148 5093 actionem
1205 5046 1262 5094 et
1317 5033 1838 5106 contemplationem
1891 5035 2068 5089 evasit

446 5155 452 5160 ·
482 5147 737 5205 magnus,
763 5129 1046 5184 extollitur
1076 5144 1176 5200 per
1211 5128 1484 5184 actionem
1508 5125 1733 5196 quidem
1756 5139 1922 5194 supra
1946 5139 2068 5178 om-

481 5240 585 5282 nes
623 5222 871 5278 carnales
910 5229 968 5276 et
1010 5237 1133 5293 qua:
1185 5220 1330 5275 male
1365 5218 1601 5273 audiunt
1636 5222 1692 5270 et
1724 5223 1855 5288 sunt
1878 5213 2070 5269 divisae

483 5316 826 5379 affectiones,
884 5323 947 5388 ut
1001 5315 1096 5386 qui
1151 5313 1224 5368 sit
1271 5310 1527 5380 superior
1570 5307 1913 5361 naturalibus
1950 5320 2073 5376 qua:

487 5406 750 5461 dicuntur
797 5404 1154 5475 corporibus,
1207 5413 1409 5468 nempe
1459 5398 1528 5451 iis
1575 5412 1698 5465 qua:
1732 5397 1937 5451 cadunt
1969 5395 2073 5450 sub

487 5504 670 5551 ortum
718 5502 775 5550 et
811 5495 1121 5556 interitum,
1159 5500 1216 5546 et
1251 5497 1312 5543 ut
1346 5490 1515 5544 semel
1555 5488 1754 5553 dicam,
1789 5504 1911 5559 qua:
1945 5497 2074 5542 sunt

488 5587 712 5644 sensilia
741 5605 754 5641 :
792 5603 892 5656 per
923 5582 1445 5652 contemplationem
1469 5589 1653 5636 autem
1678 5597 1771 5635 eas
1797 5596 1918 5650 qua:
1943 5563 2072 5634 sunt

491 5680 548 5734 in
587 5679 721 5749 ipsis
766 5677 1010 5731 rationes
1055 5672 1437 5743 cognoscendo
1485 5672 1886 5735 transmittens,
1920 5679 1976 5724 et
2005 5669 2073 5723 ad

492 5784 559 5825 ea
607 5783 732 5836 quae
777 5767 983 5821 cadunt
1023 5765 1127 5821 sub
1174 5765 1616 5836 intelligentiam,
1663 5780 1791 5835 quae.
1829 5770 1960 5820 sunt
1991 5761 2074 5818 eis

571 5918 614 5956 ιδ
651 5917 697 5982 ιι
732 5918 908 5979 Paral.
943 5919 1193 5986 “11,25.

2177 4712 2334 4779 αὖθις
2367 4711 2649 4781 γεγόνασι.

2176 4849 2285 4905 Καὶ
2348 4841 2654 4912 ὑπερήρθη
2707 4837 2836 4892 κατ’
2859 4831 3256 4958 ὲὲφρριλμοὺς
3327 4826 3571 4881 πάντων
3640 4825 3762 4880 rc?»-

2927 4922 3010 4957 νω
3057 4944 3070 4956 .

2927 4919 3070 4957 νων.

2258 5028 2317 5082 '0
2348 5026 2437 5080 διὰ
2489 5020 2741 5094 πράξεως
2778 5019 2872 5072 καὶ
2911 5014 3146 5086 θεωρίας
3180 5008 3558 5081 μεγαλυνθεὶς.
3589 5007 3766 5094 ὑπερ-

2176 5118 2393 5192 αίρεται
2451 5091 2546 5168 διά
2591 5108 2843 5181 πράξεως
2889 5105 2989 5175 μὲν
3041 5101 3263 5155 πάντων
3311 5095 3421 5150 τῶν
3480 5091 3768 5192 σαρκικῶν

2178 5184 2273 5266 καὶ
2297 5202 2740 5276 διαϐεϐλημένων
2771 5197 2981 5263 παθῶν,
3007 5194 3263 5266 ὑπεράνω
3293 5187 3500 5243 τούτων
3541 5184 3770 5276 γινόμε-

2168 5301 2404 5369 νοςτῶν
2436 5299 2494 5352 δὲ
2538 5275 2782 5367 φυσικῶν
2818 5287 3128 5359 λεγομένων
3165 5282 3455 5353 σωμάτων,
3485 5277 3628 5369 γήτοιγ
3653 5275 3770 5369 τῶν

2173 5368 2278 5449 ὑπὸ
2317 5392 2533 5462 γένεσιν
2585 5387 2754 5440 ὄντων
2793 5383 2886 5436 καὶ
2927 5376 3173 5448 φθοράνδ
3219 5373 3313 5427 καὶ
3347 5368 3536 5462 ἁπλῶς
3585 5368 3774 5462 είπεῖιθ

2174 5487 2275 5540 ὅσα
2313 5457 2418 5537 om
2451 5481 2551 5551 τὴν
2591 5475 2843 5546 αἴσθησιν
2867 5489 2880 5502 ·
2919 5469 3009 5524 διὰ
3055 5465 3290 5537 θεωρίας
3333 5461 3460 5522 τοὺς
3493 5460 3551 5511 ὲν
3581 5457 3775 5551 αὐτοῖς

2175 5578 2368 5646 λόγους
2396 5547 2713 5643 γνω-στικῶς
2743 5562 3101 5634 διαπεράσας,
3143 5559 3238 5612 καὶ
3270 5555 3406 5626 πρὸς
3428 5552 3496 5646 τά
3526 5547 3775 5646 συγγενῆ

2180 5643 2347 5740 νοητὰ
2382 5666 2478 5720 καὶ
2527 5664 2648 5716 θεῖα
2677 5660 2769 5714 τὸν
2811 5656 2937 5712 νοῦν
2983 5649 3228 5722 ἀγαγών.
3269 5647 3382 5700 Καὶ
3409 5643 3518 5740 γὰρ
3548 5644 3582 5712 ἠ
3619 5658 3772 5740 πραῖ

2182 5731 2344 5831 κτίκὴ
2390 5758 2488 5831 μὲν
2529 5753 2819 5826 φιλοσοφία
2863 5749 2956 5803 τὸν
3000 5740 3307 5818 πρακτικὸν
3333 5735 3592 5808 ὑπεράνω,
3621 5731 3776 5786 ποιεῖ
