4076 6502
456 471 597 529 1275

1828 471 2347 531 COLLECTANEA.

3590 482 3728 540 £9.76

454 592 565 646 τῶν
595 588 786 646 παθῶν
808 606 820 619 ο
859 590 893 662 ἠ
925 587 1129 661 θεωρία
1170 588 1228 643 δέ
1274 589 1364 645 τὸν
1401 589 1733 661 θεωρητικὸν
1777 590 2028 663 ὑπεράνω

2143 601 2376 665 cognata
2434 601 2490 650 et
2533 593 2753 661 divina,
2811 605 3052 652 mentem
3137 596 3437 653 adducens.
3507 597 3729 655 Etenim

454 681 564 737 τῶν
590 681 884 753 ὁρωμένων
913 680 1222 753 καθίστησι.

2150 685 2329 740 activa
2375 684 2598 756 quidem
2640 686 2987 758 philosophia
3034 686 3200 744 elIicit
3237 698 3297 743 ut
3334 688 3431 758 qui
3473 698 3728 743 versatur

454 769 513 827 in
546 771 762 826 actione
801 772 875 826 sit
929 772 1184 842 superior
1213 758 1596 829 affectionibus
1617 779 1674 828 et
1707 773 2242 844 perturbationibus,
2293 777 2717 847 contemplativa
2774 786 2991 845 autem,
3041 785 3104 834 ut
3140 779 3235 849 qui
3283 788 3535 834 versatur
3568 779 3625 834 in
3660 792 3726 833 ea

454 877 621 934 supra
654 879 746 920 res
773 864 1019 921 visibiles
1049 866 1435 933 constituatur.

452 982 565 1037 Καὶ
595 984 667 1054 οὐ
690 985 842 1054 κατὰ
869 984 934 1038 τὸ
960 984 1345 1054 ἀνταπόδομα
1366 985 1397 1039 ὃ
1424 986 1849 1041 ἀνταπέδωκεν
1875 986 2037 1053 αὐτῷ

524 1056 558 1108 ὁ
601 1053 747 1119 Θεὸς
776 1053 1197 1108 ἀνταπέδωκεν
1232 1053 1512 1125 Ἐζεχίας,
1563 1056 1701 1111 ἀλλ’
1730 1057 1937 1126 ὑψώθη
1995 1057 2035 1182 τὶ

524 1123 770 1182 καρδία·
805 1124 905 1178 καὶ
955 1123 1190 1182 ἐγένετο
1239 1126 1331 1178 ἐπ’
1367 1125 1555 1179 αὑτὸν
1597 1126 1744 1182 ὀργὴ
1795 1126 1895 1181 καὶ
1935 1127 2010 1181 ἐπ

524 1123 737 1197 καρδία
757 1141 770 1155 ·
805 1124 905 1197 καί
943 1123 1190 1197 ,ἐτέκετο
1239 1126 1331 1178 ἐπ’
1356 1123 1555 1179 αὐτὸν
1597 1126 1744 1197 ὀργὴ
1778 1123 1895 1181 ’καὶ
1928 1123 2010 1181 ’ἐπ

537 1194 775 1248 Ἰούδαν
800 1194 901 1248 καὶ
929 1193 1047 1247 ἐπὶ
1072 1194 1474 1265 Ἰερουσαλήμ.

527 1308 644 1373 Πᾶς
698 1307 824 1373 νοῦς
872 1308 1162 1379 φιλόσοφος
1203 1307 1339 1380 ὁμοῦ
1384 1311 1480 1364 καὶ
1513 1308 1761 1379 φιλόθεος
1813 1306 1909 1365 καὶ
1948 1311 2041 1365 τὸν

467 1398 671 1453 Ἰούδαν
708 1399 822 1470 ἔχει
851 1400 948 1453 καὶ
974 1400 1073 1471 τὴν
1115 1398 1507 1472 Ἰερουσαλήμ·
1547 1401 1642 1455 τὸν
1684 1401 1783 1472 μὲν
1830 1402 1909 1465 είς
1939 1401 2041 1471 τὴν

454 1494 567 1561 ἕξιν
590 1497 690 1566 τῆς
715 1493 1159 1566 ἐξομολογήσεως
1176 1495 1270 1549 καὶ
1290 1495 1576 1566 μετανοίας
1601 1495 1668 1549 λα
1676 1495 2037 1566 μὸανόμενονο

451 1585 892 1657 ἐξομολόγησις
935 1587 1043 1659 γάρ
1075 1588 1104 1640 6
1147 1586 1348 1651 Ἰούδας
1387 1587 1783 1659 ἑρμηνεύεται·
1831 1587 1929 1658 τὴν
1957 1585 2035 1652 δὲ,

453 1681 537 1744 είς
590 1679 692 1751 τὴν
730 1678 1015 1750 είρηνικὴν
1064 1679 1166 1751 τῆς
1214 1679 1486 1745 ἀπαθείας
1542 1681 1904 1744 κατάστασιν,
1953 1680 2034 1744 ώς

451 1771 715 1843 ἀνωτέρω
769 1771 1084 1844 δεδήλωται.
1139 1772 1250 1826 Καὶ
1301 1772 1391 1826 τὸν
1447 1773 1549 1858 μὲν
1599 1773 1675 1837 ώς
1719 1772 2030 1845 πρακτικὴν

450 1862 794 1934 φιλοσοφίαν,
839 1865 940 1934 τὴν
986 1863 1067 1929 δέ,
1105 1862 1183 1928 ώς
1224 1863 1568 1937 θεωρητικὴν
1612 1866 2028 1937 μυσταγωγίαν.

2150 986 2361 1062 Εε-ηοη
2400 989 3139 1062 δεοιιῃάιιηι-νεετὶίηιιίοηειη
3188 1008 3349 1062 quam
3400 990 3725 1062 retribuit_ei

2218 1057 2359 1131 Deus
2408 1058 2650 1112 retribuit
2698 1058 2970 1131 Ezechias,
3021 1061 3112 1114 sed
3150 1054 3348 1131 elatum
3393 1062 3490 1131 fuit
3522 1054 3724 1126 cor,'et

2214 1128 2359 1203 [acta
2395 1138 2469 1203 est
2494 1145 2653 1203 super
2687 1130 2859 1200 ipsum
2888 1130 2973 1183 ira
3002 1140 3049 1185 et
3074 1147 3233 1201 super
3256 1128 3453 1185 Juda'm
3484 1142 3531 1185 et
3568 1149 3726 1203 super

2212 1197 2514 1253 Jerusalem
2545 1197 2613 1252 “.

2207 1312 2363 1368 Mens
2392 1313 2573 1368 omnis
2606 1327 2731 1384 quae
2766 1311 3055 1382 sapientiae
3088 1311 3253 1368 simul
3287 1322 3345 1369 et
3377 1314 3474 1369 Dei
3505 1321 3725 1370 tenetur

2138 1418 2348 1469 amore,
2387 1403 2586 1460 Judam
2634 1404 2803 1458 habet
2848 1411 2906 1459 et
2936 1403 3241 1460 Jerusalem
3270 1422 3285 1458 :
3314 1404 3468 1459 illum
3500 1406 3723 1475 quidem

2137 1503 2419 1565 sumptum
2467 1509 2569 1565 pro
2611 1494 2810 1549 habitu
2858 1494 3223 1550 confessionis
3271 1505 3329 1551 et
3358 1496 3719 1565 paenitentiae:

2137 1586 2390 1657 confessio
2443 1585 2589 1641 enim
2649 1586 3049 1656 interpretatur
3101 1585 3273 1642 Judas
3328 1603 3343 1640 :
3390 1585 3535 1641 hanc
3592 1602 3725 1644 vero

2139 1694 2243 1750 pro
2291 1678 2521 1750 paciﬁco
2570 1686 2715 1733 statu
2760 1678 3214 1748 impatibilitatis,
3260 1687 3323 1733 ut
3354 1679 3611 1751 superius
3641 1690 3726 1735 est

2139 1769 2501 1825 declaratum.
2539 1769 2609 1824 Et
2641 1770 2797 1824 illum
2829 1769 3077 1840 quidem,
3110 1778 3175 1825 ut
3206 1770 3442 1826 activam
3477 1769 3724 1840 philoso-

2136 1862 2346 1936 phiam,
2397 1862 2541 1916 hanc
2583 1869 2791 1927 autem,
2832 1869 2896 1916 ut
2933 1860 3415 1932 contemplativam
3448 1870 3723 1932 mystago-

458 1954 653 2009 Ἦνίκα
679 1953 857 2010 τοίνυν
887 1956 1065 2011 πᾶσαν
1092 1956 1478 2028 ἀντικειμένην
1504 1957 1674 2028 ἀρετῇ
1708 1957 1801 2010 καὶ
1829 1955 2028 2025 γνώσει

2134 1955 2301 2026 giam.
2354 1952 2588 2019 Quando
2641 1968 2794 2024 ergo,
2821 1954 2972 2008 omni
3018 1954 3246 2024 depulsa
3303 1953 3549 2023 potentia
3602 1969 3724 2024 quae

446 2046 917 2119 διακρουσάμενος
960 2047 1211 2118 δύναμιν,
1241 2050 1336 2103 καὶ
1366 2048 1427 2103 τὸ
1460 2048 1604 2103 κατὰ
1643 2047 1754 2102 τῶν
1784 2049 2028 2120 πνευμά-

446 2153 557 2192 των
606 2137 705 2209 τῆς
753 2137 1020 2209 πονηρίας
1066 2138 1472 2210 ἀναδυσάμενος
1512 2139 1750 2211 κράτος,
1804 2140 1877 2210 μὴ
1929 2130 2030 2210 τὴν

445 2220 674 2282 δέουσαν
704 2228 1056 2300 εὐχαριστίαν
1083 2230 1411 2301 προσαγάγῃ
1450 2230 1528 2300 τῷ
1554 2230 1655 2299 τῆς
1678 2228 1836 2301 νίκης
1875 2229 2031 2301 αίτίῳ

445 2316 590 2391 Θεῷ,
632 2319 748 2374 ἀλλ’
793 2319 982 2392 semen
1025 2320 1122 2392 τὴν
1166 2321 1413 2393 καρδίαν,
1457 2318 1636 2390 ἐαυτῷ
1689 2320 1750 2374 τὸ
1795 2321 1905 2374 πᾶν
1932 2319 2028 2374 τοῦ

447 2410 878 2483 κατορθώματος
937 2413 1421 2485 ἐπιγραψάμενος·
1467 2411 1772 2485 τηνικαῦτα
1827 2413 1904 2476 ὡς
1955 2413 2029 2485 μὴ

443 2502 782 2568 ἁνταποδοὺς
834 2501 916 2575 τῷ
954 2504 1095 2576 Θεῷ,
1140 2505 1356 2575 δέχεται
1408 2506 1469 2558 οῦ
1525 2504 1686 2576 μόνον
1731 2504 1895 2568 αὐτὸς
1929 2504 2031 2576 τὴν

440 2593 615 2665 ὀργὴν
664 2594 766 2665 τῆς
817 2596 1277 2666 ἐγκαταλείψεως,
1334 2595 1472 2650 ἀλλά
1528 2596 1623 2650 καὶ
1680 2595 1880 2659 Ἰούδας
1934 2596 2031 2650 καὶ

455 2683 839 2757 Ἰερουσαλὴμ,
875 2685 1023 2740 τοῦτ’
1073 2686 1241 2753 ἐστιν,
1280 2686 1315 2758 ἦ
1346 2704 1407 2740 τε
1470 2687 1571 2758 τῆς
1614 2686 1866 2759 πράξεως
1918 2685 2032 2751 ἕξις

446 2775 545 2829 καὶ
577 2777 611 2848 ἡ
655 2776 755 2848 τῆς
802 2776 1036 2849 θεωρίας
1057 2795 1071 2809 ·
1111 2781 1179 2850 τῇ
1228 2778 1424 2848 πράξει
1456 2779 1556 2850 μὲν
1579 2779 2030 2849 ἐπανισταμένων

445 2865 638 2921 παθῶν
673 2868 921 2941 ἀτιμίας,
967 2872 1034 2942 τῇ
1073 2869 1279 2943 θεωρίᾳ
1317 2870 1395 2935 δὲ,
1418 2870 1632 2940 ψευδῶν
1663 2871 1884 2925 ἐννοιῶν
1907 2887 2032 2924 συν-

445 2959 913 3033 επιπλεκομένων.
932 2962 1086 3027 Θεῖος
1107 2962 1215 3035 γάρ
1239 2964 1315 3028 ὡς
1341 2961 1557 3035 άληθῶς
1577 2962 1702 3036 ὅρος
1727 2965 1821 3018 καὶ
1843 2965 2028 3037 νόμος,

445 3052 686 3109 κελεύων
732 3054 1085 3110 παιδεύεσθαι
1132 3057 1270 3128 πρὸς
1318 3057 1745 3129 εὐγνωμοσύνην
1792 3057 1884 3111 διά
1917 3057 2030 3113 τῶν

444 3144 724 3211 ἐναντίων,
762 3146 890 3210 τοὺς
924 3146 1018 3201 ἐπὶ
1045 3150 1159 3211 τοῖς
1202 3149 1477 3219 κρείττοσι
1514 3148 1789 3217 φανέντας
1820 3147 2029 3219 εὐγνώο

449 3252 636 3308 μονας,
658 3237 837 3310 καὶτῇ
870 3238 1187 3293 σπάνειτῶν
1214 3241 1439 3310 ἀγαθῶν
1480 3243 1608 3306 τοὺς
1640 3242 1736 3297 ἐπὶ
1770 3245 1835 3314 τῇ
1861 3242 2030 3312 ἀφθο-

2133 2046 2459 2101 adversatur
2505 2042 2700 2099 virtuti
2747 2051 2806 2099 et
2841 2043 3165 2114 cognitioni,
3202 2044 3483 2098 accinctus
3511 2044 3720 2099 virtute

2132 2139 2398 2194 adversus
2429 2136 2660 2207 spiritus
2695 2136 2977 2207 nequitiae,
3014 2151 3125 2191 non
3160 2151 3282 2191 eam
3306 2151 3471 2206 quam
3507 2152 3606 2207 par
3636 2145 3723 2193 est

2132 2229 2399 2286 obtulerit
2431 2229 2732 2300 gratiarum
2769 2230 3040 2284 actionem
3076 2229 3188 2284 Deo
3219 2229 3431 2284 auctori
3452 2229 3719 2294 victoriae,

2131 2322 2229 2378 sed
2284 2321 2450 2379 corde
2497 2319 2668 2375 fuerit
2708 2320 2912 2389 elatus,
2957 2320 3064 2375 sibi
3112 2321 3394 2376 ascribens
3448 2321 3720 2391 quidquid

2133 2425 2285 2470 recte
2336 2423 2394 2471 et
2440 2431 2509 2470 ex
2548 2415 2757 2470 virtute
2807 2421 2991 2468 actum
3040 2420 3174 2468 est:
3224 2421 3355 2467 tunc
3393 2412 3572 2482 utqui
3611 2412 3722 2468 Deo

2131 2521 2244 2560 non
2259 2506 2601 2572 retribuerit,
2622 2505 2978 2575 suscipitnon
3018 2505 3196 2560 solum
3232 2504 3345 2574 ipse
3381 2503 3518 2558 iram
3554 2503 3720 2559 dere-

2131 2598 2395 2664 lictionis,
2444 2597 2541 2653 sed
2576 2605 2632 2652 et
2675 2597 2846 2653 Judas
2876 2604 2933 2652 ct
2966 2596 3294 2660 Jerusalem,
3331 2595 3439 2650 hoc
3472 2601 3577 2662 est,
3617 2595 3721 2650 ha-

2131 2687 2282 2743 bitus
2315 2688 2546 2743 actionis
2579 2696 2634 2742 et
2669 2684 3180 2756 contemplationis:
3217 2684 3482 2739 adversus
3541 2682 3722 2738 actio-

2131 2795 2257 2836 nem
2284 2778 2508 2848 quidem
2537 2776 2952 2849 insurgentibus
2974 2775 3362 2830 aﬂ‘ectionihus
3383 2774 3720 2847 ignominiaa,

2132 2871 2396 2926 adversus
2433 2869 2956 2939 contemplationem
2997 2875 3205 2934 autem,
3244 2866 3397 2922 falsis
3439 2882 3561 2937 quae
3586 2882 3723 2922 con-

2131 2971 2432 3019 nectuntur
2488 2961 2833 3017 notionibus.
2892 2960 2991 3016 Est
3043 2960 3192 3015 enim
3236 2974 3435 3014 revera
3467 2959 3722 3014 divinum

2133 3056 2418 3111 decretum
2440 3063 2498 3109 et
2525 3054 2635 3120 lex,
2666 3053 2869 3125 jubens
2905 3052 2971 3108 ad
3010 3051 3266 3107 benevoli
3302 3050 3518 3123 etgrati
3547 3051 3720 3106 animi

2131 3147 2394 3203 virtutem
2426 3163 2528 3217 per
2549 3147 2827 3201 contraria
2848 3144 3054 3201 erudiri
3082 3160 3197 3210 eos,
3222 3143 3316 3214 qui
3341 3146 3358 3163 '
3381 3144 3724 3199 extolluntur

2132 3247 2360 3310 pr0pter
2391 3252 2584 3293 eorum
2622 3237 2858 3306 copiam.
2895 3236 3030 3292 Nam
3066 3235 3135 3291 de
3170 3235 3339 3290 rebus
3373 3242 3523 3289 recte
3556 3235 3726 3306 gestis

444 3328 536 3399 νίᾳ
580 3327 786 3382 τούτων
841 3328 1258 3401 ἐπαιρομένους.
1308 3332 1371 3385 Ἦ
1401 3331 1511 3403 γὰρ
1536 3333 1630 3386 ἐπὶ⁵
1670 3333 2028 3404 κατορθώμα-

2135 3338 2400 3401 concepta
2432 3330 2517 3385 sui
2537 3330 2727 3400 opinio
2752 3344 2980 3384 manens
3005 3329 3142 3383 citra
3169 3329 3592 3392 correctionem,
3619 3329 3725 3383 scit

447 3438 534 3475 σιν
558 3420 738 3493 οἴησις
760 3422 1221 3495 ἁπαιδαγώγητος
1253 3424 1513 3496 μένουσα,
1553 3425 1616 3479 τὸ
1658 3426 1755 3497 τῆς
1784 3426 2030 3480 ἀντιθέου

442 3512 651 3567 τίκτειν
695 3509 837 3569 οἶδεν
865 3515 1248 3588 ὑπερηφανίας
1278 3517 1529 3588 νόσημα·
1562 3518 1648 3573 ἵνα
1690 3518 1764 3591 μὴ
1795 3517 2031 3590 εὑρεθῶ-

448 3620 550 3674 μεν
574 3603 653 3675 τῷ
675 3604 828 3676 καλῷ
854 3605 991 3676 πρὸς
1020 3606 1121 3677 τὴν
1144 3604 1240 3660 τοῦ
1262 3607 1432 3660 κακοῦ
1463 3608 1682 3677 γένεσιν
1708 3607 1986 3680 χρώμενοι
2013 3625 2027 3640 ·

445 3694 541 3747 καὶ
570 3693 639 3748 δι’
667 3690 744 3749 ὧν
770 3694 878 3750 ἔδει
908 3695 1070 3749 πλέον
1107 3696 1605 3767 διασφαχθεῖσανι,
1639 3699 1697 3751 ἐν
1735 3700 1867 3768 ἡμῖν
1903 3698 2032 3752 ἀσοί⁹

443 3784 633 3839 λευτον
676 3786 860 3857 μένειν
895 3785 993 3859 τὴν
1030 3785 1183 3841 θείαν
1229 3787 1547 3856 ἐπίγνωσιν,
1584 3787 1652 3841 δι’
1683 3788 1907 3843 ἐκείνων
1928 3791 2030 3858 τὴν

444 3879 670 3947 ἄγνοιαν
696 3879 1028 3950 νοσήσαντες
1068 3878 1292 3949 ταύτης.
1340 3878 1401 3935 Ὀ
1433 3880 1533 3950 μὲν
1563 3879 1672 3952 γὰρ
1692 3881 1938 3952 οἰόμενος
1960 3881 2027 3935 δι’

445 3966 642 4021 ἐαυτοῦ
681 3966 1005 4038 κατορθοῦν,
1046 3968 1148 4023 οὐκ
1197 3968 1526 4041 ἐπιζητήσει
1566 3969 1752 4024 λοιπὸν
1780 3969 1880 4042 τὴν
1923 3987 2031 4042 πη-

443 4059 608 4128 γαίαν
635 4059 745 4115 τῶν
788 4059 972 4115 καλῶν
1009 4062 1191 4115 αἰτίαν
1212 4077 1226 4092 ο
1259 4062 1288 4115 6
1315 4061 1374 4116 δὲ
1397 4062 1498 4133 τῆς
1527 4062 1721 4118 ἐαυτοῦ
1746 4062 2030 4118 συναισθό-

448 4166 611 4221 μενος
661 4152 793 4222 περὶ
819 4150 890 4205 τά
939 4151 1083 4207 καλὰ
1121 4153 1312 4219 πενίας
1362 4155 1457 4209 καὶ
1509 4154 1815 4223 ἀσθενείας,
1843 4155 2028 4228 τρέχει

443 4242 583 4313 πρὸς
614 4243 706 4297 τὸν
747 4242 934 4299 δοῦναι
972 4244 1273 4318 δυνάμενον
1309 4247 1409 4318 τῆς
1447 4248 1655 4312 ἐνδείας
1678 4247 1777 4320 τὴν
1807 4248 2029 4321 πλήρω-

445 4351 551 4389 σιν.
585 4336 802 4392 Γίνεται
842 4336 1022 4392 τοίνυν
1056 4339 1149 4392 ἐπὶ
1173 4339 1267 4392 τὸν
1305 4341 1595 4411 εἰρημένον
1617 4339 1743 4395 νοῦν
1772 4342 1806 4412 ἡ
1845 4343 2019 4413 σωτή-

443 4445 561 4502 ριος
595 4429 733 4503 ὀργὴ
776 4431 880 4502 τῆς
918 4431 1378 4503 ἐγκαταλείψεως,
1413 4433 1502 4487 ἵνα
1558 4433 1892 4505 ταπεινωθῇ,
1928 4434 2023 4488 καὶ

439 4522 650 4594 ἐπιγνῷ
703 4523 797 4577 τὸν
849 4524 1085 4596 χορηγὸν
1137 4524 1247 4579 τῶν
1285 4523 1753 4597 κατορθωμάτων·
1802 4528 1900 4580 καὶ
1947 4527 2023 4599 μὴ

437 4614 642 4687 ἐπέλθῃ
691 4615 782 4668 ἐπ’
808 4616 969 4687 αὑτὸν
1016 4616 1149 4689 άλλη
1183 4617 1322 4690 ὀργὴ
1369 4618 1469 4689 τῆς
1519 4618 1863 4689 ἀφαιρέσεως
1913 4618 2023 4673 τῶν

436 4704 698 4760 δοθέντων
755 4706 1135 4778 χαρισμάτων.
1192 4707 1516 4779 Γέγραπται
1566 4707 1676 4779 γὰρ
1727 4706 1912 4772 εὐθὺς,
1940 4708 2024 4763 ὅτι

446 4814 465 4847 ι
483 4796 598 4849 Καὶ
627 4796 970 4869 ἐταπεινώθη
1013 4795 1263 4868 Ἐζεχίας
1284 4798 1392 4852 ἀπὸ
1417 4795 1513 4852 τοῦ
1543 4797 1713 4869 ὕψους
1751 4797 1854 4870 τῆς
1882 4816 2023 4869 κοιρ-

433 4887 556 4953 δίας
582 4887 771 4954 αὐτοῦ,
798 4890 893 4944 καὶ
920 4890 970 4943 οἱ
991 4890 1370 4956 κατοικοῦντες
1397 4891 1775 4964 Ἰερουσαλὴμ,
1804 4892 1898 4945 καὶ⁵
1922 4891 2025 4945 οὐκ

434 4981 668 5053 ἐπῆλθεν
709 4983 798 5035 ἐπ’
826 4982 1026 5046 αὐτοὺς
1079 4982 1218 5055 ὀργὴ
1260 4984 1471 5056 Κυρίου
1507 4985 1566 5038 ἐν
1603 4987 1727 5049 ταῖς
1783 4983 2023 5056 ἡμέραις

445 5072 713 5144 Ἐξεχίου.
741 5092 759 5124 ι
804 5074 920 5138 Πᾶς
949 5073 1240 5145 τοιγαροῦν
1285 5074 1375 5129 διά
1407 5075 1543 5130 Θεοῦ
1576 5075 1675 5147 τὴν
1722 5074 1904 5146 νίκην,
1948 5074 2025 5139 ὡς

435 5163 860 5237 προδεδήλωται,
894 5152 1260 5237 κτησάμενος,
1290 5168 1384 5221 καὶ
1416 5168 1491 5239 μὴ
1516 5167 1659 5222 κατά
1687 5167 1748 5221 τὸ
1781 5168 2023 5222 ἀνταπό-

432 5254 596 5327 δομα,
624 5255 1048 5311 ὃάνταπέδωκεν
1082 5257 1233 5329 αὐτῷ
1254 5258 1284 5310 6
1312 5258 1469 5324 Θεὸς,
1493 5259 1828 5323 ἀνταποδοὺς
1850 5258 2018 5331 αὐτῷ’

432 5346 583 5406 τοῦτ’
611 5346 749 5410 ἐστι,
782 5347 858 5418 μὴ
882 5347 959 5418 τῷ
984 5348 1207 5419 μεγέθει
1238 5351 1339 5422 τῆς
1365 5351 1643 5423 σωτηρίας
1663 5351 1933 5418 ἐξισώσας
1958 5352 2021 5407 τὸ

433 5438 644 5510 πλῆθος
693 5440 795 5511 τῆς
846 5442 1228 5512 εὐχαριστίας’
1283 5442 1419 5515 μηδέ
1471 5447 1538 5517 τῇ
1590 5444 1880 5517 εὐεργεσία
1922 5445 2018 5499 τοῦ

403 5544 407 5548 ’
435 5526 712 5595 σώσαντος
734 5531 1138 5602 ἀντιμετρήσας
1165 5533 1264 5605 τὴν
1301 5534 1512 5589 οίκείαν
1566 5534 1835 5592 διάθεσιν’
1886 5536 2017 5591 ἀντ-

508 5685 555 5718 ⁵⁸
580 5686 625 5741 ll
654 5686 832 5742 Paral.
858 5703 1023 5755 χχχιι,
1051 5688 1140 5745 23.
1218 5690 1264 5722 ⁸⁷
1299 5690 1435 5747 Ibid.
1462 5690 1550 5748 26.

2133 3436 2432 3492 procreare
2480 3421 2737 3475 morbum
2774 3418 3049 3491 superbiae
3081 3419 3194 3474 Deo
3232 3418 3496 3484 adverse,
3533 3435 3604 3474 ne
3634 3419 3722 3472 in-

2131 3513 2420 3569 veniamur
2463 3512 2547 3568 uti
2591 3513 2739 3568 bono
2771 3512 2840 3567 ad
2876 3511 3006 3566 mali
3039 3509 3452 3582 generationem
3481 3528 3494 3563 :
3532 3516 3591 3565 et
3623 3525 3725 3580 per

2132 3621 2256 3677 qum
2309 3604 2600 3676 oportebat
2656 3603 2831 3675 magis
2885 3602 3166 3657 astrictam
3199 3601 3256 3656 in
3303 3600 3467 3655 nobis
3498 3615 3723 3655 manere

2132 3697 2518 3753 inconcussam
2549 3695 2795 3752 divinam
2833 3694 3195 3766 agnitionem,
3220 3708 3321 3764 per
3349 3692 3442 3747 illa
3470 3692 3724 3748 laborare

2136 3790 2466 3863 ignorantia.
2515 3789 2631 3845 Hac
2664 3788 2882 3844 ratione
2923 3787 2970 3842 is
3010 3786 3236 3858 quidem
3289 3786 3386 3856 qui
3446 3785 3726 3840 existimat

2131 3899 2233 3955 per
2267 3897 2326 3937 se
2358 3889 2509 3937 recte
2544 3896 2729 3952 agere,
2763 3896 2872 3935 non
2909 3886 3122 3950 quaeret
3152 3877 3432 3934 fontanam
3451 3877 3724 3932 bonorum

2130 3972 2374 4029 causam.
2415 3972 2522 4039 Qui
2572 3981 2758 4026 autem
2793 3970 2966 4026 sensit
2998 3984 3155 4024 suam
3190 3969 3247 4023 in
3282 3968 3446 4023 bonis
3483 3967 3723 4037 inopiam

2129 4074 2187 4123 et
2237 4066 2694 4129 imbecillitatem,
2740 4064 2918 4119 currit
2966 4064 3035 4118 ad
3064 4078 3191 4118 eum
3227 4063 3325 4133 qui
3368 4069 3552 4132 potest
3589 4060 3723 4116 dare

2129 4160 2594 4231 complementum
2646 4156 2865 4227 inopiae.
2912 4156 2998 4211 Fit
3034 4171 3168 4227 ergo
3211 4154 3479 4209 adversus
3518 4152 3722 4208 dictam

2130 4258 2372 4306 mentem
2429 4248 2685 4306 salutaris
2739 4249 2824 4303 ira
2870 4247 3294 4303 derelictionis:
3345 4254 3408 4301 ut
3456 4245 3725 4301 reddatur

2128 4342 2356 4397 humilis
2395 4351 2454 4397 et
2509 4346 2767 4412 agnoscat
2824 4338 3295 4409 suppeditatorem
3348 4345 3497 4392 recte
3554 4336 3724 4391 facto-

2127 4451 2288 4489 rum:
2325 4441 2381 4489 et
2428 4434 2487 4488 in
2521 4450 2650 4490 eum
2700 4448 2811 4488 non
2846 4432 3095 4486 incurrat
3148 4429 3270 4485 alia“
3301 4429 3385 4483 ira
3427 4427 3724 4483 ablationis

2127 4526 2380 4582 datorum
2420 4524 2835 4580 charismatum.
2882 4523 3079 4578 Statim
3111 4521 3262 4577 enim
3291 4520 3561 4592 scriptum
3589 4526 3675 4574 est
3704 4537 3719 4573 :

2136 4639 2154 4670 ι
2175 4619 2244 4674 Ει
2259 4617 2580 4673 humiliatus
2595 4616 2701 4671 fuit
2717 4616 2984 4671 Ezechias
3000 4616 3068 4671 ab
3087 4610 3376 4671 altitudine
3399 4612 3583 4669 cordis
3609 4611 3719 4677 sui,

2129 4722 2186 4768 et
2224 4710 2318 4782 qui
2358 4711 2683 4766 habitabant
2719 4710 3027 4767 Jerusalem
3061 4727 3075 4763 :
3128 4716 3186 4765 et
3225 4723 3339 4787 non
3366 4707 3521 4762 venit
3558 4722 3725 4777 super

2130 4820 2227 4860 eos
2256 4803 2335 4858 ira
2368 4801 2588 4857 Domini
2617 4801 2676 4856 in
2697 4800 2895 4856 diebus
2922 4799 3176 4855 Ezechiae
3204 4798 3275 4852 ".
3306 4817 3326 4850 ι
3356 4794 3549 4852 Omnis
3568 4809 3721 4866 ergo,

2131 4894 2248 4966 qui,
2274 4904 2337 4950 ut
2357 4893 2565 4949 dictum
2588 4898 2695 4959 est,
2721 4906 2822 4962 per
2843 4891 3018 4946 Deum
3039 4888 3331 4944 victoriam
3353 4886 3460 4943 sibi
3486 4882 3720 4955 paravit,

2130 4998 2187 5044 et
2224 4978 2336 5041 non
2375 4984 2680 5041 secundum
2718 4982 3143 5039 retributionem
3178 4994 3344 5049 quam
3382 4975 3642 5043 retribuit
3667 4974 3721 5029 ei

2129 5079 2277 5134 Deus
2302 5077 2355 5133 ei
2386 5076 2663 5142 retribuit,
2704 5076 2812 5131 hoc
2849 5082 2955 5140 est,
2988 5067 3353 5143 magnitudini
3384 5065 3577 5121 salutis
3609 5080 3720 5119 non

2128 5168 2436 5241 exaequavit
2457 5168 2887 5241 magnitudinem
2906 5165 3204 5237 gratiarum
3227 5158 3459 5215 actionis
3486 5175 3500 5210 :
3530 5164 3587 5211 et
3608 5171 3718 5212 non

2127 5278 2198 5318 ex
2236 5259 2511 5316 beneﬁcio
2553 5260 2674 5332 ejus
2717 5257 2813 5328 qui
2848 5256 3083 5311 salutem
3121 5250 3275 5306 dedit
3311 5263 3597 5304 remensus
3633 5255 3720 5302 est

2129 5368 2286 5409 suam
2334 5351 2729 5417 affectionem;
2779 5345 3075 5403 retributio
3121 5341 3272 5398 enim
3321 5341 3441 5412 ejus
3488 5337 3584 5409 qui
3633 5345 3720 5393 est

2127 5455 2503 5511 conservatus,
2535 5452 2621 5498 est
2649 5440 2867 5496 all‘ectio
2900 5453 3023 5508 qua:
3059 5452 3159 5508 per
3194 5450 3361 5505 opera
3394 5430 3720 5502 rependitur

2127 5536 2419 5593 adversum
2457 5551 2585 5593 eum
2630 5534 2726 5605 qui
2765 5530 3007 5589 servavit
3042 5548 3055 5583 :
3097 5528 3192 5585 sed
3220 5528 3365 5583 elato
3395 5524 3561 5582 cordc
3590 5537 3709 5591 suo,

1839 5800 2015 5857 Variae
2043 5799 2329 5859 lectiones.

432 5907 438 5910 ⁴
513 5886 528 5941 i
566 5889 651 5946 ίσ.
679 5890 1143 5966 διασφιγχθεῑσαν.
