4076 6496
388 440 526 495 1275

1580 427 1637 484 S.
1678 423 1956 485 CYBILLI
1992 420 2083 479 ET
2125 422 2438 485 ALIQRUM

3510 423 3652 481 £276

387 568 642 624 tanquam
661 569 719 608 se
737 550 1021 624 nugniﬁce
1043 548 1497 619 circumspiciens
1515 560 1579 600 ac
1596 545 1700 599 sibi
1718 542 1959 614 placens,

2083 538 2322 602 ιπόδοσις
2345 538 2454 610 γὰρ
2480 534 2572 593 τοῦ
2600 533 2866 602 σωθέντος
2888 537 3062 603 ἐστὶν,
3083 539 3118 610 ή
3139 537 3275 608 πρὸς
3291 535 3381 591 τὸν
3399 538 3656 599 σώσαντα

386 656 447 700 ιιι
481 644 574 717 (ιᾳί
601 660 632 700 a
682 644 795 698 Deo
833 658 943 697 non
976 638 1273 710 acceperit,
1310 639 1436 709 jure
1488 634 1692 706 accipit
1732 631 1967 703 primam

385 751 509 804 qua:
556 734 611 787 in
648 733 828 803 ipsum
866 732 928 788 ﬁt
975 728 1134 794 iram,
1193 730 1306 786 Deo
1359 726 1699 785 concedente
1748 722 1969 779 diabolo

389 824 826 895 intelligibiliter,
862 831 925 877 ut
959 821 1034 876 ita
1070 820 1272 883 dicam,
1310 834 1437 874 cum
1465 832 1533 872 eo
1571 814 1884 884 conﬂigere,
1912 818 1971 867 et

386 931 484 973 eos
517 915 611 985 qui
650 913 862 969 suntin
899 912 1116 967 actione
1148 910 1479 966 labefactare
1504 907 1696 961 modos
1723 903 1966 969 virtutis,

388 1012 447 1060 et
486 1020 609 1075 qua:
646 1011 776 1059 sunt
816 1018 885 1057 ex
920 1000 1138 1056 actione
1176 998 1485 1070 pellucidas
1518 995 1845 1051 conturbare
1875 1008 1967 1046 ra-

391 1097 571 1152 tiones
628 1093 991 1166 cognitionis,
1060 1099 1123 1146 ut
1186 1105 1313 1145 cum
1370 1088 1650 1159 propriam
1714 1081 1973 1139 didicerit

390 1187 860 1251 imbecillitatem,
913 1191 1173 1255 agnoscat
1223 1181 1466 1237 divinam
1516 1178 1800 1241 virtutem,
1848 1187 1972 1244 qua:

391 1274 694 1348 prosternit
718 1288 817 1330 eos
840 1272 935 1343 qui
977 1280 1105 1327 sunt
1128 1271 1186 1325 in
1206 1269 1365 1325 nobis
1388 1267 1619 1324 affectus
1650 1280 1715 1320 ac
1749 1271 1971 1335 pertur-

391 1365 665 1429 bationes,
725 1373 784 1419 et
839 1362 1163 1419 humilietur
1216 1360 1426 1417 ducens
1479 1353 1859 1427 paenitentiam
1915 1358 1973 1406 et

391 1454 658 1528 abjiciens
692 1464 961 1511 tumorem
988 1453 1108 1525 ejus
1135 1466 1298 1522 quam
1321 1450 1389 1505 de
1409 1464 1467 1505 se
1491 1448 1656 1503 habet
1673 1442 1971 1516 opinionis,

391 1556 448 1603 et
480 1545 556 1600 ita
594 1547 708 1602 Deo
756 1547 993 1617 placato,
1031 1550 1243 1599 avertat
1282 1542 1420 1596 iram
1459 1554 1583 1610 qua:
1625 1552 1722 1592 eos
1760 1532 1974 1590 invadit

392 1639 489 1709 qui
528 1649 699 1711 agunt
726 1638 1130 1710 pmnitentiam,
1152 1635 1496 1691 auferentem
1522 1629 1750 1702 gratiam
1777 1626 1973 1683 anima:

392 1729 711 1796 custodem,
758 1739 817 1786 et
852 1731 1131 1785 desertum
1160 1727 1564 1796 relinquentem
1594 1737 1722 1777 eum
1762 1719 1854 1790 qui
1889 1724 1975 1773 est

394 1823 660 1894 ingratus.
716 1822 842 1878 Dies
882 1821 1132 1878 Ezechiae
1185 1818 1479 1889 intelliges,
1525 1814 1771 1870 diversas
1813 1812 1975 1869 dicta:

2065 631 2133 685 δι’
2174 630 2355 701 ἔργων
2409 630 2881 702 ἀντιμετρουμένη
2941 629 3181 695 διάθεσις
3203 645 3219 660 ·
3269 630 3384 684 ἀλλ’
3428 631 3652 701 ὑψώσας

2065 722 2262 777 ἑαυτοῦ
2283 721 2383 793 τὴν
2413 721 2663 793 καρδίαν,
2697 721 2794 776 at:
2827 722 2968 792 μέγα
2988 722 3262 794 φρονήσας
3288 722 3366 786 ὡς
3392 721 3468 794 μὴ
3498 724 3657 794 παρά

2066 811 2202 867 Θεοῦ
2250 811 2450 877 λαϐὼν,
2498 811 2722 875 ἐνδίκως
2773 811 2988 883 δέχεται
3033 811 3327 883 γινομένην
3368 811 3456 864 ἐπ’
3488 810 3659 867 αὐτὸν

2065 906 2166 976 τὴν
2198 904 2425 975 πρώτην
2449 904 2640 975 ὀργὴν,
2674 902 3088 976 συγχωροῦντος
3119 903 3214 958 τοῦ
3252 903 3389 958 Θεοῦ
3415 903 3495 975 τῷ
3529 903 3653 958 δια-

2066 995 2208 1067 ϐόλῳ
2238 994 2444 1066 νοητῶς
2484 993 2634 1066 αὑτῷ
2666 994 3076 1066 συμπλακῆναι,
3106 994 3204 1049 zeal
3244 995 3373 1061 τούς
3404 1012 3465 1049 τε
3508 993 3656 1049 κατά

2067 1087 2168 1158 τὴν
2197 1086 2395 1157 πρᾶξιν
2420 1085 2838 1157 παρασαλεῦσαι
2864 1086 3112 1157 τρόπους
3132 1086 3233 1156 τῆς
3248 1087 3454 1158 ἀρετῆς
3470 1102 3483 1114 ·
3514 1086 3649 1149 τούς

2067 1194 2130 1231 τε
2182 1175 2325 1230 κατά
2357 1175 2457 1246 τὴν
2504 1174 2740 1247 θεωρίαν
2787 1175 3033 1245 διαυγεῖς
3077 1174 3411 1230 ementem
3454 1175 3657 1243 λόγους

2069 1269 2167 1341 τῆς
2205 1266 2485 1339 γνώσεως,
2532 1267 2621 1322 ῐνα
2687 1266 2876 1339 μαθὼν
2918 1268 3018 1339 τὴν
3061 1266 3276 1322 οἰκείαν
3338 1267 3654 1333 ἀσθένειαν,

2070 1359 2281 1433 ἐπιγνῷ
2309 1359 2409 1431 τήν
2438 1359 2588 1415 Θείαν
2621 1358 2874 1430 δύναμιν,
2903 1359 3003 1431 τὴν
3031 1360 3091 1415 ὲν
3111 1361 3241 1431 ἡμῖν
3268 1358 3340 1413 τὰ
3373 1358 3522 1431 πάθη
3547 1375 3655 1411 zea-

2070 1451 2504 1514 ταπαλαίουσαν,
2549 1450 2647 1504 zeal
2689 1449 3000 1522 ταπεινωθῇ
3041 1450 3402 1521 μετανοήσας,
3436 1448 3534 1503 zeal
3563 1446 3660 1502 τὸν

2071 1542 2235 1613 δγκον
2270 1540 2564 1596 ἀποϐαλὼν
2589 1541 2692 1612 τῆς
2733 1542 2985 1613 οἰήσεως,
3013 1541 3110 1597 zeal
3141 1541 3316 1604 οὕτως
3350 1538 3659 1609 ἰλεωσάμε-

2073 1651 2163 1698 νος
2191 1632 2285 1688 τὸν
2316 1632 2452 1686 Θεδν
2476 1630 2798 1704 ἀποστρέψῃ
2820 1631 2920 1704 τὴν
2942 1632 3321 1703 ἐπερχομένην
3343 1632 3458 1694 τοῖς
3489 1645 3651 1701 μετα.-

2073 1723 2286 1778 νοοῦσιν
2316 1721 2510 1792 ὀργὴν,
2543 1720 2643 1792 τὴν
2687 1720 3101 1793 ἀφαιρουμένην
3138 1721 3239 1792 τὴν
3283 1718 3664 1793 φρουρητικην

2075 1818 2237 1891 χάριν
2265 1818 2366 1890 τῆς
2397 1817 2596 1889 ψυχῆς,
2638 1816 2735 1871 καὶ
2779 1815 2984 1887 ἔρημον
3012 1811 3529 1882 καταλιμπάνουσαν
3564 1807 3664 1862 τὸν

393 1913 595 1968 mentis
626 1912 1078 1976 illuminationes,
1104 1926 1243 1981 quas
1281 1918 1408 1964 ortu
1427 1906 1549 1976 suo!
1568 1905 1870 1963 fabricatur
1900 1901 1980 1958 sol

2085 1910 2401 1981 ἀγνώμονα.
2437 1908 2685 1982 Ἡμέρας
2715 1908 2774 1963 δὲ
2814 1906 3056 1975 Ἐζεκίου
3106 1905 3324 1975 νοήσεις
3370 1901 3498 1966 τοὺς
3543 1900 3666 1955 διαρ-

389 2002 615 2073 iustitiae
634 2001 731 2073 qui
764 2009 1013 2059 versatur
1048 2001 1108 2057 in
1133 1998 1510 2071 intelligentia.

462 2268 554 2325 lra
596 2265 695 2324 Dei
736 2274 822 2323 est
876 2264 1185 2321 laboriosus
1218 2277 1418 2319 sensus
1453 2275 1647 2317 eorum
1680 2260 1775 2331 qui
1812 2266 1974 2315 casti-

392 2361 627 2426 gantur,
682 2360 781 2409 aut
840 2360 1098 2423 tanquam
1160 2350 1660 2407 involuntariorum
1719 2348 1974 2404 laborum

394 2444 662 2511 inductio,
689 2461 790 2517 per
828 2460 993 2516 quam
1050 2450 1290 2499 mentem
1334 2459 1459 2513 quae
1490 2442 1719 2498 inflatur
1751 2450 1976 2514 propter

395 2537 655 2594 virtutem
706 2547 765 2593 et
823 2536 1229 2610 cognitionem,
1288 2538 1437 2593 Deus
1486 2552 1632 2608 saepe
1691 2533 1846 2591 ducit
1905 2532 1976 2589 ad

394 2633 829 2688 contractionem
851 2642 909 2689 et
945 2632 1411 2695 humiliationem,
1437 2629 1748 2685 concedens
1771 2637 1833 2685 ut
1857 2629 1976 2699 ipsa

393 2738 454 2779 se
494 2732 774 2795 agnoscat,
814 2737 872 2781 et
901 2723 976 2780 sit
1007 2723 1228 2779 conseia
1263 2738 1377 2778 sua:
1408 2721 1822 2777 imbecillitatis.
1857 2721 1977 2776 Alia

393 2823 577 2870 autem
618 2815 703 2872 ira
750 2816 849 2872 Dei
893 2825 981 2872 est
1022 2814 1301 2886 repressio
1341 2812 1805 2885 suppeditatiouis
1839 2812 1979 2868 divi-

394 2921 597 2962 norum
623 2906 1039 2972 charismatum,
1062 2922 1186 2977 quae.
1205 2905 1429 2977 quidem
1454 2903 1884 2960 conducibiliter
1916 2904 1978 2959 ﬁt

396 3014 566 3069 super
604 3013 823 3053 omnem
852 3006 1094 3053 mentem
1117 2997 1284 3053 altam
1319 3004 1377 3051 et
1402 2995 1716 3061 sublimem,
1738 3004 1795 3051 et
1818 2995 1981 3051 bonis

397 3105 522 3159 quin
538 3088 607 3144 ‘ei
633 3104 665 3143 a
703 3088 816 3145 Deo
845 3089 972 3145 data
1008 3097 1160 3153 sunt,
1201 3095 1463 3158 tanquam
1492 3087 1608 3143 suis
1638 3096 1788 3143 recte
1821 3087 1980 3144 factis

397 3180 747 3252 gloriantem.

472 3271 560 3326 Fit
584 3288 685 3342 per
721 3271 964 3327 divinam
992 3272 1394 3343 providentiam
1420 3286 1587 3343 super
1607 3281 1846 3327 mentem
1873 3270 1983 3325 alta

399 3364 702 3435 sapientem
740 3365 821 3420 ira
853 3364 1255 3431 derelictionis,
1292 3380 1391 3420 seu
1423 3363 1715 3435 permissio
1764 3370 1826 3417 ut
1863 3362 1982 3433 ipsa

2084 2003 2286 2075 φόρους
2306 2003 2622 2074 φωτισμοὺς
2642 2000 2741 2056 τοῦ
2756 1998 3090 2072 δηλωθέντος
3116 1993 3377 2063 νοὸς,⁹οὒς
3398 1994 3665 2067 δημιουρ-

2078 2095 2169 2162 γεί
2201 2090 2295 2148 διά
2337 2091 2436 2164 τῆς
2476 2091 2613 2157 ἰδίας
2662 2088 2930 2161 ἀνατολῆς
2959 2089 2990 2143 ό
3024 2085 3216 2158 νοητὸς
3264 2083 3416 2156 ἥλιος
3453 2081 3553 2153 τῆς
3584 2080 3669 2135 δι-

2081 2183 2393 2255 καιοσύνης.

2164 2275 2333 2348 Ὀργὴ
2367 2272 2506 2329 Θεοῦ
2536 2274 2687 2328 ἐστιν
2735 2272 2772 2345 ή
2813 2270 2924 2326 τῶν
2967 2269 3506 2341 παιδαγωγουμένων
3544 2268 3670 2324 ἐπί-

2080 2379 2245 2427 πονος
2300 2361 2577 2434 αἴσθησις,
2628 2361 2749 2432 ἦτοι
2796 2360 2833 2432 ή
2875 2359 2985 2414 τῶν
3023 2359 3296 2415 ἀκουσίων
3334 2359 3515 2414 πόνων
3565 2360 3672 2412 έπ-

2081 2455 2295 2526 αγωγή·
2324 2455 2396 2509 δι’
2418 2451 2487 2528 ἧς
2516 2453 2609 2508 τὸν
2633 2454 2723 2507 in“
2747 2453 2918 2526 ἀρετῇ
2947 2453 3044 2506 zeal
3067 2450 3269 2522 γνώσει
3299 2451 3671 2523 φυσιούμενον

2081 2546 2207 2602 νοῦν
2237 2548 2267 2600 ό
2293 2546 2426 2611 Θεὸς
2449 2545 2710 2610 πολλάκις
2730 2545 2857 2614 ἀγει
2882 2545 3018 2616 πρὸς
3053 2542 3313 2615 συστολὴν
3346 2543 3443 2599 zeal
3473 2542 3671 2598 ταπεί-

2082 2656 2266 2706 νωσιν,
2306 2638 2469 2695 αὐτὸν
2511 2636 2709 2693 ἑαυτοῦ
2767 2636 3023 2706 γενέσθαι
3066 2635 3241 2701 διδοὺς
3288 2635 3666 2707 έπιγνὼμονα,

2083 2731 2180 2786 zeal
2238 2731 2337 2802 τῆς
2392 2730 2600 2794 οἰκείας
2636 2727 2921 2793 ἀσθενείας
2989 2729 3302 2799 συνίστορα.
3354 2727 3554 2799 Ἑτέρα
3605 2726 3672 2781 δὲ

2083 2822 2222 2895 ὀργὴ
2247 2821 2454 2892 Κυρίου
2489 2820 2638 2877 ἐστὶν
2679 2822 2715 2890 ἡ
2754 2818 3015 2891 ἀνακωχὴ
3043 2821 3141 2890 τῆς
3170 2818 3278 2874 τῶν
3306 2818 3469 2873 θείων
3511 2835 3677 2890 χαρι-

2086 2913 2312 2985 σμάτων
2370 2910 2667 2983 χορηγίας·
2715 2911 2841 2981 ῆτις
2896 2909 3284 2980 συμφερόντως
3337 2909 3435 2963 tul
3493 2908 3679 2967 πάντα

2086 3004 2297 3074 γίνεται
2319 3002 2443 3057 νοῦν
2473 3002 2677 3075 ὑψηλὸν
2703 3002 2799 3057 zeal
2828 3002 3127 3073 μετέωρον,
3167 3001 3264 3055 zeal
3302 3002 3415 3065 τοῖς
3435 3000 3678 3059 δοθεῖσιν

2086 3093 2235 3166 αὐτῷ
2263 3093 2447 3148 θεόθεν
2474 3093 2682 3163 καλοῖς,
2711 3093 2789 3159 ὡς
2831 3092 2926 3150 ἐπὶ
2979 3092 3129 3157 ἰδίοις
3161 3090 3679 3164 μεγαλαυχούμενον

2088 3184 2500 3258 κατορθώμασι.
3498 3233 3503 3237 .

2158 3276 2377 3331 Γίνεται
2407 3274 2552 3330 κατά
2591 3274 2851 3347 πρόνοιαν
2890 3273 2985 3328 ἐπὶ
3030 3273 3122 3329 τδν
3157 3273 3509 3346 ὑψηλόφρονα
3549 3272 3680 3333 νοῦν

2088 3367 2227 3440 ὀργὴ
2246 3365 2709 3437 ὲγκαταλείψεως,
2726 3367 2847 3438 ἦτοι
2863 3364 3207 3438 συγχώρησις
3222 3363 3315 3419 τοῦ
3328 3364 3679 3436 διοχληθῆναι

402 3462 635 3509 vexetur
678 3470 710 3509 a
747 3455 1111 3521 daemonibus,
1154 3463 1263 3510 tam
1319 3454 1375 3510 in
1436 3454 1651 3510 actione
1703 3469 1868 3524 quam
1926 3452 1982 3508 in

2089 3459 2254 3513 αὐτὸν
2268 3457 2383 3513 ,ὑπὸ
2402 3458 2698 3529 δαιμόνων,
2723 3456 2867 3511 κατά
2887 3474 2947 3510 τε
2968 3455 3067 3529 τὴν
3094 3455 3316 3528 πρᾶξιν,
3334 3455 3479 3510 κατά
3497 3472 3558 3508 τε
3578 3453 3681 3524 τὴν

403 3546 912 3616 contemplatione:
967 3554 1029 3601 ut
1068 3547 1301 3617 accipiat
1343 3546 1568 3617 quidem
1609 3561 1834 3601 sensum
1880 3560 1994 3599 sua:

403 3637 675 3692 naturalis
720 3636 1138 3703 imbecillitatis,
1182 3637 1519 3709 agnitionem
1564 3645 1749 3693 autem
1793 3634 1995 3691 divinae

404 3729 626 3785 virtutis
658 3737 715 3784 et
736 3729 925 3799 gratiae
956 3745 1078 3799 quae
1110 3729 1285 3799 ipsam
1320 3729 1473 3801 tegit,
1509 3737 1565 3784 et
1591 3744 1754 3785 omne
1786 3728 1995 3785 bonum

409 3827 557 3903 recte
618 3819 805 3885 eﬂieit,
861 3828 919 3875 et
961 3820 1286 3875 humilietur
1338 3821 1534 3893 procul
1586 3836 1618 3875 a
1666 3835 1725 3876 se
1771 3818 1997 3874 omnino

409 3908 709 3965 amandans
753 3909 989 3967 alienam
1026 3910 1395 3976 altitudinem,
1445 3918 1503 3965 et
1538 3925 1662 3979 quae
1690 3916 1774 3963 est
1800 3915 1999 3979 praeter

410 4010 685 4067 naturam,
733 4018 803 4058 ne
841 4003 949 4058 alia
990 4003 1058 4058 ad
1095 4004 1269 4074 ipsam
1302 4010 1620 4059 revertatur
1659 4001 1764 4066 ira,
1796 4015 1998 4072 nempe

407 4093 612 4148 ablatio
631 4092 885 4150 datorum
912 4096 1325 4162 charismatum,
1359 4094 1708 4151 humiliatam
1739 4101 1796 4149 et
1819 4108 1999 4165 agno--

408 4192 654 4241 scentem
681 4201 811 4241 eum
835 4187 928 4257 qui
959 4188 1165 4257 praebet
1188 4188 1354 4244 bona.

479 4278 585 4346 Qui
619 4296 729 4335 non
769 4288 857 4336 est
894 4281 1192 4353 castigatus
1229 4281 1411 4353 primo
1439 4279 1538 4335 ira:
1576 4279 1762 4347 modo,
1802 4279 1999 4336 incidit

410 4370 466 4425 in
494 4372 821 4438 secundum,
857 4380 915 4428 et
943 4374 1192 4445 privatur
1232 4372 1553 4442 operatione
1579 4372 1995 4440 charismatum,

405 4469 466 4517 et
492 4461 771 4521 deseritur
802 4478 837 4535 ρ
873 4464 1079 4521 virtute
1106 4480 1234 4520 eum
1265 4464 1632 4520 custodiente.
1667 4465 1817 4521 Alibi
1847 4465 1997 4520 enim

403 4549 547 4605 dicit
583 4550 728 4607 Deus
757 4569 770 4605 :
821 4570 839 4603 ι
873 4551 1134 4608 Auferam
1167 4553 1287 4625 ejus
1317 4567 1503 4624 sepem
1532 4560 1590 4609 et
1617 4554 1725 4609 erit
1763 4554 1821 4608 in
1844 4552 1995 4609 dirc-

404 4638 678 4709 ptioncm,
714 4648 773 4696 et
802 4641 1020 4698 diruam
1055 4644 1178 4715 ejus
1209 4642 1495 4714 parietem,
1532 4652 1591 4700 et
1626 4645 1737 4700 erit
1772 4643 1831 4699 in
1867 4659 2000 4699 con-

2095 3550 2349 3623 θεωρίαν·
2375 3550 2463 3606 ἵνα
2483 3548 2626 3621 λάὅῃ
2657 3549 2757 3620 τῆς
2787 3548 2889 3621 μὲν
2916 3546 3110 3602 ἑαυτοῦ
3139 3547 3372 3618 φυσικῆς
3391 3546 3680 3611 ἀσθενείας

2096 3642 2473 3715 συναίσθησιν,
2499 3641 2602 3712 τῆς
2620 3641 2678 3695 δὲ
2706 3640 3017 3712 σκεπούσης
3037 3638 3231 3704 αὐτὸν,
3250 3640 3344 3694 καὶ
3369 3638 3431 3692 τὺ
3459 3638 3683 3693 πάντων

2096 3733 2318 3803 ἀγαθῶν
2353 3730 2724 3805 κατορθούσης
2754 3731 2906 3795 θείας
2932 3730 3216 3802 δυνάμεώς
3244 3748 3305 3783 τε
3333 3730 3429 3787 zeal
3455 3730 3686 3803 χάριτος

2092 3826 2412 3896 ἐπίγνωσιν,
2445 3825 2542 3881 zeal
2580 3824 2917 3896 ταπεινωθῇ,
2953 3824 3145 3896 πόρρω
3176 3821 3456 3886 παντελῶς
3485 3821 3686 3875 ἑαυτοῦ

2096 3918 2157 3973 τὸ
2186 3918 2470 3991 ἀλλότριον
2492 3918 2589 3971 zeal
2613 3916 2768 3989 παρά
2797 3916 2958 3987 φύσιν
2991 3914 3125 3986 ῦψος
3156 3913 3510 3985 ποιούμενος·
3538 3912 3688 3967 ὥστε

2101 4010 2177 4082 μὴ
2206 4009 2525 4064 ἐπανελθεῖν
2555 4009 2642 4061 ἐπ’
2678 4007 2844 4063 αὐτὸν
2881 4006 2981 4077 τὴν
3014 4005 3182 4078 ἀλλην
3215 4004 3408 4076 ὀργὴν,
3445 4004 3541 4075 τὴν
3572 4002 3690 4057 τῶν

2096 4104 2363 4160 δοθέντων
2394 4101 2754 4175 χαρισμάτων
2791 4101 3104 4173 ἀφαίρεσιν,
3144 4097 3550 4154 ταπεινωθέντα
3589 4096 3690 4151 καὶ

2097 4195 2391 4266 γενόμενον
2418 4193 2520 4263 τῆς
2551 4191 2646 4246 τοῦ
2676 4191 2746 4245 τὰ
2779 4190 2916 4245 καλά
2946 4189 3277 4262 παρέχοντος
3310 4186 3684 4256 ἐπιγνώσεως.

2179 4286 2240 4341 ⁸0
2270 4284 2347 4358 μὴ
2390 4282 2786 4356 σωφῳνισθείς
2824 4280 2903 4354 τῷ
2935 4280 3136 4354 πρώτῳ
3179 4280 3279 4351 τῆς
3326 4279 3518 4352 ὀργῆς,
3548 4277 3691 4331 ὕπο-

2100 4379 2290 4433 πίπτει
2330 4376 2412 4449 τῷ
2457 4376 2717 4449 δευτέρῳ,
2752 4375 2846 4429 zeal
2876 4374 3194 4445 ἀφαιρεῖται
3223 4374 3325 4445 τὴν
3367 4372 3478 4427 τῶν
3531 4387 3691 4440 χαρι-

2101 4472 2324 4541 σμάτων
2355 4467 2662 4541 ἐνέργειαν,
2687 4467 2785 4521 καὶ
2809 4466 3020 4536 γίνεται
3040 4465 3139 4534 τῆς
3163 4465 3511 4537 φρουρούσης
3530 4462 3693 4516 δυνά-

2102 4577 2249 4631 μεως
2283 4557 2510 4632 ἔρημος.
2544 4555 2685 4628 Φησὶ
2712 4553 2821 4628 γὰρ
2847 4555 2906 4608 ὲν
2943 4553 3126 4617 ἄλλοις
3152 4553 3379 4618 δΘεδς,
3425 4571 3445 4605 ι
3479 4553 3695 4622 ’Δφελῶ

2099 4649 2193 4704 τδν
2231 4647 2490 4721 φραγμὸν
2548 4643 2740 4708 αὐτοῦ,
2771 4645 2868 4699 zeal
2894 4642 3048 4698 ἔσται
3096 4643 3178 4708 είς
3211 4643 3557 4716 διαρπαγήν·
3597 4644 3698 4698 zeal

408 4731 825 4789 culcationem:
873 4743 932 4789 et
983 4734 1259 4792 dimittam
1315 4735 1532 4791 vineam
1579 4749 1791 4798 meam,
1845 4742 1902 4788 et
1940 4732 1982 4787 ir

2103 4739 2316 4795 καθελῶ
2332 4739 2426 4794 τὸν
2454 4740 2636 4810 τοῖχον
2669 4735 2861 4803 αὑτοῦ,
2890 4736 2988 4791 καὶ
3012 4735 3167 4790 ἔσται
3187 4736 3268 4801 εἰς
3291 4735 3583 4806 καταπάτη
3592 4754 3700 4807 μα,

405 4820 587 4892 ipsam
609 4824 871 4881 ascendet
894 4825 1054 4895 spina
1084 4834 1341 4896 tanquam
1379 4826 1437 4881 in
1462 4835 1665 4882 terram
1694 4824 1982 4883 incultam:

2103 4832 2198 4887 zeal
2244 4831 2433 4902 ἀνήσω
2469 4804 2893 4899 τδνάμπελῶνά
2925 4843 3052 4898 μου,
3082 4826 3178 4882 καὶ
3208 4826 3548 4897 ἀναδήσεται
3571 4804 3701 4880 ἀὺ-

400 4925 469 4970 et
505 4916 776 4973 mandabo
812 4917 1055 4974 nubibus
1091 4933 1162 4973 ne
1200 4918 1393 4989 pluant
1428 4919 1487 4973 in
1520 4917 1697 4989 ipsam
1725 4917 1791 4970 ⁸⁸.
1828 4934 1847 4966 z
1887 4914 1982 4972 Sed

2100 4924 2216 4991 τὸν,
2246 4924 2324 4988 ὡς
2358 4925 2441 4987 εἰς
2467 4921 2664 4994 χέρσον
2693 4918 2909 4977 ἄκανθα
2932 4934 2946 4948 ·
2978 4919 3075 4973 zeal
3105 4919 3227 4984 ταῖς
3250 4919 3509 4989 νεφέλαις
3544 4919 3700 4972 ἐντε-

403 5008 704 5079 quomodo,
751 5026 877 5067 cum
929 5010 1226 5066 cecidisset
1252 5010 1540 5075 Ezechias,
1592 5008 1733 5064 facta
1770 5016 1856 5062 est
1885 5023 1982 5064 nor

2101 5015 2304 5085 λοῦμαι
2331 5012 2427 5069 τοῦ
2477 5013 2554 5085 μὴ
2589 5011 2779 5085 βρέξαι
2813 5012 2895 5074 εἰς
2918 5010 3101 5065 αὐτόν.
3148 5029 3168 5064 z
3214 5010 3377 5066 Ἀλλά
3425 5009 3564 5075 πῶς,
3596 5009 3695 5063 τοῦ

406 5099 587 5156 solum
621 5118 790 5175 super
809 5103 990 5175 ipsum
1013 5103 1115 5169 ira,
1142 5102 1240 5159 sed
1265 5112 1322 5159 et
1343 5116 1511 5172 super
1532 5098 1728 5157 Iudam
1752 5108 1809 5153 et
1830 5114 1982 5169 supel

2116 5104 2361 5177 Ἐζεχίου
2406 5103 2726 5176 σφαλέντος,
2770 5101 2988 5171 ἐγένετο
3011 5101 3113 5158 οὐκ
3154 5103 3243 5155 ἐπ’
3269 5101 3432 5156 αὐτὸν
3467 5100 3631 5172 μόνον
3656 5101 3693 5168 ἡ

405 5190 731 5255 Jerusalem,
748 5194 964 5250 etiamsi
982 5194 1248 5252 Dominus
1259 5189 1588 5264 apertealihi
1605 5188 1982 5260 pronuntiarit

2103 5197 2265 5271 ὀργὴ,
2296 5196 2437 5252 ἀλλά
2487 5195 2584 5250 zeal
2625 5196 2719 5250 ἐπὶ
2763 5195 2987 5262 Ἰούδαν,
3030 5193 3126 5249 καὶ
3170 5193 3267 5248 ἐπὶ
3314 5191 3693 5263 Ἰερουσαλὴμ,

410 5299 481 5341 ne
502 5287 767 5344 moriatur
790 5287 933 5343 alius
954 5302 1055 5359 pro
1076 5295 1306 5359 peccato
1330 5283 1580 5350 alterius,
1605 5281 1706 5340 sed
1729 5280 1982 5339 moriatul

2105 5293 2285 5349 καίτοι
2323 5289 2419 5345 τοῦ
2459 5288 2670 5361 Κυρίου
2723 5287 2912 5358 σαφῶς
2938 5288 2996 5342 ὲν
3039 5285 3223 5350 ἀλλοις
3264 5281 3697 5355 ἀποφηναμένου

406 5377 796 5449 unusquisque
831 5377 891 5435 in
929 5394 1031 5434 suo
1063 5375 1339 5450 peccato?

2107 5387 2186 5457 μὴ
2213 5384 2509 5439 ἀποθανεῖν
2540 5382 2701 5438 ἀλλον
2743 5381 2887 5453 ὑπὲρ
2931 5379 3034 5451 τῆς
3087 5378 3262 5433 mw
3289 5375 3695 5449 πλημμελείας,

2104 5475 2220 5530 ἀλλ’
2251 5475 2483 5528 ἕκαστον
2510 5474 2568 5527 ὲν
2592 5474 2660 5544 τῇ
2693 5472 2942 5545 ἁμαρτίᾳ
2970 5469 3135 5525 αὐτοῦ
3169 5467 3584 5533 ἀποθανεῖσθαις

413 5576 419 5583 ‘
487 5571 759 5640 Quoniam
788 5575 1101 5646 accepimus
1123 5573 1415 5630 Ezechiam
1439 5588 1541 5646 pro
1568 5581 1753 5629 mente
1781 5580 2002 5628 amante

414 5663 701 5732 sapientiae
753 5674 809 5720 et
849 5665 977 5731 Dei,
1023 5665 1221 5722 Judam
1263 5673 1445 5721 autem
1494 5681 1597 5736 pro
1639 5664 1878 5725 actione,
1913 5664 2002 5718 Je-

416 5753 654 5808 rusalem
695 5771 825 5812 vero
868 5772 969 5827 pro
1007 5758 1470 5830 contemplatione
1509 5775 1521 5812 :
1570 5756 1792 5828 quando
1837 5755 2001 5813 intel-

489 5883 537 5919 ⁵⁸
566 5887 674 5943 18a.
708 5905 757 5950 ν,
784 5891 838 5953 ὕ,
861 5889 915 5944 6.

2190 5566 2409 5638 Ἐπειδὴ
2433 5565 2527 5619 τὸν
2570 5564 2820 5636 Ἐζεχίαν
2849 5565 2931 5629 εἰς
2961 5562 3055 5617 τὸν
3094 5561 3387 5633 φιλόσοφον
3418 5559 3515 5614 zeal
3542 5558 3696 5627 φιλό-

2109 5660 2229 5713 θεον
2266 5648 2699 5730 προδιελάδομεν
2735 5655 2883 5723 νοῦν,
2929 5654 3027 5712 zeal
3078 5654 3170 5710 τὸν
3220 5653 3322 5726 μὲν
3361 5651 3572 5707 Ἰούδαν
3598 5651 3698 5714 -εἰς

2114 5751 2336 5825 πρᾶξιν,
2364 5750 2463 5821 τὴν
2501 5748 2559 5805 δὲ
2598 5748 2959 5822 Ἰερουσαλήμ
3005 5749 3083 5813 εἰς
3114 5746 3214 5818 τὴν
3266 5745 3499 5817 θεωρίαν
3521 5759 3536 5776 ’
3566 5741 3707 5799 ὅταν
