4076 6462
399 433 536 490 1277

1771 423 2297 485 COLLECTANEA.

3527 423 3667 482 ιετε

396 560 453 598 τι
475 541 596 599 καθ’
627 536 741 597 οἷον
765 543 832 615 δή
857 559 988 598 ποτε
1005 540 1211 615 τρόπον
1239 539 1571 597 πεπονθέναι
1593 541 1684 595 τὸν
1704 540 1830 595 νοῦν
1855 541 1981 611 νοή-

2090 540 2382 595 lexerimus
2411 546 2652 596 mentem
2675 537 2873 608 quovis
2896 535 3063 594 modo
3091 551 3217 593 esse
3253 550 3495 606 passam,
3535 546 3668 592 tunc

332 683 347 695 .
399 651 605 708 σωμτν,
628 636 751 690 τότε
783 636 881 691 καὶ
919 634 1023 710 τὴν
1065 620 1576 709 πρακτικὴναὺτοῦ
1613 633 1847 705 δύναμιν
1887 634 1981 689 καὶ

397 730 498 801 τὴν
517 727 860 800 θεωρητικὴν
889 728 1333 801 ωμπεπονθέναι
1360 726 1710 797 πιστεύομεν.
1739 726 1847 780 Τοῦ
1872 724 1982 797 γάρ

400 820 763 893 ὑποκειμένου
789 819 1114 891 πάσχοντος,
1142 821 1241 876 καὶ
1270 819 1341 874 τὰ
1365 820 1427 875 ιν
1461 817 1809 889 ὑποκειμένῳ
1839 835 1982 886 cup.-

399 912 720 984 πάσχουσιν.
776 911 1168 983 Ὑποκείμενον
1200 912 1300 983 μὲν
1323 911 1434 983 γὰρ
1452 912 1482 965 6
1502 908 1647 977 νοῦς,
1677 909 1754 973 ὡς
1779 909 1983 980 ἀρετῆς

398 1001 495 1057 καὶ
521 999 781 1070 γνώσεως
835 1000 1108 1067 δεκτικός.
1149 1001 1239 1055 Ἐν
1281 999 1634 1072 ὑποκειμένῳ
1679 998 1738 1052 δὲ
1780 996 1982 1068 πρᾶξις

400 1091 495 1149 καὶ
533 1090 758 1163 θεωρία,
804 1092 1029 1158 αἵτινες,
1059 1092 1196 1165 πρὸς
1244 1091 1337 1146 τὸν
1384 1091 1532 1157 νοῦν,
1557 1088 1984 1161 συμϐεϐηκότων

397 1183 559 1257 λόγον
612 1183 892 1256 ἐπέχουσι.
934 1186 1028 1240 Διὸ
1070 1185 1216 1242 κατά
1257 1186 1436 1241 πάντα
1461 1185 1664 1257 τρόπον
1715 1185 1810 1239 καὶ
1841 1201 1983 1255 συμο

390 1248 673 1347 ξπάσχουσι
693 1248 980 1346 πάσχοντι,
1015 1275 1115 1347 τὴν
1143 1275 1309 1330 αὑτοῦ
1339 1248 1514 1329 ποιάν.
1527 1276 1766 1347 κίνησιν,
1798 1248 1977 1346 ἀρχὴν

433 1366 500 1437 ἧς
521 1365 727 1430 οἰκείας
742 1366 1082 1431 ἀλλοιώσεως
1109 1368 1352 1440 ἔχουσαι.
1376 1367 1574 1433 Καλῶς
1598 1362 1692 1421 οὖν
1719 1366 1796 1439 τῷ
1829 1365 1983 1438 ῥητῷ

390 1454 499 1526 ςτῆς
537 1455 762 1528 Γραφῆς
792 1457 1132 1530 συμφέρεται
1169 1458 1269 1528 τῆς
1300 1456 1535 1531 θεωρίας
1576 1458 1604 1511 6
1635 1454 1814 1525 λόγος,
1839 1454 1984 1509 λύων

400 1546 464 1601 τὸ
503 1547 830 1619 φαινόμενον
875 1548 1102 1622 ἄπορον.
1134 1550 1315 1613 Μόνος
1346 1548 1457 1620 γὰρ
1500 1550 1529 1602 6
1560 1547 1687 1611 νοῦς
1727 1546 1983 1617 ὑψοῦται,

403 1638 832 1711 μεγαλοφρονῶν
873 1640 967 1694 ἐπὶ
1009 1639 1423 1712 κατορθώματι.
1473 1638 1539 1695 Ἠ
1578 1637 1775 1710 πρᾶξις
1798 1636 1857 1691 δὲ
1888 1636 1986 1691 καὶ

402 1728 438 1799 ὴ
476 1726 683 1799 θεωρία
731 1728 794 1781 οὑ
842 1727 1121 1800 πεφύκασι
1170 1728 1331 1783 τοῦτο
1359 1728 1614 1799 πάσχειν,
1647 1726 1727 1799 μὴ
1751 1725 1986 1800 θεωρού-

398 1836 566 1891 μεναι
596 1819 720 1874 καθ’
758 1820 959 1887 ἑαυτὰς
990 1819 1369 1895 ὑποστατικῶς
1391 1837 1407 1852 ·
1436 1821 1589 1892 ὅμως
1640 1821 1745 1892 μέν
1790 1836 1877 1875 τοι
1900 1816 1986 1890 to

400 1908 480 1982 νῷ
512 1911 657 1968 κατά
686 1928 741 1967 τι
762 1912 1112 1986 μολυνομένῳ
1144 1913 1532 1986 συγχαίρονται
1554 1913 1604 1970 Ιι.

403 2195 518 2253 Kal
549 2196 740 2269 ἔθαψε
762 2197 885 2269 τὸν,
906 2196 1170 2269 Ἐζεκίαν
1188 2197 1259 2252 ἐν
1288 2196 1581 2269 ἀναϐάσει
1612 2194 1818 2269 τάφων
1845 2195 1990 2269 ᾠῶν

477 2265 681 2348 Δειόζδ,
712 2268 813 2348 καὶ
857 2265 1061 2348 δόεαξ
1074 2267 1173 2322 καὶ
1203 2266 1423 2348 fasin--
1440 2265 1699 2348 ξδωκαςνί
1730 2265 1892 2348 αὐτῷ
1919 2267 1990 2320 ἐν

477 2336 829 2418 τῷηθανὰτςρ
868 2337 1080 2418 αὐτοῦ⁸
1105 2406 1119 2418 ι
1144 2336 1265 2405 πᾶς
1309 2337 1528 2407 Ἰούδα,
1565 2337 1663 2392 καὶ
1701 2340 1756 2393 οί
1791 2353 1989 2392 κατοι-

475 2406 730 2475 κοῦντες
778 2406 1188 2479 Ἰερουσαλήμ.

476 2524 642 2578 Δαϐὶδ
665 2522 1031 2599 ἑρμηνεύεται
1059 2522 1160 2594 μὲν
1183 2520 1602 2589 ἐξουδένωσις,
1626 2521 1990 2594 ἑρμηνεύεται

405 2614 466 2669 δὲ
490 2615 588 2669 καὶ
611 2613 820 2682 ἱκανὸς
848 2615 1021 2684 χειρί.
1046 2615 1146 2686 Εῐη
1169 2613 1218 2668 δ’
1243 2613 1310 2667 ἂν
1333 2611 1572 2677 τοιοῦτος
1601 2613 1901 2686 όΧριστδς,
1930 2613 1990 2669 δν

407 2704 915 2776 ἀποδοκιμάσαντες
937 2703 1301 2771 ὲξουδένωσαν
1322 2706 1373 2760 οί
1393 2704 1504 2759 τῶν
1531 2705 1801 2760 Ἰουδαίων
1826 2707 1990 2778 ἱερεῖς

405 2813 470 2851 τε
502 2796 599 2851 καὶ
626 2796 911 2868 ἄρχοντες,
946 2796 1238 2868 γενόμενον
1266 2796 1334 2852 δι’
1368 2798 1518 2869 ἡμᾶς
1547 2797 1749 2862 ὄνειδος
1778 2798 1991 2871 ἀνθρώ-

407 2907 530 2944 πων
552 2888 926 2944 ἀπιστούντων
955 2891 1023 2963 τῇ
1047 2888 1297 2962 ἀληθείᾳ,
1332 2889 1429 2943 καὶ
1461 2889 1804 2962 ἔξουδένωμα
1855 2888 1990 2945 λαοῦ

407 2980 653 3054 πλήρους
688 2979 998 3053 ἁμαρτιῶν.
1034 2981 1095 3036 '0
1123 2981 1327 3054 ποιμὴν
1347 2984 1377 3037 ό
1416 2981 1602 3048 καλὸς,
1632 2984 1662 3038 6
1684 2981 1855 3046 τιθεὶς
1890 2983 1991 3055 τὴν

388 3070 589 3145 ’ψυχὴν
612 3073 756 3146 ὑπὲρ
796 3072 956 3145 ἡμῶν
984 3074 1095 3128 τῶν
1126 3072 1291 3129 αὑτοῦ
1316 3075 1605 3148 προϐάτων
1624 3093 1639 3108 ο
1672 3076 1702 3129 6
1729 3076 1990 3132 ἀποκτεί-

407 3179 508 3228 νας
530 3162 621 3216 τὸν
646 3163 838 3217 λέοντα
872 3163 969 3218 καὶ
990 3163 1090 3237 τὴν
1122 3163 1346 3236 ἄρκτον,
1368 3167 1461 3221 τὸν
1492 3165 1664 3238 θυμὸν
1697 3166 1864 3237 λέγω,
1894 3169 1992 3222 καὶ

410 3252 510 3325 τὴν
536 3253 856 3325 ἐπιθυμίαν,
899 3254 971 3310 τὰ
1005 3257 1387 3327 σπαράττοντα
1426 3258 1528 3328 τῆς
1570 3259 1630 3312 ὲν
1664 3260 1795 3331 ήμῖν
1838 3259 1987 3324 θείας

409 3344 619 3411 εἰκόνος
644 3345 707 3399 τὸ
730 3345 945 3410 κάλλος.
983 3346 1042 3402 Ὁ
1075 3350 1391 3421 πρῤάκης,
1420 3349 1510 3406 διὰ
1545 3349 1606 3405 τὸ
1635 3351 1867 3424 πάθημα
1890 3352 1991 3423 τῆς

412 3437 652 3510 σφαγῆς.
690 3439 848 3494 Μετὰ
878 3439 1113 3505 κάλλους
1147 3440 1468 3512 ὀφθαλμῶν,
1496 3441 1644 3495 τοῦτ’
1675 3442 1815 3506 ἔστι,
1852 3442 1992 3514 μετά

408 3528 569 3600 δόξης
616 3528 728 3583 τῶν
775 3529 918 3585 κατὰ
964 3531 1224 3601 πρόνοιαν
1274 3532 1370 3587 καὶ
1425 3532 1609 3603 κρίσιν
1644 3533 1992 3606 ὑψηλοτέρων

408 3617 607 3689 λόγων.
657 3619 962 3691 Ὀφθαλμοὶ
991 3621 1101 3692 γὰρ
1130 3616 1242 3676 εἷεν
1271 3622 1339 3676 ἃν
1371 3622 1467 3676 τοῦ
1500 3622 1663 3694 λόγου
1697 3625 1731 3696 ἡ
1762 3623 1992 3696 πρόνοια

408 3713 507 3768 καὶ
530 3712 566 3783 ἡ
600 3713 800 3785 κρίσις,
826 3712 892 3767 δι’
912 3705 989 3768 ὧν
1018 3714 1253 3767 ποιεῖται
1284 3711 1380 3767 τοῦ
1412 3713 1612 3780 παντὸς
1635 3715 1736 3787 τὴν
1763 3716 1992 3770 ἐπισκο-

411 3804 541 3877 πήν.
579 3804 652 3858 Ἦ
676 3805 968 3877 πυῤῥάκης
997 3804 1095 3873 μὲν
1123 3804 1212 3859 διὰ
1241 3803 1342 3877 τὴν
1368 3805 1700 3878 φαιδρότητα
1723 3805 1817 3861 τοῦ
1851 3807 1989 3879 βίου.

400 3892 569 3949 Μετὰ
605 3892 839 3958 κάλλους
869 3892 927 3947 δὲ
948 3892 1266 3965 ὀφθαλμῶν,
1285 3895 1374 3949 διὰ
1400 3895 1491 3949 τὸν
1517 3894 1809 3968 ἄμεμπτον
1838 3897 1996 3968 λόγον

407 3986 511 4056 τῆς
546 3984 820 4054 γνώσεως.
862 3986 923 4038 '0
953 3985 1047 4040 τοῦ
1093 3986 1287 4059 νοητοῦ
1327 3987 1421 4043 καὶ
1449 3989 1823 4062 ὑπερηφάνου,
1852 3993 1996 4064 φημὶ

400 4077 478 4152 δὴ
503 4078 597 4133 τοῦ
642 4078 887 4134 διαϐόλου
920 4081 1187 4151 σφαγεὺς,
1237 4081 1332 4136 τοῦ
1386 4083 1742 4157 πεντάπηχυν
1782 4085 1998 4156 ἔχοντος

402 4170 514 4242 τὴν
541 4170 784 4242 ἠλικίαν,
822 4172 913 4227 διὰ
950 4172 1052 4244 τὴν
1094 4173 1225 4246 περὶ
1260 4174 1362 4243 τὰς
1390 4176 1553 4230 πέντε
1596 4175 1694 4230 τοῦ
1745 4177 1997 4248 σώματος

413 4261 695 4335 αἰσθήσεις
726 4264 955 4337 αὔξησιν
981 4266 1082 4336 τῆς
1112 4264 1279 4321 αὑτοῦ
1303 4266 1503 4329 κακίας
1520 4284 1534 4298 ο
1562 4268 1590 4321 6
1625 4266 1882 4339 βασιλεὺς
1903 4268 1996 4327 τοῦ

404 4353 669 4437 ἀληθινοῦ
715 4354 954 4427 Ἰσραὴλ,
981 4356 1077 4410 καὶ
1106 4355 1346 4428 ὁρῶντος
1379 4356 1537 4423 Θεὸν,
1575 4358 1701 4412 ὅσον
1732 4360 1960 4429 ἐφικτόν
1979 4377 1994 4392 ·

414 4446 466 4500 εί
498 4447 591 4500 καὶ
620 4447 815 4515 Σαοὺλ,
846 4449 874 4501 6
895 4448 1127 4513 παλαιὸς
1151 4448 1294 4502 κατὰ
1317 4448 1408 4502 τὸν
1436 4449 1600 4519 νόμον
1626 4449 1777 4516 λαὸς,
1812 4451 1999 4523 μαίνε-

2088 645 2147 697 et
2181 632 2487 703 potentiam
2515 632 2637 702 ejus
2664 631 2897 685 activam
2918 637 2976 685 et
2999 627 3484 698 contemplativam
3503 627 3666 682 simul

2085 740 2304 796 passam
2361 739 2485 780 esse
2536 721 2833 778 credimus.
2886 721 3136 776 Patiente
3185 719 3337 776 enim
3391 719 3665 790 subjecto,

2081 819 2251 875 etiam
2299 833 2365 874 ea
2415 832 2540 887 quae
2587 822 2716 871 sunt
2767 813 2825 868 in
2874 814 3122 884 subjecto
3166 811 3473 883 patiuntur.
3530 811 3666 865 Nam

2083 924 2241 966 mens
2297 908 2523 978 quidem
2573 914 2660 962 est
2714 905 3061 975 subjectum,
3109 910 3172 958 ut
3220 918 3344 972 quae
3381 903 3454 958 sit
3491 916 3667 971 capax

2081 999 2307 1056 virtutis
2341 1006 2399 1056 et
2429 997 2780 1069 cognitionis.
2808 997 2868 1051 1n
2896 996 3145 1066 subjecto
3161 1003 3345 1051 autem
3365 1002 3495 1049 sunt
3520 992 3667 1047 actio

2081 1104 2140 1151 et
2192 1092 2617 1165 contemplatio,
2678 1089 3108 1162 quaavquidem,
3155 1087 3306 1159 quod
3352 1087 3553 1142 attinet
3595 1085 3667 1141 ad

2082 1196 2353 1249 mentem,
2400 1186 2583 1240 locum
2622 1192 2815 1239 tenent
2860 1180 3252 1237 accidentium.
3303 1179 3666 1246 Quamobrem

2081 1279 2233 1337 omni
2254 1277 2417 1335 modo
2440 1277 2603 1332 simul
2627 1275 2916 1347 patiuntur
2934 1288 3062 1329 cum
3082 1287 3148 1328 ea
3166 1272 3431 1342 patiente,
3449 1270 3669 1340 qualem

2083 1372 2205 1443 ejus
2241 1379 2449 1425 motum
2482 1369 2753 1424 habentes
2795 1365 3131 1437 principium
3162 1378 3276 1420 suae
3295 1360 3665 1417 alienationis.

2085 1463 2255 1519 Recte
2313 1476 2447 1532 ergo
2490 1474 2618 1515 cum
2670 1458 2820 1515 dicto
2868 1456 3169 1527 Scriptura:
3219 1454 3477 1510 convenit
3527 1452 3670 1507 ratio

2086 1551 2587 1623 contemplationis,
2641 1550 2864 1606 solvens
2916 1548 3148 1627 dubium
3206 1546 3356 1617 quod
3418 1553 3667 1615 apparet.

2087 1645 2213 1702 Sola
2252 1644 2399 1700 enim
2431 1659 2587 1699 mens
2621 1642 2928 1705 extollitur,
2969 1641 3039 1696 de
3076 1648 3227 1696 recte
3249 1639 3411 1695 factis
3439 1653 3668 1709 magno-

2088 1752 2221 1808 pere
2242 1736 2348 1792 sibi
2376 1735 2601 1807 placens
2627 1741 2683 1790 et
2699 1747 2925 1803 magnos
2949 1746 3173 1787 sumens
3184 1730 3436 1800 spiritus.
3451 1729 3668 1785 Actioni

2087 1836 2273 1884 autem
2305 1835 2365 1883 et
2390 1823 2841 1894 contemplationi
2864 1839 2896 1877 a
2925 1830 3124 1877 natura
3153 1838 3265 1881 non
3303 1829 3389 1877 est
3420 1820 3670 1875 innatum

2014 1892 2061 1949 Β
2088 1930 2152 1978 ιιι
2185 1923 2293 1977 hoc
2315 1892 2630 1992 patiantur,
2651 1926 2714 1973 ut
2750 1932 2874 1986 quae
2895 1931 2996 1986 per
3032 1931 3093 1970 se
3115 1929 3226 1969 non
3251 1913 3672 1968 considerentur

2086 2010 2468 2084 hypostatice,
2524 2018 2585 2065 et
2642 2017 2826 2065 tamen
2875 2014 3061 2062 mente
3104 2004 3350 2075 polluta,
3387 2016 3468 2058 ea:
3503 2000 3668 2057 simul

2085 2104 2431 2175 polluuntur.

2088 2216 2159 2272 Et
2183 2215 2389 2286 sepeliit
2422 2213 2702 2286 Ezechiam
2726 2213 2782 2266 in
2807 2225 3031 2286 ascensu
3049 2205 3412 2286 sepulcrorum
3428 2204 3669 2286 ﬁliorum

2157 2275 2350 2351 Da'm'd,
2383 2293 2433 2339 et
2470 2284 2701 2355 gloriam
2726 2292 2775 2355 et
2797 2282 3046 2336 honorem
3082 2275 3403 2355 deder-uate}
3423 2277 3475 2355 in
3501 2282 3670 2355 morte

2159 2358 2295 2420 ejus,
2334 2345 2606 2410 ἱιιιὶυέηιιι
2636 2352 2802 2419 Iuda,
2837 2360 2886 2406 et
2921 2366 3099 2405 omnes
3140 2348 3229 2419 qui
3267 2345 3577 2402 habitabant
3611 2346 3668 2399 in

2193 2420 2456 2480 erusalem
2508 2420 2576 2478 ".

2158 2540 2332 2597 David
2356 2540 2757 2610 interpretatur
2786 2532 3032 2607 quidem,
3070 2529 3224 2585 nihil:
3259 2544 3468 2601 pensio;
3499 2526 3670 2581 inter-

2088 2640 2337 2706 pretatur
2359 2639 2542 2686 autem
2571 2628 2759 2694 etiam,
2795 2641 2958 2681 manu
2997 2624 3217 2680 idoneus
3249 2637 3348 2676 seu
3372 2618 3667 2675 sullicicns.

2090 2703 2237 2779 Talis
2277 2730 2462 2777 autem
2490 2726 2577 2774 est
2598 2716 2874 2781 Christus,
2910 2727 3073 2783 quem
3113 2709 3472 2781 reprobantes
3511 2703 3670 2760 nihili

2091 2814 2404 2887 penderunt
2426 2811 2739 2869 Judzeorum
2759 2805 3076 2863 sacerdotes
3095 2811 3152 2856 et
3172 2799 3468 2873 principes,
3495 2795 3675 2851 factus

2090 2924 2193 2979 pro
2238 2905 2403 2963 nobis
2452 2902 2814 2975 opprobrium
2851 2897 3140 2953 hominum
3182 2908 3292 2948 non
3330 2888 3675 2947 credentium

2090 2998 2337 3063 veritati,
2366 3005 2423 3053 et
2453 2994 2709 3068 abjectio,
2739 3007 2838 3048 seu
2874 2988 3035 3045 nihili
3069 2986 3264 3059 pensio
3294 2981 3470 3055 plebis
3500 2979 3677 3052 plenae

2092 3092 2358 3165 peccatis.
2408 3089 2595 3146 Bonus
2630 3093 2853 3159 pastor,
2890 3083 2988 3155 qui
3028 3079 3188 3152 ponit
3237 3077 3475 3132 animam
3521 3086 3675 3128 suam

2095 3164 2197 3256 pro
2250 3183 2412 3240 nobis
2462 3182 2533 3246 σθ,
2587 3178 2685 3250 qui
2732 3192 2921 3233 sumus
2961 3188 3093 3229 oves
3133 3171 3255 3242 ejus
3288 3186 3301 3222 :
3340 3165 3437 3238 qui
3474 3164 3680 3221 occidit

2092 3278 2311 3333 leonem
2352 3281 2409 3329 et
2446 3286 2671 3334 ursum,
2711 3269 2872 3333 iram,
2907 3266 3165 3334 inquam,
3205 3268 3263 3316 et
3300 3256 3676 3328 cupiditatem,

2093 3381 2218 3437 qua:
2245 3364 2566 3432 discerpunt
2591 3375 2656 3415 ac
2671 3358 2976 3415 dilacerant
2990 3347 3459 3423 pulchritudinem
3476 3344 3681 3400 divina;

2093 3472 2216 3529 quae
2250 3463 2337 3512 est
2375 3455 2434 3509 in
2468 3452 2630 3529 nobis
2669 3447 2941 3521 imaginis.
2980 3444 3087 3512 Qui
3118 3450 3204 3498 est
3247 3440 3405 3496 rufus
3451 3445 3681 3509 promer

2093 3524 2299 3605 caedem
2349 3524 2527 3617 quam'
2576 3551 2663 3600 est
2710 3553 3027 3612 perpessus.
3075 3534 3214 3590 Cum
3262 3527 3677 3602 pulchritudine

2093 3639 2403 3701 oculorum,
2447 3635 2556 3690 hoc
2598 3640 2703 3697 est,
2746 3628 2917 3701 gloria
2958 3623 3342 3682 sublimiorum
3381 3619 3675 3680 rationum,

2094 3746 2219 3802 qua:
2256 3736 2386 3784 sunt
2417 3742 2487 3781 ex
2519 3719 2870 3795 providentia
2902 3727 2959 3774 et
2996 3712 3228 3788 judicio.
3265 3711 3493 3768 Fuerint
3530 3707 3679 3764 enim

2095 3820 2242 3877 oculi
2291 3816 2545 3881 rationis,
2597 3809 2947 3886 providentia
2988 3816 3045 3864 et
3093 3804 3384 3878 judicium,
3422 3818 3523 3872 per
3558 3815 3682 3870 qua:

2096 3912 2321 3984 inspicit
2346 3918 2404 3966 ει
2442 3908 2635 3964 visitat
2666 3902 3103 3961 universitatem.
3133 3898 3244 3953 Aut
3268 3895 3427 3950 rufus
3458 3893 3681 3964 quidem

2096 4011 2323 4076 propter
2351 3999 2477 4054 vita:
2509 3995 2868 4054 alacritatem.
2898 3992 3035 4049 Cum
3058 3986 3470 4062 pulchritudine
3494 3993 3680 4041 autem

2098 4094 2410 4157 oculorum,
2455 4096 2686 4161 propter
2735 4084 3006 4140 rationem
3043 4078 3374 4152 cognitionis
3421 4077 3480 4143 in
3515 4090 3682 4146 quam

2098 4203 2208 4243 non
2267 4184 2417 4242 cadit
2476 4179 2854 4253 reprehensio.
2913 4176 3020 4244 Qui
3092 4175 3196 4230 sub
3261 4167 3682 4240 intelligentiam

2098 4278 2383 4335 cadentem
2418 4274 2828 4345 superbumque
2855 4267 3098 4330 Goliath,
3116 4262 3413 4327 diabolum,
3434 4260 3678 4328 inquam,

2099 4363 2395 4428 interfecit,
2446 4363 2542 4434 qui
2581 4361 2827 4433 quinque
2862 4356 3083 4429 quidem
3112 4352 3422 4408 cubitorum
3446 4347 3683 4403 habebat

2098 4466 2386 4522 staturam,
2411 4465 2637 4526 propter
2654 4451 2775 4507 vitii
2798 4451 2918 4521 ejus
2940 4447 3341 4503 incrementum
3362 4441 3417 4495 in
3440 4438 3684 4510 quinque

410 4552 506 4591 ται
534 4537 737 4610 φθόνῳ,
767 4538 856 4593 διὰ
881 4538 980 4611 την
1012 4539 1273 4594 ἀπιστίαν
1316 4540 1639 4611 τηκόμενος,
1669 4542 1765 4597 καὶ
1793 4542 1870 4615 μὴ
1898 4542 1990 4612 φέ-

2101 4546 2358 4604 sensibus
2404 4544 2674 4616 corporis.
2716 4541 2822 4610 Qui
2881 4548 2967 4596 est
3014 4539 3135 4593 Rex
3170 4535 3289 4590 veri
3337 4529 3576 4595 lsraelis,
3629 4536 3684 4583 et

416 4645 526 4702 ρων
554 4630 656 4700 τῆς
682 4630 1019 4703 προσκαίρου
1034 4629 1194 4702 δόξης
1216 4632 1319 4704 τὴν
1349 4634 1627 4707 στέρησιν.
1645 4625 1723 4689 06
1743 4635 2000 4706 ἀφαιρεῖ-

412 4736 504 4774 ται
539 4719 602 4775 τὸ
635 4720 764 4793 δόρυ
792 4722 889 4776 καὶ
916 4721 1013 4776 τοῦ
1041 4720 1233 4789 ὓδατος
1276 4722 1371 4779 τὸν
1416 4723 1590 4795 φακόν
1608 4739 1623 4755 ⁸
1654 4724 1800 4780 τοῦτ’
1824 4724 1997 4791 ἐστιν,

412 4810 480 4867 τὸ
498 4811 699 4884 κράτος
729 4812 829 4885 τῆς
853 4814 1170 4886 πρακτικῆς
1194 4814 1425 4888 ἀρετῆς,
1445 4817 1541 4871 καὶ
1568 4816 1669 4888 τὴν
1703 4815 1865 4889 χάριν
1894 4817 2001 4889 τῆς

414 4904 723 4976 ῃωστικῆς
739 4904 1047 4979 θεωρίας,εί
1058 4906 1154 4961 καὶ
1169 4904 1347 4961 ταῦτα
1358 4907 1521 4964 πάλιν
1537 4906 1718 4962 δίδωσι
1735 4908 1850 4972 τοῖς
1863 4907 2002 4980 πρὸς

415 4996 580 5053 αὑτὸν
604 4997 746 5055 κατά
770 4997 1080 5070 τὴνμπίστιν
1109 4997 1468 5068 διαϐαίνουσι,
1495 4998 1583 5055 διὰ
1617 5001 1743 5065 τοὺς
1762 5000 1823 5067 ἐξ
1861 4984 1998 5059 Ἰουλ

415 5089 584 5146 δαίων
608 5089 902 5160 μέλλοντας
939 5089 1300 5162 κληρονομεῖν
1332 5092 1629 5164 σωτηρίαν.
1661 5085 1847 5165 Οὑπερ
1886 5092 1987 5149 πά-

415 5176 502 5233 λιν
523 5177 585 5232 ὲν
612 5177 692 5250 τῷ
733 5176 984 5250 σπηλαίῳ
1014 5178 1076 5233 τὸ
1096 5180 1197 5251 τῆς
1223 5180 1492 5246 διπλοΐδος
1520 5182 1840 5253 ἀφαιρεῖται
1865 5199 1998 5241 πτε-

410 5267 641 5340 ρύγιον·
670 5268 818 5323 τοῦτ’
862 5269 998 5334 ἔστι,
1026 5269 1089 5325 τὸ
1137 5266 1271 5343 ἦθος
1315 5272 1416 5343 τῆς
1463 5273 1610 5327 κατά
1657 5273 1757 5345 τὴν
1802 5273 2000 5345 ¹ἠθικὴν

417 5362 738 5433 φιλοσοφίαν
763 5362 1187 5436 ἀσχημοσύνης·
1222 5362 1343 5434 ἢτδ
1380 5366 1439 5418 ὲν
1475 5365 1749 5437 νοήμασιν
1792 5365 2001 5437 ὑψηλὸν

418 5452 518 5526 τῆς
543 5455 655 5509 τῶν
690 5453 932 5527 νομικῶν
983 5454 1268 5526 συμϐόλων
1314 5456 1410 5510 καὶ
1435 5457 1811 5527 οἰωνισμάτων
1842 5474 2001 5530 περι-

492 5609 539 5644 ⁸⁹
573 5608 619 5665 ΙΙ
651 5608 831 5667 Paral.
860 5624 1027 5673 mu,
1062 5608 1151 5664 '55.
1231 5610 1275 5643 °°
1297 5609 1457 5667 Joan.
1489 5627 1544 5679 ι,
1577 5611 1662 5668 15.

2098 4639 2275 4695 Deum
2325 4636 2588 4703 videntis,
2644 4634 2828 4706 quoad
2880 4634 3002 4705 ejus
3048 4628 3168 4686 ﬁeri
3209 4634 3430 4698 potest:
3469 4620 3686 4678 etiamsi

2101 4729 2255 4796 Saul,
2299 4742 2500 4799 nempe
2544 4735 2708 4782 vetus
2752 4725 2812 4780 in
2853 4724 2976 4795 lege
3015 4719 3272 4794 populus,
3314 4715 3552 4772 insaniat
3599 4713 3687 4767 in-

2099 4822 2272 4887 vidia,
2304 4821 2596 4876 tabescens
2656 4824 2886 4889 propter
2940 4812 3414 4875 incredulitatem,
3460 4816 3519 4863 et
3551 4815 3689 4861 tem-

2099 4911 2303 4984 poralis
2330 4910 2518 4983 gloriae
2549 4924 2662 4964 non
2689 4907 2875 4973 ferens
2900 4904 3287 4978 privationem.
3316 4899 3487 4971 Cujus
3507 4896 3691 4952 aufert

2102 5003 2313 5060 hastam
2362 5011 2420 5057 et
2469 5000 2790 5057 lenticulam
2851 5014 3030 5069 aquae,
3077 5008 3275 5064 nempe
3330 4991 3441 5045 vim
3496 4986 3689 5043 activa:

2102 5092 2347 5159 virtutis,
2385 5101 2443 5149 et
2477 5091 2709 5165 gratiam
2757 5084 3240 5159 contemplationis
3272 5095 3395 5152 qua:
3434 5086 3688 5135 versatur

2103 5186 2164 5242 in
2213 5185 2552 5258 cognitione,
2590 5181 2819 5241 etiamsi
2865 5194 3061 5235 rursus
3113 5191 3179 5233 ea
3215 5174 3312 5230 det
3348 5172 3419 5227 iis
3459 5169 3555 5241 qui
3589 5184 3690 5239 per

2105 5278 2269 5335 ﬁdem
2299 5279 2369 5334 ad
2395 5279 2575 5350 ipsum
2603 5281 2911 5339 transeunt,
2935 5277 3163 5343 propter
3179 5281 3275 5321 eos
3290 5264 3386 5335 qui
3401 5279 3470 5319 ex
3487 5259 3696 5319 Judzeis

2105 5367 2277 5424 futuri
2293 5374 2424 5424 sunt
2447 5365 2697 5422 haeredes
2718 5361 2933 5419 salutis.
2960 5360 3130 5431 Cujus
3151 5355 3319 5413 etiam
3342 5353 3396 5409 in
3426 5351 3695 5423 spelunca

2106 5460 2290 5516 aufert
2345 5457 2616 5515 ﬁmbriam
2651 5452 2936 5527 diploidis,
2980 5451 3088 5508 hoc
3131 5456 3239 5518 est,
3279 5459 3465 5502 mores
3506 5440 3692 5514 turpi-

1806 5726 1980 5783 Varia:
2009 5724 2298 5784 lectiones.
2404 5786 2419 5791 μ

498 5815 524 5856 ³
556 5814 633 5874 lo’.
667 5818 1101 5893 συγχραίνονται.
