4076 6478
425 442 562 499 1279

1627 440 1685 499 S.
1727 441 2007 500 CYRILLI
2042 442 2134 500 ET
2171 445 2480 504 ALIORUM

3560 433 3703 494 ιεε)

425 556 634 615 tudinis
663 572 786 628 quae
807 566 893 613 est
920 557 979 611 in
1003 556 1354 629 philosophia
1376 558 1576 613 morali
1603 577 1617 613 :
1651 570 1746 616 aut
1766 561 2016 617 sublimi-

2131 562 2280 634 5ολῆς
2297 577 2313 596 ·
2347 562 2451 617 οὐκ
2473 561 2627 629 ἀξιον
2655 561 2848 632 κρίνας
2872 559 3018 630 ἔχειν
3050 557 3213 624 αὐτὰ,
3242 557 3336 611 τὸν
3360 557 3437 621 ὠς
3456 555 3516 609 ἐν
3548 571 3707 626 m-

424 657 593 703 tatem
626 647 863 702 amictus
903 647 1163 718 legalium
1196 648 1571 720 symbolarum
1605 666 1671 706 ac
1705 651 2010 723 signorum,

424 757 547 811 qua
576 748 663 797 est
685 737 1048 813 intelligentia
1077 760 1091 795 :
1125 757 1238 797 non
1261 758 1364 813 par
1387 758 1511 799 esse
1536 759 1770 801 censeris
1793 754 1859 800 ut
1879 747 1928 801 is
1948 763 2013 802 ea

427 834 627 889 habeat
658 833 755 904 qui
794 841 883 889 est
909 833 1161 889 inclusus
1190 834 1248 889 in
1281 836 1565 906 spelunca,
1598 853 1797 908 nempe
1832 839 1888 893 in
1930 848 2015 894 te-'-

2112 651 2336 723 λαίῳτῷ
2359 651 2545 706 σκότει
2563 650 2675 705 τῶν
2705 650 3003 722 αἰσθητῶν,
3032 649 3129 703 καὶ
3145 650 3214 718 τῇ
3243 646 3374 718 σκιᾷ
3403 645 3497 699 τοῦ
3516 645 3709 716 γράμ-

2119 761 2287 816 ματος
2337 742 2812 815 ἐγκεκλεισμένον.
2843 741 3062 807 Διπλοῒς
3089 740 3222 812 γὰρ,
3263 739 3325 793 τὸ
3349 735 3572 793 διπλοῦν
3605 735 3709 790 τοῦ

2115 838 2306 909 νόμου,
2335 838 2396 893 τδ
2425 836 2751 909 φαινόμενόν
2788 853 2851 889 τε
2875 835 2970 890 καὶ
2997 835 3060 889 τδ
3079 832 3393 904 νοούμενον,
3421 830 3482 886 τὸ
3512 846 3711 901 σωμα-

427 925 615 981 nebris
640 926 949 991 sensilium,
991 935 1049 982 et
1087 927 1145 981 in
1172 929 1368 983 umbra
1390 929 1607 985 litterae.
1632 931 1843 1002 Diplois
1867 932 2016 987 enim

2131 931 2267 984 ιικόν
2293 948 2355 983 τε
2405 929 2501 983 καὶ
2535 930 2598 983 τὸ
2641 927 3049 999 πνευματικόν·
3100 927 3131 980 ὁ
3170 923 3428 997 ἀληθινὸς
3463 920 3708 992 ποιμὴν,

428 1026 515 1073 est
546 1017 684 1089 legis
718 1019 1034 1089 duplicitas,
1074 1035 1273 1091 nempe
1327 1021 1383 1075 id
1423 1022 1572 1092 quod
1611 1032 1838 1095 apparet
1866 1033 1922 1079 et
1959 1024 2017 1080 id

429 1111 585 1179 quod
636 1110 999 1181 intelligitur,
1039 1120 1096 1166 et
1134 1112 1189 1166 id
1228 1112 1376 1183 quod
1415 1122 1500 1169 est
1538 1116 1824 1185 corporale
1866 1124 1923 1172 et
1960 1115 2017 1171 id

431 1199 582 1269 quod
614 1209 699 1255 est
734 1200 1042 1270 spirituale.
1083 1200 1188 1268 Qui
1225 1210 1310 1258 est
1345 1218 1513 1259 verus
1550 1205 1744 1260 Pastor
1780 1214 1838 1261 et
1878 1206 2016 1273 Rex,

432 1300 491 1347 et
535 1292 978 1349 adversariarum
1038 1294 1362 1351 interfector
1406 1303 1760 1367 potestatum.
1826 1299 2020 1354 Pastor

436 1384 663 1454 quidem
702 1399 894 1439 eorum
916 1386 1010 1456 qui
1040 1402 1160 1441 eam
1184 1397 1595 1457 persequuntur
1614 1389 2019 1460 philosophiam

437 1492 562 1546 qua
593 1484 848 1531 versatur
884 1477 942 1532 in
966 1478 1203 1543 actione,
1229 1488 1286 1534 et
1312 1480 1486 1534 instar
1509 1481 1695 1535 herba:
1715 1482 2020 1552 depascunt

436 1569 746 1625 naturalem
783 1570 1323 1644 contemplationem.
1347 1572 1466 1627 Rex
1492 1583 1674 1627 autem
1705 1589 1897 1629 eorum
1924 1575 2021 1645 qui

433 1660 650 1731 legibus
685 1670 743 1716 et
775 1662 1083 1718 rationibus
1111 1663 1392 1719 ducuntur
1414 1664 1812 1734 spiritualibus,
1840 1675 1897 1722 et
1920 1683 2022 1737 per

436 1751 769 1809 diviniorem
798 1755 1319 1823 contemplationem
1340 1756 1408 1810 ad
1433 1756 1615 1826 ipsum
1637 1758 2018 1813 sustollantur.

437 1844 618 1916 Hujus
664 1846 890 1902 Davidis
926 1848 1151 1918 quidem
1188 1854 1319 1903 sunt
1350 1848 1468 1913 lilii,
1505 1850 1681 1905 sancti
1719 1851 1813 1921 qui
1858 1867 1927 1907 ex
1955 1867 2022 1907 eo

2118 1024 2214 1077 καὶ
2244 1022 2523 1092 βασιλεὺς,
2559 1021 2657 1075 καὶ
2701 1019 2812 1074 τῶν
2841 1017 3238 1088 ἀντικειμένων
3280 1015 3574 1086 ἀναιρέτης
3609 1012 3714 1065 δυ-

2118 1116 2357 1186 νάμεων.
2391 1113 2606 1185 Ποιμὴν
2630 1111 2730 1183 μὲν
2753 1110 2864 1165 τῶν
2892 1110 2992 1181 τὴν
3024 1107 3337 1181 πρακτικὴν
3367 1103 3712 1177 μετερχομέ-

2118 1223 2226 1265 νων
2256 1206 2596 1277 φιλοσοφίαν,
2636 1204 2730 1259 καὶ
2763 1203 2900 1266 πόας
2930 1201 3088 1274 δίκην
3117 1200 3438 1273 νεμομένων
3461 1195 3716 1268 φυσικὴν

2120 1299 2356 1372 θεωρίαν
2378 1315 2392 1330 ·
2434 1297 2687 1368 βασιλεὺς
2737 1295 2795 1351 δὲ
2826 1294 2935 1349 τῶν
2983 1294 3169 1366 νόμοις
3201 1293 3298 1347 καὶ
3329 1291 3509 1361 λόγοις
3538 1306 3714 1344 πνευο

2124 1392 2377 1464 ματικοῐς
2406 1389 2715 1461 ἀγομένων,
2748 1388 2845 1443 καὶ
2863 1386 2955 1442 διὰ
2998 1387 3234 1459 Θεωρίας
3260 1384 3543 1457 θειοτέρας
3566 1383 3716 1453 πρὸς

2121 1485 2284 1540 αὑτὸν
2312 1483 2689 1554 ἀναγομένων.
2714 1479 2919 1535 Τούτου
2950 1478 3047 1534 τοῦ
3079 1477 3246 1533 Δαϐὶδ
3282 1479 3382 1550 μὲν
3414 1478 3543 1541 uici,
3574 1477 3629 1529 οἱ
3650 1472 3716 1540 ἐξ

2122 1576 2286 1633 αὑτοῦ
2315 1575 2670 1648 γεννηθέντες
2699 1576 2758 1628 ἐν
2785 1570 3056 1644 πνεύματι
3095 1572 3265 1639 ἀγιοι.
3303 1570 3479 1640 Τάφοι
3502 1568 3560 1623 δὲ
3578 1566 3715 1621 τού-

2122 1688 2232 1725 των
2257 1671 2310 1723 αί
2344 1668 2562 1740 μνῆμαι
2587 1666 2691 1738 τῆς
2718 1663 2863 1720 κατά
2901 1664 3036 1718 Θεὸν
3074 1662 3255 1717 αὐτῶν
3294 1660 3390 1716 ἐπὶ
3412 1663 3515 1729 γῆς
3558 1659 3718 1713 πολι·

2122 1763 2295 1826 τείας.
2335 1759 2657 1822 ’Δναϐἀσεις
2688 1757 2746 1812 δὲ
2769 1756 2880 1811 τῶν
2908 1756 3099 1827 τάφων
3125 1753 3326 1818 αὐτῶν,
3364 1751 3433 1806 τά
3463 1751 3572 1823 ὕψη
3599 1750 3719 1804 τῶν

2126 1853 2183 1905 ὲν
2232 1854 2356 1916 ταῖς
2406 1852 2650 1923 μνήμαις
2696 1848 2927 1913 ταύταις
2985 1846 3453 1920 κατορθωμάτων,
3511 1843 3578 1898 δι’
3633 1834 3719 1898 ὧν

437 1938 688 2007 generati
721 1947 852 1994 sunt
891 1940 948 1993 in
1000 1940 1221 2010 spiritu.
1271 1940 1535 2011 Sepulcra
1581 1919 1764 1999 autem
1807 1959 2020 2009 eorum,

2131 1945 2325 1998 ἐκεῖνοι
2562 1941 2696 1996 Θεὸν
2747 1939 3055 2011 ἀνέϐησαν·
3110 1919 3193 2003 οἷς
3253 1937 3618 1992 ὲνθάπτουσιν
3660 1936 3717 1991 οἱ

437 2037 567 2083 sunt
604 2030 885 2085 memoria:
918 2030 1044 2086 vitae
1071 2048 1140 2086 ex
1165 2031 1279 2087 Deo
1304 2032 1362 2086 in
1382 2033 1547 2088 terris
1571 2042 1725 2089 actae.
1751 2033 2026 2090 Ascensus

438 2130 622 2175 autem
683 2121 1134 2191 sepulchrorum,
1195 2129 1326 2177 sunt
1388 2138 1573 2177 rerum
1625 2131 1774 2178 recte
1826 2124 1897 2179 ab
1942 2124 2026 2179 eis

439 2218 719 2281 gestarum
776 2211 1100 2268 altitudines
1150 2229 1274 2283 qua:
1322 2222 1452 2269 sunt
1489 2215 1550 2269 in
1600 2215 1885 2280 memoria,
1926 2230 2026 2285 per

439 2319 578 2373 quas
599 2304 679 2359 illi
703 2305 770 2359 ad
799 2306 973 2361 Deum
1002 2307 1376 2362 ascenderunt
1406 2325 1420 2361 :
1448 2307 1507 2361 in
1526 2308 1728 2377 quibus
1750 2307 2027 2377 sepeliant

439 2394 536 2463 qui
591 2394 836 2450 insident
877 2396 1027 2451 modi
1066 2398 1369 2462 actionum,
1410 2406 1467 2453 et
1505 2398 1747 2455 rationes
1776 2407 2026 2454 contem-

440 2486 748 2556 plationum
784 2488 892 2543 :ad
926 2505 1067 2559 quos
1103 2497 1394 2545 assumunt
1431 2491 1614 2546 omnis
1641 2490 1802 2557 Juda,
1835 2500 1892 2546 et
1929 2491 2026 2562 qui

439 2578 692 2634 habitant
747 2580 1088 2647 Jerusalem,
1129 2597 1251 2637 eam
1297 2590 1538 2638 mentem
1588 2599 1712 2652 qua:
1770 2583 2029 2640 omnibus

440 2686 563 2740 quae
583 2678 714 2725 sunt
739 2681 824 2726 est
854 2680 1071 2726 mortua
1094 2672 1450 2727 laudabiliter
1473 2690 1486 2726 :
1516 2674 1873 2730 sensibilibus
1901 2673 2027 2745 qui-

440 2760 589 2828 dem,
645 2778 747 2833 per
795 2763 1198 2833 depositionem
1255 2764 1590 2833 operationis
1641 2781 1764 2835 quae
1821 2775 1906 2821 est
1961 2783 2032 2821 ex

444 2868 634 2919 sensu,
692 2853 763 2908 iis
814 2869 948 2908 vero
998 2870 1122 2925 qua:
1163 2854 1370 2911 cadunt
1422 2855 1525 2910 sub
1587 2856 2028 2927 intelligentiam,

441 2959 544 3014 per
596 2944 847 3015 requiem
898 2954 1084 3001 motus
1128 2946 1509 3017 intelligentis.
1558 2946 1852 3002 Ezechiam
1899 2965 2031 3021 ergo

446 3035 545 3106 qui
587 3045 929 3093 memoratur
954 3039 1054 3093 Dei
1092 3039 1359 3109 potentia,
1403 3046 1659 3109 tanquam
1698 3049 1935 3097 mentem
1974 3042 2029 3097 in

444 3127 664 3183 actione
701 3138 758 3184 et
814 3128 871 3183 in
899 3129 1360 3199 contemplatione
1391 3130 1726 3200 praeclaram,
1759 3131 2033 3201 sepeliunt

2126 2035 2484 2110 ὲνιδρύοντες,
2514 2034 2569 2089 οἴ
2596 2051 2657 2088 τε
2691 2031 2835 2088 κατά
2877 2031 3079 2104 πρᾶξιν
3112 2030 3329 2101 τρόποι,
3359 2029 3456 2084 καὶ
3492 2030 3543 2082 οἱ
3568 2027 3720 2082 κατὰ

2126 2128 2359 2199 θεωρίαν
2389 2126 2537 2195 λόγοι
2563 2144 2578 2158 ·
2612 2126 2692 2189 είς
2719 2123 2815 2190 οὒς
2835 2123 3204 2194 λαμϐάνονται
3233 2123 3342 2186 πᾶς
3385 2119 3575 2185 Ἰούδα,
3615 2119 3722 2174 καὶ

2125 2222 2175 2274 οἱ
2221 2218 2608 2282 κατοικοῦντες
2643 2214 3021 2287 Ἰερουσαλὴμ,
3049 2213 3143 2267 τὸν
3172 2214 3287 2276 τοῖς
3314 2205 3465 2266 οὖσιν
3506 2212 3721 2267 ἀπασιν

2127 2309 2427 2374 ὲπαινετῶς
2456 2309 2798 2363 ἀποθανόντα
2830 2306 2955 2361 νοῦν
2976 2321 2989 2334 ·
3021 2306 3134 2369 τοῖς
3169 2303 3271 2374 μὲν
3319 2302 3621 2375 αἰσθητοῖς,
3648 2304 3719 2373 τῇ

2127 2402 2389 2457 ἀποθέσει
2425 2400 2528 2471 τῆς
2570 2400 2690 2455 κατ’
2712 2396 2967 2469 ατσθησιν
3002 2396 3320 2468 ἐνεργείας·
3346 2396 3459 2457 τοῖς
3494 2393 3552 2447 δὲ
3598 2408 3725 2464 νοη-

2127 2497 2261 2559 τοῖς,
2295 2495 2361 2565 τῇ
2397 2490 2707 2547 ἀποπαύσει
2739 2491 2839 2560 τῆς
2877 2489 3068 2559 νοερᾶς
3093 2487 3379 2557 κινήσεως.
3412 2484 3517 2538 Τὸν
3536 2481 3725 2538 τοίνυν

2141 2585 2388 2657 Ἐζεκίαν
2411 2584 2617 2657 κράτος
2637 2579 2773 2636 Θεοῦ
2808 2578 3307 2653 μνημονευόμενον,
3337 2576 3413 2641 ὡς
3432 2575 3557 2630 νοῦν
3580 2592 3727 2647 κρα-

2129 2676 2282 2732 ταιὸν
2330 2676 2461 2746 περὶ
2508 2673 2711 2748 πρᾶξιν
2757 2671 2854 2726 καὶ
2901 2670 3032 2742 περὶ
3062 2670 3265 2740 γνῶσιν
3307 2665 3726 2739 λαμπρότατον,

2131 2768 2432 2823 θάπτουσιν
2480 2765 2857 2822 ἀποθανόντα·
2896 2762 3043 2816 τοῦτ’
3090 2761 3260 2828 ἔστιν,
3334 2760 3555 2815 πάντων
3611 2758 3730 2811 τῶν

2129 2861 2303 2915 ὄντων
2348 2858 2494 2914 κατὰ
2525 2858 2754 2930 γνώμην
2788 2857 3215 2928 ἀπογενόμενον,
3281 2854 3378 2907 καὶ
3440 2851 3579 2925 πρὸς
3632 2850 3731 2905 τὸν

2132 2953 2272 3026 ὑπὲρ
2295 2953 2365 3008 τά
2395 2952 2526 3007 ὄντα
2556 2950 2868 3022 γενόμενον.
2912 2950 3030 3013 Πᾶς
3072 2945 3243 3001 ’ἰούδα
3275 2946 3372 3000 καὶ
3425 2945 3478 2998 οἱ
3539 2959 3733 2998 κατοι-

2131 3044 2357 3108 κοῦντες
2398 3041 2780 3113 Ἰερουσαλὴμ,
2825 3044 2860 3114 ἡ
2905 3041 3025 3097 κατ’
3061 3038 3265 3112 ἀρετὴν
3309 3035 3510 3108 πρᾶξις
3557 3033 3732 3089 αὐτοῦ

2130 3136 2394 3206 δηλονότι,
2427 3135 2521 3190 καὶ
2552 3137 2586 3206 ἡ
2611 3134 2753 3190 κατὰ
2780 3134 2983 3204 γνῶσιν
3006 3131 3212 3204 ἀληθὴς
3247 3130 3473 3202 θεωρία,
3504 3129 3563 3183 ὲν
3589 3129 3733 3184 ἀνα-

447 3228 740 3286 mortuam,
780 3221 887 3277 hoe
923 3230 1026 3287 est,
1069 3238 1192 3291 quae
1224 3223 1293 3278 ab
1319 3223 1575 3279 omnibus
1614 3239 1735 3293 qua:
1767 3232 1895 3279 sunt
1932 3240 2027 3279 sua

2136 3231 2290 3285 ϐάσει
2313 3230 2501 3300 τάφων
2531 3229 2665 3283 υἱῶν
2696 3228 2882 3294 Δαϐὶδ,
2918 3228 2976 3282 ὲν
3001 3224 3080 3297 τῷ
3108 3224 3256 3296 ύψει,
3283 3223 3584 3312 λέγωτῆς
3610 3220 3730 3312 τῶν

447 3321 644 3384 sponte
683 3313 932 3378 recessit,
964 3323 1020 3369 et
1058 3314 1127 3369 ad
1162 3330 1292 3369 cum
1329 3316 1561 3371 accessit
1603 3316 1698 3387 qui
1737 3323 1823 3372 est
1861 3332 2030 3387 supra

446 3420 513 3460 ea
552 3421 674 3476 quae
722 3414 873 3462 sunt.
908 3403 1099 3462 Omnis
1145 3421 1279 3476 ergo
1331 3406 1494 3473 Juda,
1549 3415 1606 3462 et
1643 3408 1739 3478 qui
1780 3408 2032 3464 habitant

445 3495 771 3562 Jerusalem,
799 3497 920 3568 ejus
947 3496 1157 3552 scilicet
1178 3498 1324 3554 actio
1352 3515 1420 3578 ex
1456 3499 1681 3565 virtute,
1721 3507 1780 3555 et
1810 3516 1940 3556 vera
1963 3516 2032 3556 ex

447 3589 760 3661 cognitione
799 3590 1210 3660 contemplatio,
1264 3591 1541 3661 sepeliant
1587 3593 1644 3647 in
1682 3608 1911 3648 ascensu
1947 3610 2035 3649 se-

446 3681 808 3752 pulchrorum
847 3680 1086 3736 ﬁliorum
1108 3683 1301 3749 David,
1334 3682 1391 3738 in
1429 3682 1743 3750 altitudine,
1784 3685 2030 3756 inquam,

446 3772 730 3829 memoriae
771 3782 1089 3828 sanctorum
1127 3773 1224 3844 qui
1261 3784 1390 3828 sunt
1426 3790 1455 3829 a
1489 3775 1708 3840 saeculo,
1750 3774 1946 3830 dantes
1980 3775 2033 3830 ei

456 3862 691 3932 gloriam
747 3870 806 3916 et
857 3861 1123 3917 honorem
1162 3881 1175 3916 :
1210 3863 1440 3935 gloriam
1494 3865 1741 3936 quidem,
1806 3874 2035 3935 propter

446 3954 917 4024 pulchritudinem
944 3956 1013 4032 in‘
1027 3955 1284 4027 imagine,
1317 3956 1585 4014 honorem
1604 3967 1786 4014 autem
1804 3965 2033 4029 propter

449 4045 812 4103 imitationem
837 4047 905 4103 ad
926 4047 1364 4109 similitudinem.
1386 4049 1523 4105 Nam
1546 4050 1781 4105 alterum
1808 4050 2033 4120 quidem

448 4138 581 4195 facit
618 4140 895 4195 rationum
935 4141 1307 4212 spiritualium
1344 4158 1476 4198 vera
1513 4143 1927 4213 contemplatio.
1959 4144 2038 4200 al-

448 4239 630 4288 terum
674 4240 857 4288 autem
896 4249 1089 4290 rursus
1126 4243 1319 4291 exacta
1349 4242 1406 4289 et
1441 4244 1699 4290 accurata
1724 4234 2037 4291 divinorum

2136 3324 2232 3377 ἀπ’
2254 3321 2452 3386 αἰῶνος
2481 3319 2656 3390 ἁγίων
2683 3320 2925 3391 μνήμης,
2959 3316 3255 3378 δεδωκότες
3278 3312 3429 3383 αὐτῷ
3451 3310 3610 3378 δόξαν
3632 3311 3735 3364 καὶ

2135 3415 2302 3486 τιμήν
2325 3430 2341 3444 ·
2375 3411 2535 3478 δόξαν
2590 3412 2690 3483 μὲν
2723 3409 2812 3465 διὰ
2840 3408 2902 3463 τὸ
2938 3407 3061 3463 κατ’
3087 3406 3277 3461 εἰκόνα
3306 3404 3525 3468 κάλλος,
3557 3403 3733 3475 τιμὴν

2137 3508 2195 3563 δὲ
2222 3506 2313 3562 διὰ
2340 3506 2401 3562 τὸ
2430 3505 2553 3561 καθ’
2588 3504 2852 3576 ὁμοίωσιν
2894 3502 3144 3573 μίμημα.
3169 3497 3243 3552 Τὸ
3297 3498 3396 3568 μὲν
3426 3496 3538 3567 γὰρ
3584 3496 3735 3549 ποιεῖ

2138 3601 2314 3670 λόγων
2351 3596 2744 3669 πνευματικῶν
2790 3593 2997 3666 ἀληθὴς
3053 3590 3293 3664 θεωρία·
3347 3589 3410 3643 τὸ
3453 3588 3511 3642 δὲ
3561 3585 3731 3641 πάλιν

2138 3689 2374 3763 ἀκριϐὴς
2400 3688 2602 3762 πρᾶξις
2624 3687 2734 3742 τῶν
2762 3686 2925 3741 θείων
2952 3684 3204 3740 ἐντολῶν.
3253 3682 3350 3749 Τὸ,
3375 3680 3641 3750 ἔθαψαν,
3672 3679 3734 3733 δὲ

2139 3782 2377 3852 νοήσεις,
2424 3780 2549 3835 ἀντὶ
2581 3777 2676 3832 τοῦ
2706 3778 2932 3849 ἔθηκαν.
2971 3773 3398 3847 Παρατηρητέον
3426 3772 3486 3827 δὲ
3513 3772 3599 3847 ὅτι
3634 3772 3733 3825 ού-

2139 3872 2252 3934 δεὶς
2304 3857 2723 3942 ἀναγέγραπται
2780 3869 2975 3938 ταφεὶς
3024 3869 3086 3921 ὲν
3134 3866 3329 3936 τάφοις
3384 3862 3573 3930 Δαϐὶδ,
3604 3862 3641 3934 ἦ
3675 3863 3737 3917 ὲν

2137 3964 2402 4019 ἀναϐάσει
2464 3963 2654 4033 τάφων
2706 3960 2893 4015 Δαϐίδ.
2952 3958 3060 4014 Τοῦ
3113 3957 3226 4028 γὰρ
3268 3953 3737 4028 Σωτῆροςνῆμῶν

2140 4056 2380 4127 Χριστοῦ
2413 4053 2747 4123 ἀσύγκριτος
2776 4051 2872 4107 καὶ
2903 4050 3187 4123 ἀχώρητος
3214 4048 3244 4102 ὁ
3288 4050 3348 4103 ἐν
3391 4044 3558 4119 σαρκὶ
3592 4044 3734 4116 βίος,

2143 4146 2288 4202 κατὰ
2312 4146 2513 4218 τρόπον
2532 4143 2670 4217 ὁμοῦ
2696 4146 2794 4200 καὶ
2820 4144 2999 4213 λόγον.
3024 4161 3043 4194 ι
3087 4140 3355 4211 Ἐκάλυψε
3384 4140 3515 4211 γάρ,
3540 4139 3734 4209 φησὶν,

2145 4238 2411 4309 οὐρανοὺς
2439 4237 2474 4308 ἠ
2509 4235 2679 4308 ἀρετὴ
2727 4234 2916 4299 αὐτοῦ,
2943 4253 2964 4287 ι
3017 4233 3164 4287 τοῦτ’
3199 4233 3336 4298 ἔστι,
3366 4232 3462 4286 καὶ
3488 4229 3591 4294 τὰς
3618 4228 3739 4284 ἄνω

446 4325 826 4382 mandatorum
840 4326 1004 4381 actio.
1021 4326 1159 4383 Illud
1178 4333 1386 4391 autem,
1404 4325 1748 4399 sepelierunt,
1769 4326 2027 4400 intelliges

2146 4327 2408 4398 δυνάμεις
2438 4329 2506 4398 τῇ
2532 4326 2774 4397 ὑπεροχῇ
2803 4325 2905 4394 τῆς
2934 4322 3263 4395 ὑπερϐολῆς.

446 4437 548 4492 pro
584 4433 911 4493 posuerunt.
946 4423 1047 4478 Est
1072 4430 1257 4477 autem
1301 4420 1708 4476 observandum
1737 4422 1885 4493 quod
1923 4422 2114 4478 nullus
2151 4422 2391 4493 scriptus
2431 4428 2517 4477 est
2546 4434 2669 4476 esse
2699 4419 2948 4490 sepultus
2974 4418 3033 4473 in
3070 4416 3342 4488 sepulcris
3371 4412 3615 4478 Davidis,
3638 4420 3741 4467 aut

450 4515 508 4569 in
545 4530 776 4571 ascensu
826 4517 1210 4587 sepulcrorum
1245 4515 1488 4571 Davidis.
1533 4516 1840 4573 Servatoris
1886 4518 2037 4575 enim
2075 4520 2253 4575 nostri
2291 4517 2497 4574 Christi
2570 4524 2657 4573 est
2730 4512 3175 4584 incomparabilis
3218 4520 3278 4567 et
3311 4526 3434 4582 quae
3471 4508 3592 4580 capi
3622 4524 3739 4564 non

447 4619 630 4681 potest
664 4612 777 4667 vita
817 4612 875 4667 in
914 4627 1101 4677 carne,
1138 4620 1195 4667 et
1232 4612 1478 4669 moribus
1516 4613 1680 4669 simul
1717 4621 1774 4669 et
1799 4613 2036 4670 ratione.
2088 4633 2107 4665 ι
2146 4614 2380 4685 Operuit
2426 4613 2599 4680 enim,
2646 4608 2848 4682 inquit,
2889 4608 3059 4665 caelos
3101 4606 3280 4663 virtus
3313 4605 3438 4678 ejus
3465 4604 3532 4671 ",
3564 4620 3583 4655 ι
3628 4602 3743 4660 hoc

446 4718 554 4779 est,
605 4711 773 4767 etiam
816 4727 1086 4783 supernas
1122 4712 1391 4777 virtutes,
1430 4713 1761 4769 excellentia
1797 4696 2265 4782 exsuperationis.

910 4823 1006 4879 EX
1051 4822 1257 4880 LIBRO
1303 4824 1571 4880 ESDRIE.

1032 4932 1108 4988 De
1141 4932 1447 4991 Zorobabel.

454 5051 525 5109 Et
556 5050 769 5123 quando
806 5065 1041 5123 egressas
1076 5057 1152 5104 est
1200 5050 1531 5123 adolescens,
1568 5047 1817 5123 attollens
1853 5047 2038 5118 faciem

522 5119 579 5177 in
616 5120 806 5176 cretum
828 5119 892 5175 ex
941 5121 1158 5175 adverso
1192 5120 1530 5183 Jerusalem,
1567 5119 1826 5173 benedixit
1865 5134 2041 5188 regem

521 5191 668 5250 coeti.
704 5192 878 5246 dicens
912 5207 930 5246 :
961 5193 1004 5247 Α
1044 5200 1092 5245 te
1134 5193 1389 5254 victoria,
1428 5199 1477 5245 et
1502 5208 1555 5245 ια
1595 5198 1644 5243 te
1687 5189 1951 5261 sapientia
1985 5197 2035 5243 et

522 5262 768 5328 claritas,
798 5271 847 5316 et
881 5279 973 5334 ego
1002 5278 1183 5317 servus
1215 5272 1337 5317 tuus
1373 5262 1442 5314 θ’.

524 5460 829 5527 Zorobabel
881 5463 1278 5531 interpretatur
1331 5446 1615 5514 seminatio
1638 5455 1653 5464 “
1678 5455 2002 5528 confusionis
2024 5493 2039 5521 ,

452 5558 549 5606 aut
576 5551 723 5622 quies
758 5568 772 5582 ·
797 5551 1102 5606 seminatus
1128 5557 1214 5603 est
1245 5550 1394 5604 enim
1420 5549 1477 5603 in
1515 5546 1792 5620 Babylone
1814 5561 1939 5618 quae
1966 5545 2043 5600 si-

2517 4825 2613 4880 ιιι(
2650 4811 2788 4877 Tm:
2823 4819 3078 4876 ΒΙΒΛΟΥ
3116 4816 3355 4872 ΕΣΔΡΑ.

2658 4935 2800 5004 Περὶ
2833 4931 3192 5004 Ζοροϐάϐελ.

2140 5054 2250 5112 Καί
2284 5055 2384 5109 ὅτε
2418 5053 2681 5122 ἐξῆλθεν·
2740 5055 2774 5106 ὁ
2826 5045 3374 5122 νεανίσκος,ῌᾶρας
3420 5042 3502 5122 τό.
3545 5042 3740 5122 πρόιτ-

2210 5141 2377 5180 ωπον
2406 5112 2495 5192 διὸ
2514 5112 2824 5196 ’.οὐρανὸνι
2852 5112 3143 5196 “artis?
3171 5112 3622 5196 ἰειέουρῖαλὴμι-
3637 5114 3740 5196 εὖτ

2213 5197 2446 5264 λότησε
2469 5181 2582 5249 τὸν
2596 5181 2867 5264 Βασιλέα
2884 5190 2992 5264 τοῦ
3014 5181 3299 5264 οὐρανοῦ,
3325 5182 3539 5264 λέγων·

2211 5251 2381 5334 σοῧῆ
2398 5266 2561 5328 νίκη.
2584 5251 2683 5318 καὶ
2700 5262 2860 5334 παρὰ
2871 5260 2988 5316 σοῦ
3008 5260 3048 5329 ἡ
3065 5251 3274 5329 ἁοερία,
3294 5251 3494 5323 καίοιὴ
3506 5254 3545 5322 ἠ
3562 5251 3735 5319 δόξα,

2213 5336 2308 5391 καὶ
2342 5330 2457 5406 ἐγὼ
2490 5333 2604 5402 σὸς
2638 5330 2897 5400 οἰκέτης.

2229 5450 2286 5504 '0
2322 5449 2628 5520 Ζοροϐάϐελ
2680 5445 2884 5516 σπορὰ
2922 5442 3300 5515 συγχύσεως,
3328 5439 3362 5511 ἦ
3390 5436 3741 5503 circumvag-

2142 5539 2535 5611 ἑρμηνεύεται·
2569 5538 2785 5609 ὲσπάρη
2811 5534 2922 5606 γὰρ
2957 5535 3015 5588 ὲν
3058 5530 3362 5596 Βαϐυλῶνι,
3397 5530 3432 5601 ἢ
3469 5525 3742 5598 σημαίνει

452 5618 675 5712 gnificat
694 5640 1099 5703 confusionem,
1134 5653 1261 5693 cum
1290 5640 1407 5695 illic
1431 5638 1814 5695 detinerentur
1841 5636 2021 5707 eaptiv

2146 5632 2430 5703 σύγχυσιν,
2472 5627 2991 5702 αίχμαλῶτων,ὲκεῖ
3034 5622 3436 5712 κατεχομένων,
3466 5618 3578 5672 τῶν
3603 5632 3745 5712 ᾐγενο

453 5733 575 5801 ejus
608 5731 904 5802 genitorcs.
949 5732 1020 5787 Et
1059 5739 1215 5787 ortus
1245 5739 1332 5788 est
1366 5732 1500 5799 illic,
1545 5729 1616 5785 ab
1653 5730 1883 5787 infantia
1919 5727 2047 5785 illu-

532 5908 573 5941 ⁶¹
602 5907 808 5967 llabac.
841 5926 922 5976 ιιι,
950 5910 1003 5965 5.
1078 5911 1124 5943 ⁶’
1155 5912 1223 5967 Ill
1250 5911 1408 5967 Esdr.
1447 5927 1517 5975 tv,
1542 5909 1629 5976 58,
1658 5909 1744 5965 59.

2148 5725 2388 5799 νητόρων
2416 5722 2606 5781 αὑτοῦ.
2632 5722 2744 5789 Καὶ
2776 5719 3053 5779 ἀνέτειλεν
3086 5719 3225 5790 ἐκεῖ,
3254 5711 3511 5788 νηπιόθεν
3557 5710 3740 5780 αὐγάν-
