  <div class='ocr_page' id='page_1' title='image "/cluster/home/n/w/nwhite01/storage/ocr_20150623/77:no.10/coo.31924054869783/648.png"; bbox 0 0 4076 6452; ppageno 0'>
   <div class='ocr_carea' id='block_1_1' title="bbox 404 337 541 395">
    <p class='ocr_par' dir='ltr' id='par_1_1' title="bbox 404 337 541 395">
     <span class='ocr_line' id='line_1_1' title="bbox 404 337 541 395; baseline -0.007 -1"><span class='ocrx_word' id='word_1_1' title='bbox 404 337 541 395; x_wconf 72' lang='grc' dir='ltr'><strong>1Ξ81</strong></span> 
     </span>
    </p>
   </div>
   <div class='ocr_carea' id='block_1_2' title="bbox 1790 335 2312 402">
    <p class='ocr_par' dir='ltr' id='par_1_2' title="bbox 1790 335 2312 402">
     <span class='ocr_line' id='line_1_2' title="bbox 1790 335 2312 402; baseline 0.008 -4"><span class='ocrx_word' id='word_1_2' title='bbox 1790 335 2312 402; x_wconf 82' lang='lat' dir='ltr'><strong>COLLECTANEA.</strong></span> 
     </span>
    </p>
   </div>
   <div class='ocr_carea' id='block_1_3' title="bbox 3454 341 3668 424">
    <p class='ocr_par' dir='ltr' id='par_1_3' title="bbox 3454 341 3668 424">
     <span class='ocr_line' id='line_1_3' title="bbox 3454 341 3668 424; baseline 0.009 -28"><span class='ocrx_word' id='word_1_3' title='bbox 3454 410 3458 416; x_wconf 26' lang='grc' dir='ltr'><strong>λ</strong></span> <span class='ocrx_word' id='word_1_4' title='bbox 3527 341 3668 424; x_wconf 68' lang='lat'><strong>4232</strong></span> 
     </span>
    </p>
   </div>
   <div class='ocr_carea' id='block_1_4' title="bbox 401 453 1992 536">
    <p class='ocr_par' dir='ltr' id='par_1_4' title="bbox 401 453 1984 530">
     <span class='ocr_line' id='line_1_4' title="bbox 401 453 1984 530; baseline 0.003 -20"><span class='ocrx_word' id='word_1_5' title='bbox 401 459 510 524; x_wconf 77' lang='grc' dir='ltr'>ζων</span> <span class='ocrx_word' id='word_1_6' title='bbox 545 454 606 508; x_wconf 77' lang='grc' dir='ltr'>τὸ</span> <span class='ocrx_word' id='word_1_7' title='bbox 638 453 834 519; x_wconf 85' lang='grc' dir='ltr'>κάλλος</span> <span class='ocrx_word' id='word_1_8' title='bbox 883 456 985 526; x_wconf 91' lang='grc' dir='ltr'><strong>τῆς</strong></span> <span class='ocrx_word' id='word_1_9' title='bbox 1030 456 1254 530; x_wconf 84' lang='grc' dir='ltr'>ἀρετῆς,</span> <span class='ocrx_word' id='word_1_10' title='bbox 1291 456 1388 512; x_wconf 78' lang='grc' dir='ltr'>καὶ</span> <span class='ocrx_word' id='word_1_11' title='bbox 1429 457 1531 530; x_wconf 87' lang='grc' dir='ltr'><strong>τῆς</strong></span> <span class='ocrx_word' id='word_1_12' title='bbox 1581 457 1867 528; x_wconf 79' lang='grc' dir='ltr'>γνώσεωςο</span> <span class='ocrx_word' id='word_1_13' title='bbox 1892 461 1984 514; x_wconf 80' lang='grc' dir='ltr'><strong>καὶ</strong></span> 
     </span>
    </p>
   </div>
   <div class='ocr_carea' id='block_1_5' title="bbox 2095 453 3671 536">
    <p class='ocr_par' dir='ltr' id='par_1_5' title="bbox 2095 459 3671 536">
     <span class='ocr_line' id='line_1_5' title="bbox 2095 459 3671 536; baseline -0.001 -20"><span class='ocrx_word' id='word_1_14' title='bbox 2095 465 2304 521; x_wconf 89' lang='lat' dir='ltr'><strong>minans</strong></span> <span class='ocrx_word' id='word_1_15' title='bbox 2349 462 2817 536; x_wconf 75' lang='lat' dir='ltr'><strong>pulchritudinem</strong></span> <span class='ocrx_word' id='word_1_16' title='bbox 2863 461 3086 518; x_wconf 87' lang='lat' dir='ltr'><strong>virtutis</strong></span> <span class='ocrx_word' id='word_1_17' title='bbox 3116 468 3173 517; x_wconf 90' lang='lat' dir='ltr'><strong>et</strong></span> <span class='ocrx_word' id='word_1_18' title='bbox 3204 459 3535 532; x_wconf 76' lang='lat' dir='ltr'><strong>cognitionis</strong></span> <span class='ocrx_word' id='word_1_19' title='bbox 3569 479 3583 514; x_wconf 90' lang='lat'><strong>:</strong></span> <span class='ocrx_word' id='word_1_20' title='bbox 3613 470 3671 516; x_wconf 86' lang='lat' dir='ltr'><strong>et</strong></span> 
     </span>
    </p>
   </div>
   <div class='ocr_carea' id='block_1_6' title="bbox 400 545 1982 621">
    <p class='ocr_par' dir='ltr' id='par_1_6' title="bbox 400 545 1982 621">
     <span class='ocr_line' id='line_1_6' title="bbox 400 545 1982 621; baseline 0.002 -17"><span class='ocrx_word' id='word_1_21' title='bbox 400 545 720 614; x_wconf 78' lang='grc' dir='ltr'><strong>ἀπαλλάξας</strong></span> <span class='ocrx_word' id='word_1_22' title='bbox 753 547 874 602; x_wconf 84' lang='grc' dir='ltr'><strong>ὅλον</strong></span> <span class='ocrx_word' id='word_1_23' title='bbox 910 548 972 602; x_wconf 84' lang='grc' dir='ltr'><strong>τὸ</strong></span> <span class='ocrx_word' id='word_1_24' title='bbox 1020 549 1178 618; x_wconf 80' lang='grc' dir='ltr'>γένος</span> <span class='ocrx_word' id='word_1_25' title='bbox 1213 551 1312 621; x_wconf 89' lang='grc' dir='ltr'><strong>τῆς</strong></span> <span class='ocrx_word' id='word_1_26' title='bbox 1363 551 1481 604; x_wconf 81' lang='grc' dir='ltr'>ἐκεῖ</span> <span class='ocrx_word' id='word_1_27' title='bbox 1531 551 1800 618; x_wconf 78' lang='grc' dir='ltr'><strong>δουλείας,</strong></span> <span class='ocrx_word' id='word_1_28' title='bbox 1848 553 1982 607; x_wconf 84' lang='grc' dir='ltr'>ἀνά-</span> 
     </span>
    </p>
   </div>
   <div class='ocr_carea' id='block_1_7' title="bbox 402 638 1987 714">
    <p class='ocr_par' dir='ltr' id='par_1_7' title="bbox 402 638 1987 714">
     <span class='ocr_line' id='line_1_7' title="bbox 402 638 1987 714; baseline 0.003 -20"><span class='ocrx_word' id='word_1_29' title='bbox 402 655 606 704; x_wconf 88' lang='grc' dir='ltr'>παυσις</span> <span class='ocrx_word' id='word_1_30' title='bbox 653 640 840 704; x_wconf 82' lang='grc' dir='ltr'>αὐτοῖς</span> <span class='ocrx_word' id='word_1_31' title='bbox 888 641 1130 710; x_wconf 90' lang='grc' dir='ltr'>γέγονεν.</span> <span class='ocrx_word' id='word_1_32' title='bbox 1165 642 1371 698; x_wconf 81' lang='grc' dir='ltr'><strong>Λοιπὸν</strong></span> <span class='ocrx_word' id='word_1_33' title='bbox 1406 638 1500 698; x_wconf 82' lang='grc' dir='ltr'><strong>οὖν</strong></span> <span class='ocrx_word' id='word_1_34' title='bbox 1527 641 1616 714; x_wconf 71' lang='grc' dir='ltr'>εἴη</span> <span class='ocrx_word' id='word_1_35' title='bbox 1662 642 1727 700; x_wconf 83' lang='grc' dir='ltr'><strong>ἀν</strong></span> <span class='ocrx_word' id='word_1_36' title='bbox 1753 643 1987 714; x_wconf 90' lang='grc' dir='ltr'>Ζοροϐά-</span> 
     </span>
    </p>
   </div>
   <div class='ocr_carea' id='block_1_8' title="bbox 402 727 1984 804">
    <p class='ocr_par' dir='ltr' id='par_1_8' title="bbox 402 727 1984 804">
     <span class='ocr_line' id='line_1_8' title="bbox 402 727 1984 804; baseline 0.004 -24"><span class='ocrx_word' id='word_1_37' title='bbox 402 728 520 792; x_wconf 89' lang='grc' dir='ltr'>ϐελ,</span> <span class='ocrx_word' id='word_1_38' title='bbox 571 727 696 793; x_wconf 80' lang='grc' dir='ltr'>νοῦς</span> <span class='ocrx_word' id='word_1_39' title='bbox 760 729 1070 799; x_wconf 79' lang='grc' dir='ltr'>φιλόσοφος,</span> <span class='ocrx_word' id='word_1_40' title='bbox 1124 731 1344 803; x_wconf 88' lang='grc' dir='ltr'>πρῶτον</span> <span class='ocrx_word' id='word_1_41' title='bbox 1399 733 1500 804; x_wconf 82' lang='grc' dir='ltr'>μὲν</span> <span class='ocrx_word' id='word_1_42' title='bbox 1551 732 1642 786; x_wconf 89' lang='grc' dir='ltr'><strong>διά</strong></span> <span class='ocrx_word' id='word_1_43' title='bbox 1692 733 1984 802; x_wconf 84' lang='grc' dir='ltr'><strong>μετανοίας</strong></span> 
     </span>
    </p>
   </div>
   <div class='ocr_carea' id='block_1_9' title="bbox 403 817 1987 890">
    <p class='ocr_par' dir='ltr' id='par_1_9' title="bbox 403 817 1987 890">
     <span class='ocr_line' id='line_1_9' title="bbox 403 817 1987 890; baseline 0.003 -21"><span class='ocrx_word' id='word_1_44' title='bbox 403 817 766 888; x_wconf 81' lang='grc' dir='ltr'><strong>σπειρόμενος</strong></span> <span class='ocrx_word' id='word_1_45' title='bbox 790 821 850 871; x_wconf 93' lang='grc' dir='ltr'><strong>ἐν</strong></span> <span class='ocrx_word' id='word_1_46' title='bbox 882 821 950 890; x_wconf 78' lang='grc' dir='ltr'>τῇ</span> <span class='ocrx_word' id='word_1_47' title='bbox 985 819 1244 890; x_wconf 86' lang='grc' dir='ltr'><strong>συγχύσει</strong></span> <span class='ocrx_word' id='word_1_48' title='bbox 1273 821 1384 874; x_wconf 91' lang='grc' dir='ltr'><strong>τῶν</strong></span> <span class='ocrx_word' id='word_1_49' title='bbox 1433 821 1643 885; x_wconf 87' lang='grc' dir='ltr'>παθῶν,</span> <span class='ocrx_word' id='word_1_50' title='bbox 1674 817 1792 874; x_wconf 79' lang='grc' dir='ltr'>εἶτα</span> <span class='ocrx_word' id='word_1_51' title='bbox 1820 821 1987 890; x_wconf 87' lang='grc' dir='ltr'>φωτί-</span> 
     </span>
    </p>
   </div>
   <div class='ocr_carea' id='block_1_10' title="bbox 402 906 1987 982">
    <p class='ocr_par' dir='ltr' id='par_1_10' title="bbox 402 906 1987 982">
     <span class='ocr_line' id='line_1_10' title="bbox 402 906 1987 982; baseline 0.002 -22"><span class='ocrx_word' id='word_1_52' title='bbox 402 906 536 973; x_wconf 78' lang='grc' dir='ltr'>ζων,</span> <span class='ocrx_word' id='word_1_53' title='bbox 570 908 662 960; x_wconf 76' lang='grc' dir='ltr'>καὶ</span> <span class='ocrx_word' id='word_1_54' title='bbox 699 907 1068 964; x_wconf 84' lang='grc' dir='ltr'><strong>ὑποδεικνύων</strong></span> <span class='ocrx_word' id='word_1_55' title='bbox 1098 911 1196 982; x_wconf 87' lang='grc' dir='ltr'><strong>τὴν</strong></span> <span class='ocrx_word' id='word_1_56' title='bbox 1225 910 1490 982; x_wconf 73' lang='grc' dir='ltr'><strong>αἰσχύνην</strong></span> <span class='ocrx_word' id='word_1_57' title='bbox 1516 910 1718 965; x_wconf 83' lang='grc' dir='ltr'>αὐτῶν.</span> <span class='ocrx_word' id='word_1_58' title='bbox 1754 911 1987 964; x_wconf 83' lang='grc' dir='ltr'>Ἔπειτα</span> 
     </span>
    </p>
   </div>
   <div class='ocr_carea' id='block_1_11' title="bbox 403 999 1986 1076">
    <p class='ocr_par' dir='ltr' id='par_1_11' title="bbox 403 999 1986 1076">
     <span class='ocr_line' id='line_1_11' title="bbox 403 999 1986 1076; baseline 0 -22"><span class='ocrx_word' id='word_1_59' title='bbox 403 999 707 1069; x_wconf 86' lang='grc' dir='ltr'>ἐλευθερῶν</span> <span class='ocrx_word' id='word_1_60' title='bbox 745 1002 874 1066; x_wconf 81' lang='grc' dir='ltr'>τοὺς</span> <span class='ocrx_word' id='word_1_61' title='bbox 911 1002 1206 1074; x_wconf 85' lang='grc' dir='ltr'>λογισμοὺς</span> <span class='ocrx_word' id='word_1_62' title='bbox 1251 1005 1346 1058; x_wconf 76' lang='grc' dir='ltr'>καὶ</span> <span class='ocrx_word' id='word_1_63' title='bbox 1380 1003 1480 1076; x_wconf 85' lang='grc' dir='ltr'>τὴν</span> <span class='ocrx_word' id='word_1_64' title='bbox 1515 1003 1692 1075; x_wconf 79' lang='grc' dir='ltr'>ψυχὴν</span> <span class='ocrx_word' id='word_1_65' title='bbox 1730 1003 1840 1057; x_wconf 84' lang='grc' dir='ltr'><strong>ἀπὸ</strong></span> <span class='ocrx_word' id='word_1_66' title='bbox 1886 1006 1986 1074; x_wconf 81' lang='grc' dir='ltr'><strong>τῆς</strong></span> 
     </span>
    </p>
   </div>
   <div class='ocr_carea' id='block_1_12' title="bbox 401 1090 1987 1165">
    <p class='ocr_par' dir='ltr' id='par_1_12' title="bbox 401 1090 1987 1165">
     <span class='ocr_line' id='line_1_12' title="bbox 401 1090 1987 1165; baseline 0.001 -19"><span class='ocrx_word' id='word_1_67' title='bbox 401 1091 660 1164; x_wconf 82' lang='grc' dir='ltr'><strong>τοιαύτης</strong></span> <span class='ocrx_word' id='word_1_68' title='bbox 683 1095 1062 1165; x_wconf 74' lang='grc' dir='ltr'><strong>αἰχμαλωσίας</strong></span> <span class='ocrx_word' id='word_1_69' title='bbox 1093 1096 1190 1149; x_wconf 75' lang='grc' dir='ltr'>καὶ</span> <span class='ocrx_word' id='word_1_70' title='bbox 1231 1097 1526 1151; x_wconf 86' lang='grc' dir='ltr'>ἀναπαύων</span> <span class='ocrx_word' id='word_1_71' title='bbox 1560 1095 1775 1159; x_wconf 84' lang='grc' dir='ltr'>αὐτούς.</span> <span class='ocrx_word' id='word_1_72' title='bbox 1820 1090 1987 1159; x_wconf 78' lang='grc' dir='ltr'>Οὗτος</span> 
     </span>
    </p>
   </div>
   <div class='ocr_carea' id='block_1_13' title="bbox 401 1185 1988 1258">
    <p class='ocr_par' dir='ltr' id='par_1_13' title="bbox 401 1185 1988 1258">
     <span class='ocr_line' id='line_1_13' title="bbox 401 1185 1988 1258; baseline 0 -20"><span class='ocrx_word' id='word_1_73' title='bbox 401 1185 582 1240; x_wconf 85' lang='grc' dir='ltr'>τοίνυν</span> <span class='ocrx_word' id='word_1_74' title='bbox 623 1187 715 1240; x_wconf 81' lang='grc' dir='ltr'><strong>ὅτε</strong></span> <span class='ocrx_word' id='word_1_75' title='bbox 745 1185 947 1258; x_wconf 81' lang='grc' dir='ltr'>,ἐξέλθῃ</span> <span class='ocrx_word' id='word_1_76' title='bbox 978 1188 1087 1242; x_wconf 85' lang='grc' dir='ltr'><strong>ἀπὸ</strong></span> <span class='ocrx_word' id='word_1_77' title='bbox 1114 1187 1208 1242; x_wconf 82' lang='grc' dir='ltr'>τοῦ</span> <span class='ocrx_word' id='word_1_78' title='bbox 1242 1187 1511 1258; x_wconf 85' lang='grc' dir='ltr'>βασιλέως</span> <span class='ocrx_word' id='word_1_79' title='bbox 1561 1188 1810 1258; x_wconf 87' lang='grc' dir='ltr'><strong>Δαρείου,</strong></span> <span class='ocrx_word' id='word_1_80' title='bbox 1844 1187 1988 1254; x_wconf 86' lang='grc' dir='ltr'>λέγω</span> 
     </span>
    </p>
   </div>
   <div class='ocr_carea' id='block_1_14' title="bbox 402 1277 1988 1351">
    <p class='ocr_par' dir='ltr' id='par_1_14' title="bbox 402 1277 1988 1351">
     <span class='ocr_line' id='line_1_14' title="bbox 402 1277 1988 1351; baseline 0 -21"><span class='ocrx_word' id='word_1_81' title='bbox 402 1277 469 1350; x_wconf 80' lang='grc' dir='ltr'>δὴ</span> <span class='ocrx_word' id='word_1_82' title='bbox 489 1279 584 1331; x_wconf 83' lang='grc' dir='ltr'>τοῦ</span> <span class='ocrx_word' id='word_1_83' title='bbox 622 1278 858 1348; x_wconf 78' lang='grc' dir='ltr'>φυσικοῦ</span> <span class='ocrx_word' id='word_1_84' title='bbox 891 1280 1079 1351; x_wconf 86' lang='grc' dir='ltr'>νόμου,</span> <span class='ocrx_word' id='word_1_85' title='bbox 1113 1282 1343 1351; x_wconf 79' lang='grc' dir='ltr'>νικήσας</span> <span class='ocrx_word' id='word_1_86' title='bbox 1386 1283 1516 1351; x_wconf 88' lang='grc' dir='ltr'>παρ’</span> <span class='ocrx_word' id='word_1_87' title='bbox 1545 1278 1733 1346; x_wconf 75' lang='grc' dir='ltr'>αὐτοῦ,</span> <span class='ocrx_word' id='word_1_88' title='bbox 1759 1278 1905 1350; x_wconf 74' lang='grc' dir='ltr'>αἴρει</span> <span class='ocrx_word' id='word_1_89' title='bbox 1927 1278 1988 1331; x_wconf 86' lang='grc' dir='ltr'>τὸ</span> 
     </span>
    </p>
   </div>
   <div class='ocr_carea' id='block_1_15' title="bbox 403 1369 1986 1444">
    <p class='ocr_par' dir='ltr' id='par_1_15' title="bbox 403 1369 1986 1444">
     <span class='ocr_line' id='line_1_15' title="bbox 403 1369 1986 1444; baseline 0.001 -21"><span class='ocrx_word' id='word_1_90' title='bbox 403 1369 696 1442; x_wconf 86' lang='grc' dir='ltr'>πρόσωπον</span> <span class='ocrx_word' id='word_1_91' title='bbox 731 1372 813 1436; x_wconf 86' lang='grc' dir='ltr'><strong>εἰς</strong></span> <span class='ocrx_word' id='word_1_92' title='bbox 860 1371 952 1426; x_wconf 85' lang='grc' dir='ltr'><strong>τὸν</strong></span> <span class='ocrx_word' id='word_1_93' title='bbox 1003 1373 1254 1444; x_wconf 84' lang='grc' dir='ltr'>οὐρανὸν,</span> <span class='ocrx_word' id='word_1_94' title='bbox 1284 1373 1428 1426; x_wconf 82' lang='grc' dir='ltr'>τοῦτ’</span> <span class='ocrx_word' id='word_1_95' title='bbox 1456 1373 1596 1438; x_wconf 82' lang='grc' dir='ltr'>ἐστι,</span> <span class='ocrx_word' id='word_1_96' title='bbox 1621 1372 1722 1444; x_wconf 80' lang='grc' dir='ltr'>τὴν</span> <span class='ocrx_word' id='word_1_97' title='bbox 1745 1371 1986 1426; x_wconf 86' lang='grc' dir='ltr'>διάθεσιν</span> 
     </span>
    </p>
   </div>
   <div class='ocr_carea' id='block_1_16' title="bbox 401 1460 1988 1538">
    <p class='ocr_par' dir='ltr' id='par_1_16' title="bbox 401 1460 1988 1538">
     <span class='ocr_line' id='line_1_16' title="bbox 401 1460 1988 1538; baseline -0.008 -11"><span class='ocrx_word' id='word_1_98' title='bbox 401 1464 500 1533; x_wconf 78' lang='grc' dir='ltr'><strong>τῆς</strong></span> <span class='ocrx_word' id='word_1_99' title='bbox 527 1463 726 1533; x_wconf 75' lang='grc' dir='ltr'>ψυχῆς.</span> <span class='ocrx_word' id='word_1_100' title='bbox 748 1465 806 1518; x_wconf 83' lang='grc' dir='ltr'><strong>ἐν</strong></span> <span class='ocrx_word' id='word_1_101' title='bbox 827 1460 860 1538; x_wconf 78' lang='grc' dir='ltr'><strong>ᾗ</strong></span> <span class='ocrx_word' id='word_1_102' title='bbox 881 1464 933 1516; x_wconf 83' lang='grc' dir='ltr'>οἱ</span> <span class='ocrx_word' id='word_1_103' title='bbox 961 1467 1308 1538; x_wconf 82' lang='grc' dir='ltr'>χαρακτῆρες</span> <span class='ocrx_word' id='word_1_104' title='bbox 1325 1466 1435 1519; x_wconf 88' lang='grc' dir='ltr'><strong>τῶν</strong></span> <span class='ocrx_word' id='word_1_105' title='bbox 1455 1465 1656 1531; x_wconf 82' lang='grc' dir='ltr'>καλῶν,</span> <span class='ocrx_word' id='word_1_106' title='bbox 1673 1467 1753 1528; x_wconf 88' lang='grc' dir='ltr'><strong>εἰς</strong></span> <span class='ocrx_word' id='word_1_107' title='bbox 1772 1465 1833 1518; x_wconf 86' lang='grc' dir='ltr'><strong>τὸ</strong></span> <span class='ocrx_word' id='word_1_108' title='bbox 1855 1463 1988 1534; x_wconf 66' lang='grc' dir='ltr'>ὕψος</span> 
     </span>
    </p>
   </div>
   <div class='ocr_carea' id='block_1_17' title="bbox 402 1556 1987 1630">
    <p class='ocr_par' dir='ltr' id='par_1_17' title="bbox 402 1556 1987 1630">
     <span class='ocr_line' id='line_1_17' title="bbox 402 1556 1987 1630; baseline 0.001 -22"><span class='ocrx_word' id='word_1_109' title='bbox 402 1557 502 1628; x_wconf 86' lang='grc' dir='ltr'><strong>τῆς</strong></span> <span class='ocrx_word' id='word_1_110' title='bbox 519 1556 776 1626; x_wconf 84' lang='grc' dir='ltr'>γνώσεως</span> <span class='ocrx_word' id='word_1_111' title='bbox 792 1558 1023 1613; x_wconf 87' lang='grc' dir='ltr'>ἐνώπιον</span> <span class='ocrx_word' id='word_1_112' title='bbox 1037 1559 1138 1630; x_wconf 82' lang='grc' dir='ltr'><strong>τῆς</strong></span> <span class='ocrx_word' id='word_1_113' title='bbox 1159 1557 1448 1622; x_wconf 89' lang='grc' dir='ltr'>ἀπαθείας.</span> <span class='ocrx_word' id='word_1_114' title='bbox 1467 1558 1566 1612; x_wconf 89' lang='grc' dir='ltr'>Διά</span> <span class='ocrx_word' id='word_1_115' title='bbox 1585 1559 1694 1629; x_wconf 83' lang='grc' dir='ltr'>γὰρ</span> <span class='ocrx_word' id='word_1_116' title='bbox 1711 1559 1813 1629; x_wconf 89' lang='grc' dir='ltr'><strong>τῆς</strong></span> <span class='ocrx_word' id='word_1_117' title='bbox 1839 1559 1987 1611; x_wconf 85' lang='grc' dir='ltr'>ἀπα-</span> 
     </span>
    </p>
   </div>
   <div class='ocr_carea' id='block_1_18' title="bbox 405 1649 1987 1722">
    <p class='ocr_par' dir='ltr' id='par_1_18' title="bbox 405 1649 1987 1722">
     <span class='ocr_line' id='line_1_18' title="bbox 405 1649 1987 1722; baseline 0 -20"><span class='ocrx_word' id='word_1_118' title='bbox 405 1649 558 1713; x_wconf 88' lang='grc' dir='ltr'>θείας</span> <span class='ocrx_word' id='word_1_119' title='bbox 583 1651 665 1713; x_wconf 80' lang='grc' dir='ltr'><strong>εἰς</strong></span> <span class='ocrx_word' id='word_1_120' title='bbox 695 1651 758 1704; x_wconf 80' lang='grc' dir='ltr'>τὸ</span> <span class='ocrx_word' id='word_1_121' title='bbox 795 1650 928 1720; x_wconf 72' lang='grc' dir='ltr'>ὕψος</span> <span class='ocrx_word' id='word_1_122' title='bbox 959 1651 1057 1722; x_wconf 87' lang='grc' dir='ltr'><strong>τῆς</strong></span> <span class='ocrx_word' id='word_1_123' title='bbox 1090 1651 1348 1720; x_wconf 85' lang='grc' dir='ltr'>γνώσεως</span> <span class='ocrx_word' id='word_1_124' title='bbox 1403 1649 1771 1715; x_wconf 84' lang='grc' dir='ltr'>ἀνατείνεται,</span> <span class='ocrx_word' id='word_1_125' title='bbox 1805 1649 1987 1720; x_wconf 78' lang='grc' dir='ltr'>ζητῶν</span> 
     </span>
    </p>
   </div>
   <div class='ocr_carea' id='block_1_19' title="bbox 401 1741 1986 1813">
    <p class='ocr_par' dir='ltr' id='par_1_19' title="bbox 401 1741 1986 1813">
     <span class='ocr_line' id='line_1_19' title="bbox 401 1741 1986 1813; baseline -0.001 -19"><span class='ocrx_word' id='word_1_126' title='bbox 401 1741 495 1794; x_wconf 81' lang='grc' dir='ltr'><strong>τὸν</strong></span> <span class='ocrx_word' id='word_1_127' title='bbox 522 1741 728 1812; x_wconf 85' lang='grc' dir='ltr'>δοτῆρα</span> <span class='ocrx_word' id='word_1_128' title='bbox 760 1741 862 1811; x_wconf 88' lang='grc' dir='ltr'><strong>τῆς</strong></span> <span class='ocrx_word' id='word_1_129' title='bbox 905 1741 1085 1811; x_wconf 88' lang='grc' dir='ltr'>νίκης.</span> <span class='ocrx_word' id='word_1_130' title='bbox 1133 1742 1496 1813; x_wconf 79' lang='grc' dir='ltr'>Ἰερουσαλὴμ</span> <span class='ocrx_word' id='word_1_131' title='bbox 1524 1743 1633 1813; x_wconf 87' lang='grc' dir='ltr'>γὰρ</span> <span class='ocrx_word' id='word_1_132' title='bbox 1659 1741 1874 1809; x_wconf 83' lang='grc' dir='ltr'>ὅρασιν</span> <span class='ocrx_word' id='word_1_133' title='bbox 1903 1743 1986 1794; x_wconf 81' lang='grc' dir='ltr'><strong>εὶ-</strong></span> 
     </span>
    </p>
   </div>
   <div class='ocr_carea' id='block_1_20' title="bbox 2083 553 3669 627">
    <p class='ocr_par' dir='ltr' id='par_1_20' title="bbox 2083 553 3669 627">
     <span class='ocr_line' id='line_1_20' title="bbox 2083 553 3669 627; baseline -0.001 -19"><span class='ocrx_word' id='word_1_134' title='bbox 2083 555 2318 612; x_wconf 90' lang='lat' dir='ltr'><strong>liberato</strong></span> <span class='ocrx_word' id='word_1_135' title='bbox 2344 566 2458 611; x_wconf 88' lang='lat' dir='ltr'><strong>toto</strong></span> <span class='ocrx_word' id='word_1_136' title='bbox 2483 573 2682 627; x_wconf 84' lang='lat' dir='ltr'><strong>genere</strong></span> <span class='ocrx_word' id='word_1_137' title='bbox 2709 557 2778 609; x_wconf 90' lang='lat' dir='ltr'><strong>ab</strong></span> <span class='ocrx_word' id='word_1_138' title='bbox 2802 571 2866 610; x_wconf 92' lang='lat' dir='ltr'><strong>ea</strong></span> <span class='ocrx_word' id='word_1_139' title='bbox 2889 556 2946 609; x_wconf 92' lang='lat' dir='ltr'><strong>in</strong></span> <span class='ocrx_word' id='word_1_140' title='bbox 2975 569 3082 625; x_wconf 91' lang='lat' dir='ltr'><strong>qua</strong></span> <span class='ocrx_word' id='word_1_141' title='bbox 3113 555 3226 609; x_wconf 92' lang='lat' dir='ltr'><strong>illic</strong></span> <span class='ocrx_word' id='word_1_142' title='bbox 3251 553 3524 624; x_wconf 81' lang='lat' dir='ltr'><strong>degebant</strong></span> <span class='ocrx_word' id='word_1_143' title='bbox 3546 566 3669 607; x_wconf 85' lang='lat' dir='ltr'><strong>ser-</strong></span> 
     </span>
    </p>
   </div>
   <div class='ocr_carea' id='block_1_21' title="bbox 2083 641 3668 714">
    <p class='ocr_par' dir='ltr' id='par_1_21' title="bbox 2083 641 3668 714">
     <span class='ocr_line' id='line_1_21' title="bbox 2083 641 3668 714; baseline -0.001 -17"><span class='ocrx_word' id='word_1_144' title='bbox 2083 644 2281 710; x_wconf 84' lang='lat' dir='ltr'><strong>vitute,</strong></span> <span class='ocrx_word' id='word_1_145' title='bbox 2319 645 2422 700; x_wconf 88' lang='lat' dir='ltr'><strong>fuit</strong></span> <span class='ocrx_word' id='word_1_146' title='bbox 2455 647 2536 699; x_wconf 89' lang='lat' dir='ltr'><strong>eis</strong></span> <span class='ocrx_word' id='word_1_147' title='bbox 2571 645 2808 714; x_wconf 86' lang='lat' dir='ltr'><strong>requies.</strong></span> <span class='ocrx_word' id='word_1_148' title='bbox 2834 644 2953 699; x_wconf 82' lang='lat' dir='ltr'><strong>Jam</strong></span> <span class='ocrx_word' id='word_1_149' title='bbox 2989 659 3122 714; x_wconf 85' lang='lat' dir='ltr'><strong>ergo</strong></span> <span class='ocrx_word' id='word_1_150' title='bbox 3161 644 3329 698; x_wconf 91' lang='lat' dir='ltr'><strong>fuerit</strong></span> <span class='ocrx_word' id='word_1_151' title='bbox 3363 641 3668 697; x_wconf 86' lang='lat' dir='ltr'><strong>Zorobabel</strong></span> 
     </span>
    </p>
   </div>
   <div class='ocr_carea' id='block_1_22' title="bbox 2087 731 3667 805">
    <p class='ocr_par' dir='ltr' id='par_1_22' title="bbox 2087 731 3667 805">
     <span class='ocr_line' id='line_1_22' title="bbox 2087 731 3667 805; baseline -0.004 -16"><span class='ocrx_word' id='word_1_152' title='bbox 2087 750 2243 790; x_wconf 89' lang='lat' dir='ltr'><strong>mens</strong></span> <span class='ocrx_word' id='word_1_153' title='bbox 2275 736 2622 805; x_wconf 82' lang='lat' dir='ltr'><strong>philosopha,</strong></span> <span class='ocrx_word' id='word_1_154' title='bbox 2660 735 2898 805; x_wconf 89' lang='lat' dir='ltr'><strong>primum</strong></span> <span class='ocrx_word' id='word_1_155' title='bbox 2940 734 3163 803; x_wconf 86' lang='lat' dir='ltr'><strong>quidem</strong></span> <span class='ocrx_word' id='word_1_156' title='bbox 3198 749 3320 803; x_wconf 65' lang='lat' dir='ltr'><strong>quae</strong></span> <span class='ocrx_word' id='word_1_157' title='bbox 3353 748 3451 802; x_wconf 91' lang='lat' dir='ltr'><strong>per</strong></span> <span class='ocrx_word' id='word_1_158' title='bbox 3485 731 3667 801; x_wconf 69' lang='lat' dir='ltr'><strong>paeni—</strong></span> 
     </span>
    </p>
   </div>
   <div class='ocr_carea' id='block_1_23' title="bbox 2089 826 3666 893">
    <p class='ocr_par' dir='ltr' id='par_1_23' title="bbox 2089 826 3666 893">
     <span class='ocr_line' id='line_1_23' title="bbox 2089 826 3666 893; baseline -0.003 -12"><span class='ocrx_word' id='word_1_159' title='bbox 2089 828 2318 882; x_wconf 89' lang='lat' dir='ltr'><strong>tentiam</strong></span> <span class='ocrx_word' id='word_1_160' title='bbox 2351 829 2652 883; x_wconf 81' lang='lat' dir='ltr'><strong>seminatur</strong></span> <span class='ocrx_word' id='word_1_161' title='bbox 2680 828 2735 881; x_wconf 91' lang='lat' dir='ltr'><strong>in</strong></span> <span class='ocrx_word' id='word_1_162' title='bbox 2767 826 3087 881; x_wconf 82' lang='lat' dir='ltr'><strong>confusione</strong></span> <span class='ocrx_word' id='word_1_163' title='bbox 3119 826 3416 880; x_wconf 77' lang='lat' dir='ltr'><strong>affectuum</strong></span> <span class='ocrx_word' id='word_1_164' title='bbox 3447 834 3503 878; x_wconf 93' lang='lat' dir='ltr'><strong>et</strong></span> <span class='ocrx_word' id='word_1_165' title='bbox 3537 837 3666 893; x_wconf 89' lang='lat' dir='ltr'><strong>per-</strong></span> 
     </span>
    </p>
   </div>
   <div class='ocr_carea' id='block_1_24' title="bbox 2088 914 3666 973">
    <p class='ocr_par' dir='ltr' id='par_1_24' title="bbox 2088 914 3666 973">
     <span class='ocr_line' id='line_1_24' title="bbox 2088 914 3666 973; baseline -0.002 -2"><span class='ocrx_word' id='word_1_166' title='bbox 2088 918 2466 973; x_wconf 89' lang='lat' dir='ltr'><strong>turbationum</strong></span> <span class='ocrx_word' id='word_1_167' title='bbox 2496 935 2509 971; x_wconf 75' lang='grc' dir='ltr'>ε</span> <span class='ocrx_word' id='word_1_168' title='bbox 2535 917 2734 972; x_wconf 89' lang='lat' dir='ltr'><strong>deinde</strong></span> <span class='ocrx_word' id='word_1_169' title='bbox 2757 915 3072 969; x_wconf 89' lang='lat' dir='ltr'><strong>illuminans</strong></span> <span class='ocrx_word' id='word_1_170' title='bbox 3104 924 3160 968; x_wconf 90' lang='lat' dir='ltr'><strong>et</strong></span> <span class='ocrx_word' id='word_1_171' title='bbox 3195 914 3442 969; x_wconf 89' lang='lat' dir='ltr'><strong>indicans</strong></span> <span class='ocrx_word' id='word_1_172' title='bbox 3473 927 3666 968; x_wconf 85' lang='lat' dir='ltr'><strong>eorum</strong></span> 
     </span>
    </p>
   </div>
   <div class='ocr_carea' id='block_1_25' title="bbox 2085 1009 3668 1081">
    <p class='ocr_par' dir='ltr' id='par_1_25' title="bbox 2085 1009 3668 1081">
     <span class='ocr_line' id='line_1_25' title="bbox 2085 1009 3668 1081; baseline -0.001 -16"><span class='ocrx_word' id='word_1_173' title='bbox 2085 1011 2353 1080; x_wconf 85' lang='lat' dir='ltr'><strong>pudorem</strong></span> <span class='ocrx_word' id='word_1_174' title='bbox 2377 1029 2390 1064; x_wconf 93' lang='lat'>:</span> <span class='ocrx_word' id='word_1_175' title='bbox 2428 1012 2670 1081; x_wconf 90' lang='lat' dir='ltr'><strong>denique</strong></span> <span class='ocrx_word' id='word_1_176' title='bbox 2702 1011 2948 1065; x_wconf 87' lang='lat' dir='ltr'><strong>liberans</strong></span> <span class='ocrx_word' id='word_1_177' title='bbox 2967 1009 3327 1080; x_wconf 77' lang='lat' dir='ltr'><strong>cogitationes</strong></span> <span class='ocrx_word' id='word_1_178' title='bbox 3349 1017 3406 1064; x_wconf 92' lang='lat' dir='ltr'><strong>et</strong></span> <span class='ocrx_word' id='word_1_179' title='bbox 3426 1009 3668 1064; x_wconf 88' lang='lat' dir='ltr'><strong>animam</strong></span> 
     </span>
    </p>
   </div>
   <div class='ocr_carea' id='block_1_26' title="bbox 2085 1100 3670 1170">
    <p class='ocr_par' dir='ltr' id='par_1_26' title="bbox 2085 1100 3670 1170">
     <span class='ocr_line' id='line_1_26' title="bbox 2085 1100 3670 1170; baseline 0.001 -16"><span class='ocrx_word' id='word_1_180' title='bbox 2085 1101 2156 1154; x_wconf 91' lang='lat' dir='ltr'><strong>ab</strong></span> <span class='ocrx_word' id='word_1_181' title='bbox 2191 1100 2460 1170; x_wconf 86' lang='lat' dir='ltr'><strong>ejusmodi</strong></span> <span class='ocrx_word' id='word_1_182' title='bbox 2493 1101 2812 1170; x_wconf 66' lang='lat' dir='ltr'><strong>captivitate</strong></span> <span class='ocrx_word' id='word_1_183' title='bbox 2846 1107 2902 1154; x_wconf 90' lang='lat' dir='ltr'><strong>et</strong></span> <span class='ocrx_word' id='word_1_184' title='bbox 2929 1101 3218 1164; x_wconf 84' lang='lat' dir='ltr'><strong>servitute,</strong></span> <span class='ocrx_word' id='word_1_185' title='bbox 3243 1107 3298 1153; x_wconf 90' lang='lat' dir='ltr'><strong>et</strong></span> <span class='ocrx_word' id='word_1_186' title='bbox 3328 1115 3423 1154; x_wconf 90' lang='lat' dir='ltr'><strong>eos</strong></span> <span class='ocrx_word' id='word_1_187' title='bbox 3449 1101 3670 1155; x_wconf 83' lang='lat' dir='ltr'><strong>tradens</strong></span> 
     </span>
    </p>
   </div>
   <div class='ocr_carea' id='block_1_27' title="bbox 2086 1190 3667 1261">
    <p class='ocr_par' dir='ltr' id='par_1_27' title="bbox 2086 1190 3667 1261">
     <span class='ocr_line' id='line_1_27' title="bbox 2086 1190 3667 1261; baseline 0.002 -18"><span class='ocrx_word' id='word_1_188' title='bbox 2086 1190 2281 1258; x_wconf 86' lang='lat' dir='ltr'><strong>quieti.</strong></span> <span class='ocrx_word' id='word_1_189' title='bbox 2311 1191 2412 1245; x_wconf 85' lang='lat' dir='ltr'><strong>Hie</strong></span> <span class='ocrx_word' id='word_1_190' title='bbox 2440 1207 2573 1260; x_wconf 87' lang='lat' dir='ltr'><strong>ergo</strong></span> <span class='ocrx_word' id='word_1_191' title='bbox 2607 1207 2734 1245; x_wconf 92' lang='lat' dir='ltr'><strong>cum</strong></span> <span class='ocrx_word' id='word_1_192' title='bbox 2764 1191 3024 1245; x_wconf 81' lang='lat' dir='ltr'><strong>exivisset</strong></span> <span class='ocrx_word' id='word_1_193' title='bbox 3053 1205 3084 1244; x_wconf 89' lang='lat' dir='ltr'><strong>a</strong></span> <span class='ocrx_word' id='word_1_194' title='bbox 3113 1206 3237 1261; x_wconf 89' lang='lat' dir='ltr'><strong>rege</strong></span> <span class='ocrx_word' id='word_1_195' title='bbox 3260 1191 3444 1255; x_wconf 86' lang='lat' dir='ltr'><strong>Dario,</strong></span> <span class='ocrx_word' id='word_1_196' title='bbox 3473 1206 3503 1244; x_wconf 89' lang='lat' dir='ltr'><strong>a</strong></span> <span class='ocrx_word' id='word_1_197' title='bbox 3527 1192 3667 1261; x_wconf 90' lang='lat' dir='ltr'><strong>lege,</strong></span> 
     </span>
    </p>
   </div>
   <div class='ocr_carea' id='block_1_28' title="bbox 2087 1281 3666 1352">
    <p class='ocr_par' dir='ltr' id='par_1_28' title="bbox 2087 1281 3666 1352">
     <span class='ocr_line' id='line_1_28' title="bbox 2087 1281 3666 1352; baseline 0.003 -18"><span class='ocrx_word' id='word_1_198' title='bbox 2087 1281 2310 1350; x_wconf 87' lang='lat' dir='ltr'><strong>inquam</strong></span> <span class='ocrx_word' id='word_1_199' title='bbox 2333 1325 2346 1348; x_wconf 95' lang='lat'><strong>,</strong></span> <span class='ocrx_word' id='word_1_200' title='bbox 2384 1285 2655 1348; x_wconf 84' lang='lat' dir='ltr'><strong>naturali,</strong></span> <span class='ocrx_word' id='word_1_201' title='bbox 2692 1284 2981 1338; x_wconf 83' lang='lat' dir='ltr'><strong>victoriam</strong></span> <span class='ocrx_word' id='word_1_202' title='bbox 3029 1284 3099 1338; x_wconf 92' lang='lat' dir='ltr'><strong>ab</strong></span> <span class='ocrx_word' id='word_1_203' title='bbox 3147 1284 3262 1352; x_wconf 90' lang='lat' dir='ltr'><strong>ipsa</strong></span> <span class='ocrx_word' id='word_1_204' title='bbox 3303 1291 3666 1349; x_wconf 88' lang='lat' dir='ltr'><strong>consecutus,</strong></span> 
     </span>
    </p>
   </div>
   <div class='ocr_carea' id='block_1_29' title="bbox 2091 1373 3667 1439">
    <p class='ocr_par' dir='ltr' id='par_1_29' title="bbox 2091 1373 3667 1439">
     <span class='ocr_line' id='line_1_29' title="bbox 2091 1373 3667 1439; baseline 0.001 -13"><span class='ocrx_word' id='word_1_205' title='bbox 2091 1373 2232 1427; x_wconf 89' lang='lat' dir='ltr'><strong>tollit</strong></span> <span class='ocrx_word' id='word_1_206' title='bbox 2251 1374 2464 1428; x_wconf 84' lang='lat' dir='ltr'><strong>vultum</strong></span> <span class='ocrx_word' id='word_1_207' title='bbox 2493 1378 2550 1428; x_wconf 90' lang='lat' dir='ltr'><strong>in</strong></span> <span class='ocrx_word' id='word_1_208' title='bbox 2573 1375 2796 1438; x_wconf 87' lang='lat' dir='ltr'><strong>coelum,</strong></span> <span class='ocrx_word' id='word_1_209' title='bbox 2823 1375 2930 1428; x_wconf 90' lang='lat' dir='ltr'><strong>hoc</strong></span> <span class='ocrx_word' id='word_1_210' title='bbox 2949 1383 3052 1438; x_wconf 88' lang='lat' dir='ltr'><strong>est,</strong></span> <span class='ocrx_word' id='word_1_211' title='bbox 3080 1373 3275 1428; x_wconf 69' lang='lat' dir='ltr'><strong>anima:</strong></span> <span class='ocrx_word' id='word_1_212' title='bbox 3298 1373 3667 1439; x_wconf 80' lang='lat' dir='ltr'><strong>affectionem,</strong></span> 
     </span>
    </p>
   </div>
   <div class='ocr_carea' id='block_1_30' title="bbox 2087 1464 3671 1534">
    <p class='ocr_par' dir='ltr' id='par_1_30' title="bbox 2087 1464 3671 1534">
     <span class='ocr_line' id='line_1_30' title="bbox 2087 1464 3671 1534; baseline 0 -16"><span class='ocrx_word' id='word_1_213' title='bbox 2087 1465 2148 1518; x_wconf 88' lang='lat' dir='ltr'><strong>in</strong></span> <span class='ocrx_word' id='word_1_214' title='bbox 2180 1481 2287 1534; x_wconf 90' lang='lat' dir='ltr'><strong>qua</strong></span> <span class='ocrx_word' id='word_1_215' title='bbox 2321 1473 2448 1520; x_wconf 90' lang='lat' dir='ltr'><strong>sunt</strong></span> <span class='ocrx_word' id='word_1_216' title='bbox 2483 1466 2829 1520; x_wconf 86' lang='lat' dir='ltr'><strong>characteres</strong></span> <span class='ocrx_word' id='word_1_217' title='bbox 2879 1465 3172 1530; x_wconf 89' lang='lat' dir='ltr'><strong>bonorum,</strong></span> <span class='ocrx_word' id='word_1_218' title='bbox 3213 1465 3270 1518; x_wconf 89' lang='lat' dir='ltr'><strong>in</strong></span> <span class='ocrx_word' id='word_1_219' title='bbox 3322 1464 3671 1519; x_wconf 86' lang='lat' dir='ltr'><strong>altitudinem</strong></span> 
     </span>
    </p>
   </div>
   <div class='ocr_carea' id='block_1_31' title="bbox 2087 1557 3674 1628">
    <p class='ocr_par' dir='ltr' id='par_1_31' title="bbox 2087 1557 3674 1628">
     <span class='ocr_line' id='line_1_31' title="bbox 2087 1557 3674 1628; baseline 0 -17"><span class='ocrx_word' id='word_1_220' title='bbox 2087 1557 2437 1627; x_wconf 86' lang='lat' dir='ltr'><strong>cognitionis,</strong></span> <span class='ocrx_word' id='word_1_221' title='bbox 2471 1573 2656 1612; x_wconf 92' lang='lat' dir='ltr'><strong>coram</strong></span> <span class='ocrx_word' id='word_1_222' title='bbox 2692 1557 3118 1627; x_wconf 87' lang='lat' dir='ltr'><strong>impatibilitate.</strong></span> <span class='ocrx_word' id='word_1_223' title='bbox 3155 1558 3291 1612; x_wconf 88' lang='lat' dir='ltr'><strong>Nam</strong></span> <span class='ocrx_word' id='word_1_224' title='bbox 3323 1573 3424 1628; x_wconf 88' lang='lat' dir='ltr'><strong>per</strong></span> <span class='ocrx_word' id='word_1_225' title='bbox 3456 1558 3674 1627; x_wconf 86' lang='lat' dir='ltr'><strong>impati-</strong></span> 
     </span>
    </p>
   </div>
   <div class='ocr_carea' id='block_1_32' title="bbox 2089 1649 3669 1719">
    <p class='ocr_par' dir='ltr' id='par_1_32' title="bbox 2089 1649 3669 1719">
     <span class='ocr_line' id='line_1_32' title="bbox 2089 1649 3669 1719; baseline 0.001 -17"><span class='ocrx_word' id='word_1_226' title='bbox 2089 1649 2360 1703; x_wconf 88' lang='lat' dir='ltr'><strong>bilitatem</strong></span> <span class='ocrx_word' id='word_1_227' title='bbox 2414 1650 2733 1703; x_wconf 80' lang='lat' dir='ltr'><strong>extenditur</strong></span> <span class='ocrx_word' id='word_1_228' title='bbox 2786 1651 2842 1703; x_wconf 92' lang='lat' dir='ltr'><strong>in</strong></span> <span class='ocrx_word' id='word_1_229' title='bbox 2900 1649 3249 1704; x_wconf 88' lang='lat' dir='ltr'><strong>altitudinem</strong></span> <span class='ocrx_word' id='word_1_230' title='bbox 3307 1649 3669 1719; x_wconf 81' lang='lat' dir='ltr'><strong>cognitionis,</strong></span> 
     </span>
    </p>
   </div>
   <div class='ocr_carea' id='block_1_33' title="bbox 2089 1740 3671 1811">
    <p class='ocr_par' dir='ltr' id='par_1_33' title="bbox 2089 1740 3671 1811">
     <span class='ocr_line' id='line_1_33' title="bbox 2089 1740 3671 1811; baseline 0.001 -17"><span class='ocrx_word' id='word_1_231' title='bbox 2089 1756 2340 1811; x_wconf 79' lang='lat' dir='ltr'><strong>quaerens</strong></span> <span class='ocrx_word' id='word_1_232' title='bbox 2378 1740 2629 1796; x_wconf 85' lang='lat' dir='ltr'><strong>datorem</strong></span> <span class='ocrx_word' id='word_1_233' title='bbox 2673 1742 2938 1795; x_wconf 67' lang='lat' dir='ltr'><strong>victoriae.</strong></span> <span class='ocrx_word' id='word_1_234' title='bbox 2981 1742 3282 1796; x_wconf 85' lang='lat' dir='ltr'><strong>Jerusalem</strong></span> <span class='ocrx_word' id='word_1_235' title='bbox 3314 1743 3461 1796; x_wconf 91' lang='lat' dir='ltr'><strong>enim</strong></span> <span class='ocrx_word' id='word_1_236' title='bbox 3497 1742 3671 1796; x_wconf 86' lang='lat' dir='ltr'><strong>inter-</strong></span> 
     </span>
    </p>
   </div>
   <div class='ocr_carea' id='block_1_34' title="bbox 396 1824 1992 1906">
    <p class='ocr_par' dir='ltr' id='par_1_34' title="bbox 396 1830 1988 1906">
     <span class='ocr_line' id='line_1_34' title="bbox 396 1830 1988 1906; baseline -0.001 -17"><span class='ocrx_word' id='word_1_237' title='bbox 396 1834 594 1904; x_wconf 76' lang='grc' dir='ltr'>ρήνης</span> <span class='ocrx_word' id='word_1_238' title='bbox 646 1833 961 1906; x_wconf 79' lang='grc' dir='ltr'>ἑρμηνεύει.</span> <span class='ocrx_word' id='word_1_239' title='bbox 1008 1835 1186 1906; x_wconf 84' lang='grc' dir='ltr'>Νίκην</span> <span class='ocrx_word' id='word_1_240' title='bbox 1237 1835 1337 1905; x_wconf 82' lang='grc' dir='ltr'>μὲν</span> <span class='ocrx_word' id='word_1_241' title='bbox 1380 1830 1474 1889; x_wconf 84' lang='grc' dir='ltr'><strong>οὖν</strong></span> <span class='ocrx_word' id='word_1_242' title='bbox 1529 1833 1680 1903; x_wconf 81' lang='grc' dir='ltr'>λέγει</span> <span class='ocrx_word' id='word_1_243' title='bbox 1731 1834 1794 1887; x_wconf 84' lang='grc' dir='ltr'><strong>τὸ</strong></span> <span class='ocrx_word' id='word_1_244' title='bbox 1845 1833 1988 1888; x_wconf 91' lang='grc' dir='ltr'><strong>κατά</strong></span> 
     </span>
    </p>
   </div>
   <div class='ocr_carea' id='block_1_35' title="bbox 2095 1824 3676 1906">
    <p class='ocr_par' dir='ltr' id='par_1_35' title="bbox 2095 1833 3676 1904">
     <span class='ocr_line' id='line_1_35' title="bbox 2095 1833 3676 1904; baseline 0.001 -17"><span class='ocrx_word' id='word_1_245' title='bbox 2095 1842 2340 1904; x_wconf 87' lang='lat' dir='ltr'><strong>pretatur</strong></span> <span class='ocrx_word' id='word_1_246' title='bbox 2375 1834 2504 1885; x_wconf 71' lang='lat' dir='ltr'><strong>visio</strong></span> <span class='ocrx_word' id='word_1_247' title='bbox 2539 1833 2701 1902; x_wconf 81' lang='lat' dir='ltr'><strong>pacis.</strong></span> <span class='ocrx_word' id='word_1_248' title='bbox 2732 1833 2910 1902; x_wconf 88' lang='lat' dir='ltr'><strong>Atque</strong></span> <span class='ocrx_word' id='word_1_249' title='bbox 2933 1833 3222 1888; x_wconf 89' lang='lat' dir='ltr'><strong>victoriam</strong></span> <span class='ocrx_word' id='word_1_250' title='bbox 3245 1833 3469 1903; x_wconf 89' lang='lat' dir='ltr'><strong>quidem</strong></span> <span class='ocrx_word' id='word_1_251' title='bbox 3513 1841 3676 1888; x_wconf 83' lang='lat' dir='ltr'><strong>vocat</strong></span> 
     </span>
    </p>
   </div>
   <div class='ocr_carea' id='block_1_36' title="bbox 399 1927 1988 1999">
    <p class='ocr_par' dir='ltr' id='par_1_36' title="bbox 399 1927 1988 1999">
     <span class='ocr_line' id='line_1_36' title="bbox 399 1927 1988 1999; baseline -0.001 -18"><span class='ocrx_word' id='word_1_252' title='bbox 399 1927 511 1982; x_wconf 89' lang='grc' dir='ltr'><strong>τῶν</strong></span> <span class='ocrx_word' id='word_1_253' title='bbox 556 1927 746 1982; x_wconf 88' lang='grc' dir='ltr'>παθῶν</span> <span class='ocrx_word' id='word_1_254' title='bbox 796 1929 998 1998; x_wconf 82' lang='grc' dir='ltr'>κράτος</span> <span class='ocrx_word' id='word_1_255' title='bbox 1039 1928 1140 1999; x_wconf 88' lang='grc' dir='ltr'><strong>τῆς</strong></span> <span class='ocrx_word' id='word_1_256' title='bbox 1172 1927 1516 1998; x_wconf 83' lang='grc' dir='ltr'>πρακτικῆς·</span> <span class='ocrx_word' id='word_1_257' title='bbox 1549 1928 1742 1998; x_wconf 84' lang='grc' dir='ltr'>σοφίαν</span> <span class='ocrx_word' id='word_1_258' title='bbox 1785 1927 1862 1992; x_wconf 89' lang='grc' dir='ltr'><strong>δέ,</strong></span> <span class='ocrx_word' id='word_1_259' title='bbox 1888 1929 1988 1998; x_wconf 78' lang='grc' dir='ltr'>τὴν</span> 
     </span>
    </p>
   </div>
   <div class='ocr_carea' id='block_1_37' title="bbox 400 2017 1988 2092">
    <p class='ocr_par' dir='ltr' id='par_1_37' title="bbox 400 2017 1988 2092">
     <span class='ocr_line' id='line_1_37' title="bbox 400 2017 1988 2092; baseline 0 -21"><span class='ocrx_word' id='word_1_260' title='bbox 400 2017 491 2071; x_wconf 85' lang='grc' dir='ltr'>διὰ</span> <span class='ocrx_word' id='word_1_261' title='bbox 523 2018 623 2090; x_wconf 91' lang='grc' dir='ltr'><strong>τῆς</strong></span> <span class='ocrx_word' id='word_1_262' title='bbox 661 2019 1006 2092; x_wconf 84' lang='grc' dir='ltr'>θεωρητικῆς</span> <span class='ocrx_word' id='word_1_263' title='bbox 1059 2019 1265 2089; x_wconf 88' lang='grc' dir='ltr'>γνῶσιν</span> <span class='ocrx_word' id='word_1_264' title='bbox 1297 2023 1398 2091; x_wconf 82' lang='grc' dir='ltr'>τῇς</span> <span class='ocrx_word' id='word_1_265' title='bbox 1427 2020 1706 2092; x_wconf 83' lang='grc' dir='ltr'>ἀληθείας.</span> <span class='ocrx_word' id='word_1_266' title='bbox 1734 2020 1904 2083; x_wconf 81' lang='grc' dir='ltr'>Δόξαν</span> <span class='ocrx_word' id='word_1_267' title='bbox 1930 2019 1988 2071; x_wconf 78' lang='grc' dir='ltr'>δὲ</span> 
     </span>
    </p>
   </div>
   <div class='ocr_carea' id='block_1_38' title="bbox 400 2109 1985 2183">
    <p class='ocr_par' dir='ltr' id='par_1_38' title="bbox 400 2109 1985 2183">
     <span class='ocr_line' id='line_1_38' title="bbox 400 2109 1985 2183; baseline 0.002 -21"><span class='ocrx_word' id='word_1_268' title='bbox 400 2109 500 2181; x_wconf 81' lang='grc' dir='ltr'>τὴν</span> <span class='ocrx_word' id='word_1_269' title='bbox 544 2109 605 2174; x_wconf 79' lang='grc' dir='ltr'>ἐξ</span> <span class='ocrx_word' id='word_1_270' title='bbox 665 2111 996 2183; x_wconf 82' lang='grc' dir='ltr'>ἀμφοτέρων</span> <span class='ocrx_word' id='word_1_271' title='bbox 1075 2111 1388 2182; x_wconf 85' lang='grc' dir='ltr'>ὡραιότητα</span> <span class='ocrx_word' id='word_1_272' title='bbox 1447 2114 1543 2166; x_wconf 77' lang='grc' dir='ltr'><strong>καὶ</strong></span> <span class='ocrx_word' id='word_1_273' title='bbox 1606 2111 1985 2182; x_wconf 86' lang='grc' dir='ltr'>λαμπρότητα.</span> 
     </span>
    </p>
   </div>
   <div class='ocr_carea' id='block_1_39' title="bbox 413 2197 1990 2276">
    <p class='ocr_par' dir='ltr' id='par_1_39' title="bbox 413 2197 1990 2276">
     <span class='ocr_line' id='line_1_39' title="bbox 413 2197 1990 2276; baseline 0 -22"><span class='ocrx_word' id='word_1_274' title='bbox 413 2199 734 2272; x_wconf 85' lang='grc' dir='ltr'>Ἐνούμεναι</span> <span class='ocrx_word' id='word_1_275' title='bbox 774 2202 884 2273; x_wconf 87' lang='grc' dir='ltr'>γὰρ</span> <span class='ocrx_word' id='word_1_276' title='bbox 933 2202 1061 2274; x_wconf 87' lang='grc' dir='ltr'>μίαν</span> <span class='ocrx_word' id='word_1_277' title='bbox 1103 2205 1577 2276; x_wconf 81' lang='grc' dir='ltr'>ἀναστράπτουσιν</span> <span class='ocrx_word' id='word_1_278' title='bbox 1607 2203 1824 2275; x_wconf 81' lang='grc' dir='ltr'>αἴγλην.</span> <span class='ocrx_word' id='word_1_279' title='bbox 1853 2197 1990 2256; x_wconf 83' lang='grc' dir='ltr'>Εἶτα</span> 
     </span>
    </p>
   </div>
   <div class='ocr_carea' id='block_1_40' title="bbox 403 2294 1988 2367">
    <p class='ocr_par' dir='ltr' id='par_1_40' title="bbox 403 2294 1988 2367">
     <span class='ocr_line' id='line_1_40' title="bbox 403 2294 1988 2367; baseline 0 -19"><span class='ocrx_word' id='word_1_280' title='bbox 403 2296 819 2366; x_wconf 85' lang='grc' dir='ltr'>προστήρησον·</span> <span class='ocrx_word' id='word_1_281' title='bbox 856 2296 940 2349; x_wconf 82' lang='grc' dir='ltr'><strong>ὅτι</strong></span> <span class='ocrx_word' id='word_1_282' title='bbox 967 2295 1079 2350; x_wconf 76' lang='grc' dir='ltr'>Καὶ</span> <span class='ocrx_word' id='word_1_283' title='bbox 1105 2295 1218 2366; x_wconf 88' lang='grc' dir='ltr'><strong>ἐγὼ</strong></span> <span class='ocrx_word' id='word_1_284' title='bbox 1244 2296 1334 2360; x_wconf 83' lang='grc' dir='ltr'><strong>σὸς</strong></span> <span class='ocrx_word' id='word_1_285' title='bbox 1367 2296 1605 2367; x_wconf 77' lang='grc' dir='ltr'>οἰκέτης.</span> <span class='ocrx_word' id='word_1_286' title='bbox 1639 2297 1738 2350; x_wconf 88' lang='grc' dir='ltr'>Διά</span> <span class='ocrx_word' id='word_1_287' title='bbox 1753 2295 1864 2367; x_wconf 83' lang='grc' dir='ltr'>γὰρ</span> <span class='ocrx_word' id='word_1_288' title='bbox 1894 2294 1988 2348; x_wconf 81' lang='grc' dir='ltr'>τοῦ</span> 
     </span>
    </p>
   </div>
   <div class='ocr_carea' id='block_1_41' title="bbox 401 2388 1988 2462">
    <p class='ocr_par' dir='ltr' id='par_1_41' title="bbox 401 2388 1988 2462">
     <span class='ocr_line' id='line_1_41' title="bbox 401 2388 1988 2462; baseline 0 -19"><span class='ocrx_word' id='word_1_289' title='bbox 401 2388 648 2443; x_wconf 84' lang='grc' dir='ltr'>τοιούτου</span> <span class='ocrx_word' id='word_1_290' title='bbox 696 2389 836 2456; x_wconf 83' lang='grc' dir='ltr'>νοὸς,</span> <span class='ocrx_word' id='word_1_291' title='bbox 885 2389 962 2454; x_wconf 84' lang='grc' dir='ltr'>ὡς</span> <span class='ocrx_word' id='word_1_292' title='bbox 1005 2389 1071 2444; x_wconf 86' lang='grc' dir='ltr'>δι’</span> <span class='ocrx_word' id='word_1_293' title='bbox 1116 2390 1519 2461; x_wconf 85' lang='grc' dir='ltr'>ὑπηρετοῦντος</span> <span class='ocrx_word' id='word_1_294' title='bbox 1571 2391 1830 2462; x_wconf 88' lang='grc' dir='ltr'>ὀργάνου,</span> <span class='ocrx_word' id='word_1_295' title='bbox 1891 2390 1988 2462; x_wconf 83' lang='grc' dir='ltr'>τὴν</span> 
     </span>
    </p>
   </div>
   <div class='ocr_carea' id='block_1_42' title="bbox 401 2481 1987 2555">
    <p class='ocr_par' dir='ltr' id='par_1_42' title="bbox 401 2481 1987 2555">
     <span class='ocr_line' id='line_1_42' title="bbox 401 2481 1987 2555; baseline 0 -19"><span class='ocrx_word' id='word_1_296' title='bbox 401 2482 608 2552; x_wconf 81' lang='grc' dir='ltr'>ἀρετὴν</span> <span class='ocrx_word' id='word_1_297' title='bbox 645 2481 742 2535; x_wconf 78' lang='grc' dir='ltr'><strong>καὶ</strong></span> <span class='ocrx_word' id='word_1_298' title='bbox 792 2481 891 2553; x_wconf 84' lang='grc' dir='ltr'>τὴν</span> <span class='ocrx_word' id='word_1_299' title='bbox 929 2481 1133 2551; x_wconf 88' lang='grc' dir='ltr'>γνῶσιν</span> <span class='ocrx_word' id='word_1_300' title='bbox 1174 2483 1234 2536; x_wconf 85' lang='grc' dir='ltr'>ὲν</span> <span class='ocrx_word' id='word_1_301' title='bbox 1279 2482 1359 2553; x_wconf 82' lang='grc' dir='ltr'><strong>τῷ</strong></span> <span class='ocrx_word' id='word_1_302' title='bbox 1405 2483 1680 2555; x_wconf 83' lang='grc' dir='ltr'>ἀνθρώπῳ</span> <span class='ocrx_word' id='word_1_303' title='bbox 1729 2484 1987 2550; x_wconf 85' lang='grc' dir='ltr'>ἐπιτελεῖ,</span> 
     </span>
    </p>
   </div>
   <div class='ocr_carea' id='block_1_43' title="bbox 406 2575 1991 2648">
    <p class='ocr_par' dir='ltr' id='par_1_43' title="bbox 406 2575 1991 2648">
     <span class='ocr_line' id='line_1_43' title="bbox 406 2575 1991 2648; baseline 0.003 -21"><span class='ocrx_word' id='word_1_304' title='bbox 406 2575 575 2647; x_wconf 85' lang='grc' dir='ltr'>μηδὲν</span> <span class='ocrx_word' id='word_1_305' title='bbox 605 2575 792 2648; x_wconf 74' lang='grc' dir='ltr'>ἕτερον</span> <span class='ocrx_word' id='word_1_306' title='bbox 827 2575 1234 2646; x_wconf 88' lang='grc' dir='ltr'>συνεισφέροντι</span> <span class='ocrx_word' id='word_1_307' title='bbox 1265 2577 1406 2647; x_wconf 85' lang='grc' dir='ltr'>πλὴν</span> <span class='ocrx_word' id='word_1_308' title='bbox 1453 2578 1552 2648; x_wconf 82' lang='grc' dir='ltr'><strong>τῆς</strong></span> <span class='ocrx_word' id='word_1_309' title='bbox 1612 2577 1873 2648; x_wconf 88' lang='grc' dir='ltr'>θελούσης</span> <span class='ocrx_word' id='word_1_310' title='bbox 1921 2578 1991 2631; x_wconf 85' lang='grc' dir='ltr'><strong>τά</strong></span> 
     </span>
    </p>
   </div>
   <div class='ocr_carea' id='block_1_44' title="bbox 404 2669 1992 2742">
    <p class='ocr_par' dir='ltr' id='par_1_44' title="bbox 404 2669 1992 2742">
     <span class='ocr_line' id='line_1_44' title="bbox 404 2669 1992 2742; baseline -0.001 -18"><span class='ocrx_word' id='word_1_311' title='bbox 404 2670 547 2724; x_wconf 86' lang='grc' dir='ltr'><strong>καλά</strong></span> <span class='ocrx_word' id='word_1_312' title='bbox 587 2669 898 2734; x_wconf 87' lang='grc' dir='ltr'>διαθέσεως.</span> <span class='ocrx_word' id='word_1_313' title='bbox 957 2669 1097 2722; x_wconf 85' lang='grc' dir='ltr'>Ἀλλ’</span> <span class='ocrx_word' id='word_1_314' title='bbox 1138 2671 1168 2722; x_wconf 99' lang='lat'><strong>6</strong></span> <span class='ocrx_word' id='word_1_315' title='bbox 1220 2669 1320 2740; x_wconf 89' lang='grc' dir='ltr'>μὲν</span> <span class='ocrx_word' id='word_1_316' title='bbox 1366 2670 1584 2741; x_wconf 88' lang='grc' dir='ltr'>πρῶτος</span> <span class='ocrx_word' id='word_1_317' title='bbox 1616 2672 1894 2735; x_wconf 87' lang='grc' dir='ltr'>νεανίσκος</span> <span class='ocrx_word' id='word_1_318' title='bbox 1911 2670 1992 2742; x_wconf 83' lang='grc' dir='ltr'><strong>τῷ</strong></span> 
     </span>
    </p>
   </div>
   <div class='ocr_carea' id='block_1_45' title="bbox 403 2759 1991 2834">
    <p class='ocr_par' dir='ltr' id='par_1_45' title="bbox 403 2759 1991 2834">
     <span class='ocr_line' id='line_1_45' title="bbox 403 2759 1991 2834; baseline 0.002 -21"><span class='ocrx_word' id='word_1_319' title='bbox 403 2760 532 2832; x_wconf 75' lang='grc' dir='ltr'>οἴνῳ</span> <span class='ocrx_word' id='word_1_320' title='bbox 581 2759 704 2824; x_wconf 85' lang='grc' dir='ltr'>δοὺς</span> <span class='ocrx_word' id='word_1_321' title='bbox 739 2759 801 2813; x_wconf 83' lang='grc' dir='ltr'><strong>τὸ</strong></span> <span class='ocrx_word' id='word_1_322' title='bbox 847 2759 990 2815; x_wconf 89' lang='grc' dir='ltr'><strong>κατά</strong></span> <span class='ocrx_word' id='word_1_323' title='bbox 1029 2760 1248 2816; x_wconf 86' lang='grc' dir='ltr'>πάντων</span> <span class='ocrx_word' id='word_1_324' title='bbox 1295 2763 1517 2833; x_wconf 89' lang='grc' dir='ltr'>κράτος,</span> <span class='ocrx_word' id='word_1_325' title='bbox 1564 2765 1629 2834; x_wconf 82' lang='grc' dir='ltr'>τῇ</span> <span class='ocrx_word' id='word_1_326' title='bbox 1686 2760 1835 2827; x_wconf 81' lang='grc' dir='ltr'>ζέσει</span> <span class='ocrx_word' id='word_1_327' title='bbox 1881 2762 1991 2816; x_wconf 89' lang='grc' dir='ltr'><strong>τῶν</strong></span> 
     </span>
    </p>
   </div>
   <div class='ocr_carea' id='block_1_46' title="bbox 406 2851 1991 2926">
    <p class='ocr_par' dir='ltr' id='par_1_46' title="bbox 406 2851 1991 2926">
     <span class='ocr_line' id='line_1_46' title="bbox 406 2851 1991 2926; baseline 0 -19"><span class='ocrx_word' id='word_1_328' title='bbox 406 2852 690 2926; x_wconf 84' lang='grc' dir='ltr'>σαρκικῶν</span> <span class='ocrx_word' id='word_1_329' title='bbox 717 2853 920 2924; x_wconf 82' lang='grc' dir='ltr'>ἡδονῶν</span> <span class='ocrx_word' id='word_1_330' title='bbox 963 2852 1063 2925; x_wconf 85' lang='grc' dir='ltr'>τὴν</span> <span class='ocrx_word' id='word_1_331' title='bbox 1105 2851 1261 2924; x_wconf 86' lang='grc' dir='ltr'>νίκην</span> <span class='ocrx_word' id='word_1_332' title='bbox 1291 2855 1735 2926; x_wconf 87' lang='grc' dir='ltr'>κατεχωρήσατο.</span> <span class='ocrx_word' id='word_1_333' title='bbox 1780 2854 1840 2907; x_wconf 90' lang='lat'><strong>&#39;0</strong></span> <span class='ocrx_word' id='word_1_334' title='bbox 1867 2854 1991 2907; x_wconf 88' lang='grc' dir='ltr'>δεύ-</span> 
     </span>
    </p>
   </div>
   <div class='ocr_carea' id='block_1_47' title="bbox 401 2943 1991 3019">
    <p class='ocr_par' dir='ltr' id='par_1_47' title="bbox 401 2943 1991 3019">
     <span class='ocr_line' id='line_1_47' title="bbox 401 2943 1991 3019; baseline -0.001 -18"><span class='ocrx_word' id='word_1_335' title='bbox 401 2963 563 3018; x_wconf 87' lang='grc' dir='ltr'>τερος</span> <span class='ocrx_word' id='word_1_336' title='bbox 593 2946 651 3000; x_wconf 87' lang='grc' dir='ltr'>δὲ</span> <span class='ocrx_word' id='word_1_337' title='bbox 679 2945 758 3017; x_wconf 86' lang='grc' dir='ltr'>τῷ</span> <span class='ocrx_word' id='word_1_338' title='bbox 788 2943 999 3017; x_wconf 87' lang='grc' dir='ltr'>βασιλεῖ</span> <span class='ocrx_word' id='word_1_339' title='bbox 1027 2945 1186 2999; x_wconf 84' lang='grc' dir='ltr'>τοῦτο</span> <span class='ocrx_word' id='word_1_340' title='bbox 1215 2945 1361 3013; x_wconf 83' lang='grc' dir='ltr'>δοὺς,</span> <span class='ocrx_word' id='word_1_341' title='bbox 1401 2945 1502 3017; x_wconf 85' lang='grc' dir='ltr'>τὴν</span> <span class='ocrx_word' id='word_1_342' title='bbox 1531 2947 1801 3019; x_wconf 83' lang='grc' dir='ltr'>κοσμικὴν</span> <span class='ocrx_word' id='word_1_343' title='bbox 1833 2946 1991 3011; x_wconf 80' lang='grc' dir='ltr'>δόξαν</span> 
     </span>
    </p>
   </div>
   <div class='ocr_carea' id='block_1_48' title="bbox 403 3037 1993 3112">
    <p class='ocr_par' dir='ltr' id='par_1_48' title="bbox 403 3037 1993 3112">
     <span class='ocr_line' id='line_1_48' title="bbox 403 3037 1993 3112; baseline -0.002 -16"><span class='ocrx_word' id='word_1_344' title='bbox 403 3038 761 3112; x_wconf 80' lang='grc' dir='ltr'>ὑπερισχύειν</span> <span class='ocrx_word' id='word_1_345' title='bbox 787 3037 1028 3111; x_wconf 74' lang='grc' dir='ltr'>ᾐνίξατο.</span> <span class='ocrx_word' id='word_1_346' title='bbox 1083 3039 1141 3091; x_wconf 89' lang='grc' dir='ltr'>Ὁ</span> <span class='ocrx_word' id='word_1_347' title='bbox 1172 3038 1229 3091; x_wconf 86' lang='grc' dir='ltr'><strong>δὲ</strong></span> <span class='ocrx_word' id='word_1_348' title='bbox 1259 3037 1445 3108; x_wconf 88' lang='grc' dir='ltr'>τρίτος</span> <span class='ocrx_word' id='word_1_349' title='bbox 1479 3039 1508 3091; x_wconf 92' lang='lat'><strong>6</strong></span> <span class='ocrx_word' id='word_1_350' title='bbox 1550 3037 1858 3110; x_wconf 91' lang='grc' dir='ltr'>Ζοροϐάϐελ</span> <span class='ocrx_word' id='word_1_351' title='bbox 1904 3039 1993 3093; x_wconf 81' lang='grc' dir='ltr'>διὰ</span> 
     </span>
    </p>
   </div>
   <div class='ocr_carea' id='block_1_49' title="bbox 407 3127 1988 3204">
    <p class='ocr_par' dir='ltr' id='par_1_49' title="bbox 407 3127 1988 3204">
     <span class='ocr_line' id='line_1_49' title="bbox 407 3127 1988 3204; baseline -0.002 -18"><span class='ocrx_word' id='word_1_352' title='bbox 407 3132 511 3204; x_wconf 82' lang='grc' dir='ltr'>μὲν</span> <span class='ocrx_word' id='word_1_353' title='bbox 561 3131 672 3185; x_wconf 85' lang='grc' dir='ltr'><strong>τῶν</strong></span> <span class='ocrx_word' id='word_1_354' title='bbox 723 3128 1000 3200; x_wconf 87' lang='grc' dir='ltr'>γυναικῶν</span> <span class='ocrx_word' id='word_1_355' title='bbox 1046 3128 1274 3198; x_wconf 75' lang='grc' dir='ltr'>ἐνέφηνε</span> <span class='ocrx_word' id='word_1_356' title='bbox 1316 3128 1378 3181; x_wconf 89' lang='grc' dir='ltr'><strong>τὸ</strong></span> <span class='ocrx_word' id='word_1_357' title='bbox 1421 3127 1574 3192; x_wconf 85' lang='grc' dir='ltr'>τέλος</span> <span class='ocrx_word' id='word_1_358' title='bbox 1609 3127 1720 3182; x_wconf 87' lang='grc' dir='ltr'><strong>τῶν</strong></span> <span class='ocrx_word' id='word_1_359' title='bbox 1759 3128 1988 3199; x_wconf 82' lang='grc' dir='ltr'>ἀρετῶν,</span> 
     </span>
    </p>
   </div>
   <div class='ocr_carea' id='block_1_50' title="bbox 404 3221 1988 3296">
    <p class='ocr_par' dir='ltr' id='par_1_50' title="bbox 404 3221 1988 3296">
     <span class='ocr_line' id='line_1_50' title="bbox 404 3221 1988 3296; baseline -0.002 -18"><span class='ocrx_word' id='word_1_360' title='bbox 404 3226 506 3296; x_wconf 78' lang='grc' dir='ltr'><strong>τὴν</strong></span> <span class='ocrx_word' id='word_1_361' title='bbox 536 3225 619 3288; x_wconf 87' lang='grc' dir='ltr'><strong>εἰς</strong></span> <span class='ocrx_word' id='word_1_362' title='bbox 645 3224 739 3278; x_wconf 88' lang='grc' dir='ltr'><strong>τὸν</strong></span> <span class='ocrx_word' id='word_1_363' title='bbox 776 3222 910 3278; x_wconf 81' lang='grc' dir='ltr'>Θεὸν</span> <span class='ocrx_word' id='word_1_364' title='bbox 943 3222 1039 3276; x_wconf 77' lang='grc' dir='ltr'>καὶ</span> <span class='ocrx_word' id='word_1_365' title='bbox 1080 3225 1161 3285; x_wconf 85' lang='grc' dir='ltr'><strong>εἰς</strong></span> <span class='ocrx_word' id='word_1_366' title='bbox 1205 3222 1300 3276; x_wconf 86' lang='grc' dir='ltr'><strong>τὸν</strong></span> <span class='ocrx_word' id='word_1_367' title='bbox 1347 3221 1577 3293; x_wconf 84' lang='grc' dir='ltr'>πλήσιον</span> <span class='ocrx_word' id='word_1_368' title='bbox 1629 3223 1855 3294; x_wconf 84' lang='grc' dir='ltr'>ἀγάπην</span> <span class='ocrx_word' id='word_1_369' title='bbox 1899 3221 1988 3275; x_wconf 75' lang='grc' dir='ltr'>διὰ</span> 
     </span>
    </p>
   </div>
   <div class='ocr_carea' id='block_1_51' title="bbox 404 3313 1992 3388">
    <p class='ocr_par' dir='ltr' id='par_1_51' title="bbox 404 3313 1992 3388">
     <span class='ocr_line' id='line_1_51' title="bbox 404 3313 1992 3388; baseline -0.002 -18"><span class='ocrx_word' id='word_1_370' title='bbox 404 3317 464 3370; x_wconf 83' lang='grc' dir='ltr'>δὲ</span> <span class='ocrx_word' id='word_1_371' title='bbox 493 3318 594 3388; x_wconf 89' lang='grc' dir='ltr'><strong>τῆς</strong></span> <span class='ocrx_word' id='word_1_372' title='bbox 625 3315 904 3387; x_wconf 89' lang='grc' dir='ltr'>ἀληθείας,</span> <span class='ocrx_word' id='word_1_373' title='bbox 955 3315 1016 3368; x_wconf 87' lang='grc' dir='ltr'><strong>τὸ</strong></span> <span class='ocrx_word' id='word_1_374' title='bbox 1059 3314 1213 3379; x_wconf 87' lang='grc' dir='ltr'>τέλος</span> <span class='ocrx_word' id='word_1_375' title='bbox 1266 3313 1374 3368; x_wconf 86' lang='grc' dir='ltr'><strong>τῶν</strong></span> <span class='ocrx_word' id='word_1_376' title='bbox 1404 3314 1682 3384; x_wconf 81' lang='grc' dir='ltr'>γνώσεων.</span> <span class='ocrx_word' id='word_1_377' title='bbox 1713 3316 1834 3386; x_wconf 82' lang='grc' dir='ltr'>ῆτοι</span> <span class='ocrx_word' id='word_1_378' title='bbox 1884 3314 1992 3368; x_wconf 85' lang='grc' dir='ltr'><strong>τῶν</strong></span> 
     </span>
    </p>
   </div>
   <div class='ocr_carea' id='block_1_52' title="bbox 404 3406 1992 3480">
    <p class='ocr_par' dir='ltr' id='par_1_52' title="bbox 404 3406 1992 3480">
     <span class='ocr_line' id='line_1_52' title="bbox 404 3406 1992 3480; baseline -0.002 -18"><span class='ocrx_word' id='word_1_379' title='bbox 404 3408 576 3464; x_wconf 73' lang='grc' dir='ltr'>ὅντων</span> <span class='ocrx_word' id='word_1_380' title='bbox 608 3409 786 3480; x_wconf 89' lang='grc' dir='ltr'>ἀρχήν</span> <span class='ocrx_word' id='word_1_381' title='bbox 806 3425 819 3438; x_wconf 89' lang='grc'><strong>·</strong></span> <span class='ocrx_word' id='word_1_382' title='bbox 848 3407 993 3476; x_wconf 86' lang='grc' dir='ltr'>λέγω</span> <span class='ocrx_word' id='word_1_383' title='bbox 1029 3406 1095 3479; x_wconf 84' lang='grc' dir='ltr'>δὴ</span> <span class='ocrx_word' id='word_1_384' title='bbox 1136 3407 1228 3462; x_wconf 87' lang='grc' dir='ltr'><strong>τὸν</strong></span> <span class='ocrx_word' id='word_1_385' title='bbox 1257 3407 1413 3464; x_wconf 89' lang='grc' dir='ltr'>Θεόν.</span> <span class='ocrx_word' id='word_1_386' title='bbox 1445 3407 1555 3460; x_wconf 74' lang='grc' dir='ltr'><strong>Καὶ</strong></span> <span class='ocrx_word' id='word_1_387' title='bbox 1584 3409 1632 3460; x_wconf 87' lang='grc' dir='ltr'><strong>οἰ</strong></span> <span class='ocrx_word' id='word_1_388' title='bbox 1665 3407 1764 3478; x_wconf 87' lang='grc' dir='ltr'>μὲν</span> <span class='ocrx_word' id='word_1_389' title='bbox 1786 3407 1832 3476; x_wconf 82' lang='grc' dir='ltr'><strong>β’</strong></span> <span class='ocrx_word' id='word_1_390' title='bbox 1865 3423 1992 3460; x_wconf 59' lang='grc' dir='ltr'>νεα,</span> 
     </span>
    </p>
   </div>
   <div class='ocr_carea' id='block_1_53' title="bbox 405 3497 1992 3570">
    <p class='ocr_par' dir='ltr' id='par_1_53' title="bbox 405 3497 1992 3570">
     <span class='ocr_line' id='line_1_53' title="bbox 405 3497 1992 3570; baseline -0.002 -15"><span class='ocrx_word' id='word_1_391' title='bbox 405 3499 584 3555; x_wconf 85' lang='grc' dir='ltr'>νίσκοι</span> <span class='ocrx_word' id='word_1_392' title='bbox 631 3499 726 3553; x_wconf 82' lang='grc' dir='ltr'><strong>τοῦ</strong></span> <span class='ocrx_word' id='word_1_393' title='bbox 758 3499 818 3565; x_wconf 82' lang='grc' dir='ltr'><strong>ἐξ</strong></span> <span class='ocrx_word' id='word_1_394' title='bbox 871 3499 1004 3570; x_wconf 78' lang='grc' dir='ltr'>ὕλης</span> <span class='ocrx_word' id='word_1_395' title='bbox 1052 3500 1148 3553; x_wconf 75' lang='grc' dir='ltr'><strong>καὶ</strong></span> <span class='ocrx_word' id='word_1_396' title='bbox 1195 3499 1372 3564; x_wconf 74' lang='grc' dir='ltr'>εἴδους</span> <span class='ocrx_word' id='word_1_397' title='bbox 1424 3497 1680 3552; x_wconf 86' lang='grc' dir='ltr'>συνθέτου</span> <span class='ocrx_word' id='word_1_398' title='bbox 1739 3497 1992 3569; x_wconf 85' lang='grc' dir='ltr'>σώματος</span> 
     </span>
    </p>
   </div>
   <div class='ocr_carea' id='block_1_54' title="bbox 409 3591 1994 3665">
    <p class='ocr_par' dir='ltr' id='par_1_54' title="bbox 409 3591 1994 3665">
     <span class='ocr_line' id='line_1_54' title="bbox 409 3591 1994 3665; baseline -0.002 -18"><span class='ocrx_word' id='word_1_399' title='bbox 409 3594 598 3648; x_wconf 85' lang='grc' dir='ltr'>εἰκόνα</span> <span class='ocrx_word' id='word_1_400' title='bbox 647 3593 938 3664; x_wconf 84' lang='grc' dir='ltr'>φέρουσιν·</span> <span class='ocrx_word' id='word_1_401' title='bbox 971 3593 1069 3648; x_wconf 73' lang='grc' dir='ltr'><strong>καὶ</strong></span> <span class='ocrx_word' id='word_1_402' title='bbox 1097 3594 1125 3646; x_wconf 89' lang='lat'><strong>6</strong></span> <span class='ocrx_word' id='word_1_403' title='bbox 1162 3595 1262 3664; x_wconf 84' lang='grc' dir='ltr'>μὲν</span> <span class='ocrx_word' id='word_1_404' title='bbox 1302 3595 1370 3665; x_wconf 76' lang='grc' dir='ltr'>τῇ</span> <span class='ocrx_word' id='word_1_405' title='bbox 1415 3591 1702 3664; x_wconf 82' lang='grc' dir='ltr'>ἐπιθυμίᾳ,</span> <span class='ocrx_word' id='word_1_406' title='bbox 1733 3594 1760 3646; x_wconf 90' lang='grc' dir='ltr'>ὁ</span> <span class='ocrx_word' id='word_1_407' title='bbox 1807 3593 1864 3646; x_wconf 79' lang='grc' dir='ltr'>δὲ</span> <span class='ocrx_word' id='word_1_408' title='bbox 1914 3591 1994 3664; x_wconf 82' lang='grc' dir='ltr'>τῷ</span> 
     </span>
    </p>
   </div>
   <div class='ocr_carea' id='block_1_55' title="bbox 410 3684 1992 3758">
    <p class='ocr_par' dir='ltr' id='par_1_55' title="bbox 410 3684 1992 3758">
     <span class='ocr_line' id='line_1_55' title="bbox 410 3684 1992 3758; baseline -0.002 -19"><span class='ocrx_word' id='word_1_409' title='bbox 410 3685 568 3758; x_wconf 86' lang='grc' dir='ltr'>θυμῷ</span> <span class='ocrx_word' id='word_1_410' title='bbox 599 3686 898 3756; x_wconf 85' lang='grc' dir='ltr'>προσνέμει</span> <span class='ocrx_word' id='word_1_411' title='bbox 923 3685 984 3738; x_wconf 83' lang='grc' dir='ltr'><strong>τὸ</strong></span> <span class='ocrx_word' id='word_1_412' title='bbox 1012 3685 1200 3755; x_wconf 86' lang='grc' dir='ltr'>κύρος.</span> <span class='ocrx_word' id='word_1_413' title='bbox 1240 3685 1296 3738; x_wconf 87' lang='grc' dir='ltr'>Ὀ</span> <span class='ocrx_word' id='word_1_414' title='bbox 1350 3684 1450 3754; x_wconf 85' lang='grc' dir='ltr'><strong>μὲν</strong></span> <span class='ocrx_word' id='word_1_415' title='bbox 1496 3685 1606 3754; x_wconf 86' lang='grc' dir='ltr'>γὰρ</span> <span class='ocrx_word' id='word_1_416' title='bbox 1650 3684 1773 3748; x_wconf 81' lang='grc' dir='ltr'>νοῦς</span> <span class='ocrx_word' id='word_1_417' title='bbox 1801 3684 1992 3737; x_wconf 89' lang='grc' dir='ltr'>ἐπιθυ-</span> 
     </span>
    </p>
   </div>
   <div class='ocr_carea' id='block_1_56' title="bbox 411 3774 1993 3851">
    <p class='ocr_par' dir='ltr' id='par_1_56' title="bbox 411 3774 1993 3851">
     <span class='ocr_line' id='line_1_56' title="bbox 411 3774 1993 3851; baseline -0.001 -19"><span class='ocrx_word' id='word_1_418' title='bbox 411 3780 542 3851; x_wconf 88' lang='grc' dir='ltr'>μίας</span> <span class='ocrx_word' id='word_1_419' title='bbox 596 3779 886 3851; x_wconf 90' lang='grc' dir='ltr'>σύμϐολον,</span> <span class='ocrx_word' id='word_1_420' title='bbox 943 3781 972 3832; x_wconf 91' lang='lat'><strong>6</strong></span> <span class='ocrx_word' id='word_1_421' title='bbox 1001 3779 1058 3833; x_wconf 83' lang='grc' dir='ltr'><strong>δέ</strong></span> <span class='ocrx_word' id='word_1_422' title='bbox 1116 3777 1370 3849; x_wconf 79' lang='grc' dir='ltr'>βασιλεὺς</span> <span class='ocrx_word' id='word_1_423' title='bbox 1412 3777 1625 3849; x_wconf 86' lang='grc' dir='ltr'>θυμοῦ·</span> <span class='ocrx_word' id='word_1_424' title='bbox 1669 3774 1993 3848; x_wconf 83' lang='grc' dir='ltr'>τυραννικὸν</span> 
     </span>
    </p>
   </div>
   <div class='ocr_carea' id='block_1_57' title="bbox 407 3868 1996 3942">
    <p class='ocr_par' dir='ltr' id='par_1_57' title="bbox 407 3868 1996 3942">
     <span class='ocr_line' id='line_1_57' title="bbox 407 3868 1996 3942; baseline 0.001 -20"><span class='ocrx_word' id='word_1_425' title='bbox 407 3871 518 3941; x_wconf 84' lang='grc' dir='ltr'>γὰρ</span> <span class='ocrx_word' id='word_1_426' title='bbox 544 3870 574 3923; x_wconf 87' lang='grc' dir='ltr'>ὁ</span> <span class='ocrx_word' id='word_1_427' title='bbox 604 3869 796 3942; x_wconf 87' lang='grc' dir='ltr'>θυμός.</span> <span class='ocrx_word' id='word_1_428' title='bbox 835 3871 896 3923; x_wconf 80' lang='grc'><strong>’0</strong></span> <span class='ocrx_word' id='word_1_429' title='bbox 921 3870 979 3924; x_wconf 85' lang='grc' dir='ltr'><strong>δέ</strong></span> <span class='ocrx_word' id='word_1_430' title='bbox 1024 3887 1088 3939; x_wconf 90' lang='grc' dir='ltr'><strong>γε</strong></span> <span class='ocrx_word' id='word_1_431' title='bbox 1141 3868 1447 3941; x_wconf 87' lang='grc' dir='ltr'>Ζοροϐάϐελ</span> <span class='ocrx_word' id='word_1_432' title='bbox 1474 3869 1642 3924; x_wconf 88' lang='grc' dir='ltr'>τύπον</span> <span class='ocrx_word' id='word_1_433' title='bbox 1672 3869 1860 3941; x_wconf 78' lang='grc' dir='ltr'>ἐπέχει</span> <span class='ocrx_word' id='word_1_434' title='bbox 1891 3871 1996 3941; x_wconf 89' lang='grc' dir='ltr'><strong>τῆς</strong></span> 
     </span>
    </p>
   </div>
   <div class='ocr_carea' id='block_1_58' title="bbox 409 3960 1996 4033">
    <p class='ocr_par' dir='ltr' id='par_1_58' title="bbox 409 3960 1996 4033">
     <span class='ocr_line' id='line_1_58' title="bbox 409 3960 1996 4033; baseline -0.003 -15"><span class='ocrx_word' id='word_1_435' title='bbox 409 3964 589 4033; x_wconf 83' lang='grc' dir='ltr'>ἁπλῆς</span> <span class='ocrx_word' id='word_1_436' title='bbox 650 3964 745 4017; x_wconf 77' lang='grc' dir='ltr'><strong>καὶ</strong></span> <span class='ocrx_word' id='word_1_437' title='bbox 795 3961 1090 4016; x_wconf 90' lang='grc' dir='ltr'>ἀσυνθέτου</span> <span class='ocrx_word' id='word_1_438' title='bbox 1128 3961 1250 4015; x_wconf 83' lang='grc' dir='ltr'>κατ’</span> <span class='ocrx_word' id='word_1_439' title='bbox 1283 3961 1473 4018; x_wconf 85' lang='grc' dir='ltr'>οὐσίαν</span> <span class='ocrx_word' id='word_1_440' title='bbox 1523 3960 1734 4033; x_wconf 81' lang='grc' dir='ltr'>ψυχῆς·</span> <span class='ocrx_word' id='word_1_441' title='bbox 1764 3961 1844 4015; x_wconf 86' lang='grc' dir='ltr'><strong>διὸ</strong></span> <span class='ocrx_word' id='word_1_442' title='bbox 1901 3962 1996 4015; x_wconf 78' lang='grc' dir='ltr'><strong>καὶ</strong></span> 
     </span>
    </p>
   </div>
   <div class='ocr_carea' id='block_1_59' title="bbox 412 4054 1992 4128">
    <p class='ocr_par' dir='ltr' id='par_1_59' title="bbox 412 4054 1992 4128">
     <span class='ocr_line' id='line_1_59' title="bbox 412 4054 1992 4128; baseline -0.002 -18"><span class='ocrx_word' id='word_1_443' title='bbox 412 4057 588 4128; x_wconf 81' lang='grc' dir='ltr'>σοφῆς</span> <span class='ocrx_word' id='word_1_444' title='bbox 624 4055 914 4127; x_wconf 85' lang='grc' dir='ltr'>ἀντέθηκε.</span> <span class='ocrx_word' id='word_1_445' title='bbox 945 4056 1079 4120; x_wconf 87' lang='grc' dir='ltr'>Ταῖς</span> <span class='ocrx_word' id='word_1_446' title='bbox 1129 4054 1228 4126; x_wconf 85' lang='grc' dir='ltr'>μὲν</span> <span class='ocrx_word' id='word_1_447' title='bbox 1272 4055 1382 4126; x_wconf 85' lang='grc' dir='ltr'>γὰρ</span> <span class='ocrx_word' id='word_1_448' title='bbox 1429 4057 1724 4128; x_wconf 90' lang='grc' dir='ltr'>σαρκικαῖς</span> <span class='ocrx_word' id='word_1_449' title='bbox 1750 4056 1992 4128; x_wconf 82' lang='grc' dir='ltr'>ἡδοναῖς,</span> 
     </span>
    </p>
   </div>
   <div class='ocr_carea' id='block_1_60' title="bbox 409 4143 1996 4219">
    <p class='ocr_par' dir='ltr' id='par_1_60' title="bbox 409 4143 1996 4219">
     <span class='ocr_line' id='line_1_60' title="bbox 409 4143 1996 4219; baseline -0.002 -18"><span class='ocrx_word' id='word_1_450' title='bbox 409 4149 512 4219; x_wconf 80' lang='grc' dir='ltr'>τὴν</span> <span class='ocrx_word' id='word_1_451' title='bbox 572 4146 954 4218; x_wconf 84' lang='grc' dir='ltr'>πνευματικὴν</span> <span class='ocrx_word' id='word_1_452' title='bbox 1001 4147 1102 4217; x_wconf 83' lang='grc' dir='ltr'><strong>τὴν</strong></span> <span class='ocrx_word' id='word_1_453' title='bbox 1151 4148 1216 4199; x_wconf 86' lang='grc' dir='ltr'><strong>ἐκ</strong></span> <span class='ocrx_word' id='word_1_454' title='bbox 1261 4145 1363 4216; x_wconf 88' lang='grc' dir='ltr'><strong>τῆς</strong></span> <span class='ocrx_word' id='word_1_455' title='bbox 1417 4145 1716 4217; x_wconf 78' lang='grc' dir='ltr'>εἰρημένης</span> <span class='ocrx_word' id='word_1_456' title='bbox 1772 4143 1996 4215; x_wconf 84' lang='grc' dir='ltr'>ἀγάπης</span> 
     </span>
    </p>
   </div>
   <div class='ocr_carea' id='block_1_61' title="bbox 412 4238 1991 4313">
    <p class='ocr_par' dir='ltr' id='par_1_61' title="bbox 412 4238 1991 4313">
     <span class='ocr_line' id='line_1_61' title="bbox 412 4238 1991 4313; baseline -0.002 -17"><span class='ocrx_word' id='word_1_457' title='bbox 412 4241 703 4313; x_wconf 88' lang='grc' dir='ltr'>γινομένην</span> <span class='ocrx_word' id='word_1_458' title='bbox 725 4257 738 4272; x_wconf 85' lang='grc'><strong>·</strong></span> <span class='ocrx_word' id='word_1_459' title='bbox 769 4239 848 4311; x_wconf 87' lang='grc' dir='ltr'>τῷ</span> <span class='ocrx_word' id='word_1_460' title='bbox 884 4239 942 4292; x_wconf 88' lang='grc' dir='ltr'>δὲ</span> <span class='ocrx_word' id='word_1_461' title='bbox 973 4238 1316 4310; x_wconf 85' lang='grc' dir='ltr'>φθειρομένῳ</span> <span class='ocrx_word' id='word_1_462' title='bbox 1347 4239 1560 4310; x_wconf 88' lang='grc' dir='ltr'>κράτει,</span> <span class='ocrx_word' id='word_1_463' title='bbox 1596 4239 1657 4293; x_wconf 86' lang='grc' dir='ltr'><strong>τὸ</strong></span> <span class='ocrx_word' id='word_1_464' title='bbox 1693 4238 1991 4310; x_wconf 77' lang='grc' dir='ltr'>ἄφθαρτον.</span> 
     </span>
    </p>
   </div>
   <div class='ocr_carea' id='block_1_62' title="bbox 413 4331 1997 4408">
    <p class='ocr_par' dir='ltr' id='par_1_62' title="bbox 413 4331 1997 4408">
     <span class='ocr_line' id='line_1_62' title="bbox 413 4331 1997 4408; baseline -0.002 -18"><span class='ocrx_word' id='word_1_465' title='bbox 413 4337 524 4390; x_wconf 75' lang='grc' dir='ltr'><strong>Καὶ</strong></span> <span class='ocrx_word' id='word_1_466' title='bbox 568 4334 870 4408; x_wconf 74' lang='grc' dir='ltr'>διαλεχθεὶς</span> <span class='ocrx_word' id='word_1_467' title='bbox 902 4331 1045 4386; x_wconf 76' lang='grc' dir='ltr'>οὕτω</span> <span class='ocrx_word' id='word_1_468' title='bbox 1092 4333 1185 4386; x_wconf 75' lang='grc' dir='ltr'><strong>καὶ</strong></span> <span class='ocrx_word' id='word_1_469' title='bbox 1233 4332 1484 4402; x_wconf 84' lang='grc' dir='ltr'>νικήσας,</span> <span class='ocrx_word' id='word_1_470' title='bbox 1515 4331 1864 4404; x_wconf 76' lang='grc' dir='ltr'>ἠλευθέρωσε</span> <span class='ocrx_word' id='word_1_471' title='bbox 1903 4335 1997 4388; x_wconf 82' lang='grc' dir='ltr'><strong>τὸν</strong></span> 
     </span>
    </p>
   </div>
   <div class='ocr_carea' id='block_1_63' title="bbox 413 4425 1995 4498">
    <p class='ocr_par' dir='ltr' id='par_1_63' title="bbox 413 4425 1995 4498">
     <span class='ocr_line' id='line_1_63' title="bbox 413 4425 1995 4498; baseline -0.001 -16"><span class='ocrx_word' id='word_1_472' title='bbox 413 4429 564 4492; x_wconf 78' lang='grc' dir='ltr'>λαὸν,</span> <span class='ocrx_word' id='word_1_473' title='bbox 591 4429 666 4492; x_wconf 85' lang='grc' dir='ltr'><strong>ὡς</strong></span> <span class='ocrx_word' id='word_1_474' title='bbox 713 4427 974 4498; x_wconf 76' lang='grc' dir='ltr'>ἀνωτέρω</span> <span class='ocrx_word' id='word_1_475' title='bbox 1021 4425 1453 4496; x_wconf 85' lang='grc' dir='ltr'>προδιελάϐομεν</span> <span class='ocrx_word' id='word_1_476' title='bbox 1473 4441 1486 4454; x_wconf 70' lang='grc' dir='ltr'><strong>ο</strong></span> <span class='ocrx_word' id='word_1_477' title='bbox 1519 4425 1616 4480; x_wconf 80' lang='grc' dir='ltr'>καὶ</span> <span class='ocrx_word' id='word_1_478' title='bbox 1645 4427 1995 4498; x_wconf 79' lang='grc' dir='ltr'>ἐπανήγαγεν</span> 
     </span>
    </p>
   </div>
   <div class='ocr_carea' id='block_1_64' title="bbox 2087 1925 3672 1994">
    <p class='ocr_par' dir='ltr' id='par_1_64' title="bbox 2087 1925 3672 1994">
     <span class='ocr_line' id='line_1_64' title="bbox 2087 1925 3672 1994; baseline 0 -15"><span class='ocrx_word' id='word_1_479' title='bbox 2087 1926 2279 1980; x_wconf 67' lang='lat' dir='ltr'><strong>activae</strong></span> <span class='ocrx_word' id='word_1_480' title='bbox 2307 1925 2670 1994; x_wconf 82' lang='lat' dir='ltr'><strong>philosophiae</strong></span> <span class='ocrx_word' id='word_1_481' title='bbox 2704 1925 2876 1979; x_wconf 93' lang='lat' dir='ltr'><strong>robur</strong></span> <span class='ocrx_word' id='word_1_482' title='bbox 2907 1926 3171 1981; x_wconf 83' lang='lat' dir='ltr'><strong>adversus</strong></span> <span class='ocrx_word' id='word_1_483' title='bbox 3201 1927 3434 1981; x_wconf 80' lang='lat' dir='ltr'><strong>affectus</strong></span> <span class='ocrx_word' id='word_1_484' title='bbox 3462 1935 3519 1981; x_wconf 91' lang='lat' dir='ltr'><strong>et</strong></span> <span class='ocrx_word' id='word_1_485' title='bbox 3551 1941 3672 1980; x_wconf 90' lang='lat' dir='ltr'><strong>mo-</strong></span> 
     </span>
    </p>
   </div>
   <div class='ocr_carea' id='block_1_65' title="bbox 2089 2015 3672 2088">
    <p class='ocr_par' dir='ltr' id='par_1_65' title="bbox 2089 2015 3672 2088">
     <span class='ocr_line' id='line_1_65' title="bbox 2089 2015 3672 2088; baseline 0.001 -16"><span class='ocrx_word' id='word_1_486' title='bbox 2089 2027 2177 2072; x_wconf 90' lang='lat' dir='ltr'><strong>tus</strong></span> <span class='ocrx_word' id='word_1_487' title='bbox 2200 2017 2389 2071; x_wconf 91' lang='lat' dir='ltr'><strong>animi.</strong></span> <span class='ocrx_word' id='word_1_488' title='bbox 2427 2015 2763 2085; x_wconf 86' lang='lat' dir='ltr'><strong>Sapientiam</strong></span> <span class='ocrx_word' id='word_1_489' title='bbox 2801 2025 3004 2082; x_wconf 89' lang='lat' dir='ltr'><strong>autem,</strong></span> <span class='ocrx_word' id='word_1_490' title='bbox 3031 2017 3278 2072; x_wconf 89' lang='lat' dir='ltr'><strong>veritatis</strong></span> <span class='ocrx_word' id='word_1_491' title='bbox 3302 2018 3672 2088; x_wconf 80' lang='lat' dir='ltr'><strong>cognitionem</strong></span> 
     </span>
    </p>
   </div>
   <div class='ocr_carea' id='block_1_66' title="bbox 2087 2109 3674 2182">
    <p class='ocr_par' dir='ltr' id='par_1_66' title="bbox 2087 2109 3674 2182">
     <span class='ocr_line' id='line_1_66' title="bbox 2087 2109 3674 2182; baseline 0 -16"><span class='ocrx_word' id='word_1_492' title='bbox 2087 2127 2188 2182; x_wconf 91' lang='lat' dir='ltr'><strong>per</strong></span> <span class='ocrx_word' id='word_1_493' title='bbox 2211 2109 2752 2179; x_wconf 88' lang='lat' dir='ltr'><strong>contemplationem.</strong></span> <span class='ocrx_word' id='word_1_494' title='bbox 2770 2109 3010 2164; x_wconf 90' lang='lat' dir='ltr'><strong>Gloriam</strong></span> <span class='ocrx_word' id='word_1_495' title='bbox 3035 2119 3240 2175; x_wconf 87' lang='lat' dir='ltr'><strong>autem,</strong></span> <span class='ocrx_word' id='word_1_496' title='bbox 3268 2126 3389 2180; x_wconf 86' lang='lat' dir='ltr'><strong>quae</strong></span> <span class='ocrx_word' id='word_1_497' title='bbox 3418 2125 3484 2165; x_wconf 78' lang='lat' dir='ltr'><strong>ex</strong></span> <span class='ocrx_word' id='word_1_498' title='bbox 3507 2111 3674 2166; x_wconf 85' lang='lat' dir='ltr'><strong>utris-</strong></span> 
     </span>
    </p>
   </div>
   <div class='ocr_carea' id='block_1_67' title="bbox 2088 2202 3675 2274">
    <p class='ocr_par' dir='ltr' id='par_1_67' title="bbox 2088 2202 3675 2274">
     <span class='ocr_line' id='line_1_67' title="bbox 2088 2202 3675 2274; baseline -0.001 -16"><span class='ocrx_word' id='word_1_499' title='bbox 2088 2218 2196 2274; x_wconf 90' lang='lat' dir='ltr'><strong>que</strong></span> <span class='ocrx_word' id='word_1_500' title='bbox 2233 2211 2477 2268; x_wconf 90' lang='lat' dir='ltr'><strong>constat,</strong></span> <span class='ocrx_word' id='word_1_501' title='bbox 2520 2202 2988 2272; x_wconf 91' lang='lat' dir='ltr'><strong>pulchritudinem</strong></span> <span class='ocrx_word' id='word_1_502' title='bbox 3023 2209 3079 2257; x_wconf 92' lang='lat' dir='ltr'><strong>et</strong></span> <span class='ocrx_word' id='word_1_503' title='bbox 3118 2203 3487 2272; x_wconf 85' lang='lat' dir='ltr'><strong>splendorem.</strong></span> <span class='ocrx_word' id='word_1_504' title='bbox 3526 2203 3675 2259; x_wconf 89' lang='lat' dir='ltr'><strong>Uniti</strong></span> 
     </span>
    </p>
   </div>
   <div class='ocr_carea' id='block_1_68' title="bbox 2088 2293 3675 2365">
    <p class='ocr_par' dir='ltr' id='par_1_68' title="bbox 2088 2293 3675 2365">
     <span class='ocr_line' id='line_1_68' title="bbox 2088 2293 3675 2365; baseline -0.001 -16"><span class='ocrx_word' id='word_1_505' title='bbox 2088 2295 2238 2350; x_wconf 91' lang='lat' dir='ltr'><strong>enim</strong></span> <span class='ocrx_word' id='word_1_506' title='bbox 2270 2310 2440 2349; x_wconf 88' lang='lat' dir='ltr'><strong>unum</strong></span> <span class='ocrx_word' id='word_1_507' title='bbox 2463 2295 2726 2349; x_wconf 87' lang='lat' dir='ltr'><strong>emittunt</strong></span> <span class='ocrx_word' id='word_1_508' title='bbox 2743 2293 3032 2365; x_wconf 84' lang='lat' dir='ltr'><strong>fulgorem.</strong></span> <span class='ocrx_word' id='word_1_509' title='bbox 3061 2294 3269 2350; x_wconf 91' lang='lat' dir='ltr'><strong>Deinde</strong></span> <span class='ocrx_word' id='word_1_510' title='bbox 3294 2294 3428 2349; x_wconf 88' lang='lat' dir='ltr'><strong>illud</strong></span> <span class='ocrx_word' id='word_1_511' title='bbox 3455 2310 3675 2365; x_wconf 89' lang='lat' dir='ltr'><strong>quoque</strong></span> 
     </span>
    </p>
   </div>
   <div class='ocr_carea' id='block_1_69' title="bbox 2089 2387 3674 2458">
    <p class='ocr_par' dir='ltr' id='par_1_69' title="bbox 2089 2387 3674 2458">
     <span class='ocr_line' id='line_1_69' title="bbox 2089 2387 3674 2458; baseline 0 -16"><span class='ocrx_word' id='word_1_512' title='bbox 2089 2387 2343 2453; x_wconf 90' lang='lat' dir='ltr'><strong>observa,</strong></span> <span class='ocrx_word' id='word_1_513' title='bbox 2384 2387 2644 2458; x_wconf 89' lang='lat' dir='ltr'><strong>quoniam</strong></span> <span class='ocrx_word' id='word_1_514' title='bbox 2686 2387 2755 2442; x_wconf 85' lang='lat' dir='ltr'><strong>Et</strong></span> <span class='ocrx_word' id='word_1_515' title='bbox 2786 2401 2888 2458; x_wconf 90' lang='lat' dir='ltr'><strong>ego</strong></span> <span class='ocrx_word' id='word_1_516' title='bbox 2928 2402 3049 2441; x_wconf 90' lang='lat' dir='ltr'><strong>sum</strong></span> <span class='ocrx_word' id='word_1_517' title='bbox 3090 2396 3218 2442; x_wconf 90' lang='lat' dir='ltr'><strong>tuus</strong></span> <span class='ocrx_word' id='word_1_518' title='bbox 3247 2387 3503 2443; x_wconf 87' lang='lat' dir='ltr'><strong>famulus.</strong></span> <span class='ocrx_word' id='word_1_519' title='bbox 3537 2388 3674 2442; x_wconf 91' lang='lat' dir='ltr'><strong>Nam</strong></span> 
     </span>
    </p>
   </div>
   <div class='ocr_carea' id='block_1_70' title="bbox 2088 2479 3678 2550">
    <p class='ocr_par' dir='ltr' id='par_1_70' title="bbox 2088 2479 3678 2550">
     <span class='ocr_line' id='line_1_70' title="bbox 2088 2479 3678 2550; baseline 0.001 -16"><span class='ocrx_word' id='word_1_520' title='bbox 2088 2495 2189 2550; x_wconf 90' lang='lat' dir='ltr'><strong>per</strong></span> <span class='ocrx_word' id='word_1_521' title='bbox 2229 2479 2547 2550; x_wconf 89' lang='lat' dir='ltr'><strong>hujusmodi</strong></span> <span class='ocrx_word' id='word_1_522' title='bbox 2579 2487 2842 2544; x_wconf 89' lang='lat' dir='ltr'><strong>mentem,</strong></span> <span class='ocrx_word' id='word_1_523' title='bbox 2877 2486 3137 2549; x_wconf 86' lang='lat' dir='ltr'><strong>tanquam</strong></span> <span class='ocrx_word' id='word_1_524' title='bbox 3177 2495 3276 2550; x_wconf 93' lang='lat' dir='ltr'><strong>per</strong></span> <span class='ocrx_word' id='word_1_525' title='bbox 3309 2481 3556 2535; x_wconf 86' lang='lat' dir='ltr'><strong>serviens</strong></span> <span class='ocrx_word' id='word_1_526' title='bbox 3591 2482 3678 2536; x_wconf 78' lang='lat' dir='ltr'><strong>in—</strong></span> 
     </span>
    </p>
   </div>
   <div class='ocr_carea' id='block_1_71' title="bbox 2091 2571 3675 2643">
    <p class='ocr_par' dir='ltr' id='par_1_71' title="bbox 2091 2571 3675 2643">
     <span class='ocr_line' id='line_1_71' title="bbox 2091 2571 3675 2643; baseline 0.004 -17"><span class='ocrx_word' id='word_1_527' title='bbox 2091 2579 2484 2637; x_wconf 87' lang='lat' dir='ltr'><strong>strumentum,</strong></span> <span class='ocrx_word' id='word_1_528' title='bbox 2517 2579 2572 2626; x_wconf 90' lang='lat' dir='ltr'><strong>et</strong></span> <span class='ocrx_word' id='word_1_529' title='bbox 2605 2571 2870 2626; x_wconf 81' lang='lat' dir='ltr'><strong>virtutem</strong></span> <span class='ocrx_word' id='word_1_530' title='bbox 2913 2581 2969 2626; x_wconf 88' lang='lat' dir='ltr'><strong>et</strong></span> <span class='ocrx_word' id='word_1_531' title='bbox 3004 2573 3370 2643; x_wconf 88' lang='lat' dir='ltr'><strong>cognitionem</strong></span> <span class='ocrx_word' id='word_1_532' title='bbox 3406 2575 3571 2630; x_wconf 79' lang='lat' dir='ltr'><strong>efﬁcit</strong></span> <span class='ocrx_word' id='word_1_533' title='bbox 3617 2577 3675 2632; x_wconf 87' lang='lat' dir='ltr'><strong>in</strong></span> 
     </span>
    </p>
   </div>
   <div class='ocr_carea' id='block_1_72' title="bbox 2090 2662 3678 2733">
    <p class='ocr_par' dir='ltr' id='par_1_72' title="bbox 2090 2662 3678 2733">
     <span class='ocr_line' id='line_1_72' title="bbox 2090 2662 3678 2733; baseline 0.004 -17"><span class='ocrx_word' id='word_1_534' title='bbox 2090 2662 2314 2717; x_wconf 88' lang='lat' dir='ltr'><strong>homine</strong></span> <span class='ocrx_word' id='word_1_535' title='bbox 2351 2663 2489 2717; x_wconf 90' lang='lat' dir='ltr'><strong>nihil</strong></span> <span class='ocrx_word' id='word_1_536' title='bbox 2523 2662 2673 2718; x_wconf 90' lang='lat' dir='ltr'><strong>aliud</strong></span> <span class='ocrx_word' id='word_1_537' title='bbox 2721 2662 3038 2718; x_wconf 88' lang='lat' dir='ltr'><strong>conferente</strong></span> <span class='ocrx_word' id='word_1_538' title='bbox 3073 2673 3272 2733; x_wconf 62' lang='lat' dir='ltr'><strong>printer</strong></span> <span class='ocrx_word' id='word_1_539' title='bbox 3311 2666 3455 2720; x_wconf 88' lang='lat' dir='ltr'><strong>bona</strong></span> <span class='ocrx_word' id='word_1_540' title='bbox 3488 2668 3678 2723; x_wconf 87' lang='lat' dir='ltr'><strong>volen-</strong></span> 
     </span>
    </p>
   </div>
   <div class='ocr_carea' id='block_1_73' title="bbox 2093 2754 3674 2826">
    <p class='ocr_par' dir='ltr' id='par_1_73' title="bbox 2093 2754 3674 2826">
     <span class='ocr_line' id='line_1_73' title="bbox 2093 2754 3674 2826; baseline 0.002 -16"><span class='ocrx_word' id='word_1_541' title='bbox 2093 2763 2202 2810; x_wconf 90' lang='lat' dir='ltr'><strong>tem</strong></span> <span class='ocrx_word' id='word_1_542' title='bbox 2237 2754 2607 2809; x_wconf 80' lang='lat' dir='ltr'><strong>affectionem.</strong></span> <span class='ocrx_word' id='word_1_543' title='bbox 2654 2754 2761 2810; x_wconf 91' lang='lat' dir='ltr'><strong>Sed</strong></span> <span class='ocrx_word' id='word_1_544' title='bbox 2802 2755 3015 2825; x_wconf 89' lang='lat' dir='ltr'><strong>primus</strong></span> <span class='ocrx_word' id='word_1_545' title='bbox 3052 2757 3275 2826; x_wconf 90' lang='lat' dir='ltr'><strong>quidem</strong></span> <span class='ocrx_word' id='word_1_546' title='bbox 3320 2757 3674 2823; x_wconf 88' lang='lat' dir='ltr'><strong>adolescens,</strong></span> 
     </span>
    </p>
   </div>
   <div class='ocr_carea' id='block_1_74' title="bbox 2092 2844 3683 2916">
    <p class='ocr_par' dir='ltr' id='par_1_74' title="bbox 2092 2844 3683 2916">
     <span class='ocr_line' id='line_1_74' title="bbox 2092 2844 3683 2916; baseline 0.004 -18"><span class='ocrx_word' id='word_1_547' title='bbox 2092 2845 2188 2914; x_wconf 90' lang='lat' dir='ltr'><strong>qui</strong></span> <span class='ocrx_word' id='word_1_548' title='bbox 2223 2844 2377 2899; x_wconf 89' lang='lat' dir='ltr'><strong>dedit</strong></span> <span class='ocrx_word' id='word_1_549' title='bbox 2420 2845 2550 2899; x_wconf 91' lang='lat' dir='ltr'><strong>vino</strong></span> <span class='ocrx_word' id='word_1_550' title='bbox 2582 2845 2846 2900; x_wconf 89' lang='lat' dir='ltr'><strong>adversus</strong></span> <span class='ocrx_word' id='word_1_551' title='bbox 2885 2861 3077 2900; x_wconf 91' lang='lat' dir='ltr'><strong>omnes</strong></span> <span class='ocrx_word' id='word_1_552' title='bbox 3123 2848 3450 2916; x_wconf 88' lang='lat' dir='ltr'><strong>potentiam,</strong></span> <span class='ocrx_word' id='word_1_553' title='bbox 3489 2864 3683 2904; x_wconf 87' lang='lat' dir='ltr'><strong>carna—</strong></span> 
     </span>
    </p>
   </div>
   <div class='ocr_carea' id='block_1_75' title="bbox 2093 2935 3682 3007">
    <p class='ocr_par' dir='ltr' id='par_1_75' title="bbox 2093 2935 3682 3007">
     <span class='ocr_line' id='line_1_75' title="bbox 2093 2935 3682 3007; baseline 0.004 -17"><span class='ocrx_word' id='word_1_554' title='bbox 2093 2936 2227 2990; x_wconf 91' lang='lat' dir='ltr'><strong>lium</strong></span> <span class='ocrx_word' id='word_1_555' title='bbox 2260 2938 2604 3007; x_wconf 89' lang='lat' dir='ltr'><strong>voluptatum</strong></span> <span class='ocrx_word' id='word_1_556' title='bbox 2640 2935 2844 2990; x_wconf 85' lang='lat' dir='ltr'><strong>fervori</strong></span> <span class='ocrx_word' id='word_1_557' title='bbox 2881 2936 3105 2991; x_wconf 88' lang='lat' dir='ltr'><strong>donavit</strong></span> <span class='ocrx_word' id='word_1_558' title='bbox 3137 2938 3446 2995; x_wconf 87' lang='lat' dir='ltr'><strong>victoriam.</strong></span> <span class='ocrx_word' id='word_1_559' title='bbox 3477 2940 3682 2997; x_wconf 61' lang='lat' dir='ltr'><strong>Secuno</strong></span> 
     </span>
    </p>
   </div>
   <div class='ocr_carea' id='block_1_76' title="bbox 2095 3027 3684 3103">
    <p class='ocr_par' dir='ltr' id='par_1_76' title="bbox 2095 3027 3684 3103">
     <span class='ocr_line' id='line_1_76' title="bbox 2095 3027 3684 3103; baseline 0.002 -19"><span class='ocrx_word' id='word_1_560' title='bbox 2095 3030 2201 3085; x_wconf 89' lang='lat' dir='ltr'><strong>dus</strong></span> <span class='ocrx_word' id='word_1_561' title='bbox 2251 3038 2432 3084; x_wconf 90' lang='lat' dir='ltr'><strong>autem</strong></span> <span class='ocrx_word' id='word_1_562' title='bbox 2469 3029 2564 3100; x_wconf 88' lang='lat' dir='ltr'><strong>qui</strong></span> <span class='ocrx_word' id='word_1_563' title='bbox 2600 3028 2707 3083; x_wconf 90' lang='lat' dir='ltr'><strong>hoc</strong></span> <span class='ocrx_word' id='word_1_564' title='bbox 2738 3027 2892 3082; x_wconf 88' lang='lat' dir='ltr'><strong>dedit</strong></span> <span class='ocrx_word' id='word_1_565' title='bbox 2925 3029 3058 3099; x_wconf 87' lang='lat' dir='ltr'><strong>regi,</strong></span> <span class='ocrx_word' id='word_1_566' title='bbox 3091 3030 3433 3100; x_wconf 67' lang='lat' dir='ltr'><strong>aanigmatice</strong></span> <span class='ocrx_word' id='word_1_567' title='bbox 3476 3033 3684 3103; x_wconf 82' lang='lat' dir='ltr'><strong>signiﬁ-</strong></span> 
     </span>
    </p>
   </div>
   <div class='ocr_carea' id='block_1_77' title="bbox 2097 3120 3682 3190">
    <p class='ocr_par' dir='ltr' id='par_1_77' title="bbox 2097 3120 3682 3190">
     <span class='ocr_line' id='line_1_77' title="bbox 2097 3120 3682 3190; baseline 0.003 -14"><span class='ocrx_word' id='word_1_568' title='bbox 2097 3122 2243 3176; x_wconf 90' lang='lat' dir='ltr'><strong>cavit</strong></span> <span class='ocrx_word' id='word_1_569' title='bbox 2270 3121 2603 3175; x_wconf 87' lang='lat' dir='ltr'><strong>mundanam</strong></span> <span class='ocrx_word' id='word_1_570' title='bbox 2629 3120 2753 3190; x_wconf 89' lang='lat' dir='ltr'><strong>plus</strong></span> <span class='ocrx_word' id='word_1_571' title='bbox 2781 3135 2943 3189; x_wconf 90' lang='lat' dir='ltr'><strong>posse</strong></span> <span class='ocrx_word' id='word_1_572' title='bbox 2977 3120 3225 3190; x_wconf 87' lang='lat' dir='ltr'><strong>gloriam.</strong></span> <span class='ocrx_word' id='word_1_573' title='bbox 3255 3122 3475 3178; x_wconf 88' lang='lat' dir='ltr'><strong>Tertius</strong></span> <span class='ocrx_word' id='word_1_574' title='bbox 3498 3132 3682 3180; x_wconf 89' lang='lat' dir='ltr'><strong>autem</strong></span> 
     </span>
    </p>
   </div>
   <div class='ocr_carea' id='block_1_78' title="bbox 2099 3211 3683 3281">
    <p class='ocr_par' dir='ltr' id='par_1_78' title="bbox 2099 3211 3683 3281">
     <span class='ocr_line' id='line_1_78' title="bbox 2099 3211 3683 3281; baseline 0.003 -14"><span class='ocrx_word' id='word_1_575' title='bbox 2099 3213 2405 3268; x_wconf 88' lang='lat' dir='ltr'><strong>Zorobabel</strong></span> <span class='ocrx_word' id='word_1_576' title='bbox 2459 3227 2558 3281; x_wconf 89' lang='lat' dir='ltr'><strong>per</strong></span> <span class='ocrx_word' id='word_1_577' title='bbox 2593 3211 2856 3265; x_wconf 90' lang='lat' dir='ltr'><strong>mulieres</strong></span> <span class='ocrx_word' id='word_1_578' title='bbox 2887 3211 3110 3281; x_wconf 88' lang='lat' dir='ltr'><strong>quidem</strong></span> <span class='ocrx_word' id='word_1_579' title='bbox 3138 3215 3382 3268; x_wconf 90' lang='lat' dir='ltr'><strong>ostendit</strong></span> <span class='ocrx_word' id='word_1_580' title='bbox 3415 3215 3683 3270; x_wconf 90' lang='lat' dir='ltr'><strong>virtutum</strong></span> 
     </span>
    </p>
   </div>
   <div class='ocr_carea' id='block_1_79' title="bbox 2100 3303 3683 3374">
    <p class='ocr_par' dir='ltr' id='par_1_79' title="bbox 2100 3303 3683 3374">
     <span class='ocr_line' id='line_1_79' title="bbox 2100 3303 3683 3374; baseline 0.001 -15"><span class='ocrx_word' id='word_1_581' title='bbox 2100 3305 2264 3359; x_wconf 85' lang='lat' dir='ltr'><strong>finem</strong></span> <span class='ocrx_word' id='word_1_582' title='bbox 2310 3318 2432 3358; x_wconf 89' lang='lat' dir='ltr'><strong>esse</strong></span> <span class='ocrx_word' id='word_1_583' title='bbox 2484 3303 2810 3358; x_wconf 88' lang='lat' dir='ltr'><strong>charitatem</strong></span> <span class='ocrx_word' id='word_1_584' title='bbox 2855 3303 2912 3358; x_wconf 91' lang='lat' dir='ltr'><strong>in</strong></span> <span class='ocrx_word' id='word_1_585' title='bbox 2948 3303 3121 3357; x_wconf 90' lang='lat' dir='ltr'><strong>Deum</strong></span> <span class='ocrx_word' id='word_1_586' title='bbox 3168 3310 3226 3357; x_wconf 86' lang='lat' dir='ltr'><strong>et</strong></span> <span class='ocrx_word' id='word_1_587' title='bbox 3255 3304 3312 3359; x_wconf 91' lang='lat' dir='ltr'><strong>in</strong></span> <span class='ocrx_word' id='word_1_588' title='bbox 3348 3306 3683 3374; x_wconf 80' lang='lat' dir='ltr'><strong>proximum,</strong></span> 
     </span>
    </p>
   </div>
   <div class='ocr_carea' id='block_1_80' title="bbox 2099 3393 3684 3468">
    <p class='ocr_par' dir='ltr' id='par_1_80' title="bbox 2099 3393 3684 3468">
     <span class='ocr_line' id='line_1_80' title="bbox 2099 3393 3684 3468; baseline 0.001 -17"><span class='ocrx_word' id='word_1_589' title='bbox 2099 3413 2200 3468; x_wconf 92' lang='lat' dir='ltr'><strong>per</strong></span> <span class='ocrx_word' id='word_1_590' title='bbox 2221 3396 2512 3450; x_wconf 86' lang='lat' dir='ltr'><strong>veritatem</strong></span> <span class='ocrx_word' id='word_1_591' title='bbox 2537 3409 2689 3459; x_wconf 89' lang='lat' dir='ltr'><strong>vero,</strong></span> <span class='ocrx_word' id='word_1_592' title='bbox 2724 3393 2888 3449; x_wconf 83' lang='lat' dir='ltr'><strong>finem</strong></span> <span class='ocrx_word' id='word_1_593' title='bbox 2918 3394 3316 3465; x_wconf 90' lang='lat' dir='ltr'><strong>cognitionum,</strong></span> <span class='ocrx_word' id='word_1_594' title='bbox 3349 3396 3464 3452; x_wconf 88' lang='lat' dir='ltr'><strong>sive</strong></span> <span class='ocrx_word' id='word_1_595' title='bbox 3487 3413 3684 3452; x_wconf 85' lang='lat' dir='ltr'><strong>eorum</strong></span> 
     </span>
    </p>
   </div>
   <div class='ocr_carea' id='block_1_81' title="bbox 2098 3487 3683 3561">
    <p class='ocr_par' dir='ltr' id='par_1_81' title="bbox 2098 3487 3683 3561">
     <span class='ocr_line' id='line_1_81' title="bbox 2098 3487 3683 3561; baseline 0.001 -16"><span class='ocrx_word' id='word_1_596' title='bbox 2098 3505 2220 3560; x_wconf 65' lang='lat' dir='ltr'><strong>quae</strong></span> <span class='ocrx_word' id='word_1_597' title='bbox 2243 3498 2373 3544; x_wconf 90' lang='lat' dir='ltr'><strong>sunt</strong></span> <span class='ocrx_word' id='word_1_598' title='bbox 2395 3487 2750 3558; x_wconf 89' lang='lat' dir='ltr'><strong>principium,</strong></span> <span class='ocrx_word' id='word_1_599' title='bbox 2776 3503 2972 3558; x_wconf 90' lang='lat' dir='ltr'><strong>nempe</strong></span> <span class='ocrx_word' id='word_1_600' title='bbox 2998 3488 3192 3543; x_wconf 90' lang='lat' dir='ltr'><strong>Deum.</strong></span> <span class='ocrx_word' id='word_1_601' title='bbox 3227 3489 3296 3543; x_wconf 88' lang='lat' dir='ltr'><strong>Et</strong></span> <span class='ocrx_word' id='word_1_602' title='bbox 3326 3489 3436 3544; x_wconf 88' lang='lat' dir='ltr'><strong>duo</strong></span> <span class='ocrx_word' id='word_1_603' title='bbox 3457 3491 3683 3561; x_wconf 90' lang='lat' dir='ltr'><strong>quidem</strong></span> 
     </span>
    </p>
   </div>
   <div class='ocr_carea' id='block_1_82' title="bbox 2100 3579 3687 3653">
    <p class='ocr_par' dir='ltr' id='par_1_82' title="bbox 2100 3579 3687 3653">
     <span class='ocr_line' id='line_1_82' title="bbox 2100 3579 3687 3653; baseline 0.001 -15"><span class='ocrx_word' id='word_1_604' title='bbox 2100 3583 2476 3638; x_wconf 88' lang='lat' dir='ltr'><strong>adolescentes</strong></span> <span class='ocrx_word' id='word_1_605' title='bbox 2500 3580 2683 3634; x_wconf 90' lang='lat' dir='ltr'><strong>ferunt</strong></span> <span class='ocrx_word' id='word_1_606' title='bbox 2709 3579 3000 3650; x_wconf 90' lang='lat' dir='ltr'><strong>imaginem</strong></span> <span class='ocrx_word' id='word_1_607' title='bbox 3027 3581 3278 3652; x_wconf 87' lang='lat' dir='ltr'><strong>corporis</strong></span> <span class='ocrx_word' id='word_1_608' title='bbox 3304 3583 3591 3653; x_wconf 91' lang='lat' dir='ltr'><strong>compositi</strong></span> <span class='ocrx_word' id='word_1_609' title='bbox 3617 3599 3687 3639; x_wconf 85' lang='lat' dir='ltr'><strong>ex</strong></span> 
     </span>
    </p>
   </div>
   <div class='ocr_carea' id='block_1_83' title="bbox 2100 3673 3692 3745">
    <p class='ocr_par' dir='ltr' id='par_1_83' title="bbox 2100 3673 3692 3745">
     <span class='ocr_line' id='line_1_83' title="bbox 2100 3673 3692 3745; baseline 0.001 -16"><span class='ocrx_word' id='word_1_610' title='bbox 2100 3675 2332 3729; x_wconf 86' lang='lat' dir='ltr'><strong>materia</strong></span> <span class='ocrx_word' id='word_1_611' title='bbox 2356 3681 2412 3728; x_wconf 88' lang='lat' dir='ltr'><strong>et</strong></span> <span class='ocrx_word' id='word_1_612' title='bbox 2443 3673 2638 3728; x_wconf 90' lang='lat' dir='ltr'><strong>forma.</strong></span> <span class='ocrx_word' id='word_1_613' title='bbox 2676 3673 2743 3727; x_wconf 91' lang='lat' dir='ltr'><strong>Et</strong></span> <span class='ocrx_word' id='word_1_614' title='bbox 2776 3673 2917 3727; x_wconf 89' lang='lat' dir='ltr'><strong>alter</strong></span> <span class='ocrx_word' id='word_1_615' title='bbox 2948 3673 3170 3743; x_wconf 89' lang='lat' dir='ltr'><strong>quidem</strong></span> <span class='ocrx_word' id='word_1_616' title='bbox 3205 3674 3511 3745; x_wconf 87' lang='lat' dir='ltr'><strong>cupiditati,</strong></span> <span class='ocrx_word' id='word_1_617' title='bbox 3548 3677 3692 3731; x_wconf 84' lang='lat' dir='ltr'><strong>alter</strong></span> 
     </span>
    </p>
   </div>
   <div class='ocr_carea' id='block_1_84' title="bbox 2100 3765 3689 3840">
    <p class='ocr_par' dir='ltr' id='par_1_84' title="bbox 2100 3765 3689 3840">
     <span class='ocr_line' id='line_1_84' title="bbox 2100 3765 3689 3840; baseline -0.001 -16"><span class='ocrx_word' id='word_1_618' title='bbox 2100 3784 2233 3824; x_wconf 90' lang='lat' dir='ltr'><strong>vero</strong></span> <span class='ocrx_word' id='word_1_619' title='bbox 2269 3768 2363 3823; x_wconf 70' lang='lat' dir='ltr'><strong>irae</strong></span> <span class='ocrx_word' id='word_1_620' title='bbox 2399 3766 2593 3822; x_wconf 90' lang='lat' dir='ltr'><strong>tribuit</strong></span> <span class='ocrx_word' id='word_1_621' title='bbox 2623 3765 2913 3820; x_wconf 87' lang='lat' dir='ltr'><strong>victoriam</strong></span> <span class='ocrx_word' id='word_1_622' title='bbox 2946 3782 2962 3818; x_wconf 88' lang='lat'><strong>:</strong></span> <span class='ocrx_word' id='word_1_623' title='bbox 2999 3773 3085 3820; x_wconf 90' lang='lat' dir='ltr'><strong>est</strong></span> <span class='ocrx_word' id='word_1_624' title='bbox 3107 3766 3255 3820; x_wconf 91' lang='lat' dir='ltr'><strong>enim</strong></span> <span class='ocrx_word' id='word_1_625' title='bbox 3289 3767 3370 3821; x_wconf 90' lang='lat' dir='ltr'><strong>ira</strong></span> <span class='ocrx_word' id='word_1_626' title='bbox 3394 3783 3482 3823; x_wconf 90' lang='lat' dir='ltr'><strong>res</strong></span> <span class='ocrx_word' id='word_1_627' title='bbox 3505 3777 3689 3840; x_wconf 87' lang='lat' dir='ltr'><strong>tyran-</strong></span> 
     </span>
    </p>
   </div>
   <div class='ocr_carea' id='block_1_85' title="bbox 2100 3857 3689 3930">
    <p class='ocr_par' dir='ltr' id='par_1_85' title="bbox 2100 3857 3689 3930">
     <span class='ocr_line' id='line_1_85' title="bbox 2100 3857 3689 3930; baseline 0 -14"><span class='ocrx_word' id='word_1_628' title='bbox 2100 3861 2246 3916; x_wconf 87' lang='lat' dir='ltr'><strong>nica.</strong></span> <span class='ocrx_word' id='word_1_629' title='bbox 2297 3857 2602 3914; x_wconf 87' lang='lat' dir='ltr'><strong>Zorobabel</strong></span> <span class='ocrx_word' id='word_1_630' title='bbox 2655 3867 2840 3912; x_wconf 90' lang='lat' dir='ltr'><strong>autem</strong></span> <span class='ocrx_word' id='word_1_631' title='bbox 2892 3864 3045 3912; x_wconf 86' lang='lat' dir='ltr'><strong>tenet</strong></span> <span class='ocrx_word' id='word_1_632' title='bbox 3079 3865 3270 3928; x_wconf 82' lang='lat' dir='ltr'><strong>typum</strong></span> <span class='ocrx_word' id='word_1_633' title='bbox 3321 3859 3583 3930; x_wconf 89' lang='lat' dir='ltr'><strong>simplicis</strong></span> <span class='ocrx_word' id='word_1_634' title='bbox 3631 3867 3689 3916; x_wconf 90' lang='lat' dir='ltr'><strong>et</strong></span> 
     </span>
    </p>
   </div>
   <div class='ocr_carea' id='block_1_86' title="bbox 2102 3948 3690 4022">
    <p class='ocr_par' dir='ltr' id='par_1_86' title="bbox 2102 3948 3690 4022">
     <span class='ocr_line' id='line_1_86' title="bbox 2102 3948 3690 4022; baseline 0.002 -17"><span class='ocrx_word' id='word_1_635' title='bbox 2102 3950 2480 4020; x_wconf 71' lang='lat' dir='ltr'><strong>incomposita:</strong></span> <span class='ocrx_word' id='word_1_636' title='bbox 2511 3948 2567 4002; x_wconf 90' lang='lat' dir='ltr'><strong>in</strong></span> <span class='ocrx_word' id='word_1_637' title='bbox 2593 3948 2832 4002; x_wconf 90' lang='lat' dir='ltr'><strong>essentia</strong></span> <span class='ocrx_word' id='word_1_638' title='bbox 2857 3948 3072 4003; x_wconf 82' lang='lat' dir='ltr'><strong>animae.</strong></span> <span class='ocrx_word' id='word_1_639' title='bbox 3104 3950 3474 4016; x_wconf 85' lang='lat' dir='ltr'><strong>Quamobrem</strong></span> <span class='ocrx_word' id='word_1_640' title='bbox 3505 3953 3690 4022; x_wconf 90' lang='lat' dir='ltr'><strong>posuit</strong></span> 
     </span>
    </p>
   </div>
   <div class='ocr_carea' id='block_1_87' title="bbox 2103 4041 3690 4111">
    <p class='ocr_par' dir='ltr' id='par_1_87' title="bbox 2103 4041 3690 4111">
     <span class='ocr_line' id='line_1_87' title="bbox 2103 4041 3690 4111; baseline 0 -12"><span class='ocrx_word' id='word_1_641' title='bbox 2103 4043 2267 4099; x_wconf 89' lang='lat' dir='ltr'><strong>etiam</strong></span> <span class='ocrx_word' id='word_1_642' title='bbox 2305 4059 2373 4098; x_wconf 83' lang='lat' dir='ltr'><strong>ex</strong></span> <span class='ocrx_word' id='word_1_643' title='bbox 2406 4041 2638 4096; x_wconf 88' lang='lat' dir='ltr'><strong>adverso</strong></span> <span class='ocrx_word' id='word_1_644' title='bbox 2662 4041 2944 4111; x_wconf 90' lang='lat' dir='ltr'><strong>sapientis.</strong></span> <span class='ocrx_word' id='word_1_645' title='bbox 2972 4041 3106 4095; x_wconf 89' lang='lat' dir='ltr'><strong>Nam</strong></span> <span class='ocrx_word' id='word_1_646' title='bbox 3140 4057 3207 4096; x_wconf 86' lang='lat' dir='ltr'><strong>ex</strong></span> <span class='ocrx_word' id='word_1_647' title='bbox 3243 4043 3474 4098; x_wconf 88' lang='lat' dir='ltr'><strong>adverso</strong></span> <span class='ocrx_word' id='word_1_648' title='bbox 3497 4059 3690 4100; x_wconf 88' lang='lat' dir='ltr'><strong>carna-</strong></span> 
     </span>
    </p>
   </div>
   <div class='ocr_carea' id='block_1_88' title="bbox 2101 4132 3690 4205">
    <p class='ocr_par' dir='ltr' id='par_1_88' title="bbox 2101 4132 3690 4205">
     <span class='ocr_line' id='line_1_88' title="bbox 2101 4132 3690 4205; baseline 0 -14"><span class='ocrx_word' id='word_1_649' title='bbox 2101 4136 2238 4192; x_wconf 90' lang='lat' dir='ltr'><strong>lium</strong></span> <span class='ocrx_word' id='word_1_650' title='bbox 2271 4135 2614 4204; x_wconf 87' lang='lat' dir='ltr'><strong>voluptatum</strong></span> <span class='ocrx_word' id='word_1_651' title='bbox 2640 4133 2826 4203; x_wconf 89' lang='lat' dir='ltr'><strong>posuit</strong></span> <span class='ocrx_word' id='word_1_652' title='bbox 2860 4132 3224 4203; x_wconf 91' lang='lat' dir='ltr'><strong>spiritualem,</strong></span> <span class='ocrx_word' id='word_1_653' title='bbox 3252 4149 3372 4204; x_wconf 69' lang='lat' dir='ltr'><strong>quae</strong></span> <span class='ocrx_word' id='word_1_654' title='bbox 3395 4145 3690 4205; x_wconf 84' lang='lat' dir='ltr'><strong>generatur</strong></span> 
     </span>
    </p>
   </div>
   <div class='ocr_carea' id='block_1_89' title="bbox 2103 4224 3688 4294">
    <p class='ocr_par' dir='ltr' id='par_1_89' title="bbox 2103 4224 3688 4294">
     <span class='ocr_line' id='line_1_89' title="bbox 2103 4224 3688 4294; baseline -0.001 -13"><span class='ocrx_word' id='word_1_655' title='bbox 2103 4241 2172 4281; x_wconf 81' lang='lat' dir='ltr'><strong>ex</strong></span> <span class='ocrx_word' id='word_1_656' title='bbox 2205 4226 2352 4280; x_wconf 92' lang='lat' dir='ltr'><strong>dicta</strong></span> <span class='ocrx_word' id='word_1_657' title='bbox 2396 4225 2665 4280; x_wconf 88' lang='lat' dir='ltr'><strong>charitate</strong></span> <span class='ocrx_word' id='word_1_658' title='bbox 2694 4242 2706 4277; x_wconf 93' lang='lat'><strong>:</strong></span> <span class='ocrx_word' id='word_1_659' title='bbox 2731 4224 2992 4294; x_wconf 55' lang='lat' dir='ltr'><strong>potentiae</strong></span> <span class='ocrx_word' id='word_1_660' title='bbox 3024 4232 3206 4278; x_wconf 89' lang='lat' dir='ltr'><strong>autem</strong></span> <span class='ocrx_word' id='word_1_661' title='bbox 3240 4224 3294 4278; x_wconf 90' lang='lat' dir='ltr'><strong>in</strong></span> <span class='ocrx_word' id='word_1_662' title='bbox 3335 4240 3499 4294; x_wconf 90' lang='lat' dir='ltr'><strong>quam</strong></span> <span class='ocrx_word' id='word_1_663' title='bbox 3542 4227 3688 4281; x_wconf 90' lang='lat' dir='ltr'><strong>cadit</strong></span> 
     </span>
    </p>
   </div>
   <div class='ocr_carea' id='block_1_90' title="bbox 2104 4313 3689 4384">
    <p class='ocr_par' dir='ltr' id='par_1_90' title="bbox 2104 4313 3689 4384">
     <span class='ocr_line' id='line_1_90' title="bbox 2104 4313 3689 4384; baseline -0.001 -12"><span class='ocrx_word' id='word_1_664' title='bbox 2104 4316 2382 4379; x_wconf 87' lang='lat' dir='ltr'><strong>interitus,</strong></span> <span class='ocrx_word' id='word_1_665' title='bbox 2407 4330 2530 4369; x_wconf 90' lang='lat' dir='ltr'><strong>eam</strong></span> <span class='ocrx_word' id='word_1_666' title='bbox 2567 4315 2622 4368; x_wconf 88' lang='lat' dir='ltr'><strong>in</strong></span> <span class='ocrx_word' id='word_1_667' title='bbox 2654 4328 2818 4384; x_wconf 89' lang='lat' dir='ltr'><strong>quam</strong></span> <span class='ocrx_word' id='word_1_668' title='bbox 2853 4329 2965 4367; x_wconf 92' lang='lat' dir='ltr'><strong>non</strong></span> <span class='ocrx_word' id='word_1_669' title='bbox 2999 4313 3164 4367; x_wconf 89' lang='lat' dir='ltr'><strong>cadit.</strong></span> <span class='ocrx_word' id='word_1_670' title='bbox 3202 4313 3271 4368; x_wconf 85' lang='lat' dir='ltr'><strong>Et</strong></span> <span class='ocrx_word' id='word_1_671' title='bbox 3305 4329 3428 4368; x_wconf 92' lang='lat' dir='ltr'><strong>cum</strong></span> <span class='ocrx_word' id='word_1_672' title='bbox 3462 4315 3543 4370; x_wconf 92' lang='lat' dir='ltr'><strong>sic</strong></span> <span class='ocrx_word' id='word_1_673' title='bbox 3576 4315 3689 4370; x_wconf 87' lang='lat' dir='ltr'><strong>dis-</strong></span> 
     </span>
    </p>
   </div>
   <div class='ocr_carea' id='block_1_91' title="bbox 2105 4406 3690 4479">
    <p class='ocr_par' dir='ltr' id='par_1_91' title="bbox 2105 4406 3690 4479">
     <span class='ocr_line' id='line_1_91' title="bbox 2105 4406 3690 4479; baseline -0.001 -15"><span class='ocrx_word' id='word_1_674' title='bbox 2105 4410 2366 4465; x_wconf 87' lang='lat' dir='ltr'><strong>seruisset</strong></span> <span class='ocrx_word' id='word_1_675' title='bbox 2397 4418 2454 4463; x_wconf 89' lang='lat' dir='ltr'><strong>et</strong></span> <span class='ocrx_word' id='word_1_676' title='bbox 2474 4407 2717 4471; x_wconf 86' lang='lat' dir='ltr'><strong>vicisset,</strong></span> <span class='ocrx_word' id='word_1_677' title='bbox 2754 4406 3008 4461; x_wconf 84' lang='lat' dir='ltr'><strong>liberavit</strong></span> <span class='ocrx_word' id='word_1_678' title='bbox 3032 4407 3317 4476; x_wconf 91' lang='lat' dir='ltr'><strong>populum,</strong></span> <span class='ocrx_word' id='word_1_679' title='bbox 3352 4416 3413 4462; x_wconf 91' lang='lat' dir='ltr'><strong>ut</strong></span> <span class='ocrx_word' id='word_1_680' title='bbox 3433 4408 3690 4479; x_wconf 87' lang='lat' dir='ltr'><strong>superius</strong></span> 
     </span>
    </p>
   </div>
   <div class='ocr_carea' id='block_1_92' title="bbox 414 4497 1992 4598">
    <p class='ocr_par' dir='ltr' id='par_1_92' title="bbox 414 4497 1992 4591">
     <span class='ocr_line' id='line_1_92' title="bbox 414 4497 1992 4591; baseline -0.002 -16"><span class='ocrx_word' id='word_1_681' title='bbox 414 4523 497 4585; x_wconf 89' lang='grc' dir='ltr'><strong>εἰς</strong></span> <span class='ocrx_word' id='word_1_682' title='bbox 522 4519 620 4591; x_wconf 81' lang='grc' dir='ltr'>τὴν</span> <span class='ocrx_word' id='word_1_683' title='bbox 649 4497 933 4584; x_wconf 82' lang='grc' dir='ltr'>Ἰουδαίαν,</span> <span class='ocrx_word' id='word_1_684' title='bbox 965 4517 1000 4588; x_wconf 84' lang='grc' dir='ltr'>ἢ</span> <span class='ocrx_word' id='word_1_685' title='bbox 1029 4519 1109 4580; x_wconf 91' lang='grc' dir='ltr'>εἰς</span> <span class='ocrx_word' id='word_1_686' title='bbox 1145 4517 1437 4587; x_wconf 85' lang='grc' dir='ltr'>μετάνοιαν</span> <span class='ocrx_word' id='word_1_687' title='bbox 1461 4517 1556 4570; x_wconf 83' lang='grc' dir='ltr'><strong>καὶ</strong></span> <span class='ocrx_word' id='word_1_688' title='bbox 1586 4497 1992 4590; x_wconf 78' lang='grc' dir='ltr'>ἐξομολόγησιν,</span> 
     </span>
    </p>
   </div>
   <div class='ocr_carea' id='block_1_93' title="bbox 2095 4497 3688 4598">
    <p class='ocr_par' dir='ltr' id='par_1_93' title="bbox 2105 4497 3688 4571">
     <span class='ocr_line' id='line_1_93' title="bbox 2105 4497 3688 4571; baseline -0.001 -14"><span class='ocrx_word' id='word_1_689' title='bbox 2105 4509 2399 4558; x_wconf 86' lang='lat' dir='ltr'><strong>tractatum</strong></span> <span class='ocrx_word' id='word_1_690' title='bbox 2423 4509 2527 4566; x_wconf 88' lang='lat' dir='ltr'><strong>est,</strong></span> <span class='ocrx_word' id='word_1_691' title='bbox 2551 4508 2608 4555; x_wconf 91' lang='lat' dir='ltr'><strong>et</strong></span> <span class='ocrx_word' id='word_1_692' title='bbox 2631 4499 2850 4554; x_wconf 81' lang='lat' dir='ltr'><strong>reduxit</strong></span> <span class='ocrx_word' id='word_1_693' title='bbox 2873 4514 3001 4554; x_wconf 90' lang='lat' dir='ltr'><strong>eum</strong></span> <span class='ocrx_word' id='word_1_694' title='bbox 3027 4497 3083 4552; x_wconf 93' lang='lat' dir='ltr'><strong>in</strong></span> <span class='ocrx_word' id='word_1_695' title='bbox 3107 4499 3372 4566; x_wconf 66' lang='lat' dir='ltr'><strong>Iudaeam,</strong></span> <span class='ocrx_word' id='word_1_696' title='bbox 3397 4516 3595 4571; x_wconf 89' lang='lat' dir='ltr'><strong>nempe</strong></span> <span class='ocrx_word' id='word_1_697' title='bbox 3618 4501 3688 4556; x_wconf 82' lang='lat' dir='ltr'><strong>ad</strong></span> 
     </span>
    </p>
   </div>
   <div class='ocr_carea' id='block_1_94' title="bbox 415 4591 1992 4680">
    <p class='ocr_par' dir='ltr' id='par_1_94' title="bbox 415 4607 1992 4680">
     <span class='ocr_line' id='line_1_94' title="bbox 415 4607 1992 4680; baseline -0.002 -14"><span class='ocrx_word' id='word_1_698' title='bbox 415 4611 512 4666; x_wconf 83' lang='grc' dir='ltr'>καὶ</span> <span class='ocrx_word' id='word_1_699' title='bbox 568 4612 650 4673; x_wconf 82' lang='grc' dir='ltr'><strong>εἰς</strong></span> <span class='ocrx_word' id='word_1_700' title='bbox 687 4607 1064 4680; x_wconf 84' lang='grc' dir='ltr'>Ἰερουσαλὴμ,</span> <span class='ocrx_word' id='word_1_701' title='bbox 1097 4607 1240 4678; x_wconf 75' lang='grc' dir='ltr'>φημὶ</span> <span class='ocrx_word' id='word_1_702' title='bbox 1291 4607 1357 4678; x_wconf 83' lang='grc' dir='ltr'>δὴ</span> <span class='ocrx_word' id='word_1_703' title='bbox 1410 4607 1511 4679; x_wconf 85' lang='grc' dir='ltr'>τὴν</span> <span class='ocrx_word' id='word_1_704' title='bbox 1561 4608 1846 4680; x_wconf 83' lang='grc' dir='ltr'>εἰρηνικὴν</span> <span class='ocrx_word' id='word_1_705' title='bbox 1901 4610 1992 4663; x_wconf 73' lang='grc' dir='ltr'>καὶ</span> 
     </span>
    </p>
   </div>
   <div class='ocr_carea' id='block_1_95' title="bbox 2095 4591 3690 4680">
    <p class='ocr_par' dir='ltr' id='par_1_95' title="bbox 2102 4591 3690 4665">
     <span class='ocr_line' id='line_1_95' title="bbox 2102 4591 3690 4665; baseline -0.002 -15"><span class='ocrx_word' id='word_1_706' title='bbox 2102 4593 2486 4665; x_wconf 74' lang='lat' dir='ltr'><strong>paenitentiam</strong></span> <span class='ocrx_word' id='word_1_707' title='bbox 2525 4600 2583 4648; x_wconf 86' lang='lat' dir='ltr'><strong>et</strong></span> <span class='ocrx_word' id='word_1_708' title='bbox 2613 4591 3038 4658; x_wconf 89' lang='lat' dir='ltr'><strong>confessionem,</strong></span> <span class='ocrx_word' id='word_1_709' title='bbox 3064 4598 3120 4646; x_wconf 91' lang='lat' dir='ltr'><strong>et</strong></span> <span class='ocrx_word' id='word_1_710' title='bbox 3155 4591 3224 4646; x_wconf 91' lang='lat' dir='ltr'><strong>ad</strong></span> <span class='ocrx_word' id='word_1_711' title='bbox 3265 4591 3589 4658; x_wconf 86' lang='lat' dir='ltr'><strong>Jerusalem,</strong></span> <span class='ocrx_word' id='word_1_712' title='bbox 3619 4593 3690 4647; x_wconf 90' lang='lat' dir='ltr'><strong>ad</strong></span> 
     </span>
    </p>
   </div>
   <div class='ocr_carea' id='block_1_96' title="bbox 415 4696 1999 4771">
    <p class='ocr_par' dir='ltr' id='par_1_96' title="bbox 415 4696 1999 4771">
     <span class='ocr_line' id='line_1_96' title="bbox 415 4696 1999 4771; baseline 0 -17"><span class='ocrx_word' id='word_1_713' title='bbox 415 4699 606 4770; x_wconf 83' lang='grc' dir='ltr'>ἀπαθῆ</span> <span class='ocrx_word' id='word_1_714' title='bbox 651 4699 1016 4753; x_wconf 78' lang='grc' dir='ltr'>κατάστασινο</span> <span class='ocrx_word' id='word_1_715' title='bbox 1063 4699 1156 4751; x_wconf 77' lang='grc' dir='ltr'><strong>καὶ</strong></span> <span class='ocrx_word' id='word_1_716' title='bbox 1213 4696 1534 4768; x_wconf 85' lang='grc' dir='ltr'>ᾠκοδόμησε</span> <span class='ocrx_word' id='word_1_717' title='bbox 1591 4701 1686 4754; x_wconf 81' lang='grc' dir='ltr'><strong>τὸν</strong></span> <span class='ocrx_word' id='word_1_718' title='bbox 1721 4699 1869 4766; x_wconf 86' lang='grc' dir='ltr'>ναδν,</span> <span class='ocrx_word' id='word_1_719' title='bbox 1897 4700 1999 4771; x_wconf 82' lang='grc' dir='ltr'>τὴν</span> 
     </span>
    </p>
   </div>
   <div class='ocr_carea' id='block_1_97' title="bbox 415 4789 1561 4865">
    <p class='ocr_par' dir='ltr' id='par_1_97' title="bbox 415 4789 1561 4865">
     <span class='ocr_line' id='line_1_97' title="bbox 415 4789 1561 4865; baseline -0.001 -17"><span class='ocrx_word' id='word_1_720' title='bbox 415 4792 672 4865; x_wconf 81' lang='grc' dir='ltr'>δεκτικὴν</span> <span class='ocrx_word' id='word_1_721' title='bbox 689 4793 792 4864; x_wconf 87' lang='grc' dir='ltr'><strong>τῆς</strong></span> <span class='ocrx_word' id='word_1_722' title='bbox 823 4790 1084 4846; x_wconf 86' lang='grc' dir='ltr'>ἀνωτάτω</span> <span class='ocrx_word' id='word_1_723' title='bbox 1119 4789 1312 4861; x_wconf 82' lang='grc' dir='ltr'>σοφίας</span> <span class='ocrx_word' id='word_1_724' title='bbox 1339 4791 1561 4861; x_wconf 86' lang='grc' dir='ltr'>γνῶσιν.</span> 
     </span>
    </p>
   </div>
   <div class='ocr_carea' id='block_1_98' title="bbox 645 4964 1788 5034">
    <p class='ocr_par' dir='ltr' id='par_1_98' title="bbox 645 4964 1788 5034">
     <span class='ocr_line' id='line_1_98' title="bbox 645 4964 1788 5034; baseline 0.003 -15"><span class='ocrx_word' id='word_1_725' title='bbox 645 4965 850 5034; x_wconf 80' lang='grc' dir='ltr'>Ἑτέρα</span> <span class='ocrx_word' id='word_1_726' title='bbox 883 4964 1096 5032; x_wconf 82' lang='grc' dir='ltr'>θεωρία</span> <span class='ocrx_word' id='word_1_727' title='bbox 1150 4965 1233 5030; x_wconf 79' lang='grc' dir='ltr'><strong>εἰς</strong></span> <span class='ocrx_word' id='word_1_728' title='bbox 1272 4964 1380 5018; x_wconf 80' lang='grc' dir='ltr'><strong>τὸν</strong></span> <span class='ocrx_word' id='word_1_729' title='bbox 1431 4965 1788 5034; x_wconf 75' lang='grc' dir='ltr'>Ζοροϐάϐελ.</span> 
     </span>
    </p>
   </div>
   <div class='ocr_carea' id='block_1_99' title="bbox 493 5055 2005 5129">
    <p class='ocr_par' dir='ltr' id='par_1_99' title="bbox 493 5055 2005 5129">
     <span class='ocr_line' id='line_1_99' title="bbox 493 5055 2005 5129; baseline 0.001 -17"><span class='ocrx_word' id='word_1_730' title='bbox 493 5055 803 5129; x_wconf 85' lang='grc' dir='ltr'>Ζοροϐάϐελ</span> <span class='ocrx_word' id='word_1_731' title='bbox 839 5055 959 5119; x_wconf 86' lang='grc' dir='ltr'>νέος</span> <span class='ocrx_word' id='word_1_732' title='bbox 1013 5056 1163 5109; x_wconf 70' lang='grc' dir='ltr'>ἐστὶν</span> <span class='ocrx_word' id='word_1_733' title='bbox 1207 5056 1237 5108; x_wconf 86' lang='lat'><strong>6</strong></span> <span class='ocrx_word' id='word_1_734' title='bbox 1281 5055 1370 5110; x_wconf 84' lang='grc' dir='ltr'>διὰ</span> <span class='ocrx_word' id='word_1_735' title='bbox 1401 5056 1496 5110; x_wconf 84' lang='grc' dir='ltr'>τοῦ</span> <span class='ocrx_word' id='word_1_736' title='bbox 1538 5057 1771 5113; x_wconf 86' lang='grc' dir='ltr'>παλαιοῦ</span> <span class='ocrx_word' id='word_1_737' title='bbox 1802 5059 2005 5114; x_wconf 82' lang='grc' dir='ltr'>τυπού-</span> 
     </span>
    </p>
   </div>
   <div class='ocr_carea' id='block_1_100' title="bbox 425 5142 2004 5219">
    <p class='ocr_par' dir='ltr' id='par_1_100' title="bbox 425 5142 2004 5219">
     <span class='ocr_line' id='line_1_100' title="bbox 425 5142 2004 5219; baseline 0.002 -19"><span class='ocrx_word' id='word_1_738' title='bbox 425 5161 587 5218; x_wconf 90' lang='grc' dir='ltr'>μενος</span> <span class='ocrx_word' id='word_1_739' title='bbox 638 5142 846 5216; x_wconf 82' lang='grc' dir='ltr'>Ἰησοῦς</span> <span class='ocrx_word' id='word_1_740' title='bbox 892 5144 1148 5214; x_wconf 82' lang='grc' dir='ltr'>Χριστὸς,</span> <span class='ocrx_word' id='word_1_741' title='bbox 1198 5145 1228 5199; x_wconf 91' lang='lat'><strong>6</strong></span> <span class='ocrx_word' id='word_1_742' title='bbox 1270 5146 1328 5198; x_wconf 92' lang='grc' dir='ltr'><strong>ἐν</strong></span> <span class='ocrx_word' id='word_1_743' title='bbox 1363 5148 1429 5217; x_wconf 83' lang='grc' dir='ltr'>τῇ</span> <span class='ocrx_word' id='word_1_744' title='bbox 1466 5147 1724 5218; x_wconf 88' lang='grc' dir='ltr'>συγχύσει</span> <span class='ocrx_word' id='word_1_745' title='bbox 1771 5148 1871 5219; x_wconf 88' lang='grc' dir='ltr'><strong>τῆς</strong></span> <span class='ocrx_word' id='word_1_746' title='bbox 1899 5149 2004 5219; x_wconf 84' lang='grc' dir='ltr'>φύ-</span> 
     </span>
    </p>
   </div>
   <div class='ocr_carea' id='block_1_101' title="bbox 426 5235 2006 5309">
    <p class='ocr_par' dir='ltr' id='par_1_101' title="bbox 426 5235 2006 5309">
     <span class='ocr_line' id='line_1_101' title="bbox 426 5235 2006 5309; baseline 0 -18"><span class='ocrx_word' id='word_1_747' title='bbox 426 5253 565 5300; x_wconf 87' lang='grc' dir='ltr'>σεως</span> <span class='ocrx_word' id='word_1_748' title='bbox 592 5236 749 5308; x_wconf 83' lang='grc' dir='ltr'>ἡμῶν</span> <span class='ocrx_word' id='word_1_749' title='bbox 794 5235 1142 5307; x_wconf 80' lang='grc' dir='ltr'>συλληφθεὶς,</span> <span class='ocrx_word' id='word_1_750' title='bbox 1195 5235 1290 5289; x_wconf 77' lang='grc' dir='ltr'>καὶ</span> <span class='ocrx_word' id='word_1_751' title='bbox 1329 5237 1610 5309; x_wconf 71' lang='grc' dir='ltr'>γεννηθεὶς</span> <span class='ocrx_word' id='word_1_752' title='bbox 1662 5239 1868 5302; x_wconf 85' lang='grc' dir='ltr'>τέλειος</span> <span class='ocrx_word' id='word_1_753' title='bbox 1917 5243 2006 5297; x_wconf 79' lang='grc' dir='ltr'><strong>ἄν·</strong></span> 
     </span>
    </p>
   </div>
   <div class='ocr_carea' id='block_1_102' title="bbox 427 5327 2003 5403">
    <p class='ocr_par' dir='ltr' id='par_1_102' title="bbox 427 5327 2003 5403">
     <span class='ocr_line' id='line_1_102' title="bbox 427 5327 2003 5403; baseline 0.003 -21"><span class='ocrx_word' id='word_1_754' title='bbox 427 5328 723 5402; x_wconf 86' lang='grc' dir='ltr'>θρωπος,ό</span> <span class='ocrx_word' id='word_1_755' title='bbox 759 5327 834 5400; x_wconf 85' lang='grc' dir='ltr'>μὴ</span> <span class='ocrx_word' id='word_1_756' title='bbox 865 5329 1155 5398; x_wconf 85' lang='grc' dir='ltr'>γενόμενος</span> <span class='ocrx_word' id='word_1_757' title='bbox 1195 5327 1294 5398; x_wconf 87' lang='grc' dir='ltr'>μὲν</span> <span class='ocrx_word' id='word_1_758' title='bbox 1332 5328 1430 5383; x_wconf 83' lang='grc' dir='ltr'><strong>σὺν</strong></span> <span class='ocrx_word' id='word_1_759' title='bbox 1461 5330 1595 5399; x_wconf 79' lang='grc' dir='ltr'>ἡμῖν</span> <span class='ocrx_word' id='word_1_760' title='bbox 1632 5331 2003 5403; x_wconf 76' lang='grc' dir='ltr'>αἰχμάλωτος,</span> 
     </span>
    </p>
   </div>
   <div class='ocr_carea' id='block_1_103' title="bbox 428 5417 2000 5495">
    <p class='ocr_par' dir='ltr' id='par_1_103' title="bbox 428 5417 2000 5495">
     <span class='ocr_line' id='line_1_103' title="bbox 428 5417 2000 5495; baseline 0.002 -20"><span class='ocrx_word' id='word_1_761' title='bbox 428 5417 568 5493; x_wconf 69' lang='grc' dir='ltr'>μηδὲ</span> <span class='ocrx_word' id='word_1_762' title='bbox 612 5417 749 5490; x_wconf 84' lang='grc' dir='ltr'>πρὸς</span> <span class='ocrx_word' id='word_1_763' title='bbox 798 5418 897 5490; x_wconf 84' lang='grc' dir='ltr'>τὴν</span> <span class='ocrx_word' id='word_1_764' title='bbox 947 5418 1057 5473; x_wconf 90' lang='grc' dir='ltr'><strong>τῶν</strong></span> <span class='ocrx_word' id='word_1_765' title='bbox 1104 5417 1294 5472; x_wconf 88' lang='grc' dir='ltr'>παθῶν</span> <span class='ocrx_word' id='word_1_766' title='bbox 1340 5417 1602 5490; x_wconf 84' lang='grc' dir='ltr'>σύγχυσιν</span> <span class='ocrx_word' id='word_1_767' title='bbox 1656 5425 2000 5495; x_wconf 84' lang='grc' dir='ltr'>κατασυρείς.</span> 
     </span>
    </p>
   </div>
   <div class='ocr_carea' id='block_1_104' title="bbox 430 5511 2006 5588">
    <p class='ocr_par' dir='ltr' id='par_1_104' title="bbox 430 5511 2006 5588">
     <span class='ocr_line' id='line_1_104' title="bbox 430 5511 2006 5588; baseline 0.002 -19"><span class='ocrx_word' id='word_1_768' title='bbox 430 5535 452 5569; x_wconf 72' lang='grc' dir='ltr'>ι</span> <span class='ocrx_word' id='word_1_769' title='bbox 503 5514 807 5587; x_wconf 78' lang='grc' dir='ltr'>’Δμαρτίαν</span> <span class='ocrx_word' id='word_1_770' title='bbox 850 5512 980 5584; x_wconf 85' lang='grc' dir='ltr'><strong>γάρ,</strong></span> <span class='ocrx_word' id='word_1_771' title='bbox 1033 5512 1221 5583; x_wconf 74' lang='grc' dir='ltr'>φησὶν,</span> <span class='ocrx_word' id='word_1_772' title='bbox 1251 5511 1352 5566; x_wconf 85' lang='grc' dir='ltr'><strong>οὐκ</strong></span> <span class='ocrx_word' id='word_1_773' title='bbox 1389 5513 1664 5583; x_wconf 87' lang='grc' dir='ltr'>ἐποίησεν,</span> <span class='ocrx_word' id='word_1_774' title='bbox 1695 5515 1754 5569; x_wconf 86' lang='grc' dir='ltr'><strong>ἐν</strong></span> <span class='ocrx_word' id='word_1_775' title='bbox 1781 5517 1911 5588; x_wconf 80' lang='grc' dir='ltr'>ἡμῖν</span> <span class='ocrx_word' id='word_1_776' title='bbox 1947 5519 2006 5572; x_wconf 83' lang='grc' dir='ltr'>δὲ</span> 
     </span>
    </p>
   </div>
   <div class='ocr_carea' id='block_1_105' title="bbox 426 5602 2008 5676">
    <p class='ocr_par' dir='ltr' id='par_1_105' title="bbox 426 5602 2008 5676">
     <span class='ocr_line' id='line_1_105' title="bbox 426 5602 2008 5676; baseline 0.001 -16"><span class='ocrx_word' id='word_1_777' title='bbox 426 5607 541 5670; x_wconf 83' lang='grc' dir='ltr'>τοῖς</span> <span class='ocrx_word' id='word_1_778' title='bbox 575 5603 942 5676; x_wconf 85' lang='grc' dir='ltr'>αἰχμαλώτοις</span> <span class='ocrx_word' id='word_1_779' title='bbox 991 5602 1218 5674; x_wconf 74' lang='grc' dir='ltr'>τεχθεὶς,</span> <span class='ocrx_word' id='word_1_780' title='bbox 1270 5602 1364 5655; x_wconf 73' lang='grc' dir='ltr'>καὶ</span> <span class='ocrx_word' id='word_1_781' title='bbox 1409 5602 1529 5674; x_wconf 83' lang='grc' dir='ltr'>μεθ’</span> <span class='ocrx_word' id='word_1_782' title='bbox 1559 5606 1591 5673; x_wconf 86' lang='grc' dir='ltr'><strong>ἡ</strong></span> <span class='ocrx_word' id='word_1_783' title='bbox 1603 5605 1719 5675; x_wconf 87' lang='grc' dir='ltr'><strong>μῶν</strong></span> <span class='ocrx_word' id='word_1_784' title='bbox 1747 5606 1853 5659; x_wconf 89' lang='grc' dir='ltr'><strong>τῶν</strong></span> <span class='ocrx_word' id='word_1_785' title='bbox 1892 5607 2008 5662; x_wconf 88' lang='grc' dir='ltr'>ἀνό-</span> 
     </span>
    </p>
   </div>
   <div class='ocr_carea' id='block_1_106' title="bbox 433 5690 2008 5772">
    <p class='ocr_par' dir='ltr' id='par_1_106' title="bbox 433 5690 2008 5772">
     <span class='ocr_line' id='line_1_106' title="bbox 433 5690 2008 5772; baseline 0.002 -20"><span class='ocrx_word' id='word_1_786' title='bbox 433 5714 550 5770; x_wconf 88' lang='grc' dir='ltr'><strong>μων</strong></span> <span class='ocrx_word' id='word_1_787' title='bbox 587 5696 879 5768; x_wconf 83' lang='grc' dir='ltr'>λογισθείς.</span> <span class='ocrx_word' id='word_1_788' title='bbox 923 5715 942 5748; x_wconf 74' lang='grc' dir='ltr'><strong>ι</strong></span> <span class='ocrx_word' id='word_1_789' title='bbox 981 5690 1146 5759; x_wconf 75' lang='grc' dir='ltr'>Οὗτός</span> <span class='ocrx_word' id='word_1_790' title='bbox 1184 5695 1331 5747; x_wconf 86' lang='grc' dir='ltr'>ἐστιν</span> <span class='ocrx_word' id='word_1_791' title='bbox 1371 5695 1404 5766; x_wconf 84' lang='grc' dir='ltr'>ὴ</span> <span class='ocrx_word' id='word_1_792' title='bbox 1437 5695 1682 5770; x_wconf 64' lang='grc' dir='ltr'>ἀνατολὴ,</span> <span class='ocrx_word' id='word_1_793' title='bbox 1705 5699 1879 5770; x_wconf 82' lang='grc' dir='ltr'>φωτὸς</span> <span class='ocrx_word' id='word_1_794' title='bbox 1907 5700 2008 5772; x_wconf 85' lang='grc' dir='ltr'><strong>τῆς</strong></span> 
     </span>
    </p>
   </div>
   <div class='ocr_carea' id='block_1_107' title="bbox 506 5811 1513 5884">
    <p class='ocr_par' dir='ltr' id='par_1_107' title="bbox 506 5811 1513 5884">
     <span class='ocr_line' id='line_1_107' title="bbox 506 5811 1513 5884; baseline -0.001 -14"><span class='ocrx_word' id='word_1_795' title='bbox 506 5815 550 5846; x_wconf 85' lang='grc'>⁸³</span> <span class='ocrx_word' id='word_1_796' title='bbox 579 5813 690 5873; x_wconf 82' lang='lat' dir='ltr'><strong>lsa.</strong></span> <span class='ocrx_word' id='word_1_797' title='bbox 709 5831 820 5882; x_wconf 72' lang='lat' dir='ltr'><strong>Lm,</strong></span> <span class='ocrx_word' id='word_1_798' title='bbox 845 5813 898 5881; x_wconf 88' lang='lat'><strong>9,</strong></span> <span class='ocrx_word' id='word_1_799' title='bbox 925 5813 1021 5884; x_wconf 76' lang='lat' dir='ltr'><strong>l2;</strong></span> <span class='ocrx_word' id='word_1_800' title='bbox 1058 5813 1079 5868; x_wconf 86' lang='grc' dir='ltr'><strong>ι</strong></span> <span class='ocrx_word' id='word_1_801' title='bbox 1111 5813 1256 5870; x_wconf 87' lang='lat' dir='ltr'><strong>Petr.</strong></span> <span class='ocrx_word' id='word_1_802' title='bbox 1290 5828 1349 5880; x_wconf 84' lang='grc' dir='ltr'><strong>ιι,</strong></span> <span class='ocrx_word' id='word_1_803' title='bbox 1376 5811 1466 5869; x_wconf 70' lang='lat'><strong>‘22.</strong></span> <span class='ocrx_word' id='word_1_804' title='bbox 1495 5843 1513 5856; x_wconf 87' lang='lat'><strong>-</strong></span> 
     </span>
    </p>
   </div>
   <div class='ocr_carea' id='block_1_108' title="bbox 2104 4685 3692 4757">
    <p class='ocr_par' dir='ltr' id='par_1_108' title="bbox 2104 4685 3692 4757">
     <span class='ocr_line' id='line_1_108' title="bbox 2104 4685 3692 4757; baseline -0.001 -16"><span class='ocrx_word' id='word_1_805' title='bbox 2104 4686 2416 4757; x_wconf 83' lang='lat' dir='ltr'><strong>pacificum,</strong></span> <span class='ocrx_word' id='word_1_806' title='bbox 2452 4685 2699 4754; x_wconf 86' lang='lat' dir='ltr'><strong>inquam,</strong></span> <span class='ocrx_word' id='word_1_807' title='bbox 2737 4693 2938 4741; x_wconf 88' lang='lat' dir='ltr'><strong>statum</strong></span> <span class='ocrx_word' id='word_1_808' title='bbox 2971 4693 3026 4739; x_wconf 90' lang='lat' dir='ltr'><strong>et</strong></span> <span class='ocrx_word' id='word_1_809' title='bbox 3062 4685 3440 4755; x_wconf 90' lang='lat' dir='ltr'><strong>impatibilem,</strong></span> <span class='ocrx_word' id='word_1_810' title='bbox 3475 4695 3531 4740; x_wconf 89' lang='lat' dir='ltr'><strong>et</strong></span> <span class='ocrx_word' id='word_1_811' title='bbox 3561 4686 3692 4740; x_wconf 70' lang='lat' dir='ltr'><strong>tedi-</strong></span> 
     </span>
    </p>
   </div>
   <div class='ocr_carea' id='block_1_109' title="bbox 2108 4779 3690 4851">
    <p class='ocr_par' dir='ltr' id='par_1_109' title="bbox 2108 4779 3690 4851">
     <span class='ocr_line' id='line_1_109' title="bbox 2108 4779 3690 4851; baseline -0.001 -17"><span class='ocrx_word' id='word_1_812' title='bbox 2108 4779 2294 4836; x_wconf 83' lang='lat' dir='ltr'><strong>ficavit</strong></span> <span class='ocrx_word' id='word_1_813' title='bbox 2322 4779 2609 4849; x_wconf 87' lang='lat' dir='ltr'><strong>templum,</strong></span> <span class='ocrx_word' id='word_1_814' title='bbox 2631 4794 2831 4850; x_wconf 87' lang='lat' dir='ltr'><strong>nempe</strong></span> <span class='ocrx_word' id='word_1_815' title='bbox 2860 4779 3231 4851; x_wconf 86' lang='lat' dir='ltr'><strong>cognitionem</strong></span> <span class='ocrx_word' id='word_1_816' title='bbox 3259 4795 3514 4850; x_wconf 91' lang='lat' dir='ltr'><strong>capacem</strong></span> <span class='ocrx_word' id='word_1_817' title='bbox 3539 4794 3690 4833; x_wconf 90' lang='lat' dir='ltr'><strong>sum-</strong></span> 
     </span>
    </p>
   </div>
   <div class='ocr_carea' id='block_1_110' title="bbox 2107 4870 2541 4941">
    <p class='ocr_par' dir='ltr' id='par_1_110' title="bbox 2107 4870 2541 4941">
     <span class='ocr_line' id='line_1_110' title="bbox 2107 4870 2541 4941; baseline -0.005 -15"><span class='ocrx_word' id='word_1_818' title='bbox 2107 4886 2210 4927; x_wconf 82' lang='lat' dir='ltr'><strong>mae</strong></span> <span class='ocrx_word' id='word_1_819' title='bbox 2239 4870 2541 4941; x_wconf 62' lang='lat' dir='ltr'><strong>sapientia.</strong></span> 
     </span>
    </p>
   </div>
   <div class='ocr_carea' id='block_1_111' title="bbox 2406 4961 3391 5032">
    <p class='ocr_par' dir='ltr' id='par_1_111' title="bbox 2406 4961 3391 5032">
     <span class='ocr_line' id='line_1_111' title="bbox 2406 4961 3391 5032; baseline -0.002 -16"><span class='ocrx_word' id='word_1_820' title='bbox 2406 4962 2530 5017; x_wconf 78' lang='lat' dir='ltr'><strong>Alia</strong></span> <span class='ocrx_word' id='word_1_821' title='bbox 2572 4961 2949 5032; x_wconf 80' lang='lat' dir='ltr'><strong>contemplatio</strong></span> <span class='ocrx_word' id='word_1_822' title='bbox 2984 4961 3048 5015; x_wconf 85' lang='lat' dir='ltr'><strong>de</strong></span> <span class='ocrx_word' id='word_1_823' title='bbox 3081 4961 3391 5016; x_wconf 80' lang='lat' dir='ltr'><strong>Zorobabel.</strong></span> 
     </span>
    </p>
   </div>
   <div class='ocr_carea' id='block_1_112' title="bbox 2180 5048 3690 5121">
    <p class='ocr_par' dir='ltr' id='par_1_112' title="bbox 2180 5048 3690 5121">
     <span class='ocr_line' id='line_1_112' title="bbox 2180 5048 3690 5121; baseline -0.001 -15"><span class='ocrx_word' id='word_1_824' title='bbox 2180 5052 2483 5108; x_wconf 88' lang='lat' dir='ltr'><strong>Zorobabel</strong></span> <span class='ocrx_word' id='word_1_825' title='bbox 2515 5065 2711 5116; x_wconf 86' lang='lat' dir='ltr'><strong>novus,</strong></span> <span class='ocrx_word' id='word_1_826' title='bbox 2746 5052 2840 5121; x_wconf 89' lang='lat' dir='ltr'><strong>qui</strong></span> <span class='ocrx_word' id='word_1_827' title='bbox 2874 5066 2975 5121; x_wconf 90' lang='lat' dir='ltr'><strong>per</strong></span> <span class='ocrx_word' id='word_1_828' title='bbox 3008 5060 3250 5105; x_wconf 84' lang='lat' dir='ltr'><strong>veterem</strong></span> <span class='ocrx_word' id='word_1_829' title='bbox 3278 5048 3380 5102; x_wconf 91' lang='lat' dir='ltr'><strong>fuit</strong></span> <span class='ocrx_word' id='word_1_830' title='bbox 3405 5048 3690 5119; x_wconf 83' lang='lat' dir='ltr'><strong>ﬁguratus,</strong></span> 
     </span>
    </p>
   </div>
   <div class='ocr_carea' id='block_1_113' title="bbox 2107 5138 3695 5212">
    <p class='ocr_par' dir='ltr' id='par_1_113' title="bbox 2107 5138 3695 5212">
     <span class='ocr_line' id='line_1_113' title="bbox 2107 5138 3695 5212; baseline -0.004 -11"><span class='ocrx_word' id='word_1_831' title='bbox 2107 5154 2192 5201; x_wconf 89' lang='lat' dir='ltr'><strong>est</strong></span> <span class='ocrx_word' id='word_1_832' title='bbox 2224 5147 2385 5201; x_wconf 87' lang='lat' dir='ltr'><strong>Jesus</strong></span> <span class='ocrx_word' id='word_1_833' title='bbox 2407 5143 2680 5208; x_wconf 88' lang='lat' dir='ltr'><strong>Christus,</strong></span> <span class='ocrx_word' id='word_1_834' title='bbox 2715 5143 2809 5212; x_wconf 88' lang='lat' dir='ltr'><strong>qui</strong></span> <span class='ocrx_word' id='word_1_835' title='bbox 2834 5141 2938 5197; x_wconf 91' lang='lat' dir='ltr'><strong>fuit</strong></span> <span class='ocrx_word' id='word_1_836' title='bbox 2968 5148 3265 5209; x_wconf 90' lang='lat' dir='ltr'><strong>conceptus</strong></span> <span class='ocrx_word' id='word_1_837' title='bbox 3287 5139 3344 5193; x_wconf 89' lang='lat' dir='ltr'><strong>in</strong></span> <span class='ocrx_word' id='word_1_838' title='bbox 3374 5138 3695 5195; x_wconf 86' lang='lat' dir='ltr'><strong>confusione</strong></span> 
     </span>
    </p>
   </div>
   <div class='ocr_carea' id='block_1_114' title="bbox 2109 5231 3696 5304">
    <p class='ocr_par' dir='ltr' id='par_1_114' title="bbox 2109 5231 3696 5304">
     <span class='ocr_line' id='line_1_114' title="bbox 2109 5231 3696 5304; baseline -0.004 -11"><span class='ocrx_word' id='word_1_839' title='bbox 2109 5246 2313 5293; x_wconf 73' lang='lat' dir='ltr'><strong>nostra:</strong></span> <span class='ocrx_word' id='word_1_840' title='bbox 2347 5244 2578 5292; x_wconf 66' lang='lat' dir='ltr'><strong>naturae.</strong></span> <span class='ocrx_word' id='word_1_841' title='bbox 2612 5235 2681 5291; x_wconf 89' lang='lat' dir='ltr'><strong>Et</strong></span> <span class='ocrx_word' id='word_1_842' title='bbox 2721 5233 2939 5304; x_wconf 88' lang='lat' dir='ltr'><strong>genitus</strong></span> <span class='ocrx_word' id='word_1_843' title='bbox 2980 5231 3204 5301; x_wconf 89' lang='lat' dir='ltr'><strong>quidem</strong></span> <span class='ocrx_word' id='word_1_844' title='bbox 3252 5238 3338 5285; x_wconf 91' lang='lat' dir='ltr'><strong>est</strong></span> <span class='ocrx_word' id='word_1_845' title='bbox 3371 5231 3536 5286; x_wconf 89' lang='lat' dir='ltr'><strong>homo</strong></span> <span class='ocrx_word' id='word_1_846' title='bbox 3570 5246 3696 5300; x_wconf 82' lang='lat' dir='ltr'><strong>per-</strong></span> 
     </span>
    </p>
   </div>
   <div class='ocr_carea' id='block_1_115' title="bbox 2111 5323 3699 5400">
    <p class='ocr_par' dir='ltr' id='par_1_115' title="bbox 2111 5323 3699 5400">
     <span class='ocr_line' id='line_1_115' title="bbox 2111 5323 3699 5400; baseline -0.006 -13"><span class='ocrx_word' id='word_1_847' title='bbox 2111 5331 2310 5394; x_wconf 89' lang='lat' dir='ltr'><strong>fectus,</strong></span> <span class='ocrx_word' id='word_1_848' title='bbox 2345 5329 2440 5400; x_wconf 91' lang='lat' dir='ltr'><strong>qui</strong></span> <span class='ocrx_word' id='word_1_849' title='bbox 2473 5343 2585 5383; x_wconf 92' lang='lat' dir='ltr'><strong>non</strong></span> <span class='ocrx_word' id='word_1_850' title='bbox 2622 5326 2728 5381; x_wconf 91' lang='lat' dir='ltr'><strong>fuit</strong></span> <span class='ocrx_word' id='word_1_851' title='bbox 2768 5325 3057 5381; x_wconf 89' lang='lat' dir='ltr'><strong>nobiscum</strong></span> <span class='ocrx_word' id='word_1_852' title='bbox 3099 5323 3368 5393; x_wconf 88' lang='lat' dir='ltr'><strong>captivus,</strong></span> <span class='ocrx_word' id='word_1_853' title='bbox 3401 5339 3582 5394; x_wconf 88' lang='lat' dir='ltr'><strong>neque</strong></span> <span class='ocrx_word' id='word_1_854' title='bbox 3615 5331 3699 5378; x_wconf 82' lang='lat' dir='ltr'><strong>at-</strong></span> 
     </span>
    </p>
   </div>
   <div class='ocr_carea' id='block_1_116' title="bbox 2113 5420 3698 5490">
    <p class='ocr_par' dir='ltr' id='par_1_116' title="bbox 2113 5420 3698 5490">
     <span class='ocr_line' id='line_1_116' title="bbox 2113 5420 3698 5490; baseline -0.004 -10"><span class='ocrx_word' id='word_1_855' title='bbox 2113 5432 2322 5480; x_wconf 88' lang='lat' dir='ltr'><strong>tractus</strong></span> <span class='ocrx_word' id='word_1_856' title='bbox 2355 5424 2425 5478; x_wconf 88' lang='lat' dir='ltr'><strong>ad</strong></span> <span class='ocrx_word' id='word_1_857' title='bbox 2459 5420 2837 5478; x_wconf 88' lang='lat' dir='ltr'><strong>confusionem</strong></span> <span class='ocrx_word' id='word_1_858' title='bbox 2871 5420 3040 5474; x_wconf 88' lang='lat' dir='ltr'><strong>animi</strong></span> <span class='ocrx_word' id='word_1_859' title='bbox 3086 5428 3336 5474; x_wconf 89' lang='lat' dir='ltr'><strong>motuum</strong></span> <span class='ocrx_word' id='word_1_860' title='bbox 3381 5435 3446 5475; x_wconf 89' lang='lat' dir='ltr'><strong>ac</strong></span> <span class='ocrx_word' id='word_1_861' title='bbox 3480 5429 3698 5490; x_wconf 82' lang='lat' dir='ltr'><strong>pertur-</strong></span> 
     </span>
    </p>
   </div>
   <div class='ocr_carea' id='block_1_117' title="bbox 2112 5511 3699 5582">
    <p class='ocr_par' dir='ltr' id='par_1_117' title="bbox 2112 5511 3699 5582">
     <span class='ocr_line' id='line_1_117' title="bbox 2112 5511 3699 5582; baseline -0.004 -9"><span class='ocrx_word' id='word_1_862' title='bbox 2112 5518 2416 5574; x_wconf 90' lang='lat' dir='ltr'><strong>bationum.</strong></span> <span class='ocrx_word' id='word_1_863' title='bbox 2451 5535 2468 5567; x_wconf 81' lang='grc' dir='ltr'><strong>ι</strong></span> <span class='ocrx_word' id='word_1_864' title='bbox 2500 5515 2792 5570; x_wconf 88' lang='lat' dir='ltr'><strong>Peccatum</strong></span> <span class='ocrx_word' id='word_1_865' title='bbox 2816 5513 2986 5579; x_wconf 92' lang='lat' dir='ltr'><strong>enim,</strong></span> <span class='ocrx_word' id='word_1_866' title='bbox 3014 5513 3213 5582; x_wconf 89' lang='lat' dir='ltr'><strong>inquit,</strong></span> <span class='ocrx_word' id='word_1_867' title='bbox 3238 5527 3348 5566; x_wconf 90' lang='lat' dir='ltr'><strong>non</strong></span> <span class='ocrx_word' id='word_1_868' title='bbox 3373 5511 3522 5577; x_wconf 90' lang='lat' dir='ltr'><strong>fecit,</strong></span> <span class='ocrx_word' id='word_1_869' title='bbox 3553 5511 3699 5567; x_wconf 88' lang='lat' dir='ltr'><strong>inter</strong></span> 
     </span>
    </p>
   </div>
   <div class='ocr_carea' id='block_1_118' title="bbox 2111 5601 3698 5675">
    <p class='ocr_par' dir='ltr' id='par_1_118' title="bbox 2111 5601 3698 5675">
     <span class='ocr_line' id='line_1_118' title="bbox 2111 5601 3698 5675; baseline -0.004 -13"><span class='ocrx_word' id='word_1_870' title='bbox 2111 5623 2214 5663; x_wconf 91' lang='lat' dir='ltr'><strong>nos</strong></span> <span class='ocrx_word' id='word_1_871' title='bbox 2238 5617 2420 5661; x_wconf 87' lang='lat' dir='ltr'><strong>autem</strong></span> <span class='ocrx_word' id='word_1_872' title='bbox 2452 5605 2697 5675; x_wconf 89' lang='lat' dir='ltr'><strong>captivos</strong></span> <span class='ocrx_word' id='word_1_873' title='bbox 2722 5613 2806 5658; x_wconf 88' lang='lat' dir='ltr'><strong>est</strong></span> <span class='ocrx_word' id='word_1_874' title='bbox 2834 5613 2995 5658; x_wconf 89' lang='lat' dir='ltr'><strong>natus</strong></span> <span class='ocrx_word' id='word_1_875' title='bbox 3021 5621 3034 5656; x_wconf 89' lang='lat'><strong>:</strong></span> <span class='ocrx_word' id='word_1_876' title='bbox 3061 5611 3120 5658; x_wconf 89' lang='lat' dir='ltr'><strong>et</strong></span> <span class='ocrx_word' id='word_1_877' title='bbox 3145 5619 3270 5658; x_wconf 91' lang='lat' dir='ltr'><strong>cum</strong></span> <span class='ocrx_word' id='word_1_878' title='bbox 3301 5602 3463 5657; x_wconf 91' lang='lat' dir='ltr'><strong>nobis</strong></span> <span class='ocrx_word' id='word_1_879' title='bbox 3492 5601 3698 5672; x_wconf 86' lang='lat' dir='ltr'><strong>iniquis</strong></span> 
     </span>
    </p>
   </div>
   <div class='ocr_carea' id='block_1_119' title="bbox 2112 5691 3700 5768">
    <p class='ocr_par' dir='ltr' id='par_1_119' title="bbox 2112 5691 3700 5768">
     <span class='ocr_line' id='line_1_119' title="bbox 2112 5691 3700 5768; baseline -0.005 -12"><span class='ocrx_word' id='word_1_880' title='bbox 2112 5707 2196 5756; x_wconf 91' lang='lat' dir='ltr'><strong>est</strong></span> <span class='ocrx_word' id='word_1_881' title='bbox 2232 5704 2518 5768; x_wconf 88' lang='lat' dir='ltr'><strong>reputatus</strong></span> <span class='ocrx_word' id='word_1_882' title='bbox 2552 5695 2617 5751; x_wconf 80' lang='lat'><strong>&quot;.</strong></span> <span class='ocrx_word' id='word_1_883' title='bbox 2674 5715 2692 5749; x_wconf 72' lang='grc' dir='ltr'><strong>ι</strong></span> <span class='ocrx_word' id='word_1_884' title='bbox 2724 5697 2846 5766; x_wconf 91' lang='lat' dir='ltr'><strong>lpse</strong></span> <span class='ocrx_word' id='word_1_885' title='bbox 2886 5703 2971 5750; x_wconf 82' lang='lat' dir='ltr'><strong>est</strong></span> <span class='ocrx_word' id='word_1_886' title='bbox 3026 5693 3214 5750; x_wconf 90' lang='lat' dir='ltr'><strong>oriens</strong></span> <span class='ocrx_word' id='word_1_887' title='bbox 3261 5692 3400 5750; x_wconf 88' lang='lat' dir='ltr'><strong>lucis</strong></span> <span class='ocrx_word' id='word_1_888' title='bbox 3451 5691 3700 5748; x_wconf 82' lang='lat' dir='ltr'><strong>veritatis</strong></span> 
     </span>
    </p>
   </div>
  </div>
