4076 6504
413 367 551 418 ιξιδδ
597 433 602 436 _

1630 353 1687 410 S.
1723 353 2004 414 CYﬂILLl
2041 353 2131 410 ET
2164 352 2474 412 ALIORUM

3534 377 3674 435 ΗΒΕ

407 495 533 558 _qu:e
561 477 742 532 illuxit
773 476 842 533 iis
869 473 965 546 qui
995 483 1124 531 sunt
1151 475 1386 546 dispersi
1415 475 1486 530 ab
1524 491 1737 531 errore.
1777 495 1795 527 ι
1833 474 1975 532 Orie-

2097 474 2358 546 ἀληθείας
2402 475 2497 529 τοῦ
2532 469 2846 548 λάμψαντος
2877 465 3398 554 τοῖςδιασπαρείσιν
3442 462 3556 540 ὑπὸ
3578 492 3676 558 τῆς

410 569 902 638 turenim,inquit,
921 567 1080 640 nobis
1095 567 1422 638 soljustitiae
1448 583 1462 620 :
1491 576 1549 621 et
1576 566 1762 620 oriens
1789 581 1975 620 nomer

2078 564 2324 635 νπλάνης.
2365 583 2384 617 t
2440 567 2716 621 Ἀνατελεῖ
2733 570 2860 642 γὰρ,
2889 573 3075 640 φησὶν,
3107 573 3241 642 ἡμῖν
3293 573 3446 643 ἥλιος
3469 575 3673 630 δικαιο·

407 661 512 732 ipsi
547 663 613 715 “.
664 680 682 713 ι
714 661 833 730 Ipse
867 669 952 714 est
984 659 1077 728 qui
1117 668 1174 713 et
1199 658 1370 713 verbo
1399 666 1456 712 et
1483 657 1628 712 facto
1656 657 1790 712 vicit
1817 665 1991 712 totum

405 754 695 819 mundum,
729 764 785 807 et
812 767 940 807 vere
986 753 1186 806 liberat
1225 766 1322 805 eos
1361 751 1455 820 qui
1486 751 1589 820 ipsi
1633 759 1848 820 parent,
1879 758 1934 803 et
1959 763 1990 804 a

405 846 652 902 tenebris
680 845 896 901 reducit
919 844 987 900 ad
1011 845 1199 898 lumen
1217 883 1232 906 ,
1273 851 1330 897 et
1369 857 1400 895 a
1429 843 1565 897 vitio
1591 843 1660 897 ad
1695 843 1952 896 virtutem
1971 881 1986 907 ,

402 950 461 995 et
489 955 520 994 a
553 947 731 994 morte
772 937 840 992 ad
869 937 1058 1000 vitam,
1087 946 1142 990 et
1175 950 1207 988 a
1245 942 1388 989 terra
1422 935 1477 988 in
1505 935 1724 989 caelum.
1754 935 1872 1004 Ipse
1905 941 1990 988 est

402 1033 623 1100 sapiens
641 1029 942 1085 aedificator
968 1027 1153 1096 templi
1181 1026 1392 1080 ratione
1419 1025 1634 1095 prazditi
1661 1026 1808 1094 quod
1835 1040 1865 1079 a
1891 1040 1987 1079 no-

403 1125 534 1179 stris
573 1121 874 1191 conﬂagrat
910 1118 1199 1174 affectibus
1231 1127 1288 1171 et
1322 1117 1858 1187 perturbationibus,
1887 1116 1981 1185 qui

401 1213 711 1270 construxit
736 1227 849 1266 non
863 1206 1033 1264 'manu
1054 1207 1256 1262 factum
1277 1207 1541 1276 templum
1569 1206 1983 1276 assumptionis,

403 1309 460 1361 in
504 1322 615 1376 quo
659 1305 825 1360 etiam
869 1302 1156 1357 habitavit.
1204 1301 1324 1370 Ipse
1351 1309 1437 1354 est
1484 1300 1553 1354 de
1593 1314 1704 1369 quo
1733 1299 1987 1369 praedixit

400 1399 642 1470 Spiritus
675 1405 928 1450 sanctus:
953 1395 1171 1448 «Manus
1199 1391 1500 1446 Zorobabcl
1520 1391 1821 1445 fundarunt
1841 1391 1987 1444 hanc

399 1490 650 1552 domum,
675 1495 732 1542 et
755 1489 873 1556 ejus
901 1501 1093 1539 manus
1128 1499 1250 1538 eam
1281 1481 1566 1552 perficient
1587 1500 1598 1535 :
1616 1500 1633 1533 ι
1665 1490 1721 1536 et
1742 1482 1982 1551 priorem

401 1579 718 1651 significans
741 1577 978 1630 hominis
1006 1574 1409 1638 formationem,
1436 1582 1493 1628 et
1513 1575 1764 1628 ultimam
1794 1575 1847 1628 in
1877 1575 1983 1629 sei-

397 1685 502 1741 pso
538 1667 998 1724 reformationem.
1041 1666 1212 1736 Cujus
1252 1681 1448 1719 manus
1479 1665 1619 1719 dixit
1658 1665 1982 1720 creatricem

399 1767 751 1832 potestatem.
782 1759 902 1828 Ipse
929 1767 1013 1812 est
1053 1755 1378 1820 Zorobabel,
1415 1757 1472 1809 in
1501 1758 1659 1827 cujus
1699 1771 1861 1810 manu
1896 1765 1981 1810 est

2093 655 2282 724 σύνης,
2335 655 2432 709 καὶ
2483 657 2718 728 ἀνατολὴ
2751 659 2923 730 ὄνομα
2969 660 3157 715 αὑτοῦ.
3210 681 3229 714 ι
3261 655 3430 727 Οὗτός
3467 665 3617 719 ἐστιν
3645 667 3673 717 6

2090 747 2187 801 καὶ
2230 746 2373 816 λόγῳ
2404 747 2501 801 καὶ
2544 747 2692 820 ἔργῳ
2730 751 2962 820 νικήσας
3009 751 3131 806 ὅλον
3177 752 3268 808 τὸν
3321 753 3547 825 κόσμον,
3578 756 3676 809 καὶ

2089 837 2307 907 ἀληθῶς
2335 838 2634 909 ἐλευθερῶν
2653 841 2779 904 τοὺς
2809 842 3163 913 πειθομένους
3178 843 3350 914 αὐτῷ,
3381 846 3477 898 καὶ
3501 846 3672 899 ἐπαν-

2088 929 2238 995 άγων
2265 928 2375 980 ἀπὸ
2427 931 2654 994 σκότους
2676 933 2758 994 είς
2788 931 2924 1002 φῶς,
2960 935 3055 987 καὶ
3077 934 3185 987 ἀπὸ
3211 935 3409 1001 κακίας
3438 937 3519 1000 είς
3537 939 3672 1008 ἀρε-

2086 1018 2205 1090 τὴν,
2238 1019 2333 1074 καὶ⁵
2359 1021 2469 1076 ἀπὸ
2508 1021 2742 1079 Θανάτου
2770 1026 2850 1088 είς
2873 1024 3038 1093 ζωὴν,
3070 1027 3166 1082 καὶ
3201 1025 3313 1079 ἀπὸ
3347 1027 3450 1098 γῆς
3473 1030 3552 1090 είς
3579 1028 3673 1081 οὐ-

2091 1111 2272 1182 ρανόν.
2314 1105 2485 1176 οὗτός
2535 1115 2682 1166 ἐστιν
2728 1115 2759 1167 6
2804 1116 2967 1182 σοφὸς
2994 1116 3276 1186 οἰκοδόμος
3311 1116 3406 1169 τοῦ
3455 1117 3674 1189 ἐμπρη-

2089 1195 2308 1266 σθέντος
2357 1203 2438 1274 τῷ
2482 1204 2618 1275 πυρὶ
2648 1204 2758 1260 τῶν
2785 1207 2975 1260 παθῶν
2999 1210 3033 1277 ἡ
3043 1207 3158 1277 μῶν
3208 1207 3428 1277 λογικοῦ
3458 1207 3608 1277 ναοῦ,
3641 1213 3674 1263 6

2083 1295 2502 1359 ,κατασκευάσας
2529 1295 2623 1351 τὸν
2659 1299 3070 1370 ἀχειροποίητον
3098 1301 3224 1354 ναὸν
3247 1301 3341 1354 τοῦ
3382 1301 3589 1374 προσλή
3599 1321 3670 1372 μ-

2088 1402 2258 1456 ματος
2281 1426 2296 1451 ,
2329 1389 2387 1439 ὲν
2430 1380 2476 1455 ᾧ
2501 1386 2597 1442 καὶ
2636 1389 2970 1458 ἐσκήνωσεν.
3005 1383 3172 1453 Οὗτός
3199 1391 3347 1443 ἐστιν
3391 1386 3453 1444 οὗ
3482 1391 3672 1460 προεί-

2089 1495 2231 1550 ρηκε
2259 1479 2322 1532 τὸ
2341 1478 2566 1550 Πνεῦμα
2592 1480 2654 1532 τδ
2680 1480 2854 1549 ἅγιον·
2872 1482 2967 1534 «Δί
2997 1483 3177 1552 χεῖρες
3206 1482 3516 1551 Ζοροϐάϐελ
3541 1483 3669 1536 ἐθε-

2087 1570 2360 1641 μελίωσαν
2406 1571 2497 1624 τὸν
2549 1571 2697 1625 οἷκον
2738 1573 2950 1637 τοῦτον,
3011 1573 3107 1626 καὶ
3160 1575 3217 1626 αί
3268 1577 3451 1645 χεῖρες
3498 1575 3670 1629 αὐτοῦ

2085 1661 2500 1714 ὲπιτελέσουσιν
2532 1661 2728 1715 αὐτόν·
2749 1683 2769 1714 ι
2802 1663 2904 1732 τήν
2956 1678 3015 1714 τε
3052 1665 3329 1736 προτέραν
3349 1665 3547 1734 δηλοῦν
3569 1665 3670 1718 τοῦ

2084 1752 2370 1822 ἀνθρώπου
2413 1753 2721 1820 διάπλασιν,
2777 1755 2872 1807 καὶ
2903 1755 3003 1825 τὴν
3037 1755 3354 1811 τελευταίαν
3383 1759 3442 1810 ἐν
3488 1759 3671 1826 ἑαυτῷ

397 1824 542 1920 tapis
589 1824 872 1904 stanneus.
917 1848 1138 1916 Septem
1177 1857 1361 1901 autem
1408 1824 1581 1916 hujus:
1616 1847 1812 1915 lapidis
1853 1855 1975 1900 sunt

2083 1845 2411 1900 ἀνάπλασιν.
2439 1840 2516 1901 Oi:
2562 1850 2751 1917 χεῖρας
2784 1842 2906 1900 εἷπε
2939 1824 3039 1917 τὴν
3071 1849 3470 1920 δημιουργικὴν
3502 1824 3671 1903 δύναζ

395 1943 566 1996 oculi.
614 1942 859 1996 Priscum
899 1941 1048 1994 enim
1077 1938 1380 1992 Zorobabel
1424 1953 1693 2007 nusquam
1739 1938 1984 2007 prodidit

397 2032 628 2087 historia
650 2033 798 2085 hunc
824 2030 1058 2099 lapidem
1082 2028 1409 2098 possedisse.
1439 2027 1616 2097 Atque
1640 2044 1835 2083 manus
1858 2028 1984 2098 qui-

398 2125 522 2178 dem
566 2124 692 2178 novi
742 2121 1044 2177 Zorobabel
1093 2129 1178 2175 est
1221 2120 1367 2174 actio
1410 2121 1794 2176 mandatorum
1839 2122 1977 2191 ejus.

396 2217 560 2285 Lapis
588 2224 771 2271 autem
812 2223 1075 2268 stanneus
1099 2221 1183 2267 est
1213 2213 1267 2266 in
1306 2227 1434 2266 eum
1480 2213 1635 2268 ﬁdes.
1667 2215 1802 2268 Nam
1843 2214 1982 2270 fides

399 2306 604 2361 incum
640 2307 888 2360 cernitur
918 2305 971 2358 in
1003 2303 1220 2358 actione
1261 2304 1381 2373 ejus
1426 2303 1834 2358 mandatorum.
1870 2302 1979 2358 Sed

398 2403 512 2470 ipsa
547 2399 766 2469 quidem
799 2405 883 2452 est
911 2397 1050 2467 lapis
1080 2403 1304 2465 propter
1345 2393 1660 2449 ﬁrmitatem
1696 2403 1754 2448 et
1780 2395 1979 2448 immo-

398 2493 685 2555 bilitatem,
713 2489 861 2560 quod
902 2489 1098 2542 attinet
1128 2487 1196 2540 ad
1238 2487 1548 2541 veritatem.
1579 2486 1851 2542 Stanneus
1878 2502 1978 2540 au-

398 2596 528 2649 tem,
553 2591 842 2653 propterea
873 2579 1019 2650 quod
1055 2587 1309 2632 stannum
1345 2593 1466 2632 eam
1507 2577 1800 2648 exprimat.
1826 2576 1978 2644 Quo-

395 2676 562 2730 modo
602 2678 748 2729 enlm
789 2682 1045 2727 stannum
1077 2678 1162 2724 est
1202 2672 1478 2740 particeps
1501 2669 1858 2739 proprietatis
1884 2685 1976 2724 ar-

395 2768 544 2842 genti
571 2779 628 2822 et
655 2765 884 2836 plumbi.
919 2763 1012 2818 Sic
1034 2763 1182 2818 enim
1224 2763 1340 2832 ipsa
1367 2762 1635 2831 glorificat
1673 2762 1895 2831 quidem
1929 2762 1976 2816 si

393 2869 647 2916 servetur
679 2878 693 2910 :
739 2857 899 2928 punit
931 2864 1136 2918 autem,
1170 2853 1215 2908 si
1247 2869 1358 2907 non
1389 2861 1660 2908 servetur.
1710 2853 1975 2924 Supplicii

392 2951 542 3007 enim
571 2950 788 3020 signum
830 2955 914 3000 est
947 2943 1266 3014 plumbum,
1298 2943 1610 3013 splendoris
1641 2952 1855 3009 autem,
1883 2962 1974 3000 ar-

393 3049 638 3112 gentum.
673 3039 895 3108 Septem
933 3043 1118 3090 autem
1155 3035 1298 3088 oculi
1332 3035 1496 3104 hujus
1521 3051 1643 3105 qua:
1669 3036 1724 3090 in
1758 3039 1973 3094 actione

392 3139 647 3188 versatur
667 3129 816 3193 ﬁdei,
836 3135 966 3182 sunt
990 3133 1199 3196 septem
1222 3125 1368 3180 dona
1393 3125 1566 3180 sancti
1597 3125 1835 3195 Spiritus
1852 3143 1974 3198 qua:

388 3221 738 3279 enumeravit
755 3219 940 3274 Isaias.
968 3217 1208 3287 Spiritus
1241 3216 1542 3286 sapientiae,
1562 3218 1789 3288 spiritus
1810 3219 1973 3276 intel-

389 3314 650 3386 ligent-ias,
676 3312 902 3383 spiritus
925 3308 1278 3381 cognitionis,
1306 3307 1535 3378 spiritus
1561 3310 1824 3375 scientia,
1858 3312 1974 3382 spi-

301 3447 318 3458 .
391 3409 534 3463 ritus
549 3404 793 3470 consilii,
839 3402 1068 3474 spiritus
1094 3401 1336 3466 virtutis,
1362 3401 1590 3472 Spiritus
1616 3402 1832 3458 timoris
1854 3405 1971 3460 Dei.

390 3499 490 3556 Est
523 3507 706 3553 autem
753 3495 970 3552 timoris
1011 3493 1236 3563 quidem
1282 3494 1596 3563 proprium,
1631 3496 1910 3552 abstinere
1941 3513 1973 3552 a

389 3589 550 3644 malis
575 3606 588 3642 :
612 3587 838 3642 virtutis
869 3591 1078 3648 autem,
1114 3582 1257 3637 bona
1289 3598 1476 3654 agere.
1511 3583 1741 3640 Consilii
1763 3597 1972 3654 autem,

384 3683 706 3756 discernere
746 3693 813 3732 ea
858 3691 982 3746 quae
1029 3674 1409 3730 adversentur.
1446 3675 1705 3732 Scientia
1748 3687 1971 3742 autem,

385 3771 532 3829 scire
552 3770 746 3824 modos
764 3768 1007 3823 virtutis.
1022 3767 1366 3838 Cognitionis
1386 3778 1592 3835 autem,
1608 3771 1971 3839 contemplari

388 3864 632 3918 rationes
663 3878 784 3932 qua:
816 3868 946 3916 sunt
969 3859 1023 3914 in
1047 3859 1339 3916 mandatis.
1375 3860 1756 3931 Intelligentite
1783 3870 1970 3918 autem

386 3954 572 4008 animo
600 3951 852 4007 assentiri
883 3951 1045 4006 dictis
1074 3951 1252 4006 modis
1281 3959 1336 4006 et
1373 3951 1703 4006 rationibus.
1737 3951 1970 4021 Sapien-

388 4045 478 4099 tize
507 4053 691 4098 autem
731 4043 954 4113 propria
987 4052 1074 4098 est
1099 4042 1283 4097 adhuc
1322 4042 1710 4097 sublimiorum
1741 4053 1798 4097 et
1824 4044 1970 4098 divi-

385 4136 608 4190 niorum
659 4135 939 4190 rationum
999 4134 1372 4206 mystagogia,
1435 4149 1533 4188 seu
1591 4133 1648 4188 in
1696 4137 1971 4206 mysteriis

386 4227 681 4284 institutio.
725 4227 893 4283 Isaias
922 4226 1145 4296 quidem
1177 4225 1452 4296 incipiens
1477 4226 1547 4280 ab
1580 4241 1648 4282 eo
1674 4229 1822 4298 quod
1856 4231 1970 4286 Deo

384 4321 607 4390 quidem
637 4326 725 4374 est
762 4317 1095 4388 proximum,
1133 4317 1298 4372 nobis
1335 4324 1519 4372 autem
1554 4318 1831 4386 ultimum,
1867 4321 1968 4377 de-

383 4411 600 4467 scendit
641 4409 710 4464 ad
761 4409 816 4464 id
860 4409 1009 4480 quod
1040 4409 1204 4464 nobis
1229 4408 1454 4478 quidem
1486 4419 1573 4466 est
1617 4412 1927 4481 proximum
1948 4455 1964 4480 ,

2085 1953 2199 2006 μιν.
2229 1931 2396 2001 Οὗτός
2431 1938 2579 1990 ἐστιν
2613 1939 2642 1991 6
2675 1938 2982 2010 Ζοροϐάϐελ
3006 1935 3068 1994 οὗ
3095 1943 3153 1994 ὲν
3179 1946 3247 2013 τῇ
3285 1946 3428 2014 χειρὶ
3463 1945 3493 1996 6
3521 1944 3670 2008 λίθος

2081 2029 2110 2081 6
2140 2029 2533 2101 κασσιτέρινος.
2581 2031 2752 2088 Ἐπτά
2778 2033 2834 2085 δὲ
2858 2033 2952 2086 τοῦ
2986 2033 3135 2088 λίθου
3165 2036 3356 2090 τούτου
3390 2039 3439 2090 oi
3466 2037 3670 2107 ὀφθαλ-

2083 2120 2193 2189 μοί.
2249 2121 2308 2174 Ὀ
2334 2123 2444 2192 γὰρ
2473 2122 2702 2187 παλαιὸς
2738 2123 3045 2196 Ζοροϐάϐελ
3091 2127 3341 2198 οὐδαμῶς
3386 2129 3671 2201 ἱστόρηται

2080 2211 2227 2265 λίθον
2268 2213 2512 2267 τοιοῦτον
2547 2215 2908 2285 κτησάμενος.
2955 2218 3092 2288 Χεὶρ
3137 2219 3238 2289 μὲν
3282 2215 3376 2273 οῦν
3403 2220 3498 2272 τοῦ
3543 2223 3669 2275 νέου

2080 2301 2386 2372 Ζοροϐάϐελ
2423 2305 2456 2373 ή
2487 2304 2688 2375 πρᾶξις
2715 2306 2825 2360 τῶν
2874 2307 3105 2363 ἐντολῶν
3152 2309 3340 2366 αὑτοῦ.
3391 2311 3552 2375 Δίθος
3606 2313 3668 2366 δὲ

2081 2394 2484 2464 κασσιτέρινος,
2513 2397 2546 2465 ἡ
2586 2397 2667 2459 είς
2697 2397 2863 2450 αὐτὸν
2911 2399 3114 2462 πίστις.
3157 2401 3222 2453 Ἥ
3247 2398 3358 2472 γὰρ
3388 2404 3469 2465 είς
3501 2404 3669 2457 αὐτὸν

2081 2483 2265 2546 πίστις
2294 2486 2353 2537 ὲν
2382 2489 2448 2556 τῇ
2481 2485 2675 2556 πράξει
2707 2488 2816 2540 τῶν
2851 2489 3078 2544 ἐντολῶν
3103 2492 3269 2546 αὐτοῦ
3301 2493 3663 2563 διαφαίνεται.

2092 2573 2254 2629 Ἀλλὰ
2273 2573 2418 2639 λίθος
2445 2575 2545 2645 μὲν
2578 2576 2716 2646 αὕτη
2747 2577 2834 2632 διὰ
2867 2579 2930 2632 τὸ
2965 2582 3212 2652 στερρὸν,
3246 2583 3368 2637 ὅσον
3409 2587 3544 2656 πρὸς
3564 2586 3667 2656 τὴν

2078 2661 2357 2733 ἀλήθειαν,
2382 2666 2477 2717 καὶ
2510 2667 2932 2740 ἀμετακίνητον.
2967 2671 3358 2744 Κασσιτέρινος
3383 2675 3442 2728 δὲ
3474 2676 3562 2730 διὰ
3600 2677 3670 2731 τὺ

2080 2751 2171 2806 τὸν
2223 2754 2547 2826 κασσίτερον
2597 2759 3028 2830 χαρακτηρίζειν
3076 2761 3271 2831 αὐτήν.
3308 2763 3520 2834 Ὠσπερ
3553 2765 3668 2836 γὰρ

2078 2845 2108 2896 6
2167 2845 2490 2916 κασσίτερος
2540 2847 2638 2915 τῆς
2676 2847 2771 2900 τοῦ
2821 2849 3067 2919 ἀργύρου
3096 2851 3214 2905 ,καὶ
3269 2850 3371 2921 τῆς
3407 2853 3503 2906 τοῦ
3561 2871 3664 2924 μο-

2079 2933 2256 2988 λίϐδου
2298 2937 2638 3007 μετέσχηκεν
2676 2937 2956 3009 ἰδιότητος.
2993 2941 3152 2996 Οὕτω
3181 2943 3291 3014 γάρ
3323 2943 3465 3016 αῦτη
3503 2945 3658 3014 δοξά-

2077 3027 2160 3092 ζει
2194 3029 2294 3098 μὲν
2323 3030 2721 3101 φυλαττομένη,
2765 3031 2984 3096 κολάζει
3018 3033 3076 3092 δὲ
3133 3037 3210 3105 μὴ
3259 3037 3637 3109 φυλαττομένη

2078 3119 2361 3190 Τιμωρίας
2389 3120 2487 3190 μὲν
2510 3120 2618 3191 γὰρ
2680 3121 2948 3192 σύμϐολον
2977 3125 3006 3176 6
3039 3125 3307 3194 μόλιϐδος,
3343 3128 3650 3201 λαμπρότηη

2075 3228 2168 3274 τος
2185 3211 2242 3264 δὲ
2266 3212 2295 3263 6
2314 3211 2575 3281 ἄργυρος.
2618 3211 2792 3266 Ἐπτά
2822 3213 2880 3266 δὲ
2905 3214 3176 3287 ὀφθαλμοὶ
3201 3219 3300 3290 τῆς
3335 3219 3658 3290 ὲμπράκτοι.

2075 3303 2278 3373 ταύτης
2323 3300 2580 3369 πίστεως,
2609 3302 2680 3356 τά
2710 3303 2756 3368 ζ’
2784 3303 2877 3358 τοῦ
2931 3307 3090 3374 ἁγίου
3151 3309 3468 3380 Πνεύματος
3499 3312 3631 3382 χαρί

2075 3410 2258 3464 σματα
2291 3393 2434 3465 ἅπερ
2469 3394 2698 3462 Ἡσαΐας
2721 3397 3163 3469 ἀπηριθμήσατο·
3195 3400 3415 3472 πνεῦμα
3439 3404 3653 3472 σοφίας,

2075 3487 2294 3558 πνεῦμα
2321 3488 2614 3554 συνέσεως,
2634 3488 2850 3560 πνεῦμα
2879 3490 3154 3561 γνώσεως,
3183 3495 3403 3566 πνεῦμα
3426 3499 3656 3568 ἐπιστή-

2075 3594 2205 3648 μης.
2221 3577 2438 3648 πνεῦμα
2455 3578 2673 3649 βουλῆς,
2687 3579 2905 3650 πνεῦμα
2923 3580 3266 3651 ἰσχύος,πνεῦ
3273 3603 3350 3655 μα
3367 3585 3536 3655 φόϐου
3559 3588 3657 3640 τοῦ

2072 3669 2234 3725 Θεοῦ.
2261 3670 2421 3723 Ἴδιον
2445 3669 2504 3724 δὲ
2529 3671 2697 3741 φόϐου
2719 3671 2817 3742 μὲν
2845 3675 2879 3743 ἡ
2899 3675 3079 3746 ἀποχὴ
3100 3677 3209 3729 τῶν
3230 3678 3440 3742 κακῶν,
3474 3679 3661 3752 ίσχύος

2072 3763 2129 3817 δὲ
2159 3766 2192 3834 ἡ
2228 3763 2428 3836 πρᾶξις
2459 3764 2570 3817 τῶν
2597 3765 2780 3819 καλῶν
2804 3782 2817 3794 ·
2849 3766 3046 3837 βουλῆς
3070 3767 3128 3820 δὲ
3167 3770 3200 3839 ἡ
3229 3769 3502 3841 διάκρισις
3543 3771 3660 3826 τῶν

2071 3856 2490 3927 ἀντικειμένων·
2514 3858 2830 3929 ἐπιστήμης
2858 3858 2916 3912 δὲ
2949 3861 2983 3929 ἡ
3017 3859 3126 3914 τῶν
3159 3862 3300 3916 κατὰ
3323 3862 3422 3927 τὰς
3452 3864 3660 3936 ἀρετάς

2070 3951 2287 4024 τρόπων
2319 3952 2542 4022 είδησιςο
2579 3953 2836 4022 γνώσεως
2881 3953 2940 4007 δὲ
2968 3954 3002 4023 ἠ
3035 3953 3148 4007 τῶν
3169 3956 3228 4009 ἐν
3257 3959 3377 4020 ταῖς
3413 3957 3662 4022 ἐντολαῖς

2071 4045 2247 4112 λόγων
2291 4044 2393 4116 τῆς
2440 4045 2695 4117 θεωρίαςο
2751 4046 3022 4112 συνέσεως
3065 4047 3128 4102 δὶ
3162 4050 3194 4118 ὴ
3237 4049 3378 4120 πρὸς
3403 4051 3532 4113 τοὺς
3563 4053 3662 4122 ρη-

2070 4136 2263 4200 θέντας
2301 4137 2538 4207 τρόπους
2591 4138 2688 4192 καὶ
2726 4139 2919 4208 λόγους
2955 4139 3291 4204 συνδιάθεσις
3325 4143 3426 4214 τῆς
3450 4142 3654 4213 ψυχῆς.

2069 4232 2269 4301 Σοφίας
2325 4231 2384 4284 δὲ
2419 4232 2454 4300 ἡ
2489 4229 2598 4283 τῶν
2631 4229 2978 4300 ὑψηλοτέρων
3005 4230 3087 4284 ἔτι
3120 4231 3215 4285 καὶ
3247 4231 3658 4303 θειοτέρων-λό-

2069 4341 2181 4393 γων
2216 4322 2599 4394 μυσταγωγία.
2648 4323 2705 4376 '0
2757 4322 2858 4392 μὲν
2885 4322 3118 4387 Ἡσαΐας
3148 4323 3258 4377 ἀπὸ
3285 4322 3380 4376 τοῦ
3411 4324 3490 4394 τῷ
3533 4324 3658 4395 Θεῷ

2073 4417 2172 4488 μὲν
2236 4415 2574 4487 προσεχοῦς,
2635 4417 2772 4486 ἡμῖν
2827 4415 2886 4470 δὲ
2948 4415 3258 4469 τελευταίου
3317 4417 3652 4487 ἀρξάμενος,

384 4503 496 4556 I)e0
531 4508 713 4556 autem
741 4500 1013 4556 ultimum.
1034 4499 1191 4567 Quod
1222 4499 1446 4569 quidem
1474 4510 1559 4558 est
1583 4504 1780 4571 timor;
1813 4521 1962 4572 nam,

2078 4507 2340 4579 κατῆλθεν
2370 4509 2464 4560 ἐπὶ
2494 4507 2556 4560 τὸ
2589 4508 2722 4576 ἡμῖν
2761 4506 2860 4576 μὲν
2889 4507 3177 4577 προσεχὲς,
3213 4506 3290 4576 τῷ
3321 4507 3377 4560 δὲ
3409 4506 3532 4578 Θεῷ
3567 4526 3657 4561 τε-

383 4593 597 4664 inquit!,
638 4611 658 4644 ι
687 4592 911 4648 Initium
954 4591 1242 4662 sapientiae
1297 4592 1458 4647 timor
1511 4595 1752 4652 Domini.
1789 4617 1808 4649 ι
1851 4598 1966 4669 Ego

382 4693 568 4740 autem
609 4695 834 4750 contra,
867 4700 992 4739 cum
1031 4700 1061 4738 a
1105 4684 1303 4738 timore
1339 4684 1564 4754 quidem
1596 4687 1964 4758 incepissem—,

382 4776 604 4832 ascendi
626 4776 690 4830 ad
713 4777 1061 4847 sapientiam,
1079 4791 1202 4845 qua:
1217 4776 1330 4830 Deo
1343 4777 1566 4846 quidem
1587 4787 1673 4834 est
1691 4780 1960 4849 proxima,

384 4887 414 4923 a
437 4867 596 4923 nobis
619 4879 800 4923 autem
831 4867 1215 4922 remotissima.
1254 4867 1379 4922 Ilaec
1405 4878 1534 4924 sunt
1554 4879 1766 4940 septem
1805 4874 1956 4927 oeuli

382 4959 510 5015 fidei
538 4974 657 5028 quae
681 4967 936 5013 versatur
962 4957 1018 5011 in
1043 4958 1282 5025 actione,
1310 4975 1412 5030 per
1437 4977 1578 5032 quos
1601 4973 1659 5019 et
1680 4963 1960 5021 illumina-

381 5065 615 5117 mamur,
639 5061 696 5107 et
715 5051 787 5107 ad
809 5051 984 5106 Deum
1007 5050 1352 5118 deducimur,
1372 5061 1428 5108 et
1453 5054 1522 5110 ad
1550 5069 1716 5108 unam
1739 5068 1960 5113 causam

379 5144 793 5210 charismatum,
812 5158 936 5214 qua:
958 5142 1074 5213 ipsa
1097 5143 1313 5212 dividit,
1328 5161 1745 5218 congregamur.

2071 4601 2340 4664 λευταῖον,
2373 4600 2510 4669 ὅπερ
2533 4600 2682 4652 ἐστὶν
2711 4601 2739 4652 6
2763 4597 2949 4666 φόϐος.
2983 4617 3001 4648 ι
3034 4597 3206 4667 ’Δρχὴ
3227 4597 3358 4670 γὰρ,
3380 4600 3536 4670 φησὶ,
3559 4616 3651 4654 σος

2075 4694 2204 4762 φίας
2231 4691 2394 4762 φόϐος
2429 4691 2662 4761 Κυρίου.
2689 4708 2708 4743 ι
2759 4688 2900 4758 Ἐγὼ
2940 4689 3000 4743 δὲ
3029 4689 3344 4744 τούναντίον
3389 4690 3501 4742 ἀπὸ
3551 4691 3649 4744 τοῦ

2071 4781 2236 4851 φόϐου
2287 4780 2486 4852 μᾶλλον
2523 4777 2826 4850 ἀρξάμενος
2873 4777 2968 4830 ἐπὶ
3017 4777 3115 4847 τὴν
3152 4776 3346 4845 σοφίαν
3398 4775 3653 4846 ἀνῆλθον,

2069 4875 2190 4945 ἥτις
2248 4873 2366 4926 ὲστὶ
2407 4870 2484 4943 τῷ
2520 4871 2620 4942 μὲν
2652 4868 2772 4940 Θεῷ
2803 4869 3098 4940 προσεχὴς,
3144 4871 3276 4940 ἡμῖν
3322 4868 3381 4921 δὲ
3436 4870 3655 4940 πορρω-

2066 4966 2234 5020 τάτω.
2273 4963 2461 5018 Ταῦτά
2504 4963 2642 5016 εἰσιν
2676 4965 2724 5015 oi
2760 4959 2804 5026 ζ’
2853 4960 3128 5031 ὀφθαλμοὶ
3178 4962 3280 5032 τῆς
3326 4961 3653 5030 ἐμπράκτου

2073 5059 2331 5121 πίστεως,
2365 5055 2433 5108 δι’
2474 5047 2550 5109 ὧν
2597 5053 2946 5124 φωτιζόμεθά
2979 5068 3040 5104 τε
3081 5052 3176 5106 καὶ
3217 5051 3354 5122 πρὸς
3386 5051 3481 5105 τὸν
3514 5051 3652 5104 Θεὸν

2059 5146 2424 5219 όδηγούμεθα,
2448 5147 2540 5200 καὶ
2563 5147 2644 5209 είς
2663 5146 2766 5216 τὴν
2795 5145 2924 5215 μίαν
2951 5143 3129 5198 αἰτίαν
3150 5141 3261 5196 τῶν
3290 5142 3650 5214 χαρισμάτων

2057 5240 2158 5310 τὴν
2199 5238 2517 5310 διαιροῦσαν
2544 5237 2706 5301 αὐτὰ,
2740 5236 3111 5304 συναγόαεθα.

377 5360 457 5415 De
478 5363 552 5444 iis
585 5361 677 5485 71d
703 5369 826 5444 sunt
852 5360 1056 5415 liberati
1089 5379 1121 5416 a
1154 5364 1456 5485 ειὲιιίυίταεε
1487 5370 1536 5415 et
1569 5366 1836 5433 sanitate,
1866 5378 1955 5440 qm”

444 5448 582 5485 arma
637 5448 827 5485 ear-esst
870 5439 994 5485 sunt
1032 5447 1150 5485 cum
1240 5430 1502 5485 orobabel.
1550 5433 1724 5485 Erant
1775 5449 1952 5485 autem

2078 5373 2199 5443 Περὶ
2237 5371 2355 5427 τῶν
2386 5372 2903 5441 ἐλευθερωθέντων
2934 5369 3043 5437 τῆς
3087 5368 3502 5438 αἰχμαλωσίας
3549 5371 3646 5424 καί

2132 5445 2242 5485 Rm,
2259 5446 2429 5485 121m,
2462 5444 2960 5485 nammf-‘nlﬂtivfnw
2994 5442 3074 5485 στῶ
3101 5438 3450 5485 2000611681-
3485 5441 3550 5485 Ol
3579 5440 3646 5485 δὲ

444 5430 606 5485 simul
637 5434 827 5502 egressi
870 5439 994 5502 sunt
1032 5447 1150 5486 cum
1193 5430 1502 5502 Zorobabel.
1550 5433 1724 5488 Erant
1775 5430 1952 5495 autem

448 5518 625 5581 omnes
665 5501 734 5555 ἐφ’
759 5501 939 5581 [ει-ᾳεί
975 5503 1038 5556 ab
1071 5519 1237 5581 annos
1269 5501 1537 5581 duodecim
1570 5510 1956 5581 natalemque

448 5573 716 5660 pueris}!
750 5571 1401 5660 feminis,“?uadraginta
1458 5574 1560 5627 tria
1618 5576 1786 5633 millia
1844 5571 1952 5634 tra-

445 5645 580 5695 venti
614 5649 664 5694 et
696 5643 970 5712 sexaginta
1000 5642 1089 5694 ω.

443 5730 570 5786 Sola
591 5741 676 5786 est
698 5748 854 5817 mens
879 5747 1003 5803 quae
1031 5731 1134 5785 fuit
1157 5746 1324 5802 supra
1344 5733 1568 5790 sensilia
1593 5743 1649 5792 et
1677 5745 1952 5811 tempora-

449 5841 494 5868 “
527 5841 753 5895 Malach.
786 5859 857 5907 tv,
880 5845 935 5897 ‘2.
995 5843 1060 5875 “'
1097 5843 1164 5896 III
1194 5843 1354 5901 Esdr.
1393 5860 1442 5910 v,
1471 5847 1559 5901 Η.

2132 5438 2431 5508 δουλείας,
2462 5438 2960 5508 συνὲξελθόντων
2994 5442 3074 5506 τῷ
3098 5438 3450 5508 Ζοροϐάϐελ.
3485 5441 3550 5493 Οί
3579 5440 3648 5495 δὲ

2132 5515 2356 5585 πάντες
2393 5507 2572 5585 ἦσαν
2617 5507 2715 5585 ἑξ-
2761 5512 3017 5585 ἰσραὴαζ
3057 5510 3176 5564 ἀπὸ
3240 5507 3647 5585 δωδεκαετοῦς

2131 5584 2311 5655 χωρίς
2332 5578 2582 5638 παίδων
2623 5578 2722 5638 καί
2768 5578 3072 5655 rvi-ammte
3094 5578 3386 5648 μυριάδες
3420 5580 3642 5633 τέσσα-

2123 5649 2234 5724 ῥεξ
2272 5657 2588 5724 τρισχίλιοι
2614 5649 2940 5722 τριακόσιοι
2969 5649 3284 5716 ἑξήκοντα.

2134 5742 2308 5808 Μόνος
2330 5745 2358 5798 6
2387 5746 2676 5816 γενόμενος
2703 5745 2843 5816 ὑπὲρ
2881 5744 2946 5798 τὰ
2975 5741 3208 5812 αἰσθητὰ
3236 5742 3463 5817 χρονικά
3493 5739 3637 5808 νοῦς.
