4076 6468
414 351 554 411 1285

1778 324 2312 401 ὀοιιΕοτΑΝΕΑ.

3537 339 3677 397 1286

411 462 722 534 Πενταδικὴ
780 462 878 533 μὲν
921 461 1031 533 γὰρ
1077 459 1418 532 naiadum:
1446 458 1798 531 έδδοματικὸς
1855 459 1911 512 δὲ
1966 460 1995 511 6

2099 455 2189 510 lia.
2225 453 2519 522 Quinarius
2542 455 2690 509 enim
2721 461 2806 508 est
2835 467 3030 509 sensus
3058 470 3069 507 :
3096 449 3465 522 seplcnarium
3497 460 3682 506 autem

410 556 621 628 χρόνος,
657 553 726 606 δι’
753 553 811 605 ὂν
834 554 863 605 6
890 551 1101 605 δώδεκα
1132 549 1571 621 συμπληροῦται·
1603 549 1822 620 καὶτῆς
1861 547 1996 619 πρὸς

409 646 585 700 ταῦτα
641 645 819 714 ψυχῆς
875 644 935 696 ἐν
991 641 1201 704 τούτοις
1265 640 1669 695 ἀπαλλάττεται
1714 639 1994 704 δουλείας,

411 737 768 804 ἐπειγόμενος
797 731 934 805 πρὸς
961 733 1061 801 τὴν
1098 731 1209 784 άνω
1245 729 1624 802 Ἰερουσαλὴμ,
1663 729 1805 801 ἔχων
1826 729 1998 800 χωρίς

411 825 754 880 παίδωνκαὶ
786 823 1062 893 γυναικῶν
1105 820 1372 892 μυριάδας
1420 820 1464 874 δ’
1512 819 1848 890 τρισχιλίους
1895 818 1994 883 τξθ.

415 918 618 981 Παῖδες
659 916 760 987 μὲν
787 911 883 968 οὖν
922 915 1082 979 είσιν,
1111 913 1161 966 oi
1193 912 1303 966 τῶν
1334 911 1582 982 φυσικῶν
1605 910 1701 964 καὶ
1735 908 1990 980 ἀδιαὸλή-

406 1024 518 1061 των
541 1005 732 1060 παθῶν
755 1004 1026 1076 λογισμοίο
1049 1005 1306 1072 γυναῖκες
1333 1002 1390 1056 δὲ
1416 1003 1473 1056 αἱ
1507 1000 1648 1056 κατά
1685 999 1847 1070 φύσιν
1875 999 1997 1071 ὀρέ-

410 1097 520 1163 ξεις
542 1098 638 1150 καλ⁵
664 1097 872 1168 ἡδοναί’
907 1096 1002 1149 καὶ
1025 1096 1059 1166 ὴ
1088 1094 1328 1166 τυχοῦσα
1347 1092 1454 1164 γὰρ
1485 1091 1658 1163 τροφὴ
1680 1091 1828 1144 ποιεῖ
1855 1088 1999 1143 κατὰ

407 1187 574 1257 φύσιν
602 1187 820 1259 ἡδονὴν,
846 1185 1232 1258 προλαϐοῦσαν
1263 1185 1471 1238 ἔνδειαν
1503 1181 1993 1254 παραμυθουμένη,

408 1281 568 1352 καὶὴ
611 1279 854 1350 τυχοῦσα
907 1278 1065 1342 πόσις
1115 1277 1216 1348 τὴν
1253 1275 1474 1347 ὄχλησιν
1504 1273 1600 1328 τοῦ
1643 1273 1829 1344 δίψους
1862 1273 1998 1326 ἀπο-

409 1371 736 1444 κρουομένη,
770 1370 864 1424 καὶ
893 1369 1072 1441 τυχὼν
1095 1368 1264 1432 ὕπνος
1291 1369 1393 1440 τὴν
1415 1367 1472 1435 ἐξ
1500 1367 1885 1439 ἐγρηγόρσεως
1907 1382 1997 1419 κε-

408 1465 694 1534 κμηκυῖαν
726 1462 1114 1533 ἀνακτώμενος
1165 1461 1415 1531 δύναμιν.
1457 1456 1595 1513 Οὔτε
1636 1459 1694 1512 δὲ
1737 1459 1788 1512 οἱ
1825 1458 1999 1530 δηλω-

409 1554 599 1618 θέντες
641 1555 934 1625 λογισμοὶ,
983 1553 1110 1608 οὕτε
1160 1553 1465 1625 αἱρεθεῖσαι
1508 1552 1730 1624 ἡδοναὶ,
1778 1567 1998 1624 συναρι-

407 1648 693 1720 θμούμενα
708 1649 816 1711 τοῖς
835 1647 1093 1718 ἀνδράσιν
1106 1687 1121 1711 ,
1147 1647 1222 1709 ὼς
1241 1647 1339 1716 οὐχ
1359 1643 1644 1715 ὑφεστῶτα
1663 1643 1786 1698 καθ’
1803 1643 1993 1709 ἑαυτά,

409 1740 562 1810 ὅμως
586 1737 1003 1809 συνεξέρχονται
1034 1737 1247 1802 τούτοις
1276 1735 1541 1804 φεύγουσι
1567 1735 1666 1807 τὴν
1696 1734 1994 1808 ἁμαρτίαν,

2101 556 2337 615 tempus,
2384 553 2608 616 propter
2649 545 2795 616 quod
2829 546 3136 614 completur
3182 544 3557 598 duodenarius
3592 553 3689 598 :et

2101 638 2157 692 in
2202 639 2289 694 his
2319 639 2586 694 liberatur
2619 654 2649 693 a
2684 637 2946 693 servitute
2979 653 3100 706 quae
3129 637 3196 692 ad
3225 652 3289 692 ea
3322 635 3537 690 exsistit
3564 634 3688 688 ani-
3793 661 3804 666 ν

2100 745 2222 797 mae,
2258 730 2524 785 festinans
2553 729 2619 784 ad
2647 745 2939 800 supernam
2959 729 3286 794 Jerusalem,
3309 728 3518 782 habens
3543 740 3686 797 pra:-

2100 829 2185 876 ter
2206 837 2406 892 pueros
2427 831 2484 878 et
2502 822 2736 877 feminas
2757 821 3119 892 quadraginta
3144 821 3248 876 tria
3271 820 3442 875 millia
3464 828 3687 874 trecen-

2101 922 2185 967 tos
2201 923 2256 967 et
2270 913 2573 983 sexaginta.
2593 911 2771 981 Atque
2789 912 2946 982 pueri
2963 911 3184 982 quidem
3203 922 3331 966 sunt
3347 909 3686 965 naturalium

2098 1011 2155 1057 et
2190 1003 2614 1072 reprehensioni
2648 1018 2759 1058 non
2787 1000 3030 1056 afﬁnium
3062 1001 3361 1056 affectuum
3395 999 3685 1072 cogitatio-

2097 1109 2218 1161 nes;
2242 1095 2463 1151 fcminaa
2489 1103 2675 1150 autem
2711 1104 2841 1152 sunt
2874 1095 3097 1165 caz'quae
3115 1103 3242 1149 sunt
3263 1096 3416 1166 juxta
3434 1080 3686 1148 na'turam

2098 1187 2472 1258 appetitiones
2494 1196 2550 1243 et
2576 1189 2906 1258 voluptates.
2933 1188 3066 1242 Nam
3092 1186 3326 1256 quodvis
3364 1185 3689 1240 alimentum

2099 1279 2264 1334 efﬁcit
2287 1280 2589 1335 secundum
2617 1291 2870 1335 naturam
2896 1281 3256 1350 voluptatem,
3287 1279 3689 1348 praecedentem

2097 1369 2296 1424 famem
2328 1385 2604 1436 recreans,
2631 1380 2688 1426 ct
2712 1372 2897 1442 quivis
2926 1381 3090 1442 potus
3116 1372 3239 1426 sitis
3266 1371 3540 1441 repellens
3567 1386 3686 1424 mo-

2097 1461 2334 1531 lestiam,
2365 1472 2420 1517 et
2452 1464 2635 1533 quivis
2668 1479 2915 1529 somnus,
2947 1481 3070 1534 qua:
3103 1480 3171 1519 ex
3200 1465 3384 1535 vigilia
3411 1472 3495 1518 est
3532 1463 3687 1518 defa-

2098 1555 2286 1625 tigata,
2318 1570 2575 1610 recreans
2610 1556 2945 1611 facultatem.
2975 1557 3163 1626 Neque
3189 1572 3320 1611 vero
3349 1556 3508 1610 dicta:
3536 1555 3691 1625 cogi-

2100 1647 2356 1710 taliones,
2389 1662 2568 1717 neque
2604 1647 2791 1704 electa:
2818 1649 3128 1719 voluptates
3161 1663 3286 1702 cum
3318 1647 3453 1702 viris
3479 1663 3690 1702 connu-

2099 1747 2418 1802 merantur,
2457 1747 2518 1792 ut
2561 1753 2682 1808 qum
2729 1755 2830 1809 per
2870 1755 2929 1794 se
2974 1755 3086 1794 non
3134 1739 3480 1794 consistant:
3526 1738 3688 1793 simul

411 1832 508 1887 καὶ
545 1829 687 1903 πρδς
738 1831 840 1903 τὴν
882 1829 1232 1900 δικαιοσύνην
1277 1827 1553 1881 ἀπιοῦσιψ
1609 1827 1686 1890 ὡς
1721 1828 1996 1894 ἀναγκαία

2101 1837 2286 1883 tamen
2319 1845 2444 1884 cum
2474 1829 2540 1884 iis
2567 1830 2959 1901 egrediuntur,
2993 1829 3330 1901 fugientibus
3367 1837 3687 1899 peccatum,

415 1925 516 1994 μὲν
549 1925 631 1988 είς
667 1922 929 1976 σύστασιν
967 1920 1206 1990 φύσεως,
1244 1918 1490 1991 χρήσιμα
1533 1918 1591 1974 δὲ
1623 1919 1760 1990 πρὸς
1806 1919 2001 1989 κτῆσιν

409 2014 634 2085 ἀρετῆς.
665 2013 738 2067 ’Ἦ
769 2013 862 2066 καὶ
906 2011 1082 2076 άλλως
1107 2025 1120 2040 ·
1152 2011 1212 2063 οὐ
1266 2009 1747 2081 συναριθμοῦνται,
1796 2010 1874 2074 ὡς
1925 2009 2000 2082 μὴ

410 2103 911 2176 συμμεθιστάμενοι
961 2101 1101 2173 πρὸς
1140 2100 1242 2172 τὴν
1297 2099 1565 2155 ἀθάνατον
1619 2098 1788 2170 ζωήν·
1831 2097 2001 2168 χωρὶς

407 2200 520 2268 γάρ
553 2196 649 2250 καὶ
677 2192 953 2265 λογισμῶν
978 2191 1238 2247 τοιούτων
1270 2179 1377 2246 ’καὶ
1407 2190 1608 2263 ἡδονῶν
1672 2191 1790 2243 ἐκεῖ
1831 2206 2001 2260 μετα-

407 2290 691 2360 ϐαίνομεν.
714 2286 771 2340 Δ’
798 2286 855 2340 δὲ
889 2285 1154 2357 μυριάδες
1186 2285 1349 2352 εἰσὶν,
1377 2285 1434 2338 αἱ
1465 2283 1509 2338 δ’
1537 2284 1754 2353 γενικαὶ
1783 2284 1998 2355 ἀρεταὶ,

413 2381 695 2452 φρόνησις,
722 2378 964 2448 ἀνδρεία,
1015 2375 1360 2448 σωφροσύνη,
1386 2375 1726 2446 δικαιοσύνη,
1770 2373 1892 2447 μεθ’
1927 2371 2002 2432 ὧν

413 2473 508 2526 καὶ
542 2471 709 2542 φύσιν
752 2471 848 2524 καὶ
887 2470 1079 2541 χρόνον
1137 2468 1330 2533 διαϐὰς
1365 2471 1395 2522 6
1425 2467 1572 2534 νοῦς,
1607 2467 1744 2538 πρὸς
1780 2465 1880 2538 τὴν
1902 2467 2002 2538 τῆς

409 2563 688 2628 ἀπαθείας
742 2562 898 2634 λῆξιν
953 2561 1416 2616 ἀποκαθίσταται.
1479 2561 1552 2613 Ἦ
1598 2561 1656 2614 αἱ
1709 2559 1752 2614 δ’
1785 2557 2003 2628 γενικαὶ

414 2656 700 2721 ἀπάθειαι,
725 2649 802 2709 ὧν
841 2654 1030 2727 πρώτη
1065 2654 1164 2725 μὲν
1182 2655 1217 2726 ἡ
1236 2652 1506 2724 παντελὴς
1540 2651 1720 2723 ἀποχὴ
1754 2654 1854 2724 τῆς
1879 2652 2001 2706 κατ’

416 2749 576 2820 ἔργον
609 2747 906 2820 ἁμαρτίας,
953 2749 1014 2802 έν
1048 2749 1163 2811 τοῖς
1195 2747 1582 2814 είσαγωγικοτς
1624 2745 1999 2816 θεωρουμένη.

415 2839 655 2911 Δευτέρα
693 2839 750 2893 δὲ
779 2840 813 2909 ἡ
845 2835 1116 2908 παντελὴς
1142 2835 1387 2908 ἀποϐολὴ
1419 2835 1528 2890 τῶν
1558 2835 1825 2908 ἑμπαθῶν
1851 2835 2003 2905 λογι-

412 2929 590 3003 σμῶν,
639 2933 698 2986 έν
740 2932 854 2994 τοῖς
884 2929 1028 3001 ὑπὲρ
1061 2928 1286 2994 τούτους
1324 2928 1715 3000 συνισταμένη.
1745 2926 1918 2999 Τρίτη
1943 2928 2003 2982 δὲ

410 3024 445 3092 ἡ
483 3022 611 3092 περὶ
640 3020 711 3074 τά
738 3019 888 3091 πάθη
917 3017 1189 3089 παντελὴς
1221 3015 1482 3088 ἀκινησία
1502 3017 1562 3070 ὲν
1591 3019 1706 3081 τοῖς
1736 3014 2001 3088 ὑψηλοτέο

410 3130 528 3184 ροις
567 3110 848 3184 γινομένη.
894 3110 1141 3183 Τετάρτη
1175 3110 1233 3165 δὲ
1263 3111 1298 3182 ἡ
1333 3109 1430 3163 καὶ
1469 3108 1640 3180 αὐτῆς
1674 3107 1740 3179 δὴ
1774 3107 1876 3179 τῆς
1904 3106 1998 3178 ψι-

407 3204 507 3275 λῆς
533 3202 837 3272 φαντασίας
853 3201 962 3255 τῶν
995 3200 1185 3255 παθῶν
1217 3198 1487 3268 παντελὴς
1508 3197 1775 3270 κάθαρσις
1796 3196 1856 3250 ἐν
1884 3198 1999 3260 τοῖς

407 3295 636 3360 τελείοις
671 3294 948 3367 ὁρωμένη.
987 3293 1198 3365 Ὥσπερ
1252 3291 1311 3346 δὲ
1345 3291 1436 3362 ὑφ’
1486 3289 1728 3362 ἑκάστην
1775 3288 1999 3360 γενικὴν

408 3389 613 3461 ἀρετὴν
645 3388 680 3460 ἦ
715 3387 1012 3456 ἀπάθειαν,
1047 3384 1243 3440 πολλαί
1277 3385 1384 3439 εἰσι
1437 3382 1663 3456 μερικαὶ
1686 3382 1880 3453 ἀρεταὶ
1906 3379 2000 3436 καὶ

410 3478 697 3532 ἀπάθειαι.
751 3479 814 3532 Οί
866 3477 925 3532 δὲ
967 3475 1258 3548 τρισχίλιοι
1311 3475 1412 3546 τὴν
1453 3473 1664 3527 τελείαν
1717 3471 1998 3542 θεολογίαν

411 3566 760 3638 ὐποδηλοῦσι.
783 3567 946 3638 Τρεῖς
983 3566 1081 3637 μὲν
1112 3563 1202 3618 διὰ
1230 3563 1329 3627 τὰς
1360 3565 1512 3633 τρεῖς
1545 3561 1875 3624 ὑποστάσεις
1896 3563 1997 3632 τῆς

411 3655 702 3726 Θεότητος.
730 3653 909 3709 Χίλιοι
932 3653 990 3707 δὲ
1013 3653 1103 3708 διά
1128 3652 1228 3721 τὴν
1259 3652 1580 3725 τελειότητα
1599 3651 1698 3724 τῆς
1719 3652 1848 3724 περὶ
1877 3652 1999 3706 ἐκά-

413 3765 542 3802 στου
568 3746 773 3801 τούτων
802 3745 1106 3816 θεολογίας.
1141 3743 1434 3809 Τελείωσις
1463 3743 1573 3816 γὰρ
1602 3742 1994 3809 ὲκατοντάδων,

409 3841 444 3909 ἡ
482 3839 659 3910 χιλιὰς
683 3855 697 3870 ο
734 3837 926 3908 ὥσπερ
969 3839 1004 3909 ἡ
1053 3837 1152 3909 μὲν
1184 3835 1350 3899 δεκὰς
1392 3835 1660 3906 μονάδων,
1692 3837 1727 3908 ἠ
1773 3836 1831 3892 δὲ
1861 3838 1995 3893 ἑκα-

409 3927 603 3993 τοντάς
635 3927 896 3991 δεκάδων,
939 3928 975 3997 ὴ
1024 3925 1082 3980 δὲ
1113 3925 1314 3996 μυριὰς
1352 3925 1631 3996 χιλιάδων·
1676 3926 1728 3979 oi
1758 3925 1816 3980 δὲ
1845 3943 1999 4000 τρια-

409 4019 741 4084 κόσιοιτοὺς
795 4019 926 4090 περὶ
979 4019 1186 4090 ἀρετῆς
1231 4018 1328 4072 καὶ
1361 4018 1491 4090 περὶ
1539 4017 1755 4088 φύσεως
1807 4018 1999 4089 λόγους

413 4111 868 4182 ὑποσημαίνουσι.
905 4109 1028 4164 Τῶν
1075 4109 1404 4181 τριακοσίων
1441 4109 1553 4182 γὰρ
1599 4110 1812 4182 ἐπινοίᾳ
1859 4111 2002 4166 διαι-

415 4203 700 4273 ρουμένων
736 4203 815 4268 είς
844 4202 1040 4255 ἑκατόν
1068 4217 1130 4254 τε
1152 4202 1248 4255 καὶ¹
1273 4200 1543 4255 διακόσια*
1568 4202 1598 4255 6
1631 4201 1731 4272 μὲν
1765 4201 1813 4273 ρ’
1841 4201 1999 4274 ἀριθ-

415 4294 516 4365 μὺς
547 4293 776 4365 μηνύσει
812 4293 912 4366 τὴν
948 4291 1162 4346 τελείαν
1209 4292 1414 4364 ἀρετὴν
1461 4291 1998 4358 δεκαπλασιάζουσαν

411 4387 512 4457 τὴν
539 4387 738 4441 δεκάδα
760 4386 870 4440 τῶν
894 4385 1219 4456 θεογράφων
1251 4384 1502 4440 ἐντολῶν.
1547 4383 1610 4440 ’0
1642 4385 1892 4440 διακόσια
1915 4386 1994 4453 δὲ,

2100 1931 2157 1977 et
2183 1921 2251 1975 ad
2270 1923 2537 1992 justitiam
2565 1923 3065 1992 proficiscentibus,
3088 1907 3300 1992 ut'quae
3329 1921 3440 1975 sint
3463 1919 3690 1990 quidem

2099 2014 2412 2068 necessaria
2449 2013 2516 2068 ad
2553 2014 2994 2069 constituendam
3025 2022 3298 2078 naturam,
3325 2011 3478 2066 utilia
3502 2021 3690 2066 autem

2100 2103 2168 2158 ad
2201 2105 2504 2175 parandam
2544 2105 2828 2160 virtutem.
2853 2105 2962 2160 Aut
2987 2105 3155 2159 etiam
3182 2104 3361 2158 aliter.
3393 2103 3514 2157 Non
3551 2119 3688 2157 con-

2099 2204 2464 2251 numerantur
2497 2213 2624 2252 cum
2662 2197 2822 2262 viris,
2854 2204 2916 2251 ut
2955 2213 3076 2268 qua:
3115 2213 3226 2251 non
3260 2195 3420 2251 simul
3451 2196 3697 2267 migrent

2101 2285 2169 2340 ad
2193 2286 2358 2340 vitam
2384 2287 2768 2342 immortalem.
2795 2288 2931 2342 Nam
2961 2288 3168 2359 absque
3197 2288 3510 2359 hujusmodi
3539 2288 3682 2358 cogi-

2103 2376 2407 2432 tationibus
2429 2388 2486 2434 et
2509 2376 2888 2448 voluptatibus
2923 2378 3053 2434 illuc
3088 2380 3406 2434 transimus.
3438 2377 3689 2445 Quadra-

2100 2468 2252 2538 ginta
2291 2477 2476 2524 autem
2509 2470 2679 2525 millia
2711 2479 2840 2526 sunt
2866 2481 3102 2541 quatuor
3125 2473 3406 2542 generales
3430 2471 3696 2536 virtutes,

2101 2559 2431 2630 prudentia,
2476 2560 2780 2626 fortitudo,
2827 2563 3223 2633 temperantia,
3268 2563 3502 2633 justitia.
3548 2561 3688 2618 Cum

2101 2652 2305 2724 quibus
2328 2667 2454 2710 cum
2483 2661 2540 2709 et
2567 2662 2818 2708 naturam
2848 2661 2905 2709 et
2943 2661 3160 2723 tempus
3198 2669 3355 2709 mens
3384 2652 3688 2717 transierit,

2102 2742 2415 2798 restituitur
2455 2743 2593 2798 sorti
2639 2743 3081 2813 impatibilitatis.
3126 2743 3236 2798 Aut
3281 2751 3413 2798 sunt
3454 2751 3700 2813 quatuor

2101 2836 2385 2905 generales
2426 2834 2884 2905 impatibilitates,
2917 2849 2984 2889 ex
3015 2834 3219 2905 quibus
3256 2835 3434 2904 prima
3463 2834 3697 2904 quidem

2101 2934 2190 2982 est
2215 2925 2460 2996 perfecta
2485 2936 2542 2982 et
2571 2925 2724 2982 omni
2747 2941 2815 2982 ex
2840 2935 2996 2998 parte
3021 2926 3272 2981 absoluta
3296 2925 3627 2982 abstinentia
3658 2943 3696 2983 ε

2101 3027 2330 3090 peccato
2361 3019 2418 3074 in
2461 3019 2805 3090 operatione,
2833 3019 3183 3075 considerata
3212 3019 3268 3074 in
3296 3019 3365 3074 iis
3393 3019 3489 3088 qui
3529 3019 3692 3075 insti-

2103 3120 2356 3167 tuuntur.
2391 3110 2644 3167 Secunda
2673 3119 2858 3166 autem
2891 3120 2977 3167 est
3004 3110 3245 3181 perfecta
3283 3111 3518 3183 abjectio
3544 3111 3687 3182 pati-

2102 3203 2296 3260 bilium
2318 3203 2736 3275 cogitationum,
2761 3203 3070 3259 consistens
3094 3203 3154 3258 in
3170 3203 3238 3259 iis
3257 3204 3351 3273 qui
3368 3211 3499 3258 sunt
3524 3219 3690 3274 supra

2100 3296 2272 3366 ipsos.
2325 3294 2510 3350 Tertia
2555 3303 2738 3350 autem
2784 3302 2870 3350 est
2916 3294 3160 3364 perfecta
3205 3295 3264 3350 in
3309 3293 3603 3352 affectibus
3633 3306 3692 3353 et

2099 3385 2269 3441 animi
2301 3385 2551 3440 motibus
2575 3384 2952 3450 immobilitas,
2985 3399 3107 3454 qua}
3129 3393 3216 3440 est
3247 3385 3304 3440 in
3345 3386 3690 3442 sublimiori-

2099 3476 2224 3533 bus.
2255 3476 2461 3545 Quarta
2489 3485 2674 3532 autem
2699 3483 2783 3532 est
2814 3475 2991 3548 ipsius
3018 3477 3182 3532 nuda?
3215 3477 3521 3548 phantasma
3549 3477 3690 3532 affe-

2098 3576 2287 3623 ctuum
2325 3576 2381 3623 et
2411 3567 2582 3622 animi
2627 3575 2878 3622 motuum
2906 3567 3151 3637 perfecta
3191 3568 3534 3640 expurgatio,
3564 3583 3692 3639 quae

2097 3660 2346 3717 cernitur
2369 3661 2425 3716 in
2456 3659 2735 3731 perfectis.
2763 3659 3052 3727 Quomodo
3089 3660 3193 3716 sub
3236 3675 3566 3732 unaquaque
3588 3677 3685 3732 ge-

2095 3752 2272 3811 nerali
2311 3752 2518 3810 virtute
2543 3761 2640 3809 aut
2669 3752 3081 3824 impatibilitate
3122 3761 3252 3809 sunt
3288 3754 3456 3809 etiam
3499 3755 3695 3810 multae

2097 3848 2405 3919 singulares
2447 3847 2686 3903 virtutes
2727 3854 2786 3902 et
2827 3845 3290 3917 impatibilitates.
3333 3845 3464 3902 Tria
3503 3855 3695 3901 autem

2098 3939 2274 3995 millia
2306 3939 2470 3994 tacite
2502 3937 2815 4009 significant
2843 3937 3143 4008 perfectam
3169 3936 3520 4008 theologiam.
3560 3936 3694 3992 Tria

2102 4032 2347 4103 quidem,
2394 4037 2622 4103 propter
2661 4039 2777 4086 tres
2804 4030 3130 4102 bypostases
3168 4027 3506 4083 Divinitatis.
3541 4027 3696 4086 Mille

2099 4129 2308 4188 autem,
2336 4130 2561 4193 propter
2587 4119 2984 4191 perfectionem
3013 4117 3322 4188 theologia,
3350 4131 3448 4173 seu
3472 4117 3572 4172 Dei
3601 4130 3692 4171 ra-

2101 4211 2268 4267 tionis
2291 4227 2414 4282 quae
2437 4211 2613 4267 estde
2637 4225 2968 4280 unaquaque
3000 4223 3212 4264 earum.
3241 4205 3511 4262 Perfectio
3535 4206 3689 4260 enim

2098 4303 2543 4359 centenariorum
2576 4311 2662 4358 est
2697 4301 3062 4364 millenarius,
3088 4300 3232 4354 sicut
3267 4296 3531 4352 denarius
3559 4298 3688 4367 qui-

2099 4396 2225 4451 dem
2252 4397 2550 4461 uuitatum,
2579 4395 2931 4451 centenarius
2963 4400 3146 4448 autem
3179 4390 3557 4455 denariorum,
3585 4390 3688 4446 de-

409 4477 510 4548 τὴν
549 4477 712 4546 φύσιν
751 4477 812 4542 ἐξ
856 4475 988 4548 ῦλης
1023 4475 1119 4532 καὶ
1171 4476 1347 4540 εἴδους
1377 4479 1790 4546 συνεστηκυῖαν.
1842 4479 1996 4532 Ἐπεὶ

2100 4487 2214 4543 cies
2224 4497 2408 4544 autem
2418 4487 2858 4553 mille,millium.
2874 4483 3128 4540 Trecenti
3143 4490 3326 4538 autem
3341 4481 3503 4537 tacite
3519 4481 3689 4553 signi-

411 4570 520 4642 γὰρ
564 4570 858 4642 τετραδικὴ
911 4571 1021 4642 μὴν
1075 4568 1260 4640 ήῦλη,
1297 4567 1386 4622 διὰ
1421 4567 1519 4639 τὴν
1562 4571 1860 4640 τετρακτὺν
1886 4571 1996 4625 τῶν

414 4662 697 4732 στοιχείων
722 4662 912 4732 αὐτῆς,
941 4661 1261 4717 πενταδικὸν
1293 4660 1350 4714 δὲ
1381 4660 1441 4713 τὸ
1473 4657 1615 4725 εἶδος
1643 4660 1731 4715 διὰ
1772 4663 1832 4716 τὸ
1865 4681 1995 4716 πεν-

413 4751 652 4806 ταπλοῦν
704 4753 803 4823 τῆς
846 4751 1172 4824 αἰσθήσεως.
1199 4753 1299 4822 τῆς
1328 4751 1395 4806 τὰ
1437 4751 1598 4806 ὑλικά
1630 4753 1993 4824 σχηματιζού-

415 4862 535 4916 σης,
588 4845 843 4916 τετράκις
882 4844 974 4897 τὸν
1017 4851 1060 4897 ν’
1095 4843 1328 4909 συνθεὶς,
1365 4844 1612 4914 ποιήσεις
1643 4851 1687 4896 σ¹
1733 4845 1791 4898 ὃν
1837 4846 1916 4917 τῷ
1948 4854 1994 4919 ρ’

386 4926 576 4990 ’πάλιν
629 4935 873 5004 συνάψας
925 4933 1014 4988 διὰ
1046 4935 1147 5007 τῆς
1176 4935 1377 5007 ἀρετῆς
1425 4933 1488 4989 τὸ
1525 4930 1584 4990 εὖ
1629 4932 1790 4990 εῖναι.
1836 4937 1899 4992 Οἱ
1937 4939 1994 4993 δὲ

412 5023 682 5096 ἐξήκοντα
719 5027 817 5096 τὴν
848 5026 1137 5098 ποιητικὴν
1169 5025 1276 5080 τῶν
1304 5025 1466 5081 θείων
1497 5013 1726 5083 ἐντολῶν
1761 5029 1994 5098 ὑποφαί-

413 5133 566 5170 νουσι
596 5116 857 5187 δύναμινο
901 5119 959 5171 ὲν
993 5117 1053 5185 ἒξ
1090 5118 1189 5189 μὲν
1233 5116 1341 5189 γὰρ
1379 5119 1611 5189 ἡμέραις
1661 5120 1915 5192 ἐποίησεν
1965 5123 1994 5174 6

413 5205 548 5268 θεὸς
592 5206 683 5260 τὸν
716 5206 918 5276 κόσμον
947 5206 1154 5261 τοῦτον.
1187 5207 1332 5261 Δέκα
1353 5206 1410 5261 δὲ
1448 5209 1506 5260 αί
1553 5207 1877 5278 θεοδώρητοι
1908 5211 1992 5265 ὲν·-

415 5297 586 5352 τολαί·
635 5297 925 5365 ἐξάκιςδὲ
969 5297 1038 5352 τὰ
1084 5297 1215 5351 δέκα
1254 5297 1555 5370 ἐξήκοντα,
1605 5300 1727 5370 μεθ’
1755 5293 1831 5358 ὧν
1855 5303 1990 5372 ὁμοῦ

415 5389 634 5444 πάντων
693 5391 971 5461 ἐξέρχεται
1008 5393 1037 5446 6
1097 5392 1353 5461 ἀνωτέρω
1397 5380 1806 5464 διερμηνευθεὶς
1862 5394 1988 5448 Σῦτ.

421 5473 581 5534 Ἐπεὶ
623 5479 682 5534 δὲ
719 5480 1042 5550 συνεξῆλθον
1077 5479 1264 5544 αὐτοῖς
1296 5481 1391 5535 καὶ
1419 5483 1627 5550 παῖδες,
1679 5484 1774 5537 καὶ
1807 5484 1992 5538 παιδί-

417 5588 564 5636 σκαι,
621 5573 716 5628 καὶ
768 5573 991 5644 ψάλται,
1019 5573 1115 5626 καὶ
1140 5572 1431 5643 ψαλτῳδοὶ,
1466 5575 1560 5628 καὶ
1597 5575 1859 5645 κάμηλοι,
1897 5575 1992 5628 καὶ

416 5664 591 5728 ἵπποι,
624 5666 719 5719 καὶ
756 5666 990 5737 ἡμίονοι,
1028 5665 1122 5719 καὶ
1161 5663 1463 5732 ὑποζύγια,
1496 5661 1607 5720 εἷεν
1634 5666 1802 5720 ταῦτα
1830 5669 1990 5721 τύποι

422 5755 522 5811 τῶν
547 5756 820 5828 διαφόρων
867 5757 1088 5830 βαθμῶν
1121 5759 1217 5830 τῆς
1258 5759 1602 5831 Ἐκκλησίας,
1639 5759 1706 5813 δι’
1738 5753 1813 5816 ὧν
1857 5768 1995 5833 προ-’

2102 4579 2268 4635 ficant
2287 4579 2529 4636 rationes
2543 4579 2612 4634 de
2631 4579 2837 4634 virtute
2859 4584 2916 4632 et
2939 4584 3154 4631 natura.
3182 4573 3438 4630 Trecenti
3458 4574 3608 4629 enim
3637 4575 3685 4629 si

2102 4672 2420 4728 dividantur
2439 4671 2799 4743 intelligentia
2824 4670 2881 4725 in
2902 4678 3123 4726 centum
3145 4675 3202 4722 et
3221 4667 3479 4732 ducenta,
3503 4675 3690 4722 cente-

2103 4763 2293 4821 uarius
2312 4761 2535 4832 quidem
2552 4775 2818 4816 numerus
2834 4759 3100 4815 indicabit
3115 4756 3411 4828 perfectam
3427 4757 3689 4812 virtutem

2102 4855 2490 4925 decuplantem
2519 4851 2812 4908 denarium
2839 4851 3177 4921 scriptorum
3200 4864 3230 4903 a
3257 4848 3371 4903 Deo
3395 4846 3687 4902 mandato-

2102 4962 2248 5010 rum,
2277 4945 2517 5002 ducenta
2549 4953 2764 5010 autem,
2804 4951 3057 4997 naturam
3102 4947 3444 4996 constantem
3473 4951 3540 4992 ex
3568 4953 3688 4992 ma--

2100 5037 2239 5094 teria
2273 5045 2330 5092 et
2368 5035 2563 5091 forma.
2604 5033 2741 5090 Nam
2781 5033 3042 5105 quoniam
3082 5029 3434 5101 quaternaria
3459 5028 3688 5098 quidem

2099 5138 2184 5186 est
2227 5128 2455 5185 materia
2503 5135 2729 5199 propter
2770 5124 3190 5197 quaternionem
3229 5121 3349 5192 ejus
3375 5121 3683 5175 elemento-

2099 5236 2258 5287 rum,
2304 5220 2479 5276 forma
2529 5227 2713 5274 autem
2757 5225 2842 5292 est
2883 5213 3137 5286 quinaria
3183 5221 3411 5284 propter
3457 5227 3682 5268 sensum

2100 5312 2522 5384 quintuplicem,
2540 5311 2634 5380 qui
2657 5309 2852 5381 figurat
2876 5306 3178 5363 materialia
3205 5323 3218 5358 :
3239 5305 3284 5360 si
3310 5313 3504 5376 quater
3523 5305 3688 5376 quin-

2101 5402 2360 5474 quaginta
2392 5399 2786 5470 composueris,
2813 5397 3016 5452 efficies
3042 5397 3311 5460 ducenta;
3339 5410 3459 5466 quae
3483 5392 3528 5449 si
3555 5409 3686 5448 cen-

2100 5501 2218 5548 tum
2250 5506 2443 5548 rursus
2477 5489 2845 5562 conjunxeris,
2878 5497 3125 5544 trecenta
3171 5487 3394 5554 efﬁcies,
3423 5495 3679 5558 propter-

2099 5598 2165 5637 ea
2200 5581 2348 5654 quod
2384 5581 2608 5636 virtutis
2643 5580 2802 5635 bonae
2843 5579 2935 5634 sit.
2984 5580 3276 5652 Sexaginta
3326 5588 3509 5635 autem
3542 5577 3680 5633 sub-

2099 5675 2350 5732 indicant
2389 5674 2503 5729 vim
2545 5672 2874 5729 efficientem
2913 5671 3227 5726 divinorum
3266 5670 3672 5728 mandatorum.

2096 5767 2231 5822 Nam
2264 5767 2321 5822 in
2365 5781 2461 5824 sex
2495 5765 2720 5834 quidem
2762 5765 2960 5822 diebus
2988 5765 3133 5820 Deus
3164 5763 3289 5819 fecit
3321 5763 3468 5817 hunc
3510 5777 3674 5817 mun-
