4076 6472
416 308 551 364 1237

1613 299 1669 368 s.
1710 313 1988 370 cmeu
2029 312 2117 368 ET
2158 310 2467 368 ALIORUM

3541 303 3678 369 1288

414 423 567 480 dum.
590 425 789 480 Decem
809 431 995 480 autem
1022 433 1152 481 sunt
1173 441 1204 480 a
1225 425 1337 480 Deo
1353 423 1478 479 data
1508 425 1782 479 mandata.
1810 423 2003 480 Series

2110 424 2398 477 ετυποῦντο
2430 425 2488 476 αἰ
2515 418 2783 486 διαθέσεις
2811 419 2919 475 τῶν
2949 419 3333 475 πιστευόντων.
3359 419 3556 484 Παῖδες
3584 421 3685 488 μὲν

410 527 593 573 autem
623 517 813 571 decem
840 519 1141 588 sexaginta,
1169 534 1294 573 cum
1318 519 1523 588 quibus
1548 518 1809 572 omnibus
1830 518 1997 572 simul

410 607 695 680 egreditur
729 624 894 679 supra
939 609 1122 665 dictus
1158 609 1480 665 Zorobabel.
1507 607 1776 676 Quoniam
1813 619 1997 663 autem

411 700 574 754 simul
596 715 721 755 cum
745 701 826 755 eis
849 702 1104 756 exierunt
1130 711 1185 757 et
1212 705 1368 772 pueri
1408 713 1465 756 et
1489 703 1706 772 puellaa,
1730 708 1786 757 et
1810 703 2000 772 psaltze

410 798 467 844 et
493 801 767 856 cantores,
796 799 853 844 et
875 793 1092 856 cameli,
1119 802 1174 848 et
1195 793 1346 863 equi,
1369 801 1425 848 et
1448 793 1606 857 muli,
1632 775 1688 848 ἐι
1709 794 1957 864 jumenta
1983 811 1995 846 :

412 883 531 937 haec
561 883 768 937 fuerint
808 882 994 953 ﬁgurae
1030 884 1374 939 diversorum
1417 885 1686 956 graduum
1721 884 1996 948 Ecclesiae,

411 989 512 1044 per
541 989 680 1043 quos
714 973 1211 1044 praeﬁgurabantur
1251 989 1443 1028 eorum
1484 975 1578 1044 qui
1609 973 1843 1028 credunt
1871 975 2002 1029 all'e-

412 1066 644 1120 ctiones.
677 1065 815 1118 Nam
862 1065 1020 1134 pueri
1055 1065 1279 1133 quidem
1324 1073 1381 1119 et
1415 1066 1612 1135 puella:
1657 1073 1784 1119 sunt
1826 1065 1864 1119 ii
1905 1065 2000 1134 qui

412 1164 564 1209 metu
589 1164 920 1209 aeternorum
957 1155 1354 1224 suppliciorum
1385 1156 1626 1211 subeunt
1651 1171 1789 1210 onus
1811 1156 2001 1210 activae

412 1247 798 1319 philosophiae,
827 1262 1187 1317 asperamque
1217 1256 1273 1302 et
1301 1257 1576 1302 austeram
1600 1264 1722 1318 qua:
1749 1249 1804 1301 in
1831 1264 1896 1302 ea
1918 1257 2002 1303 est

412 1340 582 1394 vitam
615 1357 626 1392 :
655 1355 721 1392 ex
751 1338 954 1408 quibus
974 1339 1130 1407 pueri
1161 1338 1382 1408 quidem
1408 1348 1536 1393 sunt
1565 1340 1600 1392 ii
1630 1340 1724 1409 qui
1752 1349 1880 1393 sunt
1910 1355 2001 1393 ro-

413 1431 710 1495 bustiores,
744 1432 939 1500 puellae
981 1439 1186 1495 autem,
1227 1432 1321 1500 qui
1368 1431 1776 1486 imbecilliores.
1810 1432 2005 1486 Psalta:

414 1533 624 1588 autem,
661 1539 895 1593 quorum
924 1524 1069 1577 actio
1102 1524 1302 1577 clamat
1326 1532 1382 1577 et
1406 1522 1667 1593 praedicat
1691 1522 1786 1576 Dei
1811 1523 2006 1576 volun-

417 1624 590 1681 tates,
641 1616 762 1686 pios
811 1615 1165 1670 delectantes.
1195 1616 1459 1670 Cantores
1509 1624 1722 1681 autem,
1753 1616 1848 1685 qui
1893 1631 2004 1670 non

414 1707 593 1759 solum
633 1706 688 1759 in
720 1705 786 1759 iis
813 1721 870 1760 se
896 1715 1046 1760 recte
1090 1714 1401 1776 gesserunt,
1430 1705 1526 1760 sed
1559 1705 1726 1760 etiam
1756 1705 1894 1760 alios
1915 1707 2003 1760 in-

2100 517 2210 587 γὰρ
2253 518 2346 568 καὶ
2389 513 2709 576 παιδίσκαι,
2773 514 2821 565 οἰ
2884 512 3033 584 φόϐῳ
3085 512 3193 566 τῶν
3235 513 3468 566 αἰων.ων
3523 509 3684 564 κολά-

2104 626 2242 662 σεων
2296 607 2655 678 ὑπερχόμενοι
2691 606 2752 659 τὸ
2784 606 2947 678 βάρος
2977 607 3076 676 τῆς
3129 606 3439 676 πρακτικῆς
3473 603 3684 674 φιλοσο-

2103 701 2265 770 φίας,
2319 701 2412 752 καὶ
2453 701 2548 770 τὴν
2596 702 2653 752 ἐν
2709 700 2846 769 αὐτῇ
2893 697 3345 769 σκληραγωγίαν·
3387 690 3462 751 ὧν
3499 693 3687 759 παῖδες

2106 793 2204 864 μὲν
2275 794 2323 845 οἱ
2380 791 2739 862 ἰσχυρότεροι,
2775 790 3056 844 παιδίσκαι
3104 790 3161 842 δὲ
3195 791 3244 842 οἰ
3277 787 3683 858 ἀσθενέστεροι.

2102 883 2316 938 Ψάλται
2347 882 2404 936 δὲ
2446 876 2519 936 ὧν
2566 883 2598 953 ή
2633 881 2831 953 πρᾶξις
2861 881 2962 953 βοᾷ
2994 881 3088 934 καὶ
3123 879 3385 951 κηρύττει
3413 879 3508 932 τοῦ
3547 879 3687 933 Θεοῦ

2102 976 2173 1029 τὰ
2209 976 2491 1046 θελήματα
2525 976 2796 1046 τέρποντα
2831 975 2958 1038 τοὺς
2986 973 3252 1037 εὐσεϐεῖς.
3293 972 3579 1042 Ψαλτῳδοὶ
3605 971 3685 1037 δὲ,

2103 1071 2152 1122 oi
2201 1067 2276 1138 μὴ
2304 1069 2462 1137 μόνον
2486 1066 2659 1118 ταῦτα
2694 1066 3142 1137 κατωρθωκότες,
3174 1063 3312 1117 ἀλλὰ
3342 1063 3437 1118 καὶ
3463 1064 3688 1134 ἑτέρους

2105 1161 2184 1221 είς
2211 1158 2308 1229 τὴν
2348 1157 2555 1212 τούτων
2585 1158 2784 1230 πρᾶξιν
2813 1158 2902 1212 διὰ
2925 1157 3016 1211 τοῦ
3053 1157 3328 1210 διδάσκειν
3364 1156 3460 1210 καὶ
3493 1153 3690 1224 ῥυθμί-

2107 1247 2221 1312 ζειν
2279 1247 2585 1314 ἐνάγοντες.
2665 1245 2917 1316 Κάμηλοι
2968 1245 3024 1297 δὲ
3065 1246 3115 1298 οί
3160 1245 3298 1314 πρὸς
3348 1241 3690 1313 ὑψηλοτέρας

2107 1337 2340 1409 Θεωρίας
2373 1336 2799 1407 ἀνατεινόμενοι.
2837 1338 3026 1390 ’Ἱπποι
3057 1336 3114 1390 δὲ
3153 1338 3202 1389 οἱ
3243 1335 3304 1388 τὸ
3347 1333 3562 1388 στάδιον
3590 1329 3690 1383 τοῦ

2108 1429 2250 1482 κατὰ
2294 1428 2425 1482 Θεὸν
2479 1427 2594 1497 βίου
2645 1428 2969 1498 τρέχοντες⁸
3018 1427 3230 1497 ἡμίονοι
3266 1426 3322 1478 δὲ
3349 1426 3398 1478 oi
3456 1422 3686 1493 μιγάδες

2106 1519 2167 1572 τὸ
2188 1515 2339 1590 ἦθος,
2374 1519 2468 1572 καὶ
2509 1521 2565 1572 ὲν
2593 1517 2668 1588 τῷ
2690 1518 2853 1589 κοινῷ
2881 1519 2942 1572 τὸ
2984 1521 3198 1574 ἀκοινον
3227 1515 3686 1586 ἐπιδεικνύμενοι,

2109 1610 2142 1681 ἢ
2187 1613 2234 1664 οἱ
2275 1611 2460 1680 ἄγονοι
2509 1609 2708 1673 κακίας
2734 1628 2748 1642 ·
2795 1610 3065 1680 ὑποζύγια
3103 1611 3160 1663 δὲ
3195 1611 3244 1663 οἱ
3275 1610 3400 1672 τοὺς
3441 1607 3692 1669 ἀσθενεῖς

2112 1705 2472 1774 βαστάζοντες
2525 1707 2622 1762 καὶ
2668 1707 2736 1760 τά
2798 1706 2940 1777 βάρη
2992 1703 3199 1758 τούτων
3226 1704 3500 1772 φέροντες·
3549 1699 3598 1752 οἰ
3635 1698 3693 1750 δὲ

415 1798 627 1852 ducunt
653 1797 720 1850 ad
745 1813 937 1850 earum
970 1797 1241 1852 actionem
1269 1813 1367 1866 per
1408 1798 1513 1851 hoc
1554 1796 1700 1866 quod
1727 1797 1927 1852 docent
1950 1806 2005 1852 et

2110 1798 2356 1869 διάφοροι
2391 1799 2612 1869 ἀριθμοὶ
2640 1798 2749 1850 τῶν
2778 1815 2838 1852 τε
2872 1797 3077 1850 παίδων
3115 1797 3211 1850 καὶ
3240 1791 3563 1858 παιδισκῶν,
3592 1789 3694 1842 καὶ

415 1900 778 1961 componunt.
804 1888 1009 1945 Cameli
1038 1898 1218 1943 autem
1244 1889 1336 1958 qui
1362 1889 1735 1943 extenduntur
1757 1889 1824 1942 ad
1846 1889 2006 1943 altio-

416 1998 507 2037 res
541 1982 1054 2051 contemplationes.
1098 1981 1238 2050 Equi
1268 1989 1453 2035 autem
1489 1981 1584 2050 qui
1632 1990 1862 2035 currunt
1889 1988 2001 2035 sta-

415 2074 569 2128 dium
593 2073 720 2128 vitaa
753 2088 876 2142 quae
903 2071 958 2125 in
987 2071 1099 2126 Deo
1131 2072 1330 2142 agitur.
1371 2071 1501 2125 Muli
1536 2082 1720 2127 autem
1747 2072 1840 2142 qui
1876 2079 2004 2126 sunt

415 2166 565 2221 misti
594 2166 861 2230 moribus,
888 2173 945 2218 et
972 2165 1028 2218 in
1055 2166 1334 2220 communi
1373 2165 1676 2220 ostendunt
1709 2165 1855 2236 quod
1892 2181 2004 2220 non

415 2265 500 2312 est
521 2272 833 2322 commune,
860 2263 955 2310 aut
988 2255 1083 2325 qui
1108 2256 1229 2311 vitii
1261 2263 1394 2311 sunt
1429 2255 1718 2311 infertiles.
1750 2257 2004 2312 Jumenta

2110 1890 2218 1943 τῶν
2247 1889 2464 1959 ψαλτῶν
2497 1891 2591 1943 καὶ
2636 1888 2933 1960 ψαλτῳδῶν
2974 1889 3070 1942 καὶ
3096 1887 3204 1941 τῶν
3249 1885 3424 1941 ἄλλων
3443 1925 3456 1947 ,
3486 1885 3698 1953 ἐμφαν-

2109 1981 2252 2034 τικοί
2279 1981 2422 2045 τινές
2461 1984 2567 2035 εἰσι
2591 1981 2685 2035 τοῦ
2718 1982 2952 2052 διάφορα
2977 1977 3116 2034 εἶναι
3143 1978 3329 2033 καὶτὰ
3367 1975 3546 2048 πλήθη
3579 1972 3696 2026 τῶν

2109 2075 2406 2145 ταγμάτων
2428 2076 2524 2145 τῆς
2566 2075 2914 2146 Ἐκκλησίας.
2941 2074 3188 2144 Διάφορα
3215 2072 3314 2144 μὲν
3345 2070 3455 2140 γὰρ
3477 2069 3698 2136 τάγμα-

2109 2184 2199 2234 τα,
2230 2168 2461 2239 διάφορα
2505 2167 2562 2221 δὲ
2596 2168 2689 2221 καὶ
2730 2168 2799 2223 τὰ
2835 2167 2940 2220 ὑπὸ
2965 2167 3034 2220 τά
3067 2166 3325 2237 τάγματα
3357 2161 3560 2232 πλήθη,
3597 2157 3697 2211 καὶ

2110 2259 2246 2313 ἄλλα
2275 2248 2451 2315 ἄλλων
2476 2259 2696 2314 πλείονα
2724 2261 2758 2332 ἢ
2797 2259 3075 2313 ἐλάττονα.

415 2356 636 2412 autem,
690 2363 812 2418 qua:
854 2355 1074 2416 portant
1119 2346 1456 2415 imbecilles,
1503 2356 1560 2403 et
1601 2347 1790 2403 ferunt
1833 2363 2029 2402 eorum
2067 2363 2254 2406 onera.
2295 2351 2508 2406 Diversi
2550 2360 2734 2407 autem
2772 2352 2988 2407 numeri
3027 2363 3327 2421 puerorum
3393 2355 3450 2401 et
3482 2342 3696 2416 puella—

417 2454 561 2502 rum,
589 2450 645 2495 et
675 2440 976 2509 psaltaruni
1007 2446 1065 2493 et
1111 2448 1401 2494 cantorum
1435 2447 1492 2494 et
1531 2439 1789 2504 aliorum,
1820 2439 2120 2497 ostendunt
2175 2425 2322 2512 quod
2381 2453 2511 2500 sunt
2566 2446 2734 2499 etiam
2773 2445 3007 2498 diversae
3029 2440 3413 2497 multitudines
3432 2434 3696 2491 ordinum

415 2529 696 2586 Ecclesiae.
727 2531 862 2586 Nam
896 2539 1026 2586 sunt
1051 2531 1273 2601 quidem
1337 2531 1545 2587 diversi
1608 2532 1854 2598 ordines,
1914 2532 2144 2590 diversae
2182 2538 2369 2594 autem
2421 2547 2552 2594 sunt
2595 2538 2763 2594 etiam
2815 2537 3198 2594 multitudines
3234 2549 3357 2605 quae
3410 2539 3540 2588 sunt
3584 2527 3695 2586 sub

416 2621 726 2689 ordinibus,
755 2631 811 2678 et
839 2623 946 2677 alia
980 2623 1067 2678 liis
1097 2624 1255 2692 plura
1279 2633 1373 2679 aut
1400 2625 1679 2694 pauciora.

405 2741 473 2803 Et
519 2773 637 2810 cum
665 2756 984 2831 audivissent
1019 2758 1220 2812 inimici
1255 2759 1419 2831 tribus
1453 2758 1597 2812 Iuda
1621 2767 1669 2812 et
1693 2757 1998 2831 Benjamin,

485 2837 819 2899 accesserunt
869 2828 938 2882 ad
981 2830 1398 2896 cognoscendum
1443 2845 1690 2899 quamam
1736 2828 1869 2884 esset
1902 2847 2003 2885 vos

487 2898 855 2970 labarum,__et
883 2908 1208 2968 agnoverunt
1247 2899 1385 2970 quod
1420 2898 1509 2968 qui
1545 2909 1696 2970 erant
1733 2916 1795 2953 ea:
1831 2903 2002 2970 capti-

485 2968 648 3021 vitate
697 2967 964 3035 wdiﬁcam
1019 2967 1271 3037 templum
1327 2967 1547 3021 Domino
1582 2968 1689 3022 Deo
1724 2967 1905 3024 Israel
1935 2972 1999 3023 ⁸⁵.

485 3057 659 3112 Judas
694 3057 920 3126 quidem
958 3056 1357 3126 interpretatur
1381 3059 1657 3128 confessio.
1687 3059 1783 3113 Est
1817 3070 2002 3115 autem

421 3146 642 3216 duplex,
682 3145 855 3199 altera
897 3143 1121 3214 quidem
1159 3143 1472 3215 signiﬁcans
1511 3147 1806 3216 gratiarum
1836 3149 2006 3203 aetio-

2107 2755 2218 2811 Καὶ
2231 2757 2677 2833 ἀκούσαντες-σί
2687 2755 2888 2833 ἐχθροὶ
2907 2754 3018 2824 τῆς
3023 2752 3197 2833 ¹ερυλῆ
3204 2775 3246 2833 ς.
3263 2753 3462 2833 Ἰούδα
3474 2755 3572 2833 καί
3589 2757 3701 2833 B18-

2177 2827 2401 2896 νιιιμίν,
2429 2824 2806 2896 ἐληλύθασιν
2833 2824 3155 2896 ἐπιγνῶναι
3176 2826 3276 2896 ,τίς
3294 2826 3338 2896 gi
3372 2825 3540 2893 φωνὴ
3574 2824 3699 2880 τῶν

2180 2893 2552 2966 σαζῑπίγηκυνλ·
2573 2899 2669 2949 καὶ
2689 2893 3043 2965 ἐπέγνωσαν
3058 2895 3147 2949 ὅτι
3161 2895 3229 2966 ἐκ
3249 2893 3372 2966 τῆςῌ
3389 2898 3697 2966 αἰχμαλω-

2181 2969 2322 3031 σίας
2346 2962 2731 3036 οἰφὲοδομοῦσι
2751 2962 2902 3020 mar
2922 2967 3116 3033 Κυρίῳ
3145 2962 3224 3030 τῷ
3259 2963 3380 3030 Θεῷ
3437 2962 3698 3033 Ἰσραήλ.

2195 3057 2392 3121 Ἰούδας
2424 3058 2522 3128 μὲν
2551 3053 2984 3127 ἐξομολόγησις
3015 3057 3396 3127 ἑρμηνεύεται.
3442 3056 3602 3128 Διττὴ
3638 3056 3702 3112 δὲ

2111 3149 2251 3220 αὕτη
2284 3191 2299 3216 ,
2352 3152 2385 3221 ή
2451 3150 2550 3220 μὲν
2617 3149 2970 3222 εὐχαριστίαν
3034 3150 3423 3222 δεδωρημένων
3475 3149 3703 3218 ἀγαθῶν

418 3250 545 3293 nem
590 3252 693 3306 pro
743 3235 962 3291 donatis
994 3237 1199 3291 bonis:
1240 3237 1410 3292 altera
1466 3254 1598 3293 vero
1650 3241 1998 3296 enuntiatio-

2114 3241 2478 3312 σημαίνουσα,
2509 3243 2541 3312 ἡ
2575 3241 2631 3295 δὲ
2667 3241 2985 3313 ἐξαγορείαν
3034 3242 3442 3313 πεπραγμένων
3487 3240 3698 3295 κακῶν.

416 3345 545 3386 nem
567 3335 847 3400 gestorum
879 3328 1174 3382 malorum.
1197 3327 1526 3400 Quicunque
1553 3347 1686 3402 ergo
1711 3333 2008 3388 conﬁtetur

417 3437 521 3493 per
578 3436 744 3475 unam
798 3435 1011 3484 earum,
1071 3428 1156 3475 est
1211 3437 1279 3475 ex
1336 3422 1483 3477 tribu
1528 3423 1689 3479 Juda.
1733 3423 2006 3490 Quoniam

417 3523 606 3569 autem
655 3507 942 3584 Bénjamin
983 3512 1376 3582 interpretatur
1414 3513 1607 3581 luctus,
1649 3525 1744 3569 aut
1787 3517 2009 3586 gemitus

418 3607 633 3671 matris,
662 3615 757 3660 aut
795 3603 1078 3673 wdiﬁcatio
1115 3604 1294 3674 pOpuIi
1337 3622 1354 3660 :
1401 3607 1714 3676 quicunque
1736 3607 1888 3677 luget
1911 3622 2011 3661 sua

415 3706 668 3770 peccata,
707 3706 803 3752 aut
827 3697 1140 3768 ingemiscit
1165 3705 1392 3767 propter
1422 3699 1623 3763 aliena,
1650 3713 1802 3752 more
1819 3697 2011 3752 matris

417 3805 542 3861 quae
577 3797 833 3842 movetur
870 3788 1243 3854 miseratione,
1281 3796 1378 3842 aut
1400 3789 1634 3843 azdiﬁcat
1661 3788 1873 3858 aliquos
1893 3798 2010 3844 arte

418 3881 706 3942 doctrinae,
735 3890 820 3936 est
859 3896 925 3935 ex
958 3880 1105 3934 tribu
1143 3880 1452 3950 Benjamin.
1495 3880 1535 3934 li
1573 3888 1757 3934 autem
1792 3879 2009 3934 liberati

426 3973 780 4044 acaptivitate
803 3973 1098 4028 affectuum
1119 3972 1354 4028 etanimi
1369 3971 1863 4042 perturbationum,
1885 3987 2012 4025 cum

417 4065 676 4120 venerint
713 4065 781 4119 ad
814 4064 1064 4119 habitum
1100 4062 1549 4132 impatibilitatis,
1569 4061 1843 4116 aediﬁcant
1874 4070 2011 4117 tem-

417 4155 571 4227 plum
591 4156 842 4221 Domino,
869 4154 1016 4225 quod
1035 4153 1340 4208 aediﬁcatur
1357 4169 1426 4208 ex
1450 4151 1685 4208 diversis
1701 4151 1882 4207 modis
1899 4152 2012 4206 vir-

419 4249 558 4304 tutis
579 4255 636 4304 et
662 4248 972 4303 rationibus
993 4245 1349 4317 cognitionis.
1375 4245 1583 4300 Eorum
1601 4253 1785 4300 autem
1803 4243 2012 4299 inimici

419 4349 552 4398 sunt
583 4350 826 4412 quatuor
862 4348 1078 4410 gentes,
1109 4354 1246 4409 quas
1277 4337 1512 4408 migrare
1540 4336 1672 4393 fecit
1710 4337 1764 4392 in
1806 4344 2013 4392 terram

419 4432 952 4501 lsrael'Abascaphat
974 4446 1067 4485 rex
1103 4431 1295 4495 Assur,
1318 4430 1642 4501 Babylonii,
1674 4430 1923 4500 inquam,
1957 4439 2015 4486 et

418 4523 704 4589 Echuthaz,
717 4521 1132 4586 etzEmathamt
1143 4521 1223 4576 Eu
1231 4519 1575 4590 sebae.Atque
1592 4519 1875 4592 Babylonii
1892 4518 2016 4589 qui-

2111 3336 2228 3399 Πᾶς
2265 3337 2446 3389 τοίνυν
2482 3335 2974 3407 ἐξομολογούμενος
3005 3334 3147 3389 κατὰ
3189 3335 3318 3405 μίαν
3347 3333 3572 3398 τούτων,
3596 3331 3701 3402 τῆς

2111 3428 2288 3498 φυλῆς
2327 3428 2444 3480 ἐστι
2472 3426 2566 3481 τοῦ
2627 3427 2818 3481 Ἰούδα..
2875 3427 3027 3480 Ἐπεὶ
3056 3427 3112 3480 δὲ
3147 3427 3241 3480 καὶ
3273 3425 3530 3496 Βενιαμὶν
3559 3422 3679 3479 πέν

2112 3525 2215 3586 θος
2244 3519 2681 3592 ἑρμηνεύεται,ῆ
2715 3519 3054 3588 στεναγμὸς
3075 3519 3378 3590 μητρὸς,ἢ
3411 3515 3702 3587 οἰκοδομὴ

2110 3611 2285 3666 λαοῦ·
2323 3613 2434 3675 πᾶς
2456 3611 2667 3664 πενθῶν
2700 3611 2793 3664 ἐπὶ
2833 3613 2944 3674 τοῖς
2967 3611 3190 3673 οἰκείοις
3220 3611 3633 3680 ἁμαρτήμασιν,
3662 3613 3692 3680 ἣ

2114 3696 2391 3762 στενάζων
2437 3699 2532 3752 ἐπὶ
2562 3701 2676 3762 τοῖς
2727 3698 3048 3770 ἀλλοτρίοις,
3094 3699 3294 3770 τρόπον
3328 3699 3532 3769 μητρὸς
3562 3715 3704 3766 συμ-

2112 3789 2340 3854 παθοῦς,
2399 3790 2425 3860 ἢ
2466 3790 2766 3861 οἰκοδομῶν
2796 3808 2950 3854 τινας
2997 3790 3163 3860 τέχνῃ
3196 3789 3566 3852 διδασκαλίας,
3598 3786 3705 3858 τῆς

2115 3882 2287 3953 φυλῆς
2313 3884 2427 3937 εστι
2456 3883 2549 3937 τοῦ
2586 3883 2863 3952 Βενιαμίν.
2898 3885 2959 3936 Οί
2989 3881 3219 3936 τοιοῦτοι
3243 3877 3299 3935 δὲ
3327 3884 3425 3952 τῆς
3454 3879 3564 3933 τῶν
3591 3896 3704 3931 πα-

2115 3975 2224 4030 θῶν
2281 3975 2662 4046 αἰχμαλωσίας
2710 3974 3189 4046 ἐλευθερωθέντες,
3253 3975 3347 4027 καὶ
3405 3971 3549 4025 κατὰ
3599 3971 3705 4042 τὴν

2113 4068 2226 4134 ἕξιν
2243 4069 2342 4140 τῆς
2361 4067 2628 4131 ἀπαθείας
2647 4067 2952 4136 γενόμενοι,
2967 4061 3314 4135 οἰκοδομοῦσι
3339 4063 3466 4116 ναὸν
3482 4059 3703 4132 Κυρίῳ,

2114 4162 2206 4216 τὸν
2234 4164 2296 4215 ἐκ
2325 4161 2596 4233 διαφόρων
2622 4160 2840 4230 τρόπων
2867 4154 3070 4228 ἀρετῆς
3103 4158 3200 4211 καὶ
3231 4156 3406 4224 λόγων
3443 4151 3706 4224 γνώσεως

2115 4249 2594 4323 οίκοδομούμενον.
2638 4251 2856 4322 Ἐχθροὶ
2883 4251 2940 4304 δὲ
2966 4249 3172 4303 τούτων
3199 4250 3328 4315 εἰσὶ,
3357 4248 3425 4301 τὰ
3458 4248 3704 4317 τέσσαρα

2113 4345 2242 4417 ἔθνη
2280 4345 2350 4398 τά
2387 4344 2798 4416 μετοικισθέντα
2828 4345 2907 4408 είς
2947 4343 3051 4412 γῆν
3099 4340 3317 4413 Ἰσραὴλ
3357 4339 3460 4393 ὑπὸ
3499 4339 3704 4392 Ἀσσα-

2116 4434 2300 4506 καῖρὰθ
2336 4435 2604 4506 βασιλέως
2649 4435 2901 4505 Ἀσσοὺρ,
2936 4433 3080 4501 λέγω
3111 4431 3174 4502 δὴ
3201 4431 3576 4494 Βαϐυλωνίους
3604 4429 3705 4483 καὶ

2128 4529 2497 4601 Ἐχουθαίους,
2537 4527 2633 4581 καὶ
2663 4525 3020 4596 Αίμαθαίους,
3054 4524 3146 4578 καὶ
3192 4521 3545 4585 Εὐσεδαίους.
3594 4520 3704 4572 Βα-

419 4614 547 4670 dem
563 4623 692 4670 sunt
703 4613 959 4683 superbia
975 4619 1214 4668 mentem
1230 4611 1883 4668 confundens.Echuthaai
1909 4626 2006 4664 au-

2124 4620 2377 4674 6υλώνιοι
2410 4619 2508 4690 μὲν
2532 4612 2624 4670 οὖν
2649 4611 3062 4686 ή-ὑπερηφανία
3092 4611 3395 4680 συγχέουσα
3432 4608 3524 4660 τὸν
3550 4605 3700 4661 νοῦν.

424 4713 534 4762 tem
555 4720 693 4760 vana
712 4705 884 4775 gloria
897 4720 1018 4774 quze
1035 4711 1276 4759 mentem
1295 4714 1511 4761 emovet
1527 4712 1582 4759 et
1599 4702 1827 4757 adducit
1842 4701 1900 4755 in
1918 4716 2014 4755 ex-

421 4798 635 4856 stasim.
657 4797 794 4852 Nam
809 4797 1026 4852 Echutb
1051 4798 1450 4870 interpretatur
1470 4793 2014 4852 exstasisJEmathmi

419 4888 627 4956 autem,
654 4889 876 4959 placere
928 4889 1266 4946 hominibus.
1324 4889 1460 4944 Nam
1511 4885 1733 4942 Emath
1783 4885 2012 4956 quidem

421 4984 819 5053 interpretatur
871 4983 999 5036 visio
1052 4999 1236 5036 eorum
1296 4996 1413 5052 quae
1463 4987 1744 5050 apparent.
1791 4979 2004 5032 Morum

419 5081 606 5127 autem
641 5072 735 5142 qui
775 5072 1036 5128 videntur
1067 5081 1125 5128 et
1159 5077 1426 5142 apparent
1440 5083 1628 5124 curam
1664 5069 1804 5139 gerit
1836 5069 1883 5124 is
1913 5069 2007 5139 qui

421 5162 601 5232 placet
656 5161 992 5216 hominibus.
1034 5160 1225 5216 Eubeei
1289 5167 1472 5213 autem
1538 5159 1836 5229 hypocrisis
1910 5175 2008 5214 seu

421 5252 718 5308 simulatio.
757 5253 948 5308 Eubazi
1018 5251 1166 5305 enim
1214 5249 1651 5320 interpretantur
1694 5247 2010 5321 serpentini.

422 5344 661 5414 Serpens
698 5353 884 5400 autem
932 5357 1034 5412 per
1081 5341 1419 5412 hypocrisim
1462 5341 1682 5412 decepit
1719 5342 2010 5412 protopla-

421 5441 588 5490 stum.
639 5432 1024 5504 Abascapbath
1076 5441 1258 5488 autem
1309 5433 1580 5488 diabolus.
1621 5433 2007 5504 Abascaphath

423 5527 571 5583 enim
613 5527 1005 5582 interpretatur
1036 5525 1295 5583 abducens
1335 5533 1477 5580 retro
1516 5525 1574 5580 in
1616 5525 2004 5600 captivitatem,

499 5701 546 5734 °’
578 5699 648 5759 Ill
681 5697 838 5755 Esdr.
867 5715 920 5766 v,
946 5699 1035 5767 66,
1067 5691 1153 5755 67.

2124 4711 2429 4784 Ἐχουθαῖοι
2485 4710 2544 4763 δὲ
2591 4711 2626 4780 ή
2659 4705 2937 4771 κενοδοξία
2977 4702 3241 4769 ὲξιστῶσα
3289 4701 3386 4772 τὴν
3434 4700 3703 4754 διάνοιαν.

2127 4803 2317 4876 Ἐχουθ
2352 4803 2460 4875 γὰρ
2494 4801 2788 4865 ἔκστασις
2816 4795 3202 4868 ἑρμηνεύεται.
3237 4792 3529 4864 Αίμαθαῖοι
3559 4789 3616 4843 δὲ
3663 4791 3701 4862 ή

2115 4893 2601 4970 ἀνθρωπαρεσκία.
2626 4891 2804 4962 Αίμάθ
2833 4890 2932 4962 μὲν
2960 4889 3068 4960 γὰρ
3095 4887 3303 4956 ὅρασις
3319 4881 3706 4970 φαινομένων

2113 4991 2494 5065 ἑρμηνεύεται·
2523 4986 2630 5042 τῶν
2655 4983 2946 5056 ὁρωμένων
2973 4980 3029 5033 δὲ
3059 4979 3155 5033 καὶ
3183 4975 3523 5047 φαινομένων
3549 4969 3706 5042 ἠθῶν

2113 5082 2451 5154 ἐπιμελεῖται
2469 5080 2497 5132 ὁ
2515 5077 3000 5148 ἀνθρωπάρεσκος.
3027 5070 3251 5124 Εὑόαῖοι
3295 5068 3352 5120 δὲ
3392 5068 3424 5136 ἡ
3451 5067 3705 5132 ὑπόκρι-

2115 5192 2235 5242 σις.
2271 5174 2494 5227 Εὑϐαῖοι
2522 5170 2630 5242 γὰρ
2655 5165 2928 5238 ὀφιώδεις
2953 5161 3366 5234 ἑρμηνεύονται.
3408 5158 3464 5210 '0
3491 5156 3547 5210 δὲ
3572 5156 3702 5224 όφις

2078 5304 2091 5311 -
2113 5269 2183 5323 δι’
2225 5265 2570 5337 ὑποκρίσεως
2598 5261 2853 5332 ἢπάτησε
2879 5256 2970 5309 τὸν
3009 5250 3458 5324 πρωτόπλαστον.
3506 5247 3706 5300 Ἀσὸα-

2113 5361 2295 5432 καφάθ
2330 5360 2387 5413 δὲ
2415 5362 2443 5413 ό
2467 5355 2732 5419 διάϐολος,
2781 5345 3136 5416 ’Λσὸακαφὰθ
3167 5341 3530 5414 ἑρμηνεύεται
3568 5343 3706 5406 αἰχ-

2105 5452 2449 5526 μαλωτίζων
2484 5447 2728 5519 ὃτισθεν,
2772 5448 2916 5504 τοῦτ’
2967 5447 3113 5510 εστι,
3148 5443 3288 5498 κατὰ
3318 5440 3379 5494 τὸ
3407 5437 3634 5508 ἀφανὲς,
3666 5437 3705 5507 ἢ
