4076 6510
368 353 506 412 [289

1745 345 2268 405 GOLLECTANEA.

3501 360 3635 418 1290

364 477 510 531 κατὰ
536 471 596 526 τὺ
620 470 844 541 λεληθὸς
880 467 1262 540 συναρπάζουν.
1302 460 1468 532 Οὗτος
1502 462 1556 521 δὲ
1591 468 1859 538 μετῴκισε
1889 466 1958 518 τὰ

2072 466 2167 519 hoc
2198 475 2302 530 est,
2327 466 2558 521 obscure
2587 475 2681 521 aut
2703 467 2936 523 latenter
2965 468 3288 539 corripiens.
3326 469 3430 527 Iste
3456 484 3639 531 autem

364 569 409 622 δ’
438 566 601 621 ταυτὶ
653 564 832 629 πάθη,
882 564 961 624 είς
1007 561 1108 632 τὴν
1150 560 1262 625 ἕξιν
1303 563 1403 632 τῆς
1445 562 1666 633 ἀρετῆς,
1714 562 1810 614 καὶ
1857 564 1955 631 τῆς

352 659 648 745 ιγνώσεως,
682 653 1013 727 παρενείρας
1058 652 1200 707 αὐτὰ
1232 655 1344 716 τοῖς
1372 654 1646 721 ὲναρέτοις
1695 655 1785 707 καὶ
1816 671 1956 722 γνω-

350 749 598 811 τστικοίς,
634 747 723 800 ἴνα
763 745 850 798 διὰ
881 744 1087 798 τούτων
1131 745 1240 798 ἀπὸ
1266 744 1358 798 τοῦ
1392 744 1535 798 κατὰ
1579 746 1710 799 Θεὸν
1753 746 1955 799 σκοποῦ

369 841 504 915 πρὸς
548 839 734 907 ἕτερον
780 836 1044 907 ἀπαγάγῃ
1076 838 1202 899 τοὺς
1253 837 1310 889 ἐν
1356 835 1579 904 ἀγαθοῖς
1637 835 1953 901 πονοῦντας.

371 932 590 986 Τούτων
637 930 702 1001 δὴ
760 930 870 983 τὼν
908 930 950 983 δ’
980 926 1201 997 ἀγαθῶν
1232 930 1282 981 οἱ
1316 929 1659 1002 προεστῶτες
1704 930 1958 1001 δαίμονες

372 1025 707 1087 ἀκούσαντες
752 1024 851 1093 τῆς
888 1024 1073 1093 φωνῆς
1119 1023 1228 1075 τῶν
1275 1023 1593 1091 σαλπίγγων
1639 1024 1959 1095 ἐληλύθασιν

373 1115 694 1185 ἐπιγνῶναι,
732 1114 816 1178 τίς
858 1116 1005 1167 ἐστιν
1054 1113 1213 1184 αὕτη.
1262 1113 1573 1183 Σάλπιγγες
1620 1117 1718 1186 μὲν
1745 1112 1857 1181 οὖν,
1903 1118 1958 1169 αἱ

374 1210 520 1263 θεῖαι
560 1204 798 1269 ἐντολαὶ,
832 1206 983 1274 φωνὴ
1010 1205 1068 1258 δὲ
1100 1204 1282 1259 αὐτῶν
1318 1206 1375 1258 αἱ
1406 1205 1633 1276 πράξεις
1661 1207 1859 1271 αὐτῶν,
1892 1203 1961 1278 ἧς

376 1299 690 1369 αἰσθόμενοι
733 1299 783 1353 οι
825 1297 1077 1368 δαίμονες
1130 1297 1499 1352 διανίστανται
1553 1299 1691 1369 πρὸς
1730 1317 1964 1371 κακουρ-

376 1391 524 1461 γίαν.
1144 1432 1149 1435 ι

445 1482 558 1538 Καὶ
576 1480 1018 1551 προσελθόντες
1040 1481 1118 1547 τῷ
1143 1478 1491 1550 Ζοροϐάϐελ,
1522 1483 1620 1537 καὶ
1644 1482 1723 1549 τῷ
1760 1484 1962 1551 Ἰησοῦ

377 1575 478 1629 καὶ
496 1574 620 1641 τοῖς
634 1574 991 1644 ἡγουμένοις
1006 1574 1126 1627 τῶν
1136 1574 1416 1643 πατριῶν,
1431 1576 1721 1645 λέγουσιν
1736 1574 1960 1641 αὐτοῖς’

390 1665 968 1735 Ἐνοικοδομήσομεν
1001 1666 1146 1733 ὑμῖν
1165 1682 1179 1695 ·
1210 1666 1426 1734 ὁμοίως
1450 1666 1559 1735 γὰρ
1582 1666 1723 1736 ὑμῖν
1744 1667 1961 1721 ἀκούο-

380 1777 500 1829 μεν
538 1759 645 1813 τοῦ
686 1759 913 1827 Κυρίου
957 1757 1064 1811 τοῦ
1100 1758 1249 1813 Θεοῦ
1275 1799 1288 1823 ,
1321 1760 1419 1812 καὶ
1454 1758 1615 1824 αὐτῷ
1637 1759 1966 1828 ἐπιθύομεγ

376 1848 725 1922 ἀερίὴμερῶν
745 1850 1402 1917 Ἀσφακαίιθβασιλέως
1436 1851 1719 1917 Ἀσσούρ·
1743 1852 1811 1916 ὃς
1827 1867 1964 1918 μετ-

375 1943 602 2010 ῴκισεν
620 1942 786 2011 ἡμᾶς
812 1940 1048 1996 ἐνθάδε.
1073 1941 1183 1994 Καὶ
1200 1936 1373 1995 εἷπον
1389 1942 1593 2007 αὐτοῖς
1608 1941 1959 2007 Ζοροϐάϐελ,

378 2032 478 2085 καὶ
521 2029 763 2097 Ἰησοῦς
789 2030 887 2083 καὶ
916 2032 970 2083 οἱ
998 2030 1317 2099 ἡγούμενοι
1364 2027 1482 2083 τῶν
1508 2030 1772 2097 πατριῶν
1791 2048 1803 2060 ·
1838 2033 1962 2098 Οὐχ

379 2120 525 2190 ὑμῖν
551 2119 653 2174 καὶ
669 2119 815 2189 ἡμῖν
829 2119 896 2173 τὸ
917 2119 1313 2189 οἰκοδομῆσαι
1338 2115 1510 2174 οἶκον
1521 2121 1716 2188 Κυρίῳ
1741 2120 1822 2186 τῷ
1842 2120 1964 2185 Θεῷ

381 2210 571 2280 ἡμῶν.
609 2210 797 2279 Ἡμεῖς
812 2211 923 2281 γὰρ
936 2213 1114 2281 μόνοι
1139 2209 1640 2280 οἰκοδομήσομεν.
1660 2210 1965 2282 Ζοροϐάϐελ

384 2302 486 2372 μὲν
503 2301 648 2355 ἔστιν
663 2302 691 2354 ὁ
714 2302 1016 2372 πρακτικὸς
1041 2302 1164 2365 νοῦς
1181 2302 1257 2364 ὡς
1279 2303 1738 2375 πολεμικώτερος.
1756 2303 1965 2375 Ἰησοῦς

382 2393 439 2447 δὲ
471 2395 500 2447 ὀ
532 2394 891 2465 θεωρητικὸς,
937 2394 1012 2458 ὡς
1049 2393 1354 2465 ἱερώτερος.
1408 2395 1715 2465 ’Ἄρχοντες
1752 2394 1813 2448 δὲ
1858 2392 1965 2448 τῶν

384 2486 651 2557 πατριῶν,
676 2486 732 2538 αἱ
766 2485 864 2555 τῆς
900 2485 1078 2555 ψυχῆς
1119 2485 1409 2555 δυνάμεις,
1449 2486 1537 2554 ὑφ’
1568 2485 1632 2549 ἂς
1671 2485 1725 2538 οἵ
1749 2503 1808 2538 τε
1845 2486 1967 2556 τρό-

386 2594 482 2631 ποι
507 2578 608 2648 τῆς
656 2578 877 2649 ἀρετῆς,
918 2579 1011 2632 καὶ
1061 2580 1108 2630 οἱ
1155 2578 1300 2645 λόγοι
1338 2577 1435 2645 τῆς
1479 2577 1750 2644 γνώσεως.
1800 2578 1964 2647 Προσ-

389 2671 643 2742 έρχονται
700 2670 756 2722 δὲ
794 2669 1006 2733 τούτοις
1051 2672 1102 2722 οἱ
1144 2668 1253 2722 τῶν
1284 2669 1591 2739 εἰρημένων
1635 2668 1825 2721 παθῶν
1848 2669 1965 2722 δαί-

390 2777 572 2831 μονες,
612 2760 922 2831 βουλόμενοι
965 2759 1365 2829 συνοικοδομεῖν
1404 2758 1494 2812 τὸν
1550 2755 1696 2811 οἷκον
1737 2758 1965 2826 Κυρίου.

388 2852 583 2916 Οὐδεὶς
617 2851 727 2924 γὰρ
755 2852 863 2906 τῶν
895 2853 1165 2923 δαιμόνων
1204 2850 1410 2905 τούτων
1453 2851 1650 2905 κωλύει
1682 2851 1790 2905 τῶν
1830 2851 1971 2904 κατὰ

385 2945 520 3000 θεὸν
569 2946 982 3016 ἁγωνιξομενων
1025 2944 1069 2998 .1
1106 2944 1406 3015 πρόθυμον
1458 2944 1594 2998 ἀλλὰ
1643 2947 1737 2998 καὶ
1773 2943 1970 3014 μᾶλλον

387 3040 486 3104 :1;
538 3038 804 3108 ἑλλείψεις
844 3038 952 3090 τῶν
1005 3037 1186 3090 καλῶν
1227 3036 1462 3108 δολερῶς
1500 3036 1827 3107 περικόψας,
1872 3036 1971 3098 τὰς

2061 555 2369 610 demutavit
2420 571 2516 610 eos
2579 564 2817 625 quatuor
2874 555 3106 613 aifectus
3141 558 3196 612 in
3232 558 3483 614 habitum
3531 562 3643 617 vir-

2061 646 2195 701 tutis
2227 655 2284 702 et
2320 648 2678 719 cognitionis,
2732 649 2980 704 inserens
3034 666 3131 705 eos
3181 652 3315 707 viris
3370 653 3529 709 bonis
3585 664 3643 710 et

2060 739 2370 809 cognitione
2417 742 2681 811 praeditis,
2736 750 2795 796 ut
2837 757 2934 811 per
2974 758 3072 798 eos
3111 760 3141 797 a
3187 759 3375 815 scopo,
3427 749 3522 816 qui
3557 756 3643 803 est

2060 832 2363 886 secundum
2416 834 2609 897 Deum,
2657 834 2893 888 abducat
2928 834 2994 888 ad
3030 835 3197 890 alium
3227 852 3323 891 eos
3357 838 3452 907 qui
3486 839 3641 895 labo-

2062 934 2187 979 rant
2219 926 2274 978 in
2298 925 2476 980 bonis.
2506 924 2601 978 llis
2627 935 2808 981 autem
2830 937 3066 997 quatuor
3085 930 3246 985 bonis
3274 933 3371 1001 qui
3395 940 3644 1002 praesunt

2060 1017 2367 1082 daemones,
2411 1017 2594 1073 audita
2634 1034 2765 1073 voce
2827 1020 3102 1086 tubarum,
3160 1035 3514 1079 accesserunt
3572 1024 3644 1080 ad

2062 1109 2504 1180 cognoscendum
2539 1124 2787 1179 quaenam
2811 1126 2877 1165 ea
2912 1111 3002 1166 sit.
3040 1114 3218 1181 Atque
3246 1112 3390 1167 tubae
3421 1114 3645 1183 quidem

2063 1208 2195 1254 sunt
2243 1200 2429 1255 divina
2477 1210 2768 1271 praecepta,
2824 1217 3017 1257 eorum
3065 1212 3248 1256 autem
3291 1219 3417 1269 vox,
3453 1220 3645 1261 eorum

2062 1291 2328 1358 actiones,
2375 1308 2541 1362 quam
2582 1308 2710 1347 cum
2750 1294 3024 1349 senserint
3078 1295 3376 1363 dwmones,
3414 1307 3648 1367 surgunt

2063 1382 2131 1436 ad
2166 1383 2648 1439 malefaciendum.

2134 1481 2203 1535 IlI
2226 1482 2386 1537 Esdr.
2423 1500 2474 1547 v,
2525 1483 2721 1538 68-71.
2779 1482 2850 1536 Et
2894 1484 3195 1539 accedentes
3243 1486 3315 1539 ad
3352 1486 3649 1542 Zorobabet

2065 1582 2114 1625 et
2155 1573 2224 1627 ad
2271 1574 2420 1628 duces
2468 1575 2821 1644 familiarum,
2852 1576 3032 1630 dicunt
3059 1579 3130 1632 eis
3164 1595 3181 1631 :
3217 1578 3487 1653 Vobiscum
3519 1581 3652 1635 ardi-

2065 1661 2358 1731 ﬁcabimus.
2400 1660 2656 1720 Similiter
2712 1669 2851 1721 enim
2905 1686 2967 1722 ac
3024 1686 3133 1735 vos,
3175 1672 3418 1725 audimus
3464 1671 3652 1726 Domi-

2070 1771 2198 1808 num
2232 1756 2418 1822 Deum,
2464 1765 2512 1809 et
2540 1758 2585 1812 ei
2652 1759 3016 1827 sacriﬁcamus
3065 1780 3097 1816 ιι
3142 1763 3320 1817 diebus
3350 1765 3654 1835 Ascapltatlt

2068 1843 2200 1916 regis
2239 1847 2424 1913 Assur,
2475 1849 2563 1919 qui
2616 1850 2732 1918 fecit
2797 1867 2888 1904 nos
2957 1854 3056 1905 huc
3115 1855 3515 1925 transmigrare.
3582 1854 3655 1911 Et

2067 1937 2315 1991 dixerunt
2349 1941 2420 1992 eis
2492 1938 2782 1995 Zorobabel
2874 1954 2923 1997 et
2983 1943 3229 2008 Jesus,et
3295 1945 3450 1999 duces
3494 1946 3654 2015 [umi-

2071 2025 2301 2081 liarum:
2350 2029 2467 2085 Non
2507 2039 2736 2087 vestrum
2778 2043 2854 2087 est
2893 2042 2944 2087 et
2978 2043 3215 2088 nostrum
3255 2036 3522 2104 aediﬁcare
3555 2039 3653 2091 do-

2070 2134 2211 2172 mum
2244 2120 2468 2174 Domino
2501 2120 2609 2176 Deo
2648 2132 2845 2178 nostro.
2890 2124 2997 2179 Nos
3043 2128 3183 2180 enim
3224 2126 3324 2181 soli
3365 2128 3655 2197 wdiﬁcabi-

2071 2227 2202 2263 mus.
2239 2209 2543 2267 Zorobabel
2588 2213 2813 2283 quidem
2848 2224 2933 2270 est
2969 2231 3127 2271 mens
3157 2217 3355 2284 activa,
3395 2228 3653 2290 tanquam

2070 2299 2405 2359 bellicosior.
2470 2305 2631 2362 Iesus
2695 2317 2921 2372 autem,
3000 2311 3462 2381 contemplativa,
3538 2322 3657 2368 tan-

2069 2411 2234 2466 quam
2267 2399 2556 2454 sacratior.
2588 2399 2879 2469 Principes
2911 2409 3095 2456 autem
3140 2401 3478 2458 familiarum
3522 2416 3656 2461 sunt

2069 2494 2370 2556 potestates
2430 2490 2665 2556 animae,
2726 2491 2832 2546 sub
2902 2508 3041 2562 quas
3098 2493 3444 2549 reducuntur
3505 2496 3655 2552 modi

2067 2580 2291 2635 virtutis
2348 2590 2406 2636 et
2459 2582 2702 2637 rationes
2766 2583 3118 2654 cognitionis.
3187 2586 3271 2640 Ad
3324 2602 3422 2642 eos
3470 2596 3657 2644 autem

2069 2673 2341 2728 accedunt
2389 2673 2663 2729 dictorum
2698 2674 2995 2729 aﬂ‘cctuum
3059 2676 3360 2744 daemones,
3408 2679 3659 2734 volentes

2071 2764 2236 2819 simul
2274 2764 2547 2820 mdificare
2580 2765 2804 2820 domum
2836 2766 3072 2821 Domini.
3133 2767 3329 2823 Nullus
3389 2769 3536 2823 enim
3590 2786 3661 2824 ex

2072 2855 2160 2910 his
2212 2855 2555 2910 daemonibus
2598 2856 2857 2925 prohibet
2913 2871 3106 2911 eorum
3164 2856 3502 2912 alacritatem
3564 2858 3659 2927 qui

2074 2946 2379 3002 secundum
2413 2946 2587 3001 Deum
2636 2947 2970 3002 decertant:
3009 2947 3121 3003 imo
3175 2964 3328 3012 vero,
3388 2948 3660 3005 bonorum

2076 3038 2381 3095 defectibus
2413 3039 2602 3094 dolose
2644 3039 2958 3109 amputatis,
2983 3039 3273 3094 annuntiat
3306 3038 3660 3104 intentiones,

389 3133 673 3195 ιπιτάσεις
711 3132 1063 3203 ὑπαγορεύει,
1106 3132 1359 3202 καθάπερ
1391 3129 1968 3201 συμπροθυμούμενος·

2080 3140 2340 3202 tanquam
2388 3131 2552 3186 simul
2591 3147 2716 3185 cum
2755 3131 2838 3185 eis
2883 3139 3137 3199 prompto
3185 3139 3241 3185 et
3279 3130 3444 3185 alacri
3478 3132 3662 3188 animo

389 3225 481 3279 ἵνα
530 3223 1015 3294 παραπολέσαντες
1060 3223 1118 3275 τὸ
1152 3223 1267 3276 ἴσον
1309 3221 1570 3293 στάθμιον
1616 3222 1718 3291 τῆς
1749 3223 1976 3293 μεσότη-

390 3332 503 3379 τος,
552 3315 804 3385 λάθωμεν
852 3316 988 3385 πρὸς
1013 3318 1143 3369 ἄλλο
1174 3313 1465 3385 φερόμενοι
1521 3312 1866 3381 καταγώγιον
1913 3313 1975 3364 τὸ

390 3406 545 3474 φίλον
567 3405 769 3468 αὐτοῖς.
815 3404 904 3457 Διὸ
950 3405 1044 3457 καὶ
1079 3404 1348 3473 λέγουσιν,
1386 3406 1468 3458 ὅτι
1517 3422 1535 3455 ι
1587 3405 1817 3474 ὐμοίως
1848 3404 1975 3474 ὑμῖν

389 3497 665 3574 ἀκούομεν
719 3484 951 3567 Κυρίου,
1007 3497 1102 3549 καὶ
1163 3497 1312 3567 αὐτῷ
1380 3494 1710 3566 ὲπιθύομεν,
1758 3516 1778 3547 ι
1829 3493 1974 3547 τοῦτ’

392 3591 565 3653 ἔστιν,
622 3585 999 3659 ἀποδεχόμεθα
1048 3589 1148 3651 τὰς
1202 3589 1422 3653 ἐντολὰς
1460 3589 1688 3659 Κυρίου,
1730 3589 1823 3641 καὶ
1854 3603 1976 3640 συν-

391 3679 669 3751 εργοῦμεν
689 3682 800 3742 τοῖς
838 3680 1151 3750 ἐνεργοῦσιν
1179 3681 1371 3745 αὑτὰς,
1404 3680 1497 3732 καὶ
1520 3679 1688 3743 ὅντως
1712 3679 1812 3731 οὐκ
1843 3679 1977 3733 ἁπο-

392 3772 722 3843 στρέφονται
752 3771 975 3835 ταύτας,
1007 3772 1110 3835 ἕως
1127 3773 1261 3842 πρὸς
1290 3772 1487 3835 αὐτοὺς
1512 3772 1762 3825 νένευκεν
1790 3773 1818 3823 ὁ
1850 3788 1976 3824 σκο-

395 3864 499 3927 πὸς
533 3862 642 3917 τῶν
688 3862 1057 3934 ἐνεργούντων
1100 3864 1482 3934 παρα-τραπεὶς
1516 3864 1614 3933 τῆς
1663 3863 1974 3932 εὐθύτητος.

395 3957 536 4019 Τοὺς
574 3955 673 4025 μὲν
719 3956 828 4025 γὰρ
867 3954 1061 4018 ἄλλους
1104 3955 1365 4024 δαίμονας
1410 3956 1607 4027 ῥαδίως
1652 3956 1716 4011 ἄν
1746 3974 1830 4021 τις
1875 3975 1977 4010 κα-

392 4048 705 4118 τανοήσειεο
724 4047 850 4110 τοὺς
867 4046 925 4099 δὲ
952 4046 1241 4110 δοκοῦντας
1266 4049 1547 4116 συνεργεῖν
1575 4046 1653 4117 τῷ
1683 4046 1976 4119 δρόμῳτοῦ

396 4139 542 4195 κατὰ
576 4139 708 4193 Θεὸν
740 4138 879 4209 βίου,
911 4139 1062 4210 μόλις
1089 4137 1155 4193 ἂν
1182 4140 1231 4192 οι
1262 4138 1403 4193 κατὰ
1434 4138 1519 4191 τὸν
1554 4138 1860 4209 Ζοροϐάϐελ
1885 4139 1979 4193 καὶ

395 4231 493 4285 τὸν
528 4230 734 4301 Ἰησοῦν
770 4229 1062 4297 διαγνοῖεν,
1103 4229 1198 4283 καὶ
1239 4227 1678 4299 ἀποκρούσαιντο
1713 4228 1813 4301 τὴν
1854 4246 1979 4283 συν-

397 4323 593 4394 εργίαν
622 4323 821 4387 αὐτῶν,
878 4317 936 4375 εὖ
990 4320 1211 4387 εἰδότες,
1257 4321 1333 4384 ὡς
1380 4322 1414 4391 ἡ
1450 4320 1658 4391 ταύτης
1704 4321 1973 4389 ἐπιμιξία,

396 4415 499 4484 τῆς
539 4414 668 4485 ὅλης
718 4414 1006 4485 οἰκοδομῆς
1054 4415 1289 4466 ποιεῖται
1338 4413 1674 4484 καθαίρεσιν.
1745 4414 1819 4468 Ού
1869 4415 1978 4486 γὰρ

398 4505 538 4576 πρὸς
566 4504 661 4558 τοῦ
684 4504 820 4557 θεοῦ
847 4504 1003 4568 δόξαν
1029 4504 1273 4574 ἁμφορᾷ,
1305 4503 1441 4574 πρὸς
1478 4502 1535 4555 δὲ
1579 4503 1641 4556 τὸ
1677 4503 1869 4567 πάθος,
1898 4506 1978 4569 εἰς

393 4596 425 4648 ὃ
465 4597 793 4666 μεταφέρειν
836 4596 884 4647 οἱ
940 4593 1328 4665 συνεργοῦντες
1368 4593 1620 4665 δαίμονες
1669 4594 1970 4664 βούλονται.

396 4689 460 4740 Οἱ
494 4689 591 4757 μὲν
610 4684 704 4741 οὖν
732 4687 851 4740 κατ’
883 4685 1125 4756 ἔλλειψιν
1159 4684 1364 4758 ἀρετῆς
1393 4685 1755 4756 πολεμοῦντες
1785 4686 1975 4757 δαίμο-

395 4782 488 4843 νές
533 4783 693 4846 εἰσιν,
724 4784 772 4834 οἱ
813 4780 881 4834 τὰ
925 4780 1032 4834 ἀπὸ
1060 4779 1155 4832 τοῦ
1187 4778 1363 4850 θυμοῦ
1406 4779 1500 4834 καὶ
1532 4782 1631 4849 τῆς
1680 4780 1976 4851 ἐπιθυμίας

394 4873 543 4943 πάθη
577 4873 678 4942 τῆς
716 4874 937 4944 ἀτιμίας
978 4871 1379 4942 ὑποτιθέμενον
1414 4874 1463 4925 οἱ
1491 4873 1546 4926 δὲ
1577 4870 1699 4925 καθ’
1737 4874 1976 4943 ὑπερϐο-

391 4963 512 5031 λὴν,
550 4967 599 5018 οἱ
628 4966 735 5020 τῶν
765 4966 1046 5035 τεσσάρων
1078 4964 1266 5021 παθῶν
1297 4962 1722 5037 προεστηκότες.

712 5864 985 5925 Ριλτιιοι..
1030 5865 1145 5927 (in.
1189 5866 1484 5933 LXXVII.

2078 3224 2133 3279 id
2169 3239 2369 3294 agens,
2409 3233 2470 3277 ut
2498 3223 2716 3293 perdito
2752 3222 3151 3278 mediocritatis
3190 3223 3519 3291 aequilibrio,
3559 3224 3660 3279 inr-

2076 3315 2376 3383 prudentes
2415 3315 2662 3368 feramur
2695 3313 2764 3368 ad
2795 3313 2948 3368 aliud
2980 3313 3063 3368 eis
3098 3312 3339 3367 amicum
3379 3313 3661 3370 habitacu-

2076 3406 2213 3460 lum.
2244 3404 2312 3459 Et
2344 3405 2469 3459 ideo
2506 3403 2719 3469 dicunt,
2754 3424 2771 3454 ‹
2804 3404 3070 3460 Similiter
3093 3410 3258 3473 atque
3282 3418 3381 3461 vos
3405 3404 3661 3461 audimus

2077 3495 2391 3561 Dominum,
2425 3503 2481 3549 et
2530 3495 2580 3549 ei
2634 3493 3026 3560 sacriﬁcamus,
3080 3512 3101 3546 ι
3147 3494 3254 3550 hoc
3290 3503 3405 3560 est,
3438 3496 3658 3553 Domini

2078 3587 2333 3642 mandata
2359 3588 2713 3657 suscipimus,
2743 3594 2799 3641 et
2825 3602 3016 3642 sumus
3044 3586 3326 3659 adjutores
3350 3602 3543 3642 eorum
3563 3589 3660 3659 qui

2078 3680 2196 3749 ipsa
2236 3678 2305 3733 ad
2338 3694 2478 3749 opus
2512 3678 2815 3745 deducunt,
2874 3687 2931 3733 et
2968 3679 3046 3734 ita
3081 3694 3147 3734 ea
3183 3693 3295 3735 non
3337 3691 3661 3735 aversantur

2078 3772 2253 3828 donec
2280 3788 2481 3842 sc0pus
2507 3771 2854 3842 Operantium
2882 3771 2952 3826 ad
2978 3786 3075 3829 eos
3100 3772 3355 3829 annuerit
3378 3787 3603 3827 aversus
3632 3789 3662 3828 a

2080 3864 2434 3919 rectitudine.
2501 3864 2637 3917 Nam
2696 3863 2833 3918 alios
2893 3861 3119 3933 quidem
3179 3860 3458 3917 daemones
3506 3862 3663 3919 facile

2079 3956 2352 4027 quispiam
2410 3954 2846 4011 consideraverit
2876 3970 2889 4007 :
2940 3968 3038 4010 eos
3064 3963 3248 4009 autem
3278 3954 3374 4023 qui
3406 3953 3662 4010 videntur

2080 4063 2303 4104 cursum
2333 4047 2592 4119 adjuvare
2624 4046 2750 4101 vita:
2776 4046 3083 4101 secundum
3107 4046 3301 4112 Deum,
3332 4046 3425 4101 vix
3452 4046 3663 4103 discre-

2081 4138 2262 4195 verint
2288 4138 2329 4193 ii
2353 4138 2449 4209 qui
2476 4145 2607 4193 sunt
2632 4137 2939 4192 secundum
2965 4135 3271 4191 Zorobabel
3303 4137 3581 4201 etJesum,
3607 4143 3664 4193 et

2082 4230 2386 4301 repulerint
2402 4231 2649 4301 ipsorum
2666 4228 2829 4285 simul
2850 4243 2975 4283 cum
2998 4227 3079 4282 eis
3094 4228 3492 4298 operationem,
3522 4229 3663 4285 bene

2080 4322 2318 4378 scientes
2353 4321 2501 4392 quod
2534 4322 2655 4393 ejus
2676 4318 2931 4375 admistio
2966 4328 3135 4375 totam
3170 4318 3407 4375 destruit
3430 4319 3662 4375 aediﬁca-

2083 4414 2306 4469 tionem.
2329 4413 2451 4468 Non
2478 4414 2625 4468 enim
2649 4412 2717 4467 ad
2746 4412 2845 4467 Dei
2870 4410 3094 4481 respicit
3115 4411 3364 4483 gloriam,
3396 4411 3493 4467 sed
3527 4411 3663 4468 affe-

2083 4517 2233 4562 ctum
2264 4515 2322 4562 et
2357 4507 2530 4562 animi
2573 4506 3081 4577 perturbationem,
3138 4505 3206 4561 ad
3255 4521 3420 4577 quem
3473 4507 3664 4561 volunt

2084 4597 2381 4653 transferre
2398 4598 2493 4669 qui
2516 4609 2885 4669 cooperantur
2904 4598 3201 4654 daemones.
3227 4596 3407 4668 Atque
3432 4597 3524 4653 alii
3548 4597 3665 4668 qui-

2079 4690 2205 4746 dem
2252 4700 2379 4745 sunt
2415 4690 2693 4746 daemones
2724 4690 2817 4760 qui
2858 4690 3085 4760 quidem
3123 4689 3332 4746 bellum
3377 4698 3577 4760 gerunt
3599 4703 3668 4744 ex

2079 4784 2297 4838 defectu
2324 4783 2562 4847 virtutis,
2608 4783 2702 4853 qui
2737 4782 2806 4837 ab
2838 4783 2919 4837 ira
2957 4791 3013 4838 et
3045 4781 3346 4853 cupiditate
3382 4782 3667 4852 passiones

2080 4875 2395 4946 ignominiae
2427 4883 2769 4946 suggerunt:
2806 4873 2898 4928 alii
2922 4889 3054 4929 vero
3098 4888 3198 4943 per
3216 4888 3523 4938 excessum,
3566 4869 3662 4942 qui

2082 4977 2317 5037 quatuor
2340 4966 2504 5022 dictis
2525 4966 2814 5021 affectibus
2843 4973 3104 5036 praesunt.
