4076 6498
457 391 587 450 1191

1101 601 1333 612 ..ο-..ιυρι-
1376 600 1419 608 ,ξ
1436 598 1589 612 δ”-κγ
1592 598 1687 605 ..ι-...ο

1072 617 1157 626 ...ι-ιι.

667 756 751 839 (³)
844 773 1625 940 LITURGI

474 604 1097 643 Μ

1716 376 2043 433 LITURGIA
2087 375 2141 429 S.
2186 371 2471 426 εγιιιωμι.

3591 368 3730 422 ίεὲἳ

1692 587 3697 622 W

1636 773 1757 927 A
1870 767 2548 925 SANCTl
2670 768 3501 927 CYRILLI.

447 1074 608 1144 \Etts.
633 1071 919 1130 annor,
973 1065 1304 1132 Liturgtarum
1339 1059 1647 1114 orientalium
1688 1058 1934 1119 Collectio,
1977 1056 2188 1190 editggf,
2235 1055 2537 1107 Francol‘urti
2584 1059 2642 1106 ad
2688 1058 2918 1116 Munium,
2968 1058 3105 1116 18i7,
3137 1057 3280 1120 ιιι-Η
3318 1065 3437 1107 tom.
3466 1059 3503 1117 Ι,
3530 1073 3641 1122 pag.
3671 1062 3740 1111 38

1611 1146 1622 1165 '
1997 1145 2104 1190 ιι-
2174 1143 2209 1190 .l

1611 1146 1622 1165 ·
1997 1143 2209 1204 deat.)

528 1437 788 1494 Sacerdos
820 1443 1016 1490 secreto
1055 1432 1153 1504 (2).
1193 1430 1421 1486 Creator
1461 1443 1645 1483 rerum
1682 1428 1930 1482 omnium
1959 1426 2045 1480 vi-
2078 1435 2122 1487 Α
2150 1441 2249 1481 nas
2287 1427 2539 1497 passione
2568 1436 2623 1480 et
2650 1426 2858 1480 dolore.
2909 1426 2995 1490 Et,
3039 1424 3182 1480 sicut
3208 1424 3368 1480 decet
3390 1423 3737 1489 sacerdotes,

459 1530 704 1588 sibilium
729 1539 783 1584 et
805 1524 1188 1587 invisibilium,
1212 1523 1305 1593 qui
1323 1520 1507 1576 omnia
1522 1536 1623 1591 per
1641 1517 2045 1591 providentiam

460 1623 643 1694 regis:
677 1631 768 1676 tua
793 1622 940 1675 enim
958 1617 1303 1681 suntomnia,
1324 1613 1578 1680 Domine,
1604 1621 1816 1667 amator
1840 1610 2049 1665 anima-

461 1730 585 1769 rum
604 1731 617 1767 :
643 1713 909 1783 deprecor
926 1719 999 1775 te,
1015 1708 1243 1764 Domine
1262 1708 1634 1776 omnipotens,
1666 1720 1767 1777 ego
1788 1704 2046 1770 imbellis,

460 1807 667 1861 virtute
693 1820 906 1869 carens,
925 1813 979 1857 et
994 1801 1207 1855 Inutilis
1223 1817 1334 1871 prie
1350 1799 1609 1854 omnibus
1629 1798 1900 1853 ministris
1918 1799 2047 1862 tuis,

462 1899 595 1953 dum
614 1895 817 1951 accedo
838 1893 905 1948 ad
924 1892 1121 1948 Sancta
1146 1900 1460 1948 sanctorum
1488 1901 1601 1955 tua,
1621 1890 1687 1944 ad
1707 1891 2051 1944 tractandum

463 1991 570 2043 hoc
610 1986 933 2058 mysterium
978 1993 1251 2039 sanctum.
1288 1984 1365 2038 Da
1400 1982 1558 2048 mihi,
1598 1983 1847 2045 Domine,
1876 1982 2050 2051 Spiri-

461 2090 579 2135 tum
614 2086 771 2133 tuum
812 2083 1085 2141 sanctum,
1124 2074 1304 2145 ignem
1340 2074 1586 2128 materia:
1628 2081 1909 2143 expertem
1948 2072 2046 2142 (5),

461 2174 559 2243 qui
588 2167 919 2241 cogitatione
944 2165 1341 2236 comprehendi
1372 2181 1482 2220 non
1511 2174 1695 2234 potest
1725 2182 1739 2230 ;
1772 2165 1866 2234 qui
1891 2164 2047 2218 duri-

465 2264 571 2319 tias
592 2275 784 2317 omnes
802 2258 1098 2322 consumit,
1118 2258 1213 2328 qui
1232 2258 1476 2312 incendit
1492 2257 1840 2312 inventiones
1857 2257 2047 2321 malas,

462 2363 520 2409 et
544 2350 746 2408 occidit
768 2349 1016 2405 membra
1041 2358 1262 2403 terrena
1287 2356 1343 2403 et
1372 2362 1657 2418 corporea,
1698 2347 2052 2417 refrenatque

462 2451 646 2500 motus
686 2441 878 2507 animi,
914 2440 1010 2510 qui
1049 2440 1341 2510 impellunt
1379 2438 1447 2493 ad
1480 2439 1899 2511 imaginationcs
1932 2440 2051 2510 ple-

537 2602 612 2673 (i)
646 2601 773 2656 llaec
806 2599 1029 2669 liturgia
1058 2613 1170 2673 una
1201 2612 1263 2653 es
1286 2668 1297 2673 _
1323 2614 1397 2673 εξ
1415 2597 1625 2673 tribus,
1659 2612 1796 2667 quas
1811 2596 2052 2673 goptitaa

464 2667 726 2728 Jacobita:
759 2667 1034 2740 usurpant
1067 2670 1122 2723 in
1158 2668 1331 2740 sacris
1361 2667 1596 2740 Ofﬁciis,
1622 2678 1781 2740 utea
1802 2668 2051 2722 Christo-

467 2744 584 2797 duli
632 2738 959 2812 patriarcha:
1007 2738 1541 2812 constitutionibus,
1574 2738 2053 2812 Abulbircat,_au-

468 2808 916 2867 ctorc’Scientite
940 2809 1351 2872 ecclesiasticae,
1376 2816 1431 2862 et
1452 2808 1575 2861 aliis
1599 2808 1885 2862 discimus.
1923 2808 2054 2860 Eam

468 2883 646 2937 codex
675 2879 1171 2935 Graeco-Arabicus
1200 2894 1311 2931 non
1344 2886 1727 2947 repraesentat,
1766 2892 1878 2931 non
1908 2877 2057 2945 quod

469 2953 680 3012 Graece,
718 2960 779 3004 ut
809 2950 933 3004 dua:
968 2948 1106 3009 aliae,
1136 2963 1247 3002 non
1282 2948 1580 3010 exstiterit,
1616 2948 1734 3014 sed,
1771 2956 1833 3001 ut
1853 2947 2057 3001 verisi-

472 3022 602 3075 mile
628 3027 733 3084 cst,
782 3017 1114 3089 exemplaris
1138 3017 1378 3089 defectu.
1442 3018 1599 3089 Nam,
1648 3026 1709 3089 u_t
1756 3032 1877 3072 eam
1904 3032 2060 3089 com-

470 3090 797 3161 parantibus
819 3086 1177 3161 cumGraeca,
1194 3088 1359 3142 Marci
1386 3088 1607 3161 nomine
1632 3087 1800 3161 edita,
1828 3086 2062 3161 manife-

472 3157 621 3215 stum
641 3166 744 3224 est,
779 3158 1019 3213 secunda
1052 3159 1173 3227 ejus
1200 3173 1347 3226 pars,
1376 3159 1489 3211 sive
1516 3157 1807 3227 Anaphora
1835 3157 2060 3226 proprie

475 3230 659 3295 dicta,
674 3229 833 3284 alteri
860 3238 946 3283 est
971 3230 1044 3282 ita
1068 3228 1285 3290 similis,
1314 3228 1359 3281 si
1382 3243 1553 3297 pauca
1569 3227 1893 3297 excipimus,
1919 3234 1977 3280 ut
1993 3244 2063 3282 ex

474 3300 670 3355 eodem
693 3299 843 3353 fonte
869 3298 1089 3353 ﬂuxisse
1112 3306 1402 3366 utramque
1426 3307 1705 3367 appareat.
1735 3298 1875 3352 Sane
1892 3298 2063 3351 Abul-

475 3370 651 3425 hircat
670 3385 795 3424 cum
817 3369 959 3423 hanc
975 3369 1274 3437 Liturgiam
1295 3376 1566 3433 recenset,
1589 3383 1709 3421 eam
1728 3384 1757 3421 a
1777 3368 2061 3423 nonnullis

475 3439 640 3497 Marci
667 3439 889 3494 nomine
916 3439 1243 3508 appellatam
1270 3446 1476 3508 monet.

541 3510 637 3564 Illa
659 3525 793 3579 vero
820 3506 1074 3579 quaawlioc
1101 3509 1260 3561 titulo
1284 3508 1431 3579 edita
1456 3507 1560 3561 fuit
1584 3523 1728 3562 anno
1756 3506 1912 3579 1585,
1949 3506 2061 3579 Ln-

476 3580 623 3635 tetize
643 3620 657 3644 ,
711 3577 897 3634 Graece
945 3588 1000 3632 et
1044 3578 1235 3631 Latine
1266 3578 1522 3632 aJoanne
1552 3594 1584 3631 a
1620 3588 1813 3632 sancto
1844 3577 2064 3631 Andrea

478 3647 1012 3719 insignisiEcclcsia:
1052 3647 1377 3719 Parisiensis
1412 3648 1712 3719 canonico,
1742 3663 1835 3719 _ex
1874 3648 2064 3701 codice

475 3716 1033 3789 Crypta-Ferratensi,
1052 3716 1107 3772 id
1124 3718 1595 3789 liabetgsingulare,
1612 3716 1780 3789 quod,
1799 3726 2065 3789 quantum

482 3788 755 3859 conjicere
781 3802 1091 3856 possumus,
1110 3788 1331 3859 propria
1355 3788 1459 3841 fuit
1485 3788 1918 3859 orthodoxorum
1936 3788 2064 3859 Ale-

480 3856 893 3921 xandrinorum,
919 3871 1043 3910 cum
1072 3856 1249 3928 nullas
1273 3858 1776 3928 Monophysitarum
1802 3856 2067 3912 doctrina:

479 3939 638 3983 notas
689 3928 944 3997 praeferat
999 3944 1012 3980 :
1068 3927 1239 3981 altera
1274 3935 1453 3983 certas
1491 3927 1691 3981 habeat
1727 3927 1849 3982 illas
1879 3937 1934 3981 ct
1968 3942 2065 3981 ex-

479 4001 739 4069 ploratas.
779 3997 931 4054 Unde
961 3997 1095 4069 quin
1128 3998 1217 4069 illa
1249 3998 1339 4069 sit,
1372 3997 1815 4069 dequalllarcus
1829 3998 2065 4069 patriar-

480 4067 583 4123 Cha
624 4068 938 4123 Graecorum
970 4067 1371 4121 Alexandrinus
1412 4067 1760 4121 Theodorum
1791 4067 2065 4121 Balsamo—

480 4153 606 4193 item
634 4138 932 4201 consuluit,
959 4137 1202 4192 dubitari
1222 4138 1312 4191 vix
1328 4148 1529 4205 potest.
1556 4138 1853 4192 Dicebatur
1877 4147 2063 4191 autem

481 4208 729 4279 Liturgia
764 4208 953 4273 Marci,
989 4207 1119 4279 quia
1156 4207 1304 4261 sedis
1327 4207 1731 4279 Alexandriam,
1769 4222 1934 4277 quam
1970 4207 2063 4262 ille

480 4277 827 4343 fundaverat,
879 4278 1100 4349 propria
1119 4287 1273 4349 erat,
1313 4286 1375 4349 u_t
1403 4277 1594 4349 Jacobi
1631 4277 1777 4332 dicta
1802 4288 1906 4343 est,
1942 4293 2066 4347 qua:

481 4347 1315 4419 liierosolymisﬁusurpabaturi
1330 4347 1491 4419 Forte
1515 4348 1681 4419 etiam
1706 4349 1850 4402 inter
1869 4349 2065 4403 ortho-

481 4419 652 4474 doxos
703 4416 868 4489 unica
905 4418 1052 4489 fiuit.
1091 4416 1379 4489 utsuadet
1414 4417 1563 4474 illius
1592 4418 1901 4489 dispositio,
1939 4434 2066 4474 eum

484 4505 593 4543 non
626 4487 985 4570 _11thoptica
1037 4488 1382 4570 orationibus
1416 4487 1822 4570 pra-paratoriis
1855 4499 2064 4570 careat,

483 4568 540 4613 et
564 4566 675 4612 tota
699 4556 794 4629 illa
817 4556 972 4629 parte
999 4572 1121 4625 qua:
1144 4558 1402 4613 Osculum
1417 4556 1595 4629 ’pacis,
1613 4575 1711 4615 seu
1728 4561 2064 4629 ’Λσπασμὸ-ι,

485 4627 781 4683 antecedit.
817 4627 1021 4682 Verum
1045 4629 1323 4683 orationes
1346 4638 1403 4683 et
1428 4627 1572 4685 ritus
1597 4630 1844 4683 continet
1868 4627 1956 4682 ab'
1982 4631 2067 4682 in-

486 4698 584 4753 itio
612 4711 784 4766 usque
808 4696 876 4751 ad
901 4695 1067 4751 ﬁnem
1088 4695 1258 4753 OlIicii
1286 4717 1298 4752 :
1338 4698 1485 4753 unde
1507 4700 1678 4761 illam,
1704 4714 1813 4751 non
1840 4699 2069 4752 secundi

486 4767 717 4837 ordinis,
762 4766 857 4822 sed
882 4766 1200 4837 primariam
1223 4769 1627 4824 fuisseconstat
1673 4785 1684 4820 :
1732 4782 1857 4821 cum
1890 4768 2071 4822 inCo—

488 4838 633 4907 ptica
657 4836 848 4907 Cyrilli
878 4836 1050 4890 multa
1076 4852 1143 4891 ex
1166 4838 1435 4893 Basiliana
1460 4838 1573 4907 peti
1590 4837 1857 4907 debeant.
1894 4838 2069 4891 Aliam

488 4906 656 4978 porro
679 4906 845 4978 quam
871 4908 1033 4978 istam
1062 4907 1348 4962 Balsamon
1376 4906 1488 4978 non
1509 4906 1740 4978 videtur
1760 4907 2065 4978 agnovisse.

488 4976 801 5057 absurdum
835 4977 982 5031 illius
1017 4978 1085 5032 de
1119 4978 1312 5041 eadem
1346 4976 1619 5049 judicium
1654 4976 1787 5030 alibi
1816 4977 2070 5031 confuta-

486 5063 515 5100 Ὺ
524 5064 595 5101 ιιι]
604 5064 685 5102 llS.

562 5120 637 5187 (‘2)
666 5117 791 5173 Haec
813 5117 993 5172 oratio
1013 5126 1070 5172 et
1086 5125 1382 5187 sequentes
1403 5133 1514 5171 non
1534 5116 1792 5187 leguntur
1812 5116 1868 5170 in
1880 5115 2071 5187 Graeca

490 5186 654 5267 Marci
686 5228 699 5252 ,
758 5189 887 5258 quia
920 5186 1797 5267 ,προπαρασκευαστψαὶ-,ιη-ρους
1826 5186 1894 5239 ad
1922 5190 2069 5240 Ana-

488 5260 718 5328 phoram
773 5256 868 5313 seu
920 5256 1222 5327 Liturgiam
1278 5257 1496 5326 proprie
1544 5256 1747 5311 dictam
1800 5272 1909 5328 non
1942 5272 2071 5325 per-

489 5330 686 5381 tinent.
724 5328 909 5382 Prima
947 5342 1015 5381 ex
1035 5341 1226 5380 earum
1252 5341 1483 5381 numero
1517 5337 1620 5390 est,
1659 5342 1781 5394 qua:
1811 5327 2074 5380 dicuntur

488 5414 518 5450 a
541 5398 845 5462 sacerdote,
870 5404 1168 5466 antequam
1190 5396 1257 5450 ad
1280 5397 1451 5451 altare
1473 5395 1835 5466 ingrediatur,
1855 5404 1910 5451 et
1931 5396 2073 5448 mul-

492 5479 557 5520 ta:
586 5468 719 5521 tales
748 5475 1050 5523 occurrunt
1086 5465 1564 5537 inﬁmanuscriptis
1594 5466 1908 5537 codicibus,
1936 5480 2066 5537 qua-
2106 5473 2148 5527 D
2184 5469 2459 5525 habebant
2507 5486 2572 5523 ex
2627 5486 2727 5525 usu
2742 5465 3151 5537 'Ecclésiarum,

490 5550 609 5590 rum
667 5553 775 5591 una
829 5543 1044 5591 tantum
1094 5536 1234 5591 solet
1280 5537 1519 5591 recitari.
1579 5536 1783 5591 Omnes
1819 5536 2067 5591 eamdem

489 5608 818 5676 sententiam
863 5605 1069 5676 habent
1116 5623 1129 5659 :
1176 5622 1374 5676 nempe
1396 5604 1657 5660 sacerdos
1702 5621 1817 5661 sua:
1840 5606 2069 5661 sibiim-

489 5674 809 5731 bccillitati's
859 5682 916 5728 et
961 5674 1591 5747 indignitatisfconscius
1651 5678 1878 5747 gratiam
1906 5677 2074 5729 aDco

497 5747 757 5809 postulat,
796 5753 858 5802 ut
888 5745 1217 5801 sacerdotali
1248 5745 1556 5802 ministerio
1578 5745 1855 5819 inculpate
1880 5747 2077 5815 funga-

498 5820 602 5865 tur.

2091 4107 2140 4173 ϐ

2153 1518 2306 1574 eﬁice
2347 1535 2433 1574 me
2473 1518 2815 1589 superiorem
2853 1517 3001 1572 omni
3040 1517 3370 1588 cogitatione
3411 1517 3650 1580 mortali,
3680 1526 3745 1572 et

2154 1611 2223 1667 da
2257 1610 2393 1664 milii
2419 1610 2586 1664 verba
2625 1626 2782 1680 pura,
2820 1620 2880 1664 ut
2911 1609 3190 1679 perﬁciam
3232 1610 3373 1664 hanc
3397 1608 3742 1663 oblationem

2150 1705 2509 1777 prepositam,
2541 1721 2661 1775 quae
2690 1714 2774 1759 est
2801 1704 3123 1775 mysterium
3157 1704 3404 1758 onmium
3441 1702 3741 1773 mysterio-

2152 1814 2295 1863 rum,
2331 1798 2386 1852 in
2422 1797 2682 1851 societate
2731 1806 2785 1851 et
2822 1795 3208 1851 communione
3244 1794 3453 1849 Christi
3499 1794 3598 1859 tui,
3648 1793 3743 1848 cui

2154 1899 2334 1945 tecum
2359 1890 2593 1945 debetur
2615 1889 2806 1959 gloria,
2837 1897 2892 1943 et
2933 1888 3164 1957 Spiritui
3193 1895 3384 1943 sancto
3438 1885 3741 1941 viviﬁcanti

2157 1983 2365 2053 tibique
2386 1981 2859 2047 consubstantiali,
2888 1996 3056 2045 nunc,
3083 1991 3189 2035 etc.

2538 2116 2721 2171 Oratio
2756 2116 2902 2186 pacis
2938 2113 2995 2170 S.
3031 2112 3219 2185 Cyrilli
3247 2114 3343 2186 (4).

2227 2251 2503 2307 Sacerdos.
2532 2251 2737 2306 Auctor
2759 2251 2884 2305 vitae
2905 2259 2961 2306 et
2988 2265 3083 2305 rex
3107 2248 3459 2314 833011101111“,
3482 2247 3630 2303 Deus
3650 2247 3751 2304 cui

2158 2346 2400 2402 ﬂectitur
2443 2360 2605 2399 omne
2645 2360 2786 2414 genu
2814 2359 3006 2397 eorum
3034 2357 3157 2413 quae
3195 2341 3253 2396 in
3286 2341 3440 2397 ccelis
3470 2348 3620 2406 sunt,
3652 2355 3752 2396 su-

2159 2455 2258 2509 per
2285 2447 2510 2502 terram,
2533 2444 2590 2490 et
2617 2452 2738 2506 qua:
2764 2434 2868 2489 sub
2900 2444 3043 2489 terra
3067 2450 3081 2499 ;
3109 2433 3199 2488 cui
3228 2432 3415 2488 omnia
3438 2432 3753 2504 subjiciun-

2231 2596 2307 2667 (5)
2347 2595 2846 2667 Ὲιορᾳυρηιὶεείγηιυε
2872 2592 3016 2667 apud
3040 2591 3541 2667 Orientaleshujus
3565 2600 3751 2648 meta-

2160 2663 2348 2735 pltorze
2376 2663 2506 2720 usus
2533 2674 2636 2730 est,
2665 2666 2731 2719 ad
2759 2664 3175 2735 signiﬁcandam
3198 2663 3569 2735 divinitatem,
3595 2679 3748 2735 pra:-

2087 2768 2127 2821 B
2160 2733 2321 2819 cipue
2347 2737 2440 2821 ubi
2470 2736 2537 2790 de
2562 2736 2770 2821 Spiritu
2793 2733 2984 2821 sancto
3008 2734 3341 2821 loquuntur,
3364 2733 3753 2821 quodivinatn

2160 2803 2281 2878 ejus
2315 2816 2567 2860 naturam
2603 2803 2963 2878 conﬁtentur,
2995 2813 3054 2878 et
3082 2803 3202 2878 ejus
3224 2804 3662 2878 potentissimam
3689 2803 3751 2858 in

2163 2874 2445 2931 creaturas
2474 2876 2871 2946 operationem,
2910 2874 3206 2946 molliendo
3233 2874 3494 2946 duritiam
3527 2882 3583 2928 et
3614 2888 3754 2928 con-

2163 2946 2432 3001 sumendo
2461 2944 2787 3015 nequitiam,
2820 2945 3233 3015 occidendoque
3257 2944 3503 2999 membra
3524 2953 3752 3015 terrena

2167 3025 2222 3071 et
2246 3032 2534 3086 corporea,
2556 3014 2869 3085 motusque
2894 3014 3239 3070 inordinatos
3275 3014 3630 3086 refrenando.
3646 3085 3650 3086 ί
3666 3014 3752 3086 Ita

2168 3084 2472 3141 secundum
2519 3102 2713 3141 eorum
2769 3084 3031 3156 loquendi
3059 3101 3265 3140 morem
3300 3086 3571 3156 probatur
3600 3084 3751 3139 divi-

2169 3161 2312 3211 nitas
2345 3156 2582 3226 Spiritus
2612 3157 2807 3221 sancti,
2833 3155 2996 3225 quam
3023 3156 3254 3209 infinitis
3276 3156 3399 3210 aliis
3422 3155 3559 3209 locis
3577 3169 3754 3226 agno-

2170 3243 2326 3281 scere
2359 3224 2417 3281 se
2444 3235 2732 3285 testantur.
2762 3224 2886 3280 cum
2917 3226 3071 3280 illum
3104 3226 3247 3280 Patri
3272 3234 3326 3280 et
3350 3226 3487 3280 Filio
3506 3224 3755 3280 consub-

2170 3298 2482 3352 stantialem
2529 3313 2648 3352 esse.
2698 3297 2908 3361 dicunt,
2969 3296 3024 3350 in
3071 3296 3179 3350 ﬁne
3240 3296 3487 3350 omnium
3520 3310 3752 3349 suarum

2170 3368 2502 3422 orationum.
2536 3368 2673 3421 Cum
2700 3368 2869 3437 igitur
2906 3366 2965 3421 B.
2993 3367 3271 3437 Virginem
3300 3367 3524 3420 Mariam
3554 3368 3751 3437 appel-

2169 3438 2282 3492 lant
2318 3438 2640 3491 tlmribulum
2662 3436 2905 3502 aureum,
2952 3439 3006 3489 in
3030 3436 3131 3508 quo
3153 3438 3311 3491 carbo
3350 3438 3492 3491 vivus
3520 3436 3642 3506 fuit,
3670 3436 3751 3491 si-

2244 3508 2431 3564 iﬁcant
2473 3508 2622 3564 illam
2666 3508 2948 3578 peperisse
2977 3508 3148 3562 Deutn
3185 3517 3239 3561 et
3268 3508 3569 3561 hominem.
3608 3508 3751 3561 Cum

2215 3579 2475 3659 estoriani
2523 3589 2591 3659 et.
2609 3579 2702 3633 alii
2752 3578 2945 3631 dicunt
2982 3579 3172 3659 _ignem
3219 3580 3273 3631 in
3326 3594 3469 3659 parte
3513 3579 3756 3659 accipere

2167 3648 2416 3702 mortales
2449 3650 2705 3714 homines,
2744 3649 3086 3718 prmsentiam
3122 3648 3372 3718 corporis
3410 3648 3619 3718 Christi
3653 3649 3753 3702 Dei

2165 3728 2222 3773 et
2247 3719 2485 3774 hominis
2519 3722 2574 3774 in
2603 3717 2948 3773 Eucliaristia
2979 3717 3339 3784 conﬁtentur;
3374 3729 3435 3772 ut
3464 3717 3758 3787 Aithiopes

2168 3790 2308 3858 apud
2333 3806 2492 3859 quos,
2522 3791 2577 3844 in
2602 3806 2709 3844 una
2736 3805 2802 3844 ex
2826 3788 2941 3844 suis
2966 3788 3247 3860 Liturgiis,
3275 3790 3543 3843 diaconus
3563 3799 3758 3842 monet

2166 3875 2263 3930 eos
2298 3862 2393 3929 qui
2420 3861 2485 3915 ad
2518 3860 2929 3930 suscipiendam
2977 3862 3424 3915 communionem
3453 3860 3755 3919 accedunt,

2165 3929 2244 4002 Ne
2272 3932 2534 4001 aspiciant
2562 3929 2697 3985 hunc
2728 3946 2918 4001 panem
2942 3931 3076 3985 sicut
3100 3948 3293 4002 panem
3314 3939 3641 3994 terrestrem,
3666 3931 3760 3983 sed

2166 4001 2342 4070 ignem
2368 4002 2660 4056 divinitatis
2682 4016 2809 4055 esse.

2242 4137 2317 4207 (4)
2353 4137 2572 4191 Titulus
2598 4136 2689 4190 ille
2716 4136 3001 4191 videretur
3021 4136 3253 4202 inutilis,
3276 4152 3402 4191 cum
3428 4144 3540 4191 tota
3563 4136 3762 4191 Litur-

2167 4207 2254 4331 ﬁia
2307 4215 2589 4262 auctorem
2635 4206 2901 4331 Cﬁrillum
2947 4208 3205 4277 praeferat
3238 4225 3250 4260 :
3279 4222 3460 4277 neque
3485 4217 3760 4277 argutati-

2168 4296 2187 4331 t
2209 4294 2298 4331 um
2336 4278 2463 4331 inde
2491 4277 2648 4331 quasi
2716 4294 2794 4331 azc
2820 4278 2892 4331 sit
2922 4278 3320 4331 suppositionis
3343 4286 3493 4331 nota.
3522 4287 3584 4331 ut
3608 4280 3760 4331 quod

2168 4277 2648 4360 dumjndequasi
2679 4277 2794 4358 haec
2820 4278 2892 4332 sit
2922 4278 3320 4348 suppositionis
3343 4286 3493 4341 nota,
3522 4287 3584 4360 ut
3608 4280 3765 4360 quod

2169 4348 2225 4402 in
2248 4347 2556 4420 iDiptychis
2597 4348 2822 4402 nomina
2852 4347 3057 4420 eorum
3074 4360 3421 4420 sanctorum,
3442 4348 3646 4417 quibus
3672 4359 3767 4403 at-

2170 4418 2514 4483 tribuuntur,
2561 4428 2857 4473 occurrant
2906 4427 2968 4472 ut
3008 4418 3328 4488 plurimum.
3367 4419 3616 4474 Diximus
3645 4435 3769 4474 non

2170 4504 2337 4543 unam
2387 4504 2531 4558 saepe
2581 4488 2649 4542 ad
2684 4497 2863 4543 certas
2900 4501 3087 4558 partes
3128 4489 3293 4544 oﬁicii
3327 4490 3637 4543 orationem
3667 4505 3769 4543 as-

2170 4559 2526 4631 signari,‘sed
2554 4559 2691 4613 duas
2718 4566 2819 4631 aut
2851 4566 2961 4614 tres
2993 4578 3004 4612 :
3034 4560 3221 4629 plures
3247 4573 3671 4631 nonnunquam,
3703 4571 3771 4615 ut

2169 4628 2245 4684 ad
2260 4628 2897 4700 gratiarumﬂactionem
2950 4639 3076 4700 post
3106 4628 3574 4691 communionem,
3611 4639 3667 4683 et
3694 4631 3769 4684 ad

2171 4699 2395 4754 ultimas
2427 4699 2865 4763 benedictiones,
2917 4699 3045 4770 pest
3084 4716 3222 4769 quas
3262 4700 3499 4770 pepulus
3522 4700 3771 4754 dimitti-

2173 4780 2283 4834 tur,
2320 4770 2416 4824 sed
2442 4770 2683 4824 varietas
2737 4770 3014 4840 praecipue
3066 4770 3525 4825 animadvertitur
3554 4770 3612 4823 in
3638 4785 3775 4824 ora-

2173 4840 2421 4910 tionibus
2444 4840 2873 4910 praaparatoriis,
2906 4842 3050 4895 inter
3078 4856 3216 4909 quas
3241 4849 3618 4910 numerantur
3639 4855 3774 4909 quae

2174 4909 2492 4980 praecedunt
2536 4910 2852 4980 ’Λσπασμὸν
2891 4927 2988 4965 seu
3019 4911 3280 4966 Osculum
3308 4911 3477 4980 pacis.
3527 4909 3625 4980 isti
3661 4927 3775 4966 n0-

2174 4979 2299 5035 men
2334 4980 2525 5051 Cyrilli
2549 4979 2867 5051 adjunctum
2887 4989 2990 5044 est,
3028 4980 3178 5051 quia,
3234 4979 3465 5051 ut’patet
3489 4995 3556 5033 ex
3574 4979 3779 5037 Graeca

2174 5051 2338 5104 Marci
2383 5049 2650 5120 Liturgia,
2683 5066 2885 5105 nomen
2914 5049 3073 5105 istius
3107 5051 3288 5105 eidem
3311 5049 3593 5120 praeﬁxum
3620 5063 3775 5113 erat,

2175 5067 2338 5104 uiaret
2384 5067 2541 5105 Lllur
2580 5067 2650 5113 ta,
2683 5067 2885 5105 nomen
2914 5067 3073 5105 istius
3107 5067 3288 5105 etaem
3311 5067 3593 5120 praauxum
3620 5067 3775 5113 erat,

2175 5137 2283 5174 non
2310 5067 2745 5193 Cyrilli.‘i‘cque
2773 5121 2966 5176 titulus
2988 5121 3264 5193 generalis
3287 5122 3510 5193 obstare
3537 5120 3778 5193 videba-

2177 5200 2296 5254 tur,
2353 5190 2423 5246 ne
2471 5192 2707 5245 aliorum
2754 5190 3070 5246 sanctorum
3114 5191 3395 5244 orationes
3426 5190 3535 5243 illis
3564 5190 3779 5259 adjun-

2209 5271 2455 5323 erentur,
2525 5269 2577 5315 ut
2625 5259 2952 5315 observatur
3002 5262 3058 5315 in
3104 5261 3320 5315 duabus
3348 5259 3473 5314 aliis
3500 5259 3779 5324 Liturgiis

2219 5332 2434 5405 opticis.
2493 5331 2699 5405 Verum
2722 5346 2916 5386 omnes
2942 5331 3068 5397 illm,
3092 5348 3160 5386 ex
3182 5330 3463 5405 communi
3488 5326 3779 5405 EccleSia-

2181 5416 2301 5472 runt
2333 5402 2618 5472 thesauro
2667 5400 3026 5472 depromptae,
3077 5401 3330 5472 eamdem
3377 5400 3779 5454 auctoritatem

2954 5473 3151 5526 iarum.
3204 5471 3301 5526 aui
3328 5478 3439 5517 tam
3467 5473 3654 5520 certus
3684 5478 3781 5520 est

2182 5540 2587 5614 quamjncerti
2627 5533 3148 5614 Orationumtituli.’
3211 5533 3427 5589 Habent
3453 5533 3772 5614 SyriJaco~

2182 5608 2305 5682 bitu:
2354 5608 2558 5682 Cyrillo
2587 5613 2881 5682 ascriptatn
2922 5608 3258 5682 Limrgiatn,
3304 5619 3428 5682 quae
3471 5612 3653 5658 exstat
3714 5623 3778 5662 1n

2184 5674 2426 5733 ltomana
2474 5674 2750 5744 editione;
2790 5675 2885 5732 sed
2929 5691 3052 5746 qua:
3084 5674 3153 5729 ab
3191 5674 3295 5730 ista
3343 5674 3561 5729 diversa
3591 5683 3677 5729 est
3716 5685 3777 5732 et

2179 5750 2339 5820 longe
2368 5750 2606 5806 brevior.
