4076 6430
420 317 559 375 1295

1653 314 1983 372 LITURGIA
2022 310 2076 365 S.
2117 310 2409 366 CYltlLLl.

3547 316 3681 371 £296

417 444 533 501 tuo,
570 433 820 498 Domino,
848 432 981 497 Deo,
1028 431 1311 486 Salvatore
1354 442 1409 487 et
1460 433 1607 503 Rege
1658 445 1850 488 nostro
1872 432 1999 489 Jesu
2033 436 2074 488 Α
2105 444 2297 484 sumus
2324 431 2421 499 ‘qui
2467 445 2563 499 pro
2613 430 2787 484 beatis
2821 430 2929 484 illis
2957 430 3331 499 supplicemus
3359 447 3372 483 :
3400 431 3494 485 sed
3534 447 3677 501 quo-

417 526 639 580 Christo
667 542 679 578 :
721 532 946 594 propter
983 524 1130 594 quod
1175 524 1377 595 gratias
1407 526 1620 597 agimus
1650 526 1750 581 tibi
1777 534 1835 581 et
1867 526 1998 580 olfe-

419 620 592 673 rimus
628 618 746 684 tibi,
783 618 944 688 eique
973 617 1135 672 simul
1159 624 1215 672 et
1238 617 1469 687 Spiritui
1494 628 1703 683 sancto,
1742 617 1998 672 Trinitati

418 712 637 767 sanctae,
664 704 1114 759 consubstantiali
1143 711 1199 757 ct
1227 703 1495 768 indivisae,
1533 703 1638 758 hoc
1666 702 1999 758 sacriﬁcium

418 795 745 850 rationabile
782 803 839 850 et
872 795 977 850 hoc
1023 796 1391 850 ministerium
1429 795 1804 869 incruentum,
1853 793 2001 863 quod

412 888 659 943 oﬁ‘erunt
699 888 799 943 tibi
836 903 1030 943 omnes
1080 888 1272 958 populi
1318 887 1550 967 ab.ortu
1579 886 1711 941 solis
1735 901 1908 955 usque
1932 885 2002 939 ad

416 996 694 1045 occasum,
732 996 764 1034 a
801 981 1175 1050 septentrione
1215 980 1283 1033 ad
1315 987 1583 1044 austrum,
1622 978 1750 1048 quia
1798 992 2002 1032 nomen

416 1080 608 1138 tuum,
662 1073 913 1138 Domine,
956 1087 1212 1143 magnum
1249 1080 1334 1127 est
1370 1072 1427 1126 in
1466 1070 1723 1126 omnibus
1748 1069 2003 1141 gentibus

414 1174 472 1220 et
506 1165 563 1218 in
593 1165 745 1219 omni
776 1165 901 1220 loco
939 1164 1179 1219 oﬁ'erunt
1207 1165 1496 1219 incensum
1524 1161 1736 1217 nomini
1761 1169 1856 1216 tuo
1878 1176 2004 1216 san-

419 1265 530 1323 cto,
552 1265 609 1311 et
636 1256 974 1312 sacriﬁcium
998 1272 1225 1326 purum,
1258 1256 1422 1311 simul
1447 1270 1573 1311 cum
1598 1254 1705 1309 hoc
1733 1252 2002 1308 sacriﬁcio

415 1356 473 1403 et
502 1349 606 1404 hac
639 1349 939 1403 oblatione.

487 1441 742 1497 Sacerdos
765 1442 951 1511 accipit
986 1440 1309 1494 thuribulum
1345 1446 1394 1492 el
1432 1438 1605 1492 adolet
1640 1440 1928 1493 incensum.

492 1532 744 1598 Domine,
785 1532 1063 1587 miserere.
1121 1531 1393 1600 Rogamus
1424 1538 1481 1583 et
1513 1529 1868 1584 obsecramus
1902 1530 2003 1585 bo-

420 1625 652 1680 nitatem
675 1631 847 1689 tuam,
884 1630 1095 1677 amator
1116 1621 1418 1676 hominum.
1450 1620 1741 1687 Memento,
1774 1621 2003 1676 Domine

421 1716 573 1787 pacis
622 1715 823 1780 unius,
859 1714 1056 1779 unicae,
1099 1722 1322 1779 sanctae,
1354 1712 1658 1778 catholicae,
1707 1722 1764 1767 et
1784 1721 2002 1784 aposto-

420 1807 542 1862 licae
561 1805 841 1861 Ecclesia.

492 1898 779 1952 Diaconus.
819 1897 983 1953 Orate
1021 1913 1121 1967 pro
1146 1913 1279 1967 pace
1317 1897 1500 1962 unius,
1539 1904 1761 1962 sancta},
1807 1898 2001 1951 catho-

418 1991 538 2046 lica)
567 2001 623 2045 et
648 1989 958 2060 apostolicae
994 1989 1267 2055 Ecclesiae,
1304 2005 1403 2059 pro
1435 1988 1612 2043 salute
1649 1988 1999 2059 populorum,

418 2091 475 2138 et
525 2081 820 2137 securitate
868 2081 1247 2152 cujuscunque
1292 2080 1421 2143 loci,
1464 2088 1523 2135 et
1560 2087 1622 2135 ut
1649 2079 2001 2136 dimittantur

418 2174 582 2232 nobis
614 2182 838 2246 peccata
867 2183 1077 2230 nostra.

490 2264 764 2322 Sacerdos.
796 2264 928 2332 Quae
955 2273 1039 2321 est
1083 2281 1114 2319 a
1153 2264 1357 2319 ﬁnibus
1391 2264 1458 2319 ad
1486 2262 1623 2319 ﬁnes
1648 2271 1829 2328 terrae,
1864 2271 1998 2329 ctc.,

415 2366 475 2413 tu
507 2358 564 2413 in
600 2357 761 2411 Missa
793 2355 1005 2411 Basilii.

486 2449 739 2515 Domine,
768 2447 1049 2502 miserere.
1078 2445 1330 2502 lnﬁrmos
1353 2443 1542 2516 populi
1568 2445 1648 2499 tui
1671 2459 1821 2499 sana.

488 2540 775 2596 Diaconus.
805 2538 970 2594 Orate
1000 2553 1101 2608 pro
1122 2537 1373 2608 patribus
1397 2545 1453 2591 et
1492 2535 1757 2591 fratribus
1775 2533 1999 2589 nostris.

489 2629 767 2688 Sacerdos.
803 2631 979 2686 Visita
1007 2644 1104 2685 eos
1124 2629 1181 2683 in
1203 2626 1602 2683 misericordia.
1626 2626 1695 2681 Et
1733 2623 2004 2695 perﬁcitur

417 2737 484 2777 ea:
519 2723 760 2777 oratione
794 2721 993 2774 incensi
1030 2718 1261 2772 diluculo
1300 2717 1420 2772 diei.
1463 2718 1655 2772 Patres
1695 2715 2002 2785 fratresque

418 2818 640 2865 nostros
659 2823 885 2878 peregre
906 2805 1202 2877 profectos.

490 2899 779 2954 Diaconus.
807 2896 971 2952 Orate
995 2912 1096 2966 pro
1119 2896 1390 2965 patribus,
1408 2895 1781 2965 fratribusque
1803 2894 2004 2949 nostris

418 3005 652 3063 peregre
691 2988 971 3054 profectis.

493 3078 769 3136 Sacerdos.
796 3080 866 3134 Et
892 3094 994 3149 pro
1018 3079 1129 3134 illis
1155 3078 1251 3149 qui
1274 3079 1706 3150 designaverunt
1723 3080 1791 3133 ad
1813 3094 2001 3149 quem-

423 3187 642 3242 cunque
678 3173 860 3227 locum
885 3168 1181 3240 proﬁcisci,
1235 3178 1344 3225 etc.
1388 3170 1671 3240 Perﬁcitur
1711 3188 1775 3226 ea:
1821 3172 2001 3226 eadem

422 3263 661 3318 oratione
700 3262 921 3316 incensi.
960 3259 1231 3315 Serenum
1260 3268 1316 3315 et
1340 3260 1616 3315 salubrem
1646 3269 1863 3329 praesta,
1893 3261 2001 3314 Do-

421 3351 591 3417 mine,
618 3365 801 3405 aerem
824 3350 971 3416 cmli,
1000 3359 1058 3404 et
1080 3348 1357 3403 fructibus
1382 3356 1543 3404 terrae
1571 3349 1823 3405 benedic.

488 3444 775 3499 Diaconus.
803 3442 967 3499 Orate
990 3458 1090 3513 pro
1113 3458 1241 3498 aere
1277 3441 1403 3498 coeli
1440 3450 1497 3496 et
1530 3441 1822 3498 fructibus.

492 3534 769 3591 Sacerdos.
805 3534 914 3589 Fac
946 3542 1009 3588 ut
1047 3541 1300 3589 crescant
1333 3535 1489 3604 juxta
1527 3532 1790 3589 virtutem
1823 3549 1998 3590 suam.

427 3626 492 3683 Ut
516 3628 574 3681 in
599 3625 761 3680 Missa
793 3624 1003 3680 Basilii.

491 3716 746 3781 Domine,
773 3714 1040 3771 miserere
1075 3714 1224 3786 regis
1259 3724 1419 3770 terrae
1443 3714 1632 3769 famuli
1663 3717 1762 3770 tui.

492 3808 780 3864 Diaconus.
816 3806 980 3863 Orate
1004 3816 1065 3862 ut
1095 3806 1350 3862 Christus
1377 3806 1522 3863 Deus
1545 3815 1753 3873 noster,
1785 3817 1893 3862 etc.

492 3898 772 3958 Sacerdos.
809 3897 1088 3954 Conserva
1128 3898 1284 3951 illum
1326 3898 1381 3952 in
1424 3912 1559 3967 pace
1580 3905 1638 3952 et
1675 3897 1911 3968 justitia,
1945 3903 2003 3951 et

420 3995 691 4069 potentia,
722 4000 784 4047 ut
808 3990 1176 4063 subjiciantur
1198 3990 1277 4045 illi
1293 4004 1487 4045 omnes
1506 3988 1750 4054 barbari,
1782 3997 1838 4043 et
1863 4004 1999 4059 gen-

420 4099 507 4146 tes
538 4104 660 4160 quae
702 4086 847 4142 bella
888 4085 1085 4140 volunt
1121 4102 1133 4137 :
1166 4083 1236 4139 da
1280 4083 1441 4139 nobis
1467 4082 1743 4138 bonorum
1769 4081 1999 4138 allluen-

422 4179 552 4235 tiam
583 4196 597 4233 ε
642 4178 869 4248 loquere
908 4175 977 4230 ad
1015 4190 1111 4230 cor
1154 4176 1305 4246 ejus,
1351 4190 1451 4245 pro
1482 4189 1618 4245 pace
1660 4175 1836 4230 unicae
1868 4182 1997 4241 tuas,

417 4268 704 4326 catholicae
728 4275 785 4323 et
806 4265 1120 4337 apostolica:
1147 4264 1411 4320 Ecclesiae
1452 4282 1465 4318 :
1500 4263 1587 4321 lac
1610 4271 1671 4320 ut
1703 4265 1908 4338 cogitet
1934 4280 1999 4320 ea

412 4372 541 4429 quae
564 4359 716 4430 pacis
740 4364 892 4423 sunt,
918 4370 1048 4426 erga
1082 4369 1185 4410 nos
1219 4364 1276 4409 et
1304 4370 1436 4427 erga
1461 4370 1661 4411 nomen
1694 4363 1849 4410 tuum
1876 4371 2000 4411 san-

2103 520 2251 575 niam
2289 522 2368 575 illi
2409 528 2556 575 stant
2592 535 2776 575 coram
2820 520 2959 574 solio
2988 520 3113 575 Filii
3152 521 3228 574 tui
3256 520 3546 591 unigeniti,
3574 522 3680 591 ipsi

2103 613 2449 669 intercedant
2489 613 2610 667 loco
2651 622 2841 666 nostro
2867 627 2966 681 pro
3004 621 3328 682 paupertate
3361 622 3418 667 et
3444 612 3678 666 inﬁrmi-

2100 713 2213 761 tate
2242 716 2448 759 nostra.
2479 704 2706 758 Dimitte
2726 703 3049 772 iniquitates
3065 712 3303 768 nostras,
3330 710 3557 773 pr0pter
3577 701 3648 757 de

2102 799 2448 869 precationes
2480 814 2695 864 eorum,
2729 805 2787 853 et
2824 807 3051 867 propter
3083 812 3286 852 nomen
3315 806 3471 850 tuum
3504 795 3675 851 bene-

2102 890 2309 945 dictum
2341 890 2488 960 quod
2523 891 2834 945 invocatum
2865 897 2950 943 est
2978 904 3143 958 super
3165 903 3286 943 nos.

2170 983 2455 1037 Diaconus.
2484 983 2649 1039 Orate
2677 999 2779 1053 pro
2809 981 3085 1047 Patribus,
3110 988 3217 1036 etc.

2172 1075 2449 1131 Sacerdos.
2490 1076 2784 1141 Memento,
2820 1075 3069 1140 Domine,
3105 1073 3332 1128 Patrum
3362 1081 3681 1127 nostrorum

2102 1165 3122 1236 orthodoxorumarchiepiscoporum
3146 1205 3160 1229 ,
3208 1179 3444 1233 quorum
3495 1162 3683 1217 obitus

2102 1259 2406 1330 przecessit,
2431 1274 2624 1314 eorum
2641 1259 2735 1328 qui
2752 1257 2983 1313 verbum
3002 1254 3252 1311 veritatis
3276 1263 3425 1309 recte
3452 1252 3680 1324 dispen-

2103 1359 2384 1416 saverunt,
2417 1360 2475 1405 et
2519 1351 2587 1405 da
2614 1351 2777 1406 nobis
2806 1358 3017 1420 partem
3050 1356 3107 1402 et
3134 1346 3512 1402 haereditatem
3552 1359 3682 1400 cum

2102 1443 2201 1498 eis.
2240 1445 2453 1499 Rursus
2473 1458 2668 1499 eorum
2712 1450 2990 1497 memento
3013 1456 3248 1512 quorum
3275 1439 3441 1493 hodie
3468 1453 3682 1493 memo—

2105 1535 2241 1588 riam
2265 1534 2517 1591 facimus.

2175 1624 2431 1681 Sacerdos
2469 1636 2583 1698 post
2614 1627 2877 1699 diptycha.
2917 1627 2986 1681 Et
3018 1626 3262 1690 illorum,
3298 1623 3682 1692 omniumque,

2104 1717 2354 1784 Domine,
2381 1734 2616 1789 quorum
2647 1719 2869 1773 nomina
2893 1717 3204 1780 recitamus,
3226 1724 3281 1771 et
3303 1708 3541 1786 quorum
3569 1728 3686 1769 non

2030 1783 2078 1842 Β
2106 1811 2403 1865 recitamus
2442 1828 2454 1863 :
2491 1825 2629 1880 quos
2674 1810 3055 1880 unusquisque
3101 1817 3352 1863 nostrum
3400 1807 3456 1861 in
3497 1813 3685 1860 mente

2105 1899 2292 1965 habet,
2326 1907 2382 1953 et
2414 1914 2609 1954 eorum
2629 1916 2864 1970 quorum
2894 1899 3158 1955 memoria
3178 1914 3287 1953 non
3308 1896 3549 1953 occurrit
3576 1911 3683 1950 no-

2105 1990 2210 2056 b'is,
2239 1991 2333 2061 qui
2390 1991 2737 2046 dormierunt
2772 2000 2828 2046 et
2869 1991 3199 2061 quieverunt
3226 1990 3283 2044 in
3310 1988 3417 2043 ﬁde
3451 1986 3681 2043 Christi.

2102 2082 2357 2157 Dignare,
2396 2082 2646 2149 Domine,
2697 2090 2957 2152 praestare
2984 2090 3045 2136 ut
3098 2079 3445 2151 requiescant
3485 2077 3686 2133 anima:

2104 2172 2327 2227 illorum
2366 2188 2559 2227 omnes
2601 2172 2658 2226 in
2703 2173 2831 2227 sinu
2868 2181 3087 2243 patrum
3122 2179 3438 2228 nostrorum
3464 2177 3684 2227 sancto-

2103 2280 2227 2318 rum
2252 2263 2549 2329 Abraham,
2587 2264 2735 2319 lsaac
2755 2273 2811 2319 et
2831 2263 3020 2331 Jacob,
3041 2272 3147 2320 etc.

2175 2355 2424 2421 Domine,
2447 2356 2729 2411 miserere.

2173 2446 2447 2501 Sacerdos.
2496 2448 2795 2514 Sacriﬁcia,
2839 2449 3254 2518 oblationesque
3293 2447 3350 2502 in
3381 2445 3684 2518 gratiarum

2106 2540 2374 2595 actionem
2399 2583 2414 2606 ,
2457 2557 2650 2597 eorum
2686 2543 2780 2612 qui
2826 2542 3068 2597 oﬁ'erunt
3114 2541 3331 2597 laudem
3368 2550 3423 2595 et
3452 2540 3685 2611 gloriam

2104 2633 2314 2687 nomini
2339 2642 2433 2688 tuo
2454 2643 2665 2688 sancto.

2175 2726 2462 2781 Diaconus.
2494 2725 2658 2781 Orate
2691 2740 2791 2797 pro
2824 2726 2934 2781 illis
2958 2726 3050 2795 qui
3080 2725 3146 2780 de
3189 2740 3290 2779 suo
3329 2722 3597 2779 sacriﬁcia
3623 2729 3687 2779 et

2104 2818 2410 2873 oblationes
2430 2818 2696 2873 fecerunt.

2173 2908 2448 2963 Sacerdos.
2470 2909 2697 2978 Suscipe
2722 2923 2785 2963 ea
2809 2923 2976 2978 super
2998 2909 3167 2962 altare
3189 2915 3345 2962 tuum
3369 2906 3681 2978 spirituale,

2103 3000 2344 3063 caeleste,
2367 3014 2492 3053 cum
2516 2998 2687 3053 odore
2711 2998 2912 3063 thuris,
2932 2997 3001 3051 ad
3028 2998 3368 3067 majestatem
3401 3006 3550 3051 tuam
3568 3012 3686 3053 ca:-

2101 3089 2317 3154 lestem,
2354 3105 2453 3158 per
2491 3087 2860 3143 ministerium
2909 3089 3251 3159 angelorum,
3284 3095 3342 3142 et
3382 3087 3687 3158 archange-

2102 3180 2284 3234 lorum
2329 3187 2550 3232 tuorum
2602 3185 2953 3242 sanctorum,
2999 3176 3143 3232 sicut
3181 3175 3250 3229 ad
3296 3183 3350 3230 te
3388 3172 3685 3243 suscepisti

2103 3284 2333 3324 munera
2352 3268 2487 3339 justi
2510 3266 2668 3331 Abel,
2686 3274 2743 3321 et
2764 3266 3094 3322 sacriﬁcium
3125 3264 3298 3334 patris
3318 3264 3491 3318 nostri
3507 3263 3686 3317 Abra-

2103 3360 2271 3426 hami,
2299 3369 2356 3415 et
2378 3359 2590 3414 minuta
2614 3358 2723 3413 duo
2744 3357 2943 3413 viduae.
2975 3357 3055 3412 lta
3081 3370 3302 3427 quoque
3337 3363 3465 3409 vota
3493 3368 3688 3409 servo-

2102 3468 2225 3507 rum
2252 3464 2474 3507 tuorum
2496 3457 2719 3522 accepta
2737 3450 2879 3506 habe
2901 3468 2913 3503 :
2934 3451 3047 3506 sive
3073 3449 3330 3514 multum,
3348 3447 3463 3503 sive
3482 3461 3686 3517 parum

2103 3546 2213 3612 sit;
2259 3553 2475 3600 secreto
2517 3552 2611 3599 aut
2660 3543 2983 3609 manifeste;
3034 3551 3092 3598 et
3133 3541 3242 3596 illis
3263 3540 3359 3611 qui
3386 3540 3688 3595 voluerunt

2103 3634 2325 3699 offerre,
2350 3649 2453 3689 nec
2480 3633 2625 3689 unde
2659 3633 2907 3688 facerent
2928 3632 3244 3687 habuerunt
3272 3648 3285 3684 :
3311 3628 3554 3685 utetiam
3574 3627 3687 3682 illis

2102 3725 2196 3796 qui
2236 3725 2402 3780 hodie
2440 3725 2558 3781 haec
2600 3724 2701 3779 tibi
2737 3738 2969 3779 munera
3004 3722 3342 3787 obtulerunt,
3385 3720 3452 3775 da
3494 3719 3686 3773 incor-

2103 3816 2384 3887 ruptibilia
2426 3832 2523 3887 pro
2558 3814 3014 3885 corruptibilibus
3046 3831 3058 3867 :
3087 3812 3328 3870 cmlestia
3359 3826 3462 3881 pro
3502 3817 3686 3863 terre-

2101 3906 2233 3961 nis:
2276 3914 2483 3962 aeterna
2526 3921 2627 3976 pro
2662 3905 3059 3978 temporalibus
3106 3904 3347 3958 :domos
3392 3915 3584 3956 eorum
3626 3908 3689 3954 et

2103 3997 2270 4053 cellas
2304 3998 2597 4068 penuarias
2637 3997 2787 4067 reple
2851 3997 3013 4052 bonis
3059 3996 3337 4052 omnibus.
3386 3991 3686 4051 Circumda

2101 4102 2217 4153 eos,
2262 4088 2514 4154 Domine,
2557 4095 2830 4158 potestate
2878 4088 3198 4159 angelorum
3232 4094 3288 4141 et
3317 4083 3686 4154 archangelo-

2101 4192 2225 4232 rum
2255 4187 2477 4233 tuorum
2514 4187 2833 4235 sanctorum
2860 4198 2874 4235 Ξ
2898 4188 2956 4236 ει
2989 4180 3132 4235 sicut
3154 4191 3424 4234 memores
3455 4175 3687 4231 fuerunt

2100 4269 2343 4326 nominis
2373 4270 2452 4326 tui
2486 4272 2661 4327 sancti
2690 4287 2857 4343 super
2886 4280 3107 4337 terram,
3144 4280 3422 4327 memento
3456 4269 3684 4323 illorum

2101 4360 2160 4416 in
2180 4377 2351 4433 regno
2377 4371 2493 4427 tuo,
2521 4372 2577 4417 et
2608 4363 2664 4417 in
2690 4363 2796 4418 hoc
2827 4362 3028 4417 saeculo
3049 4377 3119 4416 ne
3143 4361 3495 4431 derelinquas
3525 4373 3645 4415 eos.

419 4458 592 4514 ctum,
620 4457 683 4503 ut
706 4448 878 4502 vitam
912 4446 1269 4517 tranquillam
1299 4455 1356 4502 et
1381 4447 1654 4519 placidam
1683 4448 1950 4503 ducamus
1980 4465 1993 4501 :
2029 4462 2075 4519 ι)
2170 4453 2425 4519 Domine,
2450 4453 2738 4509 miserere.

416 4550 584 4612 atque
607 4541 664 4595 in
685 4539 836 4595 omni
860 4539 1063 4610 pietate
1095 4544 1152 4594 et
1180 4538 1467 4597 honestate
1491 4539 1801 4598 conﬁrmati
1838 4541 1995 4597 inve-

417 4632 642 4687 niamur
663 4628 812 4700 apud
845 4636 919 4684 te.

489 4722 741 4787 Domine,
764 4720 1047 4775 miserere.
1073 4720 1330 4776 Patribus
1357 4719 1735 4788 fratribusque
1768 4717 1993 4783 nostris,

420 4816 516 4888 qui
573 4813 1015 4879 obdormierunt,
1042 4819 1099 4867 et
1138 4827 1373 4883 quorum
1426 4811 1637 4866 animas
1680 4808 1994 4879 suscepisti,

419 4909 663 4979 quietem
682 4913 899 4977 praesta.
924 4906 1199 4961 Memento
1219 4906 1385 4959 etiam
1407 4903 1655 4957 omnium
1678 4908 1995 4956 sanctorum

418 5001 512 5072 qui
549 5016 581 5054 a
612 4999 811 5055 saeculo
850 4997 951 5053 tibi
994 4996 1360 5067 placuerunt,
1402 4994 1629 5048 Patrum
1679 5001 1996 5048 nostrorum

418 5102 755 5157 sanctorum,
792 5087 1259 5161 patriarcharum,
1303 5083 1721 5154 prophetarum,
1773 5091 1995 5153 aposto-

378 5219 385 5229 .
416 5182 628 5245 lorum,
674 5178 1170 5250 evangelistarum,
1212 5184 1513 5244 martyrum
1535 5214 1548 5237 ,
1592 5173 1993 5239 confessorum,

414 5270 860 5340 praedicatorum,
895 5277 952 5324 et
994 5266 1241 5320 omnium
1275 5264 1567 5335 spirituum
1601 5264 1876 5333 justorum
1900 5266 1995 5333 qui

416 5364 475 5420 in
522 5362 629 5418 ﬁde
675 5361 906 5434 perfecti
950 5360 1202 5424 luerunt;
1250 5357 1527 5428 praecipue
1570 5365 1753 5409 autem
1794 5367 1997 5412 sancta:

415 5452 820 5524 gloriosissima:
850 5450 1117 5518 Deiparae,
1163 5463 1380 5517 semper
1438 5445 1698 5516 Virginis,
1746 5462 1898 5515 purae
1940 5455 1995 5498 et

417 5543 643 5599 illibatae
670 5550 872 5597 sanctae
892 5539 1092 5604 Mariae,
1119 5547 1223 5595 etc.
1247 5539 1330 5594 Ea;
1352 5537 1513 5593 Missa
1544 5537 1757 5603 Basilii,
1786 5548 1843 5593 et
1865 5553 1989 5593 om-

322 5677 329 5683 .
418 5634 507 5688 nis
532 5633 685 5686 chori
710 5644 1028 5688 sanctorum
1053 5641 1296 5687 tuorum.

487 5723 762 5779 Sacerdos.
798 5723 937 5780 Tono
972 5722 1106 5778 Jobi.
1144 5722 1214 5779 Et
1250 5736 1373 5789 nos,
1412 5719 1662 5789 Domine,
1701 5720 1847 5792 digni
1878 5734 1993 5776 non

2169 4544 2455 4602 Diaconus.
2487 4544 2653 4600 Orate
2676 4559 2775 4616 pro
2806 4545 2919 4599 vita
2948 4554 3006 4600 et
3032 4543 3414 4599 incolumitate
3437 4541 3682 4614 patriar-

2099 4633 2216 4689 chae
2240 4641 2299 4690 et
2326 4634 2504 4689 Patris
2539 4635 2713 4689 nostri
2739 4633 3096 4698 venerabilis,
3133 4630 3538 4701 archiepiscopi
3571 4630 3681 4685 Pa-

2099 4723 2199 4779 tris
2222 4723 2289 4777 N.
2317 4730 2381 4776 ut
2399 4722 2656 4778 Christus
2677 4723 2823 4777 Deus
2845 4731 3034 4777 noster
3055 4730 3344 4776 conservet
3360 4719 3528 4774 vitam
3559 4720 3687 4790 ejus

2098 4814 2166 4869 ad
2190 4815 2394 4869 multos
2415 4829 2608 4878 annos,
2636 4828 2701 4868 ac
2731 4812 3074 4884 temporibus
3101 4811 3434 4882 tranquillis.

2169 4903 2443 4959 Sacerdos.
2474 4903 2852 4959 Patriarcham
2884 4913 3138 4959 nostrum
3163 4901 3536 4956 venerabilem
3572 4903 3683 4958 Pa-

2099 5005 2235 5051 trem
2258 4996 2414 5050 Anba
2436 4995 2500 5050 N.
2526 4994 2889 5050 custodiendo
2915 5009 3180 5050 conserva
3202 4992 3367 5047 nobis
3382 4993 3451 5047 ad
3472 4994 3686 5050 multos

2097 5098 2292 5148 annos,
2328 5093 2383 5138 et
2408 5099 2507 5153 per
2531 5082 2823 5152 tranquilla
2851 5091 3117 5151 tempora,
3146 5090 3207 5136 ut
3225 5080 3521 5151 adimpleat
3545 5097 3681 5152 per-

2096 5176 2236 5230 fecte
2260 5175 2498 5231 oﬁicium
2520 5175 2694 5230 sancti
2718 5174 3070 5244 pontiﬁcatus
3095 5174 3189 5243 qui
3217 5173 3296 5228 illi
3315 5189 3345 5228 a
3372 5182 3422 5228 te
3445 5174 3683 5229 collatus

2096 5277 2200 5331 est,
2221 5268 2525 5323 secundum
2547 5268 2888 5321 voluntatem
2911 5274 3060 5320 tuam
3086 5275 3329 5321 sanctam
3350 5273 3407 5320 et
3435 5265 3677 5332 beatam,

2097 5367 2246 5413 recte
2286 5359 2611 5427 dispensans
2637 5357 2867 5411 verbum
2908 5357 3177 5421 veritatis,
3210 5364 3267 5411 et
3304 5370 3537 5424 pascens
3570 5366 3661 5419 p0

2096 5448 2285 5517 pulum
2325 5456 2480 5501 tuum
2520 5446 2575 5501 in
2623 5446 2914 5501 sanctitate
2945 5455 3001 5501 et
3036 5446 3267 5516 justitia.
3306 5440 3559 5499 Concede
3592 5440 3675 5496 illi

2096 5549 2151 5594 et
2180 5539 2339 5593 nobis
2366 5555 2557 5609 pacem
2581 5549 2637 5593 et
2662 5539 2894 5593 salutem
2923 5553 2991 5593 ex
3035 5546 3360 5609 quacunque
3394 5541 3550 5599 parte
3576 5548 3587 5582 :
3618 5544 3679 5589 et

2097 5644 2290 5700 preces
2318 5632 2439 5699 ejus
2471 5645 2609 5699 quas
2648 5629 2780 5684 facit
2813 5644 2914 5698 pro
2949 5628 3110 5679 nobis
3143 5632 3200 5678 et
3236 5638 3337 5693 pro
3380 5624 3530 5677 omni
3566 5638 3677 5691 po-

2096 5722 2227 5796 pulo
2250 5730 2366 5788 tuo,
2391 5732 2452 5777 ut
2479 5736 2572 5778 eas
2595 5736 2716 5792 quae
2746 5733 2845 5790 pro
2868 5717 2963 5774 illo
2998 5732 3028 5771 a
3064 5714 3223 5772 nobis
3265 5714 3424 5783 ﬁunt,
3456 5717 3681 5787 suscipe
