4076 6444
1470 394 1539 437 Ph,

420 462 554 517 1997

1679 452 2007 515 LITURGIA
2048 451 2108 511 S.
2146 452 2445 511 CYRILLI.

3561 448 3696 507 1298

413 600 511 642 eas
541 584 609 639 ad
657 594 708 639 te
742 599 909 655 super
939 593 1110 641 altare
1153 593 1308 639 tuum
1355 582 1707 647 rationabile,
1748 583 1996 643 cmleste,
2030 579 2075 635 Α
2176 575 2454 632 Sacerdos.
2490 574 2636 641 Quas
2678 571 2965 629 oﬁ‘erimus
2995 571 3117 637 tibi,
3148 568 3369 626 Christe
3417 568 3564 624 Deus
3600 582 3697 624 no.

417 692 542 731 cum
584 674 754 730 odore
806 676 1004 730 thuris.
1042 674 1302 730 Inimicos
1352 690 1573 745 quoque
1614 673 1735 743 ejus
1771 686 2002 733 omnes,

417 765 663 821 visibiles
682 772 739 819 et
765 763 1092 831 invisibiles,
1114 773 1342 820 contere
1364 774 1423 820 et
1447 765 1624 836 dejice
1648 762 1752 818 sub
1768 761 2007 831 pedibus

416 860 537 929 ejus
568 856 836 912 velociter
872 874 884 910 :
925 857 1080 911 illum
1121 872 1343 927 quoque
1383 870 1653 912 conserva
1686 855 1743 908 in
1776 868 1909 924 pace
1951 862 2008 907 et

417 948 653 1020 iustitia,
676 948 733 1002 in
758 948 1005 1003 Ecclesia
1028 956 1121 1003 tua
1151 956 1362 1003 sancta.

490 1040 743 1105 Domine,
778 1039 1068 1094 miserere.

490 1129 778 1184 Diaconos.
822 1127 987 1185 Orate
1036 1144 1136 1201 pro
1184 1130 1445 1186 Patribus
1480 1130 1687 1187 nostris
1739 1128 2013 1200 epise0pis

421 1220 740 1291 ubicunque
765 1221 896 1287 sint,
933 1229 994 1276 ut
1031 1221 1286 1278 Christus
1318 1221 1467 1277 Deus
1501 1228 1691 1277 noster
1721 1226 2013 1275 conservet

420 1316 588 1370 vitam
620 1328 836 1381 eorum,
880 1313 948 1369 ad
980 1314 1187 1369 multos
1221 1329 1419 1381 annos,
1452 1329 1552 1385 per
1584 1322 1833 1384 tempora
1861 1319 2010 1367 tran-

423 1408 616 1479 quilla,
643 1415 700 1463 et
729 1415 919 1477 parcat
942 1407 1128 1463 nobis.

492 1499 770 1555 Sacerdos.
796 1501 1092 1567 Memento,
1126 1501 1382 1567 Domine,
1412 1500 1802 1572 episcoporum
1823 1500 2015 1555 ortho-

425 1591 698 1646 doxorum
722 1592 779 1646 in
806 1607 1140 1663 quocunque
1176 1593 1300 1649 loco
1324 1592 1435 1648 sint
1463 1612 1474 1646 :
1502 1593 1877 1658 sacerdotum,
1897 1591 2017 1646 dia-

429 1698 731 1749 eonorum,
780 1684 1248 1740 subdiaconorum
1270 1725 1285 1749 ,
1333 1686 1603 1741 lectorum
1631 1725 1645 1749 ,
1700 1690 2013 1747 cantorum,

427 1774 848 1841 exorcistarum,
893 1775 1319 1840 monachorum,
1353 1775 1655 1847 virginum,
1698 1774 2014 1839 viduarum,

427 1865 800 1935 orphanorum
830 1906 844 1931 ,
881 1866 1282 1924 continentiam
1319 1868 1721 1933 exercentium,
1756 1874 1813 1922 et
1847 1866 2019 1922 laico-

425 1972 552 2011 rum
582 1973 596 2010 :
638 1956 859 2012 illorum
896 1959 991 2029 qui
1023 1959 1378 2015 matrimonio
1411 1960 1590 2031 juncti
1630 1968 1780 2024 sunt,
1812 1967 1869 2015 et
1908 1958 2017 2013 illis

425 2049 520 2119 qui
554 2048 795 2104 educant
825 2048 1004 2104 ﬁlios:
1032 2051 1126 2121 qui
1161 2050 1424 2106 dixerunt
1466 2051 1650 2118 nobis,
1680 2059 2015 2107 mementote

426 2140 636 2200 nostri,
678 2147 735 2195 et
785 2141 882 2211 qui
931 2158 1045 2197 non
1081 2142 1343 2197 dixerunt
1382 2161 1393 2196 :
1439 2158 1579 2214 quos
1627 2144 1910 2209 novimus,
1961 2152 2017 2198 et

427 2246 568 2301 quos
599 2246 712 2286 non
747 2232 1003 2288 novimus
1032 2251 1043 2286 :
1075 2234 1425 2288 inimicorum
1465 2242 1522 2289 et
1569 2234 1872 2289 amicorum
1920 2249 2019 2288 no-

429 2332 673 2379 strorum
712 2342 724 2378 :
764 2325 1017 2390 Domine,
1050 2341 1243 2381 eorum
1274 2326 1560 2380 miserere.

498 2415 751 2484 Domine,
774 2419 1062 2474 miserere.
1084 2418 1377 2484 Memento,
1398 2417 1648 2483 Domine,
1674 2417 2017 2487 reliquorum

429 2506 864 2562 orthodoxorum
893 2509 988 2579 qui
1019 2516 1147 2564 sunt
1171 2508 1380 2577 ubique
1407 2516 1703 2562 terrarum.

501 2596 793 2652 Diaconos.
824 2597 988 2654 Orate
1029 2614 1131 2670 pro
1160 2599 1389 2669 reliquis
1418 2597 1741 2653 orthodoxis
1772 2598 1867 2669 qui
1891 2606 2021 2654 sunt

432 2688 641 2758 ubique
671 2695 947 2744 terrarum
981 2709 994 2744 :
1025 2698 1086 2744 ut
1117 2689 1372 2746 Christus
1392 2692 1537 2747 Deus
1570 2699 1763 2746 noster
1810 2692 1884 2746 sit
1910 2691 2021 2746 illis

431 2780 728 2850 propitius,
759 2788 816 2836 et
841 2782 1173 2836 misereatur
1196 2797 1410 2848 eorum,
1436 2792 1491 2837 et
1519 2790 1711 2852 parcat
1729 2783 1910 2838 nobis.

503 2870 779 2928 Sacerdos.
829 2875 1081 2936 Domine,
1109 2875 1397 2930 miserere.
1436 2876 1729 2940 Memento,
1768 2877 2018 2941 Domine,

431 2965 598 3037 hujus
628 2965 735 3020 loci
787 2966 962 3021 sancti
992 2967 1069 3021 tui
1115 2974 1172 3022 et
1208 2968 1457 3021 omnium
1493 2967 1897 3023 habitationum
1923 2969 2025 3024 Pa-

434 3066 581 3113 trum
618 3066 937 3114 nostrorum
966 3060 1425 3115 orthodoxorum.

503 3150 794 3205 Diaconos.
823 3150 987 3207 Orate
1026 3167 1129 3221 pro
1166 3151 1462 3207 securitate
1492 3152 1660 3224 hujus
1682 3154 1790 3208 loci
1825 3161 1881 3209 et
1902 3169 2024 3209 om-

433 3239 584 3294 nium
621 3240 874 3295 locorum
924 3242 1148 3296 Patrum
1190 3252 1510 3298 nostrorum
1563 3245 2021 3310 orthodoxorum,
2053 3264 2094 3322 ο

434 3331 791 3386 eremitarum
829 3341 887 3387 et
922 3334 1407 3398 auachoretarum,
1441 3335 1774 3404 illorumque
1798 3336 1891 3405 qui
1928 3337 2025 3391 ha-

432 3423 613 3478 bitant
653 3424 710 3478 in
759 3424 873 3489 eis,
915 3434 971 3479 et
1009 3441 1110 3494 pro
1152 3426 1448 3482 securitate
1494 3427 1666 3483 totius
1707 3428 1921 3494 mundi,
1965 3439 2026 3485 ut

432 3514 693 3571 Christus
718 3516 865 3571 Deus
900 3526 1092 3574 noster
1132 3529 1421 3575 conservet
1456 3535 1551 3575 eos
1577 3521 1647 3575 ab
1669 3521 1819 3575 omni
1856 3522 2021 3587 malo,

432 3615 491 3662 et
517 3616 707 3677 parcat
735 3609 918 3664 nobis.

506 3699 785 3755 Sacerdos.
822 3701 1026 3756 Omnes
1066 3701 1253 3768 urbes,
1293 3703 1570 3774 regiones,
1597 3712 1654 3759 et
1683 3705 2021 3775 provincias,

434 3796 492 3843 et
512 3805 705 3846 omnes
736 3790 929 3846 domos
955 3790 1201 3847 ﬁdelium
1228 3807 1515 3859 conserva,
1539 3803 1594 3849 et
1617 3809 1719 3849 nos
1752 3809 1946 3850 omnes
1970 3796 2027 3849 in

436 3880 545 3936 ﬁde
570 3882 875 3937 orthodoxa
907 3898 1083 3954 usque
1116 3883 1186 3938 ad
1221 3892 1532 3940 extremum
1573 3885 1831 3955 spiritum
1867 3903 1880 3938 :
1910 3885 2028 3941 haec

434 3977 584 4031 enim
615 3976 777 4032 unica
802 3992 928 4047 spes
962 3983 1155 4033 nostra
1178 3986 1284 4033 est.

509 4067 761 4135 Domine,
786 4069 1069 4125 miserere.
1086 4069 1379 4133 Memento,
1397 4070 1649 4137 Domine,
1668 4071 2030 4128 circumstan—

440 4159 600 4223 tium,
634 4159 728 4230 qui
761 4159 1052 4215 nobiscum
1087 4160 1497 4230 deprecationis
1533 4162 1831 4232 participes
1876 4175 2025 4221 sunt.

510 4251 801 4333 Diaconos.
831 4251 994 4307 Orate
1017 4267 1118 4323 pro
1152 4253 1646 4308 circumstantibus
1668 4254 1761 4323 qui
1792 4255 1883 4308 hic
1906 4271 2031 4324 par—

445 4344 639 4415 ticipes
680 4352 810 4401 sunt
846 4346 1137 4400 nobiscum
1176 4344 1586 4415 deprecationis
1619 4363 1632 4397 :
1666 4354 1727 4399 ut
1775 4345 2030 4403 Christus

440 4434 588 4490 Deus
610 4443 801 4492 noster
822 4444 1113 4492 conservet
1131 4451 1248 4500 eos,
1273 4435 1710 4506 misereaturque
1732 4451 1949 4504 eorum,
1974 4448 2031 4494 et

439 4536 633 4597 parcat
661 4528 844 4583 nobis.

2106 675 2238 730 ster,
2273 664 2577 735 praesertim
2620 664 2727 719 hoc
2763 671 3028 732 tempore,
3057 662 3223 733 hujus
3253 658 3550 714 oblationis
3572 674 3695 713 san.

2107 768 2208 812 ctae
2238 775 2249 811 :
2279 772 2516 828 quorum
2569 757 2891 812 memoriam
2927 770 3144 824 semper
3190 752 3424 823 agimus,
3474 761 3531 806 et
3555 766 3696 821 quos

2109 852 2492 920 unusquisque
2541 857 2795 903 nostrum
2855 847 2913 900 in
2954 854 3139 900 mente
3183 844 3368 907 habet,
3402 852 3458 898 et
3498 857 3692 897 eorum

2110 939 2563 997 commemoratio
2588 954 2712 1009 quae
2733 938 2899 992 hodie
2926 936 3125 1007 agitur,
3160 934 3232 989 sit
3270 935 3405 1004 ipsis
3431 943 3691 1003 tanquam

2110 1048 2306 1087 murus
2330 1031 2541 1095 ﬁrmus,
2573 1044 2840 1100 superans
2868 1043 3061 1083 omnes
3093 1025 3485 1080 daamoniorum
3520 1024 3694 1079 insul—

2113 1137 2221 1190 tus,
2244 1134 2301 1181 et
2322 1124 2552 1180 consilia
2579 1123 2868 1178 hominum
2891 1119 3291 1191 improborum.

2184 1218 2473 1273 Diaconos.
2506 1217 2747 1271 Adorate
2774 1216 2950 1270 Deum
2975 1227 3101 1268 cum
3128 1211 3344 1266 timore.

2182 1308 2461 1364 Sacerdos.
2506 1308 2804 1373 Memento,
2849 1302 3101 1369 Domine,
3135 1298 3421 1357 tenuitatis
3466 1306 3702 1362 meae,ct

2096 1401 2350 1478 miseriae
2391 1400 2588 1454 animae
2614 1413 2769 1462 meae,
2794 1404 2851 1451 et
2878 1396 3079 1467 largire
3122 1393 3280 1458 mihi,
3318 1391 3701 1462 utintelligam

2115 1501 2337 1565 quantae
2378 1490 2664 1563 dignitatis
2705 1489 2778 1545 sit
2827 1496 3007 1544 astare
3056 1502 3144 1543 me
3195 1485 3264 1541 ad
3320 1484 3493 1540 altare
3547 1492 3703 1537 tuum

2119 1592 2392 1642 sanctum.
2419 1583 2589 1639 Aufer
2619 1599 2651 1637 a
2690 1596 2779 1637 me
2818 1580 3005 1635 omnia
3055 1577 3333 1634 desideria
3375 1575 3706 1645 insipientia

2117 1688 2174 1735 et
2190 1676 2534 1749 juventutis:
2561 1690 2743 1745 neque
2766 1675 2873 1729 hoc
2894 1672 3028 1727 mihi
3051 1686 3216 1743 grave
3232 1670 3306 1726 sit
3329 1684 3455 1725 cum
3480 1680 3698 1737 respon-

2121 1771 2365 1828 dendum
2398 1769 2507 1824 erit
2544 1768 2600 1823 in
2631 1766 2721 1821 die
2768 1765 2864 1820 illo
2895 1761 3152 1820 terribili.
3182 1761 3382 1816 Libera
3412 1773 3500 1814 me
3540 1758 3705 1813 etiam

2120 1863 2190 1918 ab
2212 1861 2472 1917 omnibus
2495 1856 2915 1929 operationibus
2932 1852 3220 1925 potestatis
3239 1849 3542 1907 adversarii
3568 1865 3583 1903 :
3606 1863 3709 1903 ne-

2051 1928 2090 1985 B
2119 1971 2228 2027 que
2278 1971 2368 2010 me
2408 1928 2608 2023 perdas
2653 1959 2882 2021 propter
2919 1945 3242 2015 iniquitates
3288 1957 3439 1998 meas
3466 1982 3479 2008 ,
3528 1953 3709 2011 neque

2121 2046 2383 2102 irascaris
2432 2042 2570 2098 mihi
2609 2056 2784 2112 usque
2832 2039 2890 2094 in
2924 2046 3230 2101 aeternum,
3285 2049 3467 2104 neque
3522 2047 3709 2088 serves

2120 2137 2256 2191 mihi
2291 2136 2435 2190 mala
2479 2148 2620 2198 mea,
2650 2131 2747 2187 sed
2787 2128 3018 2186 ostende
3062 2125 3541 2181 mihibonitatem
3580 2137 3710 2193 erga

2119 2244 2209 2283 me
2237 2236 2408 2292 tuam,
2439 2235 2496 2280 et
2522 2225 2702 2281 libera
2725 2237 2813 2277 me
2847 2220 3160 2291 indignum,
3187 2215 3496 2273 secundum
3520 2215 3711 2271 multi-

2122 2318 2371 2372 tudinem
2396 2313 2792 2370 misericordise
2832 2319 2939 2365 tuae
2967 2324 3136 2379 super
3160 2323 3270 2363 me.
3296 2306 3438 2361 Tano
3474 2304 3709 2369 Genesis,

2122 2421 2183 2467 ut
2204 2409 2529 2467 benedicam
2550 2406 2648 2461 tibi
2672 2419 2892 2475 semper
2912 2401 3173 2457 omnibus
3192 2398 3390 2455 diebus
3406 2398 3535 2453 vitae
3555 2411 3708 2451 mem.

2191 2504 2442 2568 Domine,
2484 2500 2769 2556 miserere.
2799 2497 3094 2559 Memento,
3124 2492 3379 2557 Domine,
3420 2503 3716 2545 consessus

2122 2599 2287 2669 hujus
2306 2594 2662 2653 sacerdotalis
2685 2592 2859 2648 sancti
2887 2589 2987 2655 tui,
3010 2595 3068 2643 et
3090 2585 3270 2643 omnis
3293 2583 3507 2640 ordinis
3537 2595 3716 2638 sacer-

2124 2687 2325 2743 dotalis
2354 2683 2671 2741 orthodoxi.

2197 2777 2484 2832 Diaconos.
2525 2774 2690 2830 Orate
2741 2787 2843 2843 pro
2893 2771 2999 2824 hac
3053 2773 3247 2824 sancta
3289 2762 3716 2836 congregatione

2127 2868 2481 2931 sacerdotali,
2518 2874 2575 2921 et
2617 2881 2718 2936 pro
2745 2864 2893 2919 omni
2922 2862 3119 2918 ordine
3144 2858 3496 2916 sacerdotum
3522 2854 3717 2911 ortho-

2126 2963 2421 3017 doxorum.
2439 2967 2502 3014 ut
2530 2958 2789 3015 Christus
2814 2956 2961 3011 Deus
2981 2960 3173 3009 noster
3188 2949 3482 3007 conﬁrmet
3504 2946 3628 3003 illos
3661 2946 3719 3001 in

2128 3051 2235 3106 ﬁde
2266 3049 2575 3106 orthodoxa
2608 3062 2786 3117 usque
2816 3045 2883 3101 ad
2911 3052 3223 3100 extremum
3251 3040 3532 3112 spiritum.

2196 3141 2475 3196 Sacerdos.
2522 3141 2593 3195 Et
2633 3138 2818 3193 omnis
2858 3136 3072 3192 ordinis
3113 3132 3473 3189 sacerdotalis
3523 3129 3717 3186 ortho-

2128 3232 2400 3286 doxorum
2428 3239 2484 3285 et
2521 3228 2767 3284 universi
2806 3227 2995 3298 populi
3021 3225 3115 3295 qui
3141 3231 3251 3279 stat
3274 3237 3461 3278 coram
3490 3230 3565 3276 te.
3601 3220 3717 3275 Me-

2129 3332 2315 3379 mento
2345 3322 2542 3387 nostri,
2589 3319 2842 3383 Domine,
2877 3316 3129 3381 Domine,
3158 3314 3215 3369 in
3249 3312 3635 3368 misericordia
3663 3321 3721 3367 et

2126 3411 2603 3476 miserationibus,
2631 3419 2689 3465 et
2714 3408 2835 3463 dele
2862 3405 3186 3476 iniquitates
3211 3411 3450 3469 nostras,
3487 3416 3521 3456 ο
3549 3401 3716 3465 bone,

2128 3516 2341 3565 amator
2382 3504 2671 3560 hominum
2710 3504 2877 3558 Deus.
2912 3500 3045 3555 Esto
3082 3496 3266 3553 socius
3312 3494 3622 3558 nobiscum,
3658 3504 3722 3548 ut

2129 3602 2510 3658 ministremus
2542 3594 2757 3652 nomini
2784 3604 2880 3650 tuo
2912 3599 3121 3648 sancto.

2199 3694 2454 3757 Domine,
2478 3689 2765 3745 miserere.
2794 3685 3036 3742 Benedic
3068 3681 3588 3755 congregationibus
3618 3692 3721 3733 no-

2129 3789 2280 3845 stris.

2201 3881 2492 3939 Diaconos.
2518 3878 2685 3933 Orate
2719 3890 2821 3947 pro
2848 3874 2954 3929 hac
2986 3876 3414 3943 congregatione
3444 3875 3632 3922 nostra
3665 3872 3722 3920 et

2130 3990 2231 4046 pro
2257 3972 2408 4029 omni
2444 3968 2871 4042 congregatione
2902 3965 3233 4037 populorum
3258 3960 3716 4022 orthodoxorum,

2132 4076 2195 4121 ut
2227 4066 2482 4121 Christus
2513 4063 2661 4117 Deus
2690 4068 2879 4115 noster
2902 4056 3195 4112 benedicat
3220 4060 3277 4109 et
3308 4050 3556 4123 perﬁciat
3594 4050 3720 4105 illos

2131 4159 2189 4213 in
2211 4175 2346 4229 pace
2369 4164 2426 4213 et
2455 4155 2703 4211 remittat
2722 4151 2884 4207 nobis
2906 4156 3135 4220 peccata
3162 4154 3371 4202 nostra.

2203 4249 2481 4306 Sacerdos.
2519 4246 2740 4302 Cultum
2789 4242 3067 4297 idolorum
3117 4252 3348 4309 prorsus
3393 4250 3460 4289 ex
3510 4230 3720 4287 mundo

2131 4342 2439 4399 extermina
2469 4338 2760 4394 :Satanam
2784 4342 2842 4389 et
2876 4346 3070 4387 omnes
3110 4334 3413 4400 potestates
3441 4326 3561 4397 ejus
3589 4339 3719 4395 pes:

2132 4436 2299 4491 simas
2330 4442 2556 4490 contere
2585 4439 2643 4487 et
2669 4428 2917 4500 deprime
2941 4426 3045 4481 sub
3069 4423 3308 4495 pedibus
3326 4418 3537 4475 nostris
3559 4416 3716 4471 velo-

2132 4529 2272 4584 citer
2311 4523 2610 4581 :scaudala
2657 4529 2713 4576 et
2761 4534 2952 4575 eorum
2997 4524 3254 4573 auctores
3302 4525 3619 4581 compesce,
3660 4515 3722 4561 ut

510 4617 785 4675 Sacerdos.
838 4619 1028 4675 Patres
1069 4627 1125 4674 et
1171 4617 1368 4673 fratres
1410 4627 1649 4684 nostros,
1685 4629 1741 4675 et
1784 4621 2027 4692 reliquos
2057 4605 2102 4661 Ῑ)
2133 4618 2399 4673 ﬁniantur
2433 4613 2735 4670 divisiones
2767 4609 3094 4682 perniciosae
3121 4606 3407 4661 haerescon
3436 4621 3448 4655 :
3475 4600 3717 4655 hostium

439 4710 1063 4785 ubicunque'terrarum
1094 4710 1223 4777 sint,
1250 4726 1517 4765 conserva
1543 4711 1854 4777 nobiscum,
1888 4729 2029 4782 pra:-

440 4802 584 4858 sidio
627 4803 907 4859 exercitus
945 4810 1282 4874 potestatum
1335 4811 1651 4858 sanctarum
1704 4821 1716 4856 :
1753 4813 1807 4858 et
1855 4804 2028 4859 libera

438 4908 542 4948 nos
578 4909 608 4948 a
649 4893 772 4950 telis
820 4893 996 4965 igneis
1037 4892 1262 4957 diaboli,
1314 4898 1372 4946 et
1409 4892 1772 4949 ab'omnibus
1816 4893 2032 4950 insidiis

441 4982 754 5051 diabolicis,
782 4992 838 5039 et
866 4984 935 5039 ab
963 4983 1113 5038 omni
1139 4983 1338 5052 laqueo
1366 4997 1520 5037 vanae
1543 4982 1748 5053 glorire.
1902 4985 1920 5021 ι

510 5075 763 5141 Domine,
791 5077 1079 5133 miserere.

509 5164 787 5222 Sacerdos.
830 5169 1124 5237 Memento,
1155 5171 1405 5236 Domine,
1431 5185 1627 5225 eorum
1662 5172 1908 5226 omnium
1933 5173 2026 5243 qui

438 5258 600 5313 nobis
623 5271 1025 5330 praeceperunt,
1049 5271 1110 5317 ut
1154 5277 1347 5318 eorum
1382 5276 1654 5317 memores
1682 5279 1931 5318 essemus
1972 5263 2026 5318 in

439 5350 783 5408 orationibus
813 5363 871 5408 et
893 5354 1393 5425 supplicationibus
1421 5353 1490 5408 ad
1517 5362 1568 5409 te
1596 5355 1821 5409 nostris.

511 5440 801 5500 Diaconos.
843 5445 1008 5501 Orate
1056 5463 1156 5517 pro
1208 5448 1466 5502 omnibus
1502 5447 1596 5517 qui
1634 5447 1795 5502 nobis
1817 5462 2023 5517 przece-

440 5541 666 5602 perunt,
691 5543 754 5588 ut
789 5550 979 5590 eorum
1011 5552 1285 5591 memores
1313 5552 1562 5592 essemus
1596 5537 1649 5592 in
1664 5537 2027 5594 .oratiouibus

442 5633 499 5678 et
526 5626 1026 5695 supplicationibus
1049 5631 1274 5695 nostris,
1304 5639 1365 5684 ut
1388 5630 1645 5686 Christus
1667 5631 1813 5686 Deus
1836 5639 2028 5686 noster

443 5715 644 5772 liberet
666 5732 764 5773 eos
786 5718 855 5773 ab
879 5720 1027 5774 omni
1061 5721 1224 5775 malo.

2130 4710 2393 4767 Ecclesia:
2423 4716 2533 4762 tua:
2558 4712 2782 4768 sanctee,
2804 4701 3061 4766 Domine,
3084 4708 3148 4755 ut
3172 4713 3414 4768 semper,
3450 4695 3523 4749 ita
3552 4692 3718 4748 etiam

2129 4817 2281 4858 nunc
2323 4799 2548 4855 destruc
2602 4795 2918 4866 superbiam
2962 4791 3150 4848 cordis
3199 4809 3213 4843 :
3248 4789 3336 4844 fac
3378 4787 3488 4842 illis
3530 4793 3716 4840 notam

2128 4892 2394 4949 velociter
2423 4887 2861 4944 imbecillitatem
2907 4898 3064 4939 suam
3099 4900 3114 4936 :
3144 4880 3382 4951 reprime
3412 4890 3606 4930 eorum
3639 4874 3715 4929 in-

2128 4984 2371 5049 vidiam,
2411 4981 2636 5036 fraudes
2680 4987 2738 5035 et
2788 4975 3247 5038 machinationes,
3302 4978 3357 5025 et
3413 4964 3719 5021 calumnias

2135 5074 2337 5147 quibus
2383 5087 2487 5128 nos
2529 5072 2896 5141 impugnant:
2934 5079 3138 5135 easque
3178 5060 3348 5116 redde
3390 5072 3585 5112 omnes
3630 5056 3712 5109 in-

2130 5166 2295 5223 utiles
2325 5185 2337 5219 :
2364 5163 2570 5233 dissipa
2612 5161 2840 5217 consilia
2865 5172 3079 5221 eorum,
3116 5155 3283 5217 Deus,
3317 5149 3411 5220 qui
3440 5147 3717 5218 dissipasti

2131 5259 2424 5317 consilium
2469 5254 2820 5325 Achitophel.
2859 5253 3129 5320 Exsurge,
3174 5246 3405 5303 Domine
3447 5244 3619 5308 Deus,
3663 5249 3720 5297 et

2129 5352 2473 5423 dissipentur
2497 5362 2690 5404 omnes
2720 5344 2931 5400 inimici
2953 5342 3054 5408 tui,
3082 5349 3138 5395 et
3176 5338 3438 5411 fugianta
3461 5335 3598 5392 facie
3628 5342 3717 5388 tua

2133 5459 2326 5500 omnes
2352 5441 2445 5512 qui
2473 5438 2713 5494 oderunt
2736 5449 2939 5490 nomen
2967 5442 3121 5487 tuum
3154 5436 3430 5492 sanctum,
3461 5433 3517 5481 et
3541 5439 3719 5494 p0pu-

2132 5537 2221 5590 lus
2241 5515 2443 5588 tuusi'n
2462 5524 2946 5585 benedictionibus
2968 5521 3169 5577 millies
3186 5516 3447 5581 millenis,
3466 5512 3723 5597 etdccies

2136 5627 2338 5683 millies
2352 5623 2537 5679 decies
2562 5617 2823 5683 millenis,
2845 5615 3011 5671 faciat
3034 5613 3374 5668 voluntatem
3406 5616 3552 5663 tuam
3581 5604 3681 5677 (7).

2207 5717 2493 5772 Diaconos.
2529 5711 2635 5780 Qui
2662 5708 2889 5773 sedetis.
2924 5705 3154 5776 surgite.

521 5876 598 5945 (7)
632 5877 689 5931 ln
711 5876 847 5932 Cod.
876 5878 1071 5947 Scalig.
1104 5886 1157 5934 et
1181 5880 1303 5936 aliis
1326 5882 1536 5952 aliquot
1570 5881 1635 5937 ad
1671 5895 2113 5955 unamquamque
2144 5875 2475 5949 particulam
2508 5869 2859 5928 interseritur
2880 5866 3041 5940 Ii'yric
3073 5862 3286 5919 cleison.
