4076 6436
374 453 510 509 1239

374 667 535 714 tatem
558 658 843 727 patiuntur
870 674 883 710 :
910 659 1218 713 esurientes
1246 662 1384 714 satia
1419 679 1429 713 :
1466 661 1713 717 conforta
1755 665 1948 731 pusill-

370 751 580 805 animes
613 768 625 802 :
655 750 838 819 lapsos
867 750 1016 819 erige
1047 768 1058 802 :
1098 758 1308 805 stantes
1360 752 1623 806 conﬁrma
1662 773 1674 806 :
1701 766 1951 810 errantes

370 850 628 898 converte
666 859 677 894 :
710 841 918 911 perduc
942 856 1039 896 eos
1064 857 1258 897 omnes
1286 843 1350 897 ad
1389 844 1531 898 viam
1566 846 1760 901 salutis
1799 856 1905 902 tua:
1933 866 1946 900 :

300 926 304 935 ’
371 950 599 988 numera
629 933 756 988 illos
780 948 974 988 omnes
1009 948 1134 987 cum
1172 934 1377 1003 populo
1403 943 1499 990 tuo
1541 953 1553 989 :
1586 936 1761 991 libera
1784 952 1885 992 nos
1919 955 1949 993 a

371 1022 612 1087 peccatis
655 1020 862 1075 nostris
902 1038 915 1073 :
959 1031 1113 1085 esto,
1153 1022 1419 1086 Domine,
1464 1024 1626 1081 nobis
1666 1036 1852 1082 custos
1893 1037 1951 1081 et

369 1121 649 1181 protector
675 1114 731 1167 in
755 1112 1033 1168 omnibus.

439 1204 726 1258 Diaconus.
749 1204 829 1258 Ad
859 1204 1130 1260 orientem
1168 1211 1420 1279 aSpicite.

444 1293 719 1351 Sacerdos.
747 1297 828 1351 Tu
850 1313 912 1354 es
940 1298 1084 1355 Deus
1108 1302 1358 1358 excelsus
1379 1317 1547 1373 super
1579 1316 1772 1359 omnes
1790 1303 1947 1373 prin—

374 1387 588 1456 eipatus
611 1395 667 1441 et
686 1397 1006 1457 potestates,
1036 1390 1334 1462 dignitates
1355 1403 1412 1448 et
1442 1394 1869 1459 dominationes,
1893 1402 1949 1448 et

372 1492 540 1546 super
561 1491 723 1533 omne
748 1494 972 1545 nomen,
1005 1482 1153 1550 quod
1184 1483 1453 1538 nominari
1485 1491 1685 1553 potest,
1714 1497 1825 1538 non
1858 1498 1948 1538 so-

373 1567 487 1620 lum
517 1566 569 1620 in
610 1566 716 1624 hoc
749 1570 969 1635 saeculo,
1012 1571 1106 1626 sed
1135 1573 1300 1628 etiam
1334 1574 1389 1628 in
1416 1573 1602 1628 futuro
1635 1592 1647 1627 :
1689 1582 1745 1628 tu
1772 1589 1830 1629 es
1854 1590 1949 1629 co-

373 1674 490 1713 ram
540 1675 650 1729 quo
689 1661 953 1718 assistunt
985 1664 1135 1719 mille
1170 1665 1379 1720 milleni
1407 1674 1464 1719 et
1497 1666 1680 1721 decies
1727 1665 1946 1727 millies,

373 1750 559 1807 decies
591 1754 743 1807 mille
779 1754 987 1809 milleni
1016 1756 1193 1828 angeli
1214 1767 1270 1812 et
1294 1758 1603 1828 archangeli
1634 1758 1829 1824 sancti,
1849 1758 1949 1812 tibi

374 1844 772 1901 ministrantes.
807 1846 929 1901 Tibi
963 1848 1227 1904 assistunt
1272 1864 1480 1910 coram,
1536 1850 1647 1904 duo
1692 1850 1950 1905 animalia

1644 456 1969 513 LITUBGIA
2012 461 2066 513 S.
2110 463 2401 518 (I‘i'RlUJ.

443 564 718 621 Sacerdos.
760 564 920 619 Solve
966 564 1212 633 captivos
1245 582 1256 617 :
1285 566 1429 621 salva
1457 583 1551 622 eos
1582 573 1675 639 qui
1703 573 1946 625 necessi—
1990 587 2021 634 λ

3499 465 3640 522 1500

2126 577 2395 629 Sacerdos.
2432 576 2656 642 Accepit
2693 590 2886 644 panem
2929 575 2982 626 in
3012 588 3205 627 manus
3234 588 3364 628 suas
3396 586 3634 631 sanctas.

2061 670 2473 731 immaculatas,
2520 682 2715 736 puras,
2770 666 2991 727 beatas,
3040 676 3092 720 et
3143 664 3520 727 viviﬁcantes,
3582 683 3639 722 Ct

2059 763 2298 832 suspexit
2341 761 2396 814 in
2432 761 2652 825 malum,
2696 759 2763 813 ad
2800 767 2849 813 te
2894 759 3065 813 Deum
3105 758 3322 813 Patrem
3372 774 3555 823 suum,
3586 772 3641 814 et

2058 853 2302 908 omnium
2330 852 2643 914 Dominum,
2679 859 2736 905 et
2766 850 2969 920 gratias
2993 849 3125 920 egit.

2128 944 2379 1015 Populus.
2417 945 2612 998 Amen.

2128 1037 2400 1091 Sacerdos.
2433 1037 2501 1091 Et
2530 1034 2813 1090 benedixit
2840 1035 3015 1089 illum.

2128 1129 2382 1201 Populus.
2411 1128 2603 1182 Amen.

2129 1220 2402 1276 Sacerdos.
2435 1219 2504 1273 Et
2532 1218 2896 1274 sanctiﬁeavit
2934 1218 3110 1273 illum.

2126 1313 2376 1385 Populus.
2413 1314 2586 1367 Amen

2127 1405 2400 1460 Sacerdos.
2424 1406 2493 1460 Et
2513 1405 2676 1477 fregit
2693 1404 2871 1469 illum,
2894 1412 2950 1458 et
2972 1404 3127 1458 dedit
3150 1402 3303 1456 illum
3329 1400 3442 1456 suis
3462 1399 3638 1454 disci-

2056 1499 2200 1568 pulis
2245 1496 2470 1559 sanctis,
2502 1506 2560 1551 et
2601 1496 2864 1563 apostolis
2900 1496 3055 1566 puris
3083 1495 3271 1551 dicens
3310 1513 3321 1547 :
3368 1492 3637 1562 Accipite,

2057 1591 2385 1645 manducale
2432 1606 2500 1644 ex
2528 1604 2596 1644 eo
2623 1603 2722 1643 vos
2750 1603 2959 1642 omnes.
2989 1588 3101 1643 Hoc
3117 1596 3417 1657 estcorpus
3450 1599 3637 1639 meum

2058 1681 2205 1752 quod
2235 1696 2337 1751 pro
2358 1680 2515 1735 vobis
2540 1678 2829 1749 frangitur,
2862 1686 2918 1733 et
2940 1694 3039 1748 pro
3082 1678 3273 1732 multis
3296 1677 3543 1732 tradetur
3578 1676 3639 1730 in

2060 1774 2439 1830 remissionem
2464 1781 2812 1842 peccatorum
2838 1787 2852 1836 ;
2882 1770 2985 1824 hoc
3011 1769 3173 1823 facite
3198 1770 3254 1822 in
3280 1782 3457 1822 meam
3479 1780 3639 1822 com-

2060 1865 2531 1920 memorationem.

374 1935 773 2004 gloriosissima
800 1953 897 1993 sex
927 1938 1030 1993 alis
1062 1940 1351 2005 instructa,
1381 1943 1541 2011 plena
1564 1942 1764 2006 oculis,
1789 1941 1952 1997 Sera-
1992 1940 2029 1991 Β
2128 1954 2381 2026 βορηίης,
2419 1955 2613 2010 Αηηη,

374 2029 528 2098 phim
561 2037 616 2089 et
640 2029 942 2087 Cherubim
978 2051 989 2085 :
1016 2032 1232 2088 duabus
1260 2034 1363 2090 alis
1386 2043 1577 2105 tegunt
1602 2034 1771 2091 facies
1803 2050 1950 2096 suas,

373 2130 602 2192 propter
633 2122 982 2180 divinitatem
1033 2133 1183 2179 tuam
1232 2125 1589 2191 invisibilem,
1622 2144 1725 2182 nec
1771 2136 1955 2182 mente

374 2215 935 2284 eomprehensibilem
972 2235 985 2270 :
1023 2217 1240 2273 duabus
1289 2227 1480 2290 tegunt
1520 2219 1689 2289 pedes
1731 2235 1861 2275 suos
1900 2229 1957 2275 ct

376 2306 592 2363 duabus
627 2307 833 2363 volant.

448 2399 704 2455 Sacerdos
738 2400 854 2456 alta
888 2418 1029 2456 voce.
1077 2402 1467 2473 Unusquisque
1499 2418 1692 2459 eorum
1739 2419 1957 2473 semper

377 2498 430 2546 te
455 2490 765 2547 sanctiﬁcat
794 2510 807 2545 :
845 2492 941 2548 sed
981 2502 1038 2548 et
1073 2509 1198 2549 cum
1233 2495 1494 2550 omnibus
1514 2495 1609 2565 qui
1635 2503 1688 2549 te
1724 2497 1959 2550 sanctifi-

376 2589 523 2644 cant,
571 2582 789 2652 suscipe
832 2597 1054 2652 quoque
1095 2583 1588 2640 sanetiﬁcationem
1637 2592 1880 2639 nostram
1926 2601 1957 2639 a

376 2671 557 2737 nobis,
580 2672 829 2738 Domine,
855 2682 915 2729 ut
941 2690 1068 2731 eum
1101 2675 1209 2730 illis
1250 2683 1303 2731 te
1326 2675 1633 2739 laudemus,
1666 2675 1914 2732 dicentes
1940 2694 1953 2730 :

445 2763 703 2834 Populus.
742 2763 1003 2831 Sanctus,
1029 2774 1274 2831 sanctus,
1305 2776 1550 2822 sanctus.

447 2853 725 2911 Sacerdos.
748 2858 891 2913 Vere
915 2858 1062 2927 pleni
1085 2867 1215 2913 sunt
1235 2859 1361 2914 coeli
1394 2867 1452 2914 et
1479 2868 1628 2915 terra
1661 2859 1834 2931 gloria
1864 2867 1956 2915 tua

375 2953 596 3010 sancta,
642 2961 741 3015 per
796 2945 996 3001 Filium
1045 2955 1203 3001 tuum
1248 2948 1596 3018 unigenitum
1636 2948 1954 3014 Dominum,

376 3035 571 3100 Deum,
599 3035 938 3092 Salvatorem
971 3045 1027 3093 et
1056 3038 1258 3109 Regem
1296 3047 1546 3094 nostrum
1590 3040 1836 3096 omnium
1863 3042 1956 3097 Je-

374 3142 498 3180 sum
535 3126 843 3183 Christum.
886 3129 1055 3199 imple
1105 3130 1211 3185 hoc
1255 3130 1588 3185 sacriﬁcium
1634 3139 1811 3195 tuum,
1853 3132 1958 3187 Do—

377 3217 547 3281 mine,
572 3217 959 3276 benedictione
983 3237 1105 3291 qure
1129 3237 1156 3275 a
1184 3231 1235 3276 te
1261 3231 1346 3276 est
1371 3236 1471 3291 per
1497 3220 1751 3291 illapsum
1792 3237 1957 3293 super

377 3309 528 3363 iliam
590 3310 829 3381 Spiritus
866 3312 948 3367 tui
996 3313 1170 3368 sancti
1196 3312 1296 3383 (8).
1326 3313 1367 3383 1-
1394 3314 1569 3368 Amen
1615 3333 1627 3368 :
1677 3324 1733 3370 et
1784 3316 1956 3371 bene-

376 3403 616 3459 dictione
652 3405 906 3461 benedic.
953 3405 994 3475 1-
1029 3406 1201 3461 Amen
1237 3425 1248 3458 :
1296 3414 1351 3462 et
1377 3406 1761 3476 puriﬁcatione
1800 3408 1957 3479 puri-

377 3498 498 3549 tica.
524 3495 772 3566 1-Amen.
791 3497 919 3554 Haec
947 3498 1092 3553 dona
1114 3507 1207 3553 tua
1231 3498 1545 3554 veneranda
1568 3501 1844 3570 proposita
1862 3515 1957 3557 co-

376 3606 492 3643 ram
514 3600 588 3656 te,
614 3590 763 3646 hunc
790 3606 989 3661 panem
1013 3600 1067 3646 et
1088 3591 1237 3646 hunc
1268 3592 1517 3648 calicem.
1540 3592 1754 3663 Quippe
1786 3594 1958 3650 Filius

377 3696 507 3736 tuus
550 3681 868 3751 unigenitus
919 3682 1205 3749 Dominus,
1244 3683 1410 3747 Deus,
1459 3684 1707 3741 Salvator
1752 3695 1809 3740 et
1842 3687 1957 3741 Rex

375 3783 565 3829 noster
589 3773 836 3827 omnium
859 3773 1019 3829 Jesus
1056 3774 1331 3840 Christus,
1362 3790 1426 3829 ea
1455 3784 1618 3831 nocte
1643 3793 1749 3847 qua
1783 3777 1956 3832 tradi-

375 3866 461 3922 dit
484 3868 748 3938 seipsum,
792 3875 853 3923 ut
873 3876 1158 3941 pateretur
1177 3885 1279 3940 pro
1306 3870 1550 3939 peccatis
1578 3871 1805 3935 nostris,
1827 3877 1954 3925 ante

378 3967 643 4022 mortem,
677 3974 841 4028 quam
872 3959 1097 4029 propria
1135 3975 1232 4013 sua
1253 3960 1536 4015 voluntate
1582 3959 1826 4030 suscepit
1856 3974 1957 4029 pro

376 4047 538 4102 nobis
562 4050 841 4105 omnibus.

444 4140 701 4213 Papulas.
731 4144 1042 4201 Credimus.

448 4299 525 4372 (8)
560 4301 921 4368 Brevissime,
958 4310 1020 4356 ut
1049 4301 1321 4368 diximus,
1345 4309 1481 4372 post
1512 4300 1645 4356 istas
1671 4301 1954 4357 orationes

374 4371 647 4428 transitur
689 4374 756 4429 ad
801 4372 1278 4428 consecrationem
1325 4371 1953 4443 d’onorumgproposito-

374 4457 519 4507 rum,
552 4457 674 4511 quae
696 4450 936 4513 notaest
959 4443 1309 4513 antiquitatis
1334 4458 1361 4496 a
1388 4441 1954 4513 simplicitateﬂminus

374 4520 630 4584 remotae.
663 4512 722 4567 In
751 4512 942 4584 codice
963 4512 1152 4584 Graeco
1178 4513 1347 4584 Marci
1377 4512 1640 4584 Liturgize
1678 4514 1825 4569 idem
1848 4530 1954 4584 no-

377 4590 554 4656 tatur,
569 4582 753 4656 _circa_
774 4582 1251 4656 consignationem
1268 4583 1511 4656 nillorum
1548 4582 1955 4656 ctppayECstuvi

377 4652 531 4718 ἅγια,
568 4651 1108 4724 itaenimvocantur
1132 4653 1200 4707 τὰ
1226 4653 1395 4724 δῶρα,
1423 4663 1548 4724 post
1575 4651 1807 4723 primam
1836 4653 1959 4724 illo-

375 4736 500 4775 rum
524 4721 593 4794 a_d
615 4722 789 4794 altare
806 4721 1132 4794 illationem,
1154 4739 1282 4778 cum
1302 4721 1672 4794 jam—aliquam
1698 4722 1961 4778 sanctita-

375 4800 489 4847 tem
515 4792 825 4859 obtineant,
872 4810 941 4849 ex
970 4793 1158 4849 futura
1177 4792 1372 4849 eorum
1403 4792 1867 4849 transmutatione
1901 4794 1957 4847 in

374 4877 601 4935 corpus
628 4870 691 4935 et
730 4864 1055 4935 sanguinem
1085 4864 1295 4920 Christi
1318 4864 1559 4935 Domini.
1600 4863 1957 4935 Undedcpo-

373 4934 542 5005 situm
588 4932 1191 5005 legimus'episc0pum
1223 4933 1723 5005 quemdam,iquod
1762 4932 1953 5005 δῴρον.

373 5003 429 5057 in
451 5004 624 5060 altare
637 5003 752 5076 jam
773 5003 1010 5069 illatum,
1032 5003 1288 5076 fregisset
1310 5012 1365 5057 et
1386 5004 1788 5076 conculcasset.
1815 5003 1871 5055 ln
1894 5018 1959 5076 ea

375 5080 558 5153 autem
600 5073 853 5154 oratione
885 5073 1210 5154 postulatur
1230 5075 1462 5154 illapsus
1491 5073 1735 5154 Spiritus
1757 5074 1956 5154 sancti,

378 5145 443 5216 iis
460 5145 867 5216 propemodum
887 5142 1076 5216 verbis
1096 5145 1302 5216 quibus
1321 5152 1512 5216 postea
1533 5142 1587 5216 in
1610 5142 1960 5216 invocatione

379 5212 617 5283 Spiritus
646 5215 844 5282 sancti,
892 5215 968 5270 ita
992 5212 1175 5270 tamen
1226 5222 1288 5268 ut
1329 5212 1524 5267 eadem
1553 5212 1831 5267 invocatio
1861 5228 1962 5267 suo

377 5282 499 5339 loco
546 5286 851 5351 recitetur,
923 5301 1050 5342 cum
1095 5286 1165 5340 de
1205 5292 1487 5338 momento
1530 5283 1963 5337 consecrationis

377 5352 691 5410 Orientales
738 5357 1032 5428 disputare
1070 5370 1184 5411 non
1212 5354 1361 5428 soliti
1386 5355 1517 5416 sint,
1573 5353 1672 5428 sed
1699 5361 1831 5408 tunc
1862 5352 1961 5408 de-

377 5439 530 5479 mum
552 5466 566 5487 ,
617 5441 746 5481 cum
778 5423 962 5482 omnia
989 5426 1097 5481 rite
1129 5424 1375 5494 perfecta
1404 5432 1554 5488 sunt,
1584 5423 1653 5479 de
1683 5431 1961 5478 transmu-

379 5494 587 5551 tatione
620 5506 1001 5552 consummata
1029 5493 1144 5550 non
1175 5495 1451 5550 dubitent.
1486 5494 1735 5551 Similem
1767 5493 1959 5549 eodem

376 5563 500 5634 loco
532 5566 938 5622 invocationem
971 5566 1178 5620 habent
1201 5565 1536 5627 Nestoriani,
1574 5565 1628 5619 in
1663 5565 1840 5634 prima
1865 5578 1964 5619 sua

380 5633 650 5707 Liturgia.
675 5637 770 5707 sed
798 5636 1165 5707 posteriorem
1188 5651 1299 5691 non
1320 5642 1611 5707 usurpant,
1637 5650 1758 5707 quae
1780 5643 1961 5707 tamen

382 5703 444 5788 in
461 5703 734 5788 Theodori
764 5703 819 5760 et
843 5706 1083 5788 Nestorii
1106 5703 1695 5788 Diturgiisreperitur.
1721 5704 1963 5773 Reliqua:

385 5775 665 5850 orationes
684 5786 740 5828 et
764 5790 888 5828 cum
915 5775 1102 5830 Graeca
1128 5775 1315 5839 Marci,
1336 5786 1393 5831 et
1416 5792 1542 5831 cum
1565 5776 1687 5830 aliis
1708 5786 1961 5830 accurate

388 5851 725 5894 remearunt
734 5884 745 5894 .

453 5905 516 5965 tu
561 5908 947 5968 benedictione
989 5912 1199 5980 ealicis,
1243 5913 1588 5983 Coptitarum
1619 5914 1837 5974 codices
1868 5915 1962 5971 ha-

2126 2046 2400 2101 Saccrdos.
2439 2045 2702 2101 Similiter
2738 2054 2795 2101 et
2829 2044 3055 2100 calicem
3102 2051 3221 2113 post
3258 2055 3491 2105 comam,
3526 2036 3638 2095 ml-

2058 2139 2200 2193 seuit
2228 2137 2358 2192 vino
2377 2147 2433 2192 et
2455 2153 2594 2207 aqua
2625 2155 2637 2190 :
2672 2147 2727 2193 et
2757 2137 2961 2208 gratias
2987 2137 3120 2206 egit.

2132 2228 2384 2300 Populus.
2424 2227 2616 2283 Amen.

2130 2317 2405 2373 Sacerdos.
2438 2316 2507 2370 Et
2529 2315 2814 2370 benedixit
2843 2330 2969 2369 eum

2130 2409 2382 2481 Papulas.
2411 2408 2607 2463 Amen.

2131 2502 2404 2559 Sacerdos.
2434 2502 2503 2556 Et
2533 2497 2893 2556 sanctiﬁcavit
2914 2511 3063 2551 eum.

2129 2595 2387 2667 Papulas.
2421 2595 2614 2648 Amen.

2130 2686 2403 2742 SacerdOs.
2438 2686 2507 2740 Et
2547 2681 2805 2755 gustavit,
2849 2680 3110 2749 deditque
3149 2693 3276 2733 eum
3311 2676 3447 2741 suis,
3492 2690 3638 2746 pra!-

2060 2778 2243 2841 elaris,
2278 2776 2483 2831 sanctis
2510 2773 2801 2841 discipulis
2835 2778 2893 2825 et
2924 2769 3207 2834 apostolis,
3241 2767 3433 2822 dicens
3468 2781 3484 2818 :
3527 2764 3609 2820 Ac

2059 2870 2246 2939 cipite,
2264 2868 2437 2922 bibite
2459 2882 2522 2920 ex
2550 2878 2617 2921 eo
2638 2879 2736 2918 vos
2758 2877 2949 2918 omnes
2977 2880 2990 2913 :
3015 2861 3114 2915 Hic
3134 2868 3219 2915 est
3239 2858 3460 2928 sanguis
3481 2870 3641 2909 meus

2060 2959 2189 3012 novi
2232 2953 2590 3017 Testamenti,
2629 2952 2725 3023 qui
2769 2967 2869 3021 pro
2912 2950 3070 3005 vobis
3102 2948 3405 3004 effunditur
3439 2952 3496 2999 ct
3538 2959 3643 3013 pro

2060 3052 2249 3107 multis
2289 3050 2509 3105 dabitur
2553 3050 2608 3102 in
2655 3040 3037 3101 remissionem
3083 3052 3431 3113 peccatorum
3471 3056 3483 3090 :
3522 3037 3643 3092 Hoc

2061 3143 2223 3199 facite
2246 3142 2303 3197 in
2332 3155 2508 3195 meam
2538 3135 3140 3193 commemorationem.

2134 3233 2389 3305 Populus.
2424 3233 2616 3286 Amen.

2136 3327 2413 3382 Sacerdos.
2449 3324 2897 3390 Quotiescunque
2943 3319 3093 3374 enim
3131 3313 3536 3372 manducabitis
3573 3327 3675 3367 ex-

2066 3419 2170 3473 hoc
2202 3432 2362 3486 pane,
2383 3425 2441 3469 et
2470 3413 2674 3468 hibctis
2694 3429 2760 3467 ex
2780 3412 2885 3465 hoc
2912 3409 3104 3471 calice,
3132 3406 3457 3463 annuntiate
3487 3418 3648 3459 mor-

2065 3518 2175 3563 tem
2199 3522 2399 3568 meam,
2423 3513 2479 3559 et
2504 3501 2842 3560 confitemini
2868 3498 3329 3556 resurrectionem
3359 3510 3557 3559 meam,
3588 3501 3653 3549 et

2065 3598 2384 3653 memoriam
2410 3596 2515 3651 mei
2546 3596 2709 3666 agite,
2738 3593 2915 3648 donec
2939 3590 3178 3646 veniam.

2135 3689 2389 3761 Populus.
2408 3690 2636 3743 Mortem
2667 3696 2817 3742 tuam
2844 3683 3259 3747 annuntiamus,
3284 3679 3513 3735 Domine
3543 3677 3649 3747 (9).

2136 3779 2411 3836 Sacerdos.
2446 3780 2624 3841 Nunc,
2657 3779 2802 3833 Deus
2825 3776 2988 3831 Pater
3015 3772 3385 3842 omnipotens,
3423 3785 3651 3824 annun-

2065 3872 2268 3927 tiamus
2289 3881 2519 3927 mortem
2546 3868 2816 3941 unigeniti
2850 3865 2975 3923 Filii
3000 3865 3079 3920 tui
3104 3863 3351 3926 Domini,
3377 3861 3495 3925 Dei,
3520 3859 3652 3915 Sal-

2061 3964 2299 4028 vatoris,
2346 3972 2395 4017 et
2432 3963 2598 4032 Regis
2634 3961 2809 4017 nostri
2852 3959 3101 4016 omnium
3135 3957 3264 4013 Jesu
3311 3953 3515 4012 Christi
3546 3971 3559 4005 :
3590 3961 3656 4009 et

2064 4053 2393 4110 conﬁtemur
2416 4054 2880 4108 resurrectionem
2907 4053 3028 4123 ejus
3057 4057 3325 4112 sanctam,
3361 4054 3417 4100 et
3448 4058 3649 4099 ascen-

2066 4146 2278 4202 sionem
2299 4145 2419 4215 ejus
2446 4159 2666 4200 sursum
2694 4144 2750 4198 in
2772 4143 2962 4208 caelos,
2990 4140 3405 4210 sessionemque
3431 4137 3553 4208 ejus
3576 4137 3652 4193 ad

2059 4300 2215 4365 bent,
2240 4308 2289 4353 et
2311 4300 2562 4370 gustavit,
2589 4307 2650 4354 ut
2673 4298 2999 4370 plerumque
3018 4298 3222 4370 legitur
3237 4296 3299 4370 in
3322 4294 3653 4370 aliis_l.itur-

2096 4371 2166 4426 iis
2191 4363 2597 4434 Orientalibus,
2648 4363 2758 4424 non
2795 4370 2851 4423 in
2875 4363 3059 4424 Graeca
3077 4363 3274 4430 Marci,
3307 4374 3401 4420 aut
3431 4363 3649 4427 Jacobi,

2106 4442 2252 4497 asilii
2289 4442 2376 4495 vel
2397 4440 2797 4512 Chrysostomi.
2831 4438 2969 4494 lllud
2994 4454 3162 4508 porro
3191 4437 3504 4512 Orientales
3524 4448 3657 4512 cre-

2062 4512 2204 4567 dunt
2245 4526 2315 4565 ex
2352 4504 2570 4565 vetusta
2616 4509 2934 4572 traditione,
2969 4504 3093 4579 quae
3116 4507 3361 4579 antiquis
3390 4504 3656 4561 Patribus

2062 4582 2251 4664 ignota
2276 4589 2374 4635 aut
2383 4580 2712 4664 “improbata
2733 4595 2843 4634 non
2859 4578 3432 4664 .fuitgquam‘illolrum
3459 4582 3655 4664 aucto-

2063 4646 2227 4706 ritate
2271 4646 2620 4706 conﬁrmavit
2649 4648 2945 4719 Dionysius
2970 4646 3262 4719 Barsalibi,
3292 4646 3654 4719 Commenta-

2062 4722 2146 4776 rio
2173 4722 2231 4776 in
2257 4721 2577 4801 Evangelia,
2605 4727 2663 4775 et
2767 4718 3038 4801 opusculo
3074 4718 3152 4771 De
3180 4718 3552 4801 Eucharistia,
3582 4722 3655 4767 ut

2060 4802 2315 4847 auctores
2352 4784 2467 4853 alii,
2506 4790 2577 4845 de
2609 4784 2823 4859 quibus
2863 4790 3074 4844 dictum
3118 4796 3205 4843 est
3240 4787 3311 4842 ad
3343 4784 3658 4856 Liturgiam

2061 4863 2243 4917 Basilii
2275 4860 2581 4930 Copticam.

2133 4931 2208 5002 (9,)
2245 4924 2539 5002 Nescimus
2584 4931 2717 5001 quid
2743 4945 2857 5001 pra:
2882 4929 3060 5002 oculis
3085 4926 3348 5002 habuerit
3379 4924 3659 5002 Maronita

2062 4995 2359 5071 interpres,
2381 5016 2508 5055 cum
2528 4995 2634 5055 hoc
2653 4995 2776 5055 loco
2799 4999 3086 5069 scripserit
3106 5016 3135 5071 ί
3150 4998 3215 5053 In
3236 4997 3463 5071 Domino
3485 4995 3660 5061 conﬁ-

2063 5067 2257 5133 temur,
2283 5086 2405 5141 qua:
2422 5071 2660 5125 formula
2684 5071 2808 5125 Litu
2819 5067 2950 5141 rgiis
2968 5069 3229 5141 omnibus
3250 5067 3513 5141 inusitata
3531 5074 3654 5141 est;

2062 5134 2365 5213 prmsertim
2408 5157 2533 5213 cum
2580 5141 2650 5195 ad
2679 5134 2986 5213 marginem
3026 5138 3348 5213 ascripserit
3380 5135 3528 5213 :__Tb_v
3556 5134 3659 5186 θά-

2061 5204 2225 5265 ξρατόν
2256 5228 2370 5276 σου,
2394 5210 2590 5281 Κύριε,
2616 5220 2678 5265 ιιι
2706 5204 2906 5281 legitur
2940 5212 2994 5264 in
3024 5204 3601 5281 omnibuscodicihus
3638 5222 3653 5257 :

2062 5297 2188 5337 nam
2222 5282 2316 5335 illa
2346 5277 2621 5335 confessio
2655 5277 2869 5343 mortis,
2904 5277 3333 5334 resurrectionis
3367 5286 3423 5330 et
3459 5289 3661 5328 ascen—

2063 5353 2256 5411 sionis.
2289 5351 2574 5421 futurique
2610 5352 2882 5407 adventus
2904 5349 3135 5421 Christi,
3172 5348 3358 5421 omnia
3391 5343 3658 5421 salutaris

2063 5425 2185 5495 ejus
2211 5413 2644 5495 dispensationis
2668 5421 2927 5495 mysteria
2950 5419 3358 5495 complectitur.
3391 5417 3451 5495 In
3475 5413 3660 5495 omni:

2063 5488 2175 5563 h'us
2199 5488 2489 5563 ritibusget
2519 5488 2958 5563 linguisiiisdcm
2990 5490 3180 5545 verbis
3206 5488 3551 5563 exprimitur,
3586 5490 3656 5536 ut

2064 5564 2121 5618 in
2156 5562 2352 5618 Latino
2394 5557 2670 5617 Canone':
2710 5562 2856 5617 Unde
2886 5571 2934 5614 et
2966 5574 3243 5621 memores,
3280 5557 3518 5615 Domine,
3555 5568 3654 5606 nos

2063 5634 2199 5688 servi
2221 5634 2319 5693 tui,
2343 5632 2434 5686 sed
2453 5640 2501 5686 et
2526 5632 2667 5703 plebs
2690 5641 2784 5703 tua
2803 5638 3014 5703 sancta.
3065 5638 3176 5682 tam
3197 5629 3364 5681 beatae
3388 5624 3655 5703 passionis

2064 5714 2113 5757 et
2148 5694 2567 5767 resurrectionis,
2600 5713 2708 5758 etc.
2744 5702 2827 5756 Ad
2855 5701 3118 5773 majorem
3152 5711 3319 5773 porro
3351 5694 3652 5773 antiquita-

2065 5774 2137 5829 tis
2157 5764 2592 5843 venerationem,
2617 5773 2730 5827 haec
2751 5764 3133 5843 oratioCrgecc
3152 5764 3365 5843 dicitur
3386 5764 3442 5843 in
3463 5764 3650 5843 Litur-

2066 5845 2151 5913 gia
2174 5842 2419 5913 Coptica,
2449 5853 2513 5913 ut
2533 5834 2643 5897 nco
2667 5858 2855 5913 paucae
2878 5840 3005 5913 aliae
3023 5840 3220 5893 breves
3242 5834 3509 5913 formulas,
3532 5834 3649 5889 sive

2071 5908 2096 5965 5
2132 5908 2437 5979 sacerdote,
2476 5912 2588 5967 sive
2618 5928 2647 5966 a
2669 5908 2929 5979 diacono,
2966 5910 3082 5966 sive
3116 5924 3145 5963 a
3175 5908 3405 5979 populo.
