4076 6442
373 376 556 470 "thas

1672 390 1998 474 tl‘r‘uncis
2040 419 2094 473 s.
2139 409 2433 475 CTmLLt.

3538 416 3687 474 15οι

411 538 668 589 deorsum
720 548 783 587 ex
817 532 1032 589 excelso
1071 543 1162 588 tuo
1216 543 1440 597 saneto,
1476 543 1531 590 ct
1575 550 1640 589 ex
1679 537 1994 591 habitacqu
2025 546 2064 600 Α
2099 536 2421 606 procedens,
2450 533 2634 590 socius
2666 533 2850 590 throni
2883 548 3033 607 regni
3065 533 3251 605 gloriae
3283 543 3410 599 tuae,
3431 548 3557 589 cum
3588 535 3685 591 Fi-

410 637 508 681 tuo
546 634 872 697 praeparato,
910 633 965 679 et
1002 641 1068 679 ex
1101 625 1581 696 incircumscripto
1614 627 1737 680 sinu
1782 637 1896 692 tuo,
1939 637 1996 681 et

407 733 475 771 ex
491 715 629 771 solio
665 714 818 786 regni
840 715 1025 786 glorize
1059 725 1183 781 tute,
1214 716 1535 785 paraclitum
1559 716 1824 786 Spiritum
1839 726 1991 772 tuum

406 818 692 875 sanctum,
723 808 1116 863 subsistentem
1155 808 1209 861 in
1246 823 1482 879 persona
1524 820 1638 875 tua,
1675 811 1993 867 immutabi-

403 902 532 966 lem,
557 916 660 956 nec
676 900 989 955 alterationi
1012 899 1335 966 obnoxium,
1363 902 1680 969 Dominum,
1705 903 1988 958 viviﬁcan-

404 1001 537 1057 tem,
572 992 667 1062 qui
696 991 917 1046 loeutus
938 998 1023 1045 est
1044 991 1098 1045 in
1129 991 1269 1061 lege,
1294 993 1581 1063 prophetis
1611 1004 1667 1049 et
1692 993 1988 1064 apostolis;

403 1083 499 1153 qui
534 1092 621 1137 est
649 1082 858 1152 ubique
904 1093 963 1137 et
1013 1082 1198 1137 omnia
1238 1081 1356 1137 loca
1407 1084 1609 1155 replet,
1658 1099 1838 1153 neque
1873 1084 1994 1138 loco

402 1173 724 1229 continetur
757 1192 769 1227 :
803 1174 898 1244 qui
929 1174 1124 1241 libere,
1154 1175 1378 1247 propria
1410 1184 1679 1247 potestate
1705 1185 1989 1246 operatur,

404 1263 712 1317 secundum
746 1263 1088 1320 voluntatem
1121 1274 1292 1331 tuam,
1339 1266 1631 1336 puritatem
1661 1266 1716 1320 in
1749 1266 1817 1320 iis
1854 1281 1992 1335 quos

406 1352 589 1423 diligit
623 1352 733 1425 (l5)
771 1371 783 1407 :
819 1364 877 1409 ct
901 1371 1011 1410 non
1046 1355 1189 1411 sicut
1220 1357 1620 1427 ministerzqui
1650 1365 1734 1411 est
1763 1357 1990 1427 simplex

407 1447 465 1501 in
507 1454 706 1502 natura
737 1463 857 1513 sua,
884 1457 941 1504 et
969 1448 1023 1502 in
1049 1449 1367 1521 operatione
1389 1466 1486 1505 sua
1517 1451 1803 1522 multiplex
1829 1469 1843 1505 :
1870 1450 1992 1505 fons

408 1538 681 1595 donorum
737 1539 1097 1595 divinorum:
1142 1542 1628 1598 consubstantialis
1675 1543 1810 1609 tibi,
1865 1558 1895 1596 a
1953 1554 2004 1597 te

480 1693 595 1767 (15)
657 1693 920 1762 Quamvis
971 1695 1365 1767 controversia
1433 1696 1582 1767 circa
1635 1697 1983 1765 Pelagianam

2095 630 2171 684 lio
2202 639 2297 685 tuo
2335 628 2639 699 unigenito,
2674 627 2909 682 Domino
2929 667 2943 692 ,
2974 626 3105 692 Deo,
3145 624 3425 681 Salvatore
3458 635 3517 681 ct
3533 627 3686 695 Rege

2097 720 2340 774 omnium
2392 729 2640 774 nostrum
2680 719 2807 773 Jesu
2838 716 3059 772 Christo
3084 757 3099 782 ,
3134 730 3300 786 super
3343 731 3446 770 nos
3491 732 3689 771 servos

2098 820 2241 877 tuos,
2283 820 2339 865 et
2368 826 2534 881 super
2564 810 2681 865 haec
2724 808 3039 864 veneranda
3081 808 3225 863 dona
3268 808 3549 879 proposita
3587 824 3689 863 co-

2096 918 2212 957 ram
2271 912 2344 967 te,
2392 916 2558 972 super
2606 901 2755 956 hunc
2804 916 3023 972 panem,
3062 909 3300 971 etsuper
3352 900 3506 955 hunc
3549 900 3689 955 cali'

2098 1005 2215 1044 cem
2242 990 2375 1062 (ll),
2399 1000 2462 1047 ut
2490 990 2857 1062 puriﬁeentur
2879 997 2935 1044 et
2953 988 3375 1045 transferantur.

2173 1081 2459 1136 Diaeonus.
2489 1080 2871 1137 Attendamus.

2174 1173 2430 1246 Populus.
2461 1175 2653 1230 Amen.

2168 1265 2424 1321 Sacerdos
2461 1265 2578 1323 alta
2615 1282 2738 1320 noce
2770 1268 2988 1337 signans
3027 1272 3106 1319 ter
3138 1281 3346 1337 corpus.

2168 1360 2236 1413 Et
2265 1357 2412 1412 hunc
2438 1372 2631 1427 panem
2653 1357 2876 1427 quidem
2902 1356 3067 1413 faciat
3094 1373 3295 1429 corpus
3316 1356 3544 1414 Christi.

2173 1449 2427 1521 Populus.
2463 1449 2657 1503 Amen.

2147 1542 2424 1608 Sacerdos,
2458 1544 2676 1614 signans
2711 1549 2791 1595 ter
2812 1543 3145 1613 sanguinem.
3177 1542 3247 1597 Et
3278 1541 3428 1598 hunc
3447 1541 3679 1598 calicem

2093 1702 2351 1765 potestate
2384 1712 2482 1749 sua
2510 1711 2602 1764 per
2656 1695 2979 1751 voluntatem
3027 1704 3198 1761 tuam,
3236 1700 3293 1752 in
3331 1700 3528 1753 sanctis
3560 1701 3677 1754 sive

407 1764 646 1820 limi-eain
680 1767 871 1846 etejus
910 1766 1493 1846 reliquias'E_eclesia_m
1530 1764 1992 1846 Orientalemyin
2026 1774 2063 1827 Β
2094 1764 2243 1846 puris
2284 1765 2611 1846 quoseﬁgit.
2667 1765 2871 1846 Eodem
2915 1783 3049 1846 vero
3101 1767 3356 1846 recidunt
3387 1768 3530 1846 duae
3567 1770 3681 1846 illa}

408 1851 653 1907 unquam
703 1836 1053 1907 agitaverint,
1095 1847 1150 1892 et
1193 1836 1490 1907 aliquando
1542 1836 1692 1907 illius
1747 1837 1987 1907 theologi

407 1905 702 1960 obscurius
725 1905 791 1977 de
832 1905 1016 1977 divina
1064 1907 1238 1977 gratia
1277 1905 1446 1961 locuti
1475 1906 1702 1970 fuerint,
1751 1922 1870 1961 eam
1905 1905 1989 1961 ta-

408 1990 536 2029 men
566 1975 773 2057 erroris
795 1976 943 2029 omni
977 1975 1312 2057 suspicione,
1357 1977 1460 2057 hac
1460 1977 1556 2057 “in.
1568 1985 1728 2057 parte
1778 1992 1987 2041 carere,

408 2060 606 2116 preces
645 2045 831 2101 multae
884 2061 1006 2115 qua:
1058 2045 1115 2101 in
1171 2048 1347 2101 sacris
1407 2045 1613 2101 Olliciis
1664 2058 1986 2111 occurrunt,

404 2115 569 2186 plene
591 2116 991 2170 demonstrant.
1013 2116 1096 2171 Ab
1119 2117 1227 2170 illis
1245 2117 1415 2180 enim,
1435 2131 1600 2186 quam
1619 2116 1688 2169 ab
1708 2116 1834 2171 ullis
1853 2118 1991 2171 scri-

406 2184 519 2257 ptis
585 2186 710 2240 aliis
761 2186 1035 2257 doctrina
1111 2186 1320 2241 certius
1395 2184 1505 2256 peti
1570 2194 1801 2257 potest,
1844 2203 1982 2257 inec

406 2254 592 2339 minus
634 2255 777 2339 apud
823 2254 1130 2339 Orientales
1180 2272 1347 2339 quam
1374 2254 1529 2339 apud.
1565 2254 1989 2339 reliquostri-

409 2325 893 2397 stianos,_legem_
967 2325 1212 2380 credendi
1283 2325 1367 2380 lex
1425 2328 1615 2380 statuit
1677 2326 1987 2397 supplican-

409 2394 498 2466 di,
562 2404 622 2466 ut
670 2394 1009 2450 leestinus
1074 2397 1219 2465 Papa
1274 2397 1535 2465 prtcclarc
1607 2394 1830 2465 scripsit
1885 2395 1984 2466 (a).

409 2462 492 2517 llli
521 2465 724 2534 quippe
745 2466 1030 2535 postulant
1054 2474 1111 2520 et
1134 2462 1451 2535 precantur,
1474 2475 1531 2518 ut
1563 2462 1866 2532 inﬁdelibus
1893 2462 1988 2519 do-

409 2543 566 2587 netur
581 2535 732 2602 ﬁdes,
750 2534 810 2588 ut
851 2534 1152 2589 idololatria
1174 2537 1238 2589 ab
1274 2537 1560 2605 impietatis
1580 2551 1690 2588 sua!
1708 2534 1994 2589 liberentur

410 2606 678 2659 erraribus
709 2622 725 2659 :
761 2613 821 2656 ut
869 2606 1100 2658 lueretici
1152 2603 1425 2675 catholica:
1484 2605 1608 2672 ﬁdei
1666 2608 1993 2675 perceptione

410 2675 747 2743 resipiscam,
778 2683 836 2727 ut
893 2676 1215 2728 schismatici
1254 2673 1513 2744 Spiritum
1543 2675 1787 2729 rediviva:
1814 2673 1990 2729 citari-

412 2746 540 2797 tatis
564 2745 848 2815 accipiant,
864 2752 921 2797 ut
946 2744 1110 2816 lapsis
1139 2746 1457 2816 paenitentia:
1475 2744 1705 2799 remedia
1718 2746 1995 2815 conferan-

415 2821 544 2879 tur;
587 2823 645 2867 ut
677 2816 903 2884 denique
930 2817 1317 2885 catechumenis
1339 2816 1408 2867 ad
1459 2817 1877 2885 regenerationis
1904 2833 1994 2871 sa-

410 2892 692 2955 cramenta
722 2885 1011 2955 perductis,
1046 2884 1266 2938 ctelestis
1289 2884 1660 2955 misericordia:
1676 2884 1803 2939 aula
1823 2902 1994 2940 reser-

413 2961 585 3037 getpr.
612 2954 739 3037 llaec
755 2955 1324 3037 omnia-continentur
1360 2954 1415 3036 in
1437 2954 1699 3037 precibus
1721 2956 1993 3037 litttrgieis

411 3020 810 3092 Orientalibus,
840 3026 957 3077 nori
987 3025 1173 3078 minus
1197 3040 1359 3092 quam
1386 3020 1664 3078 in'Greecis
1684 3032 1739 3077 et
1759 3020 1987 3082 Latinis.

410 3091 471 3163 ln
508 3091 610 3163 ista
644 3108 772 3148 vero
795 3094 1041 3149 oratione
1075 3091 1435 3163 signiﬁcatur,
1454 3093 1717 3163 Spiritum
1742 3104 1989 3149 sanctum

412 3161 470 3216 in
531 3162 661 3226 illis,
713 3179 852 3232 quos
890 3161 1146 3233 gratiosa"
1176 3165 1458 3219 voluntate
1495 3161 1659 3218 iDeus
1704 3165 1988 3233 praevenit,

412 3233 759 3287 sanctitatem
785 3249 881 3288 seu
906 3235 1134 3303 gratiam
1160 3235 1398 3303 operari,
1441 3246 1498 3288 et
1528 3234 1799 3288 donorum
1846 3234 1991 3289 divis

412 3318 610 3356 norum
647 3311 928 3358 auctorem
971 3319 1113 3359 esse.
1152 3304 1229 3358 lta
1270 3304 1483 3357 scilicet
1531 3305 1834 3373 antiquitus
1880 3306 1993 3361 Ro-

412 3388 576 3425 mana
606 3373 852 3428 Ecclesia
890 3374 944 3427 in
974 3374 1165 3427 multis
1200 3374 1549 3427 orationibus
1581 3374 1763 3429 locuta
1801 3383 1906 3439 est,
1932 3384 1994 3431 ut

412 3443 468 3515 i_n
503 3442 849 3515 Gregoriano
880 3444 1088 3515 Missali
1147 3443 1266 3515 (ωδ
1294 3443 1634 3515 Omnipotens
1680 3447 1995 3515 sempiterne

411 3511 573 3577 Deus,
593 3511 767 3566 lumen
791 3514 1097 3584 indeﬁciens
1116 3511 1204 3584 qui
1219 3511 1475 3584 Spiritum
1507 3522 1653 3567 tuum
1679 3511 1990 3570 sanctum...

412 3584 660 3636 Immanw
690 3583 977 3655 declar_asti
1003 3583 1191 3636 salutis
1227 3593 1516 3655 auctoreln,
1538 3593 1766 3655 praesta,
1790 3599 1997 3655 quwsu-

414 3669 563 3715 mus,
599 3662 655 3722 ut
685 3654 823 3705 idem
852 3651 1080 3722 Spiritus
1133 3654 1370 3706 veritatis
1418 3651 1667 3707 Ecclesia?
1724 3651 1829 3707 tum
1855 3656 1995 3709 dona

411 3721 927 3793 multiplicet.ltem:
947 3722 1141 3776 Mcntes
1162 3732 1390 3785 nostras,
1409 3739 1729 3793 qumsumus,
1753 3724 1993 3787 Domine,

412 3792 877 3865 Spiritussanctus
899 3793 1087 3847 divinis
1143 3792 1828 3865 prwparetsacramcntis,
1870 3798 1996 3864 quia

413 3862 527 3930 ipse
547 3870 621 3915 est
648 3864 883 3935 omnium
912 3862 1150 3919 remissio
1175 3862 1530 3935 peccatorum.
1566 3865 1698 3918 item
1724 3881 1736 3916 :
1763 3862 1992 3929 Praista,

413 3933 985 4001 qua’sumus,l)omine,
1005 3946 1063 3987 ut
1088 3954 1118 3989 η
1139 3933 1329 3988 nostris
1376 3935 1634 3988 mentibus
1664 3944 1710 3986 et
1748 3934 1996 3987 carnales

416 4013 656 4075 «moveat
717 4002 945 4074 Spiritus
1003 4013 1219 4058 sanctus
1278 4006 1513 4075 affectus,
1580 4012 1630 4055 ct
1688 4004 1994 4075 spi_ritualia

415 4073 561 4146 nobis
580 4074 718 4127 dona
743 4083 979 4144 potenter
999 4073 1470 4146 infundatJlIentes
1496 4073 1725 4137 nostras,
1750 4073 1992 4146 Domine,

415 4140 645 4216 Spiritus
677 4140 891 4199 sanctus
914 4148 1003 4215 qui
1022 4140 1129 4199 a'te
1147 4144 1686 4216 proccditjlluminet,
1715 4153 1761 4195 ct
1779 4145 1994 4198 inducat

414 4214 482 4286 in
508 4214 1058 4286 omnemysicut’tuus
1098 4214 1334 4286 promisit
1371 4214 1557 4277 Filius,
1598 4218 1895 4268 ueritatem.
1934 4216 1991 4269 In

415 4282 617 4355 Missali
649 4284 917 4355 Gothico:
946 4285 1013 4339 Et
1042 4282 1111 4339 ad
1144 4302 1299 4339 omne
1332 4302 1463 4355 Opus
1490 4286 1680 4338 bonum
1716 4286 1988 4355 perducat.

414 4353 613 4427 Alibi:
655 4354 717 4409 Ut
752 4353 982 4427 Spiritus
1033 4358 1107 4410 tui
1144 4353 1639 4427 {ervore'concepto
1665 4395 1679 4419 ,
1717 4353 1779 4408 ἐι
1804 4358 1857 4427 in
1888 4356 1993 4425 ﬁde

415 4424 753 4496 inveniamur
780 4424 998 4479 stabiles
1035 4437 1081 4479 et
1118 4424 1171 4479 in
1204 4441 1361 4496 opere
1376 4424 1631 4494 efﬁcaces.
1656 4426 1829 4482 Porro
1848 4424 1990 4483 hanc

416 4493 483 4567 de
507 4493 717 4567 Spiritu
742 4504 933 4567 saneto
960 4493 1265 4551 orationem
1322 4493 1559 4550 illostrat
1588 4498 1733 4567 quod
1794 4496 1862 4552 de
1891 4512 1989 4552 eo-

417 4563 556 4616 dem
582 4565 808 4633 scripsit
829 4565 1093 4637 Didymus
1121 4584 1132 4620 :
1163 4567 1273 4621 Ista
1304 4582 1423 4619 vero
1448 4563 1764 4631 substantia,
1801 4567 1864 4620 de
1882 4584 1991 4637 qua

418 4648 559 4707 nunc
580 4649 752 4707 sermo
792 4642 888 4707 est,
924 4638 1201 4707 sapientia?
1236 4644 1283 4689 et
1326 4638 1557 4692 scicntia:
1586 4647 1633 4691 et
1685 4636 1991 4705 sanctiﬁca-

420 4703 575 4777 tio_n_is
616 4705 847 4777 eﬁ‘ectrix
873 4716 969 4770 est,
989 4703 1126 4777 qua:
1159 4707 1359 4761 deinde
1386 4708 1562 4763 fusius
1592 4707 1847 4777 explicat.

488 4772 801 4827 Notandum
838 4772 1035 4848 obiter
1064 4778 1417 4848 interpretem
1455 4772 1773 4848 Maronitam
1810 4777 1991 4829 locum

422 4849 599 4915 totum
632 4846 966 4915 corrupisse,
1007 4864 1131 4903 cum
1176 4846 1250 4903 ita
1274 4849 1478 4903 vertit:
1509 4847 1611 4913 Qui
1647 4848 1739 4899 dat
1785 4848 1920 4899 vires
1946 4855 1992 4898 et

422 4912 733 4982 facultatem
771 4912 962 4985 agendi
986 4920 1271 4972 secundum
1308 4918 1636 4971 voluntatem
1682 4926 1852 4977 tuam,
1905 4918 1994 4985 qui

422 4993 646 5058 qpparet
673 4985 728 5038 in
760 4987 834 5058 iis
862 5006 990 5058 quos
1012 4988 1203 5057 diligit.
1236 4988 1381 5043 Nihil
1400 4988 1546 5058 enim
1569 4987 1745 5041 simile
1770 4987 1823 5039 in
1846 4994 1992 5042 textu

422 5052 674 5124 Co‘ptico,
706 5065 803 5110 aut
826 5052 883 5111 in
912 5052 1266 5114 versionibus
1304 5057 1577 5112 Arabicis.
1609 5058 1853 5112 Primum
1884 5073 1992 5111 non

423 5126 705 5200 consuluit
729 5128 820 5200 :_in
853 5129 1025 5185 altero
1050 5146 1148 5200 per
1175 5129 1370 5183 malam
1397 5128 1563 5200 unius
1582 5128 1993 5200 vocisepuncta—

424 5194 655 5269 tionem,
683 5197 749 5252 ad
783 5194 1263 5269 manifestationem
1293 5198 1591 5269 transtulit,
1612 5194 1839 5269 quod—ad
1866 5214 1995 5269 san-

423 5264 795 5338 ctiﬁcationem
822 5264 1155 5338 pertinebat,
1172 5267 1615 5337 sententiamque
1630 5264 1823 5338 cll‘eeit
1837 5267 1997 5338 plane

424 5336 652 5391 nullam.
698 5336 840 5404 Quid
900 5341 1047 5394 enim
1102 5338 1374 5408 signiﬁcat
1423 5336 1682 5408 apparere
1744 5336 1998 5408 Spiritum

423 5417 665 5481 sanctum
688 5410 752 5463 iis
767 5427 896 5481 quos
915 5411 1084 5481 diligit
1104 5407 1362 5481 ?Atquod
1384 5407 1445 5481 in
1455 5407 1642 5463 verbis
1658 5407 1996 5481 designatur,

426 5476 561 5549 illud
590 5488 680 5549 est
707 5476 1263 5549 qu'ridexpressimus,
1305 5477 1569 5549 Spiritum
1621 5476 1867 5533 sanctum
1912 5478 1999 5549 di-

430 5547 569 5631 xina
588 5547 984 5618 liber—rimaqu—e
1006 5556 1283 5631 potestate
1320 5547 1688 5631 sanctitatem,
1717 5547 1999 5631 scnﬁpurj-

428 5614 739 5688 licationem
802 5614 1044 5688 operari,
1079 5620 1382 5675 secundum
1414 5620 1750 5675 voluntatem
1801 5614 1998 5681 Patris,

428 5685 680 5758 iis_quos
718 5685 918 5758 diligit.
957 5687 1034 5743 lta
1074 5691 1256 5744 versio
1298 5689 1532 5744 Arabica
1577 5690 1784 5744 codicis
1826 5689 1998 5742 nostri

426 5755 562 5808 satis
592 5755 957 5811 vetustifDuo
994 5760 1148 5830 Regii
1175 5760 1342 5830 paulo
1382 5761 1539 5814 aliter
1575 5779 1586 5815 :
1620 5759 1718 5827 Qui
1752 5767 2003 5832 operatur

491 5879 563 5943 (α)
598 5882 665 5947 [Ρ
705 5899 792 5947 pro
812 5887 982 5951 Prosp.
1015 5894 1066 5939 et
1087 5888 1185 5940 liii.
1212 5903 1255 5939 c.
1289 5888 1362 5940 ll.

2095 1835 2603 1905 interpretationes,
2625 1837 2877 1904 quamvis
2899 1837 2971 1892 sit
2993 1838 3257 1891 nonnulla
3277 1838 3334 1891 in
3379 1839 3564 1893 verbis
3593 1840 3680 1893 di-

2090 1904 2342 1978 versitas.
2357 1904 2649 1978 Antiquam
2669 1920 2831 1974 porro
2844 1921 3144 1978 sanamque
3161 1906 3467 1978 doctrinam
3486 1909 3678 1978 paucis

2091 1975 2279 2047 verbis
2304 1975 2692 2047 complectitur
2716 1976 2895 2047 oratio
2932 1975 3221 2031 fractionis
3252 1992 3376 2046 quae
3401 1975 3675 2047 sequitur.

2164 2045 2276 2168 sit)
2304 2044 2362 2099 ln
2387 2045 2579 2099 codice
2596 2044 2786 2100 Graeco
2810 2046 2866 2101 in
2899 2047 3101 2117 plurali
3133 2044 3325 2115 panes,
3357 2057 3413 2102 et
3446 2044 3672 2113 calices,

2192 2116 2244 2168 lo
2311 2114 2546 2168 alicuius
2600 2117 2864 2168 momenti
2909 2117 3260 2168 discrimine:
3324 2132 3449 2168 nam
3517 2132 3672 2168 more

2090 2114 2266 2169 nullo
2311 2114 2546 2185 alicujus
2590 2117 2864 2185 momenti
2900 2114 3260 2181 discriminc;
3324 2132 3449 2170 nam
3517 2132 3675 2171 more

2091 2192 2313 2257 vetusto
2344 2184 2641 2257 aliquando
2672 2185 2861 2257 plures
2904 2188 3103 2241 calices
3146 2186 3521 2257 afferebantur
3572 2187 3673 2257 qui

2091 2254 2409 2326 sumcerent
2436 2254 2797 2326 :multitudini
2839 2256 3389 2311 communicantium.
3428 2256 3484 2311 Si
3535 2254 3673 2326 quid

2091 2324 2542 2408 singulare-eirea
2577 2325 2739 2408 hanc.
2761 2326 3109 2408 disciplinam
3150 2326 3504 2381 observatum
3535 2324 3671 2380 olim

2091 2395 2147 2465 in
2178 2394 2421 2449 Ecclesia
2447 2394 2815 2465 Alexandrina
2846 2394 2971 2460 fuit,
3004 2397 3145 2452 scire
3193 2411 3303 2450 non
3353 2411 3669 2465 possumus.

2092 2464 2264 2518 Erant
2285 2465 2338 2517 in
2364 2480 2487 2529 usu,
2510 2466 2674 2518 etiam
2705 2464 2758 2518 in
2791 2466 3058 2529 Romana,
3104 2467 3305 2520 calices
3331 2464 3672 2519 ministeria-

2091 2534 2193 2597 lcs,
2223 2534 2291 2587 de
2315 2534 2519 2603 quibus
2548 2534 2611 2587 V.
2643 2533 2703 2588 C.
2736 2535 2977 2591 Joannes
3006 2536 3355 2590 Mabillonius
3401 2536 3456 2589 in
3498 2534 3669 2589 Com-

2092 2604 2363 2657 mentario
2390 2605 2593 2672 prrcvio
2625 2605 2691 2658 ad
2725 2604 2986 2660 Ordinem
3022 2607 3328 2660 Romanum
3359 2622 3371 2658 :
3399 2606 3481 2659 An
3534 2604 3673 2660 tales

2092 2674 2301 2727 fuerint
2332 2675 2407 2727 illi
2443 2674 2819 2737 Alexandrini,
2853 2677 3127 2730 nescitur:
3165 2676 3259 2729 sed
3285 2683 3467 2744 potest
3503 2674 3673 2727 dubi-

2094 2744 2432 2813 tari.Neque
2460 2745 2607 2797 enim
2658 2746 2846 2813 plures
2889 2746 3087 2800 calices
3140 2743 3438 2799 neceSsarii
3488 2754 3670 2805 erant,

2093 2814 2186 2868 ubi
2212 2814 2367 2869 laicis
2394 2814 2533 2868 calix
2567 2828 2674 2867 non
2708 2815 3083 2883 praebebatur;
3131 2814 3224 2868 sed
3262 2814 3490 2868 intineta
3521 2829 3674 2867 com-

2093 2885 2306 2946 munio,
2340 2900 2463 2953 qum
2485 2882 2866 2953 antiquissima
2897 2893 2981 2938 est
3007 2893 3122 2937 toto
3155 2885 3357 2953 passim
3416 2882 3669 2938 Oriente.

2093 2954 2247 3020 Quod
2282 2971 2412 3009 vero
2440 2954 2597 3021 panis
2614 2963 2842 3009 vocetur
2883 2970 2950 3007 co
2974 2956 3094 3008 loco
3115 2953 3461 3008 Eucharistia
3481 2953 3676 3008 verbis

2093 3024 2397 3079 Dominicis
2423 3023 2533 3092 jam
2569 3032 2909 3087 consecrata,
2942 3040 3051 3077 non
3083 3024 3242 3093 plane
3268 3029 3672 3093 perspecthue

2020 3122 2061 3177 ο
2095 3094 2386 3165 signiﬁcat,
2417 3094 2567 3147 illum
2601 3094 2844 3174 nondum
2894 3110 3014 3175 esse
3065 3092 3263 3177 corpus
3293 3092 3521 3177 Christi,
3575 3103 3676 3149 aut

2094 3163 2324 3235 prorsus
2353 3180 2464 3235 non
2481 3164 2778 3235 essc,_quia
2814 3165 2971 3234 panis
3018 3175 3278 3235 vocatur.
3307 3163 3413 3218 Sed
3458 3178 3669 3217 novum

2095 3232 2207 3304 non
2240 3245 2323 3287 est
2357 3233 2445 3288 bis
2479 3233 2534 3287 in
2554 3232 2780 3299 Ofﬁciis,
2804 3232 3033 3304 utquod
3062 3249 3254 3304 verum
3304 3249 3425 3287 esse
3447 3248 3675 3304 corpus

2093 3301 2300 3373 Christi
2322 3303 2659 3371 agnoscitur,
2684 3306 2842 3373 panis
2877 3301 3133 3367 vocetur,
3164 3303 3293 3372 quia
3331 3303 3488 3372 panis
3512 3303 3672 3356 vidc-

2096 3379 2207 3427 tur.
2241 3372 2406 3429 Sacra
2428 3372 2697 3443 mysteria,
2725 3382 2779 3428 ct
2836 3383 3199 3436 sacramenta,
3232 3376 3392 3443 panis
3421 3381 3475 3427 ct
3528 3372 3675 3426 calix

2093 3452 2364 3497 vocantur
2393 3442 2687 3512 aliquando
2709 3453 2835 3497 ante
2893 3442 3387 3507 consecrationem,
3430 3457 3529 3496 nec
3582 3451 3673 3512 ta-

2094 3522 2222 3567 men
2248 3512 2373 3567 ideo
2393 3521 2716 3567 consecrata
2742 3513 3067 3579 creduntur,
3120 3529 3244 3567 cum
3271 3528 3411 3582 saepe
3452 3511 3675 3566 inditl‘e-

2094 3589 2284 3653 t‘enter
2310 3590 2589 3653 vocentur
2617 3582 2669 3636 id
2703 3584 2847 3652 quod
2874 3594 3021 3648 sunt,
3058 3593 3114 3638 ct
3137 3583 3191 3636 id
3216 3583 3362 3653 quod
3386 3582 3671 3653 videntur.

2094 3650 2285 3723 Neque
2312 3650 2436 3723 inde
2464 3650 2759 3722 quidquam
2786 3654 2984 3707 deduci
3021 3662 3201 3723 potest
3228 3650 3374 3708 circa
3420 3651 3678 3706 Orienta-

2095 3721 2230 3776 lium
2256 3721 2570 3791 opinionem
2597 3725 2662 3776 de
2689 3721 3123 3777 consecrationis
3145 3732 3447 3783 momento,
3484 3732 3579 3775 aut
3604 3724 3679 3777 de

2095 3792 2280 3862 verbis
2320 3793 2521 3861 quibus
2568 3793 2660 3847 illa
2716 3795 3022 3862 perlicitnr,
3074 3804 3330 3862 tanquam
3388 3792 3454 3846 ad
3500 3792 3669 3847 Marci

2095 3860 2400 3930 Ephesiict
2423 3862 2655 3916 aliorum
2690 3860 3062 3917 recentiorum
3092 3860 3423 3917 sententiam
3446 3862 3679 3915 accede-

2096 3940 2239 3994 rent,
2260 3948 2380 4001 qme
2400 3941 2683 4001 tantopere
2710 3948 2739 3984 a
2772 3933 3042 4001 theologis
3059 3935 3328 4001 exagitata
3357 3942 3461 3986 est.
3482 3933 3678 3999 Neque

2094 4001 2240 4073 enim
2270 4002 2336 4055 de
2357 4002 2560 4073 synoda
2584 4003 2920 4067 Florentina,
2948 4012 3042 4057 aut
3069 4003 3135 4056 de
3166 4004 3259 4057 illa
3294 4004 3678 4073 controversia

2093 4071 2395 4140 quidquam
2436 4072 2649 4125 sciunt:
2703 4088 2894 4125 verum
2938 4074 3243 4127 orationem
3292 4072 3679 4141 antiquissima

2097 4141 2399 4196 traditione
2430 4142 2890 4203 commendatam,
2917 4151 2971 4196 ct
3004 4144 3073 4197 ab
3108 4143 3366 4197 omnibus
3385 4142 3676 4201 Ecclesiis,

2094 4212 2260 4265 etiam
2288 4213 2672 4266 communione
2723 4212 2936 4275 divisis,
2986 4221 3363 4268 conservatam
3411 4213 3529 4265 sine
3564 4211 3678 4266 nlla

2096 4282 2409 4352 SUSpicionc
2439 4282 2701 4347 retinent,
2726 4298 2829 4336 nec
2866 4284 3099 4337 ulterius
3124 4284 3398 4353 progressi
3431 4291 3580 4353 sunt.

2164 4353 2319 4419 Quod
2346 4353 2619 4424 sequitur,
2646 4362 2693 4405 et
2713 4354 2875 4423 faciat
2894 4356 3030 4407 hunc
3049 4352 3240 4424 panem
3253 4370 3441 4423 corpus
3460 4352 3678 4424 Christi,

2096 4438 2445 4478 communem
2485 4423 2822 4492 reliquarum
2849 4422 3094 4477 omnium
3135 4422 3426 4478 lectionem
3477 4422 3683 4477 conﬁr—

2096 4502 2305 4558 mat,et
2332 4493 2582 4547 Salmasii
2624 4509 2936 4561 perversam
2984 4493 3495 4562 interpretationem
3563 4492 3675 4546 loci

2098 4564 2366 4634 paralleli,
2424 4563 2479 4616 in
2531 4562 2782 4632 Gregorii
2824 4563 3050 4634 Coptica
3099 4563 3378 4632 Liturgia,
3428 4562 3683 4634 funditus

2095 4633 2317 4687 evertit.
2347 4635 2533 4704 Neque
2555 4634 2699 4704 enim
2747 4633 2967 4702 legitur,
2996 4643 3042 4686 et
3076 4635 3368 4704 faciamus:
3408 4633 3553 4701 quod
3592 4642 3683 4686 ta-

2097 4718 2223 4758 men
2276 4705 2379 4773 legi
2429 4701 2690 4765 dchebat,
2747 4701 2892 4757 siin
2931 4704 3037 4758 alia
3077 4701 3291 4758 lectum
3348 4704 3563 4763 fuisset,
3622 4711 3683 4755 ut

2096 4783 2464 4845 convertamns
2498 4774 2592 4827 has
2629 4773 2916 4845 oblatiencs
2964 4776 3019 4826 in
3063 4791 3250 4845 corpus
3276 4783 3323 4827 et
3362 4773 3684 4845 sanguinem

2096 4844 2286 4897 salutis
2321 4853 2535 4905 nostnr,
2563 4851 2760 4896 cumet
2784 4842 3007 4913 Coptice
3024 4854 3079 4897 ct
3099 4842 3355 4905 Arabice,
3380 4852 3441 4896 ut
3467 4842 3683 4907 Grmce,

2096 4914 2377 4983 lcgatnret
2403 4914 2587 4983 faciat,
2617 4922 2679 4966 ut.
2716 4922 2998 4968 ostensum
3037 4924 3121 4967 est
3160 4915 3214 4967 in
3268 4913 3687 4983 Commentario

2098 4982 2166 5037 ad
2195 4983 2377 5037 Basilii
2416 4983 2740 5054 Liturgiam.
2772 4984 2850 5038 Ex
2874 4984 2976 5039 hac
2996 4984 3159 5037 etiam
3192 4992 3477 5039 constante
3510 4982 3684 5054 trium

2097 5054 2449 5122 Copticarum
2509 5052 2794 5107 ct'trium
2845 5053 3158 5109 Grmcarum
3226 5055 3367 5109 ritus
3429 5052 3683 5121 ejusdem

2098 5123 2453 5178 Alexandrini
2493 5123 2750 5195 lectione,
2806 5123 3061 5189 Arcudii,
3114 5125 3385 5195 NeOphyti
3437 5122 3687 5195 Rhodini

2099 5204 2155 5264 et
2178 5195 2547 5248 recentiorum
2573 5194 2875 5247 multorum
2916 5193 3249 5264 conjecturas
3294 5193 3440 5249 circa
3476 5193 3687 5264 Graios;

2101 5263 2467 5319 invocationis
2509 5264 2925 5331 intelligentiam
2988 5262 3339 5319 refelluntur.
3396 5262 3684 5331 Quidquid

2100 5350 2266 5405 porro
2293 5333 2634 5389 crediderint
2660 5332 2987 5399 Orientales,
3017 5335 3155 5389 nihil
3184 5334 3400 5405 confert
3441 5334 3507 5405 ad
3538 5332 3680 5385 Pro-

2104 5405 2423 5459 tcstantium
2465 5419 2717 5469 causam;
2747 5420 2872 5458 cum
2900 5406 3015 5459 sive
3065 5405 3253 5459 verbis
3285 5404 3490 5458 Christi
3542 5416 3678 5455 con-

2102 5475 2339 5529 secratio
2368 5474 2713 5545 perﬁciatur,
2753 5475 2867 5528 sive
2915 5475 3269 5545 subscquenti
3308 5472 3682 5535 invocatione,

2101 5545 2330 5614 perinde
2359 5543 2460 5599 sit:
2494 5560 2619 5598 nam
2640 5554 2791 5598 certo
2818 5544 3046 5598 credere
3072 5543 3399 5607 Orientales,
3434 5556 3685 5613 pronun-

2105 5614 2233 5668 tiata
2280 5614 2646 5675 invocatione,
2678 5622 2946 5670 mutatum
2986 5630 3109 5668 esse
3147 5629 3344 5684 panem
3377 5614 3430 5684 in
3478 5625 3685 5684 corpus

2103 5684 2310 5737 Christi
2335 5693 2391 5737 et
2418 5685 2604 5738 vinum
2634 5685 2687 5737 in
2737 5684 2856 5753 ejus
2895 5680 3234 5753 sanguinem,
3272 5680 3581 5738 testimonia
3607 5684 3681 5739 ad
3738 5716 3747 5722 -

2104 5754 2289 5807 Basilii
2323 5753 2623 5823 Lilurgiam
2654 5754 2822 5808 relata
2858 5758 2987 5812 satis
3010 5754 3409 5809 demonstrant.

2176 5884 2243 5949 (υ)
2270 5886 2381 5936 Salv.
2419 5887 2601 5938 Pentcc.
