4076 6470
434 418 581 483 Ῐὸθό

1688 437 2015 496 LITURGIA
2057 435 2119 498 ς
2154 433 2448 502 (ἸΫΒΙΙᾸᾸῘ.

3550 444 3687 503 1506

437 538 604 594 faciat
663 552 882 609 quoque
934 540 1256 612 sanguinem
1317 544 1621 614 pretiosum
1679 548 2015 606 Testamenti
2045 559 2088 614 Α
2120 558 2415 613 carbonem
2443 556 2593 612 illum
2612 558 3688 632 verum,quipraestatvitamanimabus,

436 631 587 687 novi.

507 723 764 794 Populus.
807 723 1000 781 Amen.

512 810 791 868 Sacerdos.
843 814 1102 883 Ejusdem
1150 816 1406 886 Domini,
1442 820 1577 885 Dei,
1625 818 1924 876 Salvatoris
1960 828 2016 877 et

434 902 602 973 Regis
631 905 880 960 omnium
920 917 1167 963 nostrum
1194 910 1323 965 Jesu
1354 909 1580 966 Christi.

499 993 753 1065 Populus.
786 996 977 1052 Amen.

504 1082 786 1141 Sacerdos.
818 1087 890 1144 Ut
920 1089 1030 1144 sint
1074 1091 1233 1147 nobis
1277 1093 1552 1162 omnibus,
1583 1096 1678 1165 qui
1725 1111 1789 1151 ea
1817 1111 2011 1166 peree-

437 1174 588 1244 pturi
615 1190 826 1244 sumus,
862 1178 1019 1233 utilia
1060 1180 1128 1233 ad
1161 1180 1517 1237 obtinendam
1549 1184 1710 1241 ﬁdem
1745 1186 1864 1241 sine
1896 1186 2011 1242 dis—

433 1267 759 1337 putatione,
819 1269 1156 1339 charitatenr
1194 1272 1400 1343 absque
1443 1274 1759 1346 hypocrisi,
1795 1258 2011 1347 patien-

434 1357 565 1412 tiam
587 1358 909 1429 perfectam,
943 1377 1095 1432 spem
1119 1362 1352 1430 ﬁrmam,
1393 1365 1679 1443 ﬁduciam,
1713 1367 2010 1437 protectio-

430 1463 580 1515 nem,
605 1451 964 1519 sanationem,
983 1453 1262 1523 gaudium,
1286 1463 1343 1510 et
1362 1456 1770 1512 renovationem
1793 1457 2008 1525 animae,

431 1543 683 1610 corporis
709 1550 766 1599 et
797 1545 1047 1615 spiritus,
1074 1547 1142 1601 ad
1168 1547 1398 1618 gloriam
1437 1548 1680 1605 nominis
1704 1547 1787 1602 tui
1812 1550 2006 1618 sancti,

428 1631 498 1686 ad
520 1633 839 1690 societatem
861 1636 1078 1694 beatam
1104 1638 1230 1694 vita;
1254 1649 1495 1702 aeternae,
1527 1651 1583 1698 et
1610 1644 2006 1716 incorruptibi-

426 1720 518 1787 lis,
542 1730 599 1777 et
636 1724 705 1779 ad
734 1726 1113 1782 remissionem
1139 1737 1513 1799 peccatorum.

496 1813 753 1886 Populus.
776 1817 931 1874 Sicut
958 1829 1096 1887 erat,
1119 1830 1228 1878 etc.

496 1900 776 1959 Sacerdos.
816 1906 887 1962 Ut
929 1907 986 1962 in
1015 1908 1122 1964 hoc
1163 1909 1309 1965 sicut
1336 1918 1392 1966 et
1430 1911 1487 1967 in
1537 1915 1794 1973 omnibus
1839 1917 2007 1973 rebus

422 1991 789 2063 gloriﬁcetur,
831 1995 1193 2054 benedicatur
1219 2007 1276 2055 et
1302 2003 1594 2059 extollatur
1620 2020 1820 2062 nomen
1851 2016 2005 2063 tuum

421 2098 681 2154 magnum
707 2126 721 2152 ,
778 2089 1187 2145 sanctissimum
1216 2132 1230 2157 ,
1274 2096 1649 2151 venerandum
1678 2108 1735 2154 et
1772 2100 2003 2157 benedi-

420 2180 594 2240 ctum,
619 2189 744 2230 cum
771 2176 900 2236 Jesu
931 2178 1169 2247 Christo,
1194 2181 1332 2239 Filio
1356 2190 1449 2238 tuo
1475 2185 1695 2254 dilecto,
1718 2196 1773 2244 et
1795 2189 2003 2261 Spiritu

420 2271 633 2322 sancto.

489 2354 770 2415 Sacerdos.
796 2362 909 2416 Pax
934 2378 1211 2421 omnibus.

488 2447 743 2521 Populus.
774 2452 843 2508 Et
871 2468 994 2509 cum
1023 2456 1219 2526 spiritu
1248 2466 1361 2513 tuo.

491 2538 772 2597 Sacerdos.
802 2543 1007 2601 Iterum
1030 2548 1235 2618 gratias
1256 2565 1482 2620 agamus
1512 2552 1625 2608 Deo
1655 2553 2002 2625 omnipoten—

416 2628 484 2696 ti,
507 2637 615 2687 etc.

485 2720 710 2795 Reliqua
736 2729 961 2797 petenda
993 2738 1119 2785 sunt
1156 2748 1219 2786 ea:
1252 2732 1495 2805 Liturgia
1530 2734 1745 2789 Basilii.

709 2884 895 2941 Oratio
930 2888 1203 2959 fractionis
1229 2890 1299 2945 ad
1328 2891 1542 2946 Patrem
1565 2891 1698 2964 (l5).

485 3017 632 3075 Deus
659 3018 756 3089 qui
789 3021 1116 3093 pmelegisti
1148 3039 1250 3079 nos
1280 3025 1347 3080 ad
1382 3026 1702 3097 dignitatem
1738 3029 1994 3095 ﬁliorum,

410 3126 513 3180 per
534 3111 719 3167 Iesum
756 3112 1039 3169 Christum
1072 3118 1363 3172 Dominum
1397 3128 1671 3186 nostrum,
1700 3139 1798 3192 per
1827 3125 1997 3181 bene-

2119 646 2445 716 corporibus
2466 657 2524 702 et
2546 647 2833 717 spiritibus
2858 650 3092 716 nostris;
3117 650 3210 719 qui
3228 659 3313 704 est
3332 664 3533 718 corpus
3557 662 3685 703 san-

2116 742 2265 788 ctum
2299 744 2355 789 et
2384 736 2604 807 sanguis
2638 737 2913 806 pretiosus
2948 734 3150 793 Christi
3173 738 3250 792 tui
3281 755 3293 791 :
3322 752 3433 791 non
3459 736 3526 791 ad
3550 751 3685 791 con-

2115 824 2543 891 demnationem,
2591 836 2687 881 aut
2729 827 2804 881 ita
2838 834 2899 880 ut
2936 828 3240 883 incidamus
3284 830 3340 883 in
3383 827 3680 898 judicium;

2114 930 2293 985 neque
2330 916 2397 970 ad
2426 917 2801 971 confusionem
2821 958 2834 981 ,
2861 924 2954 971 aut
2982 917 3049 971 ad
3076 916 3263 972 ﬁctum
3297 924 3523 987 propter
3550 916 3686 971 deli-

2114 1018 2199 1061 cta
2238 1015 2442 1072 nostra,
2492 1014 2553 1061 ut
2587 1024 2696 1063 non
2724 1008 2944 1078 indigne
2988 1008 3096 1063 illis
3124 1008 3609 1072 communieemus,
3631 1015 3686 1061 et

2111 1105 2338 1165 propter
2372 1097 2463 1151 illa
2490 1098 2569 1152 rei
2595 1113 2705 1152 non
2729 1098 2922 1153 ﬁamus
2948 1116 2961 1152 :
2996 1113 3176 1168 neque
3202 1098 3496 1152 multitudo
3520 1098 3687 1152 bene-

2113 1186 2361 1243 ficiorum
2390 1198 2630 1256 tuorum,
2657 1190 2904 1255 Domine,
2931 1206 3092 1245 causa
3116 1190 3187 1246 sit
3214 1190 3375 1244 nobis
3421 1188 3688 1259 gravioris

2111 1288 2167 1333 et
2195 1281 2416 1351 majoris
2450 1281 2663 1352 judicii,
2697 1282 2743 1337 si
2772 1297 2899 1352 erga
2928 1289 2980 1336 te
3020 1281 3214 1351 ingrati
3247 1296 3467 1345 sumus,
3510 1280 3685 1333 bono-

2112 1386 2234 1424 rum
2256 1380 2470 1427 auctor.
2504 1373 2705 1428 Verum
2729 1372 2931 1442 largire
2957 1372 3118 1427 nobis
3141 1371 3405 1441 Spiritum
3438 1378 3683 1424 sanctum

2110 1471 2289 1529 tuum,
2331 1471 2393 1518 ut
2439 1464 2701 1519 cordibus
2761 1464 2934 1534 puris,
2977 1472 3034 1518 et
3076 1461 3431 1518 conseientiis
3473 1460 3683 1522 nitidis,

2109 1553 2355 1625 facieque
2375 1557 2682 1622 ineonfusa,
2706 1556 2813 1612 ﬁde
2834 1572 2942 1611 non
2962 1557 3107 1622 ﬁcta,
3131 1555 3396 1611 charitate
3422 1552 3684 1624 perfecta,

2109 1653 2166 1700 et
2190 1660 2285 1716 spe
2312 1646 2488 1713 ﬁrma,
2515 1648 2817 1703 audeamus
2842 1664 2967 1703 cum
2995 1647 3195 1703 ﬁducia
3229 1661 3410 1709 orare,
3449 1642 3686 1699 dicendo

2109 1737 2671 1808 orationemisanctam
2693 1754 2854 1809 quam
2876 1738 3294 1794 dilectusFilius
3317 1743 3446 1791 tuus
3461 1734 3687 1790 tradidit

2107 1826 2471 1885 familiaribus
2497 1832 2633 1896 suis,
2671 1830 2875 1886 sanctis
2902 1829 3189 1900 discipulis
3214 1836 3271 1885 et
3308 1827 3570 1898 apostolis
3597 1826 3686 1881 di-

2107 1931 2239 1971 cens
2257 1917 2367 1972 illis
2387 1936 2399 1970 :
2418 1918 2864 1989 Quotiescunque
2886 1918 3098 1989 precari
3126 1916 3433 1981 volueritis,
3458 1922 3611 1970 orate
3628 1914 3684 1968 in

2106 2004 2257 2062 hunc
2307 2010 2531 2065 modum
2578 2019 2636 2065 et
2691 2010 2856 2065 dicite
2894 2011 3094 2066 :Pater
3147 2016 3336 2064 noster
3381 2007 3475 2079 qui
3521 2022 3583 2061 es
3625 2005 3683 2060 in

2105 2096 2277 2152 caelis.
3254 2112 3257 2117 ‘

2526 2228 2712 2284 Oratio
2749 2237 2864 2300 post
2896 2228 3063 2283 Pater
3097 2236 3292 2283 noster.

2175 2359 2452 2415 Sacerdos.
2483 2363 2760 2432 Rogamus
2801 2371 2875 2427 te,
2926 2365 3070 2419 Deus
3110 2365 3272 2418 Pater
3309 2363 3679 2433 omnipotens,

2102 2467 2169 2506 ne
2202 2468 2304 2507 nos
2352 2453 2578 2508 inducas
2632 2456 3091 2520 intentationem,
3148 2456 3244 2510 sed
3288 2455 3463 2509 libera
3505 2470 3608 2510 nos
3648 2469 3681 2511 ι

2101 2545 2245 2599 malo
2274 2563 2286 2598 :
2315 2545 2561 2600 actiones
2586 2545 2886 2602 diabolieas
2909 2562 2939 2601 a
2972 2548 3133 2601 nobis
3154 2562 3381 2602 remove
3412 2566 3424 2601 :
3453 2547 3681 2603 insidias

2101 2653 2199 2707 per
2225 2638 2453 2692 consilia
2480 2639 2858 2708 improborum
2895 2640 3176 2693 hominum
3199 2680 3214 2704 ,
3237 2655 3427 2695 omnes
3457 2639 3681 2695 inutiles

2100 2728 2271 2783 effice.
2303 2731 2533 2800 Protoge
2562 2746 2665 2784 nos
2708 2746 2926 2801 semper
2953 2731 3177 2786 dextera
3209 2740 3301 2785 tua
3342 2731 3678 2795 viviﬁcante,

2102 2828 2158 2873 tu
2187 2821 2281 2890 qui
2322 2837 2382 2875 es
2411 2822 2630 2891 adjutor
2658 2831 2866 2888 noster,
2896 2831 2951 2878 ct
2990 2823 3284 2877 auxiliator
3324 2833 3543 2888 noster,
3582 2839 3681 2894 per

2099 2910 2376 2966 Christum
2407 2911 2592 2967 Jesum
2624 2915 2915 2968 Dominum
2955 2923 3228 2980 nostrum,
3256 2915 3365 2982 cui,
3392 2924 3501 2972 etc.
3532 2900 3540 2905 ’

2420 3067 2605 3123 Oratio
2636 3069 2998 3124 inclinationis
3038 3072 3107 3125 ad
3133 3071 3365 3126 Patrem.

411 3203 676 3273 placitum
698 3207 997 3262 voluntatis
1016 3216 1144 3274 tuae,
1167 3210 1232 3264 ad
1255 3210 1480 3281 gloriam
1502 3222 1559 3267 et
1582 3214 1797 3268 laudem
1816 3220 1991 3286 gratim

2174 3201 2449 3257 Sacerdos.
2499 3204 2642 3258 Deus
2679 3204 2773 3273 qui
2819 3205 2894 3257 ita
2937 3220 3037 3259 nos
3066 3205 3342 3270 dilexisti,
3371 3205 3681 3277 dedistique

414 3302 542 3360 tuae,
572 3311 736 3366 quam
763 3297 991 3369 largitus
1014 3315 1073 3354 es
1095 3302 1255 3356 nobis
1278 3318 1376 3373 per
1399 3303 1658 3359 dilectum
1690 3315 1864 3373 tuum,
1898 3323 1996 3378 per

410 3402 577 3457 quem
616 3387 757 3443 facta
788 3397 873 3444 est
903 3392 1063 3446 nobis
1094 3392 1262 3459 salus,
1297 3403 1353 3448 et
1384 3410 1483 3464 per
1507 3398 1662 3467 cujus
1693 3398 1994 3466 pretiosum

411 3479 739 3550 sanguinem
793 3480 918 3537 data
955 3492 1039 3538 est
1082 3484 1245 3539 nobis
1289 3486 1543 3540 remissio
1595 3496 1991 3557 peccatorum:

410 3573 617 3640 gratias
635 3574 845 3644 agimus
868 3575 988 3641 tibi,
1008 3576 1256 3641 Domine,
1281 3578 1426 3632 Deus
1443 3580 1605 3633 Pater
1624 3581 1991 3650 omnipotens,

408 3665 556 3735 quod
588 3681 688 3721 nos
712 3665 910 3722 feceris
932 3668 1148 3739 dignos,
1185 3686 1283 3724 nos
1312 3680 1649 3739 peccatores,
1685 3673 1863 3728 standi
1899 3688 1993 3727 eo-

407 3770 524 3810 ram
559 3764 610 3809 te
641 3756 696 3812 in
715 3756 820 3811 hoc
849 3757 970 3812 loco
992 3770 1203 3822 sancto,
1239 3768 1294 3813 et
1322 3760 1641 3829 perﬁciendi
1668 3761 1991 3832 mysterium

409 3845 516 3900 hoc
538 3853 788 3901 sanetum
818 3855 874 3902 et
914 3849 1176 3905 cmleste:
1217 3853 1760 3921 utquemadmodum
1808 3854 1992 3910 fecisti

405 3952 510 3992 nos
530 3936 725 4008 dignos
746 3938 848 3993 ista
870 3939 1211 4010 perﬁciendi,
1239 3943 1311 3998 ita
1331 3945 1495 3997 etiam
1521 3944 1667 4014 digni
1693 3946 1994 4001 eﬁieiamur

405 4026 797 4084 communione
828 4039 885 4085 et
913 4034 1266 4103 perceptione
1314 4035 1557 4090 illorum.
1597 4036 1675 4090 Tu
1725 4038 1818 4107 qui
1860 4054 1992 4109 ape-

404 4118 569 4173 ruisti
608 4120 799 4173 oculos
853 4134 1147 4187 caecorum,
1193 4122 1345 4192 aperi
1379 4123 1569 4177 oculos
1611 4123 1863 4178 eordium
1887 4140 1993 4179 non

406 4217 672 4276 strorum,
703 4220 765 4265 ut
790 4211 1124 4281 repellamus
1148 4229 1176 4266 a
1198 4213 1358 4267 nobis
1380 4214 1634 4268 tenebras
1663 4231 1854 4269 omnes
1881 4232 1994 4272 ma-

403 4301 538 4355 litia:
561 4310 614 4356 et
642 4303 922 4373 nequitiae,
942 4320 1062 4373 qua-
1085 4305 1310 4359 maculae
1327 4305 1741 4359 similitudinem
1761 4307 1987 4361 habeat:

405 4402 466 4446 ut
497 4394 771 4462 possimus
804 4395 1054 4448 attollere
1080 4396 1270 4449 oculos
1297 4402 1516 4449 nostros
1548 4395 1615 4449 ad
1644 4398 1989 4466 splendorem

358 4489 364 4495 '
401 4484 588 4552 gloriae
616 4492 722 4540 tua;
752 4494 972 4541 sanctae.
997 4486 1176 4557 Atque
1204 4488 1346 4541 sicut
1372 4487 1644 4541 mundasti
1670 4488 1813 4542 labia
1840 4491 1986 4546 servi

2098 3295 2261 3349 nobis
2279 3295 2601 3365 dignitatem
2635 3295 2894 3360 ﬁliorum,
2922 3303 2984 3350 ut
3014 3296 3109 3349 ﬁlii
3143 3297 3237 3350 Dei
3279 3313 3601 3352 vocaremur
3623 3307 3681 3352 ct

2098 3401 2363 3449 essemus,
2403 3385 2651 3438 lueredes
2672 3386 2891 3455 quidem
2919 3387 3020 3451 tui,
3052 3386 3193 3440 Deus
3220 3388 3401 3452 Pater,
3432 3388 3677 3441 coluere-

2097 3475 2195 3529 des
2220 3483 2403 3529 autem
2439 3475 2644 3529 Christi
2682 3475 2797 3539 tui;
2846 3476 3045 3529 inclina
3082 3493 3245 3531 aures
3284 3488 3426 3535 tuas.
3456 3486 3514 3532 et
3545 3478 3675 3532 audi

2095 3583 2197 3621 nos
2224 3574 2526 3636 prostratos
2555 3582 2739 3620 coram
2775 3577 2825 3621 te
2856 3585 2869 3619 :
2912 3560 2967 3621 et
2994 3568 3225 3637 puriﬁca
3258 3568 3535 3622 hominem
3580 3584 3678 3622 no-

2097 3668 2271 3714 strum
2303 3659 2645 3723 interiorem,
2691 3660 2993 3713 secundum
3031 3660 3377 3715 sanctitatem
3423 3661 3545 3715 Filii
3594 3660 3676 3715 tui

2095 3749 2383 3820 unigeniti,
2425 3765 2585 3818 quem
2623 3749 2904 3819 suscipere
2939 3750 3124 3803 animo
3167 3749 3556 3819 designamus:
3590 3750 3677 3803 fu-

2096 3843 2354 3914 giantque
2394 3858 2424 3896 a
2454 3842 2615 3896 nobis
2646 3841 2953 3906 foruicatio,
2992 3852 3048 3897 et
3072 3841 3253 3896 omnis
3289 3843 3547 3912 cogitatio
3577 3842 3680 3895 im-

2095 3933 2320 3996 munda,
2347 3942 2573 4003 propter
2614 3935 2789 3987 Deum
2828 3933 2922 4003 qui
2953 3949 3021 3987 ex
3062 3934 3282 4003 Virgine
3319 3933 3503 4004 (natus
3531 3932 3671 4005 est):

2096 4027 2370 4097 gloriatio,
2413 4035 2469 4080 ct
2521 4027 2723 4080 malum
2759 4027 3046 4096 antiquum
3093 4027 3237 4095 quod
3273 4034 3358 4080 est
3396 4027 3673 4096 superbia,

2094 4126 2321 4189 propter
2343 4134 2470 4173 eum
2510 4119 2603 4188 qui
2634 4118 2945 4171 humiliavit
2972 4118 3328 4187 semetipsum
3354 4134 3452 4188 pro
3472 4117 3632 4171 nobis
3661 4130 3677 4171 :

2098 4211 2278 4274 timor,
2309 4218 2536 4280 propter
2562 4225 2685 4262 eum
2722 4210 2813 4279 qui
2842 4223 3034 4278 passus
3064 4217 3149 4262 est
3175 4208 3231 4261 in
3254 4223 3418 4262 carne
3450 4218 3674 4277 propter

2094 4318 2213 4367 nos,
2237 4311 2294 4357 et
2313 4304 2486 4358 erexit
2517 4302 2799 4357 victoriam
2827 4302 3039 4357 erucis:
3067 4317 3203 4356 vana
3229 4301 3425 4370 gloria,
3448 4307 3672 4369 propter

2093 4411 2217 4450 eum
2244 4395 2337 4463 qui
2379 4396 2703 4449 verberatus
2741 4404 2797 4449 et
2823 4393 3124 4463 ﬂagellatus
3159 4401 3244 4446 est
3286 4408 3383 4463 pro
3408 4392 3586 4455 nobis,
3614 4402 3670 4448 et

2093 4502 2203 4541 non
2253 4487 2449 4541 avertit
2480 4486 2674 4540 faciem
2711 4500 2865 4540 suam
2893 4500 2922 4537 a
2963 4484 3283 4537 confusione
3335 4494 3622 4552 sputorum
3655 4500 3670 4536 :

401 4574 483 4629 tui
511 4575 662 4631 Isaia!
688 4577 990 4647 prophetae,
1026 4555 1247 4648 quando
1287 4578 1575 4648 Seraphim
1610 4596 1754 4634 unus
1775 4582 1988 4651 accepit
2018 4555 2060 4611 θ
2096 4577 2325 4643 invidia,
2360 4578 2743 4644 homicidium,
2768 4577 3058 4641 dissensio,
3099 4586 3155 4631 et
3198 4577 3406 4641 odium;
3444 4584 3672 4647 propter

398 4667 612 4738 forcipe
636 4669 935 4725 carbonem
958 4671 1196 4740 desuper
1218 4671 1397 4734 altari,
1423 4671 1726 4725 etaceessit
1748 4671 1814 4725 ad
1832 4687 1982 4739 eum,

400 4756 650 4828 dixitque
681 4760 758 4813 Illi
789 4773 953 4815 :eece
988 4761 1165 4831 tetigit
1191 4761 1295 4816 hoc
1324 4761 1467 4815 labia
1500 4768 1611 4825 tua,
1645 4770 1699 4816 et
1727 4762 1984 4818 auferen-

398 4856 493 4904 tur
517 4850 838 4920 iniquitates
875 4860 1001 4918 tute,
1026 4860 1082 4906 et
1103 4853 1520 4909 mundabuntur
1550 4854 1982 4925 omnia.peccata

398 4948 514 5006 tua,
542 4942 615 4997 ita
632 4958 851 5014 quoque
875 4944 962 4999 fac
975 4960 1102 5015 erga
1126 4945 1375 5001 imbelles
1390 4954 1728 5016 peccatores,
1754 4947 1985 5003 miseros

398 5049 590 5090 servos
637 5043 782 5091 tuos.
824 5037 1060 5108 Dignare
1108 5038 1453 5093 sanctiﬁeare
1487 5039 1698 5095 animas
1741 5044 1980 5106 nostras,

397 5139 636 5196 corpora
670 5135 896 5195 nostra,
935 5128 1081 5184 labia
1113 5137 1169 5184 et
1188 5129 1353 5184 corda
1378 5138 1566 5185 nostra
1597 5148 1609 5183 :
1639 5138 1696 5185 et
1722 5130 1791 5184 da
1822 5130 1984 5185 nobis

386 5307 581 5381 ιε’-(15)
605 5308 714 5364 Ista
733 5319 791 5365 et
814 5319 1108 5381 sequentes
1132 5311 1442 5371 Orationes,
1480 5311 1715 5367 diversae
1747 5320 1878 5367 sunt
1910 5311 1979 5366 ab

405 5375 683 5450 illisqqure
712 5375 973 5450 leguntur
1018 5382 1076 5435 in
1119 5381 1307 5437 Grmeo
1335 5383 1525 5437 codice
1560 5400 1572 5435 :
1608 5382 1757 5450 quia,
1814 5390 1877 5436 ut
1925 5381 1980 5435 in

397 5447 640 5521 rubricis
670 5447 916 5516 notatur,
943 5460 1069 5521 post
1091 5452 1494 5506 invocationem
1545 5447 1782 5521 Spiritus
1810 5452 1984 5506 sancti

402 5517 619 5588 reliqua
642 5521 757 5588 peti
783 5517 1054 5591 jubentur
1069 5537 1136 5575 ex
1179 5521 1425 5591 Liturgia
1478 5517 1654 5576 sancti
1684 5522 1892 5576 Basilii.
1920 5521 1978 5577 In

397 5602 462 5640 ea
489 5591 849 5657 reperiuntur
870 5590 1120 5657 quaedam
1154 5591 1245 5645 isti
1303 5590 1540 5646 orationi
1590 5592 1877 5646 fractionis
1901 5591 1975 5647 si-

400 5658 588 5723 milia;
616 5660 735 5731 sed,
771 5669 831 5713 ut
853 5658 985 5731 alibi
1031 5662 1367 5731 monuimus,
1397 5662 1675 5715 orationes
1704 5663 1977 5731 quaedam,

401 5736 465 5799 ut
487 5738 618 5783 sunt
653 5730 760 5785 illae
784 5746 906 5799 qua:
932 5730 1195 5785 dicuntur
1224 5731 1293 5785 ad
1316 5730 1644 5786 fractionem
1672 5730 1885 5786 hostiae.
1912 5732 1979 5786 ad

400 5797 565 5852 Pater
600 5797 965 5861 nostrﬂetad
991 5801 1292 5870 gratiarum
1325 5802 1618 5863 actionem,
1644 5802 1983 5871 multiplices

401 5879 533 5925 sunt
562 5879 620 5926 et
652 5871 838 5936 variae,
886 5871 1257 5942 dicunturquc
1307 5887 1415 5926 una
1448 5872 1530 5926 vel
1559 5873 1744 5944 plures
1790 5871 1857 5926 ad
1890 5887 1981 5926 sa-

2093 4686 2292 4741 aguum
2339 4671 2437 4725 Dei
2468 4671 2561 4741 qui
2609 4671 2839 4726 abstulit
2868 4680 3155 4741 peceatum
3188 4669 3379 4724 mundi
3418 4687 3431 4723 :
3472 4670 3572 4732 ira,
3618 4678 3675 4723 et

2091 4764 2418 4836 injuriarum
2443 4764 2774 4827 recordatio,
2811 4772 3037 4834 propter
3057 4779 3184 4817 eum
3202 4762 3295 4835 qui
3330 4761 3498 4817 aﬁixit
3520 4763 3672 4816 cruci

2091 4855 2517 4925 chirographum
2542 4862 2898 4924 peccatorum
2931 4863 3270 4908 nostrorum.
3306 4853 3534 4923 Fugiant
3558 4852 3671 4905 da:-

2074 4942 2283 5000 lmones
2320 4954 2376 5000 et
2408 4945 2683 5011 diabolus,
2713 4954 2941 5016 propter
2977 4960 3102 4999 eum
3133 4945 3225 5014 qui
3253 4944 3531 5014 principes
3551 4958 3670 4996 ma-

2090 5039 2222 5095 litiae
2246 5039 2479 5110 disjceit,
2501 5048 2558 5093 et
2584 5048 2884 5110 potestates
2901 5040 3251 5095 tenebrarum
3276 5036 3454 5106 palam
3473 5036 3669 5089 trium—

2090 5130 2299 5201 phavit.
2319 5129 2523 5185 Omnes
2548 5131 2908 5201 cogitationes
2934 5130 3105 5184 malas
3124 5138 3179 5184 et
3204 5136 3452 5181 terrenas
3474 5126 3668 5196 procul

2086 5311 2329 5366 cerdotis
2362 5311 2677 5366 arbitrium.
2711 5309 2923 5365 Sufﬁcit
2950 5309 3098 5379 quod
3120 5307 3368 5379 omnium
3392 5307 3666 5379 sententia

2084 5382 2279 5435 eadem
2312 5382 2403 5436 sit.
2432 5382 2489 5436 In
2519 5382 2622 5435 ista
2658 5381 2866 5434 mentio
2896 5377 2984 5434 est
3022 5377 3360 5447 metaphora:
3416 5378 3668 5432 usitatis-

2088 5450 2241 5506 simae
2272 5452 2416 5521 apud
2465 5450 2772 5505 Orientales
2804 5458 2861 5505 et
2894 5449 3112 5521 Grrecos
3157 5450 3307 5519 ipsos
3358 5448 3663 5503 secundum

2087 5536 2251 5590 quam
2273 5520 2470 5577 vocare
2503 5522 2682 5575 solent
2717 5535 2920 5590 corpus
2947 5520 3153 5574 Christi
3202 5525 3257 5573 in
3292 5527 3660 5590 sacramento,

2082 5586 2380 5646 carbonem
2414 5590 2600 5645 vivum
2626 5591 2681 5644 in
2705 5586 2859 5645 lsaiz'e
2883 5590 3097 5645 visione
3114 5590 3481 5646 designatum.
3507 5586 3661 5642 Unde

2081 5662 2339 5731 cochlcar
2363 5676 2475 5731 quo
2491 5660 2807 5715 communio
2834 5661 3065 5716 intincta
3088 5656 3445 5716 distribuitur
3491 5656 3662 5720 Aa6t;

2082 5747 2177 5784 seu
2198 5730 2418 5801 forceps
2441 5731 2495 5784 in
2526 5731 2841 5785 Ritualibus
2866 5731 3069 5786 Griecis
3085 5731 3414 5801 appellatur.

2154 5796 2400 5872 Reliqua:
2429 5801 2596 5872 hujus
2619 5802 2881 5871 Liturgia:
2899 5812 3083 5871 partes
3100 5796 3238 5856 nihil
3266 5799 3491 5863 habent,
3511 5796 3656 5867 quod

2079 5870 2212 5925 alibi
2231 5870 2564 5941 explicatum
2591 5885 2700 5927 non
2725 5870 2913 5928 fuerit.
