4076 6438
547 371 687 430 1307
1805 389 2136 448 LITURGIA
2171 393 2226 449 S.
2267 395 2560 456 CYRILLI.

543 488 857 558 rejiciamus
899 507 930 546 a
971 493 1151 556 nobis,
1188 509 1413 567 propter
1445 515 1570 555 eum
1623 502 1717 573 qui
1755 507 2004 562 ascendit
2046 511 2114 565 ad
2146 523 2188 576 Α

540 581 726 645 cmlos,
759 591 820 636 ut
859 583 932 637 ita
956 586 1333 654 puriﬁcemur,
1373 599 1429 644 et
1451 593 1820 663 percipiamus
1848 597 1962 652 hare
1994 615 2114 671 my-

537 670 702 723 steria
740 687 897 740 pura,
935 683 991 727 et
1026 676 1266 744 perfecte
1302 679 1573 748 puriﬁcati
1608 683 1781 739 simus
1820 686 1875 740 in
1905 670 2114 743 anima-

537 761 674 822 bus,
730 765 1088 832 corporibus,
1152 779 1209 821 et
1260 770 1552 838 spiritibus
1601 776 1842 832 nostris:
1875 778 2013 834 adeo
2056 789 2116 835 ut

536 850 830 920 participes
861 854 1034 910 simus
1064 860 1334 927 corporis,
1368 861 1512 918 sicut
1532 873 1589 919 et
1613 865 1824 933 formm,
1858 879 1914 924 et
1945 872 2115 941 partis

3647 429 3760 488 1508

2535 517 2660 571 Alia
2696 522 2869 574 oratio
2893 525 3198 592 gratiarum
3238 533 3470 585 actionis.

2291 624 2540 694 Respice,
2572 629 2820 693 Domine,
2865 631 2932 685 ad
2974 632 3107 688 istos
3133 650 3321 691 servos
3357 647 3474 694 tuos
3503 645 3590 710 qui
3632 647 3763 704 incli-

2216 726 2351 768 nant
2377 717 2555 786 capita
2595 734 2691 774 sua
2719 735 2901 775 coram
2935 723 3111 792 gloria
3158 735 3250 782 tua
3285 741 3467 784 sancta
3509 750 3520 786 :
3549 741 3762 797 concede

2216 805 2325 859 illis
2349 808 2759 866 remisssionem
2791 826 3145 882 peccatorum
3182 834 3433 886 suorum,
3464 823 3681 882 benedic
3707 832 3762 885 il-

534 938 738 996 Cltristi
769 945 869 1009 tui,
897 956 1005 1001 etc.

847 1141 967 1196 Alia
1003 1148 1173 1200 oratio
1203 1151 1506 1217 gratiarum
1533 1154 1772 1208 actionis.

601 1312 775 1379 Quam
797 1315 1236 1375 benedictionem
1256 1333 1351 1377 aut
1374 1340 1537 1394 quam
1564 1327 1800 1395 laudem,
1828 1340 1922 1386 aut
1942 1348 2106 1403 quam

531 1404 831 1472 gratiarum
879 1409 1148 1464 actionem
1208 1427 1498 1480 possumus
1551 1419 1854 1476 retribuere
1896 1425 2027 1491 tibi,
2072 1441 2106 1481 ο

531 1494 676 1549 Deus
696 1506 906 1551 amator
940 1499 1242 1567 hominum,
1278 1505 1422 1574 quod
1447 1523 1572 1562 cum
1601 1525 1847 1568 essemus
1875 1517 2103 1587 projecti

533 1601 630 1653 per
657 1586 928 1657 judicium
958 1592 1172 1656 mortis,
1213 1593 1558 1666 demersique
1586 1598 1641 1652 in
1673 1601 1949 1670 prorundo
1972 1586 2103 1675 pec-

531 1676 659 1740 cati,
706 1679 1027 1735 concessisti
1075 1684 1235 1740 nobis
1275 1686 1624 1754 libertatem,
1671 1692 2008 1766 largitusque
2043 1714 2105 1754 es

529 1768 689 1824 nobis
715 1771 864 1826 hunc
891 1773 1075 1828 cibum
1104 1776 1468 1835 immortalem
1492 1791 1549 1836 et
1571 1785 1850 1841 caelestem
1879 1807 1892 1842 :
1925 1791 2102 1844 mani-

528 1858 847 1932 festastique
882 1866 1041 1922 nobis
1077 1869 1181 1923 hoc
1228 1875 1572 1942 mysterium,
1610 1893 1838 1946 prorsus
1875 1883 2106 1938 abscon-
2139 1871 2177 1926 Β

528 1950 703 2005 ditum
731 1958 992 2013 aszeculis
1013 1971 1068 2014 et
1087 1965 1554 2033 generationibus,
1585 1980 1646 2024 ut
1668 1985 1927 2042 appareat
1956 1992 2104 2031 nunc

525 2039 921 2110 principatibus
946 2056 1000 2102 et
1033 2052 1398 2117 potestatibus
1425 2039 1755 2115 coelestibus
1769 2079 1835 2117 ex
1858 2064 2103 2122 Ecclesia

527 2128 807 2198 multiplex
842 2135 1106 2204 sapientia
1135 2148 1246 2196 tua.
1272 2144 1437 2210 Deus,
1458 2147 1552 2216 qui
1583 2164 1751 2220 opera
1782 2164 1968 2210 nostra
1999 2173 2101 2228 gu-

525 2218 724 2275 bernas
748 2239 846 2292 per
875 2228 1222 2298 sapientiam,
1268 2234 1515 2306 dignare,
1561 2251 1624 2297 ut
1666 2248 2101 2316 comprehenda-

525 2324 647 2364 mus
674 2312 816 2368 bauc
850 2316 1197 2377 clementiam
1221 2339 1490 2383 summam
1543 2339 1708 2399 tuam,
1741 2346 1795 2392 et
1827 2341 2100 2410 magnitu-

525 2400 707 2456 dinem
736 2415 977 2474 paternze
1030 2428 1157 2484 erga
1193 2431 1295 2471 nos
1328 2434 1472 2474 cura:
1497 2430 1602 2477 tua:
1638 2400 2102 2502 benignitatisque

526 2499 649 2548 tuae.
679 2495 817 2551 Vere
846 2508 902 2554 tu
925 2518 984 2557 es
1013 2506 1102 2560 cui
1137 2507 1369 2564 debetur
1395 2515 1574 2569 omnis
1592 2517 1783 2586 gloria,
1817 2523 2096 2592 majestas,

530 2585 1098 2663 honoretimperium,
1136 2608 1261 2655 ante
1286 2605 1469 2658 omnia
1497 2611 1716 2674 saecula,
1753 2611 1937 2679 Pater,
1976 2615 2100 2681 Fili,

521 2677 833 2752 etSpiritus
867 2697 1054 2743 sancte
1094 2707 1105 2742 :
1136 2707 1302 2759 nunc,
1355 2705 1462 2750 etc.

2213 895 2296 950 los
2336 900 2596 956 omnibus
2629 901 3110 963 benedictionibus
3144 909 3542 980 spiritualibus,
3585 928 3637 973 et
3678 939 3763 977 cu-

2212 987 2356 1041 stodi
2388 1004 2486 1045 eos
2511 991 2736 1048 dextera
2767 1003 2859 1050 tua
2880 998 3114 1066 potenti.
3135 1000 3411 1058 Conﬁrma
3445 1021 3538 1062 eos
3568 1007 3622 1062 in
3643 1009 3764 1065 dile-

2213 1077 2392 1134 ctione
2413 1089 2540 1148 tua;
2563 1082 2816 1154 imprime
2844 1088 3100 1144 timorem
3122 1100 3277 1146 tuum
3298 1095 3552 1152 cordibus
3573 1114 3763 1165 eorum;

2211 1171 2363 1239 aperi
2409 1174 2599 1230 oculos
2649 1178 2959 1234 animarum
3004 1182 3258 1251 illorum,
3309 1194 3369 1241 ut
3402 1187 3581 1244 luceat
3621 1205 3766 1259 super

2209 1263 2356 1333 ipsos
2384 1266 2570 1322 lumen
2596 1267 2902 1327 divinitatis
2932 1282 3038 1330 tua:
3063 1293 3076 1329 :
3107 1276 3320 1332 instrue
3346 1279 3468 1334 illos
3487 1280 3638 1336 donis
3663 1281 3769 1352 Spi-

2209 1353 2350 1409 ritus
2384 1356 2462 1410 tui
2489 1359 2662 1412 sancti
2697 1377 2710 1412 :
2741 1361 3025 1417 circumda
3055 1379 3152 1419 eos
3182 1377 3461 1422 armatura
3500 1375 3587 1423 tua
3629 1388 3641 1423 :
3679 1385 3764 1424 cu-

2151 1505 2169 1518 ,
2209 1445 2352 1500 stodi
2376 1461 2472 1501 eos
2507 1449 2609 1502 sub
2636 1450 2834 1508 umbra
2866 1452 3133 1510 bonitatis
3170 1465 3280 1512 tuae
3318 1475 3330 1511 :
3360 1458 3531 1514 libera
3575 1477 3664 1516 eos
3707 1461 3764 1516 ab

2207 1537 2467 1606 operibus
2522 1539 2680 1594 malis
2734 1541 2960 1607 diaboli,
3015 1553 3072 1598 et
3124 1555 3350 1600 contere
3405 1549 3584 1602 omnia
3619 1564 3764 1618 opera

2205 1627 2325 1696 ejus
2360 1627 2463 1681 sub
2496 1628 2734 1698 pedibus
2759 1631 2977 1686 illorum
3010 1634 3296 1690 velociter.
3327 1637 3405 1691 Da
3435 1637 3545 1692 illis
3574 1649 3630 1693 ut
3658 1655 3763 1709 per-

2206 1717 2390 1772 ﬁciant
2418 1731 2688 1791 praecepta
2725 1729 2816 1778 tua
2845 1734 3031 1780 sancta
3061 1743 3074 1778 :
3106 1727 3288 1782 insere
3315 1728 3424 1783 illis
3456 1728 3760 1785 desiderium

2204 1811 2476 1865 bonorum
2515 1821 2734 1867 tuorum
2783 1823 3116 1870 teter-norum
3153 1837 3165 1871 :
3207 1817 3389 1873 deduc
3441 1834 3536 1874 eos
3571 1835 3600 1874 a
3648 1835 3760 1890 pace

2208 1896 2264 1949 in
2292 1911 2482 1965 pacem
2517 1915 2530 1951 :
2565 1899 2765 1955 robora
2796 1917 2892 1957 eos
2929 1904 3268 1961 exercitibus
3303 1908 3615 1978 angelorum
3659 1918 3760 1963 tuo-

2210 2001 2333 2040 rum
2378 1996 2732 2044 sanctorum:
2762 1994 3024 2062 operibus
3061 2010 3325 2052 manuum
3370 1998 3582 2053 illorqu
3615 2000 3759 2054 bene-

2208 2077 2338 2132 dic:
2375 2078 2550 2150 dirige
2581 2096 2802 2137 omnem
2843 2086 3094 2141 semitam
3131 2103 3350 2154 eorum,
3377 2099 3434 2146 et
3469 2106 3591 2161 rege
3610 2091 3756 2145 vitam

2208 2169 2430 2224 illorum
2464 2187 2478 2224 :
2506 2171 2639 2242 jube
2677 2189 2799 2243 quae
2839 2175 2952 2232 illis
2984 2177 3128 2232 bona
3159 2188 3216 2234 et
3243 2181 3620 2236 convenientia
3647 2189 3758 2236 sunt

2211 2261 2549 2331 contingere,
2595 2273 2651 2318 et
2685 2273 2744 2320 ut
2787 2281 2908 2336 quae
2953 2267 3062 2324 illis
3109 2271 3430 2326 concredita
3468 2281 3591 2326 sunt
3635 2273 3754 2328 bene

2205 2361 2444 2419 vertant,
2495 2370 2705 2426 nosque
2747 2359 2910 2414 simul
2953 2377 3077 2416 cum
3111 2363 3244 2433 ipsis
3288 2365 3439 2436 digni
3485 2366 3754 2421 eiliciamur

2200 2441 2371 2510 gratia
2402 2451 2518 2509 tua,
2579 2454 2636 2500 et
2673 2448 2960 2503 mittamus
2985 2450 3053 2504 ad
3099 2461 3152 2506 tc
3193 2469 3418 2509 sursum
3456 2455 3637 2510 laudes
3678 2470 3750 2508 re-

2201 2531 2349 2598 gales
2384 2548 2504 2601 quae
2524 2537 2794 2606 majestati
2824 2551 2930 2594 tua;
2947 2541 3256 2611 debentur;
3281 2554 3337 2600 et
3364 2547 3594 2601 conccdc
3615 2546 3751 2599 nobis

2203 2629 2264 2675 ut
2318 2621 2663 2683 inveniamus
2703 2628 2958 2686 ﬁduciam
2993 2647 3177 2689 coram
3217 2643 3270 2692 te
3305 2653 3406 2707 per
3436 2635 3750 2693 intercessit»

2203 2727 2354 2780 nem,
2379 2723 2489 2770 etc.

1804 3597 1891 3653 EX
1904 3599 2120 3656 l‘LlClT
2158 3603 2518 3668 CYRILLUS.
