4076 6478
342 440 3602 517 ww

1611 651 1777 698 ANNO
1819 652 2043 698 DOMINI
2084 655 2321 701 CDXXXI
2360 678 2382 713 ι

1169 840 2806 1088 THEODOTUS

944 1228 1730 1350 ANCYRAN
1768 1238 1954 1352 US
2074 1242 2981 1369 EPISCOPUS

1728 1633 2238 1726 NOTITIA

1079 1822 1345 1884 (GALLAND.
1374 1825 1603 1879 Veterum
1625 1830 1834 1882 Patrum
1861 1827 2110 1891 Biblioth.,
2139 1836 2259 1884 tom.
2283 1834 2367 1895 1x,
2396 1835 2616 1901 Proleg.,
2640 1852 2688 1902 p.
2716 1841 2892 1904 xxvu.)

404 2130 446 2184 I.
485 2129 821 2196 Theodotus,
853 2132 1080 2201 Ancyrae
1111 2135 1167 2189 in
1196 2135 1404 2192 Galatia
1429 2138 1740 2209 cpiscopus,
1774 2140 1914 2196 male
1943 2143 1989 2202 Δ
2017 2142 2180 2198 dibus
2224 2145 2417 2213 ell‘ert,
2455 2161 2551 2202 eos
2593 2146 2875 2216 appellans
2922 2146 3184 2216 episcopos
3223 2151 3430 2197 sanctos
3463 2145 3602 2213 apti-

329 2221 620 2278 Cennadio
656 2222 731 2295 (a)
763 2234 821 2280 et
847 2225 1090 2282 Honorio
1119 2228 1190 2301 (ὁ)
1219 2229 1512 2286 Theodorus
1542 2242 1913 2303 nuncupatus,

329 2315 481 2371 inter
506 2333 680 2373 annos
705 2317 908 2374 Christi
949 2321 1054 2377 450
1096 2331 1151 2377 et
1188 2323 1294 2377 440
1338 2325 1539 2394 pietate
1569 2341 1633 2381 ac
1666 2327 1916 2382 doctrina

330 2411 679 2479 potissimum
713 2412 932 2467 claruit.
962 2412 1189 2469 Sanctus
1214 2416 1416 2470 dicitur
1447 2417 1757 2487 Sophronio
1787 2419 1917 2474 Hie-

332 2504 748 2574 rosolymitano,
777 2507 805 2558 ὁ
838 2506 897 2558 ὲν
927 2507 1102 2574 ἁγίοις
1134 2508 1407 2572 Θεόδοτος,
1439 2510 1493 2564 in
1523 2511 1778 2582 synodica
1803 2512 1920 2582 epi-

333 2596 476 2649 stola
503 2596 649 2665 apud
690 2597 947 2652 Photium
979 2598 1070 2669 (c).
1107 2599 1226 2666 Quo
1252 2611 1499 2671 tempore
1530 2603 1776 2658 fervebat
1804 2605 1909 2658 ha}-

332 2687 477 2741 resis
508 2687 867 2753 Nestoriana,
912 2689 1176 2761 Cyrillum
1224 2692 1653 2747 Alexandrinum
1699 2696 1919 2764 egregie

331 2779 564 2849 adjuvit,
595 2797 772 2851 eoque
798 2784 1021 2837 nomine
1051 2785 1223 2852 ipsius
1254 2785 1658 2855 συναγωνιστὴς
1692 2785 1793 2840 fuit
1821 2801 1918 2855 ap-

330 2870 568 2939 pellatus
600 2871 698 2942 (d).
730 2872 893 2927 Multa
923 2874 1222 2929 identidem
1249 2891 1435 2931 coram
1460 2877 1715 2933 Patribus
1740 2877 1921 2947 Ephe-

329 2961 473 3016 sinis
504 2960 868 3018 interlocutus
887 2966 1226 3035 compcritur
1256 2965 1361 3038 (e);
1388 2967 1484 3021 sed
1515 2968 1608 3022 illa
1642 2968 1697 3021 in
1726 2968 1921 3037 primis
1965 3008 1967 3012 ι

330 3053 595 3117 notanda,
624 3071 747 3124 quae
770 3056 1191 3112 advenientibus
1215 3058 1493 3127 Ephesum
1520 3060 1751 3114 Romani
1779 3076 1919 3130 pon-

330 3144 499 3201 tiﬁcis
525 3146 717 3217 legatis
746 3146 801 3201 in
824 3147 1109 3203 Coelestini
1129 3150 1348 3204 laudem
1367 3158 1452 3206 est
1480 3152 1811 3222 praelocutus
1833 3153 1918 3223 (fr.

330 3237 393 3294 In
422 3254 489 3295 eo
514 3240 821 3295 venerabili
842 3241 1205 3296 ducentorum
1227 3244 1449 3298 Patrum
1477 3254 1621 3300 coetu
1649 3251 1705 3299 et
1726 3246 1920 3315 quinto

331 3340 389 3386 et
411 3330 645 3401 septimo
662 3332 786 3386 Ioco
804 3333 1151 3403 subscriptus
1170 3333 1372 3404 legitur
1391 3333 1486 3406 (g).
1506 3336 1774 3390 Praeterea
1791 3351 1916 3390 cum

329 3432 543 3492 septem
572 3423 696 3479 aliis
715 3425 785 3480 ab
808 3425 1003 3480 eodem
1030 3427 1265 3481 concilio
1293 3426 1574 3498 delegatus
1595 3428 1920 3498 perhibetur

328 3517 400 3573 ad
432 3517 799 3587 imperatores
825 3518 1200 3574 Theodosium
1236 3529 1293 3575 et
1315 3520 1780 3585 Valentinianum,
1808 3537 1917 3591 quo

328 3608 596 3664 adversus
641 3608 950 3664 Orientales
989 3610 1393 3679 Ephesinorum
1427 3612 1652 3667 Patrum
1696 3628 1915 3668 causam

327 3711 519 3772 ageret
547 3701 645 3773 (Ιι).
689 3702 941 3758 Advertit
971 3702 1308 3772 chuienius
1340 3701 1422 3773 (ἱ),
1455 3719 1599 3759 anno
1639 3705 1745 3760 458
1777 3705 1916 3760 scri-

328 3794 508 3863 psisse
536 3794 866 3849 Alexandria
887 3794 1151 3866 Cyrillum
1180 3795 1247 3850 ad
1272 3792 1451 3865 ipsum
1477 3805 1533 3851 et
1560 3796 1625 3850 ad
1655 3796 1917 3851 Acacium

329 3885 745 3941 Melitcncnsem
783 3902 846 3941 ac
879 3887 1124 3941 Firmum
1167 3886 1559 3943 Caesariensem
1592 3888 1878 3957 epistolam
1902 3930 1916 3952 ,

328 3994 439 4048 qua
467 3978 758 4032 consilium
793 3979 863 4033 ab
894 3980 978 4033 eis
1008 3979 1235 4049 expetit,
1269 3978 1403 4048 quid
1436 3979 1581 4034 facto
1609 3995 1748 4049 opus
1776 3988 1921 4035 esset

328 4069 387 4121 in
419 4083 583 4123 causa
611 4068 890 4123 Theodori
919 4068 1309 4139 Mopsuesteni,
1339 4084 1503 4139 quem
1532 4068 1841 4125 Orientales
1865 4070 1920 4124 iu

330 4174 431 4213 sua
462 4160 673 4231 synodo
698 4159 1038 4215 Antiochena
1066 4161 1294 4215 minime
1325 4161 1698 4216 damnandum
1736 4161 1920 4217 decla-

330 4261 610 4307 raveram.
640 4253 796 4308 Haud
823 4260 1001 4308 exstat
1025 4253 1248 4323 quidem
1280 4253 1397 4309 haec
1416 4254 1645 4323 epistola
1674 4254 1728 4308 in
1751 4255 1919 4309 Joan-

327 4343 667 4399 nis'Auberti
687 4344 931 4400 editione
952 4359 1179 4415 operum
1198 4344 1655 4416 Cyrillianorum;
1678 4345 1774 4400 sed
1797 4360 1919 4400 eam

327 4434 622 4505 proferunt
666 4435 859 4490 Binius
902 4436 966 4507 (j)
1010 4443 1068 4491 et
1108 4436 1364 4491 Baluzius
1410 4435 1518 4508 (It);
1567 4437 1916 4507 incipitque:

328 4527 524 4582 Latere
560 4536 708 4583 tuam
755 4545 860 4583 non
900 4529 1134 4599 oportuit
1163 4529 1522 4583 sanctitatem.
1556 4529 1774 4585 Videsis
1814 4531 1919 4585 Fa—

327 4616 571 4671 bricium
609 4617 691 4689 (ι).
718 4617 966 4689 Denique
998 4618 1145 4672 idem
1175 4618 1406 4673 antistes
1438 4618 1838 4675 Alexandrinus
1863 4620 1921 4676 in

327 4710 685 4779 Apologctico
711 4710 779 4766 ad
802 4710 1174 4766 Theodosium
1199 4710 1502 4782 Augustum
1529 4709 1648 4781 (ιιι),
1670 4710 1923 4767 Theodo-

2019 2252 2264 2305 mumque
2292 2239 2345 2290 in
2378 2240 2547 2292 omnis
2575 2240 2778 2292 virtutis
2811 2253 2998 2308 genere
3028 2238 3381 2290 testimonium
3412 2237 3605 2290 haben-

2019 2336 2113 2395 tes,
2141 2331 2443 2385 divinarum
2477 2348 2681 2402 quoque
2715 2330 3111 2402 Scripturarum
3140 2332 3476 2402 peritissimos
3508 2349 3604 2401 ap-

2017 2424 2286 2492 primeque
2316 2436 2529 2490 gnaros.
2565 2420 2776 2486 Quibus
2807 2419 2991 2474 verbis
3017 2418 3349 2487 colloquium
3396 2418 3449 2470 in
3484 2418 3601 2486 pri-

2018 2513 2123 2568 mis
2153 2513 2395 2582 respexit
2433 2512 2690 2583 Cyrillus,
2727 2510 2876 2581 quod
2918 2509 3236 2564 Theodotus
3274 2518 3330 2563 et
3370 2507 3603 2563 Aeacius

2019 2606 2264 2660 habuere
2290 2605 2359 2660 de
2388 2604 2495 2660 ﬁde
2524 2603 2793 2658 catholica
2819 2618 2944 2656 cum
2979 2600 3248 2665 Nestorio,
3282 2600 3339 2654 in
3379 2598 3602 2656 mucilii

2019 2696 2282 2766 Ephesini
2314 2696 2452 2751 actis
2480 2697 2712 2750 relatum
2744 2693 2844 2765 (η).
2877 2692 2996 2759 Quo
3021 2702 3205 2747 autem
3228 2706 3372 2746 anno
3402 2707 3471 2746 ex
3497 2691 3603 2745 hac

2017 2790 2130 2844 vita
2171 2789 2474 2844 decesserit
2499 2788 2837 2851 Theodotus,
2868 2785 3016 2841 haud
3044 2793 3129 2840 est
3157 2784 3382 2839 omnino
3410 2783 3601 2853 explo-

2019 2890 2221 2935 ratum.
2266 2880 2598 2949 Supremum
2639 2894 2771 2934 sane
2799 2878 2946 2933 diem
2975 2877 3192 2931 obierat
3222 2875 3430 2929 dudum
3475 2881 3605 2929 ante

2018 2988 2226 3027 annum
2272 2972 2411 3035 446,
2456 2986 2567 3041 quo
2613 2970 2843 3025 Proclus
2886 2966 3526 3035 Coustantiuopolitanus
3571 2978 3604 3019 e

2021 3064 2158 3120 vivis
2172 3063 2427 3126 excessit,
2451 3071 2512 3117 ut
2533 3061 2713 3131 arguit
2728 3060 2983 3115 laudatus
2999 3056 3335 3128 Lequienius
3355 3054 3450 3127 (a).
3467 3054 3605 3109 Nam

2019 3157 2312 3219 Eusebius,
2336 3154 2607 3209 Theodoti
2639 3165 2944 3215 successor,
2975 3165 3101 3204 cum
3128 3148 3269 3202 forte
3294 3143 3606 3202 Constanti-

2019 3248 2205 3318 n0poli
2227 3252 2435 3315 ageret,
2459 3259 2519 3299 se
2550 3242 2862 3299 ordinatum
2904 3255 2935 3292 a
2958 3239 3124 3293 beato
3152 3234 3348 3290 Proclo
3376 3240 3607 3287 testatus

2017 3350 2102 3396 est
2135 3341 2191 3394 in
2221 3337 2458 3395 concilio
2481 3333 2915 3390 Chalcedonensi
2955 3327 3030 3399 (p)
3079 3345 3092 3380 :
3120 3326 3232 3380 Καὶ
3263 3325 3603 3395 ἐχειροτονή-

2021 3434 2121 3502 οην
2150 3429 2302 3500 παρὰ
2335 3426 2430 3480 τοῦ
2464 3423 2734 3496 μακαρίου
2768 3421 3033 3492 Πρόκλου.

2093 3523 2157 3577 II.
2192 3519 2489 3590 Complura
2532 3515 2754 3585 scripsit
2784 3511 3125 3575 Theodotus,
3171 3522 3408 3578 quorum
3454 3502 3602 3558 iudi-

2022 3616 2169 3671 cium
2192 3612 2392 3683 partim
2418 3626 2487 3665 ex
2511 3609 2685 3679 ipsius
2708 3603 3021 3661 testimonio
3040 3601 3139 3673 (ιι),
3156 3600 3355 3671 partim
3375 3614 3443 3653 ex
3467 3596 3604 3650 actis

2020 3705 2313 3776 Ephesinis
2338 3700 2433 3774 (ι’),
2458 3700 2659 3771 partim
2687 3714 2754 3753 ex
2779 3696 3088 3767 Epiphanio
3113 3693 3345 3748 diacono
3378 3690 3432 3744 in
3466 3687 3605 3776 actis

2020 3775 2241 3853 concilii
2266 3794 2473 3850 Nicaeni
2498 3808 2535 3846 ιι
2564 3790 2630 3863 (δ)
2647 3790 2713 3844 ad
2751 3803 2852 3843 nos
2871 3801 3045 3856 usque
3074 3781 3346 3854 pervenit.
3372 3775 3605 3872 Aliunde

2022 3898 2207 3943 tamen
2234 3885 2510 3947 novimus,
2535 3882 2639 3937 alia
2665 3894 2886 3951 quoque
2913 3876 3177 3931 nonnulla
3203 3873 3404 3928 litteris
3427 3869 3608 3926 consi-

2021 3997 2217 4055 gnasse
2258 3979 2629 4040 Theodotum,
2662 3982 2865 4045 praeter
2892 3986 2957 4025 ea
2982 3984 3107 4040 quae
3134 3983 3202 4022 ex
3229 3964 3365 4020 locis
3392 3963 3604 4055 indica-

2024 4077 2094 4132 tis
2125 4080 2418 4130 eruuntur.
2455 4070 2807 4138 Quaecunque
2839 4080 2971 4121 vero
2999 4062 3182 4117 adhuc
3207 4063 3489 4127 superant,
3517 4054 3606 4109 (11-

2022 4170 2257 4239 ligenter
2283 4164 2605 4235 collegimus
2637 4170 2802 4231 atque
2840 4159 2931 4213 hic
2960 4156 3237 4220 sistimus;
3265 4153 3333 4207 de
3369 4150 3602 4221 quibus,

2022 4268 2189 4330 prout
2236 4258 2427 4313 eadem
2477 4254 2836 4325 digessimus,
2887 4248 3077 4319 paucis
3119 4261 3268 4300 nunc
3310 4240 3602 4312 agendum.

2023 4349 2268 4404 Primum
2305 4347 2471 4419 igitur
2503 4343 2897 4414 Expositionem
2938 4337 3272 4408 proferimus
3308 4336 3363 4387 in
3400 4332 3608 4403 symbo-

2025 4441 2135 4493 lum
2161 4438 2454 4501 Nicwnum,
2477 4436 2711 4490 diacono
2741 4431 3050 4502 Epiphanio
3076 4426 3319 4482 secundo
3337 4427 3458 4479 loco
3488 4438 3604 4476 mc-

2022 4538 2288 4587 moratam
2308 4570 2322 4595 ,
2355 4528 2452 4601 τὴν
2484 4526 2781 4598 ἑρμηνείαν
2830 4525 2931 4594 τὴν
2965 4524 3046 4586 εἰς
3092 4521 3153 4573 τὸ
3198 4517 3466 4589 σύμϐολον
3498 4516 3608 4567 τῶν

2022 4627 2081 4679 ὲν
2112 4623 2319 4694 Νικαίᾳ
2337 4621 2507 4691 ἁγίων
2529 4619 2811 4690 Πατέρων.
2841 4616 3013 4683 Quam
3042 4613 3264 4684 quidem
3299 4608 3609 4680 Expositio—-

2021 4730 2149 4770 nem
2178 4730 2247 4770 ex
2274 4719 2493 4768 vetusto
2526 4725 2628 4764 ms.
2676 4708 2866 4763 codice
2909 4706 3261 4761 bibliotheca:
3292 4701 3608 4756 Barbcrinae

330 4806 449 4853 tum
471 4809 722 4855 nostrum
748 4807 805 4855 et
828 4800 1086 4857 Acacium
1110 4801 1521 4858 Melitencnsem
1548 4801 1777 4857 summis
1801 4802 1919 4858 lau-
1947 4828 1988 4886 ο
2024 4806 2237 4875 primus
2263 4800 2555 4872 descripsit
2581 4815 2647 4854 ac
2675 4799 2868 4854 Latine
2900 4796 3143 4853 reddidit
3174 4795 3352 4850 Lucas
3388 4794 3606 4848 Holste-

432 4953 484 5022 a)
510 4953 757 5009 Gennad.
799 4953 872 5008 De
898 4954 1006 5008 Vir.
1032 4953 1258 5014 illustr.,
1286 4969 1406 5024 cap.
1439 4954 1526 5024 55.

432 4954 484 5022 α)
510 4954 757 5009 Gennad.
799 4954 872 5008 De
898 4954 1006 5008 Vir.
1032 4954 1258 5014 illustr.,
1286 4969 1406 5024 cap.
1439 4954 1526 5008 55.

408 4954 479 5096 ξύ)
524 5024 731 5079 Ilonor.
757 5025 988 5096 August.
1032 5024 1110 5079 De
1148 5027 1329 5095 script.
1374 5023 1522 5089 εδει,
1570 5024 1667 5080 lib.
1710 5042 1767 5092 ιι,
1794 5042 1912 5096 cap.

405 5146 473 5289 if)
498 5168 660 5223 Phot.
700 5164 834 5249 Βιρι.
872 5164 997 5219 cod.
1029 5166 1155 5230 251,
1188 5181 1306 5235 pag.
1338 5163 1456 5219 890.
1550 5146 1555 5150 ’

405 5236 421 5289 (
464 5238 481 5289 l
514 5238 684 5289 Conc.
716 5238 922 5289 Meam.
953 5252 1013 5289 ιι.
1045 5244 1152 5289 act.
1192 5237 1245 5289 6.
1281 5251 1400 5289 nae.
1436 5235 1555 5289 1141

405 5235 481 5307 (d)
514 5238 684 5293 Cone.
716 5238 922 5307 Nicazn.
953 5252 1013 5299 ιι,
1045 5244 1152 5291 act.
1192 5237 1245 5301 6,
1280 5251 1400 5306 pag.
1436 5235 1594 5299 1141,
1632 5244 1765 5291 tom.
1800 5236 1917 5291 VIII

326 5300 530 5361 Cohc'il.
566 5308 700 5362 edit.
728 5306 1044 5363 Ven-Labb.

405 5375 475 5449 (εξ)
516 5377 687 5449 Cone.
716 5378 942 5449 Ephes.,
977 5386 1084 5432 act.
1116 5376 1167 5441 1,
1199 5385 1331 5431 tom.
1378 5376 1445 5432 III
1487 5377 1712 5443 Concil.,
1757 5392 1914 5449 pagg.

332 5443 491 5511 1000,
533 5448 690 5509 1008,
721 5443 878 5502 1057.

404 5516 468 5586 (f)
497 5517 636 5572 Ibid.
664 5527 772 5572 act.
809 5518 863 5579 2,
895 5533 1016 5586 pag.
1053 5517 1209 5571 1149.

404 5582 480 5725 $9;
518 5588 655 5641 Ibid.
695 5598 801 5642 act.
838 5582 1048 5656 πρὲις.
1082 5588 1186 5640 995
1214 5597 1269 5641 et
1304 5588 1460 5642 1077.

418 5659 458 5725 Ah
519 5658 656 5712 Ibid.
696 5666 802 5713 act.
841 5659 894 5721 6,
930 5673 1050 5725 pag.
1082 5658 1238 5712 1515.

427 5658 480 5725 Ιι)
519 5658 656 5712 Ibid.
696 5666 802 5713 act.
841 5659 894 5721 6,
930 5673 1050 5726 pag.
1082 5658 1238 5712 1515.

428 5728 465 5797 i)
501 5727 766 5799 Lequicn.
804 5727 894 5782 0r.
923 5727 1112 5799 Christ.
1144 5737 1275 5781 tom.
1309 5728 1351 5791 I,
1379 5745 1501 5799 pag.
1539 5729 1662 5781 464.

441 5799 475 5860 i)
504 5797 625 5853 Bin.
672 5798 868 5853 Concil.
905 5805 1035 5852 tom.
1066 5798 1132 5863 II,
1172 5809 1292 5867 part
1339 5797 1397 5865 ιι,
1432 5797 1552 5870 pag.
1591 5799 1677 5852 70.

2095 4961 2166 5031 (Ις)
2192 4960 2379 5042 Balua.
2408 4957 2635 5040 ϐοζιεὶι..
2668 4974 2794 5029 app.
2830 4974 2951 5083 pag:
2987 4957 3111 5012 917.
3254 5024 3263 5036 .

2095 5031 2155 5083 (ll
2188 5031 2406 5083 Fabric.
2435 5028 2573 5083 Bibl.
2607 5028 2699 5083 Gr.
2743 5038 2874 5083 tom.
2951 5027 3039 5083 III.
3073 5042 3196 5083 ωε.
3232 5025 3263 5079 5

2094 5023 2159 5175 ἓιὶ
2188 5031 2406 5085 Fabric.
2435 5028 2573 5083 Bibl.
2607 5023 2721 5085 Crf
2743 5023 2874 5083 tom.
2904 5023 3039 5090 VIII,
3073 5042 3207 5150 pain
3232 5023 3355 5079 585.

2122 5099 2193 5172 m)
2220 5100 2390 5155 Cone.
2431 5100 2659 5169 Ephes.,
2688 5106 2829 5168 part.
2876 5114 2953 5164 ιιι,
2986 5112 3108 5167 pag.
3177 5093 3299 5157 560,
3345 5099 3355 5144 ι

2122 5091 2193 5172 ut)
2220 5100 2390 5155 Cone.
2431 5100 2659 5169 Ephes.,
2688 5106 2829 5168 part.
2876 5114 2953 5164 ιιι,
2986 5091 3108 5167 pag.
3144 5091 3299 5157 1560,
3345 5099 3475 5145 tom.
3515 5091 3602 5153 Ill,

2021 5182 2151 5314 ωξη
2206 5241 2348 5296 Ibid.
2377 5248 2482 5295 act.
2514 5238 2567 5302 1,
2591 5254 2714 5310 pag.
2744 5237 2902 5294 1049.

2093 5239 2173 5455 1οξ
2206 5309 2643 5437 ἓωυὲῗηὸέίιιῗέ.
2707 5384 2815 5435 act.
2847 5377 2902 5433 16

2115 5402 2147 5452 p
2251 5397 2374 5437 οιιοι
2403 5422 2415 5435 .
2652 5418 2668 5445 ,

2093 5309 2169 5442 1:1
2707 5384 2815 5435 act.
2847 5377 2933 5440 16,
2970 5385 3102 5431 tom.
3127 5374 3197 5432 IV
3221 5373 3381 5431 σοιτσὶ

2020 5373 2168 5508 "9%)
2206 5373 2415 5437 Coricil.
2456 5380 2668 5445 Chalc.,
2707 5384 2815 5435 act.
2847 5377 2933 5440 16,
2970 5385 3102 5431 tom.
3127 5374 3197 5432 IV
3221 5373 3447 5439 Concil.,
3477 5390 3603 5444 pag.

2090 5468 2121 5508 ἱ)
2164 5494 2176 5507 .

2091 5522 2440 5657 (ᾳζτὴθοᾶοι.
2475 5520 2713 5589 Exposit.
2742 5519 2770 5589 §
2803 5519 2891 5581 24,
2918 5515 3079 5579 infra,
3103 5531 3239 5599 pag.
3264 5515 3387 5571 459.
3541 5584 3549 5595 _

2094 5595 2142 5655 (r
2209 5594 2377 5648 Cone.
2414 5591 2613 5657 Ephes.
2649 5598 2789 5657 part.
2838 5604 2916 5653 ιιι,
2955 5587 3156 5643 Cancri.
3207 5597 3339 5641 tom.
3377 5584 3466 5645 III,
3503 5599 3549 5635 Cl

2094 5584 2163 5657 (+3
2209 5594 2377 5648 Cone.
2414 5584 2613 5658 Ephe's.
2649 5584 2789 5660 part.
2838 5604 2916 5653 ιιι,
2955 5584 3156 5643 Concil.
3190 5584 3339 5641 'tom.
3377 5584 3466 5645 III,
3503 5584 3598 5638 cit.

2024 5660 2845 5737 itagg._1512._1529et1543A
2899 5728 2929 5737 Α
3038 5727 3071 5737 η
3135 5736 3140 5737 γ
3280 5725 3324 5737 ﬂ

2026 5724 2040 5734 ’
2096 5724 2343 5787 ἷὲιίῖιιιιο.
2376 5732 2653 5797 Nicaeum,
2679 5741 2782 5785 act.
2817 5730 2868 5790 (ἲ,
2890 5727 3090 5784 Concil.
3127 5736 3259 5783 tom.
3280 5724 3418 5789 VIII,
3448 5738 3601 5795 pagg.

2026 5805 2160 5867 1114
2187 5813 2241 5859 et
2272 5804 2427 5857 1493.
