4076 6490
570 454 699 509 1511

568 578 715 639 nius,
750 572 843 643 qui
875 578 1170 641 utrumque
1202 578 1515 625 contextum
1558 572 1774 625 erudita
1812 574 1931 642 ejus
1983 590 2145 628 manu

570 666 805 720 invicem
822 674 1220 733 comparatum,
1238 670 1364 716 nota
1391 663 1734 732 consignavit
1762 665 1889 717 anni
1914 665 2037 717 1651
2063 667 2147 735 (ε).

570 758 781 814 Prodiit
821 766 1002 811 autem
1049 754 1365 825 hujusmodi
1412 755 1740 823 opusculum
1784 756 1968 810 Roma:
2009 773 2153 811 anno

573 850 730 913 1669,
761 849 1027 903 Clementi
1057 846 1128 901 IX
1150 845 1397 916 pontiﬁci
1422 846 1659 900 maximo
1688 857 2060 917 nuncupatum
2083 848 2152 902 ab
2172 915 2184 926 .

571 938 1007 994 eminentissimo
1030 937 1325 990 Francisco
1349 936 1610 990 cardinali
1634 937 1933 992 Barberino
1959 957 1971 992 :
1994 937 2155 991 illud-

573 1046 680 1096 que
703 1029 962 1095 deinceps
982 1028 1304 1081 Franciscus
1324 1026 1689 1082 Combcﬁsius
1711 1044 1837 1083 cum
1865 1047 2002 1085 nova
2027 1047 2153 1085 vcr-

573 1122 729 1175 sione
764 1136 827 1174 ac
861 1119 1026 1183 notis,
1057 1119 1347 1188 subjuncta
1374 1136 1592 1190 quoque
1625 1119 1881 1175 Germani
1922 1122 2155 1191 patriar-

574 1213 692 1266 chae
727 1210 1315 1280 Constantinopolitani
1358 1211 1590 1265 Homilia
1636 1213 1690 1265 in
1742 1222 1944 1268 sanch
1975 1214 2155 1268 Maria

575 1303 983 1366 dormitionem,
1016 1302 1217 1357 iterum
1260 1302 1435 1357 edidit
1474 1304 1698 1358 Parisiis
1725 1320 1870 1359 anno
1913 1305 2069 1368 1675,
2099 1304 2151 1358 8.

576 1392 731 1448 Hanc
755 1408 884 1447 vero
907 1392 1204 1447 editionem
1225 1391 1701 1459 Combeﬁsianam,
1723 1411 1885 1465 quam
1907 1411 1974 1450 ne
1991 1396 2156 1451 Tille-

577 1483 819 1538 montius
848 1484 1068 1553 quidem
1094 1485 1231 1538 vidit
1258 1484 1358 1556 (τι),
1383 1486 1513 1540 licet
1537 1486 1700 1542 nobis
1727 1503 1942 1541 summo
1971 1488 2155 1544 studio

577 1574 961 1645 conquisitam,
992 1574 1137 1628 haud
1168 1582 1347 1629 tamen
1371 1576 1656 1645 acquirere
1678 1578 1835 1632 licuit
1864 1596 1876 1631 :
1911 1578 2156 1648 adeoque

578 1666 882 1720 Romanam
927 1665 1129 1719 alicubi
1167 1667 1491 1720 recensitam
1533 1668 1918 1737 nonnullisque
1951 1669 2159 1723 notulis

578 1756 840 1827 subjectis
868 1757 1021 1826 prelo
1051 1756 1445 1811 commisimus.
1481 1757 1717 1828 Conjicit
1744 1758 2027 1813 Fabricius
2061 1758 2155 1831 (υ),

578 1858 717 1913 Opus
754 1845 1101 1916 inscripsisse
1133 1845 1474 1901 Theodotum
1518 1847 1717 1914 Lauso,
1750 1864 1911 1919 quem
1959 1850 2017 1904 in
2048 1851 2155 1906 ﬁne

1679 456 2023 514 TlIEODOTl
2063 457 2366 516 EPlSCOPl
2416 454 2779 514 ANCYBANI.

3682 460 3794 515 13H

2182 583 2221 634 Λ
2253 576 2498 645 agnoscit
2525 573 2612 627 his
2640 571 2823 625 verbis
2851 570 2968 641 (d)?
2998 566 3252 624 ΟΥΚΕΤΙ
3286 564 3379 625 οὖν
3411 571 3545 642 μετὰ
3570 574 3661 645 τὴν
3691 582 3799 628 πεπλω-

2258 684 2342 718 σιν
2370 664 2502 717 Θεοῦ
2527 665 2661 734 πρὸς
2684 663 2967 732 ἄνθρωπον
2986 662 3116 715 ATU
3142 662 3517 716 ΠΡᾹΓΜΑΤΑ
3541 667 3800 736 νοήσαντες

2254 761 2303 811 οἱ
2332 756 2592 827 Πατὲρες,
2622 756 2845 817 εἰκότως
2869 753 3078 823 Ἰησοῦν
3106 754 3375 821 λέγοντες.
3400 756 3490 808 τὸν
3515 755 3641 808 Θεὸν
3654 759 3799 828 Λόγον

2256 846 2597 916 σημαίνουσι,
2622 848 2717 900 καὶ
2739 846 2881 900 κατὰ
2908 844 3003 898 τοῦ
3028 844 3278 913 θεολόγου
3309 848 3623 916 φράζοντες,
3655 850 3798 916 Λόγον

2253 936 2342 989 τὸν
2375 937 2671 1009 ὁρώμενον,
2706 936 2916 1007 Ἰησοῦν
2965 936 3390 1009 ἑρμηνεύουσιν*
3431 936 3524 992 ΟΥ
3555 941 3679 992 ΤΑΣ
3706 944 3782 995 ΦΥ

2254 1028 2403 1079 ΣΕΙΣ
2448 1028 2918 1093 ΣΥΓΧΕΟΝΤΕΣ,
2956 1026 3092 1079 ἀλλὰ
3141 1026 3429 1095 δηλοῦντες
3476 1028 3573 1097 τὴν
3617 1030 3787 1083 ἕνωσιν

2253 1111 2439 1166 Patres
2488 1115 2651 1183 igitur
2694 1121 2811 1184 post
2852 1115 3099 1167 unionem
3147 1113 3242 1167 Dei
3292 1115 3362 1167 ad
3396 1116 3677 1182 hominem,
3719 1134 3802 1171 Nox

2251 1217 2343 1255 aut
2382 1219 2603 1259 AHPLIUS
2638 1220 2768 1259 ουλε
2802 1218 2899 1258 nes
2946 1203 3300 1275 intelligentes
3321 1245 3335 1269 ,
3372 1207 3555 1259 merito
3594 1224 3701 1261 cum
3734 1209 3803 1262 Je-

2250 1312 2365 1348 sum
2398 1298 2595 1363 dicunt,
2640 1297 2808 1351 Deum
2854 1296 3079 1351 Verbum
3122 1297 3433 1368 designant;
3472 1306 3519 1350 et
3553 1302 3803 1355 secundum

2256 1385 2299 1439 Τ
2298 1386 2571 1458 heologum
2607 1387 2895 1459 loquentes,
2937 1389 3157 1443 Verbum
3190 1390 3327 1460 quod
3362 1389 3525 1445 oculis
3547 1392 3802 1457 videbatur,

2250 1476 2433 1532 Iesum
2473 1480 2892 1549 interpretantur
2931 1496 2948 1532 :
2987 1494 3091 1534 NON
3124 1496 3532 1536 CONFUNDENTES
3577 1498 3801 1550 Ninnius,

2253 1568 2345 1620 sed
2379 1570 2627 1622 unionem
2656 1569 3003 1623 ostendentes.
3031 1570 3173 1625 Ecce
3202 1569 3302 1623 tibi
3341 1570 3676 1627 Theodotum
3701 1589 3801 1627 san-

2254 1658 2359 1713 ctis
2384 1658 2641 1713 Patribus
2663 1660 3034 1715 adhaerentem
3071 1676 3175 1714 non
3208 1660 3637 1730 confundentibus
3670 1676 3802 1718 natu-

2258 1766 2366 1813 ras,
2400 1749 2647 1819 adeoque
2680 1749 2818 1805 duas
2843 1758 2899 1805 et
2926 1751 3104 1821 ipsum
3131 1760 3361 1807 naturas
3385 1753 3440 1807 in
3464 1752 3674 1809 Christo
3698 1772 3803 1824 pro-

2261 1840 2526 1895 ﬁtentem.
2558 1840 2628 1895 At
2658 1843 2805 1897 enim
2855 1841 3001 1897 idem
3051 1842 3374 1899 Theodotus
3420 1845 3580 1914 paulo
3615 1854 3726 1899 ante
3760 1846 3805 1900 in

578 1932 777 1988 blande
810 1934 1103 2003 compellat
1133 1933 1206 2005 (π)
1245 1935 1331 1990 his
1352 1935 1539 1990 verbis
1570 1924 1722 1999 usus,
1758 1937 1885 2007 φίλη
1920 1939 2147 2011 κεφαλή,

2256 1932 2476 1988 Christo
2516 1934 2616 1986 οὐκ
2664 1932 2852 1997 οὐσίας
2900 1933 3188 2007 διαφόρους
3242 1934 3589 1989 admittebat.
3636 1935 3799 1990 Audio.

577 2037 851 2093 quemque
873 2034 1139 2093 praeterea
1163 2024 1321 2079 initio
1340 2041 1370 2079 a
1391 2027 1593 2095 pietate
1614 2044 1677 2081 ac
1700 2028 1823 2083 ﬁdei
1849 2031 2157 2084 constantia

576 2114 874 2182 plurimum
892 2115 1240 2171 commendat
1264 2134 1276 2169 :
1300 2116 1480 2172 Lauso
1502 2118 1724 2188 inquam
1746 2119 1844 2185 illi,
1863 2121 1949 2177 cui
1969 2130 2157 2177 noster

576 2204 774 2274 pracsul
829 2204 1149 2276 Ancyranus
1203 2209 1542 2277 nuncupavit
1616 2208 1773 2265 libros
1829 2228 1922 2266 sea:
1973 2220 2157 2267 contra

575 2294 875 2349 Nestorium
909 2313 1059 2352 nunc
1101 2296 1436 2368 deperditos,
1474 2307 1534 2354 ut
1564 2310 1756 2356 auctor
1796 2312 1881 2358 est
1922 2304 2160 2374 Epipha-

575 2387 705 2442 nius
734 2388 773 2441 l.
803 2404 852 2443 c.

646 2496 735 2552 Ill.
784 2495 1074 2553 Celebrato
1115 2500 1225 2570 jam
1277 2503 1513 2557 concilio
1558 2505 1864 2574 Ephesino,
1912 2507 2159 2579 adeoque

575 2585 829 2642 Nestorio
877 2588 1163 2658 deposito,
1224 2590 1488 2646 adversus
1543 2593 1691 2648 hunc
1743 2596 2156 2652 heeresiareham

577 2679 839 2747 scriptum
882 2679 1196 2747 hujusmodi
1234 2696 1373 2749 opus
1417 2684 1669 2751 arguitur
1700 2700 1767 2739 ex
1807 2688 1977 2742 variis
2022 2689 2160 2745 locis

578 2766 717 2821 infra
748 2768 1004 2823 indicatis
1031 2767 1138 2839 (y);
1165 2770 1258 2823 ubi
1280 2770 1599 2828 Theodotus
1617 2775 1931 2830 Nestorium
1958 2778 2155 2847 ipsum,

576 2857 744 2911 etiam
792 2860 1015 2913 nomine
1063 2868 1252 2925 tenus,
1299 2863 1656 2932 aggreditur:
1702 2867 1805 2920 nisi
1852 2867 1994 2922 forte
2035 2870 2159 2939 quis

578 2950 735 3003 malit
777 2950 955 3005 eidem
997 2952 1149 3020 operi
1185 2968 1405 3007 manum
1445 2956 1758 3012 admovisse
1790 2959 2155 3027 Theodotum,

579 3039 712 3094 dum
746 3041 927 3095 adhuc
951 3042 1142 3097 Patres
1169 3044 1222 3096 in
1258 3046 1491 3100 concilio
1519 3050 1690 3101 coacti
1733 3052 2043 3108 manebant.
2069 3054 2159 3109 Sic

581 3131 728 3184 enim
754 3131 949 3186 scribit
979 3131 1048 3203 (κ)
1078 3151 1091 3186 :
1119 3134 1446 3206 Principium
1477 3154 1598 3207 ergo
1619 3138 1743 3207 ﬁdei
1769 3142 1831 3194 (le
1863 3141 2154 3213 Unigenito,

582 3221 691 3276 hare
730 3220 955 3276 Patrum
998 3226 1249 3293 expositio
1296 3235 1389 3280 est.
1425 3226 1553 3282 Cum
1598 3232 1751 3325 enim/
1786 3232 1848 3283 de
1884 3233 2157 3304 Unigcnito
2186 3269 2229 3325 ο

582 3312 870 3383 disquisilio
904 3315 966 3369 ab
1012 3316 1137 3386 ipsis
1170 3319 1553 3383 institueretur,
1589 3296 1880 3391 quocftunr
1913 3330 2158 3395 temporis

580 3405 760 3471 Arius,
809 3409 884 3461 uti
934 3425 1071 3463 NUNC
1112 3410 1444 3476 Nssronws;
1481 3412 1669 3465 idcirco
1702 3420 2001 3486 congregati
2037 3426 2161 3473 tunc

583 3499 832 3567 temporis
860 3496 1069 3563 Patres,
1095 3515 1162 3553 UT
1188 3515 1254 3553 ET
1274 3516 1431 3566 NUNC,
1453 3511 1556 3557 etc.
1592 3522 1603 3556 :
1631 3506 1722 3558 καὶ
1744 3507 1884 3568 τότε,
1908 3508 2159 3581 καθάπερ

581 3590 674 3641 καὶ
696 3588 810 3643 νῦν.
848 3588 960 3661 (Sic
987 3589 1133 3644 enim
1164 3590 1256 3645 hic
1286 3591 1595 3661 legendum,
1626 3608 1688 3651 ut
1717 3597 1853 3652 intra
1882 3599 1935 3653 in
1962 3603 2159 3657 erratis

581 3676 964 3747 advertimus.)
1011 3676 1118 3732 Sed
1155 3677 1289 3733 illud
1338 3680 1682 3749 potissimum
1717 3682 1771 3736 in
1823 3684 1929 3738 hoc
1974 3686 2160 3741 libello

579 3763 995 3827 attendendum,
1020 3764 1165 3833 quod
1189 3765 1243 3819 in
1264 3780 1331 3820 eo
1352 3782 1409 3821 se
1430 3767 1883 3824 animadvertisse
1911 3778 2066 3839 putat
2087 3771 2156 3826 cl.

581 3855 915 3925 Lequicnius
948 3855 1027 3911 sic
1068 3855 1323 3926 inquiens
1364 3856 1441 3929 (τι)
1490 3878 1502 3912 :
1546 3879 1563 3910 ‹
1617 3861 1932 3916 Theodotus
1974 3863 2030 3917 in
2061 3879 2159 3920 sua

582 3947 936 4015 Expositione
972 3947 1235 4003 adversus
1259 3950 1596 4015 Nestorium,
1631 3952 1862 4024 Eutychi
1901 3954 2158 4011 haeretico

582 4037 980 4104 quadamtenus
1018 4039 1327 4108 prtelusisse
1354 4040 1607 4103 videtur,
1640 4042 1883 4097 diversas
1925 4044 2061 4098 duas
2101 4047 2155 4099 in

579 4125 797 4181 Christo
810 4127 1128 4197 abnegando
1146 4138 1389 4192 naturas,
1405 4128 1503 4181 οὐκ
1521 4129 1704 4192 οὐσίας
1723 4131 2007 4202 eugepae;
2025 4134 2116 4203 (b).
2134 4153 2151 4184 ι

581 4216 706 4271 llaec
738 4218 850 4272 ille.
893 4218 1051 4273 Gravi
1101 4235 1231 4273 sane
1275 4235 1509 4277 censura
1557 4230 1778 4275 notatus
1828 4222 1917 4276 hic
1960 4225 2156 4292 praesul

578 4307 919 4380 Ancyranus.
946 4313 1013 4364 At
1036 4325 1187 4375 vero,
1214 4326 1324 4380 quo
1348 4322 1505 4381 pacto
1527 4312 1744 4368 demum
1772 4315 2000 4386 Eutychi
2022 4333 2158 4386 pra:-

580 4399 777 4455 tusisse
817 4401 1216 4455 existimandus
1259 4401 1608 4469 Theodotus,
1656 4404 1783 4473 qui,
1824 4415 1884 4460 ut
1926 4407 2158 4477 legimus

581 4490 725 4559 apud
770 4490 1026 4545 Photium
1060 4490 1149 4563 (ε),
1183 4494 1237 4546 in
1281 4494 1511 4563 epistola
1557 4497 1815 4565 synodica
1862 4497 2154 4569 Sephronii

583 4579 1059 4653 Hierosolymitani
1085 4594 1402 4638 recensetur
1424 4586 1566 4640 inter
1599 4588 1900 4659 przecipuos
1938 4601 2156 4647 sanctos

580 4674 788 4737 Patres,
818 4693 1041 4746 quorum
1075 4678 1370 4731 testimonia
1411 4679 1665 4750 duplicent
1701 4684 1755 4736 in
1800 4683 2003 4736 Christo
2042 4683 2151 4738 Deo

582 4774 759 4820 nostro
779 4767 1137 4836 Operationem
1159 4768 1513 4836 prwdicarunt
1533 4771 1556 4824 ?
1573 4770 1690 4837 Quo
1710 4781 1887 4842 pacto,
1908 4774 2152 4843 inquam,

581 4857 718 4913 duas
736 4859 790 4912 in
809 4858 1030 4912 Christo
1054 4867 1279 4913 naturas
1296 4859 1592 4931 abnegassc
1616 4863 1882 4917 dicendus
1901 4865 2153 4919 Theodo-

584 4958 693 5017 tus,
727 4950 820 5020 qui
851 4964 945 5004 eas
971 4957 1162 5005 contra
1202 4951 1255 5006 in
1281 4953 1387 5010 hoc
1410 4954 1644 5024 ipsemet
1680 4957 1944 5026 opusculo
1975 4959 2153 5028 palam

687 5316 726 5389 ι)
749 5316 976 5389 Tillem.
1008 5325 1137 5389 t_om_.
1165 5318 1304 5389 XIV,
1331 5336 1452 5389 pag.
1484 5319 1609 5375 252.
1637 5330 1752 5372 not.
1781 5322 1829 5373 1.

670 5386 718 5458 υ)
748 5385 960 5458 ξοωὶο.
1005 5386 1139 5458 Bibl.
1170 5388 1262 5442 Gr.
1300 5385 1429 5442 tom‘.
1466 5389 1559 5449 1X.
1596 5405 1714 5458 pag.
1743 5391 1867 5453 ‘270,
1907 5408 2057 5445 mnu.
2092 5394 2125 5447 4

670 5405 718 5454 υ)
750 5405 960 5442 ranrlc.
1005 5405 1139 5441 mm.
1170 5405 1262 5442 ur.
1300 5405 1429 5442 tom.
1466 5405 1559 5449 ιλ.
1612 5405 1714 5458 )ag.
1743 5405 1867 5453 2m,
1907 5408 1999 5444 nui

759 5455 1024 5529 :I’hcodot.
1057 5457 1304 5529 Exposit.
1338 5458 1363 5527 ς
1395 5460 1483 5521 24,
1524 5405 1684 5521 inllra,
1723 5476 1843 5529 pag.
1881 5461 2003 5514 459.

649 5524 721 5602 _(;_,)
759 5525 839 5579 ld.
880 5526 1016 5602 ibid:
1052 5524 1374 5602 §A1l_’,_infra",
1427 5544 1550 5602 pag.
1606 5524 1738 5594 450;
1793 5524 1939 5602 §lO,
1986 5532 2141 5597 iam,

577 5596 603 5662 ς
639 5572 723 5657 iis:
758 5572 1105 5719 ὲῖιέξᾎέἑῗς
1126 5572 1382 5667 ἶτῗίὲτὶξ.
1414 5572 1533 5651 tias.

653 5664 720 5719 (κ)
783 5665 835 5718 d.
865 5664 1000 5718 ibid.
1030 5664 1056 5719 8
1093 5666 1147 5719 9.
1182 5664 1339 5719 infra.
1372 5683 1488 5719 nan.
1520 5684 1533 5719 1.

653 5664 720 5793 ξπ)
758 5664 1000 5745 Ιᾱξίὶῄά.
1030 5664 1056 5733 §
1093 5666 1147 5730 9,
1182 5664 1488 5737 infrafpag.
1520 5666 1639 5721 450.

675 5735 727 5793 τι)
761 5734 1024 5793 Lequten.
1054 5736 1088 5787 I.
1117 5750 1166 5788 c.

654 5734 727 5802 (τι)
761 5734 1024 5801 Lequien.
1054 5736 1088 5787 I.
1117 5750 1166 5788 c.
1369 5734 1381 5736 ⁷
1443 5734 1461 5737 ⁷

650 5794 721 5865 (ιι)
758 5801 1025 5870 Theodot,
1060 5803 1298 5873 Ezposit.
1336 5810 1362 5872 ᾗ
1401 5805 1481 5870 10,
1514 5805 1672 5872 intra,
1706 5823 1825 5877 pag.
1867 5810 1989 5865 451.

647 5244 709 5375 $1)
742 5245 821 5299 Ex
845 5245 1038 5301 mouit.
1064 5248 1129 5302 ad
1155 5248 1344 5303 lector.
1370 5252 1501 5304 edit.
1536 5252 1689 5301 Rom.

672 5316 726 5375 τι)
762 5316 976 5372 Tillem.
1008 5325 1137 5371 tom.
1165 5318 1304 5375 XIV.
1331 5336 1452 5375 naa.
1484 5319 1609 5375 252.
1637 5336 1689 5372 η(

672 5333 687 5369 τ

2259 2024 2397 2091 Quid
2436 2034 2550 2080 tum
2594 2027 2816 2096 postea?
2852 2025 2931 2081 An
2960 2042 3094 2082 vero
3118 2027 3200 2082 sui
3236 2028 3424 2083 statim
3453 2029 3666 2092 oblitus,
3693 2045 3800 2083 con-

2260 2118 2421 2171 traria
2447 2118 2636 2186 paucis
2658 2117 2998 2189 interpositis
3020 2119 3308 2189 scripserit
3330 2120 3556 2191 Ancyra
3579 2121 3797 2181 antistes,

2259 2217 2320 2263 ut
2343 2210 2489 2280 quod
2518 2209 2591 2264 ibi
2614 2210 2776 2264 modo
2800 2210 3034 2280 negarit,
3058 2210 3148 2266 hic
3168 2225 3295 2265 mox
3319 2212 3649 2266 asseruerit?
3675 2210 3798 2265 [laud

2258 2309 2343 2354 est
2377 2316 2526 2364 sane,
2557 2300 2703 2370 quod
2731 2301 3018 2371 quisquam
3045 2301 3098 2356 id
3117 2303 3241 2372 jure
3268 2311 3508 2357 censeat.
3538 2302 3700 2356 Locus
3720 2303 3799 2355 ita.

2258 2406 2366 2460 que
2408 2391 2661 2461 superius
2694 2391 2972 2461 objectus,
3019 2407 3128 2446 non
3154 2393 3267 2461 jam
3300 2407 3369 2446 eo
3409 2408 3568 2447 sensu
3597 2407 3697 2463 quo
3722 2390 3801 2444 Le-

2260 2482 2535 2552 quienius,
2565 2482 2917 2553 accipiendus
2943 2482 3192 2548 videtur;
3224 2482 3323 2536 sed
3348 2499 3415 2537 eo
3438 2484 3621 2552 utique
3646 2497 3739 2552 quo
3757 2482 3798 2535 in

2258 2572 2567 2642 posteriore
2590 2572 2861 2628 sententia
2886 2572 3002 2642 ipse
3025 2572 3347 2628 Theodotus
3369 2574 3526 2639 dixit,
3548 2573 3712 2627 οὐκέτι
3728 2572 3801 2624 δύο

2261 2663 2579 2733 πράγματα.
2633 2663 2687 2717 id
2715 2672 2817 2729 est,
2850 2680 2952 2717 non
2977 2664 3099 2735 jam
3131 2664 3362 2735 amplius
3395 2665 3525 2720 duas
3557 2681 3632 2719 res
3654 2662 3800 2717 diver-

2260 2769 2347 2808 sas
2374 2769 2439 2808 ac
2467 2753 2773 2819 distinctas,
2799 2753 2914 2809 sive
2940 2753 3078 2808 duas
3100 2769 3367 2823 personas
3394 2755 3449 2809 in
3482 2754 3688 2810 Christo
3705 2764 3799 2805 esse

2258 2844 2641 2915 intelligendas
2669 2862 2680 2897 :
2711 2843 3027 2900 Nestorium
3056 2844 3320 2898 nimirum
3352 2857 3683 2915 oppugnaris;
3707 2838 3796 2909 qui.

2259 2946 2322 2991 ut
2349 2938 2534 2993 verbis
2575 2944 2698 2991 utar
2721 2937 2927 2992 Petavii
2969 2936 3075 3007 (e),
3120 2948 3380 3008 quartum
3424 2938 3479 2992 in
3519 2935 3798 2991 Trinitatem

2259 3029 2519 3084 invehere
2550 3029 2797 3093 studens,
2832 3028 2973 3083 duos
3004 3045 3063 3083 re
3091 3029 3206 3099 ipsa
3238 3037 3523 3099 separatos
3550 3043 3609 3082 ac
3629 3024 3799 3094 disjun-

2260 3131 2377 3174 ctos
2417 3135 2447 3173 a
2483 3135 2540 3175 se
2570 3126 2783 3185 mutuo,
2813 3119 2918 3174 hoc
2950 3128 3054 3185 est,
3086 3135 3352 3190 personas
3399 3119 3551 3183 duas,
3582 3118 3633 3171 in
3674 3113 3798 3169 Chri-

2260 3218 2345 3265 sto
2385 3211 2524 3264 clam
2558 3216 2615 3265 et
2660 3210 2891 3265 subdole
2936 3210 3288 3280 agnoscebat.
3331 3212 3450 3266 Jam
3480 3223 3606 3264 vero
3633 3215 3682 3261 et
3707 3205 3798 3273 ipse

2260 3301 2482 3370 quidem
2528 3301 2910 3356 Tillemontius
2951 3302 3005 3354 in
3030 3301 3322 3370 Lequienii
3357 3299 3668 3356 sententiam
3692 3309 3798 3366 pra:-

2259 3395 2435 3448 ivcrat
2467 3393 2559 3465 (f):
2592 3404 2668 3455 at,
2700 3394 2887 3447 libello
2908 3393 3170 3447 attentius
3194 3394 3461 3463 perlecto,
3480 3387 3730 3445 immerito
3746 3400 3798 3439 eo

2258 3485 2479 3539 nomine
2514 3483 2662 3553 carpi
2697 3484 3039 3538 Theodotum
3080 3483 3251 3553 probe
3280 3483 3564 3538 intellexit.
3596 3480 3795 3547 Quapm—

2259 3586 2381 3648 pter
2422 3576 2794 3647 amplissimus
2841 3575 3134 3631 cardinalis
3176 3575 3511 3630 Barbcrinus
3541 3574 3604 3627 de
3646 3569 3803 3638 hujus-

2259 3670 2405 3723 modi
2445 3669 2712 3724 Theodoti
2744 3683 2909 3738 opere
2952 3666 3118 3721 verba
3151 3665 3391 3732 faciens,
3429 3663 3557 3719 illud
3595 3676 3702 3718 esse
3727 3671 3799 3725 αρ·

2259 3763 2427 3832 prime
2471 3759 2845 3831 theologicam,
2880 3758 3228 3812 sincerissime
3272 3757 3637 3816 orthodoxam,
3678 3746 3794 3803 valde

2262 3852 2537 3905 laudatum
2573 3851 2851 3915 veteribus,
2877 3851 3001 3921 jure
3036 3850 3245 3919 optimo
3269 3847 3646 3918 pronuntiasse
3670 3838 3794 3895 intel«

2258 3944 2447 4013 ligitur
2478 3942 2573 4015 (g).

2329 4053 2416 4107 lV.
2439 4053 2844 4123 Expositionem
2867 4055 2919 4108 in
2938 4055 3244 4126 symbolum
3265 4055 3542 4111 Niceenum
3558 4044 3794 4116 excipiunt

2258 4144 2497 4198 homiliae
2530 4159 2642 4208 sex,
2688 4161 2919 4213 quarum
2955 4155 3065 4200 tres
3097 4146 3316 4215 priores
3354 4162 3420 4201 ex
3453 4144 3585 4198 actis
3613 4131 3793 4193 concilii

2259 4235 2517 4303 Ephesini
2544 4235 2950 4305 desumpsimus
2976 4236 3070 4306 (Ιι).
3099 4237 3302 4290 Harum
3329 4237 3503 4307 prima
3526 4243 3580 4288 ct
3600 4222 3795 4285 secunda

2257 4325 2312 4376 in
2350 4323 2487 4377 diem
2521 4323 2757 4377 natalem
2785 4322 3080 4379 Saluatoris
3109 4325 3330 4390 habitae,
3355 4332 3518 4393 atque
3552 4321 3605 4374 in
3637 4313 3795 4370 eodem

2257 4415 2491 4469 concilio
2521 4415 2675 4469 lecta:
2708 4415 2876 4470 fuisse
2916 4416 3191 4471 feruntur.
3225 4417 3292 4470 Et
3325 4416 3499 4487 prima
3528 4409 3726 4483 quidem
3753 4401 3795 4454 in

2257 4506 2451 4561 haeresi
2501 4507 2821 4562 Nestoriana
2858 4508 3219 4577 oppugnanda
3266 4516 3377 4563 tota
3423 4510 3679 4560 versatur.
3723 4493 3795 4548 Si»

2258 4597 2435 4652 cunda
2460 4613 2611 4661 vero.
2641 4601 2799 4669 cujus
2820 4599 2985 4652 etiam
3016 4600 3266 4654 meminit
3288 4599 3621 4670 Epiphanius
3647 4591 3796 4646 diaco‘

2259 4706 2362 4744 nus
2394 4691 2448 4745 in
2489 4691 2624 4744 actis
2652 4691 2867 4745 concilii
2895 4691 3097 4745 Nicaeni
3125 4708 3161 4746 ιι
3207 4692 3289 4763 (i),
3320 4691 3538 4747 Photini
3561 4683 3707 4743 simul
3730 4694 3795 4733 cr-

2260 4796 2416 4836 rores
2448 4782 2666 4835 evertit.
2702 4780 2833 4847 Quze
2871 4789 2955 4835 est
2989 4791 3171 4837 autem
3203 4784 3395 4839 ordine
3425 4781 3597 4843 tertia,
3626 4768 3792 4844 EphCSi

2260 4879 2451 4925 contra
2474 4871 2789 4925 Nestorium
2815 4872 2999 4927 habita
3021 4872 3226 4928 dicitur
3247 4876 3299 4929 in
3322 4875 3404 4928 die
3424 4871 3589 4928 smmi
3609 4859 3792 4922 Ιοαηηίδ

2261 4962 2612 5033 evangelista.
2643 4964 2719 5019 De
2758 4964 2846 5018 his
2875 4980 3041 5035 porro
3074 4966 3250 5021 tribus
3292 4964 3531 5022 homiliis
3558 4960 3725 5020 adeas,
3760 4949 3790 5004 Si
3823 4955 3835 4969 ’

2190 4633 2232 4687 D

2306 5266 2385 5397 θ
2412 5266 2571 5389 ιξέωι.
2604 5266 2738 5321 Bibl.
2779 5270 3061 5353 cod._25l.
3102 5288 3225 5354 pag.
3258 5271 3378 5327 890.
3551 5335 3576 5348 _

2490 5337 2693 5391 teodot.
2727 5340 2965 5397 Exnoszt.
3001 5343 3027 5397 Β
3069 5344 3154 5397 15.
3191 5343 3349 5397 intra.
3382 5336 3576 5397 paulo

2424 5336 2693 5409 Theodot.
2727 5340 2965 5405 Exposit.
3001 5343 3027 5409 ᾗ
3069 5334 3154 5406 l3,
3175 5334 3349 5408 infra,
3382 5334 3629 5409 pag.452.
3729 5360 3738 5373 -

2334 5405 2379 5482 ς)
2406 5407 2599 5482 Εςεηειν.
2637 5408 2715 5461 De
2747 5409 2961 5482 Intern.
3001 5405 3098 5467 lib.
3135 5405 3187 5475 ν,
3227 5405 3346 5482 cap.
3384 5405 3588 5480 lO,§5.

2332 5477 2373 5552 Ω
2406 5475 2620 5552 Tillem.
2661 5486 2793 5531 tom.
2834 5479 2972 5552 lily,
3009 5498 3128 5552 pag.
3165 5482 3289 5552 293.

2414 5546 2473 5621 in
2509 5562 2752 5621 nun_cu_p.
2794 5549 2861 5602 ad
2902 5541 3202 5616 Clefnle,
3239 5567 3364 5621 pag.
3397 5550 3450 5611 lt,
3635 5541 3766 5621 891‘,“-

2331 5606 2382 5703 ξ)
2410 5614 2574 5703 99.922-
2598 5606 2806 5703 ."PR'ECS:
2833 5629 3082 5703 νθνειμιξρ
3106 5606 3259 5703 ιτθέβῖ
3294 5606 3774 5703 {Eilti‘mi‘zlffw

2240 5679 2748 5759 151145454549,
2779 5679 2909 5742 ιοῑη.
2942 5690 3009 5743 Ill
3034 5679 3240 5745 σώιεῖϊῖ
3257 5692 3345 5746 edi
3370 5699 3406 5742 ι.
3431 5690 3545 5742 Vcn-
3564 5679 3711 5759 Lami;

2228 5821 2266 5876 Ε
2305 5753 2565 5876 (ὒξοηε.
2602 5740 2907 5823 Messi,
2939 5740 3345 5831 53.56.5551
3372 5740 3497 5821 tu;
3535 5764 3650 5807 tum.
3677 5740 3773 5799 γυ»

2272 5838 2393 5876 Oilei
2423 5866 2433 5875 .

2272 5838 2433 5877 OllCll.
