4076 6436
314 244 452 299 1515

1448 243 1813 302 EXI’OSITIO
1858 246 2155 302 SYMBOLI
2191 249 2439 305 ΝιίὶΑῗΝῐ

3459 262 3595 318 1514

307 359 488 423 lubet,
522 356 933 415 Tillemontium
980 357 1034 432 (j
1054 357 1094 431 ).
1140 359 1294 426 Quod
1328 376 1456 416 vero
1483 366 1677 420 attinet
1707 366 1772 420 ad
1808 367 1906 419 ho-
1936 385 1977 438 Α
2010 367 2148 419 riam
2181 367 2275 421 Dei
2300 372 2601 437 genitricem
2646 380 2693 423 et
2740 373 2797 424 in
2839 381 3083 426 sanctam
3110 372 3304 429 Christi
3332 373 3596 432 Nativita-

310 451 520 505 miliam
571 460 859 516 quartam,
894 450 1044 505 illam
1088 452 1311 521 quidem
1358 455 1503 509 inter
1530 457 1901 527 Amphilochii

307 557 479 611 opera
527 554 595 596 ex
649 541 839 596 codice
899 541 1286 598 Sirmondiano
1335 545 1585 602 ediderat
1630 548 1905 604 Combeﬁ-

308 636 427 689 sius
477 633 589 705 (lc),
647 634 743 688 sed
803 634 1190 689 subdubitans.
1236 636 1313 691 De
1365 653 1396 691 a
1443 639 1590 692 enim
1641 641 1753 695 hanc
1807 642 1904 696 ha-

308 720 404 776 bet
429 720 490 793 (ι)
520 739 533 776 :
569 741 586 773 ι
621 722 718 776 Est
744 722 837 776 illa
865 724 999 778 satis
1017 724 1239 793 quidem
1264 727 1510 795 erudita;
1544 731 1685 800 style
1719 739 1902 785 tamen

309 812 492 867 minus
533 812 675 895 fprte
716 812 1197 883 Amphilochiano,
1227 827 1453 887 excepta
1495 821 1660 875 etiam
1692 829 1852 877 {etate
1886 839 1898 876 :

306 922 436 960 nam
474 916 683 977 pugnat
729 916 922 962 contra
967 908 1320 975 Nestorium,
1365 926 1529 980 quem
1571 929 1639 967 ex
1679 917 1902 971 nomine

307 996 625 1068 δυσώνυμον
669 999 912 1068 appellat
952 998 1047 1069 (m)
1079 1001 1395 1069 :quomodo
1428 1003 1511 1056 vir
1534 1013 1757 1059 sanctus
1786 1022 1903 1061 mo-

307 1086 632 1155 destusque,
659 1085 750 1140 vix
774 1094 903 1140 ante
927 1088 1435 1143 exauctorationem
1460 1106 1622 1161 quam
1653 1094 1768 1163 ipse
1791 1111 1901 1151 non

306 1177 469 1241 vidit,
499 1176 724 1232 sedente
765 1177 935 1232 Iconii
967 1178 1257 1234 Valeriano
1298 1189 1354 1235 et
1394 1181 1687 1252 Ephesinis
1728 1186 1903 1241 Patri-

308 1269 416 1323 bus
435 1268 922 1324 exauctorantibus
947 1269 1290 1336 considente,
1321 1273 1626 1342 praesertim
1653 1274 1783 1330 sede
1811 1277 1901 1331 illa

308 1358 539 1422 elatum,
572 1358 847 1428 appellare
873 1362 1316 1430 praesumpserit?
1345 1382 1361 1413 ι
1395 1362 1472 1417 Ita
1493 1362 1854 1420 Combeﬁsius
1885 1384 1898 1420 :

308 1448 408 1519 qui
441 1457 622 1504 tamen
664 1450 927 1520 deinceps
963 1451 1161 1507 melius
1205 1455 1465 1519 edoctus,
1514 1464 1901 1527 permotusque

310 1549 428 1595 tum
466 1541 571 1596 ﬁde
602 1557 702 1595 ms.
739 1542 947 1596 codicis
982 1542 1357 1609 Mazariniani,
1388 1555 1505 1599 tum
1542 1548 1775 1602 maxime
1808 1564 1903 1601 au-

307 1635 565 1690 ctoritate
612 1634 788 1689 sancti
832 1634 1162 1704 Nicephori,
1197 1635 1290 1705 qui
1327 1648 1585 1707 tanquam
1624 1638 1904 1692 indubita-

2006 468 2109 510 tem
2148 458 2556 525 inscribuntur,
2601 462 2749 516 eruit
2781 478 2850 517 ex
2904 477 3035 517 mss.
3075 464 3363 521 codicibus
3397 466 3599 522 biblio-

2008 547 2180 602 thecae
2201 548 2580 605 Mazarinianae
2612 551 2868 607 laudatus
2895 551 3282 620 Combeﬁsius,
3311 570 3375 610 ac
3400 555 3596 612 Latine

2006 644 2220 694 tantum
2258 640 2498 696 intexuit
2525 657 2637 697 sua:
2657 642 3014 699 Bibliotheca:
3044 646 3470 701 concionatoriae
3493 646 3594 717 (p),

2006 728 2155 782 unde
2196 743 2390 783 sumus
2420 746 2514 785 eas
2557 732 2815 785 mutuati.
2852 732 3123 789 Caeterum
3156 734 3247 789 hic
3281 736 3384 790 sub
3428 735 3596 790 ﬁnem

2005 820 2236 873 Romani
2289 820 2516 874 editoris
2568 820 2659 875 cui
2708 821 3121 891 Expositionem
3173 826 3231 878 in
3284 826 3597 897 symbolum

2002 908 2283 963 Nicaanuin
2309 918 2589 979 acceptam
2609 910 2919 976 referimus,
2940 911 3009 965 de
3024 911 3296 967 Theodoti
3318 914 3433 968 sive
3456 915 3597 985 stylo

2004 999 2119 1054 sive
2151 1000 2467 1071 diSputandi
2495 1002 2707 1056 ratione
2727 1003 2999 1074 judicium
3023 1004 3339 1061 describere
3371 1006 3549 1075 placet
3579 1024 3593 1059 :

2011 1109 2029 1140 ι
2068 1091 2301 1145 Istarum
2335 1092 2582 1153 omnium
2617 1095 2953 1160 orationum,
2992 1096 3190 1165 inquit,
3223 1097 3304 1150 uti
3333 1104 3389 1150 et
3430 1097 3596 1167 hujus

2007 1178 2419 1251 (Expositionis)
2439 1197 2604 1251 quam
2641 1183 2858 1251 damus,
2894 1185 3070 1255 stylus
3093 1200 3269 1255 purus
3292 1194 3410 1251 est;
3438 1202 3596 1241 sensa

2004 1269 2292 1335 sublimia,
2343 1272 2439 1326 sed
2488 1274 2634 1328 clare
2682 1275 2999 1345 pr0posita;
3038 1276 3235 1331 modus
3277 1276 3597 1347 disputandi

2003 1370 2229 1430 argutus
2251 1372 2307 1417 et
2330 1380 2573 1432 pressus,
2602 1365 2698 1420 sed
2724 1366 3000 1433 disertus;
3026 1376 3351 1438 argumenta
3371 1383 3438 1423 ex
3458 1370 3600 1423 locis

2003 1469 2133 1508 vere
2186 1455 2510 1527 theologicis
2563 1457 2861 1528 Scriptum
2912 1474 2977 1514 ac
3020 1459 3385 1514 conciliorum
3418 1459 3598 1515 eﬁica-

2004 1545 2221 1599 cissime
2266 1546 2501 1601 deducta
2535 1565 2547 1599 :
2583 1548 2662 1603 sic
2686 1559 2868 1604 tamen
2914 1558 2977 1604 ut
3016 1550 3378 1605 acrimoniam
3415 1558 3597 1606 certa-

2004 1637 2188 1703 minis,
2226 1638 2368 1693 lenis
2401 1640 2649 1708 quacdam
2676 1641 2962 1710 placiditas
2994 1642 3318 1698 suavissime
3350 1642 3591 1710 condiat,

308 1734 426 1778 tum
451 1724 718 1778 Theodoti
743 1733 1164 1780 monumentum
1189 1727 1438 1782 eamdem
1463 1728 1744 1784 liomiliam
1771 1730 1903 1783 citat
1936 1744 1974 1800 Β
2002 1728 2338 1799 aestibusque
2382 1731 2476 1785 irae
2523 1733 2776 1801 quamvis
2805 1734 2968 1803 justae
3002 1734 3059 1788 in
3095 1734 3450 1791 detestabiles
3483 1734 3597 1790 hai-

305 1820 366 1875 in
385 1817 797 1881 Antirrheticis,
817 1819 967 1873 illam
992 1818 1214 1873 demum
1242 1818 1526 1875 Theodoto
1546 1822 1715 1876 variis
1742 1822 1796 1875 in
1820 1823 1901 1876 lo-

305 1913 391 1967 cis
440 1912 675 1966 asseruit
710 1911 812 1983 (n),
852 1912 1125 1983 praecipue
1158 1927 1290 1968 vero
1324 1912 1378 1967 in
1413 1915 1560 1969 notis
1593 1914 1660 1968 ad
1697 1915 1901 1969 oratio-

304 2020 436 2059 nem
458 2020 510 2057 iv
527 2003 701 2056 sancti
721 2003 900 2057 Procli
927 2002 1520 2073 Constantinopolitani
1538 2005 1779 2075 episcopi
1800 2006 1894 2076 (ο).

306 2095 446 2150 Eam
472 2094 656 2164 itaque
681 2093 740 2148 in
761 2093 1031 2148 Theodoti
1056 2093 1417 2149 Homiliarum
1443 2110 1668 2150 censum
1701 2096 1901 2150 admit-

308 2194 514 2248 tentes,
542 2200 609 2240 ex
630 2183 1017 2255 Amphilochio
1046 2182 1450 2239 Combeﬁsiano
1483 2184 1895 2255 descripsimus,

307 2286 368 2332 et
389 2275 773 2331 adnotationes
791 2276 1024 2332 editoris
1041 2275 1222 2331 eidem
1246 2276 1611 2331 subdidimus.
1639 2277 1899 2346 Reliquas

306 2367 552 2437 denique
598 2367 735 2421 duas
783 2365 1070 2432 homilias,
1116 2382 1348 2437 quarum
1394 2368 1566 2423 altera
1600 2369 1655 2421 in
1687 2368 1903 2422 Domini

306 2460 483 2514 nostri
512 2457 640 2514 Iesu
688 2457 882 2515 Christi
912 2458 1182 2523 Natalem,
1221 2459 1392 2512 altera
1424 2458 1481 2510 in
1513 2466 1755 2512 sanctam
1788 2458 1905 2513 Ma-

381 2578 415 2637 i)
450 2576 670 2631 Tillem.
707 2582 842 2628 tom.
877 2569 1016 2633 XIV,
1048 2581 1203 2636 pagg.
1246 2565 1351 2618 455
1385 2579 1499 2634 seq.

373 2637 425 2719 ig)
459 2645 696 2719 gmphil:
727 2642 873 2719 Opp:
891 2655 1051 2719 pagg.
1072 2637 1145 2719 3’36
1171 2650 1302 2719 seqq

356 2702 419 2785 {ti
450 2702 873 2785 Celtiberisqu
893 2702 1424 2785 ᾉιῆᾗὴὶέ.-Ριξεέ.“2ι13.

349 2772 447 2854 ξιίι)
475 2772 965 2838 ΤΙωοάοῑζΙωωίΙ.
990 2772 1046 2842 ii,
1078 2776 1106 2847 §
1132 2772 1186 2839 τ,
1216 2772 1377 2837 infra,
1396 2787 1517 2842 pag.
1549 2772 1673 2854 462.

360 2849 444 2936 (η)
486 2865 776 2921 Combeﬁs‘.
848 2861 901 2914 in
958 2873 1168 2912 recens.
1219 2854 1488 2908 auctorib.
1544 2853 1613 2907 ad
1674 2861 1806 2908 tom.
1853 2849 1875 2906 l

2002 1836 2186 1875 rcsum
2221 1830 2497 1887 auctores,
2529 1823 2713 1878 oleum
2752 1826 2908 1894 quasi
2951 1826 3227 1896 quoddam
3260 1840 3477 1895 semper
3510 1825 3596 1879 in-

2000 1906 2499 1969 natetChristianze
2526 1931 2588 1969 ac
2615 1926 2855 1985 paternae
2878 1918 3166 1973 charitatis
3195 1935 3207 1970 :
3249 1932 3371 1986 qum
3406 1916 3594 1970 omnia

2000 2022 2126 2060 cum
2158 2007 2362 2077 legenti
2394 2007 2622 2061 cuilibet
2666 2009 2842 2076 palam
2888 2016 3207 2077 appareant,
3247 2006 3591 2061 comminisci

1999 2097 2257 2167 equidem
2301 2112 2517 2166 nequeo
2569 2096 2713 2151 unde
2767 2097 2953 2152 Sixtus
3006 2097 3266 2152 Senensis
3312 2096 3587 2161 hauserit,

2001 2189 2147 2259 quod
2179 2187 2413 2243 allii-mat
2452 2188 2521 2243 de
2565 2190 2672 2243 hoc
2706 2196 2894 2243 nostro
2927 2189 3215 2243 Theodoto
3253 2187 3352 2258 (q),
3391 2187 3590 2242 dialec-

2002 2282 2102 2335 tico
2146 2280 2301 2334 illum
2346 2297 2491 2335 more
2536 2288 2586 2333 et
2627 2280 2782 2335 valde
2827 2280 3043 2334 obscure
3079 2280 3322 2334 scribere.
3356 2279 3489 2337 Vide
3528 2287 3589 2337 tu

2002 2372 2143 2442 ipse,
2178 2373 2374 2436 lector,
2407 2379 2463 2426 et
2503 2372 2706 2444 judica.
2746 2392 2764 2423 ι

2013 2560 2155 2617 Bibl.
2174 2561 2434 2642 _concion.
2472 2571 2631 2628 pagg.
2661 2555 2695 2610 5
2729 2563 2786 2609 et
2812 2551 2903 2619 45,
2943 2559 3001 2607 et
3027 2551 3160 2608 ibid.
3198 2568 3321 2624 pag.
3352 2553 3456 2608 475
3483 2563 3599 2608 not.

2015 2647 2104 2687 ma
2172 2648 2247 2686 in.

2089 2649 2168 2773 (ἓξ
2200 2700 2379 2755 Procl.
2412 2698 2563 2754 Orat.

2106 2778 2161 2845 p)
2196 2774 2488 2831 Combeﬁs.
2508 2773 2644 2828 Bibl.
2681 2790 2849 2837 cana,
2881 2782 3014 2829 tom.
3046 2774 3088 2839 1,
3109 2790 3264 2844 pagg.
3284 2774 3376 2827 111
3418 2781 3475 2828 et
3506 2774 3591 2845 99.

2106 2844 2158 2918 ς)
2194 2847 2332 2902 Sixt.
2371 2845 2499 2900 Sen.
2533 2846 2627 2900 lib.
2668 2862 2720 2900 Iv
2750 2844 2887 2899 Bibl.
2929 2854 3096 2899 sanet.
3136 2860 3263 2912 pag.
3292 2844 3413 2899 59.9.
3458 2844 3593 2901 edit.

2006 2917 2201 2974 Colon.
2240 2937 2369 2975 ann.
2410 2920 2566 2973 1575.

344 3026 3601 3064 W

1007 3187 1620 3278 ΘΕΟΔΟΤΟΥ
1686 3188 2361 3273 ΕΠΙΣΚΟΠΟΥ
2434 3189 2935 3274 ΑΓΚΥΡΑΣ
3026 3162 3035 3177 ’

1449 3388 1813 3442 EPMHNEIA
1854 3388 1963 3440 ΕΙΣ
2002 3387 2088 3439 ῚῸ
2127 3386 2504 3439 ΣΥΜΒΟΛΟΝ

942 3543 1066 3599 Τῶν
1102 3542 1284 3614 ἁγίων
1312 3543 1381 3596 ἐν
1414 3541 1628 3607 Numici
1658 3538 1936 3608 Πατέρων
1963 3538 2084 3594 τῶν
2118 3541 2475 3610 τριακοσίων
2511 3540 2660 3594 δέκα
2698 3541 2796 3595 καὶ
2834 3542 3006 3599 ὀκτώ.

1001 3961 1630 4055 THEODOTI
1711 3956 2264 4051 EPISCOPI
2342 3956 2958 4049 ANCYRANI
3012 3978 3030 4002 ‘

1590 4151 1991 4214 EXPOSITIO
2033 4149 2362 4212 SYMBOLI

924 4319 1291 4380 Sanctorum
1346 4320 1702 4380 trecentum
1755 4313 2111 4378 octodecim
2156 4314 2410 4377 Patrum
2450 4310 2701 4376 concilii
2752 4310 3010 4376 Nicaani.

408 4561 489 4618 A’.
530 4562 603 4617 Τὸ
645 4562 743 4635 μὲν
776 4564 832 4616 ὲν
885 4565 942 4635 τῇ
990 4561 1166 4615 πίστει
1204 4561 1432 4633 στερρόν
1460 4578 1519 4614 τε
1562 4563 1657 4615 καὶ
1700 4561 1905 4629 βέϐαιοι

2096 4559 2137 4614 1.
2166 4557 2375 4613 Animae
2420 4566 2526 4613 tuae
2549 4556 2757 4612 Christi
2781 4571 2969 4612 amore
2990 4570 3269 4611 succensa:
3294 4556 3531 4613 ﬁrmitas
3552 4566 3611 4615 et

329 4658 433 4728 τῆς
466 4657 566 4724 σῆς
597 4656 942 4727 φιλοχρίστου
970 4655 1148 4726 ψυχῆς
1179 4654 1429 4725 οὐδαμῶς
1461 4653 1745 4707 σαλεύεται
1770 4676 1786 4695 ο
1815 4653 1919 4708 κᾶν

331 4748 730 4820 ὲπισπείρωσιν
770 4746 955 4817 ὲχοροὶ
985 4746 1054 4799 τὰ
1087 4746 1183 4817 τῆς
1228 4746 1487 4817 ἀπιστίας
1534 4745 1772 4811 ζιζάνια.
1807 4746 1916 4816 Τὴν

330 4839 445 4910 γὰρ
473 4838 657 4893 πίστιν
702 4840 766 4891 ὲκ
796 4837 1080 4908 προγόνων
1113 4836 1519 4908 διαδεξάμενος,
1564 4837 1792 4909 ἔρεισμα
1817 4836 1918 4905 τῆς

330 4930 503 5000 αὐτῆς
549 4928 694 4999 ζωῆς
738 4927 836 4998 τὴν
881 4926 1165 4981 εὐσέϐειαν
1198 4927 1363 4999 ἔχεις·
1397 4927 1585 4998 ἐπειδὴ
1629 4930 1662 5000 ἡ
1711 4926 1919 4999 ἀληθὴς

278 5000 301 5015 ’
328 5021 473 5093 αὕτη
517 5022 700 5084 πίστις
743 5020 835 5074 καὶ
868 5019 1198 5091 οἰκουμένην
1241 5019 1539 5090 διὼροωσε,
1571 5020 1664 5072 καὶ
1706 5018 1914 5088 πλάνην

330 5113 547 5177 ἔσϐεσε,
576 5114 671 5168 καὶ
685 5112 942 5184 δαίμονας
963 5111 1151 5183 ἡλασε,
1171 5111 1264 5165 καὶ
1285 5110 1564 5182 βασιλείαν
1587 5108 1916 5163 εὐσεὸοὖσαν

329 5205 720 5278 λαμπροτέραν
756 5207 867 5267 τοῖς
899 5204 1181 5276 τροπαίοις
1215 5203 1402 5269 ἔδειξεν
1451 5204 1545 5256 καὶ
1580 5202 1793 5272 μάρτυς
1821 5200 1914 5252 τοῦ

330 5296 493 5366 λόγου
520 5295 627 5350 τῶν
663 5296 1007 5368 πραγμάτων
1037 5296 1070 5366 ἡ
1104 5298 1267 5365 πεῖρα
1305 5294 1617 5365 γεγένηται.
1667 5295 1778 5348 Καὶ
1800 5293 1913 5363 γὰρ

328 5382 633 5456 τυράννους
691 5388 740 5437 οἱ
801 5384 1181 5438 εὐσεϐέστατα
1233 5383 1473 5451 βασιλεῖς
1533 5382 1914 5453 ἐτροπὼσαντο

332 5475 606 5541 πλείονας,
641 5477 776 5547 εὐχῇ
807 5475 1089 5547 πόρρωθεν
1117 5476 1515 5540 καταϐαλόντες
1555 5475 1753 5539 αὐτούς
1778 5492 1790 5505 ο
1820 5476 1913 5528 καὶ

333 5564 625 5636 βαρϐάρων
654 5565 912 5618 ἀπόνοιαν
940 5563 1202 5627 πολλάκις
1223 5564 1522 5635 ἠμύναντο,
1560 5564 1742 5617 πίστει
1774 5581 1912 5633 φρα-

330 5655 576 5726 ξάμενοι,
604 5655 699 5712 καὶ
721 5656 790 5727 τῇ
809 5653 920 5711 τῶν
945 5655 1222 5727 προγόνων
1243 5654 1514 5727 εὐσεϐείᾳ.
1556 5655 1777 5726 Ἐπειδὴ
1801 5656 1910 5727 γὰρ

2021 4651 2332 4709 constantia
2367 4650 2424 4704 in
2454 4649 2563 4705 ﬁde
2582 4663 2931 4720 nequaquam
2955 4647 3213 4713 ﬂuctuat;
3246 4647 3375 4703 licet
3399 4649 3608 4705 inimici

2021 4742 2363 4799 inﬁdelitatis
2410 4741 2621 4795 zizania
2676 4740 3140 4810 superseminent.
3190 4739 3332 4796 Cum
3381 4739 3545 4796 ﬁdem
3579 4759 3611 4797 a

2022 4832 2323 4905 majoribus
2344 4831 2501 4901 quasi
2526 4846 2625 4900 per
2654 4845 2852 4885 manus
2876 4831 3134 4886 traditam
3159 4830 3462 4901 acceperis,
3488 4831 3610 4900 pie-

2019 4934 2188 4982 tatem
2220 4926 2344 4980 vitae
2364 4932 2471 4979 tua:
2492 4921 2811 4993 praesidium
2837 4937 2903 4978 ac
2951 4922 3356 4976 munimentum
3398 4920 3607 4987 habes;

2022 5015 2472 5086 quandoquidem
2512 5028 2645 5068 vera
2695 5011 2813 5067 haac
2859 5012 2995 5067 ﬁdes
3031 5021 3088 5066 et
3114 5018 3385 5065 terrarum
3417 5010 3607 5064 orbem

2025 5108 2092 5162 ad
2118 5107 2403 5161 meliorem
2431 5112 2632 5159 statum
2663 5102 2940 5172 perduxit,
2974 5110 3030 5156 et
3053 5115 3302 5155 errorem
3324 5099 3605 5163 exstinxit,

2025 5208 2082 5275 et
2126 5199 2403 5254 diemones
2459 5196 2788 5267 proﬂigavit,
2837 5203 2894 5249 et
2948 5190 3267 5262 religiosum
3312 5190 3606 5261 imperium

2021 5290 2308 5361 quibusvis
2330 5287 2549 5358 tropaeis
2576 5285 2921 5356 splendidius
2941 5281 3228 5339 exornavit
3255 5300 3268 5335 :
3301 5288 3466 5352 atque
3489 5281 3607 5351 ipsa

2019 5397 2203 5437 rerum
2232 5379 2570 5451 experientia
2595 5376 2832 5432 orationi
2864 5390 2999 5430 mea:
3022 5374 3401 5430 testimonium
3420 5374 3608 5444 perhi—

2016 5474 2128 5529 bet.
2173 5473 2389 5528 Etenim
2429 5469 2658 5541 piissimi
2704 5467 3064 5538 imperatores
3106 5465 3297 5536 plures
3339 5473 3605 5538 tyrannos

2018 5568 2278 5638 precibus
2312 5566 2529 5621 eminus
2562 5570 2863 5634 prostratos
2905 5561 3338 5616 subverterunt:
3374 5567 3429 5614 et
3473 5559 3602 5613 bar-

2017 5658 2279 5715 barorum
2313 5654 2668 5722 dementiam,
2728 5652 2854 5709 ﬁdei
2899 5658 3178 5708 armatura
3222 5660 3279 5707 et
3328 5649 3597 5722 majorum
