4076 6448
506 270 645 322 131Ξὶ

1591 259 1937 316 THEODOTI
1978 258 2283 315 EPISCOPI
2320 259 2667 315 ANCYRANI

3628 248 3771 307 1516

504 386 705 455 pietate
728 377 921 432 muniti
954 392 1332 447 saepenumero
1368 376 1781 445 propulsarunt.
1823 376 1956 430 Nam
1990 377 2081 431 ubi

2188 377 2368 448 ἔχουσι
2419 377 2519 448 τὴν
2561 377 2745 429 πίστιν
2787 375 3061 445 ἀκίνητον,
3114 372 3372 442 φυλάττει
3414 369 3545 433 Θεὸς
3587 372 3775 451 αύτῷν

505 474 608 544 ipsi
650 471 812 524 ﬁdem
860 469 1140 522 immotam
1190 474 1433 531 servant,
1462 466 1608 521 Deus
1631 468 1877 535 ipsorum
1905 465 2081 534 impe-

502 564 644 618 riutn
681 561 750 615 ab
787 559 1044 614 omnibus
1082 558 1299 612 insidiis
1346 565 1673 612 conservat:
1720 556 2083 627 quemadmo~

501 656 632 711 dum
662 652 811 708 enim
838 651 1198 706 barbarorum
1227 650 1483 705 incursus
1511 649 1838 718 corporibus
1861 649 2083 718 pericu-

503 747 616 801 lum
672 744 875 809 aﬁert;
920 742 994 797 ita
1045 742 1260 795 dzemon
1316 740 1583 815 adversus
1623 740 1834 795 animas
1878 739 2084 794 bellum

499 837 725 899 excitat,
759 834 1112 890 sermonibus
1144 848 1403 887 errorum
1427 832 1715 887 veritatem
1738 846 2081 903 oppugnans.

501 930 681 997 Atque
723 927 839 981 hare
882 926 1064 979 lenius
1094 925 1360 979 Dominus
1388 924 1494 978 alia
1526 922 1737 977 ratione
1767 922 2084 993 signiﬁcans

501 1018 789 1085 pulchram
823 1015 891 1070 ad
924 1015 1228 1084 discipulos
1258 1029 1387 1071 suos
1424 1014 1794 1068 narrationem
1831 1013 2085 1067 institue-

504 1112 616 1173 hat,
660 1125 970 1165 sermonem
1011 1108 1235 1178 quidem
1281 1108 1502 1177 pietatis
1556 1108 1762 1163 bonum
1794 1120 2001 1169 semen,
2027 1114 2084 1160 at

502 1198 1032 1267 superinseminatas
1062 1197 1400 1251 inﬁdelitatis
1433 1196 1713 1251 doctrinas
1740 1194 1947 1249 zizania
1984 1209 2083 1263 ap-

506 1293 717 1359 pellans
772 1294 786 1322 ¹
828 1310 840 1343 :
890 1297 946 1345 et
998 1290 1305 1344 doctrinam
1358 1288 1746 1359 agriculturam
1799 1287 2082 1340 cmlestem

507 1399 732 1448 vocans,
796 1386 1009 1437 fruetus
1052 1397 1185 1437 vero
1234 1391 1381 1436 recte
1431 1380 1776 1435 credentium
1822 1379 2083 1449 pietatem

508 1477 784 1547 intelligit.
819 1477 1005 1545 Neque
1041 1474 1188 1528 enim
1221 1482 1371 1527 tanto
1396 1473 1595 1544 gaudio
1618 1471 1924 1541 perfruitur
1945 1470 2087 1540 agri-

507 1572 628 1625 cola
661 1569 968 1639 manipulos
999 1568 1280 1637 coliigens,
1303 1575 1567 1636 quantum
1594 1565 1847 1619 Christus
1871 1564 2085 1618 laetatur

510 1679 695 1718 veram
720 1662 882 1716 ﬁdem
909 1660 1054 1731 apud
1080 1669 1394 1715 constantes
1421 1658 1749 1729 percipiens.
1778 1657 1912 1711 Nam
1935 1654 2084 1726 quod

509 1754 626 1823 ipse
659 1752 857 1807 exierit
884 1752 952 1805 ad
976 1749 1360 1806 scminandum
1386 1750 1638 1813 verbum,
1667 1748 1847 1817 inquit
1872 1765 1884 1800 :
1921 1767 1938 1798 ι
1973 1748 2086 1817 Ego

508 1856 575 1893 ex
614 1841 775 1894 Patre
812 1838 978 1904 exivi,
1018 1848 1074 1892 et
1109 1838 1234 1892 veni
1259 1838 1315 1892 in
1338 1837 1601 1891 mundum
1640 1838 1660 1868 ²
1688 1855 1700 1889 :
1733 1856 1750 1887 ι
1786 1836 2085 1905 etquidem

509 1945 634 1992 vox,
697 1947 715 1980 ο
748 1928 912 1994 exivi,
944 1947 962 1980 ι
1027 1927 1247 1984 deitatis
1300 1927 1821 1983 condescensionem
1849 1928 1962 1982 sive
1985 1926 2087 1982 de-

507 2017 829 2072 missionem
886 2017 1127 2083 indicat;
1162 2016 1336 2072 altera
1380 2027 1587 2083 autem,
1642 2035 1660 2067 ι
1695 2017 1844 2082 veni,
1879 2036 1898 2068 ι
1958 2033 2091 2088 pro-

507 2108 682 2177 priam
720 2107 990 2177 signiﬁcat
1020 2108 1381 2178 majestatem.

579 2199 645 2253 ll.
666 2200 936 2254 Cazterum
958 2206 1015 2253 et
1037 2214 1260 2253 causam
1277 2197 1519 2253 ostendit
1536 2197 1806 2253 adventus
1829 2198 1937 2262 sui,
1955 2195 2088 2252 dum

508 2291 584 2345 ait
619 2308 633 2345 :
681 2310 699 2341 ι
736 2287 920 2345 Exivit
951 2290 1227 2345 seminans
1245 2290 1519 2347 seminare
1555 2290 1596 2349 ³.
1633 2309 1650 2341 ι
1683 2289 1789 2345 Sed
1814 2289 1930 2360 ipse
1967 2292 2090 2359 qni-

507 2381 633 2437 dem
666 2381 845 2436 bonus
877 2381 1117 2452 agricola
1149 2380 1359 2435 bonum
1401 2395 1547 2436 verm
1594 2380 1721 2434 ﬁdei
1775 2393 2086 2433 sermonem

508 2472 908 2537 disseminavit,
935 2471 1235 2527 ostendens
1273 2471 1632 2541 semetipsum
1659 2471 1830 2525 Deum
1864 2478 2090 2539 propter

508 2565 762 2620 homines
802 2564 1082 2620 hominem
1125 2563 1330 2620 factum
1364 2582 1378 2618 :
1425 2579 1537 2618 non
1567 2563 1847 2617 hominem
1878 2562 2088 2617 nudum

508 2672 541 2712 τι
585 2658 701 2713 Deo
749 2657 1025 2712 honorum
1074 2655 1434 2727 praerogativa
1468 2664 1747 2720 ornatum,
1782 2653 2089 2724 utquidam

507 2747 829 2818 opinantur,
887 2747 1004 2813 sed,
1049 2756 1112 2801 ut
1157 2748 1290 2812 dixi,
1332 2747 1507 2801 Deum
1548 2746 2089 2802 eommerciumcum

509 2837 829 2894 hominibus
876 2836 1291 2907 suscipientem.
1343 2836 1470 2892 llaec
1517 2837 1665 2890 enim
1709 2838 1981 2907 praecipua
2005 2847 2090 2893 est

513 2932 682 3005 gloria
735 2938 792 2984 et
834 2931 983 2985 salus
1020 2929 1327 2993 hominum,
1378 2930 1551 2984 Deum
1584 2939 1809 3000 propter
1843 2946 2087 2985 amorem

510 3036 638 3092 erga
676 3022 932 3077 homines
972 3021 1213 3075 humana
1252 3021 1578 3090 suscepisse.
1616 3022 1684 3076 Et
1717 3022 1832 3077 haec
1863 3022 2086 3092 quidem

2182 444 2282 539 την
2312 444 2586 539 βασιλείαν
2612 444 3086 523 ἀνεπιϐούλευτον·
3127 464 3317 535 ὥσπερ
3347 465 3455 537 γὰρ
3487 463 3631 518 κατὰ
3662 444 3776 517 σιξ)-

2187 563 2374 631 μὰτων
2422 561 2610 630 ἔφοδος
2656 560 2866 629 γίνεται
2917 558 3235 630 βαρϐάρων,
3280 557 3423 611 οὓτω
3469 556 3616 610 κατά
3660 556 3775 611 τῶν

2182 652 2371 722 ψυχῶν
2414 652 2687 718 ἐξοπλίζει
2722 651 2961 722 πδλεμον
3004 654 3033 705 ό
3070 651 3306 720 δαίμων,
3341 649 3522 718 λόγοις
3549 650 3777 720 ἀπάτης

2186 743 2323 812 πρὸς
2348 742 2445 812 τὴν
2473 741 2730 813 ἀλήθειαν
2762 740 3032 811 πολεμῶν.
3066 738 3252 793 Ταῦτα
3284 739 3380 808 μὲν
3410 733 3505 792 οὖν
3530 738 3776 809 πραότε-

2186 849 2279 904 ρον
2326 833 2608 903 σημαίνων
2653 834 2681 885 ὁ
2727 831 2931 903 Κύριος
2969 831 3142 902 ἑτέρῳ
3190 831 3378 901 τρόπῳ
3425 828 3610 892 καλῶς
3654 832 3778 893 τοῖς

2185 925 2377 978 ἑαυτοῦ
2414 925 2686 996 μαθηταῖς
2714 924 3017 994 διηγήσατο
3042 940 3057 955 ’
3094 922 3296 995 σπόρον
3329 922 3429 993 μὲν
3456 922 3623 976 καλὸν
3655 922 3778 974 όνοε

2188 1018 2365 1086 μάσας
2392 1017 2491 1086 τῆς
2520 1014 2803 1078 εὐσεϐείας
2828 1014 2919 1068 τὸν
2940 1014 3118 1083 λόγον·
3151 1013 3368 1078 ζιζάνια
3404 1013 3462 1066 δὲ
3492 1030 3779 1085 προσαγο-

2186 1107 2383 1178 ρεύσας
2411 1106 2482 1159 τὰ
2522 1105 2956 1178 ἐπισπειρόρενα
2993 1105 3091 1177 τῆς
3124 1105 3386 1169 ἀπιστίας
3418 1104 3734 1177 διδάγματα
3756 1121 3774 1139 ο

2184 1201 2279 1254 καὶ
2304 1199 2404 1271 τὴν
2432 1199 2779 1255 διδασκαλίαν
2802 1199 3080 1270 γεωργίαν
3111 1198 3270 1253 καλεῖ
3300 1200 3575 1272 οὐράνιονο
3605 1200 3777 1270 γενή-

2189 1310 2333 1363 ματα
2366 1291 2421 1345 δὲ
2457 1292 2555 1364 τὴν
2594 1291 2888 1345 εύσὲϐειαν’
2910 1290 3019 1344 τῶν
3053 1291 3290 1361 γνησίως
3323 1291 3775 1344 πεπιστευκότων

2184 1384 2359 1448 εἰδώς.
2409 1385 2484 1437 Οὐ
2513 1383 2620 1455 γὰρ
2653 1384 2795 1437 οὕτω
2825 1383 3004 1454 χαίρει
3037 1383 3281 1454 γεωργὸς
3309 1382 3605 1454 ἀμώμενος
3633 1383 3770 1453 δρά-

2184 1492 2391 1547 γματα,
2415 1476 2490 1537 ὡς
2515 1474 2864 1547 εὐφραίνεται
2893 1473 3124 1545 Χριστὸς
3148 1474 3377 1544 γνησίαν
3404 1475 3586 1527 πίστιν
3616 1474 3774 1543 παρὰ

2185 1566 2292 1618 τῶν
2324 1564 2555 1635 βεϐαίων
2588 1564 2988 1636 καρπούμενος.
3031 1563 3246 1634 Ἐπειδὴ
3280 1562 3388 1633 γὰρ
3416 1562 3578 1626 αὐτὸς
3614 1562 3778 1633 ἐξῆλ-

2187 1656 2278 1709 θεν
2293 1658 2382 1711 ἴνα
2411 1658 2613 1729 σπείρῃ
2630 1657 2721 1710 τὸν
2747 1655 2925 1724 λόγον,
2944 1655 3112 1724 λέγει⁹
3149 1674 3166 1706 ι
3188 1653 3331 1722 Ἐγὼ
3354 1657 3417 1707 ὲκ
3435 1654 3529 1706 τοῦ
3555 1653 3776 1724 Πατρὸς

2120 1734 2160 1788 Β
2191 1748 2433 1818 ἐξῆλθον,
2452 1750 2546 1803 καὶ
2566 1749 2707 1820 ῆκω’
2731 1768 2749 1801 ι
2770 1748 2863 1801 καὶ
2880 1748 2940 1802 τὸ
2960 1746 3079 1815 μὲν,
3106 1746 3381 1816 «ἐξῆλθον,
3404 1764 3421 1795 ι
3450 1744 3547 1815 τὴν
3563 1762 3777 1812 συγκα-

2186 1841 2420 1895 τάϐασιν
2449 1841 2545 1911 τῆς
2575 1840 2829 1911 θεότητος
2864 1839 3081 1911 μηνύει,
3112 1838 3172 1892 τὸ
3199 1838 3255 1892 δὲ
3284 1858 3302 1890 t
3329 1838 3472 1909 ἥκω,
3501 1835 3653 1911 [τὴν
3672 1839 3777 1906 ἑμ-

2190 1932 2416 2001 φάνειαν
2444 1931 2544 2003 τὴν
2583 1929 2721 1984 ἰδίαν
2754 1929 3031 2001 σημαίνει.

2260 2200 2333 2253 B'.
2376 2199 2578 2254 Λοιπὸν
2615 2200 2708 2253 καὶ
2749 2200 2848 2271 τὴν
2893 2201 3072 2254 αἰτίαν
3100 2198 3249 2269 λέγει
3278 2199 3377 2271 τῆς
3401 2198 3596 2253 ἑαυτοῦ
3629 2216 3778 2270 παις-

2188 2290 2399 2357 ουσίας,
2446 2289 2638 2343 είπών·
2679 2308 2697 2341 ι
2741 2288 2994 2359 Ἐξῆλθεν
3019 2291 3046 2344 ὁ
3082 2289 3322 2359 σπείρων
3347 2288 3442 2342 τοῦ
3471 2290 3718 2361 σπεῖραι.
3752 2308 3770 2339 ι

2200 2380 2339 2433 Ἀλλ’
2381 2373 2535 2443 οὗτος
2587 2379 2685 2450 μὲν
2710 2380 2737 2432 ὁ
2773 2380 2935 2442 καλὸς
2978 2380 3225 2451 γεωργὸς
3261 2378 3425 2432 καλὸν
3472 2379 3572 2449 τῆς
3603 2378 3779 2449 ὀρθῆς

2190 2472 2426 2535 πίστεως
2456 2472 2783 2542 κατέσπειρε
2833 2471 3011 2539 λόγον·
3048 2471 3238 2524 ἑαυτὸν
3281 2470 3497 2533 δεικνὺς
3532 2470 3669 2524 Θεὸν
3706 2470 3777 2523 δι’

2188 2564 2507 2635 ἀνθρώπους
2537 2563 2829 2632 γενόμενον
2850 2563 3156 2633 ἄνθρωπον
3182 2564 3282 2615 οὐκ
3308 2561 3595 2633 ἄνθρωπον
3616 2562 3778 2630 ψιλὸν

2187 2655 2551 2725 τετιμημένον
2573 2655 2726 2724 παρὰ
2751 2654 2909 2717 Θεοῦ,
2931 2654 3005 2718 ὣς
3035 2671 3177 2718 τινες
3208 2653 3593 2725 ὑπειλήφασινο
3625 2655 3775 2720 ἀλλ’,

2188 2746 2265 2809 ὡς
2296 2744 2454 2814 ἔφην,
2486 2745 2619 2799 Θεὸν
2658 2746 2795 2817 πρὸς
2828 2742 3148 2817 ἀνθρώπους
3178 2746 3462 2801 κοινωνίαν
3487 2746 3773 2818 ἑλόμενον.

2189 2835 2338 2906 Αὕτη
2369 2838 2476 2907 γάρ
2505 2838 2621 2891 ἐστι
2666 2838 2855 2909 πρώτη
2889 2838 2998 2892 τῶν
3038 2837 3344 2909 ἀνθρώπων
3377 2841 3511 2910 τιμή
3564 2856 3628 2893 τε
3676 2842 3778 2894 καὶ

2192 2929 2455 2999 σωτηρία,
2485 2929 2548 2982 τὸ
2589 2929 2725 2983 Θεὸν
2753 2931 2972 2984 ἑλέσθαι
3005 2932 3073 2985 τὰ
3109 2932 3429 3002 ἀνθρώπινα
3457 2931 3548 2985 διά
3574 2933 3780 3000 φιλανθ

2190 3019 2459 3091 θρωπίαν.
2501 3022 2690 3076 Ταῦτα
2726 3023 2825 3092 μὲν
2873 3019 2967 3078 οὖν
3000 3025 3163 3089 αὐτὸς
3198 3025 3329 3095 περὶ
3360 3024 3556 3078 ἑαυτοῦ
3587 3024 3777 3093 λέγει,

510 3110 580 3165 de
605 3110 902 3180 semetipso
933 3109 1187 3177 allirmat,
1213 3118 1269 3165 et
1316 3112 1485 3165 Deum
1515 3112 1870 3181 semetipsum
1898 3121 2087 3166 esten-1

2191 3114 2285 3167 καὶ
2325 3112 2458 3166 Θεὸν
2504 3114 2721 3178 δεικνὺς
2753 3117 2946 3169 ἑαυτὸν
2983 3117 3079 3169 καὶ
3102 3094 3411 3188 ἄνθρωπον·
3444 3116 3507 3169 τὸ
3542 3116 3643 3187 μὲν
3676 3116 3780 3179 ὣν,

511 3199 649 3256 dens
680 3209 736 3256 ct
768 3201 1047 3255 hominem
1073 3219 1085 3254 :
1119 3198 1254 3257 illud
1279 3202 1499 3273 quidem
1524 3202 1745 3273 propria
1771 3219 1869 3258 sua
1895 3213 2088 3260 natura

511 3291 799 3357 exsistens,
838 3292 943 3347 hoc
979 3300 1163 3348 autem
1194 3295 1478 3350 hominum
1504 3310 1692 3350 amore
1734 3296 1927 3351 lactus.
1954 3298 2089 3351 Nam

510 3393 567 3438 et
590 3383 907 3440 hominibus
926 3385 1341 3452 eondeseendit,
1362 3387 1593 3457 ideoque
1613 3388 1789 3443 lactus
1803 3398 1887 3443 est
1904 3389 2088 3454 homo,

510 3492 641 3532 vere
677 3477 811 3531 illud
861 3478 1133 3532 exsistens
1157 3478 1305 3547 quod
1344 3479 1641 3549 apparebat
1664 3495 1679 3545 ;
1702 3489 1759 3534 et
1789 3480 2093 3548 permansit

512 3567 658 3637 quod
684 3577 805 3623 erat
844 3586 857 3621 :
893 3584 1002 3623 non
1022 3568 1157 3623 illud
1182 3568 1484 3639 deponens,
1514 3579 1570 3626 et
1604 3572 1710 3627 hoc
1734 3571 1912 3627 factus
1941 3590 1954 3638 ;
1980 3589 2090 3627 non

513 3667 734 3712 mutans
773 3658 1054 3725 deitatem,
1086 3660 1183 3714 sed
1221 3661 1527 3731 suscipiens
1553 3677 1621 3717 ex
1652 3663 1821 3717 Maria
1866 3664 2090 3733 Virgine

515 3749 958 3815 humanitatem;
991 3766 1099 3806 non
1139 3751 1399 3808 desinens
1437 3768 1558 3809 esse
1604 3753 1752 3823 quod
1799 3762 1937 3818 erat,
1995 3754 2092 3808 sed

515 3841 694 3896 factus
730 3842 878 3912 quod
921 3859 1029 3897 non
1063 3853 1200 3899 erat.
1234 3845 1381 3899 idem
1410 3846 1557 3903 enim
1594 3854 1891 3916 utrumque
1921 3846 1988 3901 de
2009 3863 2095 3901 se-

516 3932 751 4002 metipso
787 3932 1018 3988 aﬁirmat
1042 3952 1055 3998 ;
1078 3945 1157 4011 ,οι
1191 3936 1363 3990 Deum
1396 3952 1455 3991 se
1478 3952 1599 3992 esse
1624 3936 1940 4006 signiﬁcans
1961 3954 2091 4007 pro-

517 4024 638 4094 prio
658 4024 807 4079 Patri
832 4028 1186 4097 eomqualem,
1216 4027 1344 4081 dum
1367 4028 1476 4081 ait:
1501 4046 1518 4079 ‹
1542 4027 1654 4099 Ego
1669 4035 1726 4082 et
1742 4028 1903 4083 Pater
1921 4044 2090 4082 unum

517 4132 707 4172 sumus
732 4118 789 4185 ‘;
823 4140 841 4169 ι
876 4118 1006 4173 item
1040 4136 1053 4171 :
1089 4137 1107 4169 ι
1145 4118 1248 4185 Qui
1275 4118 1427 4174 videt
1453 4134 1562 4183 me,
1605 4117 1758 4174 videt
1787 4128 1842 4175 et
1878 4120 2095 4175 Patrem

517 4226 697 4264 meum
729 4211 786 4275 5;
816 4229 835 4262 ›
860 4218 916 4265 et
939 4210 1221 4264 hominem
1243 4212 1601 4280 semetipsum
1625 4211 1939 4277 ostendens,
1966 4229 2092 4267 cum

513 4302 726 4357 diceret
756 4320 769 4356 :
814 4323 832 4353 ι
867 4302 1009 4368 Quid
1044 4316 1133 4356 me
1156 4303 1403 4372 quaeritis
1443 4302 1773 4370 interﬁcere,
1812 4304 2091 4359 hominem

2190 3205 2277 3260 διὰ
2304 3207 2403 3277 τὴν
2437 3206 2600 3260 αὑτοῦ
2634 3209 2813 3277 φύσινο
2847 3209 2907 3263 τό
2940 3208 2995 3263 δὲ
3042 3209 3132 3263 διὰ
3175 3209 3584 3280 φιλανθρωπίαν
3616 3212 3781 3277 γενό-

2196 3315 2376 3367 μενος.
2415 3298 2523 3351 Καὶ
2552 3297 2665 3367 γὰρ
2702 3301 2794 3351 καὶ
2826 3298 3138 3373 ἀνθρώποις
3171 3299 3482 3371 συγκατέϐη
3504 3338 3521 3364 ,
3558 3300 3657 3354 καὶ
3686 3301 3783 3355 διὰ

2190 3386 2349 3440 τοῦτο
2398 3387 2621 3455 γέγονεν
2654 3387 2959 3459 ἄνθρωπος,
3004 3388 3163 3442 τοῦτο
3212 3388 3430 3458 ἀληθῶς
3479 3387 3585 3454 ὣν,
3637 3391 3785 3462 ὅπερ

2192 3480 2476 3548 ὲφαίνετο’
2525 3479 2619 3532 καὶ
2657 3481 2931 3550 μεμένηκε
2971 3484 3108 3553 ὅπερ
3136 3476 3238 3552 ἦν’
3286 3481 3395 3533 οὐδ’
3436 3481 3783 3553 ἀποθέμενος

2193 3574 2391 3640 ἐκεῖνο,
2417 3574 2509 3626 καὶ
2539 3573 2701 3627 τοῦτο
2726 3574 3036 3644 γενόμενος’
3068 3574 3130 3627 οὐ
3166 3574 3485 3644 μεταϐαλὼν
3516 3574 3779 3645 θεότητα,

2192 3665 2328 3718 ἀλλά
2372 3663 2693 3737 προσλαϐὼν
2724 3666 2789 3720 ὲκ
2816 3666 3035 3737 Μαρίας
3058 3666 3158 3737 τὴν
3200 3666 3637 3738 ἀνθρωπότητα·
3675 3668 3781 3720 οὐκ

2193 3760 2595 3830 ἀπογενόμενος
2644 3757 2674 3811 δ
2719 3754 2809 3829 ἦν,
2855 3758 2990 3811 ἀλλά
3031 3757 3322 3827 γενόμενος
3363 3757 3393 3809 δ
3450 3757 3551 3811 ούκ
3580 3752 3675 3828 ἦν.
3721 3759 3781 3811 '0

2193 3848 2303 3920 γὰρ
2323 3848 2483 3912 αὐτὸς
2509 3847 2640 3917 περὶ
2669 3847 2861 3900 ἑαυτοῦ
2885 3848 3123 3918 ἑκάτερα
3148 3847 3315 3915 λέγει·
3341 3847 3473 3901 Θεόν
3498 3864 3558 3900 τε
3580 3848 3784 3902 ἑαυτὸν

2197 3940 2477 4010 σημαίνων
2508 3938 2622 3993 ἴσον
2671 3938 2751 4009 τῷ
2782 3939 2897 4009 ίδίῳ
2938 3939 3146 4008 Πατρὶ,
3177 3938 3245 3991 δι’
3287 3932 3363 3992 ὧν
3390 3938 3520 4009 ἔφη’
3565 3959 3584 3991 ‹
3635 3940 3785 4008 Ἐγὼ

2195 4030 2292 4084 καὶ
2320 4030 2347 4083 ὁ
2366 4029 2554 4099 Πατὴρ
2584 4030 2643 4083 ἓν
2672 4030 2858 4100 ὲσμεν·
2895 4049 2914 4080 ι
2949 4031 3062 4095 καὶ,
3094 4048 3113 4080 ι
3161 4030 3218 4082 '0
3246 4028 3504 4102 ἑωρακὼς
3530 4030 3655 4100 ἐμὲ,
3678 4031 3787 4084 ἐών

2198 4138 2333 4193 ρακε
2371 4122 2461 4174 τὸν
2504 4122 2727 4192 Πατέρα
2761 4138 2882 4192 μουο
2930 4140 2948 4171 ι
2998 4122 3094 4175 καὶ
3133 4120 3422 4191 ἄνθρωπον
3466 4121 3790 4186 ἐπιδεικνὺς

2197 4216 2408 4279 ἑαυτὸν,
2458 4215 2525 4269 δι’
2566 4209 2642 4269 ὧν
2673 4214 2844 4282 ἔλεγε⁸
2886 4232 2904 4264 ι
2956 4213 3021 4266 Τί
3054 4231 3120 4283 με
3164 4215 3379 4285 ζητεῖτε
3433 4216 3790 4280 ἀποκτεῖναι,

2196 4307 2482 4378 ἄνθρωπον
2528 4306 2588 4371 ὃς
2626 4307 2726 4377 τὴν
2772 4306 3029 4377 ἀλήθειαν
3063 4307 3192 4377 ὑμῖν
3242 4305 3555 4375 λελάληκα;
3612 4322 3631 4355 ι
3683 4308 3794 4377 οὐχ

516 4391 610 4460 qui
656 4391 948 4446 veritatem
986 4391 1145 4446 vobis
1193 4392 1412 4447 locutus
1439 4407 1559 4446 sum
1592 4393 1652 4447 “‘I
1679 4413 1697 4445 ι
1737 4410 1847 4449 non
1870 4396 2087 4466 quidem

2199 4401 2386 4472 ἕτερον
2438 4400 2537 4471 μέν
2577 4416 2701 4452 τινα
2743 4399 3024 4469 σημαίνων
3069 4400 3181 4460 τοῖς
3222 4398 3425 4461 θεῖκοῖς
3470 4396 3792 4468 ίδιώμασιν,

516 4479 684 4532 alium
725 4478 965 4547 aliquem
1002 4479 1316 4550 signiﬁcans
1371 4481 1575 4537 divinis
1622 4486 2087 4555 proprietatibus,

2202 4465 2361 4545 ἄλλον
2503 4489 2677 4561 δηλῶν
2727 4465 2839 4552 τοέξ
2884 4488 3249 4559 ἀνθρωπίνοις
3294 4465 3635 4558 παθήμασιν’
3667 4488 3795 4541 ἀλλ’

518 4568 686 4621 alium
705 4583 835 4623 vero
852 4568 1098 4626 indicans
1115 4570 1460 4641 passionibus
1476 4572 1729 4629 humanis
1748 4592 1761 4628 :
1780 4574 1876 4628 sed
1893 4585 2087 4629 semet-

2203 4579 2396 4632 ἑαυτὸν
2428 4579 2524 4631 ἕνα
2575 4579 2670 4631 καὶ
2704 4579 2867 4630 αὐτὸν
2913 4577 3046 4629 Θεόν
3077 4594 3135 4629 τε
3174 4576 3345 4645 λέγει,
3382 4577 3476 4631 καὶ
3507 4575 3790 4630 δείκνυσιι

519 4661 701 4730 ipsum
741 4676 913 4715 unum
946 4663 1316 4734 eamdemque
1356 4674 1413 4719 et
1435 4666 1606 4720 Deum
1628 4677 1807 4728 vocat,
1842 4673 1899 4719 et
1922 4665 2087 4719 homi-

2203 4671 2512 4740 ἄνθρωπον.
2542 4665 2633 4733 Εἷς
2662 4669 2771 4738 γὰρ
2800 4665 2869 4737 ἦν
2894 4669 2990 4723 καὶ
3014 4671 3043 4722 ὁ
3068 4668 3249 4731 αὑτός·
3278 4669 3369 4721 καὶ¹
3396 4667 3555 4721 τοῦτο
3584 4668 3665 4720 ὢν
3692 4668 3798 4723 καὶ

519 4765 646 4805 nem
683 4751 942 4807 ostendit.
988 4752 1140 4809 Unus
1167 4756 1389 4825 quidem
1427 4757 1681 4824 idemque
1704 4762 1842 4817 erat,
1873 4763 1930 4807 et
1963 4755 2087 4809 illud

2205 4762 2383 4815 ἐκεῖνο
2427 4762 2797 4831 δεικνύμενος.
2852 4758 2965 4813 Καὶ
3010 4759 3117 4827 γὰρ
3163 4757 3241 4828 τῷ
3294 4757 3473 4829 Πατρὶ
3509 4757 3798 4812 δείκνυσιν

519 4842 809 4907 exsistens,
834 4853 891 4899 et
916 4844 1021 4901 hoc
1052 4847 1368 4904 ostendens.
1420 4847 1556 4900 Nam
1601 4854 1658 4899 et
1705 4846 1853 4900 Patri
1899 4856 2087 4901 semet-

2205 4852 2398 4905 ἑαυτὸν
2422 4852 2726 4921 όμοούσιον,
2770 4850 2863 4904 καὶ
2892 4852 3006 4914 τοῖς
3042 4850 3351 4923 ἀνθρώποις
3395 4850 3664 4920 ὁμότιμον
3687 4869 3699 4880 ·
3734 4852 3797 4903 τὸ

520 4932 698 5002 ipsum
726 4936 1269 5005 consubstantialem,
1291 4947 1349 4993 et
1372 4935 1688 4991 hominibus
1702 4936 1969 5007 dignitate
1994 4953 2062 5007 pa

2200 4942 2301 5013 μὲν
2336 4942 2433 5006 ὣν,
2461 4941 2551 4996 διὰ
2588 4942 2688 5012 τὴν
2733 4941 2916 5012 φύσιν·
2947 4940 3086 4994 τὸδὲ
3121 4940 3374 5011 ἑλόμενος
3400 4982 3416 5006 ,
3462 4938 3553 4994 διὰ
3593 4941 3798 5010 φιλαν-

519 5041 635 5081 rem
654 5028 896 5084 ostendit
920 5044 934 5081 :
977 5030 1111 5085 illud
1141 5030 1366 5101 quidem
1395 5029 1666 5082 exsistens
1694 5044 1792 5098 per
1816 5040 2087 5096 naturam,

2213 5033 2481 5102 θρωπίαν.
2521 5034 2597 5087 Uti
2644 5034 2751 5105 γὰρ
2779 5031 3137 5104 ἀνθρωπότης
3179 5033 3452 5103 διεστήκει
3487 5031 3788 5103 θεότητος,

520 5125 625 5177 hoc
644 5129 827 5175 autem
855 5121 1141 5176 hominum
1167 5136 1357 5176 amore
1384 5119 1688 5188 suscipiens
1736 5120 1924 5189 Neque
1947 5122 2087 5175 enim

2200 5124 2275 5188 ὡς
2309 5125 2358 5176 oi
2392 5124 2486 5177 νῦν
2517 5124 2853 5195 διαιροῦντες
2877 5124 2969 5177 τὸν
2990 5124 3227 5195 Χριστόν
3249 5140 3417 5194 φασι,
3449 5124 3546 5177 καὶ
3571 5125 3800 5192 ὁμωνυ-

523 5212 834 5268 humanitas
863 5229 896 5268 a
929 5213 1215 5268 divinitate
1238 5212 1484 5281 sejuncta
1519 5220 1635 5265 erat
1666 5228 1680 5276 ;
1724 5220 1785 5265 ut
1816 5212 1973 5266 aiunt
2020 5213 2087 5267 illi

2205 5215 2337 5283 μίαν
2373 5215 2696 5285 ποιήσαντες
2723 5213 2784 5266 τὸ
2817 5214 3133 5285 μυστήριον,
3173 5213 3335 5283 τέχνῃ
3371 5211 3547 5280 λόγων
3591 5209 3797 5265 ὶπιθο-

520 5304 615 5373 qui
643 5304 922 5358 Christum
948 5317 1100 5356 nunc
1126 5300 1398 5365 dividunt,
1426 5309 1483 5355 et
1502 5316 1569 5355 ex
1598 5301 1861 5373 mysterio
1890 5303 2087 5359 faciunt

2205 5304 2423 5369 λοῦντες
2492 5308 2592 5376 τῆς
2646 5304 2883 5369 πίστεως
2951 5303 3108 5373 ἡμῶν
3156 5304 3255 5376 τὴν
3310 5303 3624 5373 ἀπλότητα’
3697 5303 3799 5358 ἵνα

521 5394 1043 5462 aequivocationem,
1093 5392 1390 5447 verborum
1435 5392 1671 5449 artiﬁcio
1721 5393 1847 5448 ﬁdei
1899 5405 2087 5449 nostra

2209 5398 2603 5467 ἀνθρωπότητα
2649 5397 2745 5467 τῆς
2774 5396 3025 5467 θεότητος
3062 5396 3493 5466 ἀποστήσαντες,
3537 5392 3635 5446 καὶ
3682 5393 3799 5464 τὴν

521 5483 929 5553 simplicitatem
961 5484 1381 5552 perturbantes;
1423 5495 1485 5540 ut
1507 5485 1847 5540 humanitate
1896 5500 1926 5538 a
1964 5486 2087 5539 divi-

2213 5488 2477 5559 σωτήριον
2516 5488 2719 5559 ταύτην
2762 5489 2955 5542 ἕνωσιν
3001 5487 3281 5552 λύσαντες,
3317 5487 3660 5547 ἐπεισάκτοις
3693 5481 3796 5538 λό-

594 5644 611 5673 ι
656 5643 847 5766 313m).
880 5658 993 5707 xm,
1021 5641 1109 5699 25.
1137 5666 1142 5671 ν
1189 5645 1208 5676 ⁸
1239 5644 1396 5701 Joan.
1430 5659 1539 5710 XVI,
1570 5642 1657 5697 28.

594 5728 644 5766 .1.
754 5751 767 5763 .

522 5725 644 5771 Vill.
675 5725 767 5766 ἆυ.

1768 5640 1993 5697 'Mattb.
2021 5658 2134 5708 xm,
2169 5643 2223 5697 '5.
2303 5644 2323 5675 δ
2346 5644 2575 5711 Joan.x,
2609 5646 2695 5700 '50.
2798 5647 2819 5676 ⁸
2856 5647 3012 5702 Joan.
3041 5662 3151 5709 τιν,
3180 5646 3231 5701 9.
3314 5647 3333 5677 ⁸
3367 5646 3523 5700 Joan.
3561 5642 3795 5712 “1,20;
