  <div class='ocr_page' id='page_1' title='image "/cluster/home/n/w/nwhite01/storage/ocr_20150623/77:no.10/coo.31924054869783/666.png"; bbox 0 0 4076 6458; ppageno 0'>
   <div class='ocr_carea' id='block_1_1' title="bbox 450 242 590 335">
    <p class='ocr_par' dir='ltr' id='par_1_1' title="bbox 450 242 590 335">
     <span class='ocr_line' id='line_1_1' title="bbox 450 242 590 335; baseline 0 -2"><span class='ocrx_word' id='word_1_1' title='bbox 450 242 590 335; x_wconf 68' lang='grc' dir='ltr'>ιείι</span> 
     </span>
    </p>
   </div>
   <div class='ocr_carea' id='block_1_2' title="bbox 1585 280 2593 346">
    <p class='ocr_par' dir='ltr' id='par_1_2' title="bbox 1585 280 2593 346">
     <span class='ocr_line' id='line_1_2' title="bbox 1585 280 2593 346; baseline 0.011 -11"><span class='ocrx_word' id='word_1_2' title='bbox 1585 280 1949 338; x_wconf 79' lang='lat' dir='ltr'><strong>EXPOSITIO</strong></span> <span class='ocrx_word' id='word_1_3' title='bbox 1988 283 2283 341; x_wconf 74' lang='lat' dir='ltr'><strong>SYMBOLI</strong></span> <span class='ocrx_word' id='word_1_4' title='bbox 2321 287 2593 346; x_wconf 58' lang='lat' dir='ltr'><strong>NICENI.</strong></span> 
     </span>
    </p>
   </div>
   <div class='ocr_carea' id='block_1_3' title="bbox 3586 304 3719 361">
    <p class='ocr_par' dir='ltr' id='par_1_3' title="bbox 3586 304 3719 361">
     <span class='ocr_line' id='line_1_3' title="bbox 3586 304 3719 361; baseline 0.023 -3"><span class='ocrx_word' id='word_1_5' title='bbox 3586 304 3719 361; x_wconf 71' lang='grc'><strong>1313</strong></span> 
     </span>
    </p>
   </div>
   <div class='ocr_carea' id='block_1_4' title="bbox 452 391 2018 483">
    <p class='ocr_par' dir='ltr' id='par_1_4' title="bbox 452 391 2018 468">
     <span class='ocr_line' id='line_1_4' title="bbox 452 391 2018 468; baseline 0.001 -21"><span class='ocrx_word' id='word_1_6' title='bbox 452 409 568 462; x_wconf 73' lang='grc' dir='ltr'>γοις</span> <span class='ocrx_word' id='word_1_7' title='bbox 603 392 702 463; x_wconf 75' lang='grc' dir='ltr'>τὴν</span> <span class='ocrx_word' id='word_1_8' title='bbox 754 391 1066 462; x_wconf 77' lang='grc' dir='ltr'><strong>οἰκονομίαν</strong></span> <span class='ocrx_word' id='word_1_9' title='bbox 1100 391 1349 447; x_wconf 83' lang='grc' dir='ltr'>ἀνέλωσι.</span> <span class='ocrx_word' id='word_1_10' title='bbox 1403 393 1468 445; x_wconf 87' lang='grc' dir='ltr'>Τί</span> <span class='ocrx_word' id='word_1_11' title='bbox 1516 395 1626 465; x_wconf 80' lang='grc' dir='ltr'><strong>γὰρ</strong></span> <span class='ocrx_word' id='word_1_12' title='bbox 1659 396 2018 468; x_wconf 40' lang='grc' dir='ltr'>ᾠκονομήθηι</span> 
     </span>
    </p>
   </div>
   <div class='ocr_carea' id='block_1_5' title="bbox 2121 391 3716 483">
    <p class='ocr_par' dir='ltr' id='par_1_5' title="bbox 2134 400 3716 483">
     <span class='ocr_line' id='line_1_5' title="bbox 2134 400 3716 483; baseline 0.013 -30"><span class='ocrx_word' id='word_1_13' title='bbox 2134 400 2307 456; x_wconf 90' lang='lat' dir='ltr'><strong>nitate</strong></span> <span class='ocrx_word' id='word_1_14' title='bbox 2349 413 2619 472; x_wconf 88' lang='lat' dir='ltr'><strong>separata,</strong></span> <span class='ocrx_word' id='word_1_15' title='bbox 2668 416 2725 461; x_wconf 88' lang='lat' dir='ltr'><strong>et</strong></span> <span class='ocrx_word' id='word_1_16' title='bbox 2774 408 3002 464; x_wconf 90' lang='lat' dir='ltr'><strong>salutari</strong></span> <span class='ocrx_word' id='word_1_17' title='bbox 3050 409 3154 467; x_wconf 89' lang='lat' dir='ltr'><strong>hac</strong></span> <span class='ocrx_word' id='word_1_18' title='bbox 3188 404 3393 469; x_wconf 80' lang='lat' dir='ltr'><strong>unione</strong></span> <span class='ocrx_word' id='word_1_19' title='bbox 3428 414 3716 483; x_wconf 85' lang='lat' dir='ltr'><strong>dissomta,</strong></span> 
     </span>
    </p>
   </div>
   <div class='ocr_carea' id='block_1_6' title="bbox 448 484 2034 561">
    <p class='ocr_par' dir='ltr' id='par_1_6' title="bbox 448 484 2034 561">
     <span class='ocr_line' id='line_1_6' title="bbox 448 484 2034 561; baseline 0.002 -22"><span class='ocrx_word' id='word_1_20' title='bbox 448 485 757 555; x_wconf 76' lang='grc' dir='ltr'><strong>λεγέτωσαν</strong></span> <span class='ocrx_word' id='word_1_21' title='bbox 783 487 938 556; x_wconf 81' lang='grc' dir='ltr'>ἡμῖν,</span> <span class='ocrx_word' id='word_1_22' title='bbox 967 486 1016 537; x_wconf 84' lang='grc' dir='ltr'>εἰ</span> <span class='ocrx_word' id='word_1_23' title='bbox 1049 484 1233 549; x_wconf 86' lang='grc' dir='ltr'>καθὼς</span> <span class='ocrx_word' id='word_1_24' title='bbox 1263 485 1351 539; x_wconf 76' lang='grc' dir='ltr'><strong>ἀεὶ</strong></span> <span class='ocrx_word' id='word_1_25' title='bbox 1378 487 1475 540; x_wconf 73' lang='grc' dir='ltr'><strong>καὶ</strong></span> <span class='ocrx_word' id='word_1_26' title='bbox 1507 489 1628 540; x_wconf 89' lang='grc' dir='ltr'>τότε</span> <span class='ocrx_word' id='word_1_27' title='bbox 1662 488 1795 552; x_wconf 82' lang='grc' dir='ltr'>Θεὸς</span> <span class='ocrx_word' id='word_1_28' title='bbox 1823 488 2034 561; x_wconf 85' lang='grc' dir='ltr'>ἀνθρὼ-</span> 
     </span>
    </p>
   </div>
   <div class='ocr_carea' id='block_1_7' title="bbox 448 575 2035 648">
    <p class='ocr_par' dir='ltr' id='par_1_7' title="bbox 448 575 2035 648">
     <span class='ocr_line' id='line_1_7' title="bbox 448 575 2035 648; baseline 0.001 -17"><span class='ocrx_word' id='word_1_29' title='bbox 448 595 549 631; x_wconf 77' lang='grc' dir='ltr'><strong>που</strong></span> <span class='ocrx_word' id='word_1_30' title='bbox 572 576 796 648; x_wconf 82' lang='grc' dir='ltr'>διῄρητο</span> <span class='ocrx_word' id='word_1_31' title='bbox 815 594 830 641; x_wconf 90' lang='lat'><strong>;</strong></span> <span class='ocrx_word' id='word_1_32' title='bbox 861 575 1001 629; x_wconf 84' lang='grc' dir='ltr'>Ἀλλ’</span> <span class='ocrx_word' id='word_1_33' title='bbox 1020 576 1332 647; x_wconf 80' lang='grc' dir='ltr'>οἰκονομίαν</span> <span class='ocrx_word' id='word_1_34' title='bbox 1355 577 1511 643; x_wconf 82' lang='grc' dir='ltr'><strong>Θεοῦ,</strong></span> <span class='ocrx_word' id='word_1_35' title='bbox 1530 579 1624 632; x_wconf 71' lang='grc' dir='ltr'><strong>καὶ⁹</strong></span> <span class='ocrx_word' id='word_1_36' title='bbox 1649 579 1734 632; x_wconf 75' lang='grc' dir='ltr'><strong>διὰ</strong></span> <span class='ocrx_word' id='word_1_37' title='bbox 1752 578 2035 644; x_wconf 84' lang='grc' dir='ltr'><strong>κενώσεως</strong></span> 
     </span>
    </p>
   </div>
   <div class='ocr_carea' id='block_1_8' title="bbox 449 665 2037 740">
    <p class='ocr_par' dir='ltr' id='par_1_8' title="bbox 449 665 2037 740">
     <span class='ocr_line' id='line_1_8' title="bbox 449 665 2037 740; baseline 0.002 -20"><span class='ocrx_word' id='word_1_38' title='bbox 449 665 861 736; x_wconf 74' lang='grc' dir='ltr'>συγκατάὃασιν</span> <span class='ocrx_word' id='word_1_39' title='bbox 884 665 1138 737; x_wconf 82' lang='grc' dir='ltr'>λέγομεν·</span> <span class='ocrx_word' id='word_1_40' title='bbox 1172 668 1254 720; x_wconf 81' lang='grc' dir='ltr'>ὅτι</span> <span class='ocrx_word' id='word_1_41' title='bbox 1281 667 1446 732; x_wconf 82' lang='grc' dir='ltr'>αὐτὸς</span> <span class='ocrx_word' id='word_1_42' title='bbox 1466 670 1494 721; x_wconf 99' lang='lat'><strong>6</strong></span> <span class='ocrx_word' id='word_1_43' title='bbox 1523 668 1657 733; x_wconf 90' lang='grc' dir='ltr'>Θεὸς</span> <span class='ocrx_word' id='word_1_44' title='bbox 1682 670 1854 738; x_wconf 73' lang='grc' dir='ltr'>Δόγος</span> <span class='ocrx_word' id='word_1_45' title='bbox 1877 670 2037 740; x_wconf 80' lang='grc' dir='ltr'>γέγο-</span> 
     </span>
    </p>
   </div>
   <div class='ocr_carea' id='block_1_9' title="bbox 447 758 2036 833">
    <p class='ocr_par' dir='ltr' id='par_1_9' title="bbox 447 758 2036 833">
     <span class='ocr_line' id='line_1_9' title="bbox 447 758 2036 833; baseline 0.001 -19"><span class='ocrx_word' id='word_1_46' title='bbox 447 776 536 815; x_wconf 87' lang='grc' dir='ltr'>νεν</span> <span class='ocrx_word' id='word_1_47' title='bbox 568 758 890 828; x_wconf 83' lang='grc' dir='ltr'>ἄνθρωπος,</span> <span class='ocrx_word' id='word_1_48' title='bbox 916 759 979 812; x_wconf 85' lang='grc' dir='ltr'><strong>ού</strong></span> <span class='ocrx_word' id='word_1_49' title='bbox 1011 760 1373 831; x_wconf 77' lang='grc' dir='ltr'>μεταϐληθεὶς</span> <span class='ocrx_word' id='word_1_50' title='bbox 1401 761 1501 833; x_wconf 82' lang='grc' dir='ltr'>τὴν</span> <span class='ocrx_word' id='word_1_51' title='bbox 1530 761 1714 832; x_wconf 81' lang='grc' dir='ltr'>φύσιν,</span> <span class='ocrx_word' id='word_1_52' title='bbox 1740 762 1877 816; x_wconf 85' lang='grc' dir='ltr'><strong>ἀλλά</strong></span> <span class='ocrx_word' id='word_1_53' title='bbox 1906 763 2036 818; x_wconf 89' lang='grc' dir='ltr'>θαυ-</span> 
     </span>
    </p>
   </div>
   <div class='ocr_carea' id='block_1_10' title="bbox 450 848 2035 925">
    <p class='ocr_par' dir='ltr' id='par_1_10' title="bbox 450 848 2035 925">
     <span class='ocr_line' id='line_1_10' title="bbox 450 848 2035 925; baseline 0.003 -21"><span class='ocrx_word' id='word_1_54' title='bbox 450 851 839 921; x_wconf 82' lang='grc' dir='ltr'>ματουργήσας</span> <span class='ocrx_word' id='word_1_55' title='bbox 899 848 997 922; x_wconf 77' lang='grc' dir='ltr'>τὴν</span> <span class='ocrx_word' id='word_1_56' title='bbox 1061 851 1277 905; x_wconf 73' lang='grc' dir='ltr'>ἕνωσιν.</span> <span class='ocrx_word' id='word_1_57' title='bbox 1327 852 1440 905; x_wconf 74' lang='grc' dir='ltr'><strong>Καὶ</strong></span> <span class='ocrx_word' id='word_1_58' title='bbox 1500 852 1703 925; x_wconf 81' lang='grc' dir='ltr'>αῦτηή</span> <span class='ocrx_word' id='word_1_59' title='bbox 1753 853 2035 925; x_wconf 77' lang='grc' dir='ltr'>οἰκονομία</span> 
     </span>
    </p>
   </div>
   <div class='ocr_carea' id='block_1_11' title="bbox 445 941 1458 1015">
    <p class='ocr_par' dir='ltr' id='par_1_11' title="bbox 445 941 1458 1015">
     <span class='ocr_line' id='line_1_11' title="bbox 445 941 1458 1015; baseline 0.003 -20"><span class='ocrx_word' id='word_1_60' title='bbox 445 943 623 998; x_wconf 81' lang='grc' dir='ltr'>πάντα</span> <span class='ocrx_word' id='word_1_61' title='bbox 649 942 808 1011; x_wconf 86' lang='grc' dir='ltr'>λόγον</span> <span class='ocrx_word' id='word_1_62' title='bbox 837 941 1139 1013; x_wconf 85' lang='grc' dir='ltr'>ἀνθρώπων</span> <span class='ocrx_word' id='word_1_63' title='bbox 1169 944 1458 1015; x_wconf 81' lang='grc' dir='ltr'>κινήσασα.</span> 
     </span>
    </p>
   </div>
   <div class='ocr_carea' id='block_1_12' title="bbox 440 1219 2028 1293">
    <p class='ocr_par' dir='ltr' id='par_1_12' title="bbox 440 1219 2028 1293">
     <span class='ocr_line' id='line_1_12' title="bbox 440 1219 2028 1293; baseline 0.001 -18"><span class='ocrx_word' id='word_1_64' title='bbox 440 1219 631 1279; x_wconf 63' lang='grc' dir='ltr'><strong>ΓΔιά</strong></span> <span class='ocrx_word' id='word_1_65' title='bbox 654 1220 815 1276; x_wconf 86' lang='grc' dir='ltr'>τοῦτο</span> <span class='ocrx_word' id='word_1_66' title='bbox 851 1220 945 1274; x_wconf 67' lang='grc' dir='ltr'>καὶ</span> <span class='ocrx_word' id='word_1_67' title='bbox 995 1222 1022 1275; x_wconf 91' lang='lat'><strong>6</strong></span> <span class='ocrx_word' id='word_1_68' title='bbox 1066 1221 1239 1292; x_wconf 81' lang='grc' dir='ltr'>μέγας</span> <span class='ocrx_word' id='word_1_69' title='bbox 1274 1221 1483 1284; x_wconf 83' lang='grc' dir='ltr'>Παῦλος</span> <span class='ocrx_word' id='word_1_70' title='bbox 1524 1220 1838 1292; x_wconf 87' lang='grc' dir='ltr'>ἀνθρώπινα</span> <span class='ocrx_word' id='word_1_71' title='bbox 1882 1221 2028 1293; x_wconf 86' lang='grc' dir='ltr'>πάθη</span> 
     </span>
    </p>
   </div>
   <div class='ocr_carea' id='block_1_13' title="bbox 443 1311 2031 1384">
    <p class='ocr_par' dir='ltr' id='par_1_13' title="bbox 443 1311 2031 1384">
     <span class='ocr_line' id='line_1_13' title="bbox 443 1311 2031 1384; baseline 0.001 -18"><span class='ocrx_word' id='word_1_72' title='bbox 443 1312 596 1384; x_wconf 79' lang='grc' dir='ltr'>αὐτῷ</span> <span class='ocrx_word' id='word_1_73' title='bbox 645 1313 954 1383; x_wconf 85' lang='grc' dir='ltr'>προσάπτει</span> <span class='ocrx_word' id='word_1_74' title='bbox 1011 1312 1165 1383; x_wconf 85' lang='grc' dir='ltr'>Θεῷ·</span> <span class='ocrx_word' id='word_1_75' title='bbox 1196 1314 1258 1367; x_wconf 80' lang='grc' dir='ltr'>οὐ</span> <span class='ocrx_word' id='word_1_76' title='bbox 1312 1311 1563 1384; x_wconf 81' lang='grc' dir='ltr'><strong>παθητὴν</strong></span> <span class='ocrx_word' id='word_1_77' title='bbox 1610 1313 1879 1367; x_wconf 81' lang='grc' dir='ltr'><strong>διδάσκων</strong></span> <span class='ocrx_word' id='word_1_78' title='bbox 1909 1314 2031 1367; x_wconf 89' lang='grc' dir='ltr'>θεό-</span> 
     </span>
    </p>
   </div>
   <div class='ocr_carea' id='block_1_14' title="bbox 439 1403 2029 1477">
    <p class='ocr_par' dir='ltr' id='par_1_14' title="bbox 439 1403 2029 1477">
     <span class='ocr_line' id='line_1_14' title="bbox 439 1403 2029 1477; baseline 0.001 -20"><span class='ocrx_word' id='word_1_79' title='bbox 439 1422 581 1476; x_wconf 89' lang='grc' dir='ltr'>τητα</span> <span class='ocrx_word' id='word_1_80' title='bbox 602 1446 617 1471; x_wconf 95' lang='grc'><strong>,</strong></span> <span class='ocrx_word' id='word_1_81' title='bbox 649 1403 764 1458; x_wconf 82' lang='grc' dir='ltr'>ἀλλ’</span> <span class='ocrx_word' id='word_1_82' title='bbox 804 1403 1010 1473; x_wconf 81' lang='grc' dir='ltr'>ἀγαθοῦ</span> <span class='ocrx_word' id='word_1_83' title='bbox 1041 1404 1178 1457; x_wconf 86' lang='grc' dir='ltr'>Θεοῦ</span> <span class='ocrx_word' id='word_1_84' title='bbox 1230 1404 1329 1476; x_wconf 85' lang='grc' dir='ltr'>τὴν</span> <span class='ocrx_word' id='word_1_85' title='bbox 1370 1404 1506 1475; x_wconf 89' lang='grc' dir='ltr'>πρὸς</span> <span class='ocrx_word' id='word_1_86' title='bbox 1532 1403 1856 1473; x_wconf 80' lang='grc' dir='ltr'>ἀνθρώπους</span> <span class='ocrx_word' id='word_1_87' title='bbox 1891 1422 2029 1477; x_wconf 87' lang='grc' dir='ltr'>συμ-</span> 
     </span>
    </p>
   </div>
   <div class='ocr_carea' id='block_1_15' title="bbox 444 1495 2028 1568">
    <p class='ocr_par' dir='ltr' id='par_1_15' title="bbox 444 1495 2028 1568">
     <span class='ocr_line' id='line_1_15' title="bbox 444 1495 2028 1568; baseline 0 -18"><span class='ocrx_word' id='word_1_88' title='bbox 444 1496 678 1551; x_wconf 83' lang='grc' dir='ltr'>πάθειαν</span> <span class='ocrx_word' id='word_1_89' title='bbox 747 1497 1351 1568; x_wconf 80' lang='grc' dir='ltr'>θαυματουργουμένην</span> <span class='ocrx_word' id='word_1_90' title='bbox 1409 1495 1598 1549; x_wconf 79' lang='grc' dir='ltr'>εἰπών.</span> <span class='ocrx_word' id='word_1_91' title='bbox 1667 1496 1866 1549; x_wconf 85' lang='grc' dir='ltr'>Παθεῖν</span> <span class='ocrx_word' id='word_1_92' title='bbox 1918 1496 2028 1568; x_wconf 89' lang='grc' dir='ltr'><strong>γάρ</strong></span> 
     </span>
    </p>
   </div>
   <div class='ocr_carea' id='block_1_16' title="bbox 439 1582 2027 1659">
    <p class='ocr_par' dir='ltr' id='par_1_16' title="bbox 439 1582 2027 1659">
     <span class='ocr_line' id='line_1_16' title="bbox 439 1582 2027 1659; baseline 0.001 -20"><span class='ocrx_word' id='word_1_93' title='bbox 439 1586 581 1658; x_wconf 82' lang='grc' dir='ltr'>ὑπὲρ</span> <span class='ocrx_word' id='word_1_94' title='bbox 607 1586 910 1659; x_wconf 82' lang='grc' dir='ltr'>ἀνθρώπων</span> <span class='ocrx_word' id='word_1_95' title='bbox 940 1586 1172 1658; x_wconf 81' lang='grc' dir='ltr'><strong>θελήσας</strong></span> <span class='ocrx_word' id='word_1_96' title='bbox 1217 1586 1350 1650; x_wconf 85' lang='grc' dir='ltr'>Θεὸς</span> <span class='ocrx_word' id='word_1_97' title='bbox 1395 1585 1465 1640; x_wconf 89' lang='grc' dir='ltr'><strong>τά</strong></span> <span class='ocrx_word' id='word_1_98' title='bbox 1508 1586 1859 1656; x_wconf 83' lang='grc' dir='ltr'>ἀνθρώπινα,</span> <span class='ocrx_word' id='word_1_99' title='bbox 1908 1582 2027 1641; x_wconf 80' lang='grc' dir='ltr'>εἶτα</span> 
     </span>
    </p>
   </div>
   <div class='ocr_carea' id='block_1_17' title="bbox 437 1677 2024 1751">
    <p class='ocr_par' dir='ltr' id='par_1_17' title="bbox 437 1677 2024 1751">
     <span class='ocr_line' id='line_1_17' title="bbox 437 1677 2024 1751; baseline 0.001 -20"><span class='ocrx_word' id='word_1_100' title='bbox 437 1678 536 1749; x_wconf 80' lang='grc' dir='ltr'>τὴν</span> <span class='ocrx_word' id='word_1_101' title='bbox 578 1677 741 1748; x_wconf 86' lang='grc' dir='ltr'>φύσιν</span> <span class='ocrx_word' id='word_1_102' title='bbox 791 1678 929 1750; x_wconf 75' lang='grc' dir='ltr'>ἔχων</span> <span class='ocrx_word' id='word_1_103' title='bbox 987 1680 1339 1733; x_wconf 75' lang='grc' dir='ltr'><strong>ἀνεπίδεκτον</strong></span> <span class='ocrx_word' id='word_1_104' title='bbox 1391 1678 1501 1732; x_wconf 84' lang='grc' dir='ltr'><strong>τῶν</strong></span> <span class='ocrx_word' id='word_1_105' title='bbox 1550 1679 1761 1743; x_wconf 78' lang='grc' dir='ltr'>παθῶν,</span> <span class='ocrx_word' id='word_1_106' title='bbox 1817 1679 2024 1751; x_wconf 78' lang='grc' dir='ltr'>κατέϐη</span> 
     </span>
    </p>
   </div>
   <div class='ocr_carea' id='block_1_18' title="bbox 2138 490 3721 580">
    <p class='ocr_par' dir='ltr' id='par_1_18' title="bbox 2138 490 3721 580">
     <span class='ocr_line' id='line_1_18' title="bbox 2138 490 3721 580; baseline 0.013 -38"><span class='ocrx_word' id='word_1_107' title='bbox 2138 490 2393 546; x_wconf 86' lang='lat' dir='ltr'><strong>ascilitiis</strong></span> <span class='ocrx_word' id='word_1_108' title='bbox 2436 496 2706 549; x_wconf 74' lang='lat' dir='ltr'><strong>rationum</strong></span> <span class='ocrx_word' id='word_1_109' title='bbox 2759 501 3085 556; x_wconf 91' lang='lat' dir='ltr'><strong>commentis</strong></span> <span class='ocrx_word' id='word_1_110' title='bbox 3123 501 3593 573; x_wconf 88' lang='lat' dir='ltr'><strong>dispensationem</strong></span> <span class='ocrx_word' id='word_1_111' title='bbox 3626 524 3721 580; x_wconf 88' lang='lat' dir='ltr'><strong>pe-</strong></span> 
     </span>
    </p>
   </div>
   <div class='ocr_carea' id='block_1_19' title="bbox 2137 580 3716 669">
    <p class='ocr_par' dir='ltr' id='par_1_19' title="bbox 2137 580 3716 669">
     <span class='ocr_line' id='line_1_19' title="bbox 2137 580 3716 669; baseline 0.014 -36"><span class='ocrx_word' id='word_1_112' title='bbox 2137 580 2287 636; x_wconf 80' lang='lat' dir='ltr'><strong>nitus</strong></span> <span class='ocrx_word' id='word_1_113' title='bbox 2316 582 2530 639; x_wconf 87' lang='lat' dir='ltr'><strong>tollant.</strong></span> <span class='ocrx_word' id='word_1_114' title='bbox 2561 584 2756 641; x_wconf 88' lang='lat' dir='ltr'><strong>Dicant</strong></span> <span class='ocrx_word' id='word_1_115' title='bbox 2783 589 2931 643; x_wconf 88' lang='lat' dir='ltr'><strong>enim</strong></span> <span class='ocrx_word' id='word_1_116' title='bbox 2970 591 3149 658; x_wconf 89' lang='lat' dir='ltr'><strong>nobis,</strong></span> <span class='ocrx_word' id='word_1_117' title='bbox 3190 608 3298 663; x_wconf 90' lang='lat' dir='ltr'><strong>qua</strong></span> <span class='ocrx_word' id='word_1_118' title='bbox 3330 595 3384 649; x_wconf 91' lang='lat' dir='ltr'><strong>in</strong></span> <span class='ocrx_word' id='word_1_119' title='bbox 3410 612 3467 651; x_wconf 87' lang='lat' dir='ltr'><strong>re</strong></span> <span class='ocrx_word' id='word_1_120' title='bbox 3492 597 3716 669; x_wconf 88' lang='lat' dir='ltr'><strong>dispen-</strong></span> 
     </span>
    </p>
   </div>
   <div class='ocr_carea' id='block_1_20' title="bbox 2138 675 3720 756">
    <p class='ocr_par' dir='ltr' id='par_1_20' title="bbox 2138 675 3720 756">
     <span class='ocr_line' id='line_1_20' title="bbox 2138 675 3720 756; baseline 0.011 -27"><span class='ocrx_word' id='word_1_121' title='bbox 2138 683 2315 729; x_wconf 90' lang='lat' dir='ltr'><strong>satum</strong></span> <span class='ocrx_word' id='word_1_122' title='bbox 2340 675 2529 742; x_wconf 90' lang='lat' dir='ltr'><strong>fuerit,</strong></span> <span class='ocrx_word' id='word_1_123' title='bbox 2571 678 2615 732; x_wconf 89' lang='lat' dir='ltr'><strong>si</strong></span> <span class='ocrx_word' id='word_1_124' title='bbox 2641 680 3105 749; x_wconf 85' lang='lat' dir='ltr'><strong>quemadmodum</strong></span> <span class='ocrx_word' id='word_1_125' title='bbox 3131 700 3369 756; x_wconf 88' lang='lat' dir='ltr'><strong>semper,</strong></span> <span class='ocrx_word' id='word_1_126' title='bbox 3400 687 3474 743; x_wconf 90' lang='lat' dir='ltr'><strong>ita</strong></span> <span class='ocrx_word' id='word_1_127' title='bbox 3505 699 3561 744; x_wconf 90' lang='lat' dir='ltr'><strong>et</strong></span> <span class='ocrx_word' id='word_1_128' title='bbox 3587 699 3720 747; x_wconf 89' lang='lat' dir='ltr'><strong>tunc</strong></span> 
     </span>
    </p>
   </div>
   <div class='ocr_carea' id='block_1_21' title="bbox 2137 765 3717 849">
    <p class='ocr_par' dir='ltr' id='par_1_21' title="bbox 2137 765 3717 849">
     <span class='ocr_line' id='line_1_21' title="bbox 2137 765 3717 849; baseline 0.011 -30"><span class='ocrx_word' id='word_1_129' title='bbox 2137 765 2282 822; x_wconf 90' lang='lat' dir='ltr'><strong>Deus</strong></span> <span class='ocrx_word' id='word_1_130' title='bbox 2317 767 2386 822; x_wconf 91' lang='lat' dir='ltr'><strong>ab</strong></span> <span class='ocrx_word' id='word_1_131' title='bbox 2410 767 2632 825; x_wconf 87' lang='lat' dir='ltr'><strong>homine</strong></span> <span class='ocrx_word' id='word_1_132' title='bbox 2656 778 2775 825; x_wconf 89' lang='lat' dir='ltr'><strong>erat</strong></span> <span class='ocrx_word' id='word_1_133' title='bbox 2800 772 3014 829; x_wconf 81' lang='lat' dir='ltr'><strong>divisus</strong></span> <span class='ocrx_word' id='word_1_134' title='bbox 3037 775 3061 828; x_wconf 74' lang='lat' dir='ltr'><strong>‘l</strong></span> <span class='ocrx_word' id='word_1_135' title='bbox 3084 775 3191 831; x_wconf 88' lang='lat' dir='ltr'><strong>Sed</strong></span> <span class='ocrx_word' id='word_1_136' title='bbox 3220 776 3317 831; x_wconf 90' lang='lat' dir='ltr'><strong>Dei</strong></span> <span class='ocrx_word' id='word_1_137' title='bbox 3347 777 3717 849; x_wconf 89' lang='lat' dir='ltr'><strong>dispensatio-</strong></span> 
     </span>
    </p>
   </div>
   <div class='ocr_carea' id='block_1_22' title="bbox 2135 861 3718 941">
    <p class='ocr_par' dir='ltr' id='par_1_22' title="bbox 2135 861 3718 941">
     <span class='ocr_line' id='line_1_22' title="bbox 2135 861 3718 941; baseline 0.009 -29"><span class='ocrx_word' id='word_1_138' title='bbox 2135 874 2262 914; x_wconf 88' lang='lat' dir='ltr'><strong>nem</strong></span> <span class='ocrx_word' id='word_1_139' title='bbox 2317 874 2418 930; x_wconf 90' lang='lat' dir='ltr'><strong>per</strong></span> <span class='ocrx_word' id='word_1_140' title='bbox 2452 861 2883 919; x_wconf 80' lang='lat' dir='ltr'><strong>exinanitionem</strong></span> <span class='ocrx_word' id='word_1_141' title='bbox 2921 865 3199 935; x_wconf 88' lang='lat' dir='ltr'><strong>dicimus;</strong></span> <span class='ocrx_word' id='word_1_142' title='bbox 3240 868 3389 938; x_wconf 91' lang='lat' dir='ltr'><strong>quod</strong></span> <span class='ocrx_word' id='word_1_143' title='bbox 3426 870 3542 941; x_wconf 91' lang='lat' dir='ltr'><strong>ipse</strong></span> <span class='ocrx_word' id='word_1_144' title='bbox 3573 872 3718 928; x_wconf 83' lang='lat' dir='ltr'><strong>Deus</strong></span> 
     </span>
    </p>
   </div>
   <div class='ocr_carea' id='block_1_23' title="bbox 2136 950 3714 1028">
    <p class='ocr_par' dir='ltr' id='par_1_23' title="bbox 2136 950 3714 1028">
     <span class='ocr_line' id='line_1_23' title="bbox 2136 950 3714 1028; baseline 0.008 -22"><span class='ocrx_word' id='word_1_145' title='bbox 2136 950 2377 1006; x_wconf 82' lang='lat' dir='ltr'><strong>Verbum</strong></span> <span class='ocrx_word' id='word_1_146' title='bbox 2410 951 2590 1007; x_wconf 89' lang='lat' dir='ltr'><strong>factus</strong></span> <span class='ocrx_word' id='word_1_147' title='bbox 2622 961 2707 1009; x_wconf 88' lang='lat' dir='ltr'><strong>est</strong></span> <span class='ocrx_word' id='word_1_148' title='bbox 2727 954 2913 1021; x_wconf 91' lang='lat' dir='ltr'><strong>homo,</strong></span> <span class='ocrx_word' id='word_1_149' title='bbox 2947 972 3058 1012; x_wconf 91' lang='lat' dir='ltr'><strong>non</strong></span> <span class='ocrx_word' id='word_1_150' title='bbox 3080 968 3300 1014; x_wconf 88' lang='lat' dir='ltr'><strong>mutans</strong></span> <span class='ocrx_word' id='word_1_151' title='bbox 3322 968 3594 1028; x_wconf 90' lang='lat' dir='ltr'><strong>naturam,</strong></span> <span class='ocrx_word' id='word_1_152' title='bbox 3620 965 3714 1018; x_wconf 84' lang='lat' dir='ltr'><strong>sed</strong></span> 
     </span>
    </p>
   </div>
   <div class='ocr_carea' id='block_1_24' title="bbox 2135 1041 3715 1123">
    <p class='ocr_par' dir='ltr' id='par_1_24' title="bbox 2135 1041 3715 1123">
     <span class='ocr_line' id='line_1_24' title="bbox 2135 1041 3715 1123; baseline 0.009 -28"><span class='ocrx_word' id='word_1_153' title='bbox 2135 1041 2465 1099; x_wconf 89' lang='lat' dir='ltr'><strong>miraculose</strong></span> <span class='ocrx_word' id='word_1_154' title='bbox 2507 1042 2751 1100; x_wconf 74' lang='lat' dir='ltr'><strong>elﬁciens</strong></span> <span class='ocrx_word' id='word_1_155' title='bbox 2798 1047 3080 1102; x_wconf 90' lang='lat' dir='ltr'><strong>unionem.</strong></span> <span class='ocrx_word' id='word_1_156' title='bbox 3128 1049 3198 1103; x_wconf 87' lang='lat' dir='ltr'><strong>Et</strong></span> <span class='ocrx_word' id='word_1_157' title='bbox 3225 1050 3343 1106; x_wconf 66' lang='lat' dir='ltr'><strong>hazc</strong></span> <span class='ocrx_word' id='word_1_158' title='bbox 3379 1051 3715 1123; x_wconf 78' lang='lat' dir='ltr'><strong>dispensatio</strong></span> 
     </span>
    </p>
   </div>
   <div class='ocr_carea' id='block_1_25' title="bbox 2131 1137 3306 1211">
    <p class='ocr_par' dir='ltr' id='par_1_25' title="bbox 2131 1137 3306 1211">
     <span class='ocr_line' id='line_1_25' title="bbox 2131 1137 3306 1211; baseline 0.003 -20"><span class='ocrx_word' id='word_1_159' title='bbox 2131 1150 2352 1193; x_wconf 89' lang='lat' dir='ltr'><strong>omnem</strong></span> <span class='ocrx_word' id='word_1_160' title='bbox 2379 1137 2678 1191; x_wconf 86' lang='lat' dir='ltr'><strong>humanam</strong></span> <span class='ocrx_word' id='word_1_161' title='bbox 2697 1139 2968 1193; x_wconf 85' lang='lat' dir='ltr'><strong>rationem</strong></span> <span class='ocrx_word' id='word_1_162' title='bbox 2992 1149 3306 1211; x_wconf 81' lang='lat' dir='ltr'><strong>exsuperat.</strong></span> 
     </span>
    </p>
   </div>
   <div class='ocr_carea' id='block_1_26' title="bbox 2202 1227 3711 1305">
    <p class='ocr_par' dir='ltr' id='par_1_26' title="bbox 2202 1227 3711 1305">
     <span class='ocr_line' id='line_1_26' title="bbox 2202 1227 3711 1305; baseline 0.005 -22"><span class='ocrx_word' id='word_1_163' title='bbox 2202 1227 2294 1283; x_wconf 91' lang='lat' dir='ltr'><strong>III.</strong></span> <span class='ocrx_word' id='word_1_164' title='bbox 2330 1229 2574 1299; x_wconf 89' lang='lat' dir='ltr'><strong>Ideoque</strong></span> <span class='ocrx_word' id='word_1_165' title='bbox 2604 1245 2835 1300; x_wconf 86' lang='lat' dir='ltr'><strong>magnus</strong></span> <span class='ocrx_word' id='word_1_166' title='bbox 2862 1230 2955 1285; x_wconf 91' lang='lat' dir='ltr'><strong>ille</strong></span> <span class='ocrx_word' id='word_1_167' title='bbox 2981 1232 3186 1287; x_wconf 88' lang='lat' dir='ltr'><strong>Paulus</strong></span> <span class='ocrx_word' id='word_1_168' title='bbox 3218 1233 3487 1289; x_wconf 90' lang='lat' dir='ltr'><strong>humanas</strong></span> <span class='ocrx_word' id='word_1_169' title='bbox 3510 1238 3711 1305; x_wconf 87' lang='lat' dir='ltr'><strong>passio-</strong></span> 
     </span>
    </p>
   </div>
   <div class='ocr_carea' id='block_1_27' title="bbox 2129 1320 3714 1395">
    <p class='ocr_par' dir='ltr' id='par_1_27' title="bbox 2129 1320 3714 1395">
     <span class='ocr_line' id='line_1_27' title="bbox 2129 1320 3714 1395; baseline 0.005 -21"><span class='ocrx_word' id='word_1_170' title='bbox 2129 1335 2230 1375; x_wconf 87' lang='lat' dir='ltr'><strong>nes</strong></span> <span class='ocrx_word' id='word_1_171' title='bbox 2264 1320 2367 1390; x_wconf 88' lang='lat' dir='ltr'><strong>ipsi</strong></span> <span class='ocrx_word' id='word_1_172' title='bbox 2419 1320 2534 1376; x_wconf 93' lang='lat' dir='ltr'><strong>Deo</strong></span> <span class='ocrx_word' id='word_1_173' title='bbox 2588 1320 2892 1376; x_wconf 85' lang='lat' dir='ltr'><strong>attribuit:</strong></span> <span class='ocrx_word' id='word_1_174' title='bbox 2937 1337 3049 1377; x_wconf 90' lang='lat' dir='ltr'><strong>non</strong></span> <span class='ocrx_word' id='word_1_175' title='bbox 3101 1322 3362 1379; x_wconf 85' lang='lat' dir='ltr'><strong>deitatem</strong></span> <span class='ocrx_word' id='word_1_176' title='bbox 3401 1326 3714 1395; x_wconf 87' lang='lat' dir='ltr'><strong>passibilcm</strong></span> 
     </span>
    </p>
   </div>
   <div class='ocr_carea' id='block_1_28' title="bbox 2128 1410 3712 1489">
    <p class='ocr_par' dir='ltr' id='par_1_28' title="bbox 2128 1410 3712 1489">
     <span class='ocr_line' id='line_1_28' title="bbox 2128 1410 3712 1489; baseline 0.006 -26"><span class='ocrx_word' id='word_1_177' title='bbox 2128 1410 2351 1476; x_wconf 86' lang='lat' dir='ltr'><strong>docens,</strong></span> <span class='ocrx_word' id='word_1_178' title='bbox 2391 1411 2485 1466; x_wconf 89' lang='lat' dir='ltr'><strong>sed</strong></span> <span class='ocrx_word' id='word_1_179' title='bbox 2524 1411 2621 1466; x_wconf 87' lang='lat' dir='ltr'><strong>Dei</strong></span> <span class='ocrx_word' id='word_1_180' title='bbox 2659 1412 2852 1482; x_wconf 90' lang='lat' dir='ltr'><strong>optimi</strong></span> <span class='ocrx_word' id='word_1_181' title='bbox 2894 1413 3117 1469; x_wconf 78' lang='lat' dir='ltr'><strong>maximi</strong></span> <span class='ocrx_word' id='word_1_182' title='bbox 3160 1415 3542 1471; x_wconf 86' lang='lat' dir='ltr'><strong>miraculosam</strong></span> <span class='ocrx_word' id='word_1_183' title='bbox 3586 1434 3712 1489; x_wconf 84' lang='lat' dir='ltr'><strong>erga</strong></span> 
     </span>
    </p>
   </div>
   <div class='ocr_carea' id='block_1_29' title="bbox 2128 1496 3715 1582">
    <p class='ocr_par' dir='ltr' id='par_1_29' title="bbox 2128 1496 3715 1582">
     <span class='ocr_line' id='line_1_29' title="bbox 2128 1496 3715 1582; baseline 0.006 -25"><span class='ocrx_word' id='word_1_184' title='bbox 2128 1496 2380 1560; x_wconf 84' lang='lat' dir='ltr'><strong>homines</strong></span> <span class='ocrx_word' id='word_1_185' title='bbox 2425 1507 2865 1577; x_wconf 89' lang='lat' dir='ltr'><strong>compassionem</strong></span> <span class='ocrx_word' id='word_1_186' title='bbox 2898 1509 3233 1579; x_wconf 80' lang='lat' dir='ltr'><strong>exprimens.</strong></span> <span class='ocrx_word' id='word_1_187' title='bbox 3274 1510 3410 1565; x_wconf 91' lang='lat' dir='ltr'><strong>Nam</strong></span> <span class='ocrx_word' id='word_1_188' title='bbox 3449 1512 3593 1566; x_wconf 89' lang='lat' dir='ltr'><strong>Deus</strong></span> <span class='ocrx_word' id='word_1_189' title='bbox 3616 1527 3715 1582; x_wconf 92' lang='lat' dir='ltr'><strong>pro</strong></span> 
     </span>
    </p>
   </div>
   <div class='ocr_carea' id='block_1_30' title="bbox 2128 1594 3714 1671">
    <p class='ocr_par' dir='ltr' id='par_1_30' title="bbox 2128 1594 3714 1671">
     <span class='ocr_line' id='line_1_30' title="bbox 2128 1594 3714 1671; baseline 0.006 -23"><span class='ocrx_word' id='word_1_190' title='bbox 2128 1594 2446 1653; x_wconf 86' lang='lat' dir='ltr'><strong>hominibus</strong></span> <span class='ocrx_word' id='word_1_191' title='bbox 2494 1598 2732 1653; x_wconf 86' lang='lat' dir='ltr'><strong>humana</strong></span> <span class='ocrx_word' id='word_1_192' title='bbox 2784 1600 3061 1655; x_wconf 90' lang='lat' dir='ltr'><strong>sustinere</strong></span> <span class='ocrx_word' id='word_1_193' title='bbox 3110 1601 3361 1671; x_wconf 89' lang='lat' dir='ltr'><strong>cupiens,</strong></span> <span class='ocrx_word' id='word_1_194' title='bbox 3409 1610 3466 1657; x_wconf 89' lang='lat' dir='ltr'><strong>et</strong></span> <span class='ocrx_word' id='word_1_195' title='bbox 3518 1613 3714 1657; x_wconf 89' lang='lat' dir='ltr'><strong>natura</strong></span> 
     </span>
    </p>
   </div>
   <div class='ocr_carea' id='block_1_31' title="bbox 2128 1687 3716 1762">
    <p class='ocr_par' dir='ltr' id='par_1_31' title="bbox 2128 1687 3716 1762">
     <span class='ocr_line' id='line_1_31' title="bbox 2128 1687 3716 1762; baseline 0.004 -20"><span class='ocrx_word' id='word_1_196' title='bbox 2128 1687 2444 1757; x_wconf 86' lang='lat' dir='ltr'><strong>passionum</strong></span> <span class='ocrx_word' id='word_1_197' title='bbox 2460 1705 2805 1761; x_wconf 85' lang='lat' dir='ltr'><strong>nequaquam</strong></span> <span class='ocrx_word' id='word_1_198' title='bbox 2822 1692 3007 1761; x_wconf 86' lang='lat' dir='ltr'><strong>capaci</strong></span> <span class='ocrx_word' id='word_1_199' title='bbox 3030 1693 3315 1762; x_wconf 68' lang='lat' dir='ltr'><strong>praeditus,</strong></span> <span class='ocrx_word' id='word_1_200' title='bbox 3348 1692 3632 1749; x_wconf 83' lang='lat' dir='ltr'><strong>descendit</strong></span> <span class='ocrx_word' id='word_1_201' title='bbox 3657 1704 3716 1748; x_wconf 88' lang='lat' dir='ltr'><strong>ut</strong></span> 
     </span>
    </p>
   </div>
   <div class='ocr_carea' id='block_1_32' title="bbox 438 1768 2018 1855">
    <p class='ocr_par' dir='ltr' id='par_1_32' title="bbox 438 1768 2018 1841">
     <span class='ocr_line' id='line_1_32' title="bbox 438 1768 2018 1841; baseline 0.002 -19"><span class='ocrx_word' id='word_1_202' title='bbox 438 1768 576 1839; x_wconf 68' lang='grc' dir='ltr'>πρὸς</span> <span class='ocrx_word' id='word_1_203' title='bbox 626 1768 688 1822; x_wconf 86' lang='grc' dir='ltr'>τὸ</span> <span class='ocrx_word' id='word_1_204' title='bbox 735 1769 1003 1839; x_wconf 82' lang='grc' dir='ltr'>ἑνωθῆναι</span> <span class='ocrx_word' id='word_1_205' title='bbox 1052 1768 1130 1840; x_wconf 83' lang='grc' dir='ltr'>τῷ</span> <span class='ocrx_word' id='word_1_206' title='bbox 1187 1769 1454 1839; x_wconf 84' lang='grc' dir='ltr'>παθητῷ,</span> <span class='ocrx_word' id='word_1_207' title='bbox 1507 1770 1595 1825; x_wconf 80' lang='grc' dir='ltr'>ἵνα</span> <span class='ocrx_word' id='word_1_208' title='bbox 1637 1772 1671 1841; x_wconf 84' lang='grc' dir='ltr'><strong>ἡ</strong></span> <span class='ocrx_word' id='word_1_209' title='bbox 1716 1771 1912 1834; x_wconf 81' lang='grc' dir='ltr'>ἓνωσις</span> <span class='ocrx_word' id='word_1_210' title='bbox 1965 1771 2018 1825; x_wconf 75' lang='grc' dir='ltr'>τὲ</span> 
     </span>
    </p>
   </div>
   <div class='ocr_carea' id='block_1_33' title="bbox 2121 1768 3714 1855">
    <p class='ocr_par' dir='ltr' id='par_1_33' title="bbox 2130 1780 3714 1855">
     <span class='ocr_line' id='line_1_33' title="bbox 2130 1780 3714 1855; baseline 0.004 -21"><span class='ocrx_word' id='word_1_211' title='bbox 2130 1780 2382 1835; x_wconf 89' lang='lat' dir='ltr'><strong>uniretur</strong></span> <span class='ocrx_word' id='word_1_212' title='bbox 2418 1782 2689 1852; x_wconf 89' lang='lat' dir='ltr'><strong>passibili,</strong></span> <span class='ocrx_word' id='word_1_213' title='bbox 2746 1794 2805 1840; x_wconf 85' lang='lat' dir='ltr'><strong>ut</strong></span> <span class='ocrx_word' id='word_1_214' title='bbox 2844 1785 2977 1839; x_wconf 91' lang='lat' dir='ltr'><strong>unio</strong></span> <span class='ocrx_word' id='word_1_215' title='bbox 3021 1784 3330 1854; x_wconf 81' lang='lat' dir='ltr'><strong>passionem</strong></span> <span class='ocrx_word' id='word_1_216' title='bbox 3355 1801 3573 1855; x_wconf 89' lang='lat' dir='ltr'><strong>quoque</strong></span> <span class='ocrx_word' id='word_1_217' title='bbox 3601 1786 3714 1841; x_wconf 89' lang='lat' dir='ltr'><strong>Deo</strong></span> 
     </span>
    </p>
   </div>
   <div class='ocr_carea' id='block_1_34' title="bbox 439 1860 2023 1932">
    <p class='ocr_par' dir='ltr' id='par_1_34' title="bbox 439 1860 2023 1932">
     <span class='ocr_line' id='line_1_34' title="bbox 439 1860 2023 1932; baseline 0.001 -20"><span class='ocrx_word' id='word_1_218' title='bbox 439 1861 609 1923; x_wconf 83' lang='grc' dir='ltr'>πάθος</span> <span class='ocrx_word' id='word_1_219' title='bbox 663 1861 863 1931; x_wconf 84' lang='grc' dir='ltr'>ποιήσῃ</span> <span class='ocrx_word' id='word_1_220' title='bbox 909 1860 1003 1914; x_wconf 71' lang='grc' dir='ltr'>καὶ</span> <span class='ocrx_word' id='word_1_221' title='bbox 1046 1860 1141 1913; x_wconf 85' lang='grc' dir='ltr'><strong>τοῦ</strong></span> <span class='ocrx_word' id='word_1_222' title='bbox 1185 1860 1361 1922; x_wconf 87' lang='grc' dir='ltr'>Θεοῦ,</span> <span class='ocrx_word' id='word_1_223' title='bbox 1414 1861 1714 1932; x_wconf 82' lang='grc' dir='ltr'>ἐπειδήπερ</span> <span class='ocrx_word' id='word_1_224' title='bbox 1766 1862 1799 1932; x_wconf 83' lang='grc' dir='ltr'><strong>ὴ</strong></span> <span class='ocrx_word' id='word_1_225' title='bbox 1864 1860 2023 1930; x_wconf 84' lang='grc' dir='ltr'>φύσις</span> 
     </span>
    </p>
   </div>
   <div class='ocr_carea' id='block_1_35' title="bbox 435 1946 2026 2024">
    <p class='ocr_par' dir='ltr' id='par_1_35' title="bbox 435 1946 2026 2024">
     <span class='ocr_line' id='line_1_35' title="bbox 435 1946 2026 2024; baseline 0.002 -22"><span class='ocrx_word' id='word_1_226' title='bbox 435 1949 531 2003; x_wconf 84' lang='grc' dir='ltr'><strong>τοῦ</strong></span> <span class='ocrx_word' id='word_1_227' title='bbox 560 1949 697 2003; x_wconf 88' lang='grc' dir='ltr'>Θεοῦ</span> <span class='ocrx_word' id='word_1_228' title='bbox 729 1950 835 2002; x_wconf 83' lang='grc' dir='ltr'>τῶν</span> <span class='ocrx_word' id='word_1_229' title='bbox 866 1951 1207 2021; x_wconf 80' lang='grc' dir='ltr'>παθημάτων</span> <span class='ocrx_word' id='word_1_230' title='bbox 1240 1952 1341 2005; x_wconf 78' lang='grc' dir='ltr'>οὐκ</span> <span class='ocrx_word' id='word_1_231' title='bbox 1360 1946 1428 2022; x_wconf 84' lang='grc' dir='ltr'>ἦν</span> <span class='ocrx_word' id='word_1_232' title='bbox 1450 1951 1693 2024; x_wconf 86' lang='grc' dir='ltr'>δεκτική.</span> <span class='ocrx_word' id='word_1_233' title='bbox 1729 1953 1841 2006; x_wconf 79' lang='grc' dir='ltr'>Και</span> <span class='ocrx_word' id='word_1_234' title='bbox 1867 1951 2026 2006; x_wconf 86' lang='grc' dir='ltr'>τοῦτο</span> 
     </span>
    </p>
   </div>
   <div class='ocr_carea' id='block_1_36' title="bbox 435 2041 2023 2115">
    <p class='ocr_par' dir='ltr' id='par_1_36' title="bbox 435 2041 2023 2115">
     <span class='ocr_line' id='line_1_36' title="bbox 435 2041 2023 2115; baseline 0.003 -23"><span class='ocrx_word' id='word_1_235' title='bbox 435 2041 614 2111; x_wconf 75' lang='grc' dir='ltr'>δηλῶν</span> <span class='ocrx_word' id='word_1_236' title='bbox 651 2043 679 2094; x_wconf 90' lang='grc' dir='ltr'>ὁ</span> <span class='ocrx_word' id='word_1_237' title='bbox 730 2041 906 2111; x_wconf 83' lang='grc' dir='ltr'>μέγας</span> <span class='ocrx_word' id='word_1_238' title='bbox 951 2043 1163 2106; x_wconf 81' lang='grc' dir='ltr'>Παῦλος</span> <span class='ocrx_word' id='word_1_239' title='bbox 1206 2042 1383 2111; x_wconf 77' lang='grc' dir='ltr'>ἔλεγε·</span> <span class='ocrx_word' id='word_1_240' title='bbox 1426 2063 1444 2094; x_wconf 78' lang='grc' dir='ltr'><strong>ι</strong></span> <span class='ocrx_word' id='word_1_241' title='bbox 1489 2043 1850 2115; x_wconf 84' lang='grc' dir='ltr'>Κηρύσσομεν</span> <span class='ocrx_word' id='word_1_242' title='bbox 1888 2043 2023 2097; x_wconf 84' lang='grc' dir='ltr'>Θεοῦ</span> 
     </span>
    </p>
   </div>
   <div class='ocr_carea' id='block_1_37' title="bbox 438 2134 2026 2207">
    <p class='ocr_par' dir='ltr' id='par_1_37' title="bbox 438 2134 2026 2207">
     <span class='ocr_line' id='line_1_37' title="bbox 438 2134 2026 2207; baseline 0.001 -20"><span class='ocrx_word' id='word_1_243' title='bbox 438 2134 631 2204; x_wconf 74' lang='grc' dir='ltr'>σοφίαν</span> <span class='ocrx_word' id='word_1_244' title='bbox 658 2135 715 2188; x_wconf 79' lang='grc' dir='ltr'>ἐν</span> <span class='ocrx_word' id='word_1_245' title='bbox 750 2134 1037 2206; x_wconf 76' lang='grc' dir='ltr'>μυστηρίῳ</span> <span class='ocrx_word' id='word_1_246' title='bbox 1070 2135 1169 2205; x_wconf 82' lang='grc' dir='ltr'>τὴν</span> <span class='ocrx_word' id='word_1_247' title='bbox 1202 2136 1726 2207; x_wconf 79' lang='grc' dir='ltr'>ἀποκεκρυμμένην,</span> <span class='ocrx_word' id='word_1_248' title='bbox 1755 2135 1822 2206; x_wconf 81' lang='grc' dir='ltr'>ἣν</span> <span class='ocrx_word' id='word_1_249' title='bbox 1851 2136 2026 2200; x_wconf 77' lang='grc' dir='ltr'>οὐδεὶς</span> 
     </span>
    </p>
   </div>
   <div class='ocr_carea' id='block_1_38' title="bbox 435 2226 2024 2299">
    <p class='ocr_par' dir='ltr' id='par_1_38' title="bbox 435 2226 2024 2299">
     <span class='ocr_line' id='line_1_38' title="bbox 435 2226 2024 2299; baseline 0.003 -22"><span class='ocrx_word' id='word_1_250' title='bbox 435 2227 545 2279; x_wconf 80' lang='grc' dir='ltr'>τῶν</span> <span class='ocrx_word' id='word_1_251' title='bbox 591 2227 871 2297; x_wconf 80' lang='grc' dir='ltr'>ἀρχόντων</span> <span class='ocrx_word' id='word_1_252' title='bbox 914 2226 1010 2281; x_wconf 89' lang='grc' dir='ltr'><strong>τοῦ</strong></span> <span class='ocrx_word' id='word_1_253' title='bbox 1054 2228 1250 2290; x_wconf 74' lang='grc' dir='ltr'>αἰῶνος</span> <span class='ocrx_word' id='word_1_254' title='bbox 1279 2227 1471 2281; x_wconf 86' lang='grc' dir='ltr'>τούτου</span> <span class='ocrx_word' id='word_1_255' title='bbox 1520 2227 1778 2297; x_wconf 74' lang='grc' dir='ltr'>ἔγνωκεν.</span> <span class='ocrx_word' id='word_1_256' title='bbox 1810 2229 1873 2282; x_wconf 77' lang='lat' dir='ltr'><strong>Ei</strong></span> <span class='ocrx_word' id='word_1_257' title='bbox 1916 2227 2024 2299; x_wconf 82' lang='grc' dir='ltr'>γὰρ</span> 
     </span>
    </p>
   </div>
   <div class='ocr_carea' id='block_1_39' title="bbox 438 2319 2013 2392">
    <p class='ocr_par' dir='ltr' id='par_1_39' title="bbox 438 2319 2013 2392">
     <span class='ocr_line' id='line_1_39' title="bbox 438 2319 2013 2392; baseline 0.003 -22"><span class='ocrx_word' id='word_1_258' title='bbox 438 2320 703 2385; x_wconf 74' lang='grc' dir='ltr'>ἔγνωσαν,</span> <span class='ocrx_word' id='word_1_259' title='bbox 722 2319 899 2372; x_wconf 78' lang='grc' dir='ltr'>οὐκᾶν</span> <span class='ocrx_word' id='word_1_260' title='bbox 924 2319 1022 2389; x_wconf 87' lang='grc' dir='ltr'><strong>τῆς</strong></span> <span class='ocrx_word' id='word_1_261' title='bbox 1053 2319 1214 2391; x_wconf 83' lang='grc' dir='ltr'>δόξης</span> <span class='ocrx_word' id='word_1_262' title='bbox 1242 2321 1334 2373; x_wconf 86' lang='grc' dir='ltr'>τὸν</span> <span class='ocrx_word' id='word_1_263' title='bbox 1368 2320 1573 2392; x_wconf 84' lang='grc' dir='ltr'>Κύριον</span> <span class='ocrx_word' id='word_1_264' title='bbox 1602 2321 1973 2392; x_wconf 77' lang='grc' dir='ltr'>ἐσταύρωσαν.</span> <span class='ocrx_word' id='word_1_265' title='bbox 1995 2342 2013 2374; x_wconf 78' lang='grc' dir='ltr'><strong>ι</strong></span> 
     </span>
    </p>
   </div>
   <div class='ocr_carea' id='block_1_40' title="bbox 436 2409 2025 2484">
    <p class='ocr_par' dir='ltr' id='par_1_40' title="bbox 436 2409 2025 2484">
     <span class='ocr_line' id='line_1_40' title="bbox 436 2409 2025 2484; baseline 0.002 -21"><span class='ocrx_word' id='word_1_266' title='bbox 436 2411 546 2463; x_wconf 82' lang='grc' dir='ltr'><strong>Καὶ</strong></span> <span class='ocrx_word' id='word_1_267' title='bbox 577 2412 684 2482; x_wconf 80' lang='grc' dir='ltr'>μὴν</span> <span class='ocrx_word' id='word_1_268' title='bbox 705 2413 733 2464; x_wconf 90' lang='lat'><strong>6</strong></span> <span class='ocrx_word' id='word_1_269' title='bbox 767 2409 971 2480; x_wconf 87' lang='grc' dir='ltr'>Κύριος</span> <span class='ocrx_word' id='word_1_270' title='bbox 991 2412 1094 2481; x_wconf 83' lang='grc' dir='ltr'><strong>τῆς</strong></span> <span class='ocrx_word' id='word_1_271' title='bbox 1122 2411 1279 2482; x_wconf 79' lang='grc' dir='ltr'>δόξης</span> <span class='ocrx_word' id='word_1_272' title='bbox 1304 2414 1453 2467; x_wconf 73' lang='grc' dir='ltr'>ἐστὶν</span> <span class='ocrx_word' id='word_1_273' title='bbox 1491 2411 1730 2484; x_wconf 88' lang='grc' dir='ltr'>ἀπαθής·</span> <span class='ocrx_word' id='word_1_274' title='bbox 1760 2412 1876 2466; x_wconf 82' lang='grc' dir='ltr'>ἀλλ’</span> <span class='ocrx_word' id='word_1_275' title='bbox 1909 2413 2025 2466; x_wconf 76' lang='grc' dir='ltr'><strong>ἐδέ-</strong></span> 
     </span>
    </p>
   </div>
   <div class='ocr_carea' id='block_1_41' title="bbox 436 2501 2022 2575">
    <p class='ocr_par' dir='ltr' id='par_1_41' title="bbox 436 2501 2022 2575">
     <span class='ocr_line' id='line_1_41' title="bbox 436 2501 2022 2575; baseline 0.004 -21"><span class='ocrx_word' id='word_1_276' title='bbox 436 2501 567 2567; x_wconf 78' lang='grc' dir='ltr'>ξατο</span> <span class='ocrx_word' id='word_1_277' title='bbox 609 2501 864 2574; x_wconf 84' lang='grc' dir='ltr'>σταυρὸν,</span> <span class='ocrx_word' id='word_1_278' title='bbox 892 2501 1100 2565; x_wconf 84' lang='grc' dir='ltr'>ἑνώσας</span> <span class='ocrx_word' id='word_1_279' title='bbox 1128 2503 1306 2575; x_wconf 81' lang='grc' dir='ltr'>ἑαυτῷ</span> <span class='ocrx_word' id='word_1_280' title='bbox 1339 2503 1401 2557; x_wconf 90' lang='grc' dir='ltr'>τὸ</span> <span class='ocrx_word' id='word_1_281' title='bbox 1446 2503 1679 2574; x_wconf 84' lang='grc' dir='ltr'>πάσχειν</span> <span class='ocrx_word' id='word_1_282' title='bbox 1706 2504 2022 2573; x_wconf 83' lang='grc' dir='ltr'>δυνάμενον.</span> 
     </span>
    </p>
   </div>
   <div class='ocr_carea' id='block_1_42' title="bbox 437 2594 2026 2666">
    <p class='ocr_par' dir='ltr' id='par_1_42' title="bbox 437 2594 2026 2666">
     <span class='ocr_line' id='line_1_42' title="bbox 437 2594 2026 2666; baseline 0.003 -20"><span class='ocrx_word' id='word_1_283' title='bbox 437 2594 609 2647; x_wconf 83' lang='grc' dir='ltr'>Τοῦτο</span> <span class='ocrx_word' id='word_1_284' title='bbox 633 2597 726 2648; x_wconf 78' lang='grc' dir='ltr'>καὶ</span> <span class='ocrx_word' id='word_1_285' title='bbox 758 2595 962 2665; x_wconf 78' lang='grc' dir='ltr'>Πέτρος</span> <span class='ocrx_word' id='word_1_286' title='bbox 987 2597 1013 2647; x_wconf 91' lang='lat'><strong>6</strong></span> <span class='ocrx_word' id='word_1_287' title='bbox 1046 2595 1219 2665; x_wconf 78' lang='grc' dir='ltr'>μέγας</span> <span class='ocrx_word' id='word_1_288' title='bbox 1258 2598 1396 2666; x_wconf 81' lang='grc' dir='ltr'>ὲμνη</span> <span class='ocrx_word' id='word_1_289' title='bbox 1409 2596 1688 2665; x_wconf 85' lang='grc' dir='ltr'>μόνευσεν,</span> <span class='ocrx_word' id='word_1_290' title='bbox 1721 2596 1810 2648; x_wconf 81' lang='grc' dir='ltr'><strong>ὅτε</strong></span> <span class='ocrx_word' id='word_1_291' title='bbox 1842 2596 1935 2650; x_wconf 88' lang='grc' dir='ltr'>τὸν</span> <span class='ocrx_word' id='word_1_292' title='bbox 1963 2599 2026 2650; x_wconf 84' lang='grc' dir='ltr'>ὲκ</span> 
     </span>
    </p>
   </div>
   <div class='ocr_carea' id='block_1_43' title="bbox 434 2672 2025 2759">
    <p class='ocr_par' dir='ltr' id='par_1_43' title="bbox 434 2672 2025 2759">
     <span class='ocr_line' id='line_1_43' title="bbox 434 2672 2025 2759; baseline 0.001 -20"><span class='ocrx_word' id='word_1_293' title='bbox 434 2689 661 2757; x_wconf 79' lang='grc' dir='ltr'>γενετῆς</span> <span class='ocrx_word' id='word_1_294' title='bbox 707 2686 879 2757; x_wconf 65' lang='grc' dir='ltr'>χωλὸν</span> <span class='ocrx_word' id='word_1_295' title='bbox 913 2672 1409 2759; x_wconf 67' lang='grc' dir='ltr'>ἐθεράπευσε,’καὶ</span> <span class='ocrx_word' id='word_1_296' title='bbox 1438 2686 1798 2757; x_wconf 76' lang='grc' dir='ltr'>ἐθαυμάζετο,</span> <span class='ocrx_word' id='word_1_297' title='bbox 1840 2689 2025 2753; x_wconf 82' lang='grc' dir='ltr'>ἀτενὲς</span> 
     </span>
    </p>
   </div>
   <div class='ocr_carea' id='block_1_44' title="bbox 434 2762 2020 2849">
    <p class='ocr_par' dir='ltr' id='par_1_44' title="bbox 434 2762 2020 2849">
     <span class='ocr_line' id='line_1_44' title="bbox 434 2762 2020 2849; baseline 0.001 -20"><span class='ocrx_word' id='word_1_298' title='bbox 434 2776 688 2847; x_wconf 81' lang='grc' dir='ltr'>ὁρώντων</span> <span class='ocrx_word' id='word_1_299' title='bbox 718 2780 798 2840; x_wconf 84' lang='grc' dir='ltr'><strong>είς</strong></span> <span class='ocrx_word' id='word_1_300' title='bbox 825 2777 988 2829; x_wconf 70' lang='grc' dir='ltr'>αὐτὸν</span> <span class='ocrx_word' id='word_1_301' title='bbox 1018 2762 1126 2831; x_wconf 67' lang='grc' dir='ltr'><strong>τῶν</strong></span> <span class='ocrx_word' id='word_1_302' title='bbox 1169 2777 1460 2844; x_wconf 72' lang='grc' dir='ltr'>Ἰουδαίων,</span> <span class='ocrx_word' id='word_1_303' title='bbox 1509 2779 1601 2831; x_wconf 74' lang='grc' dir='ltr'>καὶ</span> <span class='ocrx_word' id='word_1_304' title='bbox 1643 2778 2020 2849; x_wconf 75' lang='grc' dir='ltr'>ἐκπληττομέο</span> 
     </span>
    </p>
   </div>
   <div class='ocr_carea' id='block_1_45' title="bbox 433 2869 2025 2942">
    <p class='ocr_par' dir='ltr' id='par_1_45' title="bbox 433 2869 2025 2942">
     <span class='ocr_line' id='line_1_45' title="bbox 433 2869 2025 2942; baseline -0.001 -17"><span class='ocrx_word' id='word_1_305' title='bbox 433 2890 541 2926; x_wconf 65' lang='grc' dir='ltr'>’νων</span> <span class='ocrx_word' id='word_1_306' title='bbox 580 2871 670 2924; x_wconf 69' lang='lat' dir='ltr'><strong>énl</strong></span> <span class='ocrx_word' id='word_1_307' title='bbox 690 2869 767 2941; x_wconf 78' lang='grc' dir='ltr'>τῷ</span> <span class='ocrx_word' id='word_1_308' title='bbox 796 2871 1057 2940; x_wconf 70' lang='grc' dir='ltr'>θαύματιο</span> <span class='ocrx_word' id='word_1_309' title='bbox 1090 2870 1226 2942; x_wconf 81' lang='grc' dir='ltr'>πρὸς</span> <span class='ocrx_word' id='word_1_310' title='bbox 1254 2869 1347 2933; x_wconf 76' lang='grc' dir='ltr'>οὓς</span> <span class='ocrx_word' id='word_1_311' title='bbox 1376 2871 1825 2941; x_wconf 78' lang='grc' dir='ltr'>ἀποκρινόμενος,</span> <span class='ocrx_word' id='word_1_312' title='bbox 1852 2870 2025 2934; x_wconf 75' lang='grc' dir='ltr'>οὕτως</span> 
     </span>
    </p>
   </div>
   <div class='ocr_carea' id='block_1_46' title="bbox 433 2960 2024 3033">
    <p class='ocr_par' dir='ltr' id='par_1_46' title="bbox 433 2960 2024 3033">
     <span class='ocr_line' id='line_1_46' title="bbox 433 2960 2024 3033; baseline -0.001 -19"><span class='ocrx_word' id='word_1_313' title='bbox 433 2965 557 3033; x_wconf 64' lang='grc' dir='ltr'>ἔφη·</span> <span class='ocrx_word' id='word_1_314' title='bbox 597 2981 615 3013; x_wconf 74' lang='grc' dir='ltr'><strong>ι</strong></span> <span class='ocrx_word' id='word_1_315' title='bbox 649 2961 874 3031; x_wconf 72' lang='grc' dir='ltr'>’Ἄνδρες</span> <span class='ocrx_word' id='word_1_316' title='bbox 913 2961 1265 3032; x_wconf 77' lang='grc' dir='ltr'>Ἰσραηλῖται,</span> <span class='ocrx_word' id='word_1_317' title='bbox 1293 2960 1345 3013; x_wconf 86' lang='grc' dir='ltr'><strong>τί</strong></span> <span class='ocrx_word' id='word_1_318' title='bbox 1372 2960 1682 3031; x_wconf 80' lang='grc' dir='ltr'>θαυμάζετε</span> <span class='ocrx_word' id='word_1_319' title='bbox 1711 2963 1805 3014; x_wconf 80' lang='grc' dir='ltr'><strong>ἐπὶ</strong></span> <span class='ocrx_word' id='word_1_320' title='bbox 1831 2963 2024 3033; x_wconf 79' lang='grc' dir='ltr'>τούτῳ,</span> 
     </span>
    </p>
   </div>
   <div class='ocr_carea' id='block_1_47' title="bbox 432 3052 2025 3125">
    <p class='ocr_par' dir='ltr' id='par_1_47' title="bbox 432 3052 2025 3125">
     <span class='ocr_line' id='line_1_47' title="bbox 432 3052 2025 3125; baseline 0 -19"><span class='ocrx_word' id='word_1_321' title='bbox 432 3054 615 3125; x_wconf 72' lang='grc' dir='ltr'>ἤήμϊν</span> <span class='ocrx_word' id='word_1_322' title='bbox 641 3053 692 3104; x_wconf 87' lang='grc' dir='ltr'><strong>τί</strong></span> <span class='ocrx_word' id='word_1_323' title='bbox 713 3052 1005 3117; x_wconf 81' lang='grc' dir='ltr'>ἀτενίζετε,</span> <span class='ocrx_word' id='word_1_324' title='bbox 1024 3053 1099 3115; x_wconf 82' lang='grc' dir='ltr'>ὡς</span> <span class='ocrx_word' id='word_1_325' title='bbox 1126 3052 1230 3123; x_wconf 78' lang='grc' dir='ltr'>ἰδίᾳ</span> <span class='ocrx_word' id='word_1_326' title='bbox 1250 3052 1523 3122; x_wconf 83' lang='grc' dir='ltr'>δυνάμειῆ</span> <span class='ocrx_word' id='word_1_327' title='bbox 1550 3052 1623 3124; x_wconf 83' lang='grc'><strong>(1)</strong></span> <span class='ocrx_word' id='word_1_328' title='bbox 1644 3053 1893 3124; x_wconf 67' lang='grc' dir='ltr'>εὐσεϐείᾳ</span> <span class='ocrx_word' id='word_1_329' title='bbox 1927 3072 2025 3106; x_wconf 87' lang='grc' dir='ltr'>πε-</span> 
     </span>
    </p>
   </div>
   <div class='ocr_carea' id='block_1_48' title="bbox 2128 1871 3711 1946">
    <p class='ocr_par' dir='ltr' id='par_1_48' title="bbox 2128 1871 3711 1946">
     <span class='ocr_line' id='line_1_48' title="bbox 2128 1871 3711 1946; baseline 0.003 -20"><span class='ocrx_word' id='word_1_330' title='bbox 2128 1886 2476 1926; x_wconf 88' lang='lat' dir='ltr'><strong>communem</strong></span> <span class='ocrx_word' id='word_1_331' title='bbox 2506 1871 2732 1939; x_wconf 89' lang='lat' dir='ltr'><strong>faceret,</strong></span> <span class='ocrx_word' id='word_1_332' title='bbox 2764 1874 3210 1944; x_wconf 89' lang='lat' dir='ltr'><strong>quandoquidem</strong></span> <span class='ocrx_word' id='word_1_333' title='bbox 3240 1875 3337 1929; x_wconf 87' lang='lat' dir='ltr'><strong>Dei</strong></span> <span class='ocrx_word' id='word_1_334' title='bbox 3362 1884 3560 1930; x_wconf 88' lang='lat' dir='ltr'><strong>natura</strong></span> <span class='ocrx_word' id='word_1_335' title='bbox 3586 1892 3711 1946; x_wconf 81' lang='lat' dir='ltr'><strong>pas-</strong></span> 
     </span>
    </p>
   </div>
   <div class='ocr_carea' id='block_1_49' title="bbox 2127 1961 3711 2036">
    <p class='ocr_par' dir='ltr' id='par_1_49' title="bbox 2127 1961 3711 2036">
     <span class='ocr_line' id='line_1_49' title="bbox 2127 1961 3711 2036; baseline 0.003 -20"><span class='ocrx_word' id='word_1_336' title='bbox 2127 1961 2311 2016; x_wconf 88' lang='lat' dir='ltr'><strong>siones</strong></span> <span class='ocrx_word' id='word_1_337' title='bbox 2339 1963 2624 2033; x_wconf 89' lang='lat' dir='ltr'><strong>suscipere</strong></span> <span class='ocrx_word' id='word_1_338' title='bbox 2673 1980 2785 2019; x_wconf 90' lang='lat' dir='ltr'><strong>non</strong></span> <span class='ocrx_word' id='word_1_339' title='bbox 2828 1973 3070 2035; x_wconf 87' lang='lat' dir='ltr'><strong>poterat.</strong></span> <span class='ocrx_word' id='word_1_340' title='bbox 3109 1965 3179 2019; x_wconf 91' lang='lat' dir='ltr'><strong>Et</strong></span> <span class='ocrx_word' id='word_1_341' title='bbox 3213 1966 3319 2020; x_wconf 92' lang='lat' dir='ltr'><strong>hoc</strong></span> <span class='ocrx_word' id='word_1_342' title='bbox 3357 1982 3584 2036; x_wconf 86' lang='lat' dir='ltr'><strong>magnus</strong></span> <span class='ocrx_word' id='word_1_343' title='bbox 3621 1967 3711 2021; x_wconf 88' lang='lat' dir='ltr'><strong>ille</strong></span> 
     </span>
    </p>
   </div>
   <div class='ocr_carea' id='block_1_50' title="bbox 2125 2052 3711 2125">
    <p class='ocr_par' dir='ltr' id='par_1_50' title="bbox 2125 2052 3711 2125">
     <span class='ocr_line' id='line_1_50' title="bbox 2125 2052 3711 2125; baseline 0.003 -19"><span class='ocrx_word' id='word_1_344' title='bbox 2125 2052 2330 2107; x_wconf 87' lang='lat' dir='ltr'><strong>Paulus</strong></span> <span class='ocrx_word' id='word_1_345' title='bbox 2366 2053 2680 2125; x_wconf 85' lang='lat' dir='ltr'><strong>signiﬁcans</strong></span> <span class='ocrx_word' id='word_1_346' title='bbox 2723 2056 2982 2111; x_wconf 88' lang='lat' dir='ltr'><strong>dicebat:</strong></span> <span class='ocrx_word' id='word_1_347' title='bbox 3033 2075 3051 2107; x_wconf 78' lang='grc' dir='ltr'><strong>ι</strong></span> <span class='ocrx_word' id='word_1_348' title='bbox 3083 2056 3452 2111; x_wconf 74' lang='grc' dir='ltr'>Ριτοάἰοαιῐιιιε</span> <span class='ocrx_word' id='word_1_349' title='bbox 3484 2057 3583 2111; x_wconf 89' lang='lat' dir='ltr'><strong>Dei</strong></span> <span class='ocrx_word' id='word_1_350' title='bbox 3621 2073 3711 2111; x_wconf 91' lang='lat' dir='ltr'><strong>sa-</strong></span> 
     </span>
    </p>
   </div>
   <div class='ocr_carea' id='block_1_51' title="bbox 2124 2142 3712 2218">
    <p class='ocr_par' dir='ltr' id='par_1_51' title="bbox 2124 2142 3712 2218">
     <span class='ocr_line' id='line_1_51' title="bbox 2124 2142 3712 2218; baseline 0.004 -22"><span class='ocrx_word' id='word_1_351' title='bbox 2124 2142 2391 2212; x_wconf 89' lang='lat' dir='ltr'><strong>pientiam</strong></span> <span class='ocrx_word' id='word_1_352' title='bbox 2446 2145 2506 2199; x_wconf 90' lang='lat' dir='ltr'><strong>in</strong></span> <span class='ocrx_word' id='word_1_353' title='bbox 2560 2147 2822 2217; x_wconf 85' lang='lat' dir='ltr'><strong>mysterio</strong></span> <span class='ocrx_word' id='word_1_354' title='bbox 2873 2147 3275 2213; x_wconf 84' lang='lat' dir='ltr'><strong>absconditam,</strong></span> <span class='ocrx_word' id='word_1_355' title='bbox 3330 2162 3491 2218; x_wconf 90' lang='lat' dir='ltr'><strong>quam</strong></span> <span class='ocrx_word' id='word_1_356' title='bbox 3547 2162 3712 2202; x_wconf 87' lang='lat' dir='ltr'><strong>nemo</strong></span> 
     </span>
    </p>
   </div>
   <div class='ocr_carea' id='block_1_52' title="bbox 2124 2233 3712 2311">
    <p class='ocr_par' dir='ltr' id='par_1_52' title="bbox 2124 2233 3712 2311">
     <span class='ocr_line' id='line_1_52' title="bbox 2124 2233 3712 2311; baseline 0.005 -24"><span class='ocrx_word' id='word_1_357' title='bbox 2124 2233 2437 2306; x_wconf 90' lang='lat' dir='ltr'><strong>principum</strong></span> <span class='ocrx_word' id='word_1_358' title='bbox 2461 2236 2625 2308; x_wconf 83' lang='lat' dir='ltr'><strong>hujus</strong></span> <span class='ocrx_word' id='word_1_359' title='bbox 2650 2236 2837 2291; x_wconf 64' lang='lat' dir='ltr'><strong>saeculi</strong></span> <span class='ocrx_word' id='word_1_360' title='bbox 2864 2238 3141 2309; x_wconf 79' lang='lat' dir='ltr'><strong>cognovit.</strong></span> <span class='ocrx_word' id='word_1_361' title='bbox 3169 2237 3228 2294; x_wconf 89' lang='lat' dir='ltr'><strong>Si</strong></span> <span class='ocrx_word' id='word_1_362' title='bbox 3251 2239 3397 2293; x_wconf 89' lang='lat' dir='ltr'><strong>enim</strong></span> <span class='ocrx_word' id='word_1_363' title='bbox 3429 2240 3712 2311; x_wconf 81' lang='lat' dir='ltr'><strong>cognovis-</strong></span> 
     </span>
    </p>
   </div>
   <div class='ocr_carea' id='block_1_53' title="bbox 2124 2329 3701 2400">
    <p class='ocr_par' dir='ltr' id='par_1_53' title="bbox 2124 2329 3701 2400">
     <span class='ocr_line' id='line_1_53' title="bbox 2124 2329 3701 2400; baseline 0.001 -18"><span class='ocrx_word' id='word_1_364' title='bbox 2124 2334 2266 2390; x_wconf 89' lang='lat' dir='ltr'><strong>sent,</strong></span> <span class='ocrx_word' id='word_1_365' title='bbox 2299 2343 2409 2381; x_wconf 89' lang='lat' dir='ltr'><strong>non</strong></span> <span class='ocrx_word' id='word_1_366' title='bbox 2436 2329 2626 2398; x_wconf 89' lang='lat' dir='ltr'><strong>utique</strong></span> <span class='ocrx_word' id='word_1_367' title='bbox 2654 2329 2947 2383; x_wconf 90' lang='lat' dir='ltr'><strong>Dominum</strong></span> <span class='ocrx_word' id='word_1_368' title='bbox 2970 2330 3161 2400; x_wconf 78' lang='lat' dir='ltr'><strong>gloria:</strong></span> <span class='ocrx_word' id='word_1_369' title='bbox 3180 2330 3584 2386; x_wconf 73' lang='lat' dir='ltr'><strong>crucifixissent</strong></span> <span class='ocrx_word' id='word_1_370' title='bbox 3607 2334 3647 2386; x_wconf 89' lang='lat'><strong>&quot;.</strong></span> <span class='ocrx_word' id='word_1_371' title='bbox 3682 2352 3701 2384; x_wconf 86' lang='grc'>›</span> 
     </span>
    </p>
   </div>
   <div class='ocr_carea' id='block_1_54' title="bbox 2122 2411 3707 2484">
    <p class='ocr_par' dir='ltr' id='par_1_54' title="bbox 2122 2411 3707 2484">
     <span class='ocr_line' id='line_1_54' title="bbox 2122 2411 3707 2484; baseline 0.002 -17"><span class='ocrx_word' id='word_1_372' title='bbox 2122 2412 2193 2467; x_wconf 84' lang='grc' dir='ltr'>Ει</span> <span class='ocrx_word' id='word_1_373' title='bbox 2241 2411 2468 2481; x_wconf 90' lang='lat' dir='ltr'><strong>quidem</strong></span> <span class='ocrx_word' id='word_1_374' title='bbox 2521 2412 2791 2468; x_wconf 88' lang='lat' dir='ltr'><strong>Dominus</strong></span> <span class='ocrx_word' id='word_1_375' title='bbox 2829 2413 3020 2483; x_wconf 72' lang='lat' dir='ltr'><strong>gloriae</strong></span> <span class='ocrx_word' id='word_1_376' title='bbox 3063 2422 3148 2468; x_wconf 87' lang='lat' dir='ltr'><strong>est</strong></span> <span class='ocrx_word' id='word_1_377' title='bbox 3177 2413 3528 2484; x_wconf 91' lang='lat' dir='ltr'><strong>impassibilis</strong></span> <span class='ocrx_word' id='word_1_378' title='bbox 3561 2432 3575 2480; x_wconf 90' lang='lat'><strong>;</strong></span> <span class='ocrx_word' id='word_1_379' title='bbox 3611 2415 3707 2470; x_wconf 85' lang='lat' dir='ltr'><strong>sed</strong></span> 
     </span>
    </p>
   </div>
   <div class='ocr_carea' id='block_1_55' title="bbox 2124 2502 3705 2575">
    <p class='ocr_par' dir='ltr' id='par_1_55' title="bbox 2124 2502 3705 2575">
     <span class='ocr_line' id='line_1_55' title="bbox 2124 2502 3705 2575; baseline 0.003 -18"><span class='ocrx_word' id='word_1_380' title='bbox 2124 2502 2323 2557; x_wconf 86' lang='lat' dir='ltr'><strong>unicus</strong></span> <span class='ocrx_word' id='word_1_381' title='bbox 2349 2502 2678 2574; x_wconf 90' lang='lat' dir='ltr'><strong>sibimetipsi</strong></span> <span class='ocrx_word' id='word_1_382' title='bbox 2704 2504 2849 2575; x_wconf 91' lang='lat' dir='ltr'><strong>quod</strong></span> <span class='ocrx_word' id='word_1_383' title='bbox 2875 2505 2988 2575; x_wconf 91' lang='lat' dir='ltr'><strong>pati</strong></span> <span class='ocrx_word' id='word_1_384' title='bbox 3007 2513 3249 2574; x_wconf 88' lang='lat' dir='ltr'><strong>poterat,</strong></span> <span class='ocrx_word' id='word_1_385' title='bbox 3272 2520 3491 2560; x_wconf 88' lang='lat' dir='ltr'><strong>crucem</strong></span> <span class='ocrx_word' id='word_1_386' title='bbox 3516 2507 3705 2561; x_wconf 89' lang='lat' dir='ltr'><strong>subiit.</strong></span> 
     </span>
    </p>
   </div>
   <div class='ocr_carea' id='block_1_56' title="bbox 2122 2593 3705 2667">
    <p class='ocr_par' dir='ltr' id='par_1_56' title="bbox 2122 2593 3705 2667">
     <span class='ocr_line' id='line_1_56' title="bbox 2122 2593 3705 2667; baseline 0.003 -19"><span class='ocrx_word' id='word_1_387' title='bbox 2122 2593 2274 2649; x_wconf 88' lang='lat' dir='ltr'><strong>Idem</strong></span> <span class='ocrx_word' id='word_1_388' title='bbox 2316 2610 2537 2664; x_wconf 90' lang='lat' dir='ltr'><strong>quoque</strong></span> <span class='ocrx_word' id='word_1_389' title='bbox 2576 2611 2811 2667; x_wconf 87' lang='lat' dir='ltr'><strong>magnus</strong></span> <span class='ocrx_word' id='word_1_390' title='bbox 2856 2596 2949 2652; x_wconf 90' lang='lat' dir='ltr'><strong>ille</strong></span> <span class='ocrx_word' id='word_1_391' title='bbox 2986 2596 3182 2651; x_wconf 86' lang='lat' dir='ltr'><strong>Petrus</strong></span> <span class='ocrx_word' id='word_1_392' title='bbox 3221 2598 3705 2662; x_wconf 87' lang='lat' dir='ltr'><strong>commemorabat,</strong></span> 
     </span>
    </p>
   </div>
   <div class='ocr_carea' id='block_1_57' title="bbox 2123 2687 3705 2744">
    <p class='ocr_par' dir='ltr' id='par_1_57' title="bbox 2123 2687 3705 2744">
     <span class='ocr_line' id='line_1_57' title="bbox 2123 2687 3705 2744; baseline 0.001 -2"><span class='ocrx_word' id='word_1_393' title='bbox 2123 2701 2251 2742; x_wconf 91' lang='lat' dir='ltr'><strong>cum</strong></span> <span class='ocrx_word' id='word_1_394' title='bbox 2299 2687 2553 2742; x_wconf 87' lang='lat' dir='ltr'><strong>claudum</strong></span> <span class='ocrx_word' id='word_1_395' title='bbox 2578 2704 2647 2743; x_wconf 76' lang='lat' dir='ltr'><strong>ex</strong></span> <span class='ocrx_word' id='word_1_396' title='bbox 2677 2696 2838 2743; x_wconf 89' lang='lat' dir='ltr'><strong>utero</strong></span> <span class='ocrx_word' id='word_1_397' title='bbox 2860 2689 3054 2744; x_wconf 89' lang='lat' dir='ltr'><strong>matris</strong></span> <span class='ocrx_word' id='word_1_398' title='bbox 3077 2704 3289 2743; x_wconf 90' lang='lat' dir='ltr'><strong>summa</strong></span> <span class='ocrx_word' id='word_1_399' title='bbox 3308 2690 3552 2743; x_wconf 90' lang='lat' dir='ltr'><strong>omnium</strong></span> <span class='ocrx_word' id='word_1_400' title='bbox 3580 2706 3705 2744; x_wconf 86' lang='lat' dir='ltr'><strong>cum</strong></span> 
     </span>
    </p>
   </div>
   <div class='ocr_carea' id='block_1_58' title="bbox 2123 2780 3706 2846">
    <p class='ocr_par' dir='ltr' id='par_1_58' title="bbox 2123 2780 3706 2846">
     <span class='ocr_line' id='line_1_58' title="bbox 2123 2780 3706 2846; baseline 0.001 -13"><span class='ocrx_word' id='word_1_401' title='bbox 2123 2780 2488 2835; x_wconf 87' lang='lat' dir='ltr'><strong>admiratione</strong></span> <span class='ocrx_word' id='word_1_402' title='bbox 2531 2793 2820 2846; x_wconf 87' lang='lat' dir='ltr'><strong>sanasset;</strong></span> <span class='ocrx_word' id='word_1_403' title='bbox 2862 2789 2918 2836; x_wconf 87' lang='lat' dir='ltr'><strong>et</strong></span> <span class='ocrx_word' id='word_1_404' title='bbox 2959 2782 3163 2837; x_wconf 71' lang='lat' dir='ltr'><strong>Judzeis</strong></span> <span class='ocrx_word' id='word_1_405' title='bbox 3212 2781 3333 2836; x_wconf 76' lang='lat' dir='ltr'><strong>fixis</strong></span> <span class='ocrx_word' id='word_1_406' title='bbox 3371 2782 3547 2836; x_wconf 90' lang='lat' dir='ltr'><strong>oculis</strong></span> <span class='ocrx_word' id='word_1_407' title='bbox 3579 2797 3706 2836; x_wconf 88' lang='lat' dir='ltr'><strong>eum</strong></span> 
     </span>
    </p>
   </div>
   <div class='ocr_carea' id='block_1_59' title="bbox 2124 2871 3707 2936">
    <p class='ocr_par' dir='ltr' id='par_1_59' title="bbox 2124 2871 3707 2936">
     <span class='ocr_line' id='line_1_59' title="bbox 2124 2871 3707 2936; baseline 0.001 -12"><span class='ocrx_word' id='word_1_408' title='bbox 2124 2871 2472 2926; x_wconf 86' lang='lat' dir='ltr'><strong>intuentibus</strong></span> <span class='ocrx_word' id='word_1_409' title='bbox 2516 2880 2572 2926; x_wconf 92' lang='lat' dir='ltr'><strong>et</strong></span> <span class='ocrx_word' id='word_1_410' title='bbox 2629 2872 2897 2927; x_wconf 90' lang='lat' dir='ltr'><strong>miracqu</strong></span> <span class='ocrx_word' id='word_1_411' title='bbox 2951 2873 3220 2936; x_wconf 87' lang='lat' dir='ltr'><strong>attonitis,</strong></span> <span class='ocrx_word' id='word_1_412' title='bbox 3278 2874 3334 2926; x_wconf 94' lang='lat' dir='ltr'><strong>in</strong></span> <span class='ocrx_word' id='word_1_413' title='bbox 3380 2873 3497 2927; x_wconf 73' lang='lat' dir='ltr'><strong>lucc</strong></span> <span class='ocrx_word' id='word_1_414' title='bbox 3541 2872 3707 2927; x_wconf 81' lang='lat' dir='ltr'><strong>verba</strong></span> 
     </span>
    </p>
   </div>
   <div class='ocr_carea' id='block_1_60' title="bbox 2124 2962 3703 3033">
    <p class='ocr_par' dir='ltr' id='par_1_60' title="bbox 2124 2962 3703 3033">
     <span class='ocr_line' id='line_1_60' title="bbox 2124 2962 3703 3033; baseline 0 -17"><span class='ocrx_word' id='word_1_415' title='bbox 2124 2963 2528 3033; x_wconf 88' lang='lat' dir='ltr'><strong>responderet:</strong></span> <span class='ocrx_word' id='word_1_416' title='bbox 2578 2982 2595 3014; x_wconf 77' lang='grc' dir='ltr'><strong>ι</strong></span> <span class='ocrx_word' id='word_1_417' title='bbox 2642 2964 2758 3018; x_wconf 78' lang='lat' dir='ltr'><strong>Viri</strong></span> <span class='ocrx_word' id='word_1_418' title='bbox 2805 2965 3104 3028; x_wconf 60' lang='lat' dir='ltr'><strong>Israelita},</strong></span> <span class='ocrx_word' id='word_1_419' title='bbox 3151 2963 3283 3033; x_wconf 86' lang='lat' dir='ltr'><strong>quid</strong></span> <span class='ocrx_word' id='word_1_420' title='bbox 3329 2962 3604 3017; x_wconf 88' lang='lat' dir='ltr'><strong>miramini</strong></span> <span class='ocrx_word' id='word_1_421' title='bbox 3647 2964 3703 3016; x_wconf 91' lang='lat' dir='ltr'><strong>in</strong></span> 
     </span>
    </p>
   </div>
   <div class='ocr_carea' id='block_1_61' title="bbox 2125 3052 3706 3125">
    <p class='ocr_par' dir='ltr' id='par_1_61' title="bbox 2125 3052 3706 3125">
     <span class='ocr_line' id='line_1_61' title="bbox 2125 3052 3706 3125; baseline 0.002 -19"><span class='ocrx_word' id='word_1_422' title='bbox 2125 3052 2252 3118; x_wconf 90' lang='lat' dir='ltr'><strong>hoc,</strong></span> <span class='ocrx_word' id='word_1_423' title='bbox 2294 3063 2389 3109; x_wconf 91' lang='lat' dir='ltr'><strong>aut</strong></span> <span class='ocrx_word' id='word_1_424' title='bbox 2429 3069 2532 3109; x_wconf 87' lang='lat' dir='ltr'><strong>nos</strong></span> <span class='ocrx_word' id='word_1_425' title='bbox 2575 3055 2710 3124; x_wconf 90' lang='lat' dir='ltr'><strong>quid</strong></span> <span class='ocrx_word' id='word_1_426' title='bbox 2752 3055 3068 3119; x_wconf 87' lang='lat' dir='ltr'><strong>intuemini,</strong></span> <span class='ocrx_word' id='word_1_427' title='bbox 3103 3055 3259 3125; x_wconf 90' lang='lat' dir='ltr'><strong>quasi</strong></span> <span class='ocrx_word' id='word_1_428' title='bbox 3291 3063 3478 3108; x_wconf 88' lang='lat' dir='ltr'><strong>nostra</strong></span> <span class='ocrx_word' id='word_1_429' title='bbox 3501 3054 3706 3109; x_wconf 79' lang='lat' dir='ltr'><strong>virtute</strong></span> 
     </span>
    </p>
   </div>
   <div class='ocr_carea' id='block_1_62' title="bbox 433 3122 2018 3215">
    <p class='ocr_par' dir='ltr' id='par_1_62' title="bbox 433 3122 2018 3215">
     <span class='ocr_line' id='line_1_62' title="bbox 433 3122 2018 3215; baseline 0.001 -18"><span class='ocrx_word' id='word_1_430' title='bbox 433 3122 689 3215; x_wconf 40' lang='lat' dir='ltr'><strong>1%0tﬁx66t</strong></span> <span class='ocrx_word' id='word_1_431' title='bbox 706 3143 801 3197; x_wconf 85' lang='grc' dir='ltr'><strong>τοῦ</strong></span> <span class='ocrx_word' id='word_1_432' title='bbox 822 3146 1144 3214; x_wconf 84' lang='grc' dir='ltr'>περιπατεῖν</span> <span class='ocrx_word' id='word_1_433' title='bbox 1160 3122 1344 3208; x_wconf 80' lang='grc' dir='ltr'>αῦτόν;</span> <span class='ocrx_word' id='word_1_434' title='bbox 1380 3143 1439 3197; x_wconf 84' lang='grc'><strong>’0</strong></span> <span class='ocrx_word' id='word_1_435' title='bbox 1459 3144 1591 3208; x_wconf 85' lang='grc' dir='ltr'>Θεὸς</span> <span class='ocrx_word' id='word_1_436' title='bbox 1607 3122 1611 3124; x_wconf 15' lang='grc' dir='ltr'><strong><em>γ</em></strong></span> <span class='ocrx_word' id='word_1_437' title='bbox 1625 3122 1897 3215; x_wconf 69' lang='grc' dir='ltr'>Ἀϐραὰμ,</span> <span class='ocrx_word' id='word_1_438' title='bbox 1923 3145 2018 3198; x_wconf 81' lang='grc' dir='ltr'>καὶ</span> 
     </span>
    </p>
   </div>
   <div class='ocr_carea' id='block_1_63' title="bbox 2121 3122 3706 3215">
    <p class='ocr_par' dir='ltr' id='par_1_63' title="bbox 2123 3143 3706 3213">
     <span class='ocr_line' id='line_1_63' title="bbox 2123 3143 3706 3213; baseline -0.001 -15"><span class='ocrx_word' id='word_1_439' title='bbox 2123 3153 2219 3198; x_wconf 90' lang='lat' dir='ltr'><strong>aut</strong></span> <span class='ocrx_word' id='word_1_440' title='bbox 2268 3145 2471 3213; x_wconf 89' lang='lat' dir='ltr'><strong>pietate</strong></span> <span class='ocrx_word' id='word_1_441' title='bbox 2505 3144 2802 3200; x_wconf 83' lang='lat' dir='ltr'><strong>fecerimus</strong></span> <span class='ocrx_word' id='word_1_442' title='bbox 2842 3146 2991 3199; x_wconf 87' lang='lat' dir='ltr'><strong>hunc</strong></span> <span class='ocrx_word' id='word_1_443' title='bbox 3015 3145 3336 3199; x_wconf 88' lang='lat' dir='ltr'><strong>ambulare?</strong></span> <span class='ocrx_word' id='word_1_444' title='bbox 3360 3145 3506 3198; x_wconf 87' lang='lat' dir='ltr'><strong>Deus</strong></span> <span class='ocrx_word' id='word_1_445' title='bbox 3536 3143 3706 3198; x_wconf 81' lang='lat' dir='ltr'><strong>Abra-</strong></span> 
     </span>
    </p>
   </div>
   <div class='ocr_carea' id='block_1_64' title="bbox 445 3234 2018 3307">
    <p class='ocr_par' dir='ltr' id='par_1_64' title="bbox 445 3234 2018 3307">
     <span class='ocr_line' id='line_1_64' title="bbox 445 3234 2018 3307; baseline -0.001 -18"><span class='ocrx_word' id='word_1_446' title='bbox 445 3237 653 3301; x_wconf 60' lang='grc' dir='ltr'>Ἰσαὰκ,</span> <span class='ocrx_word' id='word_1_447' title='bbox 671 3235 765 3288; x_wconf 71' lang='grc' dir='ltr'>καὶ</span> <span class='ocrx_word' id='word_1_448' title='bbox 783 3234 998 3302; x_wconf 77' lang='grc' dir='ltr'>Ἰακὼϐ,</span> <span class='ocrx_word' id='word_1_449' title='bbox 1016 3239 1042 3289; x_wconf 90' lang='lat'><strong>6</strong></span> <span class='ocrx_word' id='word_1_450' title='bbox 1059 3236 1192 3298; x_wconf 77' lang='grc' dir='ltr'>Θεὸς</span> <span class='ocrx_word' id='word_1_451' title='bbox 1208 3234 1314 3289; x_wconf 84' lang='grc' dir='ltr'>τῶν</span> <span class='ocrx_word' id='word_1_452' title='bbox 1335 3235 1588 3307; x_wconf 82' lang='grc' dir='ltr'>πατέρων</span> <span class='ocrx_word' id='word_1_453' title='bbox 1601 3238 1631 3302; x_wconf 83' lang='grc' dir='ltr'>ἡ</span> <span class='ocrx_word' id='word_1_454' title='bbox 1643 3236 1781 3305; x_wconf 84' lang='grc' dir='ltr'>μῶν,</span> <span class='ocrx_word' id='word_1_455' title='bbox 1801 3235 2018 3299; x_wconf 80' lang='grc' dir='ltr'>ὲδόξασε</span> 
     </span>
    </p>
   </div>
   <div class='ocr_carea' id='block_1_65' title="bbox 428 3326 2019 3397">
    <p class='ocr_par' dir='ltr' id='par_1_65' title="bbox 428 3326 2019 3397">
     <span class='ocr_line' id='line_1_65' title="bbox 428 3326 2019 3397; baseline 0 -18"><span class='ocrx_word' id='word_1_456' title='bbox 428 3328 524 3380; x_wconf 81' lang='grc' dir='ltr'>τὸν</span> <span class='ocrx_word' id='word_1_457' title='bbox 555 3327 719 3381; x_wconf 83' lang='grc' dir='ltr'>παῖδα</span> <span class='ocrx_word' id='word_1_458' title='bbox 747 3326 913 3380; x_wconf 83' lang='grc' dir='ltr'>αὑτοῦ</span> <span class='ocrx_word' id='word_1_459' title='bbox 955 3327 1183 3396; x_wconf 83' lang='grc' dir='ltr'>Ἰησοῦν,</span> <span class='ocrx_word' id='word_1_460' title='bbox 1218 3327 1277 3379; x_wconf 82' lang='grc' dir='ltr'>ὃν</span> <span class='ocrx_word' id='word_1_461' title='bbox 1308 3326 1468 3397; x_wconf 76' lang='grc' dir='ltr'>ὑμεῖς</span> <span class='ocrx_word' id='word_1_462' title='bbox 1501 3327 1857 3397; x_wconf 79' lang='grc' dir='ltr'>παρεδώκατε</span> <span class='ocrx_word' id='word_1_463' title='bbox 1879 3367 1893 3392; x_wconf 92' lang='grc'><strong>,</strong></span> <span class='ocrx_word' id='word_1_464' title='bbox 1925 3327 2019 3380; x_wconf 69' lang='grc' dir='ltr'>καὶ</span> 
     </span>
    </p>
   </div>
   <div class='ocr_carea' id='block_1_66' title="bbox 431 3416 2019 3488">
    <p class='ocr_par' dir='ltr' id='par_1_66' title="bbox 431 3416 2019 3488">
     <span class='ocr_line' id='line_1_66' title="bbox 431 3416 2019 3488; baseline 0 -18"><span class='ocrx_word' id='word_1_465' title='bbox 431 3416 741 3487; x_wconf 64' lang='grc' dir='ltr'>ἠρνήσασθε</span> <span class='ocrx_word' id='word_1_466' title='bbox 775 3417 915 3470; x_wconf 84' lang='grc' dir='ltr'><strong>κατά</strong></span> <span class='ocrx_word' id='word_1_467' title='bbox 945 3418 1236 3488; x_wconf 87' lang='grc' dir='ltr'>πρόσωπον</span> <span class='ocrx_word' id='word_1_468' title='bbox 1266 3418 1499 3471; x_wconf 87' lang='grc' dir='ltr'>Πιλάτου</span> <span class='ocrx_word' id='word_1_469' title='bbox 1521 3460 1535 3481; x_wconf 89' lang='grc'><strong>,</strong></span> <span class='ocrx_word' id='word_1_470' title='bbox 1565 3417 1852 3486; x_wconf 82' lang='grc' dir='ltr'>κρίναντος</span> <span class='ocrx_word' id='word_1_471' title='bbox 1875 3417 2019 3470; x_wconf 82' lang='grc' dir='ltr'>ὲκεί-</span> 
     </span>
    </p>
   </div>
   <div class='ocr_carea' id='block_1_67' title="bbox 430 3496 2016 3579">
    <p class='ocr_par' dir='ltr' id='par_1_67' title="bbox 430 3496 2016 3579">
     <span class='ocr_line' id='line_1_67' title="bbox 430 3496 2016 3579; baseline -0.002 -15"><span class='ocrx_word' id='word_1_472' title='bbox 430 3526 525 3564; x_wconf 87' lang='grc' dir='ltr'><strong>νου</strong></span> <span class='ocrx_word' id='word_1_473' title='bbox 554 3508 828 3562; x_wconf 83' lang='grc' dir='ltr'>ἀπολύειν.</span> <span class='ocrx_word' id='word_1_474' title='bbox 873 3509 1064 3579; x_wconf 82' lang='grc' dir='ltr'>Ὑμεῖς</span> <span class='ocrx_word' id='word_1_475' title='bbox 1093 3508 1150 3561; x_wconf 83' lang='grc' dir='ltr'>δὲ</span> <span class='ocrx_word' id='word_1_476' title='bbox 1190 3496 1283 3561; x_wconf 82' lang='grc' dir='ltr'>τὸν</span> <span class='ocrx_word' id='word_1_477' title='bbox 1309 3509 1464 3577; x_wconf 73' lang='grc' dir='ltr'>ἅγιον</span> <span class='ocrx_word' id='word_1_478' title='bbox 1491 3509 1581 3561; x_wconf 74' lang='grc' dir='ltr'>καὶ</span> <span class='ocrx_word' id='word_1_479' title='bbox 1614 3508 1821 3560; x_wconf 87' lang='grc' dir='ltr'>δίκαιον</span> <span class='ocrx_word' id='word_1_480' title='bbox 1847 3510 2016 3579; x_wconf 74' lang='grc' dir='ltr'>ἠρνή-</span> 
     </span>
    </p>
   </div>
   <div class='ocr_carea' id='block_1_68' title="bbox 433 3598 2012 3672">
    <p class='ocr_par' dir='ltr' id='par_1_68' title="bbox 433 3598 2012 3672">
     <span class='ocr_line' id='line_1_68' title="bbox 433 3598 2012 3672; baseline -0.001 -19"><span class='ocrx_word' id='word_1_481' title='bbox 433 3599 624 3667; x_wconf 88' lang='grc' dir='ltr'>σασθε,</span> <span class='ocrx_word' id='word_1_482' title='bbox 654 3601 752 3654; x_wconf 67' lang='grc' dir='ltr'><strong>καλ⁸</strong></span> <span class='ocrx_word' id='word_1_483' title='bbox 785 3600 1064 3672; x_wconf 66' lang='grc' dir='ltr'><strong>⁴ᾐτήσασθε</strong></span> <span class='ocrx_word' id='word_1_484' title='bbox 1093 3598 1263 3671; x_wconf 82' lang='grc' dir='ltr'>ἀνδρα</span> <span class='ocrx_word' id='word_1_485' title='bbox 1291 3599 1462 3668; x_wconf 78' lang='grc' dir='ltr'>φονέα</span> <span class='ocrx_word' id='word_1_486' title='bbox 1494 3599 1824 3670; x_wconf 80' lang='grc' dir='ltr'>χαρισθῆναι</span> <span class='ocrx_word' id='word_1_487' title='bbox 1864 3599 2012 3671; x_wconf 78' lang='grc' dir='ltr'>ὑμῖν,</span> 
     </span>
    </p>
   </div>
   <div class='ocr_carea' id='block_1_69' title="bbox 428 3692 2015 3764">
    <p class='ocr_par' dir='ltr' id='par_1_69' title="bbox 428 3692 2015 3764">
     <span class='ocr_line' id='line_1_69' title="bbox 428 3692 2015 3764; baseline -0.001 -19"><span class='ocrx_word' id='word_1_488' title='bbox 428 3694 521 3747; x_wconf 88' lang='grc' dir='ltr'>τὸν</span> <span class='ocrx_word' id='word_1_489' title='bbox 556 3694 613 3747; x_wconf 82' lang='grc' dir='ltr'>δὲ</span> <span class='ocrx_word' id='word_1_490' title='bbox 652 3693 897 3764; x_wconf 86' lang='grc' dir='ltr'>ἀρχηγὸν</span> <span class='ocrx_word' id='word_1_491' title='bbox 921 3695 1024 3763; x_wconf 86' lang='grc' dir='ltr'><strong>τῆς</strong></span> <span class='ocrx_word' id='word_1_492' title='bbox 1048 3692 1195 3763; x_wconf 82' lang='grc' dir='ltr'>ζωῆς</span> <span class='ocrx_word' id='word_1_493' title='bbox 1234 3692 1618 3746; x_wconf 84' lang='grc' dir='ltr'>ἀπεκτείνατε.</span> <span class='ocrx_word' id='word_1_494' title='bbox 1660 3712 1677 3743; x_wconf 77' lang='grc' dir='ltr'><strong>ι</strong></span> <span class='ocrx_word' id='word_1_495' title='bbox 1710 3693 1819 3745; x_wconf 73' lang='grc' dir='ltr'><strong>Καὶ</strong></span> <span class='ocrx_word' id='word_1_496' title='bbox 1853 3692 1962 3762; x_wconf 86' lang='grc' dir='ltr'><strong>μὴν</strong></span> <span class='ocrx_word' id='word_1_497' title='bbox 1988 3692 2015 3744; x_wconf 83' lang='lat'><strong>6</strong></span> 
     </span>
    </p>
   </div>
   <div class='ocr_carea' id='block_1_70' title="bbox 428 3784 2017 3858">
    <p class='ocr_par' dir='ltr' id='par_1_70' title="bbox 428 3784 2017 3858">
     <span class='ocr_line' id='line_1_70' title="bbox 428 3784 2017 3858; baseline -0.001 -19"><span class='ocrx_word' id='word_1_498' title='bbox 428 3787 530 3857; x_wconf 81' lang='grc' dir='ltr'><strong>τῆς</strong></span> <span class='ocrx_word' id='word_1_499' title='bbox 551 3786 698 3857; x_wconf 79' lang='grc' dir='ltr'>ζωῆς</span> <span class='ocrx_word' id='word_1_500' title='bbox 722 3786 879 3857; x_wconf 78' lang='grc' dir='ltr'>ἡμῶν</span> <span class='ocrx_word' id='word_1_501' title='bbox 905 3784 1148 3858; x_wconf 81' lang='grc' dir='ltr'>ἀρχηγὸς</span> <span class='ocrx_word' id='word_1_502' title='bbox 1174 3785 1438 3849; x_wconf 86' lang='grc' dir='ltr'>ἀθάνατός</span> <span class='ocrx_word' id='word_1_503' title='bbox 1459 3785 1627 3838; x_wconf 75' lang='grc' dir='ltr'>ἐστιν’</span> <span class='ocrx_word' id='word_1_504' title='bbox 1655 3787 1768 3839; x_wconf 85' lang='grc' dir='ltr'>ἀλλ’</span> <span class='ocrx_word' id='word_1_505' title='bbox 1795 3785 2017 3848; x_wconf 72' lang='grc' dir='ltr'>ὲνωθεὶς</span> 
     </span>
    </p>
   </div>
   <div class='ocr_carea' id='block_1_71' title="bbox 427 3877 2016 3949">
    <p class='ocr_par' dir='ltr' id='par_1_71' title="bbox 427 3877 2016 3949">
     <span class='ocr_line' id='line_1_71' title="bbox 427 3877 2016 3949; baseline -0.001 -18"><span class='ocrx_word' id='word_1_506' title='bbox 427 3878 508 3949; x_wconf 84' lang='grc' dir='ltr'>τῷ</span> <span class='ocrx_word' id='word_1_507' title='bbox 537 3878 716 3948; x_wconf 85' lang='grc' dir='ltr'>θνητῷ</span> <span class='ocrx_word' id='word_1_508' title='bbox 741 3878 1078 3949; x_wconf 86' lang='grc' dir='ltr'>ἀπεκτάνθη,</span> <span class='ocrx_word' id='word_1_509' title='bbox 1106 3877 1289 3949; x_wconf 78' lang='grc' dir='ltr'>φησίν.</span> <span class='ocrx_word' id='word_1_510' title='bbox 1323 3877 1387 3930; x_wconf 87' lang='grc' dir='ltr'><strong><em>Ἡ</em></strong></span> <span class='ocrx_word' id='word_1_511' title='bbox 1419 3877 1527 3947; x_wconf 81' lang='grc' dir='ltr'><strong>γὰρ</strong></span> <span class='ocrx_word' id='word_1_512' title='bbox 1558 3879 1636 3941; x_wconf 87' lang='grc' dir='ltr'><strong>είς</strong></span> <span class='ocrx_word' id='word_1_513' title='bbox 1663 3877 1796 3930; x_wconf 86' lang='grc' dir='ltr'>Θεὸν</span> <span class='ocrx_word' id='word_1_514' title='bbox 1825 3878 2016 3941; x_wconf 76' lang='grc' dir='ltr'>ἓνωσις</span> 
     </span>
    </p>
   </div>
   <div class='ocr_carea' id='block_1_72' title="bbox 426 3969 2015 4042">
    <p class='ocr_par' dir='ltr' id='par_1_72' title="bbox 426 3969 2015 4042">
     <span class='ocr_line' id='line_1_72' title="bbox 426 3969 2015 4042; baseline -0.001 -18"><span class='ocrx_word' id='word_1_515' title='bbox 426 3972 530 4025; x_wconf 84' lang='grc' dir='ltr'>οὐκ</span> <span class='ocrx_word' id='word_1_516' title='bbox 557 3971 780 4042; x_wconf 76' lang='grc' dir='ltr'>ἀφίησιν</span> <span class='ocrx_word' id='word_1_517' title='bbox 829 3972 907 4034; x_wconf 86' lang='grc' dir='ltr'>είς</span> <span class='ocrx_word' id='word_1_518' title='bbox 942 3969 1230 4041; x_wconf 78' lang='grc' dir='ltr'>ἄνθρωπον</span> <span class='ocrx_word' id='word_1_519' title='bbox 1275 3970 1434 4040; x_wconf 85' lang='grc' dir='ltr'>μόνον</span> <span class='ocrx_word' id='word_1_520' title='bbox 1471 3970 1914 4040; x_wconf 76' lang='grc' dir='ltr'>περιγράφεσθαι</span> <span class='ocrx_word' id='word_1_521' title='bbox 1946 3969 2015 4023; x_wconf 82' lang='grc' dir='ltr'>τὰ</span> 
     </span>
    </p>
   </div>
   <div class='ocr_carea' id='block_1_73' title="bbox 427 4059 2009 4134">
    <p class='ocr_par' dir='ltr' id='par_1_73' title="bbox 427 4059 2009 4134">
     <span class='ocr_line' id='line_1_73' title="bbox 427 4059 2009 4134; baseline -0.001 -19"><span class='ocrx_word' id='word_1_522' title='bbox 427 4062 744 4134; x_wconf 87' lang='grc' dir='ltr'>παθήματα.</span> <span class='ocrx_word' id='word_1_523' title='bbox 776 4063 875 4115; x_wconf 87' lang='grc' dir='ltr'>Διά</span> <span class='ocrx_word' id='word_1_524' title='bbox 898 4061 1056 4114; x_wconf 88' lang='grc' dir='ltr'>τοῦτο</span> <span class='ocrx_word' id='word_1_525' title='bbox 1088 4061 1144 4114; x_wconf 82' lang='grc' dir='ltr'>δὲ</span> <span class='ocrx_word' id='word_1_526' title='bbox 1170 4061 1261 4116; x_wconf 86' lang='grc' dir='ltr'>τὸν</span> <span class='ocrx_word' id='word_1_527' title='bbox 1296 4062 1559 4131; x_wconf 78' lang='grc' dir='ltr'>μονογενῆ</span> <span class='ocrx_word' id='word_1_528' title='bbox 1596 4061 1720 4114; x_wconf 85' lang='grc' dir='ltr'>Υίὸν</span> <span class='ocrx_word' id='word_1_529' title='bbox 1751 4060 1845 4112; x_wconf 87' lang='grc' dir='ltr'><strong>τοῦ</strong></span> <span class='ocrx_word' id='word_1_530' title='bbox 1873 4059 2009 4113; x_wconf 90' lang='grc' dir='ltr'>Θεοῦ</span> 
     </span>
    </p>
   </div>
   <div class='ocr_carea' id='block_1_74' title="bbox 426 4151 2014 4225">
    <p class='ocr_par' dir='ltr' id='par_1_74' title="bbox 426 4151 2014 4225">
     <span class='ocr_line' id='line_1_74' title="bbox 426 4151 2014 4225; baseline -0.001 -18"><span class='ocrx_word' id='word_1_531' title='bbox 426 4155 583 4208; x_wconf 83' lang='grc' dir='ltr'><strong>καλεί</strong></span> <span class='ocrx_word' id='word_1_532' title='bbox 634 4154 862 4225; x_wconf 88' lang='grc' dir='ltr'>Ἰησοῦν,</span> <span class='ocrx_word' id='word_1_533' title='bbox 892 4153 989 4225; x_wconf 81' lang='grc' dir='ltr'>τὴν</span> <span class='ocrx_word' id='word_1_534' title='bbox 1019 4153 1396 4224; x_wconf 81' lang='grc' dir='ltr'>προσηγορίαν</span> <span class='ocrx_word' id='word_1_535' title='bbox 1427 4154 1527 4224; x_wconf 84' lang='grc' dir='ltr'>τὴν</span> <span class='ocrx_word' id='word_1_536' title='bbox 1558 4154 1622 4206; x_wconf 79' lang='grc' dir='ltr'>ἐκ</span> <span class='ocrx_word' id='word_1_537' title='bbox 1653 4152 1752 4222; x_wconf 86' lang='grc' dir='ltr'><strong>τῆς</strong></span> <span class='ocrx_word' id='word_1_538' title='bbox 1792 4151 2014 4222; x_wconf 81' lang='grc' dir='ltr'>Μαρίας</span> 
     </span>
    </p>
   </div>
   <div class='ocr_carea' id='block_1_75' title="bbox 427 4243 2011 4316">
    <p class='ocr_par' dir='ltr' id='par_1_75' title="bbox 427 4243 2011 4316">
     <span class='ocr_line' id='line_1_75' title="bbox 427 4243 2011 4316; baseline -0.003 -17"><span class='ocrx_word' id='word_1_539' title='bbox 427 4245 677 4300; x_wconf 85' lang='grc' dir='ltr'>τεθεῖσαν</span> <span class='ocrx_word' id='word_1_540' title='bbox 718 4245 796 4316; x_wconf 83' lang='grc' dir='ltr'>τῷ</span> <span class='ocrx_word' id='word_1_541' title='bbox 828 4246 1015 4316; x_wconf 73' lang='grc' dir='ltr'>βρέφει</span> <span class='ocrx_word' id='word_1_542' title='bbox 1069 4246 1264 4310; x_wconf 80' lang='grc' dir='ltr'><strong>ἐκείνῳ</strong></span> <span class='ocrx_word' id='word_1_543' title='bbox 1310 4244 1638 4314; x_wconf 85' lang='grc' dir='ltr'>γεγενῆσθαι</span> <span class='ocrx_word' id='word_1_544' title='bbox 1688 4243 1881 4313; x_wconf 76' lang='grc' dir='ltr'>δηλῶν·</span> <span class='ocrx_word' id='word_1_545' title='bbox 1919 4244 2011 4295; x_wconf 68' lang='grc' dir='ltr'><strong>καὶ</strong></span> 
     </span>
    </p>
   </div>
   <div class='ocr_carea' id='block_1_76' title="bbox 1128 4338 1141 4355">
    <p class='ocr_par' dir='ltr' id='par_1_76' title="bbox 1128 4338 1141 4355">
     <span class='ocr_line' id='line_1_76' title="bbox 1128 4338 1141 4355; baseline 0 0"><span class='ocrx_word' id='word_1_546' title='bbox 1128 4338 1141 4355; x_wconf 56' lang='grc' dir='ltr'><strong>θ</strong></span> 
     </span>
    </p>
   </div>
   <div class='ocr_carea' id='block_1_77' title="bbox 425 4335 2011 4406">
    <p class='ocr_par' dir='ltr' id='par_1_77' title="bbox 425 4335 2011 4406">
     <span class='ocr_line' id='line_1_77' title="bbox 425 4335 2011 4406; baseline -0.001 -17"><span class='ocrx_word' id='word_1_547' title='bbox 425 4338 518 4391; x_wconf 79' lang='grc' dir='ltr'>τὸν</span> <span class='ocrx_word' id='word_1_548' title='bbox 564 4337 729 4392; x_wconf 82' lang='grc' dir='ltr'>αὑτὸν</span> <span class='ocrx_word' id='word_1_549' title='bbox 780 4337 944 4391; x_wconf 81' lang='grc' dir='ltr'>πάλιν</span> <span class='ocrx_word' id='word_1_550' title='bbox 977 4338 1073 4390; x_wconf 74' lang='grc' dir='ltr'>καὶ</span> <span class='ocrx_word' id='word_1_551' title='bbox 1128 4336 1334 4406; x_wconf 73' lang='grc' dir='ltr'>Ἰησοῦν</span> <span class='ocrx_word' id='word_1_552' title='bbox 1384 4335 1570 4397; x_wconf 80' lang='grc' dir='ltr'>καλεῖ,</span> <span class='ocrx_word' id='word_1_553' title='bbox 1621 4338 1715 4388; x_wconf 77' lang='grc' dir='ltr'>καὶ</span> <span class='ocrx_word' id='word_1_554' title='bbox 1770 4335 2011 4406; x_wconf 75' lang='grc' dir='ltr'>ἀρχηγὸν</span> 
     </span>
    </p>
   </div>
   <div class='ocr_carea' id='block_1_78' title="bbox 426 4425 2010 4499">
    <p class='ocr_par' dir='ltr' id='par_1_78' title="bbox 426 4425 2010 4499">
     <span class='ocr_line' id='line_1_78' title="bbox 426 4425 2010 4499; baseline -0.001 -19"><span class='ocrx_word' id='word_1_555' title='bbox 426 4426 827 4499; x_wconf 77' lang='grc' dir='ltr'>προσαγορεύει</span> <span class='ocrx_word' id='word_1_556' title='bbox 864 4426 1029 4497; x_wconf 78' lang='grc' dir='ltr'>ζωῆς·</span> <span class='ocrx_word' id='word_1_557' title='bbox 1060 4426 1151 4480; x_wconf 85' lang='grc' dir='ltr'>τὸν</span> <span class='ocrx_word' id='word_1_558' title='bbox 1194 4426 1357 4479; x_wconf 77' lang='grc' dir='ltr'>αὑτὸν</span> <span class='ocrx_word' id='word_1_559' title='bbox 1388 4426 1620 4496; x_wconf 83' lang='grc' dir='ltr'>ποιητήν</span> <span class='ocrx_word' id='word_1_560' title='bbox 1649 4442 1708 4478; x_wconf 87' lang='grc' dir='ltr'><strong>τε</strong></span> <span class='ocrx_word' id='word_1_561' title='bbox 1734 4425 1871 4495; x_wconf 84' lang='grc' dir='ltr'>ὁμοῦ</span> <span class='ocrx_word' id='word_1_562' title='bbox 1900 4425 2010 4479; x_wconf 81' lang='grc' dir='ltr'><strong>τῶν</strong></span> 
     </span>
    </p>
   </div>
   <div class='ocr_carea' id='block_1_79' title="bbox 425 4514 2003 4587">
    <p class='ocr_par' dir='ltr' id='par_1_79' title="bbox 425 4514 2003 4587">
     <span class='ocr_line' id='line_1_79' title="bbox 425 4514 2003 4587; baseline -0.001 -17"><span class='ocrx_word' id='word_1_563' title='bbox 425 4518 683 4572; x_wconf 79' lang='grc' dir='ltr'>ἁπάντων</span> <span class='ocrx_word' id='word_1_564' title='bbox 706 4519 943 4581; x_wconf 79' lang='grc' dir='ltr'>δεικνὺς,</span> <span class='ocrx_word' id='word_1_565' title='bbox 967 4517 1062 4571; x_wconf 76' lang='grc' dir='ltr'>καὶ</span> <span class='ocrx_word' id='word_1_566' title='bbox 1085 4514 1372 4587; x_wconf 79' lang='grc' dir='ltr'>ἄνθρωπον</span> <span class='ocrx_word' id='word_1_567' title='bbox 1397 4514 1626 4568; x_wconf 79' lang='grc' dir='ltr'>θανάτου</span> <span class='ocrx_word' id='word_1_568' title='bbox 1646 4516 2003 4585; x_wconf 84' lang='grc' dir='ltr'>γευσάμενον.</span> 
     </span>
    </p>
   </div>
   <div class='ocr_carea' id='block_1_80' title="bbox 495 4603 2008 4677">
    <p class='ocr_par' dir='ltr' id='par_1_80' title="bbox 495 4603 2008 4677">
     <span class='ocr_line' id='line_1_80' title="bbox 495 4603 2008 4677; baseline -0.001 -19"><span class='ocrx_word' id='word_1_569' title='bbox 495 4607 568 4661; x_wconf 90' lang='grc' dir='ltr'><strong>Δ’.</strong></span> <span class='ocrx_word' id='word_1_570' title='bbox 612 4606 720 4659; x_wconf 72' lang='grc' dir='ltr'>Καὶ</span> <span class='ocrx_word' id='word_1_571' title='bbox 743 4607 837 4675; x_wconf 42' lang='grc' dir='ltr'>,ἵνα</span> <span class='ocrx_word' id='word_1_572' title='bbox 867 4606 941 4677; x_wconf 78' lang='grc' dir='ltr'>μὴ</span> <span class='ocrx_word' id='word_1_573' title='bbox 967 4605 1155 4658; x_wconf 85' lang='grc' dir='ltr'>τοῦτον</span> <span class='ocrx_word' id='word_1_574' title='bbox 1196 4606 1316 4675; x_wconf 77' lang='grc' dir='ltr'>μὲν,</span> <span class='ocrx_word' id='word_1_575' title='bbox 1356 4604 1535 4670; x_wconf 79' lang='grc' dir='ltr'>ἀλλον,</span> <span class='ocrx_word' id='word_1_576' title='bbox 1562 4603 1749 4676; x_wconf 74' lang='grc' dir='ltr'>ἕτερον</span> <span class='ocrx_word' id='word_1_577' title='bbox 1779 4605 1835 4660; x_wconf 83' lang='grc' dir='ltr'>δὲ</span> <span class='ocrx_word' id='word_1_578' title='bbox 1863 4605 2008 4659; x_wconf 80' lang='grc' dir='ltr'>ἐκεῖ·</span> 
     </span>
    </p>
   </div>
   <div class='ocr_carea' id='block_1_81' title="bbox 422 4696 2009 4770">
    <p class='ocr_par' dir='ltr' id='par_1_81' title="bbox 422 4696 2009 4770">
     <span class='ocr_line' id='line_1_81' title="bbox 422 4696 2009 4770; baseline 0 -19"><span class='ocrx_word' id='word_1_579' title='bbox 422 4715 513 4751; x_wconf 88' lang='grc' dir='ltr'><strong>νον</strong></span> <span class='ocrx_word' id='word_1_580' title='bbox 558 4701 723 4770; x_wconf 78' lang='grc' dir='ltr'>νοῇς,</span> <span class='ocrx_word' id='word_1_581' title='bbox 772 4701 884 4761; x_wconf 85' lang='grc' dir='ltr'>τοῖς</span> <span class='ocrx_word' id='word_1_582' title='bbox 918 4697 1282 4770; x_wconf 86' lang='grc' dir='ltr'>ἀνθρωπίνοις</span> <span class='ocrx_word' id='word_1_583' title='bbox 1309 4699 1337 4751; x_wconf 91' lang='lat'><strong>6</strong></span> <span class='ocrx_word' id='word_1_584' title='bbox 1382 4696 1596 4759; x_wconf 82' lang='grc' dir='ltr'>Παῦλος</span> <span class='ocrx_word' id='word_1_585' title='bbox 1637 4697 1908 4768; x_wconf 76' lang='grc' dir='ltr'>ἀναμίξας</span> <span class='ocrx_word' id='word_1_586' title='bbox 1939 4699 2009 4752; x_wconf 88' lang='grc' dir='ltr'><strong>τά</strong></span> 
     </span>
    </p>
   </div>
   <div class='ocr_carea' id='block_1_82' title="bbox 422 4786 2008 4864">
    <p class='ocr_par' dir='ltr' id='par_1_82' title="bbox 422 4786 2008 4864">
     <span class='ocr_line' id='line_1_82' title="bbox 422 4786 2008 4864; baseline -0.003 -20"><span class='ocrx_word' id='word_1_587' title='bbox 422 4790 603 4855; x_wconf 83' lang='grc' dir='ltr'>θεῖκά,</span> <span class='ocrx_word' id='word_1_588' title='bbox 637 4792 875 4864; x_wconf 80' lang='grc' dir='ltr'>ἑκάτερα</span> <span class='ocrx_word' id='word_1_589' title='bbox 906 4808 970 4843; x_wconf 89' lang='grc' dir='ltr'><strong>πε</strong></span> <span class='ocrx_word' id='word_1_590' title='bbox 982 4792 1034 4862; x_wconf 65' lang='lat' dir='ltr'><strong>pl.</strong></span> <span class='ocrx_word' id='word_1_591' title='bbox 1075 4790 1194 4852; x_wconf 80' lang='grc' dir='ltr'>ἑνὸς</span> <span class='ocrx_word' id='word_1_592' title='bbox 1220 4789 1315 4842; x_wconf 72' lang='grc' dir='ltr'>καὶ</span> <span class='ocrx_word' id='word_1_593' title='bbox 1349 4786 1443 4841; x_wconf 86' lang='grc' dir='ltr'><strong>τοῦ</strong></span> <span class='ocrx_word' id='word_1_594' title='bbox 1469 4786 1631 4840; x_wconf 84' lang='grc' dir='ltr'>αὐτοῦ</span> <span class='ocrx_word' id='word_1_595' title='bbox 1664 4787 1847 4856; x_wconf 76' lang='grc' dir='ltr'>λέγει’</span> <span class='ocrx_word' id='word_1_596' title='bbox 1876 4786 2008 4840; x_wconf 75' lang='grc' dir='ltr'>θεὸν</span> 
     </span>
    </p>
   </div>
   <div class='ocr_carea' id='block_1_83' title="bbox 421 4878 2007 4954">
    <p class='ocr_par' dir='ltr' id='par_1_83' title="bbox 421 4878 2007 4954">
     <span class='ocr_line' id='line_1_83' title="bbox 421 4878 2007 4954; baseline -0.003 -19"><span class='ocrx_word' id='word_1_597' title='bbox 421 4883 636 4947; x_wconf 68' lang='grc' dir='ltr'>δεικνὺς</span> <span class='ocrx_word' id='word_1_598' title='bbox 669 4884 965 4954; x_wconf 87' lang='grc' dir='ltr'>γενόμενον</span> <span class='ocrx_word' id='word_1_599' title='bbox 993 4881 1299 4954; x_wconf 74' lang='grc' dir='ltr'>ἀνθρωπονο</span> <span class='ocrx_word' id='word_1_600' title='bbox 1330 4881 1423 4933; x_wconf 74' lang='grc' dir='ltr'>καὶ</span> <span class='ocrx_word' id='word_1_601' title='bbox 1442 4879 1529 4934; x_wconf 83' lang='grc' dir='ltr'><strong>διά</strong></span> <span class='ocrx_word' id='word_1_602' title='bbox 1554 4878 1713 4933; x_wconf 87' lang='grc' dir='ltr'>τοῦτο</span> <span class='ocrx_word' id='word_1_603' title='bbox 1735 4879 1828 4932; x_wconf 87' lang='grc' dir='ltr'>τὸν</span> <span class='ocrx_word' id='word_1_604' title='bbox 1846 4879 2007 4932; x_wconf 82' lang='grc' dir='ltr'>αὐτὸν</span> 
     </span>
    </p>
   </div>
   <div class='ocr_carea' id='block_1_84' title="bbox 419 4972 2005 5046">
    <p class='ocr_par' dir='ltr' id='par_1_84' title="bbox 419 4972 2005 5046">
     <span class='ocr_line' id='line_1_84' title="bbox 419 4972 2005 5046; baseline 0.001 -20"><span class='ocrx_word' id='word_1_605' title='bbox 419 4974 491 5026; x_wconf 76' lang='grc' dir='ltr'>τὰ</span> <span class='ocrx_word' id='word_1_606' title='bbox 519 4975 616 5045; x_wconf 86' lang='grc' dir='ltr'>μὲν</span> <span class='ocrx_word' id='word_1_607' title='bbox 647 4975 979 5046; x_wconf 82' lang='grc' dir='ltr'>ἐνεργοῦντα</span> <span class='ocrx_word' id='word_1_608' title='bbox 1009 4974 1227 5038; x_wconf 85' lang='grc' dir='ltr'>θεῖκῶς,</span> <span class='ocrx_word' id='word_1_609' title='bbox 1262 4974 1330 5027; x_wconf 86' lang='grc' dir='ltr'><strong>τά</strong></span> <span class='ocrx_word' id='word_1_610' title='bbox 1363 4974 1419 5026; x_wconf 81' lang='grc' dir='ltr'>δὲ</span> <span class='ocrx_word' id='word_1_611' title='bbox 1452 4974 1528 5034; x_wconf 83' lang='grc' dir='ltr'>ὡς</span> <span class='ocrx_word' id='word_1_612' title='bbox 1557 4972 1842 5044; x_wconf 79' lang='grc' dir='ltr'>ἄνθρωπον</span> <span class='ocrx_word' id='word_1_613' title='bbox 1871 4974 2005 5027; x_wconf 85' lang='grc' dir='ltr'>ὐπο-</span> 
     </span>
    </p>
   </div>
   <div class='ocr_carea' id='block_1_85' title="bbox 425 5064 2004 5139">
    <p class='ocr_par' dir='ltr' id='par_1_85' title="bbox 425 5064 2004 5139">
     <span class='ocr_line' id='line_1_85' title="bbox 425 5064 2004 5139; baseline -0.001 -21"><span class='ocrx_word' id='word_1_614' title='bbox 425 5064 678 5136; x_wconf 75' lang='grc' dir='ltr'>μένονταο</span> <span class='ocrx_word' id='word_1_615' title='bbox 706 5067 767 5119; x_wconf 84' lang='grc' dir='ltr'>οὐ</span> <span class='ocrx_word' id='word_1_616' title='bbox 803 5065 1234 5139; x_wconf 78' lang='grc' dir='ltr'>μεταϐληθέντος</span> <span class='ocrx_word' id='word_1_617' title='bbox 1254 5064 1413 5128; x_wconf 88' lang='grc' dir='ltr'>Θεοῦ,</span> <span class='ocrx_word' id='word_1_618' title='bbox 1445 5064 1565 5117; x_wconf 83' lang='grc' dir='ltr'>οὐδὲ</span> <span class='ocrx_word' id='word_1_619' title='bbox 1592 5064 1652 5117; x_wconf 87' lang='grc' dir='ltr'>τὸ</span> <span class='ocrx_word' id='word_1_620' title='bbox 1680 5064 2004 5134; x_wconf 79' lang='grc' dir='ltr'>φαινόμενον</span> 
     </span>
    </p>
   </div>
   <div class='ocr_carea' id='block_1_86' title="bbox 418 5155 2005 5226">
    <p class='ocr_par' dir='ltr' id='par_1_86' title="bbox 418 5155 2005 5226">
     <span class='ocr_line' id='line_1_86' title="bbox 418 5155 2005 5226; baseline 0.001 -20"><span class='ocrx_word' id='word_1_621' title='bbox 418 5156 787 5225; x_wconf 66' lang='grc' dir='ltr'>ιῖνευσαμένου.</span> <span class='ocrx_word' id='word_1_622' title='bbox 835 5155 1146 5226; x_wconf 80' lang='grc' dir='ltr'>Παράδοξος</span> <span class='ocrx_word' id='word_1_623' title='bbox 1190 5156 1298 5226; x_wconf 78' lang='grc' dir='ltr'>γὰρ</span> <span class='ocrx_word' id='word_1_624' title='bbox 1347 5158 1379 5225; x_wconf 81' lang='grc' dir='ltr'><strong>ἡ</strong></span> <span class='ocrx_word' id='word_1_625' title='bbox 1433 5155 1628 5217; x_wconf 80' lang='grc' dir='ltr'>ἓνωσις</span> <span class='ocrx_word' id='word_1_626' title='bbox 1667 5157 1910 5223; x_wconf 82' lang='grc' dir='ltr'>γέγονεν’</span> <span class='ocrx_word' id='word_1_627' title='bbox 1956 5159 2005 5209; x_wconf 84' lang='grc' dir='ltr'><strong>εί</strong></span> 
     </span>
    </p>
   </div>
   <div class='ocr_carea' id='block_1_87' title="bbox 418 5243 2003 5319">
    <p class='ocr_par' dir='ltr' id='par_1_87' title="bbox 418 5243 2003 5319">
     <span class='ocr_line' id='line_1_87' title="bbox 418 5243 2003 5319; baseline -0.001 -18"><span class='ocrx_word' id='word_1_628' title='bbox 418 5248 529 5318; x_wconf 81' lang='grc' dir='ltr'><strong>γὰρ</strong></span> <span class='ocrx_word' id='word_1_629' title='bbox 578 5247 847 5318; x_wconf 87' lang='grc' dir='ltr'>σύγχυσις</span> <span class='ocrx_word' id='word_1_630' title='bbox 901 5248 1117 5317; x_wconf 75' lang='grc' dir='ltr'>φύσεων</span> <span class='ocrx_word' id='word_1_631' title='bbox 1173 5249 1347 5301; x_wconf 71' lang='grc' dir='ltr'>ἐποίει</span> <span class='ocrx_word' id='word_1_632' title='bbox 1380 5246 1479 5317; x_wconf 86' lang='grc' dir='ltr'>τὴν</span> <span class='ocrx_word' id='word_1_633' title='bbox 1531 5246 1754 5319; x_wconf 73' lang='grc' dir='ltr'>ἕνωσιν,</span> <span class='ocrx_word' id='word_1_634' title='bbox 1788 5249 1887 5300; x_wconf 83' lang='grc' dir='ltr'>οὐκ</span> <span class='ocrx_word' id='word_1_635' title='bbox 1937 5243 2003 5317; x_wconf 86' lang='grc' dir='ltr'><strong>ῆν</strong></span> 
     </span>
    </p>
   </div>
   <div class='ocr_carea' id='block_1_88' title="bbox 491 5398 1541 5464">
    <p class='ocr_par' dir='ltr' id='par_1_88' title="bbox 491 5398 1541 5464">
     <span class='ocr_line' id='line_1_88' title="bbox 491 5398 1541 5464; baseline -0.002 -10"><span class='ocrx_word' id='word_1_636' title='bbox 491 5401 514 5432; x_wconf 79' lang='grc'>⁷</span> <span class='ocrx_word' id='word_1_637' title='bbox 539 5399 561 5454; x_wconf 88' lang='lat' dir='ltr'><strong>I</strong></span> <span class='ocrx_word' id='word_1_638' title='bbox 591 5398 718 5455; x_wconf 88' lang='lat' dir='ltr'><strong>Cor.</strong></span> <span class='ocrx_word' id='word_1_639' title='bbox 743 5417 816 5464; x_wconf 66' lang='grc' dir='ltr'>ιιι,</span> <span class='ocrx_word' id='word_1_640' title='bbox 859 5422 902 5464; x_wconf 81' lang='grc' dir='ltr'><strong>ι,</strong></span> <span class='ocrx_word' id='word_1_641' title='bbox 929 5400 981 5453; x_wconf 75' lang='lat'><strong>8.</strong></span> <span class='ocrx_word' id='word_1_642' title='bbox 1060 5401 1081 5431; x_wconf 80' lang='grc'><strong>⁸</strong></span> <span class='ocrx_word' id='word_1_643' title='bbox 1102 5400 1222 5455; x_wconf 82' lang='lat' dir='ltr'><strong>Act.</strong></span> <span class='ocrx_word' id='word_1_644' title='bbox 1250 5416 1327 5464; x_wconf 86' lang='grc' dir='ltr'>ιιι,</span> <span class='ocrx_word' id='word_1_645' title='bbox 1353 5399 1541 5453; x_wconf 59' lang='lat' dir='ltr'><strong>i245.</strong></span> 
     </span>
    </p>
   </div>
   <div class='ocr_carea' id='block_1_89' title="bbox 496 5550 1996 5634">
    <p class='ocr_par' dir='ltr' id='par_1_89' title="bbox 496 5550 1996 5634">
     <span class='ocr_line' id='line_1_89' title="bbox 496 5550 1996 5634; baseline -0.004 -21"><span class='ocrx_word' id='word_1_646' title='bbox 496 5558 570 5629; x_wconf 86' lang='grc' dir='ltr'><strong>(ι)</strong></span> <span class='ocrx_word' id='word_1_647' title='bbox 609 5558 918 5634; x_wconf 59' lang='grc' dir='ltr'><strong>Εὐσεϐείςιε</strong></span> <span class='ocrx_word' id='word_1_648' title='bbox 957 5557 1220 5634; x_wconf 65' lang='lat' dir='ltr'><strong>volgatus</strong></span> <span class='ocrx_word' id='word_1_649' title='bbox 1253 5556 1526 5634; x_wconf 69' lang='lat' dir='ltr'><strong>interpres</strong></span> <span class='ocrx_word' id='word_1_650' title='bbox 1574 5550 1807 5634; x_wconf 47' lang='lat' dir='ltr'><strong>legebat,</strong></span> <span class='ocrx_word' id='word_1_651' title='bbox 1846 5554 1996 5634; x_wconf 59' lang='lat' dir='ltr'><strong>sion-</strong></span> 
     </span>
    </p>
   </div>
   <div class='ocr_carea' id='block_1_90' title="bbox 420 5625 1996 5709">
    <p class='ocr_par' dir='ltr' id='par_1_90' title="bbox 420 5625 1996 5709">
     <span class='ocr_line' id='line_1_90' title="bbox 420 5625 1996 5709; baseline -0.003 -28"><span class='ocrx_word' id='word_1_652' title='bbox 420 5625 847 5709; x_wconf 54' lang='lat' dir='ltr'><strong>giqi,_&#39;ptzt_estate.</strong></span> <span class='ocrx_word' id='word_1_653' title='bbox 874 5625 1247 5709; x_wconf 30' lang='lat' dir='ltr'><strong>NequeLa-liteﬁr</strong></span> <span class='ocrx_word' id='word_1_654' title='bbox 1271 5626 1713 5709; x_wconf 58' lang='lat' dir='ltr'><strong>Gliry&#39;sostonitis,</strong></span> <span class='ocrx_word' id='word_1_655' title='bbox 1750 5625 1911 5709; x_wconf 58' lang='lat' dir='ltr'><strong>ligni.</strong></span> <span class='ocrx_word' id='word_1_656' title='bbox 1944 5626 1996 5677; x_wconf 89' lang='lat' dir='ltr'><strong>in</strong></span> 
     </span>
    </p>
   </div>
   <div class='ocr_carea' id='block_1_91' title="bbox 418 5694 1994 5766">
    <p class='ocr_par' dir='ltr' id='par_1_91' title="bbox 418 5694 1994 5766">
     <span class='ocr_line' id='line_1_91' title="bbox 418 5694 1994 5766; baseline -0.004 -13"><span class='ocrx_word' id='word_1_657' title='bbox 418 5694 582 5761; x_wconf 72' lang='lat' dir='ltr'><strong>illud,</strong></span> <span class='ocrx_word' id='word_1_658' title='bbox 609 5697 772 5753; x_wconf 70' lang='lat' dir='ltr'><strong>Filius</strong></span> <span class='ocrx_word' id='word_1_659' title='bbox 820 5713 881 5751; x_wconf 69' lang='lat' dir='ltr'><strong>ex</strong></span> <span class='ocrx_word' id='word_1_660' title='bbox 916 5694 990 5750; x_wconf 34' lang='lat' dir='ltr'><strong>se‘</strong></span> <span class='ocrx_word' id='word_1_661' title='bbox 1022 5694 1151 5751; x_wconf 79' lang='lat' dir='ltr'><strong>nihil</strong></span> <span class='ocrx_word' id='word_1_662' title='bbox 1195 5696 1342 5766; x_wconf 79' lang='lat' dir='ltr'><strong>facit,</strong></span> <span class='ocrx_word' id='word_1_663' title='bbox 1390 5694 1520 5765; x_wconf 85' lang='lat' dir='ltr'><strong>opp.</strong></span> <span class='ocrx_word' id='word_1_664' title='bbox 1574 5703 1704 5749; x_wconf 89' lang='lat' dir='ltr'><strong>tom.</strong></span> <span class='ocrx_word' id='word_1_665' title='bbox 1750 5694 1836 5761; x_wconf 81' lang='lat' dir='ltr'><strong>VI,</strong></span> <span class='ocrx_word' id='word_1_666' title='bbox 1871 5708 1994 5764; x_wconf 85' lang='lat' dir='ltr'><strong>pag.</strong></span> 
     </span>
    </p>
   </div>
   <div class='ocr_carea' id='block_1_92' title="bbox 2120 3235 3707 3305">
    <p class='ocr_par' dir='ltr' id='par_1_92' title="bbox 2120 3235 3707 3305">
     <span class='ocr_line' id='line_1_92' title="bbox 2120 3235 3707 3305; baseline -0.001 -16"><span class='ocrx_word' id='word_1_667' title='bbox 2120 3236 2248 3290; x_wconf 89' lang='lat' dir='ltr'><strong>ham</strong></span> <span class='ocrx_word' id='word_1_668' title='bbox 2277 3244 2333 3290; x_wconf 85' lang='lat' dir='ltr'><strong>et</strong></span> <span class='ocrx_word' id='word_1_669' title='bbox 2355 3236 2505 3290; x_wconf 88' lang='lat' dir='ltr'><strong>Isaac</strong></span> <span class='ocrx_word' id='word_1_670' title='bbox 2526 3246 2583 3290; x_wconf 92' lang='lat' dir='ltr'><strong>et</strong></span> <span class='ocrx_word' id='word_1_671' title='bbox 2603 3236 2792 3301; x_wconf 89' lang='lat' dir='ltr'><strong>Jacob,</strong></span> <span class='ocrx_word' id='word_1_672' title='bbox 2821 3237 2967 3290; x_wconf 92' lang='lat' dir='ltr'><strong>Deus</strong></span> <span class='ocrx_word' id='word_1_673' title='bbox 2996 3244 3214 3305; x_wconf 89' lang='lat' dir='ltr'><strong>patrum</strong></span> <span class='ocrx_word' id='word_1_674' title='bbox 3245 3244 3559 3288; x_wconf 91' lang='lat' dir='ltr'><strong>nostrorum</strong></span> <span class='ocrx_word' id='word_1_675' title='bbox 3593 3235 3707 3304; x_wconf 82' lang='lat' dir='ltr'><strong>glo-</strong></span> 
     </span>
    </p>
   </div>
   <div class='ocr_carea' id='block_1_93' title="bbox 2118 3324 3705 3394">
    <p class='ocr_par' dir='ltr' id='par_1_93' title="bbox 2118 3324 3705 3394">
     <span class='ocr_line' id='line_1_93' title="bbox 2118 3324 3705 3394; baseline 0 -15"><span class='ocrx_word' id='word_1_676' title='bbox 2118 3326 2355 3380; x_wconf 85' lang='lat' dir='ltr'><strong>rificavit</strong></span> <span class='ocrx_word' id='word_1_677' title='bbox 2390 3325 2587 3379; x_wconf 88' lang='lat' dir='ltr'><strong>Filium</strong></span> <span class='ocrx_word' id='word_1_678' title='bbox 2627 3341 2786 3380; x_wconf 91' lang='lat' dir='ltr'><strong>suum</strong></span> <span class='ocrx_word' id='word_1_679' title='bbox 2823 3326 3033 3389; x_wconf 83' lang='lat' dir='ltr'><strong>Jesum,</strong></span> <span class='ocrx_word' id='word_1_680' title='bbox 3069 3340 3232 3394; x_wconf 81' lang='lat' dir='ltr'><strong>quem</strong></span> <span class='ocrx_word' id='word_1_681' title='bbox 3264 3339 3362 3378; x_wconf 88' lang='lat' dir='ltr'><strong>vos</strong></span> <span class='ocrx_word' id='word_1_682' title='bbox 3401 3324 3705 3379; x_wconf 86' lang='lat' dir='ltr'><strong>tradidistis</strong></span> 
     </span>
    </p>
   </div>
   <div class='ocr_carea' id='block_1_94' title="bbox 2117 3414 3703 3488">
    <p class='ocr_par' dir='ltr' id='par_1_94' title="bbox 2117 3414 3703 3488">
     <span class='ocr_line' id='line_1_94' title="bbox 2117 3414 3703 3488; baseline -0.002 -16"><span class='ocrx_word' id='word_1_683' title='bbox 2117 3426 2173 3472; x_wconf 87' lang='lat' dir='ltr'><strong>et</strong></span> <span class='ocrx_word' id='word_1_684' title='bbox 2221 3418 2459 3488; x_wconf 80' lang='lat' dir='ltr'><strong>negastis</strong></span> <span class='ocrx_word' id='word_1_685' title='bbox 2507 3425 2632 3473; x_wconf 89' lang='lat' dir='ltr'><strong>ante</strong></span> <span class='ocrx_word' id='word_1_686' title='bbox 2674 3417 2869 3471; x_wconf 85' lang='lat' dir='ltr'><strong>faciem</strong></span> <span class='ocrx_word' id='word_1_687' title='bbox 2911 3416 3100 3478; x_wconf 89' lang='lat' dir='ltr'><strong>Pilati,</strong></span> <span class='ocrx_word' id='word_1_688' title='bbox 3137 3415 3420 3486; x_wconf 87' lang='lat' dir='ltr'><strong>judicante</strong></span> <span class='ocrx_word' id='word_1_689' title='bbox 3472 3415 3566 3469; x_wconf 90' lang='lat' dir='ltr'><strong>illo</strong></span> <span class='ocrx_word' id='word_1_690' title='bbox 3618 3414 3703 3469; x_wconf 80' lang='lat' dir='ltr'><strong>di-</strong></span> 
     </span>
    </p>
   </div>
   <div class='ocr_carea' id='block_1_95' title="bbox 2121 3506 3701 3578">
    <p class='ocr_par' dir='ltr' id='par_1_95' title="bbox 2121 3506 3701 3578">
     <span class='ocr_line' id='line_1_95' title="bbox 2121 3506 3701 3578; baseline -0.002 -14"><span class='ocrx_word' id='word_1_691' title='bbox 2121 3510 2266 3564; x_wconf 89' lang='lat' dir='ltr'><strong>mitti</strong></span> <span class='ocrx_word' id='word_1_692' title='bbox 2308 3528 2319 3563; x_wconf 92' lang='lat'><strong>:</strong></span> <span class='ocrx_word' id='word_1_693' title='bbox 2363 3525 2463 3563; x_wconf 84' lang='lat' dir='ltr'><strong>vos</strong></span> <span class='ocrx_word' id='word_1_694' title='bbox 2506 3517 2687 3563; x_wconf 90' lang='lat' dir='ltr'><strong>autem</strong></span> <span class='ocrx_word' id='word_1_695' title='bbox 2728 3516 2979 3563; x_wconf 87' lang='lat' dir='ltr'><strong>sanctum</strong></span> <span class='ocrx_word' id='word_1_696' title='bbox 3008 3516 3065 3562; x_wconf 90' lang='lat' dir='ltr'><strong>et</strong></span> <span class='ocrx_word' id='word_1_697' title='bbox 3089 3508 3298 3578; x_wconf 87' lang='lat' dir='ltr'><strong>justum</strong></span> <span class='ocrx_word' id='word_1_698' title='bbox 3351 3506 3612 3575; x_wconf 84' lang='lat' dir='ltr'><strong>negastis,</strong></span> <span class='ocrx_word' id='word_1_699' title='bbox 3643 3515 3701 3561; x_wconf 90' lang='lat' dir='ltr'><strong>et</strong></span> 
     </span>
    </p>
   </div>
   <div class='ocr_carea' id='block_1_96' title="bbox 2116 3599 3698 3674">
    <p class='ocr_par' dir='ltr' id='par_1_96' title="bbox 2116 3599 3698 3674">
     <span class='ocr_line' id='line_1_96' title="bbox 2116 3599 3698 3674; baseline -0.004 -17"><span class='ocrx_word' id='word_1_700' title='bbox 2116 3602 2352 3674; x_wconf 89' lang='lat' dir='ltr'><strong>petiistis</strong></span> <span class='ocrx_word' id='word_1_701' title='bbox 2391 3602 2569 3657; x_wconf 87' lang='lat' dir='ltr'><strong>virum</strong></span> <span class='ocrx_word' id='word_1_702' title='bbox 2614 3600 2946 3656; x_wconf 90' lang='lat' dir='ltr'><strong>homicidam</strong></span> <span class='ocrx_word' id='word_1_703' title='bbox 2973 3599 3166 3653; x_wconf 86' lang='lat' dir='ltr'><strong>donari</strong></span> <span class='ocrx_word' id='word_1_704' title='bbox 3192 3599 3388 3663; x_wconf 82' lang='lat' dir='ltr'><strong>vobis;</strong></span> <span class='ocrx_word' id='word_1_705' title='bbox 3417 3606 3698 3652; x_wconf 82' lang='lat' dir='ltr'><strong>auctorem</strong></span> 
     </span>
    </p>
   </div>
   <div class='ocr_carea' id='block_1_97' title="bbox 2114 3690 3699 3761">
    <p class='ocr_par' dir='ltr' id='par_1_97' title="bbox 2114 3690 3699 3761">
     <span class='ocr_line' id='line_1_97' title="bbox 2114 3690 3699 3761; baseline -0.003 -12"><span class='ocrx_word' id='word_1_706' title='bbox 2114 3710 2249 3750; x_wconf 84' lang='lat' dir='ltr'><strong>vero</strong></span> <span class='ocrx_word' id='word_1_707' title='bbox 2278 3694 2406 3748; x_wconf 68' lang='lat' dir='ltr'><strong>vita:</strong></span> <span class='ocrx_word' id='word_1_708' title='bbox 2433 3692 2788 3748; x_wconf 87' lang='lat' dir='ltr'><strong>interfecistis</strong></span> <span class='ocrx_word' id='word_1_709' title='bbox 2809 3691 2853 3747; x_wconf 84' lang='grc'><strong>⁸.</strong></span> <span class='ocrx_word' id='word_1_710' title='bbox 2897 3711 2915 3744; x_wconf 73' lang='grc' dir='ltr'><strong>ι</strong></span> <span class='ocrx_word' id='word_1_711' title='bbox 2948 3690 3114 3761; x_wconf 77' lang='lat' dir='ltr'><strong>Atqui</strong></span> <span class='ocrx_word' id='word_1_712' title='bbox 3137 3699 3329 3745; x_wconf 87' lang='lat' dir='ltr'><strong>auctor</strong></span> <span class='ocrx_word' id='word_1_713' title='bbox 3349 3690 3474 3744; x_wconf 59' lang='lat' dir='ltr'><strong>vita</strong></span> <span class='ocrx_word' id='word_1_714' title='bbox 3498 3698 3699 3745; x_wconf 71' lang='lat' dir='ltr'><strong>nostra:</strong></span> 
     </span>
    </p>
   </div>
   <div class='ocr_carea' id='block_1_98' title="bbox 2115 3781 3699 3850">
    <p class='ocr_par' dir='ltr' id='par_1_98' title="bbox 2115 3781 3699 3850">
     <span class='ocr_line' id='line_1_98' title="bbox 2115 3781 3699 3850; baseline -0.005 -7"><span class='ocrx_word' id='word_1_715' title='bbox 2115 3788 2442 3843; x_wconf 88' lang='lat' dir='ltr'><strong>immortalis</strong></span> <span class='ocrx_word' id='word_1_716' title='bbox 2499 3795 2619 3850; x_wconf 91' lang='lat' dir='ltr'><strong>est,</strong></span> <span class='ocrx_word' id='word_1_717' title='bbox 2672 3784 2768 3841; x_wconf 89' lang='lat' dir='ltr'><strong>sed</strong></span> <span class='ocrx_word' id='word_1_718' title='bbox 2811 3785 3030 3839; x_wconf 90' lang='lat' dir='ltr'><strong>unitum</strong></span> <span class='ocrx_word' id='word_1_719' title='bbox 3079 3783 3299 3838; x_wconf 89' lang='lat' dir='ltr'><strong>mortali</strong></span> <span class='ocrx_word' id='word_1_720' title='bbox 3349 3781 3699 3836; x_wconf 86' lang='lat' dir='ltr'><strong>interfectum</strong></span> 
     </span>
    </p>
   </div>
   <div class='ocr_carea' id='block_1_99' title="bbox 2116 3875 3697 3945">
    <p class='ocr_par' dir='ltr' id='par_1_99' title="bbox 2116 3875 3697 3945">
     <span class='ocr_line' id='line_1_99' title="bbox 2116 3875 3697 3945; baseline -0.005 -9"><span class='ocrx_word' id='word_1_721' title='bbox 2116 3881 2313 3937; x_wconf 91' lang='lat' dir='ltr'><strong>asserit</strong></span> <span class='ocrx_word' id='word_1_722' title='bbox 2338 3898 2351 3934; x_wconf 92' lang='lat'><strong>:</strong></span> <span class='ocrx_word' id='word_1_723' title='bbox 2379 3896 2504 3934; x_wconf 90' lang='lat' dir='ltr'><strong>nam</strong></span> <span class='ocrx_word' id='word_1_724' title='bbox 2536 3879 2669 3933; x_wconf 91' lang='lat' dir='ltr'><strong>unio</strong></span> <span class='ocrx_word' id='word_1_725' title='bbox 2690 3892 2817 3933; x_wconf 89' lang='lat' dir='ltr'><strong>cum</strong></span> <span class='ocrx_word' id='word_1_726' title='bbox 2848 3878 2961 3933; x_wconf 91' lang='lat' dir='ltr'><strong>Deo</strong></span> <span class='ocrx_word' id='word_1_727' title='bbox 2983 3892 3094 3931; x_wconf 92' lang='lat' dir='ltr'><strong>non</strong></span> <span class='ocrx_word' id='word_1_728' title='bbox 3124 3875 3397 3945; x_wconf 88' lang='lat' dir='ltr'><strong>permittit</strong></span> <span class='ocrx_word' id='word_1_729' title='bbox 3416 3875 3697 3945; x_wconf 84' lang='lat' dir='ltr'><strong>passiones</strong></span> 
     </span>
    </p>
   </div>
   <div class='ocr_carea' id='block_1_100' title="bbox 2116 3967 3696 4036">
    <p class='ocr_par' dir='ltr' id='par_1_100' title="bbox 2116 3967 3696 4036">
     <span class='ocr_line' id='line_1_100' title="bbox 2116 3967 3696 4036; baseline -0.004 -10"><span class='ocrx_word' id='word_1_730' title='bbox 2116 3972 2173 4026; x_wconf 89' lang='lat' dir='ltr'><strong>in</strong></span> <span class='ocrx_word' id='word_1_731' title='bbox 2208 3971 2326 4026; x_wconf 84' lang='lat' dir='ltr'><strong>solo</strong></span> <span class='ocrx_word' id='word_1_732' title='bbox 2360 3970 2584 4025; x_wconf 88' lang='lat' dir='ltr'><strong>homine</strong></span> <span class='ocrx_word' id='word_1_733' title='bbox 2616 3968 3019 4025; x_wconf 86' lang='lat' dir='ltr'><strong>circumscribi.</strong></span> <span class='ocrx_word' id='word_1_734' title='bbox 3054 3967 3184 4022; x_wconf 90' lang='lat' dir='ltr'><strong>Ideo</strong></span> <span class='ocrx_word' id='word_1_735' title='bbox 3229 3974 3414 4021; x_wconf 88' lang='lat' dir='ltr'><strong>autem</strong></span> <span class='ocrx_word' id='word_1_736' title='bbox 3441 3967 3696 4036; x_wconf 81' lang='lat' dir='ltr'><strong>unigeni-</strong></span> 
     </span>
    </p>
   </div>
   <div class='ocr_carea' id='block_1_101' title="bbox 2116 4058 3695 4130">
    <p class='ocr_par' dir='ltr' id='par_1_101' title="bbox 2116 4058 3695 4130">
     <span class='ocr_line' id='line_1_101' title="bbox 2116 4058 3695 4130; baseline -0.004 -14"><span class='ocrx_word' id='word_1_737' title='bbox 2116 4070 2233 4117; x_wconf 91' lang='lat' dir='ltr'><strong>tum</strong></span> <span class='ocrx_word' id='word_1_738' title='bbox 2261 4061 2358 4117; x_wconf 90' lang='lat' dir='ltr'><strong>Dei</strong></span> <span class='ocrx_word' id='word_1_739' title='bbox 2392 4061 2590 4116; x_wconf 88' lang='lat' dir='ltr'><strong>Filium</strong></span> <span class='ocrx_word' id='word_1_740' title='bbox 2615 4060 2803 4116; x_wconf 85' lang='lat' dir='ltr'><strong>Jesum</strong></span> <span class='ocrx_word' id='word_1_741' title='bbox 2826 4060 3084 4130; x_wconf 88' lang='lat' dir='ltr'><strong>appellat,</strong></span> <span class='ocrx_word' id='word_1_742' title='bbox 3111 4058 3219 4112; x_wconf 88' lang='lat' dir='ltr'><strong>hoc</strong></span> <span class='ocrx_word' id='word_1_743' title='bbox 3238 4073 3439 4112; x_wconf 88' lang='lat' dir='ltr'><strong>nomen</strong></span> <span class='ocrx_word' id='word_1_744' title='bbox 3462 4058 3695 4127; x_wconf 89' lang='lat' dir='ltr'><strong>puerulo</strong></span> 
     </span>
    </p>
   </div>
   <div class='ocr_carea' id='block_1_102' title="bbox 2116 4147 3690 4223">
    <p class='ocr_par' dir='ltr' id='par_1_102' title="bbox 2116 4147 3690 4223">
     <span class='ocr_line' id='line_1_102' title="bbox 2116 4147 3690 4223; baseline -0.005 -15"><span class='ocrx_word' id='word_1_745' title='bbox 2116 4153 2197 4208; x_wconf 89' lang='lat' dir='ltr'><strong>illi</strong></span> <span class='ocrx_word' id='word_1_746' title='bbox 2245 4169 2311 4209; x_wconf 83' lang='lat' dir='ltr'><strong>ex</strong></span> <span class='ocrx_word' id='word_1_747' title='bbox 2361 4153 2530 4208; x_wconf 83' lang='lat' dir='ltr'><strong>Maria</strong></span> <span class='ocrx_word' id='word_1_748' title='bbox 2579 4158 2711 4223; x_wconf 77' lang='lat' dir='ltr'><strong>nato</strong></span> <span class='ocrx_word' id='word_1_749' title='bbox 2758 4151 3078 4221; x_wconf 89' lang='lat' dir='ltr'><strong>impositum</strong></span> <span class='ocrx_word' id='word_1_750' title='bbox 3119 4149 3290 4203; x_wconf 88' lang='lat' dir='ltr'><strong>fuisse</strong></span> <span class='ocrx_word' id='word_1_751' title='bbox 3332 4147 3690 4218; x_wconf 83' lang='lat' dir='ltr'><strong>signiﬁcans:</strong></span> 
     </span>
    </p>
   </div>
   <div class='ocr_carea' id='block_1_103' title="bbox 2114 4243 3693 4315">
    <p class='ocr_par' dir='ltr' id='par_1_103' title="bbox 2114 4243 3693 4315">
     <span class='ocr_line' id='line_1_103' title="bbox 2114 4243 3693 4315; baseline -0.006 -15"><span class='ocrx_word' id='word_1_752' title='bbox 2114 4261 2415 4315; x_wconf 88' lang='lat' dir='ltr'><strong>rursusque</strong></span> <span class='ocrx_word' id='word_1_753' title='bbox 2453 4245 2708 4300; x_wconf 91' lang='lat' dir='ltr'><strong>eumdem</strong></span> <span class='ocrx_word' id='word_1_754' title='bbox 2747 4251 2805 4298; x_wconf 85' lang='lat' dir='ltr'><strong>et</strong></span> <span class='ocrx_word' id='word_1_755' title='bbox 2851 4243 3042 4298; x_wconf 83' lang='lat' dir='ltr'><strong>Jesum</strong></span> <span class='ocrx_word' id='word_1_756' title='bbox 3087 4249 3266 4305; x_wconf 88' lang='lat' dir='ltr'><strong>vocat,</strong></span> <span class='ocrx_word' id='word_1_757' title='bbox 3320 4248 3375 4294; x_wconf 89' lang='lat' dir='ltr'><strong>et</strong></span> <span class='ocrx_word' id='word_1_758' title='bbox 3413 4249 3693 4293; x_wconf 87' lang='lat' dir='ltr'><strong>auctorem</strong></span> 
     </span>
    </p>
   </div>
   <div class='ocr_carea' id='block_1_104' title="bbox 2112 4330 3695 4407">
    <p class='ocr_par' dir='ltr' id='par_1_104' title="bbox 2112 4330 3695 4407">
     <span class='ocr_line' id='line_1_104' title="bbox 2112 4330 3695 4407; baseline -0.006 -15"><span class='ocrx_word' id='word_1_759' title='bbox 2112 4338 2240 4392; x_wconf 79' lang='lat' dir='ltr'><strong>vitae</strong></span> <span class='ocrx_word' id='word_1_760' title='bbox 2272 4338 2527 4407; x_wconf 85' lang='lat' dir='ltr'><strong>appellat,</strong></span> <span class='ocrx_word' id='word_1_761' title='bbox 2563 4336 2819 4390; x_wconf 89' lang='lat' dir='ltr'><strong>eumdem</strong></span> <span class='ocrx_word' id='word_1_762' title='bbox 2848 4334 3011 4389; x_wconf 91' lang='lat' dir='ltr'><strong>simul</strong></span> <span class='ocrx_word' id='word_1_763' title='bbox 3050 4342 3108 4388; x_wconf 92' lang='lat' dir='ltr'><strong>et</strong></span> <span class='ocrx_word' id='word_1_764' title='bbox 3133 4339 3440 4388; x_wconf 86' lang='lat' dir='ltr'><strong>creatorem</strong></span> <span class='ocrx_word' id='word_1_765' title='bbox 3473 4330 3695 4385; x_wconf 85' lang='lat' dir='ltr'><strong>univer-</strong></span> 
     </span>
    </p>
   </div>
   <div class='ocr_carea' id='block_1_105' title="bbox 2114 4420 3690 4497">
    <p class='ocr_par' dir='ltr' id='par_1_105' title="bbox 2114 4420 3690 4497">
     <span class='ocr_line' id='line_1_105' title="bbox 2114 4420 3690 4497; baseline -0.006 -13"><span class='ocrx_word' id='word_1_766' title='bbox 2114 4444 2323 4493; x_wconf 90' lang='lat' dir='ltr'><strong>sorum,</strong></span> <span class='ocrx_word' id='word_1_767' title='bbox 2349 4437 2406 4483; x_wconf 88' lang='lat' dir='ltr'><strong>et</strong></span> <span class='ocrx_word' id='word_1_768' title='bbox 2425 4427 2705 4482; x_wconf 88' lang='lat' dir='ltr'><strong>hominem</strong></span> <span class='ocrx_word' id='word_1_769' title='bbox 2728 4424 2825 4497; x_wconf 89' lang='lat' dir='ltr'><strong>qui</strong></span> <span class='ocrx_word' id='word_1_770' title='bbox 2844 4432 3077 4479; x_wconf 88' lang='lat' dir='ltr'><strong>mortem</strong></span> <span class='ocrx_word' id='word_1_771' title='bbox 3099 4422 3358 4495; x_wconf 77' lang='lat' dir='ltr'><strong>gustavit,</strong></span> <span class='ocrx_word' id='word_1_772' title='bbox 3379 4420 3690 4477; x_wconf 86' lang='lat' dir='ltr'><strong>ostendens.</strong></span> 
     </span>
    </p>
   </div>
   <div class='ocr_carea' id='block_1_106' title="bbox 2186 4596 3697 4669">
    <p class='ocr_par' dir='ltr' id='par_1_106' title="bbox 2186 4596 3697 4669">
     <span class='ocr_line' id='line_1_106' title="bbox 2186 4596 3697 4669; baseline -0.005 -11"><span class='ocrx_word' id='word_1_773' title='bbox 2186 4604 2273 4659; x_wconf 72' lang='lat' dir='ltr'><strong>IV.</strong></span> <span class='ocrx_word' id='word_1_774' title='bbox 2328 4603 2397 4657; x_wconf 89' lang='lat' dir='ltr'><strong>Et</strong></span> <span class='ocrx_word' id='word_1_775' title='bbox 2448 4618 2518 4657; x_wconf 91' lang='lat' dir='ltr'><strong>ne</strong></span> <span class='ocrx_word' id='word_1_776' title='bbox 2565 4602 2735 4656; x_wconf 88' lang='lat' dir='ltr'><strong>alium</strong></span> <span class='ocrx_word' id='word_1_777' title='bbox 2784 4604 2933 4656; x_wconf 88' lang='lat' dir='ltr'><strong>hunc</strong></span> <span class='ocrx_word' id='word_1_778' title='bbox 2982 4599 3178 4655; x_wconf 88' lang='lat' dir='ltr'><strong>abillo</strong></span> <span class='ocrx_word' id='word_1_779' title='bbox 3225 4598 3454 4669; x_wconf 83' lang='lat' dir='ltr'><strong>cogites,</strong></span> <span class='ocrx_word' id='word_1_780' title='bbox 3492 4596 3697 4652; x_wconf 88' lang='lat' dir='ltr'><strong>Paulus</strong></span> 
     </span>
    </p>
   </div>
   <div class='ocr_carea' id='block_1_107' title="bbox 2114 4691 3695 4765">
    <p class='ocr_par' dir='ltr' id='par_1_107' title="bbox 2114 4691 3695 4765">
     <span class='ocr_line' id='line_1_107' title="bbox 2114 4691 3695 4765; baseline -0.005 -13"><span class='ocrx_word' id='word_1_781' title='bbox 2114 4696 2371 4753; x_wconf 88' lang='lat' dir='ltr'><strong>humanis</strong></span> <span class='ocrx_word' id='word_1_782' title='bbox 2418 4695 2604 4751; x_wconf 83' lang='lat' dir='ltr'><strong>divina</strong></span> <span class='ocrx_word' id='word_1_783' title='bbox 2657 4695 3015 4765; x_wconf 87' lang='lat' dir='ltr'><strong>permiscens,</strong></span> <span class='ocrx_word' id='word_1_784' title='bbox 3060 4701 3299 4762; x_wconf 90' lang='lat' dir='ltr'><strong>utraque</strong></span> <span class='ocrx_word' id='word_1_785' title='bbox 3332 4691 3400 4747; x_wconf 92' lang='lat' dir='ltr'><strong>de</strong></span> <span class='ocrx_word' id='word_1_786' title='bbox 3453 4706 3567 4745; x_wconf 89' lang='lat' dir='ltr'><strong>uno</strong></span> <span class='ocrx_word' id='word_1_787' title='bbox 3598 4704 3695 4744; x_wconf 91' lang='lat' dir='ltr'><strong>eo-</strong></span> 
     </span>
    </p>
   </div>
   <div class='ocr_carea' id='block_1_108' title="bbox 2113 4779 3696 4859">
    <p class='ocr_par' dir='ltr' id='par_1_108' title="bbox 2113 4779 3696 4859">
     <span class='ocr_line' id='line_1_108' title="bbox 2113 4779 3696 4859; baseline -0.008 -14"><span class='ocrx_word' id='word_1_788' title='bbox 2113 4790 2348 4859; x_wconf 88' lang='lat' dir='ltr'><strong>demque</strong></span> <span class='ocrx_word' id='word_1_789' title='bbox 2380 4786 2699 4857; x_wconf 88' lang='lat' dir='ltr'><strong>pronuntiat</strong></span> <span class='ocrx_word' id='word_1_790' title='bbox 2726 4802 2740 4851; x_wconf 90' lang='lat'>;</span> <span class='ocrx_word' id='word_1_791' title='bbox 2773 4784 3071 4840; x_wconf 89' lang='lat' dir='ltr'><strong>ostendens</strong></span> <span class='ocrx_word' id='word_1_792' title='bbox 3098 4784 3270 4838; x_wconf 88' lang='lat' dir='ltr'><strong>Deum</strong></span> <span class='ocrx_word' id='word_1_793' title='bbox 3302 4782 3580 4836; x_wconf 88' lang='lat' dir='ltr'><strong>hominem</strong></span> <span class='ocrx_word' id='word_1_794' title='bbox 3617 4779 3696 4834; x_wconf 87' lang='lat' dir='ltr'><strong>fa-</strong></span> 
     </span>
    </p>
   </div>
   <div class='ocr_carea' id='block_1_109' title="bbox 2115 4871 3697 4948">
    <p class='ocr_par' dir='ltr' id='par_1_109' title="bbox 2115 4871 3697 4948">
     <span class='ocr_line' id='line_1_109' title="bbox 2115 4871 3697 4948; baseline -0.007 -13"><span class='ocrx_word' id='word_1_795' title='bbox 2115 4890 2286 4946; x_wconf 89' lang='lat' dir='ltr'><strong>ctum,</strong></span> <span class='ocrx_word' id='word_1_796' title='bbox 2342 4879 2575 4948; x_wconf 90' lang='lat' dir='ltr'><strong>ideoque</strong></span> <span class='ocrx_word' id='word_1_797' title='bbox 2623 4876 2881 4933; x_wconf 91' lang='lat' dir='ltr'><strong>eumdem</strong></span> <span class='ocrx_word' id='word_1_798' title='bbox 2918 4875 3120 4947; x_wconf 89' lang='lat' dir='ltr'><strong>partim</strong></span> <span class='ocrx_word' id='word_1_799' title='bbox 3163 4882 3483 4944; x_wconf 90' lang='lat' dir='ltr'><strong>operantem</strong></span> <span class='ocrx_word' id='word_1_800' title='bbox 3522 4871 3697 4925; x_wconf 87' lang='lat' dir='ltr'><strong>instar</strong></span> 
     </span>
    </p>
   </div>
   <div class='ocr_carea' id='block_1_110' title="bbox 2112 4962 3691 5042">
    <p class='ocr_par' dir='ltr' id='par_1_110' title="bbox 2112 4962 3691 5042">
     <span class='ocr_line' id='line_1_110' title="bbox 2112 4962 3691 5042; baseline -0.008 -14"><span class='ocrx_word' id='word_1_801' title='bbox 2112 4974 2232 5035; x_wconf 90' lang='lat' dir='ltr'><strong>Dei,</strong></span> <span class='ocrx_word' id='word_1_802' title='bbox 2284 4971 2485 5042; x_wconf 90' lang='lat' dir='ltr'><strong>partim</strong></span> <span class='ocrx_word' id='word_1_803' title='bbox 2532 4979 2595 5025; x_wconf 88' lang='lat' dir='ltr'><strong>ut</strong></span> <span class='ocrx_word' id='word_1_804' title='bbox 2639 4970 2923 5026; x_wconf 90' lang='lat' dir='ltr'><strong>hominem</strong></span> <span class='ocrx_word' id='word_1_805' title='bbox 2967 4968 3319 5038; x_wconf 89' lang='lat' dir='ltr'><strong>passionibus</strong></span> <span class='ocrx_word' id='word_1_806' title='bbox 3352 4962 3691 5019; x_wconf 81' lang='lat' dir='ltr'><strong>obnoxium:</strong></span> 
     </span>
    </p>
   </div>
   <div class='ocr_carea' id='block_1_111' title="bbox 2112 5049 3695 5131">
    <p class='ocr_par' dir='ltr' id='par_1_111' title="bbox 2112 5049 3695 5131">
     <span class='ocr_line' id='line_1_111' title="bbox 2112 5049 3695 5131; baseline -0.009 -14"><span class='ocrx_word' id='word_1_807' title='bbox 2112 5065 2436 5131; x_wconf 88' lang='lat' dir='ltr'><strong>neutiquam</strong></span> <span class='ocrx_word' id='word_1_808' title='bbox 2471 5068 2683 5115; x_wconf 91' lang='lat' dir='ltr'><strong>mutato</strong></span> <span class='ocrx_word' id='word_1_809' title='bbox 2719 5059 2833 5113; x_wconf 91' lang='lat' dir='ltr'><strong>Deo</strong></span> <span class='ocrx_word' id='word_1_810' title='bbox 2869 5072 2972 5112; x_wconf 92' lang='lat' dir='ltr'><strong>nec</strong></span> <span class='ocrx_word' id='word_1_811' title='bbox 3007 5056 3249 5125; x_wconf 90' lang='lat' dir='ltr'><strong>speciem</strong></span> <span class='ocrx_word' id='word_1_812' title='bbox 3284 5068 3391 5122; x_wconf 87' lang='lat' dir='ltr'><strong>qua</strong></span> <span class='ocrx_word' id='word_1_813' title='bbox 3439 5049 3695 5120; x_wconf 86' lang='lat' dir='ltr'><strong>apparuit</strong></span> 
     </span>
    </p>
   </div>
   <div class='ocr_carea' id='block_1_112' title="bbox 2113 5141 3692 5210">
    <p class='ocr_par' dir='ltr' id='par_1_112' title="bbox 2113 5141 3692 5210">
     <span class='ocr_line' id='line_1_112' title="bbox 2113 5141 3692 5210; baseline -0.009 -1"><span class='ocrx_word' id='word_1_814' title='bbox 2113 5155 2435 5210; x_wconf 88' lang='lat' dir='ltr'><strong>mentiente.</strong></span> <span class='ocrx_word' id='word_1_815' title='bbox 2476 5151 2743 5208; x_wconf 79' lang='lat' dir='ltr'><strong>Mirabilis</strong></span> <span class='ocrx_word' id='word_1_816' title='bbox 2774 5150 2923 5206; x_wconf 87' lang='lat' dir='ltr'><strong>enim</strong></span> <span class='ocrx_word' id='word_1_817' title='bbox 2946 5147 3088 5202; x_wconf 89' lang='lat' dir='ltr'><strong>facta</strong></span> <span class='ocrx_word' id='word_1_818' title='bbox 3128 5146 3233 5200; x_wconf 85' lang='lat' dir='ltr'><strong>fuit</strong></span> <span class='ocrx_word' id='word_1_819' title='bbox 3270 5145 3444 5199; x_wconf 90' lang='lat' dir='ltr'><strong>unio:</strong></span> <span class='ocrx_word' id='word_1_820' title='bbox 3486 5156 3611 5195; x_wconf 83' lang='lat' dir='ltr'><strong>nam</strong></span> <span class='ocrx_word' id='word_1_821' title='bbox 3646 5141 3692 5195; x_wconf 88' lang='lat' dir='ltr'><strong>si</strong></span> 
     </span>
    </p>
   </div>
   <div class='ocr_carea' id='block_1_113' title="bbox 2110 5232 3691 5304">
    <p class='ocr_par' dir='ltr' id='par_1_113' title="bbox 2110 5232 3691 5304">
     <span class='ocr_line' id='line_1_113' title="bbox 2110 5232 3691 5304; baseline -0.011 -2"><span class='ocrx_word' id='word_1_822' title='bbox 2110 5255 2433 5302; x_wconf 85' lang='lat' dir='ltr'><strong>naturarum</strong></span> <span class='ocrx_word' id='word_1_823' title='bbox 2471 5243 2722 5300; x_wconf 84' lang='lat' dir='ltr'><strong>confusio</strong></span> <span class='ocrx_word' id='word_1_824' title='bbox 2757 5241 3020 5295; x_wconf 86' lang='lat' dir='ltr'><strong>unionem</strong></span> <span class='ocrx_word' id='word_1_825' title='bbox 3058 5237 3316 5301; x_wconf 82' lang='lat' dir='ltr'><strong>efﬁceret,</strong></span> <span class='ocrx_word' id='word_1_826' title='bbox 3357 5234 3413 5290; x_wconf 82' lang='lat' dir='ltr'><strong>id</strong></span> <span class='ocrx_word' id='word_1_827' title='bbox 3437 5232 3583 5304; x_wconf 89' lang='lat' dir='ltr'><strong>quod</strong></span> <span class='ocrx_word' id='word_1_828' title='bbox 3612 5232 3691 5286; x_wconf 83' lang='lat' dir='ltr'><strong>fa-</strong></span> 
     </span>
    </p>
   </div>
   <div class='ocr_carea' id='block_1_114' title="bbox 2105 5546 3689 5623">
    <p class='ocr_par' dir='ltr' id='par_1_114' title="bbox 2105 5546 3689 5623">
     <span class='ocr_line' id='line_1_114' title="bbox 2105 5546 3689 5623; baseline -0.009 -15"><span class='ocrx_word' id='word_1_829' title='bbox 2105 5554 2230 5617; x_wconf 64' lang='grc' dir='ltr'>Είϐί,</span> <span class='ocrx_word' id='word_1_830' title='bbox 2259 5554 2353 5623; x_wconf 87' lang='lat' dir='ltr'><strong>qui</strong></span> <span class='ocrx_word' id='word_1_831' title='bbox 2380 5560 2559 5623; x_wconf 84' lang='lat' dir='ltr'><strong>tamen</strong></span> <span class='ocrx_word' id='word_1_832' title='bbox 2581 5551 2711 5605; x_wconf 83' lang='lat' dir='ltr'><strong>alibi</strong></span> <span class='ocrx_word' id='word_1_833' title='bbox 2735 5547 2902 5623; x_wconf 83' lang='lat' dir='ltr'><strong>semel</strong></span> <span class='ocrx_word' id='word_1_834' title='bbox 2932 5546 3243 5623; x_wconf 70' lang='lat' dir='ltr'><strong>iterumque</strong></span> <span class='ocrx_word' id='word_1_835' title='bbox 3280 5546 3470 5623; x_wconf 62' lang='lat' dir='ltr'><strong>habet,</strong></span> <span class='ocrx_word' id='word_1_836' title='bbox 3497 5558 3689 5623; x_wconf 63' lang='lat' dir='ltr'><strong>qucrn-</strong></span> 
     </span>
    </p>
   </div>
   <div class='ocr_carea' id='block_1_115' title="bbox 2105 5613 3688 5689">
    <p class='ocr_par' dir='ltr' id='par_1_115' title="bbox 2105 5613 3688 5689">
     <span class='ocr_line' id='line_1_115' title="bbox 2105 5613 3688 5689; baseline -0.009 -10"><span class='ocrx_word' id='word_1_837' title='bbox 2105 5613 2406 5680; x_wconf 74' lang='lat' dir='ltr'><strong>admodum</strong></span> <span class='ocrx_word' id='word_1_838' title='bbox 2432 5622 2783 5684; x_wconf 87' lang='lat' dir='ltr'><strong>Theodotus,</strong></span> <span class='ocrx_word' id='word_1_839' title='bbox 2821 5619 3073 5689; x_wconf 76' lang='grc' dir='ltr'>εὐσεϐείᾳ</span> <span class='ocrx_word' id='word_1_840' title='bbox 3096 5658 3112 5685; x_wconf 91' lang='grc'><strong>,</strong></span> <span class='ocrx_word' id='word_1_841' title='bbox 3150 5613 3282 5673; x_wconf 78' lang='lat' dir='ltr'><strong>tom.</strong></span> <span class='ocrx_word' id='word_1_842' title='bbox 3314 5618 3378 5680; x_wconf 72' lang='grc' dir='ltr'><strong>ν,</strong></span> <span class='ocrx_word' id='word_1_843' title='bbox 3406 5632 3526 5686; x_wconf 86' lang='lat' dir='ltr'><strong>pag.</strong></span> <span class='ocrx_word' id='word_1_844' title='bbox 3567 5613 3688 5678; x_wconf 63' lang='lat' dir='ltr'><strong>me,</strong></span> 
     </span>
    </p>
   </div>
   <div class='ocr_carea' id='block_1_116' title="bbox 2107 5688 2729 5764">
    <p class='ocr_par' dir='ltr' id='par_1_116' title="bbox 2107 5688 2729 5764">
     <span class='ocr_line' id='line_1_116' title="bbox 2107 5688 2729 5764; baseline -0.008 -15"><span class='ocrx_word' id='word_1_845' title='bbox 2107 5705 2161 5749; x_wconf 87' lang='lat' dir='ltr'><strong>et</strong></span> <span class='ocrx_word' id='word_1_846' title='bbox 2189 5704 2320 5749; x_wconf 89' lang='lat' dir='ltr'><strong>tom.</strong></span> <span class='ocrx_word' id='word_1_847' title='bbox 2360 5688 2454 5751; x_wconf 81' lang='lat' dir='ltr'><strong>IX.</strong></span> <span class='ocrx_word' id='word_1_848' title='bbox 2481 5708 2601 5764; x_wconf 79' lang='lat' dir='ltr'><strong>pag.</strong></span> <span class='ocrx_word' id='word_1_849' title='bbox 2644 5691 2729 5747; x_wconf 80' lang='lat'><strong>69.</strong></span> 
     </span>
    </p>
   </div>
  </div>
