4076 6448
463 246 603 308 £513

1550 240 1896 298 TllEODOTl
1934 241 2242 300 EPISCOPI
2283 240 2634 302 ANCYRAM

3580 237 3725 297 ἰδίω

459 373 611 421 ctum
659 370 744 418 est
782 376 1126 432 nequaquam
1155 370 1300 415 esset
1332 361 1655 414 miraculum
1684 379 1696 413 :
1726 376 1871 414 nunc
1904 374 2027 413 vero

2142 360 2324 431 θαῦμα
2357 361 2417 413 τὸ
2456 357 2844 428 γεγενημένον⁶
2890 357 2985 411 νῦν
3029 356 3086 412 δὲ
3130 358 3357 428 σημεῖόν
3404 356 3457 410 τί
3505 375 3586 411 σοι
3627 361 3728 415 καὶ

458 454 674 523 signum
707 450 949 520 aliquod,
978 458 1033 505 et
1073 450 1206 505 illud
1229 451 1453 520 quidem
1482 450 1896 514 miraculosum,
1938 451 2035 504 tibi

456 543 713 599 ostendit.
750 542 873 596 Noli
906 541 1074 612 igitur
1096 542 1363 596 rationem
1399 557 1648 610 quazrere
1685 542 1742 595 in
1782 542 1850 596 iis
1913 558 2035 611 quae

455 648 620 703 supra
651 634 919 688 rationem
962 634 1103 687 facta
1137 642 1192 688 et
1231 633 1560 688 miraculose
1583 643 1895 702 perpetrata
1918 634 2037 688 fue-

456 732 586 780 runt
614 724 818 780 virtute
844 725 1031 780 divina
1060 743 1072 779 :
1111 742 1234 795 quae
1265 727 1490 796 quidem
1525 733 1735 780 naturae
1765 727 2035 780 rationem

454 818 703 889 suscipit,
731 818 826 872 sed
850 819 1153 873 humanum
1180 819 1530 874 intellectum
1561 826 1873 888 exsuperat.
1900 820 2035 873 Nam

454 908 499 964 si
539 908 913 979 generationis
955 909 1260 963 secundum
1310 924 1531 964 carnem
1589 908 1857 963 rationem
1911 924 2039 979 pro—

452 999 595 1054 ferre
641 1002 838 1069 nequis
882 999 1156 1070 (eamdem
1192 1001 1342 1055 enim
1386 1010 1443 1056 et
1475 1000 1755 1071 Virginem
1798 1016 1938 1064 esse,
1979 1008 2037 1054 et

452 1091 683 1144 Matrem
728 1092 989 1156 evasisse,
1044 1101 1258 1146 natura:
1309 1092 1451 1146 ratio
1498 1092 1735 1162 ignorat,
1791 1093 1888 1147 sed
1935 1092 2033 1147 Dei

452 1180 631 1236 virtus
676 1196 740 1235 ac
790 1182 1035 1251 potentia
1087 1183 1140 1237 id
1181 1182 1461 1249 ostendit;
1511 1191 1567 1237 et
1611 1199 1803 1239 omnes
1848 1184 1942 1254 qui
1974 1201 2033 1239 se

452 1270 797 1326 Christianos
822 1288 941 1328 esse
962 1273 1284 1343 gloriantur,
1315 1274 1368 1327 id
1401 1290 1505 1328 una
1530 1274 1816 1329 nobiseum
1841 1276 2032 1344 utique

453 1363 737 1433 fatentur),
768 1365 992 1432 quinam
1026 1365 1356 1420 ineffabilem
1378 1366 1473 1419 Dei
1493 1381 1617 1419 eum
1636 1366 1854 1420 homine
1878 1367 2035 1419 unio-

454 1472 580 1510 nem
628 1456 837 1510 ratione
876 1456 1165 1525 exquiris?
1209 1457 1318 1526 Ego
1358 1472 1489 1511 vero
1526 1457 1781 1511 existimo
1820 1457 2030 1511 homini

455 1556 604 1602 recte
644 1548 903 1602 sentienti
944 1548 998 1600 in
1050 1548 1243 1616 primis
1294 1547 1581 1602 sciendum
1641 1548 1772 1618 quid
1814 1549 1881 1603 de
1922 1549 2033 1602 Deo

452 1651 700 1705 quanch
757 1645 813 1690 et
862 1637 995 1706 quid
1046 1638 1272 1693 credere
1324 1647 1628 1707 oporteat:
1691 1655 2031 1709 quzecunque

453 1728 600 1782 enim
623 1729 926 1783 secundum
964 1738 1207 1784 nostram
1248 1738 1499 1783 naturam
1540 1739 1822 1800 operatur,
1849 1748 1912 1786 ea
1942 1748 2036 1785 ex-

452 1819 673 1888 quirere
720 1829 775 1874 et
812 1821 1100 1890 cogitando
1134 1824 1501 1893 pervestigare
1538 1823 1713 1889 licet;
1754 1823 1851 1876 sed
1890 1839 2037 1892 qum—

450 1928 669 1981 cunque
721 1928 885 1981 supra
937 1913 1205 1966 rationem
1244 1923 1609 1983 naturamque
1648 1923 1890 1968 nostram
1933 1915 2034 1967 mi-

451 2005 699 2058 raculose
734 2014 1035 2073 perpetrat,
1072 2020 1136 2059 ea
1171 2005 1277 2060 ﬁde
1318 2014 1528 2070 tenere,
1571 2022 1682 2060 non
1724 2008 2032 2062 rationibus

448 2096 738 2164 exquirere
762 2096 1048 2151 debemus.
1072 2097 1391 2168 Cujusmodi
1410 2100 1614 2153 esthoc
1635 2099 1813 2167 ipsum
1832 2099 2033 2153 oratio-

450 2186 537 2240 nis
566 2195 766 2241 nostraa
803 2189 1132 2258 subjectum.
1162 2190 1511 2259 Propositum
1531 2200 1650 2246 erat
1670 2192 1781 2245 Deo
1801 2208 1900 2261 pro
1935 2193 2034 2245 ho-

450 2277 695 2332 minibus
746 2279 855 2347 pati
895 2297 907 2331 :
964 2280 1091 2333 fecit
1139 2282 1286 2350 quod
1327 2282 1502 2335 voluit
1540 2300 1551 2334 :
1603 2301 1621 2332 ι
1656 2281 1850 2337 Omnia
1884 2284 2033 2338 enim

448 2385 789 2439 qumcunque
811 2370 987 2424 voluit
1012 2372 1298 2437 Dominus,
1325 2373 1455 2428 fecit
1477 2374 1520 2425 θ.
1546 2393 1564 2424 ι
1591 2373 1711 2427 Νοη
1727 2373 2033 2428 secundum

448 2460 689 2513 divinam
737 2469 990 2515 naturam
1026 2462 1514 2531 passibilis'l‘actus
1547 2482 1559 2516 :
1593 2463 1778 2518 absitl
1815 2465 1910 2519 sed
1940 2481 2033 2534 po—

450 2557 571 2605 tens
594 2551 776 2606 facere
812 2552 960 2621 quod
995 2553 1178 2618 vellet,
1217 2554 1389 2608 subiit
1427 2554 1770 2609 nativitatem
1812 2570 1877 2608 ex
1916 2556 2033 2610 Vir-

447 2641 595 2711 gine,
632 2641 1084 2711 quandoquidem
1117 2644 1228 2713 jam
1257 2652 1383 2698 ante
1411 2645 1577 2699 homo
1609 2645 1729 2700 ﬁeri
1763 2645 2025 2701 subierat.

445 2729 551 2799 Qui
591 2749 721 2804 ergo
755 2750 928 2804 genus
957 2746 1207 2790 nostrum
1244 2739 1508 2807 suscepit,
1542 2738 1887 2794 nativitatem
1919 2754 2029 2792 non

445 2824 754 2878 abhorruit.
779 2824 958 2895 Atque
988 2826 1093 2880 hoc
1122 2827 1302 2896 ipsum
1340 2829 1638 2884 ostendens
1678 2846 1907 2901 magnus
1942 2830 2030 2884 ille

447 2917 650 2971 Paulus
687 2918 807 2972 ait:
861 2937 878 2969 ι
905 2918 1051 2973 Misit
1081 2919 1226 2974 Deus
1256 2920 1452 2975 Filium
1498 2937 1659 2976 suum
1700 2923 1904 2977 factum
1961 2939 2028 2976 ex

2069 1701 2168 1799 δή

2141 453 2437 523 παράδοξον
2468 452 2723 523 δείκνυσι.
2757 449 2848 520 Μὴ
2872 450 3046 502 τοίνυν
3073 448 3227 519 ζήτει
3256 450 3413 517 λόγον
3440 450 3547 503 τῶν
3582 452 3732 520 ὑπὲρ

2138 544 2296 613 λόγον
2336 544 2643 615 γενομένων
2692 544 2788 597 καὶ
2820 542 3417 613 θαυματουργηθέντων
3464 544 3530 595 ὲκ
3563 544 3732 597 δυνά-

2140 652 2285 705 μεως
2317 634 2524 705 θεῖκῆς·
2559 633 2974 703 καταλαϐούσης
3005 635 3103 703 μὲν
3142 634 3235 686 τὸν
3272 633 3429 703 λόγον
3475 634 3574 703 τῆς
3621 633 3730 704 φύο

2139 740 2297 789 σεως,
2342 723 2756 795 ὑπερϐαλούσης
2792 722 2849 775 δὲ
2893 722 2990 787 τὰς
3028 722 3331 793 ἀνθρώπων
3380 723 3613 785 ἐννοίας.
3663 723 3732 775 Εἰ

2137 817 2245 886 γὰρ
2283 817 2376 870 τοῦ
2408 816 2550 870 κατὰ
2580 817 2759 886 σάρκα
2802 815 2964 867 τόκου
3003 813 3162 882 λόγον
3193 815 3295 866 οὐκ
3334 812 3476 883 ἔχεις
3517 814 3727 866 εἰπεῖν’

2135 907 2195 959 τὸ
2219 908 2328 979 γὰρ
2353 909 2449 976 τὴν
2478 906 2646 978 αὐτὴν
2676 901 2816 960 εἶναι
2849 904 3146 976 Παρθένον,
3180 903 3274 958 καὶ
3303 905 3581 972 γεγονέναι
3601 906 3731 976 Μη-

2137 998 2289 1068 τέρα,
2325 999 2386 1051 οὐ
2421 1000 2677 1070 γνωρίζει
2717 999 2818 1069 μὲν
2849 999 2878 1052 δ
2909 997 3067 1066 λόγος
3089 999 3188 1067 τῆς
3215 997 3453 1067 φύσεως,
3485 1000 3519 1068 ἡ
3545 997 3602 1051 δὲ
3625 995 3729 1050 τοῦ

2137 1088 2272 1141 Θεοῦ
2291 1089 2520 1160 δύναμις
2539 1089 2613 1161 ('2)
2637 1090 2804 1155 ἔδοξε·
2829 1089 2923 1143 καὶ
2949 1089 3107 1142 τοῦτο
3126 1090 3328 1153 πάντες
3344 1089 3410 1143 ἂν
3441 1091 3572 1160 ἡμῖν
3593 1105 3729 1142 συνο

2136 1181 2554 1251 ομολογὴσαιεν,
2606 1182 2655 1234 οἰ
2693 1180 2988 1251 αὐχοῦντες
3037 1177 3179 1234 εἶναι
3213 1182 3562 1253 Χριπιανοί·
3602 1181 3731 1245 πῶς

2134 1272 2233 1340 τὴν
2261 1272 2571 1342 ἀπόρρητον
2593 1271 2785 1324 ἕνωσιν
2814 1270 2949 1325 Θεοῦ
2978 1269 3115 1342 πρὸς
3144 1273 3235 1325 τὸν
3262 1271 3549 1342 ἄνθρωπον
3573 1273 3731 1344 λόγῳ

2137 1360 2351 1430 ζητεῖςς
2396 1361 2537 1414 Ἀλλ’
2578 1355 2731 1432 οἶμαι
2762 1362 2852 1415 τὸν
2884 1362 3250 1433 εὐφρονοῦντα
3278 1363 3557 1435 προσῆκεν
3586 1364 3733 1419 εἰδέ-

2138 1472 2226 1507 ναι
2260 1453 2311 1506 τῖ
2345 1454 2442 1524 μὲν
2463 1455 2645 1523 ζητεῖν
2677 1455 2805 1525 περὶ
2839 1454 2973 1507 Θεοῦ
2998 1498 3013 1521 ,
3040 1454 3093 1507 τί
3125 1455 3179 1508 δὲ
3208 1456 3484 1510 πιστεύειν
3507 1455 3729 1526 ὀξεῖλοοο

2140 1564 2259 1617 μεν·
2292 1548 2390 1600 ὅσα
2419 1548 2516 1616 μὲν
2543 1548 2652 1618 γὰρ
2684 1548 2824 1600 κατὰ
2856 1548 2953 1619 τὴν
2980 1547 3258 1619 ἡμετέραν
3293 1550 3506 1618 ἐνεργεῖ
3535 1547 3725 1617 φύσιν,

2138 1639 2251 1692 ἔστι
2280 1640 2461 1708 ζητεῖν
2494 1640 2774 1709 διερευνᾷν
2810 1643 2932 1703 ταῖς
2956 1641 3203 1702 ἐννοίαιςο
3239 1642 3340 1692 ὅσα
3370 1638 3426 1692 δὲ
3456 1640 3597 1711 ὑπὲρ
3631 1640 3730 1692 τὸν

2179 1732 2405 1801 μέτερον
2435 1730 2591 1797 λόγον
2619 1729 2713 1782 καὶ
2737 1731 2835 1799 τὴν
2864 1729 3027 1798 φύσιν
3054 1730 3465 1799 θαυματουργεῖ
3485 1770 3499 1790 ,
3539 1730 3728 1783 πίστει

2138 1825 2359 1892 κρατεῖν
2405 1821 2713 1890 ὀφείλομεν,
2755 1821 2817 1874 οὐ
2861 1820 3042 1891 ζητεῖν
3072 1820 3271 1887 λόγοις.
3330 1814 3455 1873 Οῗον
3496 1819 3629 1872 αὐτὸ
3658 1819 3726 1891 δὴ

2135 1914 2295 1967 τοῦτο
2326 1913 2420 1966 νῦν
2443 1913 2505 1966 τὺ
2532 1912 2608 1983 τῷ
2625 1913 2768 1983 λόγῳ
2796 1911 3173 1982 προκείμενον.
3205 1911 3399 1964 Εἴλατο
3423 1909 3555 1972 Θεὸς
3578 1910 3728 1980 ὑπὲρ

2136 2004 2438 2075 ἀνθρώπων
2464 2004 2681 2057 παθεῖν’
2705 2003 3007 2071 πεποίηκεν
3034 2003 3171 2073 ὅπερ
3190 2000 3444 2071 ἠθέλησε.
3482 2018 3499 2050 ι
3532 1998 3727 2053 Πάντα

2134 2097 2244 2168 γὰρ
2273 2097 2371 2149 ὅσα
2401 2095 2663 2165 ἠθέλησεν
2685 2098 2712 2148 ό
2741 2095 2942 2165 Κύριος
2976 2093 3251 2160 ἐποίησεν.
3288 2110 3307 2142 ›
3346 2090 3419 2144 Οὐ
3453 2091 3594 2144 κατὰ
3619 2088 3726 2160 τὴν

2135 2187 2320 2257 θεῖκὴν
2354 2186 2515 2256 φύσιν
2546 2186 2839 2257 γενόμενος
2864 2184 3127 2256 παθητὸς,
3156 2183 3357 2251 ἄπαγε·
3392 2181 3527 2235 ἀλλὰ
3554 2182 3726 2252 δυνη-

2135 2278 2248 2342 θεὶς
2304 2280 2439 2350 ὅπερ
2483 2276 2767 2347 ἠθέλησεν,
2829 2277 3010 2330 εἵλατο
3069 2278 3227 2329 τόκον
3288 2276 3353 2328 ἐκ
3404 2273 3717 2345 Παρθένον

2135 2372 2320 2443 ἐπειδὴ
2367 2372 2473 2442 πρὸ
2504 2372 2694 2423 τούτου
2732 2371 2988 2439 γενέσθαι
3032 2369 3315 2439 ἄνθρωπος
3368 2368 3723 2431 κατεδέξατο.

2145 2467 2205 2519 '0
2234 2463 2326 2520 οῦν
2352 2468 2412 2518 τὸ
2444 2466 2599 2533 γένος
2630 2465 2903 2535 ἐλόμενος,
2929 2466 3020 2518 τὸν
3059 2465 3213 2517 τόκον
3243 2464 3302 2515 οῦ
3335 2462 3721 2533 παρῃτήσατο.

2136 2556 2489 2610 Τοῦτοδέκαί
2524 2555 2802 2625 σημαίνων
2831 2556 2858 2608 ό
2890 2556 3060 2623 μέγας
3090 2554 3303 2617 Παῦλὸς
3333 2570 3511 2622 φησιν’
3539 2570 3556 2602 ι
3601 2553 3723 2615 Ἐξ-

2134 2647 2451 2700 απέστειλεν
2473 2647 2502 2698 ὁ
2530 2646 2660 2710 Θεὸς
2686 2646 2777 2698 τὸν
2801 2645 3104 2699 Υἱὸναύτοῦ
3126 2644 3416 2713 γενόμενον
3440 2644 3503 2694 ἐκ
3525 2659 3723 2710 γυναι-

2133 2738 2246 2802 κός·
2290 2759 2307 2788 ι
2349 2739 2430 2790 ὅτι
2468 2737 2559 2790 τὸν
2587 2737 2716 2790 ὄντα
2744 2738 2839 2790 καὶ
2868 2738 2959 2790 τὸν
2994 2738 3307 2805 γενόμενον,
3339 2735 3434 2788 ’ένα
3470 2736 3502 2805 ἠ
3553 2736 3727 2805 χάρις

2132 2830 2356 2899 ἐποίησε
2381 2868 2395 2893 ,
2441 2827 2982 2899 θαυματουργοῦντος
3028 2828 3163 2881 Θεοῦ
3193 2868 3208 2891 ,
3253 2828 3354 2879 οὐκ
3395 2825 3727 2896 ἀμεῖΰοντος

2133 2938 2343 2989 φυσεις.

447 3008 679 3063 muliere
718 3009 759 3039 ¹⁰
786 3026 801 3075 ;
848 3028 866 3059 ι
898 3009 1157 3078 quoniam
1186 3010 1338 3065 illum
1360 3013 1456 3083 qui
1489 3023 1609 3069 erat
1630 3023 1685 3069 et
1705 3015 1800 3083 qui
1822 3015 1997 3069 factus
2018 3020 2101 3065 est
2133 3012 2311 3082 gratia
2340 3027 2510 3067 unum
2535 3009 2684 3073 fecit,
2718 3009 2830 3065 Deo
2856 3009 3182 3064 miraculose
3214 3009 3268 3063 id
3299 3008 3594 3073 elﬁciente,
3624 3023 3724 3060 na-

449 3100 590 3156 turis
626 3115 738 3155 non
770 3101 1014 3157 mutatis.

515 3193 583 3249 ν.
614 3193 719 3250 Ubi
762 3210 893 3265 ergo
944 3212 1093 3252 nunc
1149 3198 1243 3254 ille
1297 3206 1383 3253 est
1423 3202 1516 3270 qui
1568 3202 1810 3257 clamat:
1854 3203 2021 3268 lleus,

2198 3202 2272 3254 E'.
2293 3202 2401 3257 Ποῦ
2424 3218 2554 3256 ποτε
2588 3200 2681 3254 νῦν
2712 3200 2856 3253 ἐστιν
2885 3202 2913 3252 ὁ
2940 3197 3097 3269 βοῶν·
3132 3199 3245 3254 Οὐκ
3278 3198 3481 3267 ἔτεκεν,
3513 3193 3558 3252 ὦ
3590 3197 3725 3271 βέλ-

447 3284 590 3339 bone
619 3285 721 3350 vir,
756 3286 924 3341 Maria
952 3304 1301 3359 nequaquam
1339 3290 1511 3345 Deum
1550 3293 1783 3362 genuit?
1821 3294 2021 3360 Solvis,

445 3391 479 3431 ο
531 3376 717 3443 homo,
760 3378 854 3432 Dei
902 3379 969 3432 ad
1014 3379 1267 3435 homines
1308 3381 1879 3438 condcscensionem:
1920 3384 2027 3439 hoc

442 3469 591 3524 enim
629 3479 714 3524 est
763 3471 937 3524 Deum
985 3471 1303 3529 hominibus
1357 3476 1833 3542 condescendisse,
1878 3477 2024 3546 quod

444 3570 639 3616 natura
702 3563 847 3617 Deus
915 3564 1187 3619 exsistens
1244 3569 1656 3637 generationem
1708 3569 2026 3623 hominibus

444 3653 744 3707 salutarem
783 3654 970 3708 subiit.
1008 3654 1178 3710 Tollis
1211 3659 1666 3727 generationem?
1704 3660 1871 3713 solvis
1899 3675 2027 3729 pro—

440 3743 587 3798 fecto
625 3753 680 3798 et
715 3744 1007 3799 salutarem
1036 3746 1579 3802 eondescensionem.
1603 3748 1883 3817 lmprobas
1904 3765 2027 3818 gra-

445 3833 619 3887 tiam?
650 3850 783 3904 ergo
832 3844 887 3889 et
921 3837 1152 3890 salutem
1206 3839 1517 3907 perdidisti.
1572 3840 1747 3894 Pudet
1805 3849 1857 3894 te
1904 3841 2025 3910 ejus

442 3926 591 3995 quod
645 3926 848 3981 factum
894 3929 1018 3983 est?
1055 3930 1293 3984 Pudebit
1328 3946 1461 3999 ergo
1496 3932 1576 3986 tui
1620 3942 1677 3987 et
1727 3933 2023 3987 Dominum

438 4015 626 4073 Jesum
686 4019 742 4072 in
792 4036 959 4090 regno
1007 4022 1296 4076 cmlorum.
1350 4041 1368 4074 ι
1403 4022 1801 4094 Quemcunque
1848 4025 2022 4092 enim,

440 4107 638 4177 inquit,
672 4109 840 4179 pudet
878 4111 985 4165 mei
1024 4119 1081 4166 et
1119 4127 1371 4167 meorum
1411 4127 1751 4179 sermonum,
1800 4116 1921 4187 ejus
1963 4124 2025 4175 et

438 4214 526 4254 me
566 4200 796 4269 pudebit
815 4217 999 4256 coram
1029 4203 1192 4257 Patre
1222 4219 1345 4258 meo
1367 4205 1462 4274 qui
1499 4214 1583 4259 est
1614 4206 1671 4260 in
1707 4206 1861 4262 caelis
1893 4208 1955 4262 ¹¹.
1993 4227 2013 4260 ι

436 4289 506 4343 Et
539 4292 645 4345 nisi
685 4292 830 4347 Deus
858 4292 1004 4347 foret
1037 4294 1132 4364 qui
1170 4294 1410 4350 humana
1442 4297 1769 4364 sustinebat,
1799 4299 1896 4354 sed
1916 4300 2020 4354 hu-

435 4381 670 4436 manitas
703 4383 770 4436 ad
802 4383 974 4437 instar
1003 4385 1183 4439 nostri
1218 4400 1250 4438 a
1283 4384 1487 4440 deitate
1518 4388 1784 4459 seiuncta,
1823 4398 2018 4446 neutra

434 4479 756 4527 naturarum
780 4474 1098 4543 pudendum
1129 4477 1261 4545 quid
1290 4480 1641 4547 operabatur.
1666 4481 1841 4537 llomo
1865 4483 2015 4537 enim

2129 3309 2299 3357 τιστε,
2318 3292 2497 3364 Μαρία
2507 3292 2670 3357 Θεόν;
2703 3292 2909 3356 Ἀλύεις
2929 3291 3025 3361 (5),
3044 3291 3315 3364 ἄνθρωπε,
3335 3293 3432 3364 τὴν
3449 3291 3543 3344 τοῦ
3577 3291 3722 3348 Θεοῦ

2130 3385 2268 3456 πρὸς
2310 3385 2629 3455 ἀνθρώπους
2673 3384 3080 3452 συγκαταϐασιν
3102 3400 3116 3414 ·
3153 3384 3312 3437 τοῦτο
3346 3384 3453 3455 γάρ
3503 3386 3655 3437 ἐστιν
3689 3384 3722 3438 ὂ

2128 3479 2239 3540 τοῖς
2273 3476 2584 3548 ἀνθρώποις
2620 3479 2931 3548 συγκατέῢη
2984 3476 3145 3542 Θεὸς,
3176 3478 3259 3530 ὅτι
3302 3476 3375 3530 ὢν
3418 3477 3516 3548 τὴν
3552 3476 3722 3543 φύσιν

2129 3568 2281 3632 Θεὸς,
2312 3567 2633 3632 κατεδέξατο
2662 3570 2841 3634 τόκον,
2867 3567 3172 3641 ἀνθρώπων
3203 3571 3489 3639 σωτήριον.
3528 3568 3717 3621 Ἀναι-

2131 3662 2242 3728 ρείς
2278 3660 2369 3712 τὸν
2400 3661 2598 3724 τόκον;
2630 3660 2824 3713 οὐκοῦν
2854 3661 2952 3730 τὴν
2993 3662 3260 3731 σωτήριον
3297 3658 3720 3728 συγκατάθασιν

2127 3750 2344 3815 ἔλυσας.
2400 3750 2639 3815 Ἀθετεῖς
2681 3752 2780 3823 τὴν
2807 3752 3006 3823 χὰριν;
3048 3752 3244 3804 οὐκοῦν
3285 3751 3383 3822 τὴν
3434 3751 3722 3821 σωτηρίαν

2127 3839 2434 3905 ἀπώλεσας.
2478 3841 2815 3914 Ἐπαισχύνῃ
2845 3842 2933 3895 τὸν
2964 3842 3288 3912 γενόμενον;
3325 3839 3520 3894 οὐκοῦν
3552 3842 3723 3893 ἐπαι-

2129 3932 2493 4003 σχυνθήσεταί
2524 3949 2585 3986 σε
2617 3934 2823 4003 Κύριος
2866 3933 3074 4003 Ἰησοῦς
3108 3936 3165 3986 ἐν
3207 3936 3274 4004 τῇ
3323 3933 3568 4004 βασιλείᾳ
3602 3932 3722 3986 τῶν

2126 4022 2393 4095 οὐρανῶν.
2453 4042 2473 4076 ι
2520 4025 2618 4087 '0;
2646 4023 2757 4093 γὰρ
2796 4023 2862 4077 ἂν
2892 4023 3227 4094 ἐπαισχυνθῇ
3272 4041 3375 4095 με,
3416 4025 3585 4093 φησι,
3618 4025 3721 4077 καὶ

2124 4115 2252 4179 τοὺς
2299 4116 2465 4185 ἐμοὺς
2510 4114 2736 4184 λόγους,
2788 4115 3295 4186 ἐπαισχυνθήσομαι
3341 4113 3495 4182 κάγὼ
3545 4114 3720 4168 αὐτὸν

2123 4206 2277 4277 παρὰ
2307 4204 2387 4275 τῷ
2416 4206 2592 4276 Πατρί
2626 4223 2728 4276 μου
2758 4206 2836 4276 τῷ
2866 4208 2923 4260 ἐν
2955 4208 3067 4269 τοῖς
3093 4204 3362 4275 οὐρανοῖς.
3404 4223 3421 4254 ι
3461 4206 3571 4256 Καὶ
3604 4203 3717 4274 μὴν

2124 4299 2173 4351 εἰ
2205 4298 2281 4368 μὴ
2307 4293 2534 4368 Θεὸς-ἧν
2570 4298 2860 4368 ὑπομένων
2888 4295 3228 4369 ἀνθρώπινα,
3260 4295 3397 4349 ἀλλὰ
3425 4295 3717 4367 ἀνθρωπό-

2123 4408 2223 4460 της
2269 4390 2392 4446 καθ’
2445 4392 2593 4461 ἡμᾶς
2649 4390 2927 4462 διεστήκει
2960 4390 3249 4461 θεότητος,
3298 4390 3555 4461 οὐδετέρα
3601 4388 3714 4441 τῶν

2125 4481 2341 4551 φύσεων
2372 4482 2634 4552 αἰσχύνην
2683 4483 2988 4552 εἰργάζετο.
3038 4483 3096 4534 ὐ
3133 4485 3231 4551 μὲν
3277 4481 3386 4551 γὰρ
3421 4480 3715 4552 ἄνθρωπος

435 4563 770 4632 praedicabat
807 4566 1092 4630 virtutem,
1133 4567 1278 4623 Deus
1309 4579 1492 4625 autem
1521 4573 1749 4627 sanabat
1784 4574 2016 4628 inﬁrmi-

2131 4574 2423 4644 ἐκήρυσσεν
2461 4576 2684 4645 ἀρετὴν,
2727 4577 2755 4628 ὁ
2784 4574 2840 4627 δὲ
2869 4574 3000 4636 Θεὸς
3037 4574 3155 4627 ἰᾶτο
3183 4575 3486 4645 νοσήματα.
3518 4573 3582 4625 Τί
3615 4568 3718 4626 οὖν

436 4662 594 4709 tates.
630 4654 772 4720 Quid
811 4656 979 4725 igitur
1018 4666 1158 4723 erat,
1212 4661 1369 4729 cujus
1404 4677 1507 4717 nos
1534 4680 1881 4734 nequaquam
1912 4682 2014 4734 pu-

434 4745 566 4799 dere
594 4745 797 4800 debere
816 4745 1054 4810 dieebat,
1095 4765 1220 4803 cum
1246 4750 1412 4805 homo
1435 4752 1572 4807 nihil
1597 4753 1761 4808 faciat
1786 4753 2010 4823 dignum

436 4837 669 4905 pudore,
704 4852 806 4891 nec
836 4838 981 4894 Deus
1005 4840 1306 4910 quidquam
1336 4844 1556 4912 propria
1589 4844 1877 4899 divinitate
1911 4846 2013 4898 mi-

434 4940 541 4980 nus
565 4926 942 4997 abjectiusque
963 4930 1260 4999 suscipiat?
1283 4932 1552 4999 Quoniam
1578 4949 1709 4987 vero
1725 4949 1850 4989 eum
1868 4935 2014 4991 Deus

434 5025 599 5083 esset,
644 5018 883 5074 humana
919 5021 1203 5087 sustinuit,
1243 5040 1312 5078 ne
1346 5024 1632 5093 passiones
1663 5025 1775 5079 Deo
1808 5027 2013 5095 probro

435 5109 686 5173 duceres,
727 5118 783 5163 et
805 5111 1234 5181 dispensationis
1258 5124 1312 5168 te
1340 5113 1574 5182 puderet
1604 5130 1768 5184 quam
1788 5132 1854 5171 ex
1883 5118 2013 5172 affe-

433 5205 525 5250 ctu
548 5212 676 5267 erga
703 5198 956 5256 homines
984 5209 1250 5270 operatus
1278 5212 1383 5266 est,
1414 5202 1539 5257 ideo
1561 5203 1730 5258 dicit:
1764 5224 1781 5255 ι
1814 5205 2015 5271 Quem-

431 5303 649 5358 cunque
684 5292 854 5359 pudet
898 5294 1007 5347 mei
1040 5303 1097 5347 et
1125 5307 1374 5347 meorum
1409 5310 1744 5360 sermonum,
1786 5297 2016 5365 pudebit

503 5466 524 5498 ⁸
555 5466 696 5522 Psal.
728 5484 938 5533 cxxxrv,
967 5470 1020 5523 5.
1080 5470 1122 5501 ¹⁰
1148 5470 1324 5527 Galat.
1360 5489 1433 5538 IV,
1469 5473 1523 5527 4.

1606 5473 1647 5503 ’ί
1674 5472 1810 5531 Luc.
1840 5491 1914 5539 ιι,
1945 5475 2034 5529 26.

2119 4659 2187 4734 ἦν
2216 4665 2351 4735 ὅπερ
2391 4664 2545 4731 ἔλεγε
2578 4664 2651 4734 μὴ
2685 4663 2795 4717 δεῖν
2827 4663 3291 4733 ἐπαισχύνεσθαι;
3322 4664 3443 4716 οὐδὲ
3483 4662 3577 4716 τοῦ
3610 4666 3713 4719 ἀνθ

2120 4754 2341 4825 θρώπου
2370 4774 2423 4808 τι
2459 4755 2764 4826 πράξαντος
2793 4756 2942 4820 ἄξιον
2971 4755 3233 4826 αἰσχύνης
3255 4797 3270 4817 ,
3299 4755 3419 4808 οὐδὲ
3444 4754 3538 4807 τοῦ
3568 4754 3716 4810 Θεοῦ

2118 4848 2550 4917 καταδεξαμένου
2592 4846 2811 4899 ἔλαττόν
2849 4865 2901 4901 τι
2935 4848 3036 4917 τῆς
3080 4848 3213 4910 ἰδίας
3255 4846 3547 4917 θεότητος;
3591 4847 3717 4900 ἀλλ’

2114 4938 2299 5009 ἐπειδὴ
2324 4939 2457 5003 Θεὸς
2482 4938 2557 4993 ὢν
2583 4940 2844 5010 ὑπέμεινε
2869 4940 2940 4993 τὰ
2963 4939 3302 5011 ἀνθρώπινα,
3336 4941 3423 4993 ἵνα
3448 4939 3522 5009 μὴ
3555 4940 3711 5009 πάθη

2117 5031 2456 5102 ἐπονειδίσῃς
2487 5032 2630 5101 Θεῷ,
2660 5033 2753 5085 καὶ
2783 5032 3152 5103 ἐπαισχυνθῇς
3181 5033 3493 5102 οἰκονομίαν
3523 5032 3591 5101 ἢν
3617 5032 3711 5084 διέι

2118 5122 2529 5194 φιλανθρωπίαν
2549 5125 2867 5196 εἰργάσατο,
2892 5126 3075 5195 φησίν·
3105 5144 3123 5177 ι
3162 5126 3257 5189 Ὃς
3278 5124 3344 5178 ἂν
3365 5123 3709 5193 ἐπαισχυνθῇ

2121 5229 2188 5280 με
2234 5213 2330 5265 καὶ
2372 5216 2499 5276 τοὺς
2528 5217 2695 5286 ἐμοὺς
2733 5216 2956 5285 λόγους,
2995 5215 3504 5289 ἐπαισχυνθήσομαι
3549 5214 3712 5281 κάγὼ

2119 5304 2281 5357 αὐτὴν
2305 5304 2363 5356 ἐν
2386 5308 2451 5376 τῇ
2482 5305 2731 5376 βασιλεία
2748 5306 2855 5361 τῶν
2878 5308 3148 5379 οὐρανῶν.
3164 5327 3183 5360 ι
3212 5307 3430 5361 Τούτων
3460 5306 3712 5362 ἀκούσσα

2117 5479 2157 5508 ¹²
2194 5480 2350 5534 Rom.
2377 5497 2415 5547 ι,
2448 5482 2535 5536 ili.

497 5639 574 5709 (2)
610 5641 843 5707 Ἔδοξε.
881 5643 1064 5700 Rescr.
1119 5646 1306 5716 ἔδειξε,
1342 5659 1403 5704 ut
1449 5648 1664 5719 legebat
1687 5658 1977 5723 mterpres.

2146 5655 2399 5723 Ἀλύεις.
2440 5658 2595 5731 Legit
2619 5659 2891 5734 interpres
2929 5661 3096 5728 λύεις.
