4076 6436
375 321 509 380 4321

1496 310 1862 367 ΕΧΡΟΘΠῚΘ
1897 308 2196 373 summa
2234 306 2504 364 NlCENl.

3489 315 3626 371 «εει
3665 356 3677 366 ,

373 439 403 489 6
446 433 622 508 μέγας
663 425 877 490 Παῦλος
903 424 1011 480 τῶν
1040 424 1213 494 λόγων
1245 424 1375 478 ἐϐόα
1415 422 1607 491 λέγων·
1661 443 1680 475 ‹
1733 423 1807 477 Οὐ
1841 421 1949 492 γὰρ

2073 430 2111 476 ιι
2155 438 2244 477 me
2285 422 2434 478 illius
2474 423 2528 477 in
2569 438 2737 493 regno
2780 423 3065 479 caelorum.
3100 442 3118 475 ι
3170 424 3297 482 Haec
3331 427 3500 483 verba
3530 445 3631 484 au-

374 521 778 593 ἐπαισχύνομαι
813 517 876 571 τὸ
926 515 1277 584 Εὐαγγέλιον.
1330 534 1350 566 ι
1403 516 1468 568 Τί
1516 515 1625 586 γὰρ
1690 513 1952 586 αἰσχύνης

376 616 492 686 ἔχει
522 613 585 666 τὸ
626 608 987 678 Εὐαγγέλιον,
1013 600 1059 660 ὦ
1089 606 1359 677 θαυμάσιε
1394 605 1613 671 Παῦλες
1645 607 1699 659 τί
1742 605 1955 678 ὑφορώ-

383 721 544 775 μενος
569 701 782 769 λέγεις,
824 718 843 749 ι
874 698 987 753 Οὐκ
1018 695 1419 768 ἐπαισχύνομαι
1447 696 1510 750 τὸ
1530 696 1893 766 Εὐαγγέλιονς
1931 714 1949 747 ι

378 796 582 868 ἀρετὴν
628 791 954 865 κηρύττεις,
1004 788 1415 861 φιλανθρωπίαν
1462 787 1735 868 διδάσκεις
1780 789 1953 849 Θεοῦ.

372 864 697 961 ἀρρώστους
741 884 890 938 ῐασαι
909 921 925 946 ,
959 882 1206 944 ἐλαύνεις
1230 881 1355 945 τοὺς
1386 864 1691 951 δαίμονας,
1734 881 1956 950 ἀνιστᾷς

374 982 500 1042 τοὺς
545 974 793 1047 νεκρούς.
844 973 910 1028 Τί
961 968 1057 1027 οὖν
1095 974 1245 1026 ἐστιν
1290 971 1319 1025 ὃ
1352 971 1705 1043 καυχώμενος
1736 972 1952 1038 λέγεις,

383 1094 403 1127 ι
431 1075 546 1128 Οὐκ
564 1069 964 1141 ἐπαισχύνομαι
985 1085 999 1132 ;
1025 1087 1044 1120 ι
1077 1068 1230 1129 Θεὸν,
1256 1067 1413 1137 φησὶ,
1433 1067 1576 1136 λέγω
1593 1067 1733 1139 ὑπὲρ
1754 1065 1959 1139 ἀνθρώ·

379 1183 497 1222 πων
526 1163 770 1219 παθόντα
799 1161 868 1215 τὰ
902 1155 1239 1233 ἀνθρώπιναο
1274 1157 1304 1210 ὃ
1328 1159 1441 1221 τοῖς
1468 1156 1683 1219 πολλοῖς
1727 1155 1958 1226 αἰσχύνη

373 1256 544 1316 δοκεῖ,
579 1251 691 1320 ἐγὼ
719 1251 777 1304 δὲ
818 1251 922 1303 οὐκ
963 1247 1383 1317 ἐπαισχύνομαι.
1438 1246 1513 1298 Οὐ
1559 1246 1666 1316 γὰρ
1710 1244 1959 1315 παθητὴν

377 1345 584 1414 εἰσάγω
605 1343 706 1414 τὴν
732 1340 915 1411 φύσιν,
940 1338 1073 1393 ἀλλὰ
1101 1337 1236 1391 Θεοῦ
1263 1337 1500 1392 διδάσκω
1524 1337 1957 1408 φιλανθρωπίαν.

385 1455 404 1488 ι
462 1432 700 1506 Χριστὸν
759 1432 868 1502 γὰρ
905 1429 1270 1502 κηρύττομεν,
1302 1429 1488 1499 φησὶν,
1520 1428 1958 1499 ἐσταυρωμένον,

392 1524 666 1584 Ἰουδαίοις
693 1522 795 1593 μὲν
827 1520 1143 1583 σκάνδαλον,
1172 1518 1349 1572 ἔθνεσι
1385 1518 1443 1572 δὲ
1478 1520 1712 1591 μωρίαν.
1750 1519 1858 1571 Καὶ
1878 1519 1961 1581 τίς

378 1620 529 1670 ἐστιν
555 1617 584 1667 6
618 1612 952 1685 σταυρωθεὶς
980 1611 1213 1684 Χριστός
1237 1628 1252 1677 ;
1281 1610 1429 1678 λέγε.
1486 1629 1504 1662 t
1543 1611 1734 1675 Αὐτοῖς
1763 1610 1822 1663 δὲ
1849 1613 1961 1674 τοῖς

316 1740 327 1747 ι
381 1706 601 1776 κλητοῖς
641 1688 918 1763 Ἰουδαίοις
954 1716 1015 1752 τε
1046 1700 1181 1768 φησὶ
1226 1699 1322 1751 καὶ
1354 1697 1583 1770 Ἕλλησι
1617 1699 1959 1769 κηρύττομεν

380 1795 615 1868 Χριστὸν
650 1790 788 1849 Θεοῦ
819 1792 1070 1862 δύναμιν,
1109 1792 1207 1845 καὶ
1249 1789 1386 1843 Θεοῦ
1433 1790 1645 1858 σοφίαν.
1707 1808 1725 1841 ι
1774 1788 1961 1843 Ταῦτα

378 1890 492 1950 τοῖς
540 1886 768 1957 Ἕλλησι
829 1883 1013 1954 μωρία
1065 1882 1364 1953 νομίζεται⁸
1426 1881 1618 1949 σοφίαν
1663 1881 1773 1953 γὰρ
1824 1881 1959 1934 Θεοῦ

380 1977 670 2039 ἀκούοντες
704 1972 1128 2045 ἐσταυρωμένην
1154 1974 1207 2045 oi
1224 1972 1514 2044 -Ἕλληνες,
1546 1974 1753 2027 πλατὺν
1788 1975 1962 2028 ἐκτεί-

384 2086 534 2122 νουσι
576 2068 791 2135 γέλωτα
815 2105 831 2129 ,
864 2042 1094 2135 θεότητα
1134 2042 1664 2136 οἰόμίνοιὝπαθητὴν
1707 2066 1962 2135 λέγεσθαι

384 2160 464 2231 τῷ
497 2160 828 2213 πιστεύοντι.

458 2358 549 2424 ς’.
591 2349 809 2426 Μὴοῦν
840 2353 1042 2421 ἀσθενῆ
1073 2352 1301 2423 νομίσῃς
1331 2352 1484 2416 Θεὸν.
1534 2355 1822 2423 προσέχων
1853 2360 1966 2419 τοῖς

387 2447 648 2502 πάθεσιν·
696 2445 835 2498 ἀλλὰ
888 2444 989 2512 τῆς
1038 2443 1324 2514 δυνάμεως
1360 2443 1528 2496 αὑτοῦ
1589 2444 1687 2516 τὴν
1742 2461 1965 2515 περιου-

390 2537 515 2591 σίαν
541 2536 747 2601 ἐννόει,
789 2535 877 2589 διὰ
920 2536 1282 2606 νομιζομένης
1338 2534 1620 2600 ἀσθενείας
1662 2538 1762 2607 τὴν
1810 2538 1967 2607 ἡμῶν

386 2628 671 2687 ἀσθένειαν
718 2626 1000 2690 λύσαντος.
1059 2645 1079 2678 ‹
1113 2626 1188 2679 Τὸ
1231 2624 1342 2696 γὰρ
1385 2625 1610 2689 ἀσθενὲς
1648 2628 1747 2680 τοῦ
1795 2628 1966 2694 Θεοῦ,

392 2719 738 2791 ίσχυρότερον
793 2717 901 2774 τῶν
956 2716 1281 2788 ἀνθρώπων,
1350 2735 1370 2769 ι
1430 2720 1459 2771 6
1522 2717 1734 2783 Παῦλός
1809 2736 1962 2790 φησι.

391 2811 500 2866 Καὶ
525 2810 578 2864 τί
614 2809 749 2863 ποτέ
778 2809 926 2863 ἐστιν
959 2804 1069 2881 ἄρα
1117 2807 1211 2862 τοῦ
1251 2807 1386 2862 Θεοῦ
1419 2808 1664 2873 ἀσθενὲς,
1698 2811 1749 2863 εί
1779 2812 1855 2882 μή
1886 2828 1972 2876 τις

390 2904 599 2958 ἐκείνου
648 2901 749 2972 τὴν
803 2901 941 2973 ἐμὴν
1002 2899 1287 2954 ἀσθένειαν
1332 2899 1615 2969 γεγονέναι
1666 2900 1969 2969 λογίσοιτο;

392 2996 518 3060 Πῶς
574 2995 684 3067 γὰρ
737 2993 970 3064 ἀσθενὴς
1021 2996 1053 3048 6
1103 2991 1211 3046 τῶν
1266 2992 1511 3064 οὐρανῶν
1566 2996 1831 3066 ποιητήςς
1888 2995 1973 3060 τίς

391 3086 649 3141 ἀσθένεια
707 3084 804 3138 τοῦ
880 3082 1016 3155 λόγῳ
1076 3083 1150 3136 τὰ.
1191 3084 1373 3139 πάντα
1429 3084 1973 3156 δημιουργήσαντοςς

393 3177 549 3229 ποῖον
590 3173 729 3227 Θεοῦ
760 3172 987 3237 ἀσθενὲς
1016 3171 1113 3254 τοῦ
1158 3172 1260 3244 τὴν
1296 3173 1399 3244 γῆν
1427 3173 1517 3228 ἐπ’
1563 3174 1783 3245 ἀδήλοις
1826 3176 1975 3244 ὅροις

391 3267 762 3337 minam-.93
809 3264 947 3317 ’ἁλλ’
1338 3241 1478 3335 ἐμὴν
1512 3241 1802 3329 ἀσθένειαν
1835 3241 1974 3319 ἰδίαν
2000 3241 2045 3297 C

390 3357 689 3430 πεποίηται
709 3359 740 3411 6
755 3357 855 3420 τὰς
876 3354 1033 3426 ἡμῶν
1056 3355 1338 3419 ἀσθενείας
1355 3356 1605 3411 διαλῦσαι
1627 3355 1971 3427 βουλόμενος,

394 3448 562 3520 φησὶν
586 3449 617 3501 ὁ
644 3447 878 3511 Παῦλος,
911 3466 930 3497 ι
965 3446 1039 3500 Τὸ
1067 3445 1162 3500 τοῦ
1188 3445 1324 3500 Θεοῦ
1348 3447 1595 3513 ἀσθενὲς,
1629 3447 1974 3518 ἰσχυρότερον

390 3538 505 3591 τῶν
535 3536 838 3607 ἀνθρώπων
869 3535 1038 3589 ἐστὶνι
1074 3553 1093 3587 ι
1139 3534 1357 3605 Ἐπειδὴ
1389 3534 1448 3587 δέ
1481 3536 1595 3599 καὶ,
1637 3552 1659 3586 ι
1681 3535 1755 3587 Τὸ
1791 3533 1974 3606 μωρὸν

393 3626 491 3681 τοῦ
507 3626 646 3681 Θεοῦ
661 3624 973 3697 σοφώτερον
997 3624 1108 3680 τῶν
1139 3624 1442 3696 ἀνθρώπων
1473 3626 1642 3689 ἐστὶν,
1671 3643 1690 3675 ι
1714 3627 1744 3677 6
1764 3624 1976 3688 Παῦλος

395 3718 524 3789 εφη,
544 3720 605 3773 τί
633 3718 700 3773 ἂν
716 3719 921 3774 εἴποιεν
945 3718 1128 3788 μωρὸν
1150 3716 1249 3770 τοῦ
1268 3715 1428 3781 Θεοῦ,
1450 3716 1499 3769 εί
1527 3716 1605 3787 μὴ
1631 3715 1808 3780 τοῦτο,
1838 3717 1976 3789 ὅπερ

396 3812 561 3880 ἡμεῖς
591 3811 721 3882 περὶ
745 3809 883 3863 Θεοῦ
909 3809 1158 3879 λέγομεν,
1188 3809 1281 3862 τὸν
1313 3807 1499 3876 ἀπαθῆ
1532 3810 1598 3879 τῇ
1633 3808 1795 3876 φύσει
1822 3807 1978 3874 δέξα-

399 3902 523 3956 σθαι
540 3901 719 3972 πάθης
747 3902 881 3971 ὅπερ
910 3899 1228 3971 μωρὸν-μὲν
1247 3900 1298 3952 oi
1316 3899 1575 3971 ’Έλληνες
1591 3900 1860 3970 κρίνουσι,
1886 3916 1978 3951 πι-

400 3992 611 4047 στεύειν
642 3992 742 4047 ούκ
769 3991 968 4055 εἰδότες
995 3994 1108 4055 τοῖς
1139 3990 1486 4062 πράγμασιν,
1512 3990 1651 4046 ἀλλὰ
1673 3990 1855 4045 πάντα
1878 4008 1980 4044 πο-

397 4087 804 4158 λυπραγμονεῖν
841 4089 960 4152 ταῖς
988 4072 1250 4149 ἐννοίαιςέ
1289 4086 1486 4156 Ἡμεῖς
1523 4085 1578 4138 δέ
1616 4084 1793 4138 ταῦτα
1820 4084 1980 4137 δύνα-

401 4193 496 4247 μιν
520 4176 655 4230 Θεοῦ
686 4177 783 4231 καὶ
806 4176 1125 4247 περιουσίαν
1150 4175 1354 4246 φαμέν.
1395 4175 1559 4229 ’Δλλὰ
1586 4174 1766 4239 τοῦτο,
1791 4176 1979 4245 φησὶν,

399 4268 429 4321 ὃ
457 4269 637 4341 μωρὸν
674 4270 773 4340 μὲν
807 4270 955 4339 παρὰ
984 4269 1097 4330 τοῖς
1123 4267 1352 4337 Ἕλλησι
1377 4267 1645 4338 κρίνεται,
1683 4267 1815 4337 παρ’
1847 4268 1981 4337 ἡμῖν

396 4361 458 4415 δὲ
486 4361 647 4428 σοφία
683 4361 1017 4425 πιστεύεται,
1048 4357 1356 4430 σοφώτερον
1379 4357 1489 4412 τῶν
1512 4356 1818 4431 ἀνθρώπων
1854 4358 1982 4427 ἐγέ-

399 4470 543 4510 νετο.
572 4454 677 4507 Ἦν
702 4452 811 4524 γὰρ
830 4453 935 4506 οὐκ
960 4450 1117 4504 ἔλυσε
1144 4449 1351 4503 κακίαν
1373 4451 1407 4520 ὴ
1433 4447 1526 4504 τοῦ
1554 4448 1764 4521 κόσμου
1794 4449 1979 4520 σοφία,

398 4542 602 4612 ταύτην
614 4542 875 4596 ἐσκέδασε
887 4541 948 4595 τὸ
968 4541 1149 4613 μωρὸν
1163 4539 1323 4595 τοῦτο
1339 4540 1692 4611 νομιζόμενον
1708 4541 1802 4595 τοῦ
1821 4539 1979 4594 Θεοῦο

399 4637 429 4691 ὃ
475 4639 609 4708 ἡμῖν
662 4635 760 4707 μὲν
809 4634 926 4687 εστι
967 4633 1180 4697 πιστὸν,
1225 4626 1455 4703 Ἕλλησι
1496 4632 1553 4686 δὲ
1595 4633 1690 4685 καὶ
1734 4632 1987 4696 ἀπίστοις

403 4729 585 4801 μωρία
613 4728 948 4798 νενόμισται.
985 4725 1125 4778 Ἀλλ’
1151 4726 1312 4796 ἡμεῖς
1337 4725 1436 4795 τῆς
1460 4724 1696 4789 πίστεως
1713 4728 1815 4794 τὴν
1845 4727 1983 4780 ἀπό-

397 4820 565 4887 δειξιν
604 4823 665 4875 ἐν
717 4822 830 4884 τοῖς
881 4818 1204 4891 πράγμασιν
1246 4816 1464 4889 ἔχομεν,
1515 4817 1617 4888 τῆς
1666 4819 1796 4889 περὶ
1845 4817 1982 4872 Θεοῦ

399 4913 767 4985 νομιζομένης
807 4910 1093 4974 ἀσθενείας
1138 4909 1238 4980 τὴν
1270 4909 1540 4978 ὠφέλειαν
1574 4909 1983 4982 καρπούμενον

400 5007 499 5060 καὶ
525 5006 635 5078 γὰρ
659 5005 799 5077 αὐτὴ
822 5005 922 5069 τὰς
945 5003 1103 5074 ἡμῶν
1124 5003 1312 5068 νόσους
1340 5004 1544 5058 ἰάσατο.
1574 5003 1686 5058 Καὶ
1705 5003 1767 5057 τὸ
1799 5003 1984 5074 μωρὸν

400 5096 756 5167 νομιζόμενον
800 5095 894 5150 τοῦ
948 5093 1085 5148 Θεοῦ
1134 5094 1385 5165 ἐνίκησεν
1428 5092 1682 5162 εὐσεϐείᾳ
1735 5094 1837 5165 τὴν
1884 5093 1980 5148 τοῦ

400 5186 615 5260 κόσμου
660 5188 872 5257 σοφίαν.
923 5187 1133 5242 Οὐκοῦν
1184 5186 1258 5259 μὴ
1304 5187 1684 5255 καταγίνωσκε
1729 5184 1939 5249 πάθους
1962 5226 1978 5251 ,

403 5278 540 5349 μηδὲ
566 5278 819 5333 διάϐαλλε
849 5279 914 5332 τὸ
954 5282 1277 5349 φαινόμενον
1319 5279 1435 5341 τοῖς
1470 5278 1724 5342 ἀπίστοις
1770 5276 1976 5349 μωρόν·

399 5367 558 5422 ταυτὶ
584 5366 694 5440 γὰρ
734 5368 804 5423 τὰ
849 5368 955 5423 ὑπὸ
994 5366 1104 5421 τῶν
1135 5367 1380 5421 ἀπίστων
1411 5367 1683 5438 λεγόμενα
1711 5366 1812 5440 τὴν
1836 5363 2006 5421 οίκο-“

2055 514 2215 569 diens
2248 529 2478 584 magnus
2516 515 2606 569 ille
2632 514 2833 569 Paulus
2859 515 3240 572 exclamabat:
3287 535 3305 567 ι
3335 517 3454 572 Non
3478 504 3627 574 enim

2054 605 2227 674 pudet
2274 620 2364 659 me
2401 605 2682 675 Evangelii
2735 607 2796 659 η.
2834 625 2851 656 ι
2907 605 2976 660 Et
3013 607 3145 676 quid
3197 608 3428 677 pudoris
3464 609 3633 666 habet

2056 695 2437 765 Evangelium,
2484 710 2517 749 ο
2553 695 2871 751 admirando
2928 697 3136 752 Paule?
3163 713 3272 768 qua
3316 699 3631 770 suspicione

2056 786 2258 841 ductus
2294 785 2434 840 dicis
2471 805 2482 837 :
2527 804 2547 834 c
2580 786 2698 841 Non
2726 787 2898 857 pudet
2924 803 3013 843 me
3035 788 3361 857 Evangelii?
3399 808 3419 840 ι
3456 790 3636 845 virtu-

2058 886 2169 934 tem
2213 877 2499 949 praedicas,
2542 879 2980 933 misericordiam
3016 880 3113 935 Dei
3157 881 3343 947 doces,
3386 881 3636 936 inﬁrmos

2057 984 2240 1035 sanas,
2292 969 2571 1025 daemones
2617 970 2804 1039 cjicis,
2849 979 3096 1026 mortuos
3135 972 3448 1028 resuscitas.
3488 972 3632 1040 Quid

2059 1062 2230 1134 igitur
2278 1074 2385 1127 est,
2437 1062 2583 1132 quod
2632 1062 3032 1134 gloriabundus
3080 1062 3222 1117 dicis
3261 1081 3277 1115 :
3337 1082 3356 1114 r
3384 1064 3509 1119 Non
3540 1080 3634 1119 me

2058 1153 2275 1225 pudet?
2305 1173 2326 1202 ι
2378 1155 2572 1215 Deum,
2617 1153 2816 1223 inquit,
2857 1154 3100 1209 humana
3134 1162 3361 1225 propter
3381 1154 3636 1209 homines

2057 1261 2279 1317 passum
2307 1245 2471 1311 dico;
2509 1245 2656 1315 quod
2681 1244 2870 1302 multis
2899 1245 3230 1315 probrosum
3258 1244 3500 1311 videtur,
3519 1247 3639 1317 ejus

2057 1352 2192 1392 vero
2233 1352 2345 1392 non
2384 1352 2471 1392 me
2500 1337 2694 1406 pudet.
2729 1336 2921 1406 Neque
2953 1336 3102 1391 enim
3129 1336 3447 1407 passibilem
3478 1344 3642 1392 natu-

2059 1443 2175 1483 ram
2204 1429 2518 1493 introduco,
2544 1429 2639 1484 sed
2664 1428 2760 1484 Dei
2783 1442 2912 1499 erga
2936 1428 3188 1484 homines
3208 1428 3639 1484 misericordiam

2060 1518 2253 1575 doceo.
2311 1538 2331 1571 ι
2363 1520 2642 1576 Christum
2676 1520 2849 1583 enim,
2890 1519 3089 1589 inquit,
3122 1519 3487 1589 praedicamus
3506 1535 3643 1575 cru-

2062 1612 2287 1668 ciﬁxum
2320 1630 2334 1666 :
2368 1612 2572 1668 Iudaeis
2597 1612 2824 1681 quidem
2861 1612 3202 1677 scandalum,
3229 1611 3487 1683 gentibus
3512 1627 3644 1668 vero

2065 1704 2355 1760 stultitiam
2400 1703 2463 1756 ι’.
2498 1721 2518 1755 ι
2556 1703 2626 1757 Ει
2659 1702 2785 1772 quis
2806 1710 2891 1758 est
2913 1703 3008 1758 ille
3033 1702 3333 1759 cruciﬁxus
3355 1703 3645 1760 Christus?

2067 1793 2179 1860 die,
2204 1807 2408 1864 quaeso.
2441 1809 2458 1843 ι
2490 1791 2626 1861 ipsis
2657 1800 2840 1846 autem
2865 1791 3062 1847 electis
3094 1791 3318 1857 Judaeis,
3355 1792 3555 1861 inquit,
3590 1801 3648 1846 et

2068 1886 2274 1944 Graecis
2309 1884 2671 1956 praedicamus
2700 1883 2984 1939 Christum
3022 1883 3120 1939 Dei
3144 1883 3446 1953 potentiam
3471 1890 3528 1936 et
3549 1881 3639 1939 Dei

2069 1980 2393 2051 sapientiam
2420 1979 2500 2032 ’δε
2532 1997 2550 2029 ι
2584 1978 2699 2033 haec
2722 1993 2755 2031 a
2781 1977 2988 2032 Grzecis
3007 1976 3243 2031 stultitia
3262 1974 3643 2038 existimatur;

2068 2089 2196 2129 nam
2234 2072 2329 2126 ubi
2361 2069 2535 2126 Graeci
2567 2069 2809 2124 audiunt
2833 2069 2932 2123 Dei
2953 2067 3280 2138 sapientiam
3303 2064 3643 2128 cruciﬁxum,

2073 2164 2246 2221 risum
2291 2164 2504 2232 largum
2554 2160 2849 2224 extollunt,
2885 2167 3144 2230 putantes
3183 2157 3447 2213 deitatem
3474 2155 3650 2226 passi-

2073 2260 2241 2314 bilem
2279 2253 2638 2311 credentibus
2672 2252 3011 2307 annuntiari.

2145 2349 2232 2403 Vl.
2283 2346 2555 2414 Quocirca
2595 2344 2707 2399 noli
2754 2344 2928 2397 Deum
2980 2343 3260 2397 inﬁrmum
3312 2340 3647 2406 existimare,

2072 2438 2423 2510 passionibus
2451 2436 2701 2491 animum
2737 2432 3067 2487 intendens:
3104 2431 3200 2487 sed
3240 2430 3501 2507 potentia;
3530 2430 3652 2501 ejus

2072 2528 2509 2602 magnitudinem
2555 2526 2769 2598 cogita,
2813 2525 2908 2594 qui
2951 2538 3052 2594 per
3112 2523 3531 2585 inﬁrmitatem,
3590 2530 3653 2574 ut

2070 2621 2431 2684 credebatur,
2485 2628 2729 2674 nostram
2776 2615 3156 2671 inﬁrmitatem
3208 2612 3394 2668 solvit.
3444 2631 3463 2663 ι
3493 2610 3650 2678 Quod

2070 2715 2220 2770 enim
2272 2711 2553 2766 inﬁmum
2605 2716 2693 2764 est
2730 2706 2853 2771 Dei,
2895 2706 3094 2761 fortius
3129 2713 3215 2759 est
3256 2702 3596 2764 hominibus,
3628 2723 3645 2751 ι

2074 2802 2254 2873 inquit
2288 2800 2492 2857 Paulus
2515 2799 2578 2853 ¹⁸.
2633 2796 2841 2867 Ecquid
2892 2808 3023 2865 ergo
3076 2792 3356 2848 inﬁrmum
3399 2799 3486 2845 est
3533 2791 3654 2854 Dei,

2074 2892 2182 2947 nisi
2219 2891 2357 2985 quia
2377 2903 2554 2944 meam
2587 2885 2963 2941 inﬁrmitatem
2994 2883 3142 2938 illius
3175 2883 3377 2937 factam
3409 2895 3532 2935 esse
3566 2893 3660 2934 εο-

2076 2984 2214 3055 gitet
2239 2968 2581 3047 ?'Quomodo
2615 2976 2765 3032 enim
2795 2973 3048 3029 inﬁmus
3069 2980 3154 3028 est
3181 2971 3444 3028 caelorum
3468 2968 3660 3025 condi-

2080 3074 2209 3129 tor?
2236 3087 2361 3143 qute
2390 3069 2684 3125 inﬁrmitas
2711 3066 2853 3138 ejus,
2877 3065 2973 3135 qui
3010 3064 3195 3119 omnia
3216 3063 3388 3118 verbo
3415 3061 3662 3118 creavit?

2081 3144 2214 3236 quid
2265 3161 2546 3217 inﬁrmum
2588 3159 2708 3221 Dei,
2756 3157 2851 3227 qui
2899 3163 3047 3211 term
3090 3148 3383 3224 incognitis
3408 3152 3660 3208 terminis

2080 3253 2444 3312 constrinxit?
2472 3250 2580 3307 Sed
2607 3249 2737 3320 quia
2773 3262 2952 3303 meam
2989 3245 3365 3300 inﬁrmitatem
3398 3243 3509 3299 sibi
3533 3258 3663 3314 pro-

2083 3348 2256 3418 priam
2295 3343 2448 3408 fecit,
2482 3342 2579 3413 qui
2612 3346 2831 3395 nostras
2857 3337 3206 3392 inﬁrmitates
3235 3336 3535 3392 dissolvere
3565 3351 3662 3391 vo-

2081 3439 2186 3493 luit
2212 3457 2228 3497 ;
2254 3436 2402 3500 ideo,
2428 3432 2608 3504 inquit
2650 3431 2875 3495 Paulus,
2908 3448 2927 3480 ι
2955 3427 3105 3499 quod
3128 3427 3405 3482 inﬁrmum
3434 3434 3519 3481 est
3540 3426 3661 3489 Det,

2080 3529 2277 3585 fortius
2298 3535 2383 3584 est
2401 3524 2737 3582 hominibus.
2768 3541 2787 3574 ›
2817 3520 3084 3588 Quoniam
3104 3534 3258 3583 vero,
3295 3538 3316 3569 ‹
3350 3517 3506 3585 Quod
3530 3518 3666 3571 stul-

2083 3636 2201 3679 tum
2235 3628 2322 3677 est
2349 3619 2469 3685 Dei,
2495 3616 2799 3688 sapientius
2824 3621 2909 3671 est
2951 3611 3269 3667 hominibus
3289 3611 3355 3675 “,
3384 3629 3403 3662 ι
3439 3617 3497 3664 ut
3519 3609 3663 3664 idem

2082 3713 2288 3769 Paulus
2336 3711 2415 3765 ait
2456 3727 2472 3762 :
2519 3706 2781 3778 quidnam
2825 3704 3056 3760 stultum
3090 3701 3190 3757 Dei
3227 3699 3527 3763 vocaverit,
3557 3697 3663 3751 nisi

2083 3804 2222 3859 illud
2264 3800 2415 3873 quod
2444 3814 2549 3855 nos
2577 3798 2649 3853 de
2691 3797 2804 3853 Deo
2834 3795 3093 3859 dicimus,
3124 3801 3322 3847 natura
3357 3790 3668 3862 impassibi-

2085 3899 2192 3953 lem
2224 3894 2413 3951 subire
2436 3890 2767 3964 passiones?
2802 3887 2951 3959 quod
2985 3885 3209 3957 quidem
3234 3882 3410 3939 Graeci
3436 3882 3664 3937 stultum

2081 3986 2352 4059 iudicant,
2397 3983 2531 4038 dum
2570 3980 2736 4035 ﬁdem
2776 3978 2945 4033 rebus
2975 3974 3240 4031 adbibere
3274 3973 3470 4038 nescii,
3497 3972 3666 4027 animi

2088 4077 2516 4151 cogitationibus
2585 4074 2771 4129 omnia
2826 4070 3101 4127 curiosius
3148 4067 3496 4138 investigarit.
3556 4065 3669 4121 Nos
3714 4104 3717 4105 ν

2087 4182 2274 4229 autem
2293 4172 2441 4226 hanc
2467 4167 2566 4223 Dei
2594 4167 2859 4221 virtutem
2887 4170 2945 4218 et
2965 4161 3348 4216 excellentiam
3374 4174 3494 4215 esse
3524 4156 3670 4213 aﬁir-
3714 4151 3719 4161 ’

2090 4280 2323 4319 mantus.
2361 4261 2471 4317 Sed
2504 4258 2662 4323 illud,
2704 4256 2904 4327 inquit,
2948 4253 3092 4325 quod
3126 4252 3354 4307 stultum
3383 4251 3610 4321 quidem
3637 4266 3669 4304 a

2089 4353 2295 4410 Graecis
2313 4350 2616 4422 iudicatur,
2652 4364 2681 4402 a
2703 4346 2867 4401 nobis
2892 4351 3081 4399 autem
3109 4340 3381 4412 sapientia
3403 4337 3668 4401 creditur,

2091 4443 2397 4515 sapientius
2426 4439 2745 4496 hominibus
2785 4437 2986 4492 factum
3036 4442 3141 4489 est.
3182 4433 3476 4488 Peccatum
3520 4429 3671 4485 enim

2092 4537 2239 4610 quod
2293 4534 2485 4589 mundi
2530 4530 2800 4602 sapientia
2839 4544 2949 4584 non
2983 4526 3254 4592 dissolvit,
3286 4523 3515 4595 dispulit
3536 4523 3673 4578 illud

2020 4595 2067 4649 Β
2089 4595 2236 4700 quod
2278 4626 2505 4683 stultum
2539 4595 2636 4680 Dei
2666 4621 2996 4678 credebatur
3029 4638 3043 4675 :
3071 4619 3220 4690 quod
3261 4617 3422 4673 nobis
3448 4614 3674 4688 quidem

2092 4721 2199 4776 ﬁde
2233 4720 2483 4791 dignum,
2518 4708 2734 4774 ’Grtecis
2772 4722 2956 4771 autem
2990 4722 3153 4784 atque
3194 4710 3510 4768 inﬁdelibus
3539 4708 3677 4762 stul-

2089 4812 2212 4867 titia
2230 4819 2510 4867 censetur.
2536 4807 2608 4863 At
2624 4821 2726 4862 nos
2742 4805 2869 4862 ﬁdei
2887 4804 3415 4861 demonstrationem
3434 4800 3490 4855 in
3509 4799 3677 4854 rebus

2090 4904 2226 4974 ipsis
2271 4903 2561 4967 habemus,
2597 4902 2692 4973 qui
2722 4898 3062 4954 inﬁrmitatis
3087 4896 3237 4952 illius
3274 4909 3395 4965 quae
3431 4891 3527 4947 Dei
3550 4906 3674 4946 esse

2088 4996 2471 5059 existimatur,
2533 5007 2694 5049 nsum
2753 4992 3107 5059 fructumque
3141 4985 3535 5058 percepimus:
3582 4981 3675 5036 illa

2088 5090 2238 5145 enim
2271 5060 2565 5159 languores
2606 5091 2828 5140 nostros
2871 5080 3116 5138 sanavit:
3161 5083 3219 5133 et
3251 5072 3399 5146 quod
3439 5072 3673 5127 stultum

2089 5180 2421 5237 censebatur
2479 5178 2610 5241 Dei,
2660 5175 2865 5247 pietate
2905 5169 3098 5226 mundi
3142 5165 3470 5236 sapientiam
3513 5161 3670 5217 vicit.

2090 5271 2445 5342 Nequaquam
2469 5280 2602 5337 ergo
2622 5263 2910 5336 passiones
2938 5259 3127 5332 rejice,
3155 5270 3260 5311 nec
3291 5252 3440 5326 quod
3478 5249 3676 5307 inﬁde-

2092 5363 2237 5418 libus
2258 5362 2487 5419 stultum
2503 5357 2744 5422 videtur,
2770 5355 2993 5410 inausa:
3020 5352 3125 5408 ista
3155 5348 3306 5406 enim
3331 5361 3454 5419 quae
3478 5344 3549 5401 ab
3581 5343 3679 5398 in-

474 5636 516 5669 “
545 5637 705 5695 Rom.
739 5637 789 5703 ί,
824 5638 909 5694 16.
949 5636 992 5669 ¹³
1022 5636 1041 5692 1
1068 5635 1195 5692 Cor.
1238 5652 1276 5700 I,
1299 5634 1389 5692 23.
1470 5638 1513 5671 "
1545 5636 1679 5692 ibid.
1704 5637 1794 5692 24.
1868 5636 1912 5670 ⁸⁵
1939 5634 1971 5690 ii

2073 5674 2079 5688 .
2120 5633 2219 5692 95.
2298 5634 2342 5665 ¹⁶
2372 5631 2508 5688 ibid.

765 5858 1038 5920 Ριτιιοι.
1078 5856 1196 5917 Gn.
1238 5855 1545 5918 LXXVII-

3233 5835 3312 5899 ιε
