4076 6438
491 315 632 372 1325

1595 314 1941 372 TIIEODOTI
1982 315 2289 376 EPISCOPI
2327 315 2672 374 ANCYRANI

3604 321 3753 378 13⁵13

494 435 746 490 ﬁdelibus
779 435 1052 500 dicuntur,
1075 434 1539 505 dispensationem
1577 441 1880 512 corrigunt.
1922 441 2059 507 Quid

2167 445 2359 516 νομίαν
2407 445 2702 515 διώρθωσε.
2767 434 2953 495 Τίοῦν
3015 439 3196 510 ζητεῖς
3275 438 3368 492 τοῦ
3439 437 3574 492 Θεοῦ
3617 441 3744 492 θαυ-

491 528 656 597 igitur
686 529 949 583 rationem
978 529 1366 585 miraculorum
1389 532 1484 588 Dei
1503 534 1722 602 quaeris,
1739 551 1841 590 nec
1865 535 2070 590 beneﬁ-

488 619 571 673 cia
608 618 1001 674 animadvertis
1027 621 1049 674 ἲ
1863 685 1870 692 Ι

558 709 668 764 VH.
708 709 906 765 Verum
936 713 1197 780 quoniam
1237 715 1488 768 nonnulli
1530 714 1834 771 inﬁdelium
1862 717 2068 787 cogita-

488 800 731 855 tionibus
783 802 1109 871 semetipsos
1144 803 1447 867 tradentes,
1493 804 1791 860 Christiani
1841 806 2064 876 quidem

486 891 678 947 volunt
701 893 1003 948 existimari
1024 910 1039 960 ;
1059 895 1154 949 Dei
1181 905 1363 950 autem
1390 897 1672 953 miraculis
1701 899 1927 955 credere
1953 914 2065 954 non

485 983 678 1038 volunt
705 985 799 1053 qui
826 1000 998 1040 unum
1019 986 1242 1055 quidem
1263 987 1461 1042 Filium
1493 988 1702 1055 dicunt,
1736 990 1851 1045 duo
1881 999 2064 1045 autem

484 1075 589 1128 sub
641 1090 776 1130 voce
828 1076 949 1130 Filii
1018 1077 1316 1148 signiﬁcari
1366 1079 1731 1150 intelligunt:
1779 1091 1836 1136 et
1891 1097 2063 1137 unum

483 1165 764 1220 Christum
795 1176 1067 1233 asserunt,
1106 1167 1204 1223 sed
1247 1170 1670 1238 appellationem
1709 1170 1858 1226 illam
1893 1174 2064 1243 aequi-

487 1268 680 1310 voeam
711 1257 1076 1323 constituunt,
1109 1269 1170 1313 ut
1199 1259 1478 1314 hominem
1515 1275 1545 1315 a
1579 1261 1692 1316 Deo
1721 1262 2059 1334 disjungant,

484 1357 542 1400 et
579 1348 750 1402 Deum
782 1348 1025 1402 Verbum
1059 1349 1128 1403 ab
1155 1348 1376 1404 homine
1409 1360 1685 1420 separent,
1710 1361 1875 1424 atque
1901 1356 2062 1409 unio-

489 1452 612 1491 nem
661 1437 929 1501 dividant,
973 1453 1135 1507 quam
1192 1439 1335 1494 Deus
1385 1439 1794 1510 dispensatione
1818 1443 2061 1500 eﬁiciens

484 1526 685 1582 coelum
723 1527 1037 1580 hominibus
1072 1527 1326 1596 aperuit;
1349 1543 1476 1582 nam
1501 1529 1598 1584 Dei
1622 1529 1680 1584 in
1710 1531 1872 1586 terris
1893 1548 2062 1603 appa-

487 1616 613 1670 ritio
655 1617 904 1672 homines
961 1617 1225 1672 ccelorum
1283 1619 1432 1674 cives
1484 1619 1710 1676 eﬁecit:
1751 1633 1808 1677 et
1852 1633 2061 1679 natura:

487 1720 685 1763 nostra:
736 1709 962 1780 gloriam
1016 1709 1233 1772 tollunt,
1290 1710 1422 1764 dum
1462 1712 1558 1766 Dei
1583 1729 1708 1767 cum
1743 1714 2060 1771 hominibus

483 1801 924 1855 communionem
955 1815 1019 1855 ex
1047 1817 1234 1856 amore
1259 1818 1388 1873 erga
1415 1804 1666 1859 homines
1686 1804 2058 1876 dispensatam

483 1891 800 1960 improbare
834 1899 1124 1946 conantur.
1169 1891 1225 1946 Si
1254 1893 1400 1946 enim
1435 1909 1614 1963 neque
1646 1894 1789 1949 Deus
1822 1895 2058 1952 humana

479 1998 603 2036 cum
626 1983 944 2038 hominibus
967 1983 1280 2038 communia
1303 1983 1518 2048 habuit,
1547 1985 1619 2038 ita
1647 1994 1706 2038 ut
1724 1986 1839 2054 ipse
1862 1988 2056 2051 voluit,

479 2083 855 2144 quantumque
873 2090 972 2144 par
987 2083 1106 2128 erat
1124 2091 1138 2139 ;
1159 2089 1339 2144 neque
1357 2075 1520 2129 homo
1535 2075 1722 2129 deitati
1734 2076 2056 2142 fuitunitus,

478 2166 575 2220 sed
603 2166 718 2219 suis
743 2165 1200 2235 proprietatibus,
1226 2175 1281 2220 et
1304 2175 1502 2220 natura
1533 2166 1766 2221 alterum
1791 2167 1862 2222 ab
1885 2169 2059 2223 altero

480 2257 582 2312 fuit
606 2257 842 2311 divisum
866 2274 877 2308 :
900 2255 1085 2310 dicant
1104 2256 1285 2320 nobis,
1304 2273 1551 2326 quasnam
1568 2256 1673 2310 fuit
1689 2257 2059 2327 dispensatio?

479 2346 696 2414 qualem
731 2345 916 2398 dicent
959 2344 1053 2397 Dei
1096 2343 1668 2399 condescensionem?
1705 2347 1830 2415 quis
1858 2359 2060 2401 semet-

480 2437 660 2505 ipsum
695 2433 1015 2497 exinanivit,
1064 2435 1118 2488 in
1166 2435 1341 2488 forma
1391 2435 1486 2489 Dei
1525 2435 1796 2491 exsistens
1821 2437 1904 2491 "1’
1937 2439 2060 2508 quis

478 2526 837 2595 semetipsum
873 2524 1184 2579 humiliavit
1223 2524 1279 2577 in
1307 2523 1646 2580 sublimitate
1681 2526 1903 2582 deitatis
1927 2543 2060 2583 con-

478 2617 746 2672 stitutus?
772 2617 897 2686 quis
927 2632 1137 2686 pauper
1165 2616 1345 2670 factus
1377 2627 1483 2680 est,
1513 2632 1638 2671 cum
1668 2618 1991 2674 essetdives
2016 2622 2058 2652 "'

478 2709 782 2762 secundum
807 2707 1067 2762 deitatem
1093 2707 1116 2760 ?
1145 2707 1432 2772 Quomodo
1466 2708 1734 2764 Dominus
1761 2711 1913 2765 cruci
1945 2711 2060 2766 alli-

481 2814 580 2852 xus
637 2807 743 2861 est,
795 2797 898 2852 nisi
949 2797 1050 2866 ipsi
1099 2796 1232 2851 unio
1274 2812 1398 2851 cum
1440 2813 1507 2853 eo
1540 2799 1635 2868 qui
1661 2800 1828 2855 clavis
1867 2800 2058 2858 aﬁixus

480 2888 776 2957 pendebat,
819 2887 1227 2943 intercederet?
1265 2888 1542 2959 quomodo
1584 2906 1716 2946 vero
1753 2893 2055 2963 principem

2175 536 2360 604 μάτων
2394 537 2486 590 τόν
2509 537 2686 604 λόγον,
2719 534 2813 588 καὶ
2854 534 2916 586 οὐ
2952 531 3243 603 προσέχεις
3297 533 3410 596 τοῖς
3467 530 3752 602 κατορθώ-

2174 643 2338 696 μασιν
2354 644 2368 692 ;

2242 715 2317 768 Z'.
2393 713 2532 768 Ἀλλ’
2579 713 2771 784 ἐπειδὴ
2828 715 2941 777 τοῖς
2999 712 3110 766 τῶν
3164 711 3411 766 ἀπίστων
3468 712 3753 784 λογισμοῖς

2167 805 2411 868 ἐκδόντες
2440 806 2585 869 τινές
2626 805 2876 868 ἑαυτοὺς,
2905 803 3231 874 Χριστιανοὶ
3284 802 3384 872 μὲν
3427 803 3755 873 νομίζεσθαι

2169 897 2450 967 βούλονται
2476 935 2492 960 ,
2520 898 2633 961 τοῖς
2677 895 2775 949 τοῦ
2819 894 2954 948 Θεοῦ
2982 895 3039 947 δὲ
3081 893 3326 964 θαύμασι
3356 896 3632 948 πιστεύειν
3686 895 3753 948 οὗ

2167 989 2434 1054 θέλουσιν,
2463 991 2511 1042 oi
2541 988 2792 1056 λέγοντες
2824 985 2922 1056 μὲν
2951 985 3048 1038 ἕνα
3092 984 3240 1046 Υίδν,
3273 983 3520 1046 νοοῦντες
3549 984 3606 1037 δὲ
3630 985 3754 1048 δύο,

2164 1082 2234 1135 τά
2280 1081 2386 1134 ὑπὸ
2430 1080 2523 1134 τοῦ
2576 1079 2708 1134 Υίοῦ
2757 1077 3167 1149 σημαινόμενα·
3219 1077 3313 1129 καὶ
3362 1075 3610 1144 λέγοντες
3653 1076 3754 1130 ἕνα

2166 1175 2423 1244 Χριστὸν,
2452 1172 2747 1244 ὁμώνυμον
2777 1171 2836 1226 δέ
2877 1170 3083 1239 ταύτην
3128 1169 3230 1239 τὴν
3259 1169 3636 1240 προσηγορίαν
3670 1184 3757 1221 τι-

2165 1266 2404 1336 θέμενοι,
2441 1265 2529 1318 ἵνα
2571 1263 2937 1334 διαστήσωσιν
2977 1259 3263 1332 ἄνθρωπον
3297 1257 3394 1311 τοῦ
3434 1257 3570 1310 Θεοῦ
3595 1297 3610 1319 ,
3655 1259 3758 1311 καὶ

2163 1355 2300 1408 Θεὸν
2360 1355 2533 1424 Λόγον
2605 1352 2894 1424 ἀνθρώπου
2959 1349 3287 1422 χωρίσωσιν,
3342 1348 3435 1402 καὶ
3493 1346 3757 1401 διέλωσιν

2161 1446 2376 1510 ἕνωσιν,
2398 1446 2464 1516 ἢν
2488 1444 2746 1514 οίκονομή
2755 1460 2852 1506 σας
2864 1441 2996 1504 Θεὸς
3012 1440 3240 1512 οὐρανὸν
3261 1437 3568 1510 ἀνθρώποις
3587 1438 3757 1508 ἀνέῳ-

2162 1538 2274 1604 ξεν.
2314 1538 2379 1590 Ἦ
2411 1536 2519 1606 γάρ
2545 1534 2679 1588 Θεοῦ
2695 1535 2798 1586 ἐπὶ
2819 1533 2922 1603 γῆς
2953 1531 3221 1602 ἐμφάνεια
3247 1527 3490 1600 οὐρανῶν
3519 1527 3752 1591 πολίτας

2159 1631 2287 1692 τοὺς
2315 1627 2637 1700 ἀνθρώπους
2675 1625 2921 1696 ἐποίησε·
2954 1623 3049 1676 καὶ
3082 1620 3368 1690 ἀναιροῦσι
3397 1621 3498 1691 τῆς
3540 1618 3755 1689 ἡμετέ-

2163 1738 2265 1794 ρας
2295 1720 2510 1790 φύσεως
2539 1719 2637 1789 τὴν
2666 1716 2856 1788 τιμὴν,
2887 1714 3151 1782 ἀθετῆσαι
3187 1712 3503 1783 βουλόμενοι
3544 1709 3644 1779 τὴν
3684 1709 3752 1762 ἐκ

2163 1811 2577 1884 φιλανθρωπίας
2614 1808 3072 1878 οἰκονομηθετσαν
3105 1804 3242 1875 πρὸς
3272 1802 3600 1874 ἀνθρώπους
3631 1819 3752 1855 xor.-

2161 1905 2358 1958 νωνίαν
2404 1900 2565 1955 Θεοῦ.
2600 1901 2664 1954 Εί
2697 1900 2806 1969 γὰρ
2848 1898 2985 1968 μήτε
3013 1895 3146 1959 Θεὸς
3173 1892 3482 1966 ἀνθρώποις
3519 1891 3749 1947 ἐκοινὼ-

2159 2012 2291 2066 νησε
2325 1993 2690 2065 πραγμάτων,
2717 1991 2793 2054 ὡς
2818 1987 3054 2059 ἠθέλησέ
3081 2003 3143 2040 τε
3170 1988 3267 2040 καὶ
3305 1985 3606 2057 ἐνεδέχετοξ
3639 1984 3752 2054 μή·

2157 2103 2218 2139 τε
2253 2084 2539 2155 ἄνθρωπος
2567 2080 2750 2152 ήνὼοη
2801 2078 3038 2148 θεότητι,
3071 2076 3208 2132 ἀλλά
3238 2079 3353 2139 τοῖς
3399 2075 3544 2138 ἰδίοις
3591 2074 3752 2127 ίδιώ-

2163 2176 2297 2246 μασί
2319 2192 2379 2227 τε
2413 2175 2507 2226 καὶ
2540 2172 2702 2241 φύσει
2730 2170 3060 2242 διῃρημένος
3090 2167 3184 2221 τοῦ
3215 2168 3408 2238 ἐτέρου
3439 2167 3468 2218 ὁ
3513 2166 3712 2233 ἔτερος
3732 2204 3749 2228 ,

2159 2266 2244 2330 τίς
2276 2269 2310 2336 ή
2343 2265 2629 2335 οίκονομία
2650 2303 2664 2327 ,
2701 2263 2946 2331 λέγοιντο
2982 2262 3148 2330 ήμίν;
3189 2257 3350 2312 ποίαν
3379 2255 3566 2327 ἐροῦσι
3607 2256 3750 2309 Θεοῦ

2162 2355 2570 2423 συγκατάϐασιν
2597 2371 2612 2419 ;
2642 2353 2726 2416 τίς
2755 2350 2951 2406 ἑαυτὸν
2973 2351 3244 2403 ἐκένωσεν
3269 2350 3329 2401 ἐν
3359 2349 3538 2418 μορφῇ
3570 2347 3753 2416 ὑπάρο

2159 2465 2268 2516 χων
2295 2446 2465 2514 Θεοῦ;
2504 2446 2584 2508 τίς
2619 2445 2812 2498 ἐαυτὸν
2848 2442 3218 2496 ἐταπείνωσεν
3261 2441 3316 2492 ἐν
3345 2441 3599 2510 περιωπῇ
3623 2438 3747 2491 θεό-

2159 2553 2319 2605 τητος
2356 2535 2469 2601 (av;
2502 2534 2586 2598 τίς
2633 2534 2947 2602 ἐπτώχευσε
2975 2574 2991 2600 ,
3035 2529 3286 2584 πλουτῶν
3322 2529 3422 2599 τὴν
3467 2528 3745 2597 θεότητας

2163 2625 2285 2688 Πῶς
2321 2626 2351 2676 ὁ
2402 2624 2604 2693 Κύριος
2645 2625 2746 2694 τῆς
2784 2621 2944 2693 δόξης
2995 2621 3377 2692 ἐσταύρωται,
3425 2620 3475 2672 εί
3528 2620 3604 2689 μὴ
3633 2619 3748 2688 ἄρα

2159 2714 2352 2768 ἐνωσιν
2381 2713 2518 2785 πρὸς
2545 2714 2636 2767 τὸν
2671 2713 3059 2782 καθηλωθέντα
3086 2713 3388 2782 ὲκτήσατος
3419 2709 3537 2772 πῶς
3558 2709 3615 2764 δὲ
3648 2708 3750 2762 τδν

2158 2805 2399 2875 ἀρχηγὸν
2444 2805 2542 2875 τῆς
2585 2804 2732 2874 ζωῆς
2779 2803 3117 2856 ἀπέκτειναν
3151 2803 3200 2854 οἱ
3245 2801 3527 2862 Ἰουδαῖοι,
3563 2801 3614 2852 εἱ
3668 2799 3750 2868 μὴ

2159 2896 2300 2947 κατὰ
2327 2894 2505 2948 πάντα
2526 2893 2734 2963 ἥνωται
2755 2892 2834 2963 τῷ
2855 2891 3162 2962 τεθνηκότι,
3191 2890 3357 2960 μηδὲν
3376 2889 3747 2959 διῖστάμενοςς

479 2978 604 3030 vitae
633 2976 806 3031 Judaei
850 2976 1270 3041 interfecerunt,
1319 2977 1423 3034 nisi
1471 2994 1570 3049 per
1620 2982 1804 3036 omnia
1862 2983 1911 3037 ei
1961 2983 2054 3052 qui

2162 2985 2276 3048 πῶς
2299 2985 2354 3038 δὲ
2382 2987 2410 3038 ό
2449 2984 2576 3047 Υίδς
2605 2983 2699 3037 τοῦ
2729 2982 3019 3054 ἀνθρώπου
3047 2983 3112 3035 ἐκ
3179 2980 3274 3034 τοῦ
3307 2979 3540 3052 οὐρανοῦ
3569 2995 3749 3033 κατα-

481 3077 734 3122 mortuus
772 3076 876 3130 est,
929 3067 1135 3130 unitus,
1185 3084 1288 3122 nec
1334 3069 1441 3123 ulla
1476 3086 1533 3124 re
1579 3070 1650 3123 ab
1681 3087 1748 3125 eo
1777 3073 2058 3142 sejunctus

2162 3075 2418 3146 ϐέϐηκεν,
2447 3077 2496 3128 εί
2525 3075 2600 3146 μὴ
2626 3074 2703 3144 τῷ
2724 3073 3025 3128 καταϐάντι
3049 3072 3189 3127 κατά
3208 3071 3495 3141 ἀκρίϐειαν
3515 3071 3746 3140 ἥνωται,

481 3160 645 3214 fuerit
671 3160 694 3213 ?
728 3169 784 3214 et
814 3158 1090 3230 quomodo
1119 3160 1290 3214 Filius
1321 3161 1558 3216 hominis
1579 3177 1643 3216 ex
1664 3164 1804 3218 emlo
1825 3165 2054 3220 descen-

2162 3168 2254 3236 οὑχ
2297 3168 2383 3220 ἵνα
2415 3165 2575 3238 μείνῃ
2619 3165 2769 3218 κάτω
2795 3205 2809 3228 ,
2836 3162 2955 3216 ἀλλ’
2991 3163 3078 3216 ἵνα
3129 3159 3308 3231 ἐαυτῷ
3339 3160 3623 3232 ξυναγάγῃ
3653 3159 3752 3212 τὸν

481 3250 580 3314 dit,
611 3250 714 3303 nisi
743 3249 1098 3303 descendenti
1131 3249 1441 3304 arctissime
1472 3251 1574 3305 fuit
1601 3253 1789 3308 unitus
1818 3270 1833 3320 ;
1857 3271 1967 3310 non
1994 3264 2055 3309 ut

2162 3255 2429 3326 ἐνὼμενον
2445 3255 2723 3325 ἡνωμένον
2738 3252 3012 3323 κείμενον;
3030 3251 3105 3305 Οὐ
3123 3250 3445 3322 ξυνανέρχῃ,
3465 3249 3750 3318 ἄνθρωπε,

480 3341 739 3394 deorsum
782 3351 1148 3408 permaneret,
1194 3339 1289 3393 sed
1329 3348 1390 3393 ut
1423 3356 1531 3394 una
1580 3357 1768 3396 secum
1813 3343 2057 3400 elevaret

2162 3347 2282 3415 Θεῷ
2308 3387 2323 3411 ,
2365 3348 2414 3400 εί
2465 3346 2540 3417 μὴ
2585 3345 2720 3398 Θεοῦ
2765 3343 3127 3415 ὁμολογήσεις
3169 3341 3268 3412 τὴν
3311 3339 3746 3407 συγκατάϐασιν.

417 3443 423 3446 ‘
483 3434 692 3485 unitum
725 3433 748 3485 ?
777 3432 894 3485 Non
933 3431 1286 3495 coascendes,
1322 3447 1355 3485 ο
1391 3433 1576 3496 homo,
1615 3451 1722 3489 una
1755 3451 1882 3490 cum
1922 3437 2056 3503 Deo,

482 3523 584 3575 nisi
633 3521 726 3575 Dei
770 3521 1294 3576 condescensionem
1338 3522 1690 3578 conﬁtearis:
1744 3544 1761 3575 ι
1795 3525 1948 3580 Unus
1975 3533 2062 3582 est

479 3613 572 3681 qui
600 3613 905 3674 descendit,
936 3611 1080 3665 idem
1114 3612 1208 3680 qui
1239 3621 1295 3666 et
1329 3615 1596 3680 ascendit,
1641 3636 1658 3666 ι
1707 3617 1886 3688 inquit
1920 3621 2061 3674 Pan-

480 3705 566 3757 lus
609 3706 648 3734 ¹⁹
683 3722 696 3768 ;
738 3721 844 3758 non
890 3705 1029 3758 alius
1068 3715 1124 3760 et
1155 3707 1317 3769 alius,
1360 3708 1454 3762 sed
1487 3723 1628 3761 unus
1655 3709 1908 3780 idemque
1933 3719 2057 3765 est:

481 3809 823 3864 nequaquam
847 3795 1077 3860 divisus,
1101 3812 1204 3851 nec
1225 3797 1336 3851 duo
1352 3807 1474 3866 post
1491 3795 1749 3852 unioneln
1765 3801 2053 3856 exsistens.

479 3887 616 3941 Nam
653 3907 670 3935 ι
711 3886 805 3956 qui
831 3886 1134 3952 descendit,
1159 3887 1357 3958 inquit,
1382 3888 1526 3943 idem
1549 3898 1634 3944 est
1661 3891 1756 3960 qui
1781 3900 1838 3945 et
1867 3907 2058 3946 ascen-

2167 3459 2185 3490 ι
2226 3436 2318 3503 Εἷς
2352 3442 2499 3492 ἐστιν
2527 3440 2556 3492 ὁ
2588 3436 2853 3499 καταϐὰς,
2902 3435 3048 3488 οὕτω
3075 3435 3154 3504 (ι)
3186 3435 3282 3486 καὶ
3311 3435 3339 3486 ὁ
3373 3431 3581 3494 ἀναϐάς
3601 3471 3617 3497 ,
3655 3447 3676 3480 ι
3719 3433 3752 3485 ὁ

2163 3531 2375 3592 Παῦλός
2405 3547 2600 3599 φησιν·
2635 3529 2737 3582 οὐκ
2785 3527 2945 3592 ἄλλος
2993 3527 3088 3580 καὶ
3132 3525 3322 3590 ἀλλος,
3364 3525 3480 3578 ἀλλ’
3510 3523 3539 3578 ό
3583 3522 3751 3584 αὐτός

2159 3622 2309 3673 ἐστιν
2341 3619 2526 3672 οὐκέτι
2549 3616 2928 3688 διαιρούμενος
2949 3653 2966 3679 ,
3000 3615 3185 3669 οὐκέτι
3235 3613 3374 3684 μετά
3409 3615 3509 3679 τὴν
3550 3613 3752 3666 ἱνωσιν

2158 3710 2252 3763 δύο
2291 3708 2600 3777 νοούμενος.
2657 3709 2716 3762 ’0
2771 3707 2881 3779 γὰρ
2935 3726 2954 3760 ι
2993 3705 3295 3771 Καταϐἀς,
3347 3705 3544 3774 φησιν,
3582 3703 3752 3768 αὑτός

2165 3805 2281 3856 ἐστι
2312 3802 2406 3855 καὶ
2428 3803 2456 3854 ό
2478 3801 2686 3865 άναϐἀς
2715 3801 2970 3872 ὑπεράνω
2989 3798 3099 3852 τῶν
3125 3797 3454 3870 ἀνθρώπων,
3483 3796 3572 3849 ἴνα
3603 3794 3750 3864 πλη-

2168 3895 2318 3966 ρώσῃ
2357 3893 2426 3946 τὰ
2457 3894 2656 3946 πάντα.
2685 3912 2703 3943 ι
2741 3892 2822 3945 Τὰ
2847 3889 3196 3961 θεωρηθέντα
3235 3888 3366 3942 ποτέ
3395 3887 3508 3949 δύο,
3532 3887 3566 3955 ἠ
3595 3887 3750 3938 οἱκο-

480 3977 562 4030 dit
589 3991 753 4046 super
780 3978 968 4041 celos,
995 3987 1055 4033 ut
1081 3978 1338 4048 impleret
1365 3980 1550 4034 omnia
1577 3981 1642 4033 ³ο.
1672 4000 1690 4030 ι
1731 3979 1860 4046 Qua:
1881 3997 2059 4051 quon-

2165 3987 2326 4056 νομία
2349 3985 2406 4037 ἓν
2423 3984 2738 4054 εἰργάσατο.
2757 3983 2966 4037 Οὐκοῦν
2998 3983 3196 4052 μηκέτι
3223 3981 3348 4048 λέγε
3373 3978 3467 4032 δύο
3487 3977 3628 4047 μετά
3645 3977 3751 4048 τὴν

480 4068 604 4123 dam
653 4069 763 4123 duo
815 4071 1174 4140 apparebant,
1235 4071 1575 4141 dispensatio
1627 4089 1798 4126 unum
1849 4073 2052 4128 eﬁ'ecit.

2163 4077 2356 4130 ἄλυτον
2373 4076 2588 4128 ἕνωσιν.
2600 4076 2665 4126 ὐ
2680 4074 2888 4143 ἥνωσεν
2903 4074 2936 4143 ἡ
2955 4073 3135 4143 χάρις,
3160 4070 3236 4142 μὴ
3254 4069 3528 4140 διαιρείτω
3541 4069 3745 4132 ἔννοια,

479 4157 823 4231 Quapmpter
849 4161 960 4214 noli
987 4171 1111 4230 post
1143 4161 1596 4217 indissolubilem
1630 4161 1892 4219 unionem
1926 4163 2069 4220 duos
2109 4165 2350 4236 amplius
2379 4164 2591 4219 dicere.
2631 4163 2789 4230 Quod
2860 4162 3037 4232 gratia
3078 4161 3277 4228 univit,
3316 4158 3576 4230 cogitatio
3632 4173 3748 4212 non

479 4250 710 4305 dividat.

563 4342 696 4397 Vill.
747 4342 896 4397 Idem
926 4341 1032 4396 hoc
1062 4351 1120 4395 et
1156 4343 1329 4397 sancti
1347 4344 1546 4398 Patres
1593 4342 1922 4409 docuerunt,
1961 4343 2058 4414 qui

481 4435 550 4489 ab
592 4433 856 4502 apostolis
884 4433 1312 4502 dispensationis
1346 4435 1668 4505 mysterium
1701 4444 2054 4506 acceperunt.

484 4523 597 4576 Hoc
621 4521 690 4575 de
714 4521 1005 4592 Unigenito
1042 4523 1271 4578 trecenti
1309 4534 1365 4578 et
1398 4524 1704 4580 octodecim
1747 4527 1937 4581 Patres
1962 4527 2040 4580 Ni-

2165 4523 2335 4576 Τοῦτο
2373 4523 2503 4594 περὶ
2536 4521 2630 4576 τοῦ
2652 4521 2990 4590 Μονογενοῦς
3012 4522 3311 4576 ἐθέσπισαν
3341 4525 3390 4575 οἱ
3417 4521 3509 4575 ἐπὶ
3533 4522 3636 4588 τῆς
3655 4522 3753 4575 Νι·

483 4629 606 4666 czeze
645 4613 958 4681 congregati
1002 4615 1426 4671 constituerunt.
1451 4616 1599 4683 Quos
1641 4619 1772 4673 dum
1809 4635 1869 4673 se
1908 4619 2059 4686 sequi

2167 4615 2332 4678 καίας
2363 4613 2722 4683 ξυναχθέντες
2747 4614 3121 4666 ὀκτωκαίδεκα
3165 4614 3261 4667 καὶ
3296 4613 3620 4683 τριακόσιοι.
3652 4609 3755 4676 Οἷς

483 4703 714 4757 aﬁirmat
746 4703 836 4755 ille
857 4703 949 4771 qui
972 4703 1250 4759 Christum
1285 4706 1396 4760 duo
1425 4723 1546 4762 esse
1580 4717 1763 4776 putat,
1801 4715 2059 4777 repugnal

2169 4703 2452 4758 πείθεσθαι
2483 4704 2658 4771 λέγων
2703 4705 2733 4755 ό
2784 4703 2873 4756 τὸν
2926 4703 3160 4774 Χριστὸν
3187 4702 3282 4756 δύο
3310 4702 3470 4766 νοῶν,
3517 4702 3754 4772 μάχεται

457 4795 702 4858 ,ἱΙΙοτιιω
738 4795 1048 4859 sententiis,
1084 4795 1244 4850 ﬁdem
1284 4812 1478 4851 eorum
1509 4799 1732 4867 penitus
1763 4798 2047 4868 abnegans

2171 4797 2288 4856 ταῖς
2317 4795 2570 4857 ἐννοίαις,
2596 4793 2696 4864 τὴν
2752 4793 2974 4847 ἐκείνων
3002 4793 3184 4845 πίστιν
3216 4793 3760 4864 παντελῶςήρνημέ-

483 4884 619 4940 Cum
652 4884 798 4938 enim
830 4900 1020 4939 omnes
1046 4888 1122 4940 illi
1147 4888 1609 4956 quemadmodum
1639 4903 1808 4942 unum
1829 4888 2045 4942 Patrem

2171 4902 2280 4948 νος.
2313 4885 2536 4938 Πάντων
2575 4888 2684 4956 γάρ
2722 4886 2964 4946 ἐκείνων,
2995 4884 3184 4952 ὥσπερ
3208 4883 3303 4937 Eva
3336 4884 3573 4954 Πατέρα,
3607 4884 3758 4937 οὕτω

485 4978 558 5032 ila
580 4984 633 5032 et
659 4992 827 5031 unum
858 4977 1052 5032 Filium
1086 4977 1369 5042 asseram;
1403 4979 1493 5032 hic
1519 4978 1649 5032 dum
1679 4977 1789 5032 duo
1819 4979 1922 5032 sub
1944 4979 2059 5033 Filii

2174 4979 2264 5030 καὶ
2296 4977 2388 5028 ἕνα
2414 4977 2540 5030 Υἱὸν
2575 4975 2859 5038 εἰπόντων,
2904 4970 3060 5038 οὗτος
3098 4976 3192 5030 δύο
3224 4973 3583 5045 σημαίνεσθαι
3646 4974 3758 5026 ὑπὸ

486 5068 845 5136 appellatione
879 5068 1173 5139 signiﬁcari
1216 5069 1428 5131 statuit,
1459 5068 1620 5122 ﬁdem
1664 5069 1956 5139 abnegavit
1997 5070 2059 5122 il--

2166 5069 2266 5136 τῆς
2324 5067 2416 5122 τοῦ
2463 5067 2593 5121 Υἱοῦ
2649 5068 3020 5139 προσηγορίας
3070 5067 3374 5136 τιθέμενος,
3423 5066 3523 5136 τὴν
3567 5064 3756 5118 πίστιν

485 5159 664 5212 lorum
697 5158 788 5227 qui
821 5175 990 5213 unum
1021 5159 1220 5212 Filium
1245 5158 1457 5211 dicunt.
1491 5157 1598 5212 Sed
1624 5166 1682 5212 ut
1703 5158 1909 5214 clarius
1937 5175 2059 5213 con-

2169 5160 2391 5212 ἐκείνων
2425 5161 2720 5232 ἠρνήσατο,
2752 5160 3012 5212 εἰπόντων
3039 5159 3135 5213 ἕνα
3162 5157 3308 5212 Υίόν.
3336 5157 3549 5212 Μᾶλλον
3574 5156 3630 5208 δὲ
3663 5155 3754 5208 ἴνα

488 5257 592 5303 stet
615 5249 758 5318 quod
787 5248 930 5313 dico,
974 5249 1090 5318 ipsa
1119 5251 1342 5304 Patrum
1364 5248 1530 5302 verba
1560 5263 1850 5318 exponam,
1893 5249 2059 5304 inter-

2171 5251 2338 5319 σαφὲς
2365 5251 2591 5322 γένηται
2641 5250 2701 5302 τὸ
2744 5249 2930 5321 ῥηθὲν,
2973 5250 3154 5303 αὐτῶν
3201 5249 3308 5302 τῶν
3353 5248 3616 5319 ῥημάτων
3641 5246 3753 5299 τῶν

2240 4341 2319 4396 η’.
2351 4340 2523 4394 Τοῦτο
2556 4339 2650 4393 καὶ
2686 4341 2736 4393 oi
2759 4339 2999 4410 πατέρες
3027 4338 3275 4406 ἐδίδαξαν
3304 4337 3460 4408 παρά
3487 4337 3600 4392 τῶν
3621 4338 3752 4391 ἀπο-

2169 4431 2369 4485 στόλων
2407 4429 2780 4500 διαδεξάμενοι
2825 4430 2888 4483 τὸ
2929 4431 3037 4500 τῆς
3077 4430 3391 4500 οίκονομίας
3425 4431 3747 4502 μυστήριον.

561 5402 600 5432 ¹⁷
628 5403 863 5471 Philipp.
895 5421 954 5467 ιι,
981 5403 1097 5458 6-8.
1177 5402 1277 5456 "ll
1311 5403 1436 5456 Cor.
1471 5419 1582 5467 vm,
1610 5403 1662 5455 9.
1745 5403 1786 5433 "
1831 5402 2030 5471 Ephes.
2070 5418 2140 5468 Iv,
2173 5404 2225 5459 9.
2305 5405 2348 5436 '°
2377 5405 2510 5459 ibid.
2539 5405 2620 5458 10.

559 5555 858 5632 (εὓρᾷτω.
895 5555 1004 5632 Aut
1048 5556 1337 5632 legendum
1372 5550 1545 5632 οὗτος,
1591 5555 2054 5632 quemadmodum
2166 5572 2272 5632 que
2313 5559 2454 5614 hanc
2511 5560 2802 5632 lectionem
2869 5574 3091 5618 secutus
3141 5562 3363 5617 videtur
3425 5562 3747 5632 interpres:

486 5623 631 5702 legit
649 5623 908 5702 Origenes
962 5623 1159 5702 Contra
1196 5625 1404 5680 Celsum
1454 5627 1551 5702 lib.
1602 5623 1638 5702 ᾖ,
1681 5641 1798 5695 cap.
1835 5627 1923 5702 3i,
1962 5635 2058 5681 aut
2165 5623 2298 5696 quin
2337 5638 2392 5684 et
2424 5631 2586 5698 paulo
2624 5641 2748 5692 post
2782 5633 3014 5702 ipsemet
3046 5641 3253 5688 auctor.

490 5692 882 5746 restituendum
916 5694 1076 5746 αὐτὸς
1107 5696 1250 5754 iuxta
1287 5704 1489 5749 textum
1517 5697 1712 5766 l’plies.
1741 5692 1810 5759 iv,
1853 5697 1936 5760 10,
1975 5705 2057 5751 at-
