4076 6430
345 316 483 372 ιδεε

1466 288 1832 352 ελνυδιτιυ
1862 289 1940 343 δὶ
1955 286 2164 346 MBOLI
2193 290 2466 349 NICENI.

3459 287 3598 346 1.326

345 428 610 498 Πατέρων
644 421 967 493 ἐκθήσομεν,
990 412 1088 486 τὴν
1125 409 1417 483 ἑρμηνείαν
1444 407 1622 462 αὐτῶν
1652 407 1753 498 οὐκ
1780 402 1912 467 ἐξω-

2052 405 2327 460 τοιοιίοηο
2358 418 2552 460 eorum
2578 416 2687 458 non
2717 412 3084 466 extrinsecus,
3111 400 3208 456 sed
3254 415 3324 460 ex
3349 399 3602 472 ipsismct

346 523 458 583 θεν,
478 496 591 572 ἀλλ’
620 515 682 579 ἐξ
707 512 886 568 αὐτῶν
913 510 1021 566 τῶν
1046 508 1232 569 αὐτοῖς
1247 501 1556 575 εἰρημένων
1582 496 1917 566 ποιούμενοι.

350 614 505 682 Ἔχει
559 600 657 662 οὖν
703 607 804 674 τῆς
853 602 1090 664 πίστεως
1145 597 1371 652 ἐκείνων
1420 596 1455 666 ἡ
1508 593 1722 656 ἐκθεσις
1782 583 1914 645 ὧδε·

352 727 373 758 ε
412 701 750 770 Πιστεύομεν
812 697 891 760 είς
934 694 1030 747 ἕνα
1074 689 1208 744 Θεὸν
1267 686 1483 756 Πατέρα
1540 682 1920 752 παγκράτορα,

349 798 567 852 πάντων
592 789 804 862 ὁρατῶν
823 804 883 840 τε
908 784 1005 838 καὶ
1035 781 1280 851 ἀοράτων
1310 778 1556 845 ποιητήν.
1590 774 1701 827 Καὶ
1720 774 1799 836 είς
1827 771 1925 825 ἕνα

350 885 557 956 Κύριον
599 879 809 952 Ἰησοῦν
848 874 1106 944 Χριστὸν,
1135 872 1227 925 τὸν
1262 869 1392 923 Υἱδν
1435 866 1529 921 τοῦ
1571 864 1737 956 Θεοῦ,
1760 879 1923 956 γενη-

348 953 513 1029 θέντα
543 975 608 1025 ἐκ
635 970 731 1024 τοῦ
781 963 995 1035 Πατρδς
1058 961 1344 1033 μονογενῆ,
1384 956 1684 1019 τουτέστιν,
1725 955 1791 1009 ἐκ
1827 953 1927 1023 τῆς

349 1066 534 1128 οὐσίας
554 1062 646 1118 τοῦ
674 1054 907 1130 [ἰατρὸς.
938 1055 1071 1108 Θεὸν
1090 1056 1154 1107 ἐκ
1169 1052 1324 1115 Θεοῦ,
1354 1050 1471 1122 φῶς
1489 1050 1554 1103 ἐκ
1575 1047 1771 1117 φωτὸς,
1794 1045 1927 1098 Θεὸν

350 1153 604 1228 ἀληθινὸν
632 1154 697 1205 ἐκ
716 1148 853 1203 Θεοῦ
877 1146 1157 1228 ἀληθινοῦ-ν
1172 1143 1501 1214 γεννηθέντα
1518 1140 1577 1194 οὐ
1609 1136 1927 1228 ποιηθέντα,

350 1225 633 1316 ὁμοούσιον
661 1238 740 1310 τῷ
778 1237 973 1306 Πατρὶ.
1005 1235 1072 1288 δι’
1103 1227 1164 1289 οὗ
1187 1232 1258 1286 τὰ
1287 1231 1468 1287 πάντα
1507 1229 1745 1299 ἐγένετο,
1776 1225 1846 1280 τά
1868 1243 1928 1278 τε

353 1340 412 1391 ἐν
459 1334 539 1404 τῷ
587 1329 821 1403 οὐρανῷ,
862 1329 957 1380 καὶ
1009 1327 1078 1380 τὰ
1111 1325 1203 1383 ἐπὶ
1233 1325 1333 1394 τῆς
1365 1323 1486 1394 γῆς.
1536 1321 1641 1380 Τὸν
1671 1320 1740 1375 δι’
1781 1320 1929 1389 ἡμᾶς

352 1428 481 1491 τοὺς
531 1422 856 1497 ἀνθρώπους
908 1420 1004 1473 καὶ
1055 1417 1145 1475 διὰ
1196 1417 1295 1482 τὴν
1336 1413 1611 1485 ἡμετέραν
1636 1409 1931 1480 ⁵σωτηρίαν

354 1514 685 1571 κατελθόντα
717 1512 814 1568 καὶ
864 1508 1235 1583 σαρκωθέντα,
1270 1506 1365 1559 καὶ
1408 1502 1929 1574 ἐνανθρωπήσαντα,

352 1610 619 1673 παθόντα,
658 1606 752 1660 καὶ
789 1605 1096 1660 ἀναστάντα
1140 1602 1206 1670 τῇ
1242 1597 1403 1670 τρίτῃ
1431 1595 1636 1666 ἡμέρᾳ,
1662 1594 1757 1646 καὶ
1779 1591 1935 1645 ἀνελ-

355 1703 519 1757 θόντα
571 1701 651 1763 είς
683 1696 970 1768 οὐρανοὺς,
1004 1694 1299 1765 ἐρχόμενον
1355 1688 1534 1759 κρίναι
1583 1683 1793 1749 ζῶντας
1840 1682 1934 1739 καὶ

356 1792 604 1864 νεκρούς.
637 1791 749 1845 Καὶ
765 1790 845 1851 είς
867 1787 927 1841 τὸ
962 1787 1115 1855 ἅγιον
1131 1782 1378 1853 Πνεῦμα.
1408 1780 1547 1863 Τοὺς
1571 1778 1629 1836 δὲ
1654 1775 1934 1864 λέγοντας,

355 1881 426 1956 ἦν
457 1860 589 1937 ποτε
623 1883 711 1936 ὅτε
745 1879 844 1933 οὐκ
876 1873 964 1948 ἦν’
1006 1875 1102 1931 καὶ
1148 1874 1278 1946 πρὶν
1330 1860 1660 1942 γεννηθῆναι
1699 1866 1800 1921 οὐκ
1845 1860 1934 1938 ἦν·

356 1955 455 2027 καὶ
488 1972 568 2025 ὅτι
595 1969 656 2034 ἐξ
697 1971 799 2023 οὐκ
836 1967 1005 2020 ὄντων
1033 1961 1330 2033 ἐγένετο,ἢ
1372 1960 1433 2027 ἐξ
1466 1960 1661 2029 ἐτέρας
1704 1955 1938 2013 ὑποστά-

361 2080 499 2126 σεως
530 2061 565 2133 ἢ
609 2060 796 2123 οὐσίας
847 2059 1156 2126 φάσκοντας
1204 2049 1363 2118 εῖναι,
1403 2052 1437 2123 ἢ
1487 2053 1740 2123 τρεπτδν,
1783 2047 1941 2120 ἢάλ-

360 2152 585 2208 λοιωτδν
608 2153 698 2205 τὸν
730 2150 861 2203 Υίὸν
886 2148 981 2202 τοῦ
1012 2145 1173 2209 Θεοῦ,
1204 2145 1427 2208 τούτους
1473 2138 1864 2211 ἁναθεματίζει
1907 2140 1939 2208 ἡ

364 2244 631 2315 καθολικὴ
665 2243 762 2297 καὶ
783 2239 1117 2311 ἀποστολικὴ
1153 2236 1470 2310 Ἐκκλησία.
1514 2254 1533 2288 ι
1565 2229 1727 2288 Οὗτοι
1769 2232 1866 2303 μὲν
1890 2231 1940 2290 οἱ

360 2337 472 2393 τῶν
512 2335 773 2404 Πατέρων
802 2333 950 2402 λόγοι
978 2330 1074 2403 τὴν
1107 2330 1236 2404 περὶ
1263 2327 1356 2381 τοῦ
1387 2324 1723 2394 Μονογενοῦς
1757 2322 1943 2377 πίστιν

363 2429 497 2500 ἡμῖν
522 2425 885 2494 ἐκτιθέμενοι,
915 2421 1165 2490 καθάπερ
1194 2419 1316 2473 τινὰ
1347 2417 1569 2480 κανόνα,
1607 2415 1788 2467 πᾶσαν
1822 2411 1942 2467 ἐπί-

367 2535 517 2575 νοιαν
548 2513 854 2587 ἀνθρώπων
891 2512 1285 2586 διορθούμενοι.
1320 2510 1532 2579 Ὥσπερ
1574 2505 1685 2576 γὰρ
1714 2501 1943 2572 σφαλλο-

368 2608 538 2681 μένην
564 2606 820 2675 αἴσθησιν
875 2606 1005 2675 περὶ
1048 2604 1147 2674 τὴν
1179 2601 1452 2670 εὐθύτητα
1474 2597 1570 2652 τοῦ
1612 2595 1769 2665 ξύλου
1801 2594 1942 2666 διορ-

367 2698 552 2753 θοῦται
581 2695 783 2765 κανὼν,
839 2699 940 2767 τῆς
989 2694 1317 2765 διαστροφῆς
1367 2692 1584 2760 ἐλεγχος
1628 2686 1940 2759 γενόμενος·

366 2787 540 2852 οὕτως
572 2791 602 2842 ὁ
627 2788 785 2856 λόγος
825 2780 980 2848 οὗτος
1009 2783 1117 2837 τῶν
1159 2779 1460 2853 ἀνθρώπων
1496 2773 1803 2845 διορθοῦται
1845 2770 1945 2845 τὴν

368 2880 601 2945 ἔννοιαν,
639 2878 884 2940 ἐπινοίας
919 2876 994 2947 (5)
1027 2874 1124 2945 τὴν
1174 2872 1356 2926 πίστιν
1404 2867 1560 2940 ἡμῶν
1601 2864 1945 2935 διαστρέφειν

368 2970 634 3025 ἐθέλουσι.
664 2966 886 3030 Τούτοις
916 2963 1196 3035 ἐπώμεθα,
1226 2964 1337 3023 τοῖς
1367 2959 1547 3026 λόγοις
1577 2953 1944 3017 πιστεύοντες,

1970 1737 2023 1791 Il

2024 495 2241 551 illorum
2267 496 2455 549 verbis
2479 496 2667 567 petita.
2706 493 2989 564 Expositio
3016 508 3147 563 ergo
3193 492 3319 548 ﬁdei
3348 493 3596 563 ipsorum

2023 587 2131 645 hoc
2176 586 2347 661 modo
2395 603 2515 643 sese
2543 586 2736 641 habet:
2780 605 2796 636 ι
2825 584 3117 644 Credimus
3142 585 3198 638 in
3223 600 3394 639 unum
3422 585 3597 647 Deum

2024 680 2236 737 Patrem
2259 680 2713 748 omnipotentem.
2743 678 3003 737 factorem
3027 676 3275 732 omnium
3294 676 3597 739 visibilium

2025 780 2081 825 et
2108 770 2486 827 invisibilium.
2516 770 2585 824 Et
2621 769 2678 824 in
2705 783 2875 825 unum
2898 768 3191 827 Dominum
3219 767 3407 823 Iesum
3434 766 3600 829 Chri-

2022 873 2170 919 ‘Stum
2203 861 2401 937 Filium
2436 860 2530 914 Dei
2575 858 2938 930 unigenitum,
2967 868 3158 918 natum
3186 874 3252 917 ex
3288 859 3470 923 Patre,
3498 858 3605 914 hoc

2027 960 2132 1010 est.
2161 967 2229 1008 ex
2259 951 2567 1009 substantia
2595 951 2797 1013 Patris,
2835 950 3008 1010 Deum
3042 949 3110 1004 de
3149 951 3281 1014 Deo,
3314 950 3502 1009 lumen
3533 949 3604 1009 de

2029 1043 2258 1108 lumine,
2297 1043 2470 1099 Deum
2504 1058 2694 1097 verum
2725 1042 2794 1096 de
2838 1042 2952 1102 Deo
2978 1056 3139 1106 vero;
3184 1040 3450 1109 genitum,
3489 1056 3605 1101 non

2029 1134 2262 1198 factum;
2309 1134 2829 1193 consubstantialem
2872 1132 3168 1206 Patri,per
3204 1146 3368 1201 quem
3415 1132 3603 1195 omnia

2031 1226 2172 1282 facta
2193 1233 2342 1291 sunt,
2388 1235 2497 1280 tam
2541 1240 2663 1301 qua:
2703 1224 2757 1279 in
2806 1225 2967 1287 caelo,
3004 1240 3168 1294 quam
3197 1239 3319 1294 qua:
3347 1225 3405 1283 in
3437 1231 3605 1283 terra.

2031 1316 2134 1387 Qui
2162 1325 2386 1387 propter
2401 1332 2503 1373 nos
2530 1316 2783 1374 homines
2799 1323 2855 1369 et
2867 1323 3096 1391 propter
3114 1322 3359 1375 nostram
3374 1316 3606 1375 salutem

2035 1405 2343 1476 descendit,
2389 1414 2448 1464 et
2481 1407 2803 1466 incarnatus
2839 1413 2945 1470 est,
2983 1415 3041 1465 et
3071 1405 3237 1460 homo
3271 1404 3452 1461 factus
3488 1412 3612 1463 est:

2034 1498 2129 1571 qui
2157 1512 2350 1567 passus
2377 1506 2463 1553 est
2496 1505 2553 1553 et
2597 1497 2901 1557 resurrexit
2925 1498 3086 1556 tertia
3115 1497 3238 1553 die:
3265 1505 3324 1552 et
3364 1496 3613 1557 ascendit

2036 1589 2092 1646 in
2114 1589 2284 1649 caelos
2305 1605 2320 1655 ;
2344 1588 2439 1659 qui
2461 1597 2728 1647 venturus
2740 1598 2824 1644 est
2834 1589 3084 1660 judicare
3103 1589 3260 1647 vivos
3273 1597 3331 1645 et
3342 1598 3610 1649 mortuos.

2038 1680 2108 1735 Et
2139 1679 2194 1735 in
2218 1679 2486 1750 Spiritum
2512 1689 2785 1735 sanctum.
2816 1680 2927 1738 Eos
2951 1695 3085 1735 vero
3108 1680 3203 1755 qui
3233 1679 3457 1737 dicunt;
3482 1679 3616 1739 Erat

2040 1770 2335 1841 aliquando
2384 1785 2510 1829 cum
2534 1785 2648 1826 non
2676 1779 2857 1836 esset;
2892 1770 3023 1824 item
3042 1788 3058 1827 ;
3088 1769 3395 1840 Antequam
3430 1769 3618 1840 gigne-

2040 1870 2213 1927 retur,
2266 1878 2374 1921 non
2413 1872 2564 1931 erat;
2597 1870 2686 1918 et:
2745 1862 2900 1929 Quod
2947 1879 3015 1923 ex
3067 1877 3175 1918 non
3220 1862 3617 1923 exsistentibus

2040 1953 2218 2012 factus
2237 1953 2329 2018 sit,
2366 1963 2463 2008 aut
2495 1969 2563 2007 ex
2588 1954 2695 2008 alia
2741 1953 3098 2012 subsistentia
3141 1953 3256 2012 sive
3285 1948 3613 2016 substantia,

2042 2044 2135 2119 qui
2161 2044 2373 2109 dicunt,
2407 2045 2490 2099 vel
2537 2044 2858 2101 mutabilem
2889 2045 2974 2099 vel
3002 2044 3324 2103 variabilcm
3354 2059 3476 2104 esse
3523 2043 3608 2104 Fi-

2040 2133 2175 2191 lium
2222 2133 2341 2200 Dei,
2384 2133 2550 2188 hosce
2600 2132 3026 2192 anathematizat
3069 2131 3338 2194 catholica
3390 2140 3447 2193 et
3483 2148 3618 2202 apo—

2042 2224 2232 2279 stolica
2274 2223 2533 2279 Ecclesia.
2580 2242 2599 2274 ι
2640 2223 2766 2279 Haec
2825 2223 3045 2284 Patrum
3086 2224 3251 2285 verba
3303 2234 3452 2290 sunt,
3500 2240 3623 2296 quae

2044 2312 2206 2371 ﬁdem
2225 2313 2292 2367 de
2315 2312 2609 2384 Unigenito
2630 2314 2791 2369 nobis
2807 2323 3111 2384 exponunt,
3135 2324 3191 2369 et
3213 2316 3388 2376 instar
3414 2332 3624 2371 norma:

2043 2404 2278 2477 alicujus
2303 2420 2523 2459 omnem
2576 2405 2873 2461 humanam
2925 2406 3311 2477 cogitationem
3354 2407 3620 2478 dirigunt.

2044 2493 2520 2567 Quemadmodum
2539 2497 2687 2557 enim
2715 2512 2909 2551 norma
2936 2512 3157 2553 sensum
3177 2498 3323 2559 circa
3352 2498 3483 2569 ligni
3537 2514 3627 2552 re-

2046 2586 2373 2643 ctitudinem
2387 2596 2667 2645 errantem
2693 2587 2941 2659 corrigit,
2955 2588 3339 2659 obliquitatem
3355 2605 3624 2659 arguens:

2048 2678 2123 2732 ita
2162 2686 2217 2731 ct
2245 2679 2362 2733 hate
2383 2678 2561 2737 oratio
2601 2679 2887 2749 hominum
2919 2681 3260 2741 intellectum
3295 2680 3504 2753 dirigit,
3530 2684 3625 2751 qui

2048 2768 2209 2822 ﬁdem
2222 2778 2465 2823 nostram
2478 2769 2594 2825 suis
2605 2770 3031 2841 cogitationibus
3043 2781 3362 2848 pervertere
3377 2773 3629 2842 cupiunt.

2051 2860 2224 2915 Hosee
2242 2869 2299 2914 et
2332 2877 2433 2915 nos
2462 2877 2779 2934 sequamur,
2804 2863 2993 2922 verbis
3021 2863 3156 2939 ipsis
3183 2863 3495 2929 credentes,
3522 2880 3629 2919 non

2050 2952 2381 3020 quastiones
2423 2960 2724 3008 nectentes.
2768 2952 2942 3013 Aiunt
2978 2954 3127 3013 enim
3181 2954 3282 3021 illi,
3330 2954 3635 3019 credimus,

367 3066 432 3118 οὐ
477 3042 838 3134 προϐλήματα
885 3060 1181 3120 πλέκοντες.
1241 3051 1578 3122 Πιστεύομεν
1631 3048 1741 3119 γὰρ
1794 3041 1947 3099 εἷπον

2052 3059 2161 3097 non
2221 3036 2758 3099 demonstrationum
2813 3045 3056 3100 rationes
3102 3045 3449 3101 adducimus.
3497 3045 3635 3103 Cre-

370 3159 587 3218 ἐκεῖνοι,
619 3155 720 3209 οὐκ
768 3151 1067 3218 ἀποδείξεις
1122 3147 1222 3211 τὶς
1262 3145 1350 3200 διὰ
1386 3143 1560 3212 λόγων
1607 3138 1953 3210 παρέχομεν.

371 3246 674 3320 Τοιγαροῦν
703 3244 1082 3314 πιστεύσωμεν
1110 3242 1204 3296 καὶ
1221 3240 1383 3312 ἡμεῖς
1403 3235 1577 3298 οὕτως
1604 3230 1749 3302 ἔχειν
1776 3229 1860 3320 τὰ,
1879 3229 1956 3320 ξδ’

375 3318 615 3414 ρημένα,
648 3337 868 3407 ἁπάσης
914 3335 990 3404 (6)
1033 3332 1331 3405 περιέργου
1361 3328 1646 3402 ζητήσεως
1675 3318 1957 3414 παντελῶς

372 3410 726 3503 ἀπεχόμενοι.
760 3427 835 3481 Οὐ
862 3426 971 3495 γὰρ
1007 3422 1303 3491 εὐθύνομεν
1323 3419 1391 3476 τὰ
1415 3416 1520 3473 ὑπὸ
1553 3414 1662 3467 τῶν
1696 3410 1954 3482 Πατέρων

374 3518 807 3589 πεπιστευμένα·
840 3517 952 3574 ἀλλ’
992 3511 1360 3586 ὁμολογοῦμεν
1404 3507 1554 3566 ταῦθ’
1596 3503 1768 3565 οῦτως
1797 3515 1956 3568 γεγε-

373 3615 569 3685 νῆσθαι
605 3613 757 3681 παρὰ
777 3611 934 3679 Θεοῦ,
963 3611 1062 3681 τῆς
1084 3610 1318 3671 πίστεως
1341 3607 1472 3678 ἡμῖν
1504 3600 1828 3675 βεϐαιούσης
1861 3596 1958 3665 τὴν

376 3703 609 3759 ἔννοιαν.
643 3703 808 3756 ’Ὥστε
837 3700 1177 3774 Χριστιανῶν
1204 3696 1481 3769 ἀλλότριός
1509 3696 1627 3749 ἐστι
1655 3691 1764 3754 πᾶς
1786 3689 1816 3741 6
1860 3687 1959 3757 τῆς

376 3795 648 3860 ἐκθέσεως
685 3794 890 3866 ταύτης
923 3790 1359 3865 παρηλλαγμένα
1391 3785 1626 3859 φρονῶν,
1663 3781 1765 3839 κᾶν
1799 3778 1961 3833 πιθα-

377 3888 467 3941 νόν
496 3904 550 3939 τι
574 3886 704 3958 περὶ
728 3886 826 3958 τῆς
848 3886 1083 3948 πίστεως
1113 3883 1270 3954 ἡμῶν
1289 3881 1471 3949 λέγειν
1505 3877 1657 3946 δοκῇ.
1686 3870 1821 3927 Οὐδὲ
1850 3868 1959 3940 γὰρ

375 3977 500 4032 οὐδὲ
520 3977 630 4031 τῶν
656 3975 761 4042 ἔξω
793 3993 876 4040 τις
896 3974 1173 4041 ἀπόδειξιν
1203 3971 1428 4027 ἀπαιτεῖ
1453 3968 1551 4038 τῆς
1578 3962 1686 4018 τῶν
1707 3959 1963 4034 μαθημά-

377 4084 489 4123 των
518 4067 719 4138 ἁρχῆςο
757 4066 896 4120 ἀλλὰ
951 4066 1134 4120 πίστει
1170 4064 1324 4136 παρὰ
1366 4059 1462 4115 τοῦ
1500 4055 1822 4118 διδασκάλου
1869 4050 1968 4123 τὴν

379 4158 554 4233 ἀρχὴν
597 4157 936 4234 ὑποδέχεται,
989 4156 1183 4215 οὐδένα
1231 4153 1374 4212 κατὰ
1410 4150 1613 4220 ταύτης
1664 4145 1826 4206 κινῶν
1884 4142 1972 4199 λοι-

377 4249 596 4320 γισμόν.
884 4304 899 4319 κ
1268 4248 1271 4253 ’

450 4344 525 4399 Θθ.
566 4342 733 4415 Ἀρχὴ
759 4340 938 4399 τοίνυν
966 4340 1065 4410 τῆς
1094 4336 1333 4411 περὶτοῦ
1357 4333 1696 4407 Μονογενοῦς
1722 4332 1960 4393 πίστεως

2057 3133 2252 3189 damus
2287 3150 2419 3205 ergo
2454 3144 2512 3189 et
2540 3151 2661 3199 nos,
2690 3150 2754 3189 ea
2778 3150 2902 3207 qua:
2926 3136 3187 3201 diximus,
3221 3136 3293 3190 ita
3324 3152 3383 3192 se
3407 3137 3635 3203 habere,

2054 3236 2110 3281 et
2131 3226 2200 3281 ab
2218 3227 2367 3281 omni
2388 3227 2603 3282 curiosa
2628 3226 2985 3297 inquisitione
2996 3228 3222 3302 penitus
3237 3228 3633 3285 abstineamus.

2056 3321 2244 3391 Neque
2278 3319 2424 3373 enim
2469 3332 2571 3374 nos
2611 3334 2732 3394 qua:
2776 3334 2807 3373 a
2841 3319 3101 3379 Patribus
3143 3319 3354 3375 credita
3387 3320 3642 3384 fuerunt,

2055 3410 2414 3481 corrigimus;
2451 3410 2546 3463 sed
2578 3409 2694 3465 haec
2715 3410 2787 3465 ita
2822 3424 2853 3463 a
2876 3409 2989 3470 Deo
3025 3410 3165 3470 facta
3193 3410 3385 3475 fuisse,
3412 3412 3520 3468 ﬁde
3548 3414 3643 3468 iu-

2062 3500 2342 3557 tellectum
2388 3506 2635 3557 nostrum
2678 3498 3063 3564 conﬁrmante‘,
3102 3499 3448 3556 conﬁtemur.
3487 3501 3642 3557 Adeo

2065 3598 2125 3645 ut
2155 3590 2594 3650 Christianorum
2634 3589 2918 3650 consortio
2948 3589 3164 3649 alienus
3191 3590 3283 3655 sit,
3323 3592 3643 3661 quicunque

2064 3680 2281 3735 diversa
2304 3679 2474 3736 sentit
2495 3679 2564 3733 ab
2586 3678 2690 3733 hac
2709 3678 3054 3754 expositione
3077 3696 3091 3745 ;
3122 3679 3339 3734 etiamsi
3360 3680 3645 3751 probabile

2069 3769 2201 3838 quid
2231 3768 2299 3824 de
2330 3768 2437 3823 ﬁde
2469 3776 2657 3824 nostra
2684 3767 2871 3824 dicere
2899 3768 3178 3824 videatur.
3209 3768 3344 3824 Nam
3373 3785 3478 3826 nec
3498 3772 3649 3842 quis-

2068 3878 2231 3933 quam
2262 3877 2454 3917 eorum
2478 3860 2574 3935 qui
2611 3869 2766 3915 extra
2796 3860 3099 3919 Ecclesiam
3136 3871 3285 3928 sunt,
3316 3863 3648 3933 principium

2069 3953 2424 4008 scientiarum
2477 3953 2583 4008 sibi
2615 3952 2983 4008 demonstrari
3026 3953 3289 4023 postulat,
3342 3954 3439 4008 sed
3478 3954 3587 4009 ﬁde
3620 3971 3653 4010 ι

2072 4044 2335 4115 magistro
2354 4043 2690 4121 principium
2720 4042 2972 4113 suscipit,
3009 4043 3214 4099 nullam
3240 4052 3434 4099 contra
3464 4044 3522 4101 id
3562 4044 3650 4120 ip-

2072 4152 2191 4191 sum
2232 4135 2662 4196 controversiam
2694 4149 2941 4193 movens.

2140 4340 2235 4395 IX.
2273 4341 2614 4412 Principium
2640 4356 2773 4411 ergo
2804 4340 2932 4396 ﬁdei
2957 4340 3025 4395 de
3047 4340 3364 4411 Unigenito,
3401 4340 3519 4397 hac
3549 4340 3656 4401 Pa—

380 4437 416 4506 ἠ
444 4433 659 4496 ἕκθεσις
687 4430 828 4506 αὕτη
850 4429 959 4483 τῶν
1004 4429 1266 4502 Πατέρων
1300 4429 1548 4500 γένηται.
1584 4426 1807 4496 Ἐπειδὴ
1856 4424 1948 4497 γὰε

2074 4443 2220 4490 trum
2243 4434 2517 4504 expositio
2567 4443 2671 4491 est.
2697 4432 2836 4490 Cum
2861 4431 3007 4487 enim
3034 4433 3101 4487 de
3120 4430 3416 4503 Unigenito
3436 4431 3655 4502 disqui-

380 4525 514 4596 περὶ
563 4522 657 4580 τοῦ
689 4519 1029 4592 Μονογενοῦς
1061 4521 1246 4585 αὐτοῖς
1295 4522 1329 4592 η
1353 4520 1560 4591 ,σκέψις
1583 4519 1821 4589 ἐγένετο,
1849 4520 1973 4573 τότε

381 4617 620 4689 Ἀρείου,
656 4616 912 4687 καθάπερ
945 4614 1041 4668 νῦν
1066 4613 1387 4685 Νεστορίου,
1419 4612 1499 4684 τῷ
1536 4613 1723 4684 σπόρῳ
1757 4612 1859 4681 τῆς
1886 4612 1976 4664 εὐ-

387 4706 607 4773 σεὸείας
650 4706 1074 4777 ἐπισπείραντος
1118 4702 1358 4769 ζιζάνια,
1390 4704 1484 4758 καὶ
1510 4702 1604 4757 τοῦ
1636 4700 1974 4772 Μονογενοῦς

384 4799 486 4868 τὴν
520 4796 681 4861 δόξαν
722 4795 1199 4867 παρατιτριὶξσκειν
1233 4796 1701 4867 ἐπιχειρήσαντος·
1731 4797 1827 4853 καὶ
1876 4794 1979 4848 Λό⁶

386 4904 483 4957 γον
527 4889 628 4958 μὲν
658 4886 754 4940 τοῦ
808 4885 1022 4956 Πατρός
1060 4880 1200 4940 εἶναι
1245 4886 1496 4956 λέγοντος
1544 4888 1635 4945 τὸν
1683 4885 1972 4960 μονογενῆ,

387 4985 488 5054 τῆς
516 4984 574 5038 δὲ
604 4984 944 5054 Δεσποτικῆς
984 4980 1140 5046 ἀξίας
1170 4979 1265 5034 καί
1314 4977 1474 5050 δόξης
1518 4974 1969 5045 ἀπολειπόμενον·

388 5075 581 5130 τούτου
597 5076 759 5148 χάριν
784 5074 1137 5145 ξυναχθέντες
1157 5074 1206 5126 oi
1229 5070 1472 5142 Πατέρες
1502 5069 1596 5122 καὶ
1624 5067 1742 5132 νῦν,
1761 5063 1975 5121 ποιοῦσι

389 5168 489 5237 τὴν
510 5167 793 5221 εὐσέϐειαν
822 5165 981 5237 ἡμῶν
1011 5166 1195 5235 νόμον,
1228 5164 1340 5222 τοῖς
1361 5160 1492 5231 περὶ
1522 5158 1618 5211 τοῦ
1636 5154 1976 5227 Μονογενοῦς

390 5264 527 5316 πᾶσι
582 5260 881 5329 σοφίσμασι
914 5257 1010 5330 τὴν
1066 5255 1176 5310 τῶν
1227 5251 1612 5322 ἁπλουστέρων
1660 5249 1976 5314 κλείσαντες

392 5354 581 5423 ἀκοήν.
609 5352 699 5415 Διὸ
731 5350 828 5404 καὶ
865 5345 1342 5421 περὶΜονογενοῦς
1378 5344 1563 5407 αὐτοῖς
1602 5340 1974 5416 προκειμένης

392 5443 495 5514 τῆς
529 5443 795 5513 σκέψεως,
828 5441 918 5494 τὸν
951 5438 1152 5493 κανόνα
1207 5435 1307 5506 τῆς
1360 5434 1592 5496 πίστεως
1636 5433 1688 5486 οί
1730 5432 1975 5503 Πατέρες

469 5580 546 5648 (5)
580 5583 903 5646 Ἐπινοίας.
939 5579 1086 5635 Fort.
1111 5579 1159 5630 οἱ
1193 5576 1479 5648 ἐπινοίαις.

472 5645 549 5721 (6)
584 5645 1713 5721 'ttxcio'ncé-xs_.jrzvzsvpéra._Cotelerins
1738 5646 1791 5701 in
1826 5649 1974 5721 notis

403 5715 722 5781 atl'Constit,
764 5715 944 5794 Apost.
983 5718 1074 5773 lib.
1112 5735 1162 5784 ν,
1201 5732 1317 5792 cap.
1362 5717 1413 5781 4,
1455 5716 1557 5772 sub
1594 5715 1780 5785 ﬁnem,
1826 5717 1973 5780 hunc

2071 4523 2201 4578 sitio
2249 4523 2319 4582 ab
2374 4523 2509 4594 ipsis
2566 4524 2971 4590 institueretur,
3003 4523 3150 4594 quod
3198 4531 3330 4584 tunc
3388 4524 3658 4595 temporis

2071 4614 2259 4681 Arius,
2293 4615 2375 4673 uti
2407 4630 2557 4673 nunc
2577 4615 2889 4677 Nestorius,
2906 4631 3075 4685 super
3108 4615 3331 4686 pietatis
3351 4623 3660 4672 sementem

2074 4706 2283 4766 zizania
2324 4707 2816 4778 superseminaret,
2858 4706 3200 4780 gloriamque
3245 4706 3526 4778 Unigeniti
3573 4706 3661 4761 in-

2076 4798 2324 4869 fringere
2348 4809 2668 4864 conaretur,
2696 4805 2754 4855 et
2786 4799 3134 4870 unigenitum
3158 4800 3384 4869 quidem
3415 4798 3656 4854 Verbum

2075 4888 2258 4944 Patris
2292 4903 2416 4943 esse
2447 4888 2680 4955 diceret,
2706 4889 2803 4946 sed
2837 4890 3108 4961 dignitate
3146 4899 3205 4946 et
3241 4889 3415 4961 gloria
3440 4888 3659 4943 Domini

2078 4980 2404 5035 destitutum
2444 4998 2456 5033 :
2488 4980 2698 5036 idcirco
2741 4983 3056 5053 congregati
3090 4991 3220 5036 tunc
3265 4979 3527 5050 temporis
3556 4981 3660 5034 Pa-

2080 5078 2214 5134 tres,
2250 5080 2310 5125 ut
2341 5079 2399 5126 et
2430 5072 2536 5131 hoc
2568 5080 2837 5143 tempore,
2864 5073 3039 5142 legem
3058 5072 3280 5141 pietatis
3300 5077 3501 5125 nostra:
3532 5086 3663 5140 pro-

2080 5172 2321 5233 ponunt;
2349 5164 2610 5223 omnibus
2638 5163 2991 5234 sophismatis
3027 5163 3096 5218 de
3123 5163 3416 5233 Unigenito
3443 5163 3662 5235 simpli~

2082 5253 2293 5308 ciorum
2336 5268 2498 5309 aures
2550 5252 2922 5309 occludentes.
2960 5251 3199 5321 ideoque
3230 5266 3357 5305 cum
3400 5252 3470 5308 de
3525 5253 3663 5310 Uni-

2082 5346 2267 5417 genito
2297 5346 2433 5417 ipsis
2470 5344 2749 5416 proposita
2788 5353 2937 5400 esset
2971 5344 3309 5416 disquisitio,
3351 5346 3495 5401 hanc
3535 5344 3661 5401 ﬁdei

2085 5439 2329 5510 regulam
2353 5436 2525 5494 θειωιί
2556 5437 2748 5493 Patres
2780 5448 3177 5506 exposuerunt,
3210 5436 3487 5509 principio
3520 5436 3667 5493 facto

2078 5583 2260 5638 locum
2286 5580 2361 5634 ita
2395 5575 2574 5632 reddit
2608 5593 2620 5628 :
2650 5573 2726 5628 Ab
2759 5574 2903 5627 omni
2938 5575 3145 5627 curiosa
3184 5572 3663 5643 disquisitionem-

2080 5652 2220 5705 m'tus
2253 5650 2566 5704 abstinentes
2592 5663 2611 5702 :
2644 5660 2809 5714 neque
2841 5644 2978 5697 enim
3014 5644 3069 5697 in
3103 5659 3164 5697 ea
3200 5639 3317 5711 quia
3351 5660 3384 5695 a
3419 5639 3667 5695 Patribul

2079 5722 2277 5781 credita
2305 5720 2540 5791 fuerunt,
2564 5716 2901 5790 inquirimus.
