4076 6432
311 378 452 437 1329

1442 380 1808 440 EXPOSITIO
1846 382 2141 439 SYMBOLI
2178 381 2448 442 NICIENI.

3440 378 3579 434 1559

312 499 473 554 αὐτὸν
523 497 858 570 μεταστῆσαι
898 499 995 570 τῆς
1031 499 1239 570 πλάνης
1287 499 1707 573 βουλευσαμένῳ
1732 543 1748 568 ,
1796 501 1891 556 καὶ

2006 504 2191 558 stolam
2225 504 2522 563 deserendi
2540 503 2750 560 erroris
2768 509 2963 558 auctor
2990 498 3070 555 illi
3096 497 3296 563 fuerat,
3327 505 3494 569 atque
3509 499 3578 553 ad

313 590 450 661 πρὸς
480 588 792 662 δυσώπησιν
820 589 1099 662 ὲκθεμένῳ
1138 589 1236 662 τὴν
1266 590 1450 644 πίστιν
1484 592 1594 644 τῶν
1624 592 1894 646 ὀκτωκαί-

310 683 447 738 δεκα
492 682 586 737 καὶ
611 683 942 754 τριακοσίων
994 684 1279 753 Πατέρων,
1308 685 1745 739 ἀντεπιστέλλων
1785 686 1889 739 Νε-

313 772 525 844 στόριος
560 772 753 837 αὐταῖς
777 775 897 838 ταῖς
935 772 1113 841 λέξεσι
1143 773 1318 829 ταῦτά
1355 792 1492 846 φησι
1515 792 1529 805 ·
1582 786 1601 826 ι
1647 775 1763 830 Κάν
1797 790 1892 846 μοι

312 864 414 929 τὰς
445 862 617 928 ἀκοάς
657 865 741 928 εἰς
776 864 1072 937 ἀδελφικὴν
1107 866 1349 937 ίατρείαν
1376 867 1686 941 παράσχῃς,
1722 866 1896 929 αὐτάς

315 971 403 1006 σοι
432 954 533 1018 τὰς
557 954 666 1009 τῶν
689 954 859 1024 ἁγίων
887 954 1112 1011 ἐκείνων
1142 956 1325 1024 φωνάς
1355 957 1775 1029 παραθήσομαι,
1795 950 1896 1029 τῆς

314 1047 437 1100 κατ’
471 1045 697 1102 ἐκείνων
732 1046 1048 1115 ἀπαλλάξας
1077 1049 1464 1117 συκοφαντίας,
1498 1051 1594 1103 καὶ
1623 1050 1722 1119 τῆς
1754 1050 1897 1105 κατὰ

313 1137 427 1193 τῶν
452 1138 614 1193 θείων
634 1139 868 1210 Γραφῶν
895 1139 963 1193 δι’
986 1139 1235 1194 ἐκείνων.
1273 1158 1291 1190 ι
1320 1137 1453 1193 Εἶτα
1479 1140 1581 1211 τὴν
1609 1140 1758 1205 λέξιν
1785 1140 1897 1194 τῶν

315 1227 578 1300 Πατέρων
589 1228 910 1299 παρατιθεὶς
928 1229 1071 1283 οὕτω
1094 1230 1247 1301 φησί’
1274 1250 1293 1282 ι
1321 1230 1570 1284 Πιστεύω
1589 1231 1770 1286 τοίνυν
1799 1233 1897 1287 καὶ

313 1318 398 1381 εἰς
424 1315 518 1371 τδν
546 1316 752 1389 Κύριον
789 1318 998 1390 Ἰησοῦν
1021 1319 1277 1390 Χριστόν.
1305 1337 1324 1371 ι

387 1410 494 1464 ιΑσ.
538 1408 717 1475 Εὐθὺς
740 1407 805 1465 σὺ
828 1410 1067 1465 ἐνταῦθά
1089 1428 1181 1483 μοι
1205 1411 1400 1466 σκόπει
1420 1411 1629 1483 κλοπὴν
1665 1410 1898 1475 ἀναιδῶς

314 1499 696 1572 τολμωμένην.
740 1502 963 1574 Ἐπειδὴ
998 1503 1107 1575 γὰρ
1134 1504 1186 1556 ot
1221 1502 1467 1574 Πατέρες
1516 1503 1613 1556 ἕνα
1655 1501 1897 1558 νοεῖσθαι

316 1591 563 1658 θέλοντες
602 1592 698 1648 τὸν
734 1593 883 1661 Υίδν,
916 1590 1102 1662 εἷπον,
1142 1612 1169 1648 ‹
1200 1595 1543 1667 Πιστεύομεν
1571 1596 1667 1650 καὶ
1699 1597 1781 1660 είς
1803 1595 1901 1649 ἕνα

316 1683 523 1758 Κύριον
568 1686 778 1759 Ἰησοῦν
815 1687 1073 1759 Χριστὸν,
1104 1688 1197 1743 τὸν
1233 1688 1363 1742 Υἱὸν
1388 1688 1484 1743 τοῦ
1524 1688 1685 1756 Θεοῦ,
1716 1707 1736 1742 ι
1785 1688 1900 1744 κλέ·

316 1792 443 1830 πτει
469 1777 571 1848 τῆς
598 1775 799 1844 λέξεως
823 1776 932 1831 τῶν
966 1777 1225 1850 Πατέρων
1247 1778 1330 1844 τὸ,
1359 1778 1470 1834 ἕνα
1491 1820 1507 1843 ,
1542 1779 1630 1834 ἵνα
1662 1779 1760 1852 ἔχη
1792 1778 1901 1850 χώ-

2000 596 2446 668 redarguendum
2486 597 2688 666 ipsum,
2726 594 2891 649 ﬁdem
2919 599 3299 648 trecentorum
3327 598 3384 644 et
3421 598 3578 644 octo-

2001 688 2181 744 decim
2201 690 2425 744 Patrum
2443 695 2808 759 proposuerat
2827 704 2838 739 :
2864 683 3274 753 huic,inquam,
3290 681 3583 738 Nestorius

2002 778 2061 833 in
2089 778 2209 834 haec
2237 778 2404 834 verba
2437 777 2729 834 rescribit:
2764 795 2783 827 ι
2824 768 2894 830 Et
2926 774 2971 831 si
3001 789 3166 828 aures
3193 772 3332 827 mihi
3367 770 3437 826 ad
3464 769 3579 825 fra-

2002 879 2226 925 ternam
2261 870 2533 925 medelam
2574 868 2903 939 praebueris,
2937 866 3084 936 ipsas
3117 864 3221 918 tibi
3259 872 3579 919 sanctorum

2002 958 2225 1014 illorum
2252 973 2418 1014 voces
2439 948 2733 1022 adducam,
2760 955 3053 1011 vindicans
3079 969 3175 1009 eas
3204 969 3234 1008 a
3264 951 3579 1015 calumniis,

2001 1065 2125 1121 qua:
2144 1051 2349 1121 etipsis
2375 1060 2433 1106 et
2446 1066 2546 1122 per
2569 1065 2666 1106 eas
2683 1048 2890 1105 divinis
2912 1047 3147 1104 Litteris
3164 1044 3519 1119 aﬁinguntur.
3552 1063 3574 1094 ι

2001 1140 2211 1197 Deinde
2246 1141 2516 1213 appositis
2543 1148 2863 1196 sanctorum
2901 1141 3124 1195 Patrum
3155 1136 3321 1193 dictis
3340 1136 3416 1192 ita
3448 1134 3583 1190 sub-

1996 1234 2214 1306 iungit:
2254 1252 2274 1287 ι
2321 1234 2504 1292 Credo
2546 1233 2717 1305 igitur
2750 1233 2807 1288 in
2841 1231 3141 1288 Dominum
3181 1228 3371 1286 Jesum
3419 1226 3583 1283 Chri-

2003 1336 2170 1383 stum.
2209 1346 2229 1380 ι
2577 1311 2585 1320 ’

2074 1418 2169 1475 XI.
2206 1418 2309 1475 Hic
2330 1418 2521 1474 statim
2543 1417 2798 1474 fraudem
2836 1413 3375 1494 impudentissimam
3412 1410 3588 1465 anim-

2004 1511 2253 1567 adverte.
2290 1511 2429 1567 Nam
2460 1526 2589 1567 eum
2631 1510 2808 1565 sancti
2840 1509 3036 1584 Patres
3058 1520 3232 1584 unum
3265 1502 3468 1561 Filium
3504 1501 3590 1556 in-

2006 1601 2191 1673 telligi:
2219 1601 2471 1657 volentes
2509 1600 2787 1656 dixerint:
2826 1617 2843 1651 ι
2876 1582 3173 1677 Credimus
3194 1604 3251 1651 et
3299 1594 3358 1649 in
3413 1607 3587 1647 unum

2006 1693 2300 1749 Dominum
2325 1692 2514 1748 Jesum
2544 1692 2853 1769 Christum,
2895 1674 3097 1769 Filium
3127 1674 3247 1769 Dei,
3291 1706 3310 1739 ι
3347 1685 3587 1740 suﬁ‘ura-

2006 1796 2102 1842 tur
2132 1800 2201 1840 ex
2234 1785 2423 1841 verbis
2444 1796 2764 1841 sanctorum
2794 1766 3018 1857 Patrum
3047 1766 3260 1843 vocem,
3302 1794 3486 1842 unum,
3526 1783 3591 1830 ut

318 1883 422 1936 ραν
469 1865 799 1936 ξυναγαγεῖν
846 1868 986 1923 Υίοῦ
1035 1868 1131 1923 δύο
1177 1860 1246 1925 τά
1302 1870 1700 1941 σημαινόμενα.
1767 1870 1908 1923 Ἀλλ’

2010 1877 2193 1933 locum
2221 1876 2425 1945 habeat
2454 1870 2844 1932 introdueendi
2871 1875 3009 1929 duas
3029 1871 3461 1942 signiﬁcationes
3487 1882 3589 1923 vo-

316 1957 636 2030 ἐφωράθης,
665 1952 711 2013 ὧ
736 1957 999 2028 βέλτιστε,
1030 1961 1093 2014 τὸ
1123 1961 1340 2034 καίριον
1361 1962 1459 2033 τῆς
1480 1962 1717 2026 πίστεως
1745 1960 1904 2032 ἡμῶν

316 2047 675 2120 ὑφελόμενος.
724 2050 802 2103 Οὐ
836 2049 945 2121 γὰρ
972 2045 1130 2104 εἶπον
1178 2053 1402 2117 ἐκεῖνοι,
1453 2050 1785 2122 πιστεύομεν
1810 2050 1909 2104 καὶ

316 2140 402 2203 είς
429 2139 524 2194 τὸν
552 2141 756 2212 Κύριον
790 2140 1000 2212 Ἰησοῦν
1030 2142 1286 2213 Χριστὸν,
1313 2144 1390 2207 ὡς
1424 2143 1490 2196 σὺ
1522 2143 1903 2213 παραλογισά-

320 2247 486 2301 μενος
524 2231 701 2309 έφηςτ
735 2233 850 2288 ἀλλ’
884 2235 1133 2299 εἰπόντες
1157 2274 1173 2299 ,
1227 2255 1247 2288 ι
1302 2235 1640 2307 Πιστεύομεν
1689 2238 1771 2300 είς
1808 2234 1907 2289 ἕνα

315 2324 454 2378 Θεὸν
480 2325 703 2397 Πατέρα
740 2328 1182 2399 παντοκράτορα,
1217 2348 1237 2379 ι
1284 2328 1592 2399 ὑπήγαγον,
1627 2347 1646 2381 ι
1678 2328 1789 2382 Καὶ
1823 2330 1905 2393 είς

316 2414 418 2468 ἕνα
453 2414 659 2486 Κύριον
704 2416 911 2487 Ἰησοῦν
940 2418 1177 2488 Χριστόν
1206 2434 1222 2450 ο
1256 2437 1276 2471 ι
1308 2420 1373 2474 σὺ
1404 2419 1463 2472 δὲ
1492 2419 1587 2483 τὸ,
1617 2418 1727 2473 ἕνα
1749 2458 1766 2487 ,
1811 2418 1911 2488 ὐφ-

318 2501 579 2576 ελὸμενος
611 2506 742 2577 περὶ
774 2506 869 2561 τοῦ
905 2508 1037 2562 Υίοῦ
1087 2509 1414 2581 εἰρημένον.
1460 2510 1528 2563 ἐκ
1560 2510 1658 2580 τῆς
1699 2508 1910 2579 κλοπῆς

315 2596 529 2667 ταύτης
553 2596 725 2665 θύραν
748 2597 986 2668 άνοίγεις
1005 2601 1070 2670 τῇ
1101 2597 1278 2670 πλάνῃ
1304 2615 1320 2629 ·
1352 2599 1419 2653 ἶν’
1452 2601 1627 2653 εἰπεῖν
1651 2599 1908 2670 δυνηθῇς,

318 2685 419 2741 καὶ
434 2686 564 2742 Υίοῦ
577 2682 928 2760 καῖ’Χριστοῦ
944 2689 1039 2743 δύο
1058 2690 1128 2744 τὰ
1152 2690 1527 2763 σημαινόμενα
1548 2706 1565 2723 ⁸
1589 2690 1759 2745 καὶτὸ
1788 2689 1909 2760 μὲν,
1962 2706 1967 2711 ’

321 2778 487 2850 φύσει
512 2780 613 2852 τὴν
643 2780 833 2853 τιμὴν,
863 2782 925 2835 τὸ
949 2782 1029 2849 δὲ,
1059 2784 1245 2855 χάριτι
1281 2784 1643 2856 κεκτημένον.
1675 2784 1788 2838 Καὶ
1820 2780 1914 2836 οὓ-

320 2887 432 2934 τως
458 2871 769 2943 ἀποστῆσαι
804 2872 1046 2945 δυνηθῇς
1066 2875 1429 2947 Χριστιανοὺς
1455 2874 1636 2929 σέϐειν
1659 2873 1751 2928 τὸν
1774 2872 1914 2948 ὑπὲρ

320 2961 484 3032 ἡμῶν
516 2963 958 3035 ἐσταυρωμένον,
1007 2964 1086 3030 ὡς
1119 2966 1262 3021 κατά
1291 2966 1451 3039 χάριν
1474 2966 1627 3039 παρά
1658 2967 1791 3030 τοὺς
1817 2965 1915 3020 άλ-

322 3048 453 3114 λους
492 3051 858 3123 τετιμημένον
904 3052 1057 3125 παρά
1103 3054 1262 3110 Θεοῦ.
1291 3057 1430 3121 «Τοῖς
1479 3057 1591 3129 γὰρ
1627 3056 1809 3127 ἔχουσι
1854 3056 1916 3111 τὸ

322 3140 469 3197 κατά
512 3141 711 3211 φύσιν,
745 3144 808 3198 οὐ
844 3146 1005 3219 χρεία
1033 3146 1130 3202 τοῦ
1158 3148 1299 3203 κατά
1343 3149 1505 3221 χάριν
1549 3149 1709 3203 Θεοῦ.
1756 3148 1911 3221 Ὀπη

324 3249 419 3302 μοι
466 3234 560 3289 καὶ
601 3235 906 3307 θαυμάζειν
936 3238 1232 3310 ἐπέρχεται
1256 3280 1272 3306 ,
1318 3239 1440 3305 πῶς
1473 3239 1544 3294 τὰ
1575 3239 1767 3312 καίρια
1810 3239 1910 3311 τῆς
1936 3225 1981 3284 (ἶ

320 3325 433 3379 τῶν
488 3326 749 3398 Πατέρων
805 3329 1077 3395 ἐκθέσεως
1123 3328 1419 3404 Νεστόριος
1473 3316 1763 3404 περιελὼν,
1824 3332 1914 3387 ἵνα

320 3414 499 3471 ταῦτα
528 3420 919 3494 κατασκευάσῃ
944 3461 960 3487 ,
1000 3424 1067 3493 τῇ
1096 3422 1312 3477 ἐκθέσει
1336 3423 1434 3494 τῆς
1461 3422 1700 3487 πίστεως
1729 3421 1912 3478 αὐτῶν

322 3506 671 3573 ξυντίθεσθαι
690 3509 859 3580 λέγει.
896 3513 960 3565 Et
984 3512 1092 3585 γὰρ
1121 3512 1424 3578 ξυντίθεται
1447 3515 1564 3576 τοῖς
1598 3511 1913 3586 εἰρημένοις

324 3597 404 3668 μὴ
441 3599 696 3653 κλαπέτω
727 3600 788 3654 τὸ
816 3601 1177 3672 καιριώτερον
1195 3618 1210 3633 ο
1238 3604 1287 3656 εί
1308 3603 1365 3656 δὲ
1383 3603 1484 3674 τῆς
1507 3603 1776 3668 ἐκθέσεως
1806 3604 1917 3659 τῶν

320 3687 588 3759 Πατέρων
624 3691 871 3763 ὑφαιρεῖ,
896 3692 926 3746 ὃ
962 3691 1062 3763 τὴν
1099 3690 1281 3747 αὐτῶν
1322 3693 1556 3766 μάλιστα
1598 3695 1781 3749 πίστιν
1807 3695 1906 3767 δη-

321 3779 444 3844 λοῖ,
477 3781 554 3845 ὡς
601 3785 725 3847 ταῖς
761 3787 881 3848 σαῖς
913 3780 1146 3850 ἐννοίαις
1191 3784 1474 3856 πολέμιον,
1527 3787 1644 3852 πῶς
1679 3786 1906 3859 συμφω-

322 3874 436 3926 νεῖν
473 3872 657 3947 λέγῃς,
688 3871 772 3939 οἷς
797 3874 1081 3931 πείθεσθαι
1122 3876 1198 3949 μὴ
1232 3874 1394 3952 θέλῃς
1415 3895 1431 3945 ;
1456 3878 1594 3934 ἀλλὰ
1617 3862 1811 3949 δέλεαρ
1837 3876 1911 3950 τῇ

321 3963 520 4018 ἑαυτοῦ
566 3965 747 4039 πλάνῃ
786 3966 848 4021 τὸ
894 3968 1003 4021 τῶν
1049 3969 1313 4041 Πατέρων
1354 3969 1576 4043 ἀξίωμα
1628 3970 1907 4042 περιθεὶς,

321 4055 502 4128 τούτῳ
534 4059 672 4130 πρὸς
704 4056 803 4130 τῆν
839 4060 1059 4133 ἀπάτην
1087 4062 1267 4127 ἕλκεις
1295 4063 1425 4127 τοὺς
1461 4048 1869 4135 ἁπλουστέρους
1889 4078 1911 4094 ⁸·

325 4148 731 4217 προὸάλλεσθαι
778 4151 878 4222 μὲν
929 4152 1116 4207 πίστιν
1166 4155 1403 4233 ἀρχαίαν
1454 4155 1909 4226 σκηπτούμενος,

327 4239 504 4312 αὐτὴν
535 4241 594 4296 δὲ
639 4242 848 4314 ταύτην
891 4246 1031 4318 πρὸς
1061 4242 1161 4316 τὴν
1190 4247 1385 4302 ἑαυτοῦ
1418 4248 1627 4317 πλάνην
1657 4251 1779 4313 ταῖς
1802 4247 1911 4301 τῶν

244 4355 258 4365 ν
324 4332 506 4401 λόγων
536 4334 765 4400 κλοπαῖς
790 4337 1186 4409 παρατρέπων.

2005 1968 2106 2037 cis,
2134 1967 2276 2023 Filii.
2304 1967 2410 2023 Sed
2438 1967 2828 2041 deprehensus
2844 1981 2906 2020 es
2931 1965 2988 2019 in
3021 1962 3190 2028 furto,
3222 1977 3255 2016 ο
3287 1961 3433 2015 bone
3462 1959 3547 2013 vir
3571 1973 3586 2011 :

2004 2059 2340 2131 subtrahens
2359 2058 2438 2133 id,
2488 2058 2636 2129 quod
2682 2057 2738 2112 in
2785 2042 2893 2111 ﬁde
2938 2063 3126 2133 nostra
3170 2052 3435 2125 praecipui
3466 2065 3588 2106 mo-

2006 2130 2183 2206 menti
2212 2157 2318 2206 est.
2348 2130 2541 2221 Neque
2578 2150 2728 2205 enim
2770 2147 2850 2203 illi
2875 2130 3169 2202 dixerunt:
3206 2144 3592 2223 Credimustet

2006 2243 2065 2298 in
2104 2242 2401 2298 Dominum
2436 2241 2627 2298 Jesum
2656 2240 2962 2306 Christum,
2988 2245 3050 2294 ut
3076 2247 3133 2294 tu
3157 2235 3415 2292 falsarius
3441 2231 3583 2315 aﬁlr-

2007 2351 2160 2406 mas;
2212 2335 2308 2391 sed
2341 2334 2625 2391 dicentes:
2671 2342 2691 2386 ι
2738 2332 3035 2389 Credimus
3082 2331 3140 2387 in
3178 2345 3363 2405 unum
3415 2329 3590 2384 Deum

2007 2427 2225 2482 Patrem
2275 2423 2747 2495 omnipotentem;
2806 2441 2825 2474 ι
2879 2419 3324 2497 subjungebant:
3367 2437 3385 2470 ι
3419 2425 3477 2474 et
3534 2417 3593 2472 in

2009 2534 2183 2575 unum
2212 2496 2510 2573 Dominum
2554 2516 2743 2572 Jesum
2772 2513 3078 2589 Christum.
3115 2532 3134 2565 ι
3169 2512 3252 2567 Tu
3276 2526 3413 2566 vero
3457 2509 3593 2566 sul)-

2008 2616 2189 2665 tracta
2216 2621 2372 2673 voce,
2397 2622 2587 2670 unum,
2613 2598 2738 2675 qua:
2765 2604 2833 2660 de
2871 2602 3014 2659 Filio
3040 2601 3189 2658 dicta
3244 2601 3446 2666 fuerat,
3483 2599 3594 2654 hoc

2009 2699 2161 2773 furto
2189 2699 2415 2771 ianuam
2444 2697 2624 2752 errori
2649 2697 2858 2767 aperis:
2891 2707 2952 2750 ut
2977 2694 3165 2751 dicere
3196 2708 3388 2763 flueas,
3411 2699 3470 2747 et
3493 2706 3594 2746 vo-

2011 2792 2094 2847 cis
2121 2790 2267 2856 Filii,
2310 2799 2369 2848 et
2403 2788 2611 2845 Christi
2635 2789 2774 2844 duas
2798 2803 2923 2843 esse
2946 2780 3397 2858 signiﬁcationes,
3455 2797 3595 2853 qua-
3634 2848 3645 2871 ί

2011 2898 2138 2939 rum
2183 2884 2365 2938 altera
2396 2890 2621 2947 natura,
2649 2881 2824 2936 altera
2865 2879 3041 2951 gratia
3079 2877 3377 2950 gloriosum
3406 2884 3596 2931 osten-

2013 2973 2131 3039 dat,
2166 2980 2225 3030 et
2249 2981 2308 3028 ut
2346 2973 2451 3028 hac
2477 2972 2692 3028 ratione
2735 2970 3079 3028 Christianos
3107 2968 3373 3026 seducere
3399 2965 3596 3037 possis.

2013 3079 2086 3120 ne
2117 3079 2220 3134 pro
2266 3060 2430 3118 nobis
2471 3062 2801 3119 cruciﬁxum
2833 3061 3048 3126 colant;
3086 3058 3292 3130 quippe
3330 3072 3433 3128 per
3470 3070 3597 3127 gra-

2014 3156 2148 3211 tiam
2177 3170 2289 3226 pra:
2312 3155 2438 3210 aliis
2467 3169 2497 3208 a
2522 3155 2637 3209 Deo
2670 3154 2846 3224 gleria
2882 3161 3160 3207 ornatum.
3202 3150 3275 3205 lis
3310 3148 3460 3204 enim
3502 3146 3600 3218 qui

2011 3264 2113 3320 per
2136 3256 2395 3303 naturam
2417 3228 2550 3316 quid
2594 3245 2890 3307 obtinent,
2929 3257 3040 3298 non
3076 3257 3217 3311 opus
3244 3248 3350 3302 est,
3379 3229 3444 3292 ut
3496 3232 3599 3291 hal-

2009 3340 2181 3396 beant
2201 3354 2301 3410 per
2329 3334 2564 3410 gratiam
2618 3335 2739 3391 Dei.
2792 3335 2899 3392 Ubi
2954 3332 3122 3388 etiam
3175 3326 3367 3386 mirari
3425 3327 3597 3392 subit,

2010 3432 2235 3504 quinam
2261 3430 2554 3488 Nestorius
2570 3444 2637 3485 ea
2666 3444 2790 3499 qua:
2817 3425 3094 3498 praecipue
3119 3423 3188 3480 ad
3216 3439 3331 3479 rem
3363 3414 3597 3484 faciunt,

2009 3540 2082 3581 ex
2111 3525 2336 3579 Patrum
2359 3519 2705 3592 expositione
2729 3519 3088 3582 subtrahens,
3128 3524 3191 3571 ut
3220 3504 3443 3584 obtegat
3479 3506 3601 3567 haec

2012 3617 2156 3688 ipsa,
2185 3631 2306 3672 sese
2323 3614 2731 3691 expositionem
2758 3611 2885 3667 ﬁdei
2909 3611 3155 3680 ipsorum
3172 3606 3411 3689 probare
3430 3601 3597 3691 dicat.
3630 3655 3639 3665 ,

2010 3684 2070 3765 Si
2097 3707 2247 3764 enim
2287 3684 2490 3778 probet
2512 3721 2636 3776 qua:
2662 3704 2875 3767 dixere,
2911 3717 3023 3756 non
3049 3684 3340 3755 subtrahat
3364 3690 3416 3748 id
3449 3690 3600 3764 quod

2013 3800 2249 3855 maxime
2275 3798 2346 3854 ad
2374 3812 2495 3854 rem
2532 3795 2780 3868 pertinet
2810 3812 2825 3849 :
2853 3793 2899 3849 si
2929 3800 3114 3848 autem
3150 3790 3218 3845 de
3244 3790 3469 3845 Patrum
3504 3802 3601 3841 ex-

2013 3884 2292 3958 positione
2342 3883 2399 3939 id
2446 3883 2747 3949 subtrahit,
2782 3881 2933 3953 quod
2989 3880 3152 3934 ﬁdem
3210 3878 3455 3949 ipsorum
3491 3891 3579 3930 ma

2014 3975 2163 4031 xime
2183 3973 2411 4038 indicat,
2437 3980 2700 4044 tanquam
2723 3966 3087 4042 opinionibus
3113 3967 3229 4023 suis
3253 3962 3600 4037 repugnans;

2016 4066 2154 4139 quid
2178 4081 2301 4122 eum
2333 4065 2444 4120 illis
2472 4074 2527 4120 te
2560 4063 2878 4121 consentire
2906 4061 3071 4127 dicis,
3138 4058 3343 4131 quibus
3382 4057 3602 4113 obtem-

2014 4174 2211 4230 perare
2244 4173 2356 4212 non
2380 4157 2538 4213 velis.
2590 4154 2696 4211 Sed
2747 4147 2974 4210 Patrum
3017 4146 3404 4207 ancteritatem
3429 4147 3601 4205 veluti

2012 4265 2197 4305 eseam
2246 4249 2471 4319 proprio
2500 4242 2679 4302 errori
2723 4260 3031 4317 apponens,
3080 4238 3453 4315 simpliciores
3499 4240 3605 4296 hac

1945 4327 1995 4386 D
2022 4341 2139 4412 ipsa
2172 4340 2228 4394 in
2252 4355 2507 4396 errorem
2551 4326 2763 4393 trahis:
2809 4337 3077 4393 simulans
3105 4335 3331 4407 quidem
3364 4330 3418 4389 te
3454 4332 3603 4388 anti-

323 4441 494 4496 quam
556 4427 905 4498 praetendere
952 4427 1151 4495 ﬁdem;
1190 4428 1289 4484 sed
1338 4429 1408 4484 ad
1456 4428 1744 4500 proprium
1804 4428 2055 4485 errorem
2098 4430 2397 4485 verborum
2451 4418 2930 4484 subtractionibtts
2964 4443 3085 4482 eam
3136 4434 3480 4498 pervertens.

398 4517 500 4572 lB'.
544 4519 762 4590 Ἐπειδὴ
800 4519 860 4574 δὲ
899 4520 996 4574 καὶ
1021 4519 1184 4584 αὐτὸς
1222 4519 1285 4574 τὺ
1326 4521 1537 4592 Ἰησοῦς
1600 4520 1775 4593 ὄνομα
1815 4521 1916 4593 τῆς

325 4606 619 4679 ἀνθρώπου
649 4608 864 4679 φύσεως
891 4610 1060 4681 μόνης
1086 4611 1463 4682 προσηγορίαν
1491 4612 1671 4666 καλεῖ·
1699 4613 1913 4684 ταύτην

325 4698 439 4771 γὰρ
470 4698 642 4767 ἔθετο,
675 4701 828 4772 φησι,
855 4700 955 4773 τὴν
977 4701 1274 4772 ὀνομασίαν
1308 4703 1342 4774 ἡ
1371 4702 1647 4775 Παρθένος
1673 4698 1753 4774 τῷ
1784 4686 1912 4776 βρέξ-

326 4807 442 4860 (pst,
473 4793 619 4848 κατὰ
654 4793 907 4865 χρησμὸν
930 4793 1026 4847 τοῦ
1066 4793 1301 4869 ἀγγέλου
1332 4794 1618 4864 λέγοντος·
1656 4812 1677 4847 ι
1730 4796 1912 4851 Καλέ-

328 4899 446 4946 σεις
474 4882 537 4936 τδ
572 4882 744 4954 ὄνομα
773 4884 940 4939 αὑτοῦ
984 4885 1224 4956 Ἰησοῦν·
1275 4904 1295 4939 ι
1333 4888 1446 4941 Καὶ
1473 4886 1632 4941 τοῦτο
1667 4886 1914 4958 στρέφων

2087 4504 2204 4575 XII.
2232 4518 2506 4588 Quoniam
2540 4534 2675 4575 vero
2702 4519 2849 4575 idem
2895 4518 2987 4574 ille
3022 4534 3224 4574 nomen
3274 4518 3405 4575 Jesu
3432 4517 3609 4573 solius

2017 4611 2275 4667 humanm
2317 4602 2528 4666 natura:
2584 4610 3015 4681 appellationem
3059 4616 3252 4665 vocat:
3307 4609 3415 4663 hoc
3458 4601 3607 4664 enim

2019 4719 2243 4768 nomen,
2285 4692 2489 4775 inquit,
2538 4702 2806 4774 imposuit
2831 4704 3000 4775 Virgo
3037 4701 3257 4767 infanti,
3302 4701 3607 4757 secundum

2017 4796 2195 4868 angeli
2246 4795 2720 4866 p‘rmdicationem,
2755 4792 3024 4850 dicentis:
3064 4814 3083 4845 ι
3124 4788 3361 4850 Vocabis
3404 4809 3608 4849 nomen

2015 4889 2138 4959 ejus
2163 4874 2352 4943 Jesum
2379 4889 2420 4919 ¹¹
2454 4905 2466 4940 :
2514 4907 2532 4938 ι
2566 4896 2624 4942 et
2647 4887 2765 4942 hazc
2793 4885 3060 4941 continuo
3099 4886 3154 4940 in
3179 4900 3275 4941 ore
3305 4899 3530 4938 versans
3555 4884 3609 4940 in
3726 4882 3742 4925 ε

328 4971 571 5043 ξυνεχῶς
612 4974 672 5029 ὲν
702 4974 788 5041 τῷ
816 4975 953 5044 πρὸς
988 4975 1081 5029 τὸν
1117 4975 1290 5046 μέγαν
1336 4978 1430 5031 καὶ
1463 4977 1765 5045 ἁγιώτατον
1793 4978 1909 5033 ἐπί-

2017 4995 2120 5034 suo
2154 4979 2423 5034 adversus
2452 4992 2713 5050 magnum
2745 4984 2803 5033 et
2829 4968 3244 5033 sanctissimum
3285 4971 3610 5043 episcopum

329 5081 537 5119 σκοπον
566 5066 835 5137 Κύριλλον
879 5066 1213 5138 γράμματι,
1254 5068 1439 5134 λέγει·
1476 5068 1584 5122 Τοῦ
1623 5070 1680 5124 δὲ
1738 5071 1909 5140 Ἰησοῦ

2015 5069 2287 5143 Cyrillum
2327 5069 2535 5141 scripto
2581 5067 2691 5124 ait:
2752 5085 2771 5120 ι
2808 5067 2947 5124 Cum
2983 5078 3115 5137 ergo
3147 5070 3313 5120 natus
3344 5071 3495 5117 esset
3518 5062 3612 5117 Je-

326 5156 684 5226 γεννηθέντος
719 5160 777 5213 έν
822 5159 1071 5228 Βηθλεὲμ
1095 5159 1196 5230 τῆς
1232 5159 1529 5243 Ἰουδαίας·
1568 5181 1587 5214 ι
1622 5162 1720 5215 καὶ
1764 5162 1909 5233 ἑξῆς.

2016 5177 2111 5217 sus
2150 5161 2208 5215 in
2246 5161 2530 5217 Bethleem
2555 5160 2729 5218 Judte.
2771 5177 2790 5210 ι
2830 5159 2877 5190 ’⁸
2920 5157 3091 5212 Item:
3128 5174 3146 5205 ι
3204 5154 3280 5208 De
3305 5168 3411 5223 qua
3446 5161 3614 5207 natus

334 5265 355 5293 σ
409 5246 712 5325 Ἐγεννήθη
739 5250 769 5301 ὁ
791 5249 997 5321 Κύριος
1030 5249 1190 5319 ἡμῶν
1226 5248 1434 5320 Ἰησοῦς
1462 5248 1700 5323 Χριστὸς
1720 5291 1735 5314 ,
1776 5274 1793 5304 ι
1825 5254 1909 5306 καλ

2019 5260 2106 5307 est
2156 5251 2422 5312 Dominus
2477 5251 2639 5305 Jesus
2678 5247 2952 5303 Christus.
2985 5264 3005 5297 ι
3036 5244 3083 5277 ’³
3112 5245 3287 5300 Item:
3329 5262 3347 5290 ι
3382 5244 3615 5299 Invene-

341 5356 364 5387 ι
408 5331 590 5409 Ηῦρον
646 5339 740 5421 cev
781 5339 990 5413 Ἰησοῦν
1033 5342 1093 5394 ὲν
1138 5341 1290 5413 μέσῳ
1329 5342 1442 5398 τῶν
1486 5342 1858 5399 διδασκάλων·
1894 5366 1909 5397 ι

2025 5353 2155 5396 runt
2183 5343 2371 5398 Jesum
2402 5342 2457 5397 in
2488 5341 2670 5396 medio
2686 5336 2978 5394 doctorum
3011 5337 3093 5403 “;
3135 5355 3153 5388 ο
3188 5335 3396 5406 ubique
3420 5334 3611 5405 appel-

330 5425 609 5498 πανταχοῦ
626 5427 725 5497 τὴν
740 5428 1088 5499 ἀνθρωπείαν
1115 5427 1277 5498 φύσιν
1291 5430 1480 5515 τῇῥτοῦ
1510 5431 1716 5503 Ἰησοῦς
1747 5451 1909 5506 προσ·

2021 5426 2228 5491 latione
2268 5424 2399 5492 Jesu
2447 5434 2745 5489 humanam
2783 5438 3037 5486 naturam
3078 5428 3360 5501 indigitari
3396 5429 3610 5482 volens.

333 5517 538 5591 ηγορίᾳ
574 5518 862 5575 καλεῖσθαι
913 5519 1257 5592 βουλόμενος.
1287 5522 1431 5594 Ὅρα
1455 5523 1573 5589 πῶς
1598 5527 1631 5595 ἠ
1673 5525 1785 5579 τῶν
1810 5527 1909 5580 Πα⁴

2023 5527 2167 5583 Ecce
2192 5537 2253 5582 ut
2278 5527 2501 5581 Patrum
2530 5522 2751 5580 traditio
2767 5521 3015 5579 unanimi
3038 5518 3304 5594 suffragio
3327 5522 3469 5576 hanc
3490 5520 3612 5590 ejus

336 5609 517 5683 τέρων
545 5611 845 5683 παράδοσις
877 5611 1164 5685 πανψηφελ⁸
1191 5612 1470 5681 παντελῶς
1508 5616 1713 5688 ταύτην
1754 5619 1909 5674 αὑτοῐ

2024 5619 2360 5676 sententiam
2385 5618 2617 5675 omnino
2643 5616 2951 5674 subvertat.
2972 5614 3111 5672 Nam
3142 5615 3300 5671 illum
3327 5613 3507 5686 ipsum
3543 5624 3611 5667 ex

410 5784 458 5817 ¹¹
498 5784 631 5842 Luc.
667 5801 705 5853 ι,
745 5784 832 5842 31.
906 5786 951 5820 ’³
987 5784 1181 5843 Matth.
1214 5801 1272 5853 η,
1314 5786 1363 5841 l.
1441 5789 1485 5822 "
1510 5788 1702 5847 Matth.
1728 5806 1767 5858 ι,
1799 5791 1883 5847 l6.

2034 5791 2170 5848 Luc.
2197 5807 2254 5859 n,
2281 5791 2369 5847 46.
