4076 6434
512 377 650 444 1351

1502 390 1505 391 ⁷
1620 379 1969 446 THEODOTI
2010 390 2316 447 EPISCOPI
2354 388 2701 453 ANCYRANI

3649 394 3785 455 1532

503 507 664 561 l‘atrc
714 513 926 565 natum,
974 492 1509 561 consubstantialem
1554 507 1729 572 Patri,
1782 515 1838 561 et
1881 508 2082 562 Iesum

2201 509 2502 583 ἀνατρέπει
2538 513 2635 584 τὴν
2681 511 2910 568 ἔννοιαν.
2963 513 3134 568 Λύτδν
3178 514 3287 585 γὰρ
3335 513 3427 567 τὸν
3460 513 3527 567 ἐκ
3571 515 3782 585 [ἰατρὸς

500 602 556 650 et
597 594 905 659 Christum,
946 602 1003 649 ct
1043 594 1243 650 Filium
1291 597 1386 651 Dei
1422 586 1809 667 appellarunt:
1839 599 2093 669 nuspiam

500 686 744 741 alterum
797 686 866 742 ab
919 687 1192 743 alterutro
1247 689 1689 759 proprietatibus
1747 698 2089 761 separantes.

497 778 634 835 Nam
670 787 801 833 cum
847 778 1138 835 dicerent:
1180 797 1199 831 ι
1252 774 1629 836 Credimuset
1663 782 1719 836 in
1766 796 1936 836 unum
1982 782 2093 837 Do-

496 871 705 924 minum
729 870 917 925 Jesum
955 869 1260 935 Christum,
1304 890 1321 922 ι
1362 871 1803 943 subjungebant,
1841 889 1860 922 ι
1893 872 2093 927 Filium

496 960 624 1015 Dei:
669 980 687 1010 ι
720 961 872 1015 hunc
904 961 1088 1031 ipsum
1131 961 1528 1033 intelligentcs,
1556 978 1626 1017 ne
1657 964 1828 1018 alium
1862 963 2092 1034 quidem

494 1053 663 1116 hunc,
687 1053 857 1108 aliu'm
881 1054 1304 1126 verointelligas
1324 1055 1479 1110 illum
1505 1054 1883 1127 Unigenitum,
1900 1065 2092 1111 natum

493 1146 559 1199 et
587 1138 767 1208 Patre,
801 1143 909 1199 hoc
932 1154 1019 1200 est
1059 1162 1127 1200 ex
1159 1145 1468 1201 substantia
1520 1145 1728 1200 Patris:
1756 1160 1940 1205 unum
1978 1145 2091 1200 sci-

495 1238 647 1301 licet,
680 1245 848 1307 atque
878 1237 1163 1293 eumdem.
1213 1238 1351 1293 Nam
1400 1238 1617 1293 etiamsi
1643 1237 1855 1307 aliquid
1879 1237 2086 1302 dicant,

496 1330 644 1400 quod
684 1347 796 1386 non
840 1331 1203 1402 intelligimus
1265 1329 1573 1385 secundum
1615 1336 1900 1394 naturam;
1958 1328 2090 1383 unio

498 1432 687 1479 tamen
717 1416 774 1479 id
820 1425 1000 1497 ipsum
1044 1439 1238 1479 verum
1281 1438 1407 1478 esse
1451 1420 1716 1477 ostendit.
1749 1420 1990 1491 Ideoque
2020 1420 2089 1476 de

498 1507 639 1571 Filio
691 1516 979 1571 dicebant:
1031 1515 1201 1570 Deum
1241 1514 1307 1568 de
1349 1511 1481 1579 Deo,
1521 1512 1702 1568 lumen
1749 1514 1815 1567 de
1869 1512 2087 1578 lumine,

495 1602 666 1664 [Icum
707 1626 887 1664 verum
920 1609 984 1663 de
1017 1609 1128 1664 Deo
1161 1624 1305 1674 vero,
1353 1606 1861 1663 consubstantialem
1910 1606 2087 1672 Patri,

496 1720 589 1773 per
622 1719 775 1773 quem
804 1705 985 1757 omnia
1020 1703 1165 1773 facta
1187 1710 1334 1757 sunt.
1362 1701 1524 1758 Hunc
1544 1701 1804 1757 eumdem
1827 1716 1953 1757 cum
1979 1701 2088 1756 isto

496 1791 1378 1865 intelligentes:quandoquidem
1404 1807 1530 1848 cum
1575 1792 1735 1863 prius
1766 1799 1915 1848 esset
1959 1791 2087 1855 iste,

495 1882 671 1940 factus
693 1891 776 1940 est
806 1885 916 1940 hic.
951 1884 1301 1955 Quapropter
1323 1900 1527 1939 nomen
1556 1884 1689 1941 Jesu
1714 1884 1783 1939 ad
1801 1884 2085 1955 Unigeniti

493 1975 954 2048 signiﬁcationem
1002 1976 1317 2048 proferunt,
1364 1992 1537 2032 unum
1576 1976 1948 2048 eumdemque
1981 1977 2088 2034 sci-

491 2071 672 2134 entes,
708 2079 765 2125 et
789 2071 965 2124 Deum
993 2069 1260 2136 Verbum,
1300 2078 1357 2124 et
1387 2068 1670 2124 hominem
1714 2068 1941 2126 factum.

562 2156 703 2213 Xlll.
731 2158 1025 2214 Nestorius
1049 2169 1234 2214 autem
1283 2159 1470 2215 Jesum
1511 2159 1684 2215 veluti
1714 2160 1858 2216 lacte
1907 2161 2087 2215 nutri-

495 2250 613 2302 tum
639 2245 800 2300 nihili
836 2246 995 2302 facit:
1025 2256 1083 2303 et
1114 2257 1176 2303 ut
1207 2248 1370 2303 annis
1416 2258 1759 2305 crescentem
1811 2250 2081 2321 despicit:

490 2336 629 2392 etut
672 2338 1155 2395 cir‘cumcisionem
1185 2341 1584 2412 suscipientem
1612 2342 1817 2399 dcitate
1865 2344 2081 2413 privat:

490 2438 601 2484 non
631 2426 853 2485 deitatis
877 2430 1027 2486 illius
1053 2432 1400 2503 majestatem
1426 2433 1671 2501 lzedens;
1714 2434 1811 2489 sed
1845 2435 1964 2505 ipse
1998 2451 2086 2491 se-

491 2521 785 2591 metipsum
829 2532 885 2577 et
912 2523 1087 2594 gloria
1118 2533 1176 2579 et
1215 2524 1392 2580 salute
1426 2525 1673 2596 privans.
1701 2526 1769 2581 Et
1805 2525 1938 2580 dum
1968 2526 2087 2582 haec

490 2601 648 2679 dicit,
681 2608 807 2670 ﬁdei
831 2617 1179 2686 expositione
1216 2631 1275 2672 se
1316 2616 1419 2671 niti
1444 2617 1541 2671 ait.
1567 2616 1678 2672 Sed
1733 2618 1944 2674 Nicami
1976 2619 2081 2675 Pa-

400 2742 408 2750 ο
489 2718 626 2776 tres,
662 2724 697 2763 ο
721 2708 865 2764 bone
889 2709 997 2775 vir,
1018 2707 1207 2765 Jesum
1224 2725 1336 2765 non
1362 2718 1475 2764 tam
1506 2710 1914 2766 contumeliose
1948 2719 2069 2766 tra-

487 2797 739 2853 ctarunt:
770 2799 868 2855 sed
885 2800 1349 2870 vocabantipsum
1375 2799 1573 2855 Filium
1596 2801 1693 2856 Dei
1717 2801 2083 2872 unigenitum,

489 2887 761 2960 g‘c’nitum,
788 2906 899 2945 nou
923 2890 1153 2955 factum,
1188 2892 1729 2947 consubstantialem
1760 2892 1970 2948 \Patri:
2016 2910 2084 2950 eo

489 2972 640 3051 quod
702 2979 1012 3035 arctissima
1070 2981 1202 3035 unio
1254 2982 1559 3036 secundum
1617 2981 2083 3051 dispensationem

488 3070 642 3127 hunc
668 3072 823 3128 illum
848 3072 1069 3129 etliciat.
1096 3073 1557 3145 Quandoquidem
1582 3083 1638 3129 et
1662 3073 1765 3129 iste
1789 3084 1951 3130 antea
1972 3092 2082 3131 non

490 3170 757 3233 mutatus,
777 3166 958 3224 factus
985 3176 1071 3224 est
1092 3168 1202 3224 hic.
1224 3169 1345 3223 Non
1364 3169 1513 3224 enim
1535 3179 1778 3224 mutatus
1801 3172 2081 3241 cstquoad

490 3268 764 3326 naturam,
787 3260 884 3316 sed
908 3260 1239 3317 mirabiliter
1260 3261 1447 3317 eﬂecit
1472 3261 1905 3332 dispensationis
1923 3265 2084 3319 unio-

488 3364 642 3407 uem.
687 3350 1042 3423 Quapropter
1067 3352 1245 3407 sancti
1278 3352 1471 3408 Patres
1510 3361 1635 3423 post
1678 3352 1938 3409 unionem
1985 3354 2083 3409 Dei

487 3439 558 3495 ad
585 3441 867 3497 hominem
889 3445 1128 3513 nonjam
1154 3442 1394 3512 amplius
1408 3442 1548 3497 duas
1575 3458 1665 3498 res
1686 3443 2079 3515 intelligentes,

488 3532 690 3588 merito
710 3548 838 3587 cum
853 3532 1044 3590 Jesum
1064 3533 1283 3600 dicunt,
1305 3534 1479 3589 Deum
1501 3534 1747 3590 Verbum
1767 3535 2080 3609 designant,

486 3628 545 3678 et
577 3622 883 3680 secundum
911 3624 1226 3695 theologum
1290 3624 1614 3695 loquentes:
1662 3627 1903 3684 Verbum
1932 3629 2082 3700 quod

487 3712 667 3769 oculis
682 3714 999 3782 videbatur,
1018 3712 1207 3771 Jesum
1229 3718 1665 3788 interpretantur
1691 3736 1832 3775 :non
1850 3720 2084 3776 confun—

488 3797 686 3861 dentes
709 3813 956 3872 naturas,
982 3806 1077 3861 sed
1100 3807 1363 3863 unionem
1382 3808 1764 3865 ostendentes.
1780 3811 2084 3881 Propterea

485 3896 676 3953 Jesum
707 3895 893 3954 Maria:
920 3893 1120 3954 Filium
1167 3916 1235 3955 ex
1280 3899 1393 3955 Deo
1444 3901 1715 3970 genitum,
1743 3910 1938 3956 etnon
1967 3900 2084 3956 etii-

486 3999 683 4059 ctum;
736 3990 866 4046 item
904 3990 1198 4046 Dominum
1266 3990 1455 4063 gloria:
1519 3991 1842 4047 cruciﬁxum
1911 4006 2084 4047 sacra:

486 4072 711 4139 Littera:
742 4081 1036 4148 atlirmant,
1063 4084 1233 4138 Paulo
1260 4083 1481 4139 dicente
1513 4100 1525 4137 :
1570 4103 1587 4135 ι
1618 4084 1674 4139 Si
1702 4084 1853 4138 enim
1880 4098 2084 4154 cogno-

485 4164 716 4238 vissent,
770 4190 1120 4245 nequaquam
1173 4170 1470 4229 Dominum
1524 4173 1713 4246 gloria:
1772 4174 2083 4230 cruciﬁxis-

484 4268 711 4334 sent”;
744 4287 763 4318 ι
796 4276 856 4321 ιιι
885 4267 1193 4322 secundum
1223 4265 1365 4321 nihil
1392 4265 1622 4321 omnino
1652 4262 1946 4321 Dominum
1966 4267 2081 4338 glo-

487 4360 584 4415 ria:
606 4360 675 4414 ab
692 4376 760 4415 eo
776 4360 872 4430 qui
909 4360 1059 4431 ligno
1085 4358 1279 4414 aﬂlxus
1306 4358 1432 4424 fuit,
1474 4373 1718 4430 separes.
1752 4354 1893 4415 Unio
1928 4358 2078 4415 enim

484 4450 673 4506 ell‘ecit
708 4460 770 4505 ut
804 4448 1047 4506 Verbum
1081 4450 1189 4506 hoc
1238 4450 1580 4520 impassibile
1626 4466 1691 4506 ea
1734 4464 1858 4521 qua:
1905 4451 2080 4522 passi-

2196 603 2527 673 γεννηθέντα
2558 602 2842 674 ὁμοούσιον
2862 603 2937 674 τῷ
2956 605 3130 675 Πατρ“ι
3144 603 3432 670 ἐκάλεσαν,
3452 603 3548 657 καὶ
3577 602 3783 670 Ἰησοῦν

2198 692 2291 744 καὶ
2314 693 2548 763 Χριστὸν
2587 694 2681 747 καὶ
2712 694 2839 747 Υἱδν
2875 694 2970 749 τοῦ
2994 693 3132 747 Θεοῦ
3157 711 3171 725 ’
3199 693 3453 764 μηδαμοῦ
3484 694 3781 765 μηδέτερον

2195 780 2291 835 τοῦ
2319 782 2508 852 ἑτέρου
2540 783 2854 848 διῖστῶντες
2885 787 2999 847 τοῖς
3023 783 3331 856 ίδιώμασιν.
3358 785 3620 848 Εἱπόντες
3651 785 3779 855 γὰρ,

2202 890 2219 923 ι
2263 871 2600 944 ιῐιστεύομεν
2624 873 2721 929 atat
2752 877 2833 937 εἰς
2861 874 2956 927 ἕνα
2980 873 3187 945 Κύριον
3225 872 3437 945 Ἰησοῦν
3466 873 3724 945 Χριστὸν,
3763 894 3782 923 ο

2196 964 2503 1035 ὑπήγαγον·
2524 985 2543 1016 ι
2580 966 2672 1019 τὸν
2702 966 2829 1019 Υίὸν
2850 965 2943 1018 τοῦ
2955 965 3115 1019 Θεοῦ·
3148 985 3167 1017 ι
3197 965 3389 1019 τοῦτον
3405 966 3674 1030 εἰπόντες,
3700 968 3787 1019 ἵνα

2197 1055 2274 1125 μὴ
2304 1055 2494 1127 ἓτερον
2520 1056 2621 1126 μὲν
2640 1057 2856 1119 τοῦτον,
2885 1058 3074 1127 ἕτερον
3100 1057 3158 1111 δὲ
3184 1059 3395 1111 ἐκεῖνον
3420 1060 3568 1128 νοῇς,
3589 1074 3787 1126 γεννη-

2196 1146 2363 1201 θέντα
2398 1149 2463 1201 ὲκ
2498 1148 2594 1202 τοῦ
2632 1149 2847 1221 Πατρὸς
2878 1149 3177 1218 Μονογενῆ·
3214 1149 3307 1203 τὸν
3328 1150 3491 1202 αὐτὸν
3516 1148 3783 1218 δηλονότι,

2195 1239 2341 1292 τοῦτ’
2384 1240 2531 1293 ἔστιν
2554 1242 2621 1294 ἐκ
2643 1244 2745 1313 τῆς
2771 1241 2960 1304 οὐσίας
2980 1241 3075 1295 τοῦ
3106 1243 3334 1311 Πατρός.
3366 1243 3425 1294 Εἰ
3459 1241 3568 1311 γὰρ
3600 1242 3695 1295 καί
3731 1256 3787 1293 τι

2192 1329 2443 1396 λέγουσιν
2472 1330 2500 1385 ὃ
2531 1331 2591 1384 ού
2623 1331 2884 1403 ξύνισμεν
2910 1334 2976 1403 τῇ
3003 1332 3187 1401 φύσει,
3218 1332 3337 1386 ἀλλ’
3366 1334 3399 1403 ὴ
3424 1322 3617 1396 ἕνωσις
3652 1334 3721 1386 αύ
3734 1332 3787 1385 τὸ

2191 1419 2465 1474 δείκνυσιν
2488 1421 2707 1492 ἀληθές.
2727 1421 2819 1476 Διὸ
2842 1422 2937 1475 καὶ
2960 1422 3201 1494 περὶτοῦ
3231 1423 3364 1477 Υἱοῦ
3394 1422 3600 1492 ἔλεγον,
3632 1422 3786 1477 Θεὸν

2191 1512 2262 1567 ἐκ
2294 1513 2445 1567 Θεοῦ
2468 1553 2484 1577 ,
2515 1512 2643 1582 φῶς
2668 1514 2737 1567 ἐκ
2758 1515 2975 1584 φωτὸς,
3014 1514 3166 1569 Θεὸν
3195 1514 3493 1583 ἀληθινὸν
3520 1514 3591 1568 ἐκ
3632 1515 3784 1569 Θεοῦ

2192 1603 2509 1672 ἀληθινοῦ,
2537 1606 2864 1675 όμοούσιον
2891 1605 2972 1672 τῷ
3010 1606 3195 1675 Πατρί
3219 1645 3236 1672 ,
3264 1606 3340 1659 δι’
3371 1602 3446 1663 οὗ
3484 1607 3557 1660 τὰ
3584 1608 3785 1660 πάντα

2191 1694 2451 1764 ἐγένετο.
2495 1695 2696 1750 Τοῦτον
2734 1699 2945 1751 ἐκεῖνον
2974 1696 3223 1762 νοοῦντες
3244 1738 3259 1761 ,
3292 1697 3481 1770 ἐπειδὴ
3514 1698 3784 1771 πρότερον

2192 1787 2423 1853 ἐκεῖνος,
2462 1786 2687 1856 γέγονεν
2718 1782 2894 1853 οὗτος.
2927 1787 3030 1842 Διά
3055 1788 3214 1843 τοῦτο
3256 1789 3321 1843 τὸ
3356 1787 3565 1861 Ἰησοῦς
3609 1792 3692 1853 είς
3716 1791 3782 1843 τὸ

2191 1878 2288 1931 τοῦ
2324 1877 2667 1948 Μονογενοῦς
2698 1881 3099 1951 σημαινόμενον
3134 1880 3378 1953 ἐροῦσιν,
3418 1880 3518 1935 ἕνα
3560 1881 3657 1935 καὶ
3688 1880 3783 1934 τὸν

2193 1966 2358 2021 αὑτὸν
2412 1960 2614 2033 εἰδότες
2672 1968 2806 2023 Θεόν
2849 1987 2909 2023 τε
2961 1969 3135 2037 Λόγον
3188 1970 3285 2025 καὶ
3335 1971 3630 2041 γενόμενον
3684 1970 3783 2025 ἄν·

2194 2057 2434 2131 θρωπον.

2264 2149 2363 2205 lI".
2416 2151 2712 2224 Νεστόριος
2744 2152 2802 2206 δὲ
2847 2151 2940 2206 τὸν
2984 2149 3191 2226 Ἰησοῦν
3237 2155 3315 2218 ὼς
3360 2155 3595 2222 γάλακτι
3643 2169 3785 2224 τρα-

2193 2244 2362 2313 φέντα
2381 2244 2656 2310 ἐξουθενεῖ
2671 2262 2686 2277 ο
2714 2246 2810 2299 καὶ
2827 2247 2903 2310 ὡς
2925 2246 3142 2317 χρόνοις
3170 2246 3472 2318 αὐξηθέντα
3499 2246 3749 2318 ὑπερορᾷ
3766 2262 3781 2277 ·

2194 2336 2289 2389 καὶ
2307 2335 2382 2400 ὡς
2402 2337 2709 2408 περιτομὴν
2730 2336 3024 2409 δεξάμενον
3047 2340 3348 2409 ἀποστερεῖ
3363 2339 3461 2409 τῆς
3487 2338 3741 2408 θεότητος
3763 2352 3778 2368 ⁸

2191 2429 2293 2481 οὐκ
2338 2428 2504 2483 αὐτοῦ
2555 2430 2968 2500 παραϐλωττων
3011 2431 3114 2502 τῆς
3144 2430 3397 2503 θεότητος
3444 2431 3543 2503 τὴν
3575 2432 3739 2499 ἀξίαν
3764 2448 3779 2463 ο

2192 2521 2309 2574 ἀλλ’
2334 2514 2491 2585 οὗτος
2520 2521 2715 2576 ἑαυτὸν
2746 2523 3134 2594 ἀποστερήσας
3158 2525 3254 2577 καὶ
3280 2524 3441 2595 δόξης
3474 2526 3570 2579 καὶ
3600 2541 3783 2594 σωτη-

2195 2613 2336 2683 ρίας.
2377 2612 2487 2666 Καὶ
2513 2613 2691 2666 ταῦτα
2727 2612 2908 2683 λέγων
2939 2616 3007 2685 τῇ
3039 2613 3257 2668 ἐκθέσει
3286 2614 3388 2685 τῆς
3413 2614 3650 2678 πίστεως
3684 2613 3780 2667 λέ·-

2192 2723 2278 2774 γει
2307 2704 2551 2776 θαρρεῖν.
2616 2705 2756 2757 Ἀλλ’
2812 2706 2912 2776 οὐχ
2939 2705 3115 2769 οὕτως
3163 2708 3213 2760 oi
3257 2707 3352 2762 ἐπὶ
3388 2706 3492 2777 τῆς
3539 2707 3783 2783 Νικαίας

2191 2799 2438 2868 Πατέρες
2466 2796 2560 2850 τὸν
2592 2795 2803 2868 Ἰησοῦν
2834 2796 3149 2868 ὲνύῦρισαν,
3179 2798 3459 2869 βέλτιστε⁸
3497 2798 3614 2853 ἀλλ’
3652 2799 3786 2852 ὲ.κά-

2190 2891 2356 2944 λεσαν
2389 2889 2552 2943 αὑτὸν
2587 2888 2719 2943 Υίὺν
2762 2887 2860 2943 τοῦ
2895 2888 3033 2943 Θεοῦ
3071 2895 3339 2961 μονογενῆ
3364 2930 3380 2955 ,
3414 2891 3779 2962 γεννηθέντα,

2190 2983 2251 3037 ού
2296 2980 2593 3051 ποιηθέντα
2624 3022 2639 3045 ,
2669 2981 2958 3053 ὀμοούσιον
2995 2982 3074 3052 τῷ
3120 2983 3296 3053 Πατρί
3322 3000 3336 3015 ο
3368 2985 3468 3054 τῆς
3501 2984 3646 3037 κατά
3676 2984 3783 3055 τὴν

2190 3074 2508 3145 οἰκονομίαν
2551 3073 2959 3145 ἀκριϐεστάτης
2999 3073 3248 3140 ένὼσεως
3276 3075 3465 3130 τοῦτον
3511 3075 3784 3147 ποιούσης

2191 3168 2431 3220 ἐκεῖνον’
2465 3166 2654 3237 ἐπειδὴ
2684 3166 2937 3230 κάκεῖνος
2965 3166 3232 3238 πρότερον
3274 3166 3635 3232 ἀναλλοίωτος
3678 3168 3781 3237 γέ-

2185 3276 2344 3329 γονεν
2385 3251 2561 3323 οὗτος.
2615 3258 2692 3311 Ού
2739 3259 2848 3331 γάρ
2902 3259 3209 3330 μετεϐλήθη
3254 3261 3355 3331 τὴν
3408 3259 3604 3330 φύσιν·
3656 3260 3782 3315 ἀλλ’

2184 3350 2676 3423 ὲθαυματούργησε
2709 3351 2811 3422 τῆς
2842 3353 3154 3423 οἰκονομίας
3182 3352 3282 3423 τὴν
3318 3354 3533 3407 ἕνωσιν.
3571 3354 3781 3407 Οὐκέτι

2184 3436 2279 3496 οῦν
2310 3442 2447 3515 μετά
2476 3442 2576 3513 τήν
2614 3441 2811 3497 ἕνωσιν
2837 3442 2975 3497 Θεοῦ
2998 3443 3135 3515 πρὸς
3155 3444 3443 3517 ἄνθρωπον
3475 3443 3571 3498 δύο
3599 3447 3783 3517 πρᾶγ--

2188 3552 2336 3607 ματα
2358 3536 2653 3607 νοήσαντες
2684 3537 2734 3589 οἱ
2760 3536 3010 3607 Πατέρες
3035 3577 3049 3598 ,
3083 3538 3312 3601 εἰκότως
3351 3537 3561 3610 Ἰησοῦν
3588 3538 3782 3606 λέγον-

2181 3643 2276 3691 τες
2294 3666 2310 3691 ,
2336 3628 2427 3681 τὸν
2454 3627 2589 3681 Θεὸν
2615 3627 2790 3691 Λόγον
2818 3627 3151 3699 σημαίνουσι
3168 3670 3181 3696 ,
3209 3631 3306 3684 καὶ
3339 3629 3486 3683 κατά
3526 3630 3623 3684 τοῦ
3652 3631 3786 3685 θεο-

2184 3719 2346 3787 λόγου
2381 3717 2720 3790 φράζοντες,
2761 3719 2937 3787 Λόγον
2978 3719 3073 3773 τὸν
3114 3718 3394 3791 ὁρώμενον
3439 3719 3649 3793 Ἰησοῦν
3683 3723 3783 3792 έρ-

2187 3810 2518 3883 μηνεύουσιν
2545 3827 2560 3841 ·
2617 3811 2678 3864 οὐ
2715 3810 2817 3874 τάς
2868 3811 3063 3880 φύσεις
3110 3811 3466 3882 συγχέοντες,
3503 3812 3641 3866 ἀ).λά
3679 3813 3781 3884 δη-

2182 3902 2407 3967 λοῦντες
2433 3902 2535 3973 τὴν
2565 3903 2782 3959 ἕνωσιν.
2815 3903 2917 3958 Διά
2939 3903 3103 3958 τοῦτο
3132 3904 3199 3958 ἐκ
3223 3902 3362 3958 Θεοῦ
3395 3904 3774 3976 γεννηθέντα,

2184 3995 2280 4049 καὶ
2313 3994 2375 4047 ού
2408 3992 2703 4066 ποιηθέντα
2729 4035 2744 4058 ,
2773 3993 2864 4049 τὸν
2893 3996 2959 4049 ὲκ
2989 3996 3210 4067 Μαρίας
3264 3996 3494 4066 Ἰησοῦν,
3543 3997 3638 4050 καὶ
3680 3998 3781 4050 τὸν

2183 4084 2390 4161 Κύριον
2420 4087 2522 4158 τῆς
2572 4086 2732 4159 δόξης
2779 4087 3165 4159 σταυρωθῆναι
3214 4087 3469 4156 λέγουσιν
3512 4089 3572 4142 αἱ
3625 4089 3780 4144 θεῖαι

2181 4179 2399 4253 Γραφαὶ
2420 4220 2435 4244 ,
2470 4178 2684 4233 Παύλου
2718 4180 2971 4248 λέγοντος
2994 4196 3008 4210 °
3048 4199 3067 4232 ι
3107 4180 3171 4234 Εἰ
3203 4181 3314 4253 γὰρ
3344 4181 3611 4248 ἔγνωσαν,
3668 4183 3779 4236 οὐκ

2182 4270 2250 4325 ἂν
2282 4268 2373 4323 τὸν
2419 4268 2623 4340 Κύριον
2661 4269 2761 4340 τῆς
2803 4269 2965 4339 δόξης
2998 4269 3354 4342 ἐσταύρωσαν
3381 4288 3395 4303 ·
3437 4291 3456 4321 ι
3491 4271 3579 4326 ἴνα
3625 4273 3780 4327 κατά

2183 4359 2352 4432 μηδὲν
2381 4359 2683 4432 διαστήσῃς
2727 4361 2820 4413 τὸν
2852 4361 3058 4431 Κύριον
3102 4342 3203 4430 τῆς
3235 4362 3427 4430 δόξης,
3458 4361 3554 4414 τοῦ
3595 4379 3777 4433 προσ-

2178 4451 2482 4523 ηλωθέντος
2514 4450 2593 4523 τῷ
2622 4451 2784 4523 ξύλῳ.
2821 4454 2886 4507 Ἢ
2913 4452 3022 4524 γὰρ
3046 4452 3240 4517 ἓνωσις
3258 4453 3446 4507 τοῦτον
3474 4454 3567 4507 τὸν
3596 4455 3782 4523 Λόγον

485 4534 617 4597 bilis
652 4544 863 4597 natura:
897 4549 1076 4607 erant,
1107 4551 1411 4613 pateretur.
1450 4540 1589 4599 Illud
1613 4545 1764 4599 enim
1799 4545 1931 4599 unio
1965 4552 2072 4609 est,

2187 4542 2274 4597 τὸν
2294 4541 2480 4612 ἀπαθῆ
2509 4542 2840 4597 πεπονθέναι
2865 4544 2936 4596 τά
2956 4542 3052 4595 τοῦ
3072 4542 3318 4613 παθητοῦ
3343 4544 3739 4614 παρεσκεύασε
3758 4563 3776 4577 ο

486 4620 635 4701 quod
674 4630 963 4686 unitorum
997 4632 1220 4703 propria
1273 4632 1329 4687 in
1376 4646 1551 4686 unum
1601 4632 1973 4687 conveniant:
2002 4634 2077 4690 ita

490 4728 552 4778 ut
573 4732 630 4778 et
649 4724 786 4803 hmo,
815 4733 873 4779 et
900 4722 992 4778 illa
1015 4724 1084 4779 de
1120 4722 1263 4780 Filio
1296 4724 1573 4779 dicantur.
1594 4722 1725 4778 [deo
1756 4721 2074 4793 Apostolus,

493 4837 523 4868 σ-
550 4815 844 4873 Dominum
878 4816 1066 4890 gloria:
1089 4817 1415 4873 cruciﬁxum
1437 4836 1454 4866 ι
1479 4830 1600 4871 esse
1624 4813 1781 4869 dicit.
1807 4813 2079 4871 Rursum-

483 4916 594 4982 que
646 4910 808 4965 nobis
858 4910 973 4965 ait:
1010 4928 1029 4961 ι
1070 4902 1227 4967 Unus
1260 4908 1533 4963 Dominus
1580 4907 1741 4963 Jesus
1796 4906 2074 4975 Christus,

482 5009 581 5073 per
616 5018 782 5074 quem
820 5002 1009 5058 omnia
1031 5002 1113 5054 ἐς
1149 5022 1167 5053 ι
1227 5009 1284 5057 et
1320 4998 1476 5054 illum
1509 4999 1699 5055 Jcsum
1738 4999 2073 5072 intelligens,

481 5094 539 5147 ct
572 5094 721 5150 hunc
759 5090 854 5149 Dei
892 5089 1137 5148 Verbum
1192 5090 1498 5164 appellans,
1540 5103 1638 5160 per
1682 5104 1847 5160 quem
1893 5093 2076 5148 omnia

483 5178 629 5240 facta
653 5194 802 5241 sunt.

554 5267 691 5331 XIV.
732 5279 885 5334 Unde
922 5286 979 5333 et
1034 5276 1241 5333 Niczeni
1299 5277 1516 5339 Patres,
1572 5284 1847 5346 ponentes
1892 5274 2077 5330 Domi—

483 5378 616 5422 num
642 5361 831 5425 Iesum
867 5370 1174 5436 Christum,
1214 5385 1388 5426 unum
1424 5368 1689 5424 dixerunt
1724 5365 1924 5421 Filium
1951 5368 2076 5423 uni-

482 5461 750 5531 genitura,
791 5477 902 5517 non
924 5462 1294 5533 appellatione
1325 5466 1422 5515 aut
1468 5460 1681 5514 honore
1704 5465 1942 5524 tantum,
1976 5458 2075 5514 sed

482 5566 543 5608 rc
595 5553 733 5625 ipsa.
789 5554 1063 5622 Quocirca
1119 5555 1287 5609 etiam
1347 5554 1496 5608 hunc
1541 5550 2073 5607 consubstantialem

483 5636 650 5710 Patri,
683 5656 741 5701 et
773 5652 1003 5717 propter
1042 5660 1143 5700 nos
1172 5645 1523 5702 incarnatum
1557 5656 1895 5713 passumque
1919 5640 2075 5698 dixe-

554 5819 643 5872 "!
676 5818 802 5873 Cor.
840 5835 899 5885 ιι,
939 5818 991 5872 8.
1068 5819 1114 5850 ’⁸
1146 5818 1169 5873 l
1203 5817 1330 5873 Cor.
1369 5834 1484 5882 vui,
1526 5819 1578 5873 6.

2150 4630 2338 4687 ’τοῦτο
2366 4633 2477 4703 γάρ
2503 4633 2653 4686 ἐστιν
2687 4632 2885 4696 ἕνωσις
2909 4674 2924 4697 ,
2958 4632 3019 4685 τὸ
3045 4631 3114 4685 τὰ
3149 4632 3257 4686 ἴδια
3306 4633 3417 4685 τῶν
3455 4632 3783 4688 ἑνωθέντων

2175 4724 2259 4787 είς
2298 4724 2357 4777 ἓν
2391 4723 2699 4791 ξυνελθεῖν
2746 4723 2823 4789 ὼς
2854 4724 2947 4777 καὶ
2982 4724 3158 4778 ταῦτα
3195 4724 3329 4791 περὶ
3355 4724 3453 4777 τοῦ
3490 4724 3624 4778 Υἱοῦ
3678 4725 3777 4779 λέ-

2176 4816 2392 4886 γεσθαι,
2442 4817 2695 4870 κάκεῖνα.
2754 4815 2855 4870 Διά
2883 4815 3043 4869 τοῦτο
3090 4817 3120 4869 ό
3179 4816 3504 4881 ’Λπόστολός
3560 4833 3739 4887 φησιν
3764 4835 3781 4848 ·

2180 4927 2202 4962 ι
2248 4908 2371 4962 Ὅτι
2401 4908 2431 4962 ό
2468 4909 2673 4977 Κύριος
2698 4908 2799 4979 τῆς
2835 4907 2997 4979 δόξης
3039 4906 3406 4979 ἐσταύρωται.
3457 4926 3476 4958 ι
3516 4907 3631 4961 Καὶ
3661 4909 3777 4961 ad-

2176 4999 2260 5056 λιν
2290 4999 2439 5068 λέγει
2466 5000 2631 5070 ἡμῖν·
2680 5018 2699 5051 ι
2745 4994 2842 5064 Εἷς
2880 4998 3085 5070 Κύριος
3137 4998 3350 5070 Ἰησοῦς
3392 5000 3633 5071 Χριστὸς
3657 5040 3673 5063 ,
3705 5001 3781 5053 δι’

2172 5087 2237 5146 οῦ
2265 5095 2335 5146 τά
2378 5092 2558 5146 πάντα
2585 5109 2598 5123 ·
2639 5113 2657 5145 ι
2689 5092 2943 5148 κάκεῖνον
2980 5091 3118 5146 νοῶν
3163 5092 3396 5162 Ἰησοῦν,
3439 5092 3535 5146 καὶ
3576 5092 3783 5147 τοῦτον

2172 5184 2309 5238 Θεοῦ
2341 5186 2514 5254 Λόγον
2540 5184 2745 5247 καλῶν,
2781 5185 2848 5238 δι’
2887 5179 2950 5239 οῦ
2979 5187 3048 5240 τὰ
3082 5185 3263 5238 πάντα
3303 5186 3548 5253 ἐγένετο.

2245 5279 2343 5331 IA'.
2385 5276 2549 5331 Ὅθεν
2574 5277 2672 5330 καὶ
2699 5279 2750 5331 οί
2772 5278 2866 5331 ἐπὶ
2896 5277 2998 5347 τῆς
3020 5278 3256 5340 Νικαίας
3283 5276 3548 5347 Πατέρες,
3582 5274 3780 5340 θέντες

2173 5369 2379 5439 Κύριον
2414 5367 2624 5439 Ἰησοῦν
2649 5367 2913 5440 Χριστὸν,
2941 5369 3040 5423 ἕνα
3067 5368 3356 5439 εἰρήκασιν
3379 5367 3507 5421 Υίὺν
3539 5382 3787 5437 μονογε-

2176 5459 2273 5529 νῆ.
2331 5459 2393 5512 ού
2442 5462 2509 5531 τῇ
2561 5461 2932 5532 προσηγορίᾳ,
2967 5460 3091 5514 οὐδὲ
3138 5463 3205 5532 τῇ
3240 5464 3376 5533 τιμῇ
3426 5458 3601 5533 “dmi,
3648 5457 3784 5512 ἀλλ.

2175 5550 2326 5621 αύτῷ
2353 5551 2433 5624 τῷ
2462 5553 2775 5625 πράγματι.
2814 5553 2907 5607 Διὸ
2937 5552 3031 5607 καὶ
3059 5552 3328 5607 ἐκάλεσαν
3355 5552 3546 5607 τοῦτον
3571 5551 3786 5622 όμοού-

2175 5660 2291 5698 σιον
2331 5643 2408 5716 τῷ
2445 5645 2641 5717 Πατρὶ,
2679 5647 2772 5699 καὶ
2797 5645 2865 5699 δι’
2911 5646 3059 5717 ἡμᾶς
3089 5645 3450 5715 σαρκωθέντα
3472 5686 3486 5713 _.
3517 5642 3615 5697 καὶ
3649 5661 3775 5699 πα·-
