4076 6460
373 396 523 462 1533

1410 350 1413 353 ’
1529 369 1894 461 exmsrrio
1931 392 2226 453 smsou
2262 395 2535 455 meam.

3487 395 3639 453 155‘-

369 478 541 577 θόντα
569 559 586 585 ,
638 492 1220 593 θαυματουργηθείσης
1278 519 1526 585 ἑνώσεως
1546 561 1562 586 ,
1626 520 1687 574 ού
1747 534 1950 589 συγχυ-

2054 521 2220 567 runt:
2257 512 2462 568 unione
2494 507 2822 569 mirabiliter
2847 508 3010 574 facta,
3028 522 3140 564 non
3167 516 3365 585 natura
3379 509 3627 569 confusa.

368 609 558 682 θείσης
600 609 702 682 τῆς
741 609 977 680 φύσεως.
1022 611 1084 665 Εἰ
1113 610 1221 684 7&9
1269 610 1372 665 οὐκ
1403 609 1671 682 ἠλλοιώθη
1718 611 1753 681 ἢ
1802 610 1955 681 Παρ-

370 699 525 763 θένος
556 700 653 753 καὶ
709 700 896 771 μήτηρ
932 700 1185 769 ὲγένετοο
1235 700 1357 755 οὐδὲ
1388 698 1775 771 ἀλλοιωθείσης
1808 715 1954 770 παρ-

367 791 556 856 θενίας
583 791 743 856 τόκος
770 792 1005 862 ἐγένετο,
1029 792 1165 847 Θεοῦ
1192 791 1785 865 θαυματουργήσαντος
1810 791 1955 862 Παρ-

367 880 512 952 θένῳ
568 881 662 934 τὸν
704 882 896 936 τόκον
937 881 992 937 τί
1035 882 1378 953 θαυμάζεις,
1423 884 1474 937 ei
1515 882 1575 936 tv
1605 882 1810 936 ἀπαθεῖ
1858 881 1955 952 φύ·

369 990 456 1027 σει
485 971 718 1044 θελήσας
746 974 878 1038 Θεὸς
927 974 1222 1040 ὑπεδέξατο
1255 974 1450 1040 πάθος,
1477 975 1581 1028 οὐκ
1613 974 1953 1044 ἀποθέμενος

368 1063 471 1134 τὴν
495 1062 801 1132 άπάθειαν;
841 1066 900 1119 ⁸0
932 1067 1041 1137 γὰρ
1064 1066 1141 1137 μὴ
1176 1064 1390 1139 δεηθεὶς
1435 1064 1596 1119 λῦσαι
1628 1064 1950 1136 παρθενίαν,

371 1154 461 1208 ἴνα
514 1157 716 1227 ποιήσῃ
755 1156 966 1228 μητέρα
992 1173 1008 1187 ο
1055 1151 1210 1222 οὗτος
1255 1155 1450 1213 παθεῖν
1498 1156 1805 1234 βουληθεὶς,
1850 1156 1953 1210 οὐκ

367 1244 567 1318 ἐδεήθη
605 1248 705 1318 τὴν
754 1247 950 1302 ἑαυτοῦ
991 1247 1218 1321 δύναμιν
1268 1248 1614 1321 μεταϐαλεῖν.
1650 1249 1801 1319 Ἔχει
1841 1248 1953 1321 7&9
1990 1266 1993 1269 ‘

365 1335 598 1407 δύναμιν
630 1336 1153 1411 θαυματουργοῦσάν
1170 1356 1225 1393 τι
1245 1342 1494 1412 κρεῖττον
1518 1338 1629 1394 τῶν
1652 1338 1829 1409 λόγων
1852 1339 1957 1410 τῆς
1986 1350 1989 1353 ’

367 1423 609 1494 φύσεως.
636 1427 738 1481 Διά
785 1425 947 1481 τοῦτο
992 1428 1089 1483 καὶ
1146 1427 1283 1494 Θεὸς
1336 1427 1542 1501 ἔμεινε,
1594 1429 1690 1483 καὶ
1729 1429 1989 1498 γέγονενΞ

362 1507 677 1589 ἄνθρωπος,
740 1518 836 1572 καὶ
878 1518 1110 1588 Ἰησοῦς,
1160 1519 1257 1573 καὶ
1306 1518 1543 1592 Χριστὸς
1560 1560 1575 1585 ,
1633 1521 1730 1574 καὶ
1778 1520 1953 1589 Λόγος

368 1606 863 1682 προσαγορεύεται.
896 1611 1008 1665 Καὶ
1050 1610 1270 1683 πάσχει,
1303 1611 1401 1666 καὶ
1426 1612 1645 1685 ἀπαθὴς
1672 1613 1825 1684 μένει
1850 1613 1951 1685 τὴν

366 1695 564 1769 φύσινο
595 1699 690 1755 καὶ
731 1701 1063 1772 σταυροῦται
1115 1703 1210 1757 καὶ
1253 1703 1374 1758 κατ’
1422 1704 1611 1759 οὐσίαν
1653 1704 1985 1776 ἀχείρωτος

365 1788 557 1861 μένει·
588 1790 685 1846 καὶ
709 1790 939 1847 θάνατον
953 1792 1189 1866 δέχεται,
1219 1794 1315 1848 καὶ
1335 1794 1567 1849 θανάτου
1588 1799 1948 1867 κατακρατεϊ.

363 1854 452 1936 ίΐά
481 1880 582 1953 μὲν
608 1854 1062 1962 θαυματουργῶδ,
1108 1854 1188 1949 ὣς
1228 1884 1306 1939 ὢν
1343 1886 1476 1951 Θεός
1500 1903 1514 1917 ·
1545 1886 1615 1942 τά
1657 1887 1715 1942 δὲ
1744 1854 1951 1961 ὑπομέ-
1979 1854 2026 1914 Β

363 1989 496 2036 νων,
525 1971 603 2037 ὡς
631 1975 924 2046 γενόμενος
950 1974 1257 2047 ἄνθρωπος.
1293 1977 1481 2042 Οὕτως
1506 1972 1663 2043 οὗτος
1684 1982 1779 2034 καὶ
1810 1982 1950 2035 άπο-

360 2059 617 2133 θνήσκει,
647 2063 744 2118 κα¹ι
777 2063 839 2117 ού
863 2066 1149 2135 κρατεῖται
1182 2064 1432 2138 θανάτῳ·
1469 2067 1563 2119 καὶ
1602 2066 1822 2136 πάσχει,
1855 2069 1951 2125 καὶ

360 2150 666 2224 amomum
689 2153 808 2207 λύει
829 2170 845 2185 ο
870 2154 941 2208 τὰ
970 2154 1091 2225 μὲν,
1122 2155 1363 2226 ἐνεργῶν
1402 2159 1469 2229 τῇ
1500 2156 1720 2229 θεότητι
1751 2175 1765 2189 ·
1798 2157 1867 2212 τὰ
1892 2158 1950 2212 δὲ

362 2242 658 2315 ὕπομένων
693 2247 763 2317 τῇ
801 2244 909 2317 ἰδίᾳ
942 2245 1126 2315 σαρκί.
1160 2246 1333 2311 Αὐτὸς
1381 2247 1691 2319 ὑπομένων,
1725 2248 1826 2302 οὐκ
1856 2248 1950 2305 άλ-

361 2332 460 2389 λσν
484 2335 829 2407 ὑπομένοντα
857 2335 1093 2407 βλέπων.
1122 2335 1307 2391 Ταῦτα
1332 2337 1441 2411 7&9
1464 2339 1559 2392 καὶ
1586 2339 1794 2412 Πέτρος
1819 2341 1950 2411 περὶ

375 2426 554 2498 Ἰησοῦ
587 2426 684 2482 τοῦ
704 2427 1032 2499 Ναζωραίου
1065 2429 1203 2501 πρὸς
1231 2430 1519 2495 Ἰουδαίους
1543 2432 1945 2503 διαλεγόμενος,

356 2515 550 2587 ἔλεγεν
570 2518 763 2582 αὐταῖς
791 2517 998 2584 λέξεσιν
1018 2518 1194 2584 οὕτως
1213 2519 1386 2575 είπών
1404 2537 1419 2551 ·
1449 2540 1468 2574 ι
1483 2522 1711 2594 Ἄνδρες
1731 2524 1948 2595 Ἰσραη-

359 2604 528 2672 λῖται,
575 2606 847 2662 ἀκούσατε
891 2610 1019 2673 τοὺς
1068 2609 1262 2680 λόγους
1306 2610 1532 2675 τούτους
1553 2628 1570 2649 ν
1604 2611 1811 2683 Ἰησοῦν
1854 2613 1948 2669 τὸν

361 2693 707 2770 Ναζωραῖον,
744 2716 762 2750 ι
793 2699 902 2773 ἀπὸ
925 2702 1025 2771 τῆς
1053 2701 1204 2756 κάτω
1235 2702 1496 2775 πατρίδος
1524 2704 1698 2770 καλεῖ,
1720 2703 1948 2776 ὕστερον

357 2787 421 2841 δὲ
454 2788 582 2842 Υίὺν
645 2788 783 2843 Θεοῦ
818 2789 1093 2862 σημαίνει.
1136 2790 1211 2845 Τὸ
1249 2792 1360 2864 7&9
1390 2792 1544 2858 τέλος
1580 2794 1819 2850 δείκνυσι
1849 2796 1945 2851 τοῦ

359 2877 524 2949 λόγου
556 2879 654 2933 ἕνα
683 2880 896 2936 καὶτὸν
936 2882 1100 2937 αὐτὸν
1137 2883 1267 2938 δντα
1298 2885 1543 2955 ἐπίγειόν
1569 2903 1629 2940 τε
1663 2888 1757 2942 καλ⁵
1780 2888 1948 2960 οὐρά-

359 2978 510 3024 νιον·
539 2968 632 3024 τὸν
669 2970 834 3024 αὐτὸν
852 2973 948 3026 καὶ
969 2973 1034 3028 ἐκ
1063 2974 1173 3028 τῶν
1199 2975 1351 3030 κάτω
1372 2978 1610 3047 χωρίων,
1638 2980 1734 3034 καὶ
1761 2981 1827 3034 ὲκ
1846 2981 1946 3052 τῆς

357 3062 476 3118 ἄνω
501 3060 664 3134 δόξης
692 3062 1036 3137 ὁρμώμενον.
1067 3065 1143 3120 Τὸ
1171 3067 1271 3139 μὲν
1293 3066 1423 3124 ύντα
1444 3069 1551 3141 πρὸ
1578 3070 1687 3129 τῶν
1707 3071 1943 3137 αἰώνωνο

2053 601 2112 657 Si
2142 604 2292 659 enim
2330 603 2500 675 Virgo
2520 612 2729 658 mutata
2760 616 2871 656 non
2904 600 3029 667 fuit,
3060 610 3116 657 et
3135 610 3312 656 mater
3344 601 3484 657 facta
3507 612 3626 660 est:

2053 710 2157 750 nec
2194 703 2402 751 mutata
2437 694 2757 767 virginitate
2782 702 2974 765 partus
3010 694 3264 765 contigit,
3306 695 3430 750 Deo:
3457 695 3628 751 mira-

2052 787 2241 843 culose
2279 788 2492 859 Virgini
2534 797 2751 858 partum
2792 786 3170 858 producente:
3215 787 3348 857 quid
3385 787 3628 854 miraris,

2051 878 2098 933 si
2130 879 2276 933 Deus
2304 878 2360 932 in
2384 878 2634 949 passibili
2649 879 3086 934 ’naturawolens
3106 862 3417 949 passionem
3441 894 3629 934 susce-

2050 970 2151 1041 pit,
2185 986 2298 1026 non
2320 969 3166 1041 impassibilitatem'deponens?
3186 970 3291 1037 Qui
3313 971 3460 1026 enim
3487 986 3630 1040 opus

2051 1077 2163 1117 non
2196 1062 2438 1118 habebat
2458 1062 3099 1134 virginitatem'solvere;
3130 1070 3192 1116 ut
3225 1069 3454 1117 matrem
3484 1061 3630 1116 lace-

2050 1161 2166 1218 ret,
2190 1152 2283 1208 ille
2330 1153 2443 1223 pati
2491 1153 2684 1209 volens
2733 1168 2845 1209 non
2897 1167 3038 1223 opus
3068 1152 3307 1207 habebat
3333 1151 3630 1206 -virtutem

2049 1257 2207 1297 suam
2229 1252 2468 1299 mutare.
2499 1244 2678 1300 Habet
2698 1243 2849 1299 enim
2877 1244 3141 1298 virtutem
3167 1242 3494 1297 miraculose
3526 1242 3631 1297 ali-

2050 1331 2182 1402 quid
2194 1341 2606 1403 perpetrantem
2629 1348 2796 1404 supra
2808 1340 3025 1387 natura:
3041 1330 3311 1386 rationes.
3334 1330 3632 1400 Propterea

2048 1434 2115 1495 et
2131 1424 2279 1479 Deus
2323 1424 2545 1489 mansit,
2585 1433 2644 1479 et
2688 1423 2856 1478 homo
2890 1420 3071 1478 factus
3109 1428 3233 1486 est;
3266 1427 3324 1475 et
3343 1420 3523 1485 Iesus,
3574 1429 3647 1475 et

2049 1513 2325 1580 Christus,
2349 1524 2408 1570 et
2440 1515 2684 1571 Verbum
2729 1514 3056 1585 appellatur.
3086 1512 3257 1568 Item:
3306 1511 3536 1581 patitur,
3575 1522 3634 1566 et

2051 1604 2407 1676 impassibilis
2435 1606 2738 1663 secundum
2757 1614 3014 1661 naturam
3043 1611 3364 1675 permanet:
3410 1600 3632 1657 cruciﬁ-

2050 1699 2200 1769 gitur
2229 1700 2421 1764 etiam,
2459 1705 2517 1755 et
2555 1696 3137 1770 incomprehensibilis
3162 1693 3468 1752 secundum
3498 1694 3630 1750 sub-

2051 1794 2312 1849 stantiam
2349 1801 2567 1849 manet:
2600 1800 2659 1848 et
2683 1800 2923 1848 mortem
2945 1789 3202 1861 suscipit,
3228 1798 3288 1845 et
3302 1788 3499 1847 mortis
3531 1788 3635 1842 im-

2051 1883 2541 1954 perium'obtinet:
2570 1884 2665 1938 illa
2694 1882 2920 1954 quidem
2934 1882 3633 1951 miraculose‘perpetrans,

2053 1984 2312 2046 tanquam
2347 1976 2495 2030 Deus
2520 1976 2823 2041 exsistens;
2848 1975 2968 2029 haec
2997 1981 3185 2029 autem
3214 1971 3513 2036 sustinens,
3544 1978 3634 2026 ut-

2049 2078 2178 2140 pote
2222 2069 2390 2124 homo
2420 2067 2618 2123 factus.
2661 2066 2742 2122 Ita
2773 2066 2867 2121 hic
2896 2073 2956 2120 et
2986 2064 3244 2130 moritur,
3276 2071 3335 2118 et
3369 2078 3402 2117 a
3451 2069 3632 2119 morte

2047 2173 2159 2213 non
2192 2157 2509 2214 detinetur:
2535 2163 2593 2212 et
2612 2157 2845 2227 patitur,
2876 2163 2935 2211 et
2959 2154 3245 2227 passiones
3282 2152 3481 2208 solvit:
3514 2152 3632 2209 haec
3700 2218 3705 2225 η

2048 2250 2275 2321 quidem
2308 2265 2549 2320 operans
2579 2249 2821 2315 deitate;
2853 2248 2945 2303 illa
2985 2256 3171 2303 autem
3213 2245 3438 2317 propria
3463 2260 3632 2301 carne

2047 2341 2347 2397 sustinens.
2377 2341 2520 2412 Ipse,
2555 2339 3139 2410 inquam;~sustinens,
3161 2353 3275 2393 non
3328 2337 3497 2393 alium
3540 2351 3633 2393 su—

2047 2431 2346 2486 stinentem
2370 2429 2737 2485 videns.Nam
2762 2436 2821 2485 et
2845 2427 3276 2484 Petrus'Itidasos
3315 2427 3630 2497 alloquens,

2045 2523 2238 2580 eadem
2267 2523 2339 2579 de
2367 2522 2497 2579 Iesu
2518 2523 2804 2587 Nazareno
2836 2518 3033 2576 iisdem
3081 2519 3269 2576 verbis
3309 2518 3470 2585 dixit,
3499 2517 3636 2573 dum

2046 2615 2121 2671 ita
2153 2614 2263 2671 ait:
2303 2633 2323 2667 ι
2360 2615 2475 2672 Viri
2498 2615 2783 2679 Israelita,
2823 2614 3021 2670 audite
3052 2613 3219 2669 verba
3244 2612 3394 2667 hac:
3443 2611 3637 2667 Iesum

2045 2706 2426 2773 Nazarenum;
2474 2725 2492 2759 ι
2524 2721 2556 2761 a
2601 2716 2825 2761 terrena
2873 2706 3049 2775 patria
3099 2705 3174 2760 ita
3198 2714 3395 2759 vocat:
3441 2711 3635 2773 postea

2046 2812 2179 2854 vero
2205 2797 2407 2853 Filium
2433 2798 2531 2852 Dei
2572 2812 2696 2854 esse
2743 2797 3037 2869 significat.
3075 2797 3227 2852 Finis
3251 2795 3400 2852 enim
3425 2810 3634 2851 sermo!

2046 2891 2137 2947 nis
2165 2889 2429 2956 ostendit,
2450 2904 2623 2945 unum
2653 2888 3105 2959 eumdemqueet
3128 2898 3409 2943 terrenum
3438 2895 3497 2942 et
3519 2901 3637 2942 ca:-

2046 2984 2243 3040 lestem
2272 2998 2396 3040 esse
2411 2999 2446 3039 τ·
2478 2983 2737 3040 eumdem
2763 2990 2823 3037 et
2840 2999 2914 3037 ex
2952 2981 3208 3038 inferiori
3249 2980 3356 3037 hac
3386 2980 3634 3051 regione,
3668 2998 3674 3005 ·

2045 3085 2101 3132 et
2132 3092 2203 3133 ex
2227 3092 2469 3149 superna
2493 3076 2672 3148 gloria
2697 3076 3117 3146 procedentem.
3142 3075 3390 3142 Quorum
3412 3075 3638 3146 quidem

357 3153 421 3209 τὸ
556 3153 626 3208 δι’
667 3156 820 3227 ἡμᾶς
853 3156 1145 3228 γενόμενον
1196 3156 1444 3229 ὕστερον.
1496 3179 1517 3211 α
1546 3162 1773 3235 Ἄνδρες
1808 3166 1940 3238 7&9,

2047 3169 2282 3224 alterum
2302 3168 2409 3224 fuit
2430 3176 2558 3224 ante
2603 3168 2836 3223 saecula:
2865 3160 3103 3222 alterum
3126 3182 3262 3222 vero
3300 3173 3489 3237 postea
3513 3180 3640 3236 pro-

359 3246 553 3317 φησιν,
583 3246 944 3319 Ἰσραηλῖται,
974 3248 1247 3304 άκούσατε
1289 3252 1418 3317 τοὺς
1454 3250 1648 3322 λόγους
1687 3255 1946 3321 τούτουςο

370 3337 581 3410 Ἰησοῦν
610 3337 704 3394 τὸν
729 3338 1074 3412 Ναζωραῖον,
1095 3341 1265 3414 ἄνδρα
1304 3343 1412 3399 άπὸ
1439 3344 1534 3398 τοῦ
1573 3344 1710 3400 Θεοῦ
1749 3349 1947 3404 άποδεο

354 3427 646 3501 δειγμένον
682 3430 762 3496 εἰς
805 3430 951 3503 ὑμᾶς
982 3431 1265 3502 δυνάμεσι,
1310 3424 1407 3490 παὶ
1445 3435 1659 3506 τέρασι,
1707 3440 1803 3494 καὶ
1847 3459 1949 3514 ση-

359 3520 556 3592 μείοις,
580 3516 665 3586 οἷς
697 3521 924 3593 ἐποίησε
968 3523 1041 3578 δι’
1073 3524 1238 3578 αὐτοῦ
1267 3525 1296 3578 ὁ
1327 3526 1461 3607 Θεὸς
1497 3528 1557 3581 ἐν
1590 3529 1742 3602 μέσῳ
1771 3532 1949 3603 ὑμῶν,

356 3609 541 3678 καθὼς
571 3611 665 3666 καὶ
687 3612 842 3668 αὐτοὶ
883 3612 1313 3695 οἴδατετοῦτον
1342 3619 1409 3688 τῇ
1454 3617 1735 3696 ὡρισμένῃ
1782 3616 1967 3698 βουλῇ

356 3700 454 3754 καὶ
476 3699 780 3773 προγνώσει
804 3701 939 3781 Θεοῦ
964 3702 1181 3758 ἔκδοτον
1215 3704 1475 3772 λαϐόντες
1514 3708 1603 3763 διὰ
1624 3704 1826 3784 χειρῶν
1864 3715 1944 3787 (7)

352 3789 599 3861 ἀνόμων,
636 3792 1052 3866 προσπήξαντες
1083 3794 1323 3850 ἀνείλετε
1344 3814 1357 3826 ·
1392 3797 1453 3852 ὃν
1488 3801 1518 3854 ό
1550 3799 1684 3865 Θεὸς
1716 3804 1945 3877 ἀνέστην

356 3898 452 3938 σεν
503 3885 569 3939 ὲκ
615 3886 845 3957 νεκρῶν,
887 3885 1059 3952 λύσας
1106 3887 1207 3954 τὰς
1249 3889 1450 3955 ὠδῖνας
1489 3892 1586 3947 τοῦ
1619 3893 1878 3952 θανάτου.
1917 3918 1936 3951 ι

357 3972 498 4029 Ἕνα
526 3976 631 4047 ,καὶ
667 3976 761 4033 τὸν
783 3978 949 4033 αὐτὺν
983 3979 1200 4046 δεικνὺς
1240 3979 1527 4055 ἄνθρωπόν
1574 4002 1636 4040 τε
1661 3987 1813 4055 ὄντα,
1847 3990 1943 4045 καὶ

352 4064 492 4119 Θεδν
516 4065 818 4153 ἀχείρωτον
844 4067 922 4140 τῷ
948 4067 1187 4143 θανάτῳ.
1214 4072 1328 4127 Καὶ
1351 4073 1461 4146 7&9
1496 4075 1757 4146 ἀπέθανε,
1782 4082 1937 4152 φησὶ,

357 4154 456 4208 καὶ
486 4173 506 4208 ι
542 4158 658 4211 Οὐκ
684 4154 754 4229 ἦν
798 4157 1024 4214 δυνατὸν
1055 4161 1220 4216 αὑτὸν
1256 4163 1363 4217 ὑπὸ
1409 4163 1505 4219 τοῦ
1540 4166 1771 4224 θανάτου
1812 4188 1944 4227 κατ-

354 4245 597 4318 έχεσθαι.
622 4268 642 4302 ι
675 4249 767 4322 Τῷ
815 4251 937 4321 μὲν,
977 4240 1277 4317 Ἀπέθανε,
1312 4253 1489 4325 δηλῶν
1535 4256 1848 4331 ἄνθρωπον·
1881 4265 1946 4319 τὸ

353 4339 413 4394 δὲ
446 4338 803 4414 μὴδύνασθαι
822 4344 1228 4417 κατασχεθῆναι
1258 4345 1524 4419 θανάτῳ,›
1554 4351 1753 4422 μηνύει
1777 4355 1943 4411 Θεόνσ

2049 3270 2175 3333 pter
2196 3275 2299 3316 nos
2324 3250 2503 3315 factus
2523 3266 2629 3315 est.
2653 3258 2747 3312 Ait
2763 3250 2912 3312 enim
2933 3275 2979 3310 ει
3000 3257 3116 3311 Viri
3140 3256 3423 3324 Israelita,
3449 3256 3639 3311 audite

2047 3353 2218 3408 verba
2244 3352 2392 3407 haec:
2419 3351 2607 3407 Iesum
2630 3350 2977 3405 Nazarenum
3006 3348 3188 3402 virum
3210 3348 3575 3418 approbatum
3606 3364 3636 3402 a

2050 3444 2164 3499 Deo
2183 3444 2240 3497 in
2264 3430 2443 3508 vehis,
2468 3440 2790 3505 virtutibus,
2815 3447 2872 3496 et
2900 3438 3188 3511 prodigiis,
3212 3447 3269 3495 et
3294 3438 3486 3509 signis,
3513 3454 3638 3509 qua:

2050 3524 2184 3589 feeit
2205 3532 2354 3586 Deus
2394 3546 2494 3600 per
2523 3529 2682 3584 illum
2735 3528 2793 3582 in
2834 3527 3020 3584 medio
3044 3528 3238 3595 vestri,
3268 3527 3414 3583 sicut
3440 3534 3499 3583 et
3537 3543 3638 3583 vos

2053 3614 2228 3681 scitis.
2256 3623 2415 3680 Hunc
2435 3622 2664 3679 deﬁnito
2686 3621 2921 3677 consilio
2948 3628 3006 3676 et
3026 3621 3370 3692 praescientia
3399 3621 3496 3677 Dei
3520 3629 3634 3678 tra-

2051 3716 2367 3786 ditum,per
2391 3728 2588 3769 manus
2603 3713 2923 3783 iniquorum
2943 3711 3228 3782 afligentes
3257 3708 3632 3769 interemistis‘.

2050 3804 2225 3872 Quem
2250 3806 2398 3862 Deus
2435 3803 2725 3860 suscitavit
2754 3803 2954 3859 solutis
2983 3802 3271 3859 doloribus
3297 3801 3491 3858 mortis
3511 3803 3578 3858 ’⁷.
3610 3822 3630 3854 ι

2048 3894 2361 3953 Ostendens
2392 3910 2565 3951 unum
2613 3894 2984 3965 eumdemque
3010 3903 3068 3950 et
3104 3894 3383 3951 hominem
3407 3911 3549 3955 esse.
3582 3904 3638 3950 et

2048 3989 2224 4046 Deum
2240 3988 2337 4060 qui
2364 4003 2403 4043 a
2423 3994 2605 4043 morte
2620 3988 2800 4044 teneri
2822 4002 2932 4043 non
2959 3995 3195 4058 poterat.
3218 3987 3467 4042 Mortuus
3487 3987 3641 4041 enim

2048 4090 2155 4149 est,
2177 4080 2378 4153 inquit,
2394 4089 2452 4137 et
2469 4078 2812 4151 impossibile
2830 4078 3138 4136 eratteneri
3164 4078 3320 4133 illum
3336 4093 3368 4133 a
3382 4088 3583 4134 morte.
3609 4096 3635 4129 ι

2048 4174 2186 4231 Nam
2200 4180 2483 4230 mortuum
2506 4187 2628 4229 esse
2644 4171 2925 4227 hominem
2944 4170 3150 4226 indicat
3169 4187 3183 4223 :
3201 4185 3232 4224 a
3248 4178 3425 4225 morte
3450 4177 3639 4224 autem

2049 4267 2228 4322 teneri
2251 4281 2363 4322 non
2404 4280 2587 4337 posse,
2622 4263 2994 4336 arguitDeum
3016 4280 3030 4316 :
3051 4276 3225 4316 unum
3263 4260 3635 4331 eumdemque

2049 4368 2105 4417 et
2118 4360 2296 4415 Deum
2312 4358 2693 4426 exsistentem,
2712 4364 2768 4413 et
2782 4355 3065 4412 hominem
3074 4353 3279 4411 factum
3294 4353 3635 4426 signiﬁcans.

354 4441 453 4496 ενα
476 4440 570 4495 καὶ
598 4440 690 4523 τὸν
721 4440 883 4496 αὐτὸν
913 4440 1048 4496 Θεόν
1076 4436 1137 4496 τε
1163 4441 1313 4510 ὄντα,
1340 4441 1436 4497 καὶ
1457 4442 1745 4517 ἄνθρωπον
1774 4455 2036 4522 γεγονότα
2061 4453 2259 4526 δηλῶν.

427 4536 528 4592 IE'.
563 4536 665 4590 Διὰ
691 4536 865 4593 ταῦτα
895 4537 991 4592 καὶ
1034 4539 1085 4592 οἱ
1127 4539 1221 4593 ἐπὶ
1260 4541 1359 4610 τῆς
1392 4539 1630 4607 Νικαίας
1668 4546 1933 4619 Πατέρες.

2111 4550 2227 4605 XV.
2254 4547 2493 4618 Ideoque
2539 4543 2743 4601 Νίσιοηί
2773 4543 2985 4607 Patres,
3009 4557 3079 4597 ne
3107 4540 3293 4597 Iesum
3315 4539 3638 4611 adoptivum

354 4627 443 4681 ἵνα
478 4627 555 4701 μὴ
580 4627 673 4682 τὸν
713 4627 925 4700 Ἰησοῦν
954 4628 1109 4685 θετόν
1148 4647 1273 4685 τινα
1308 4630 1674 4706 ὑπολάσωμεν
1697 4638 1829 4694 Υἱὸν
1848 4641 1944 4696 τοῦ

350 4718 515 4784 θεοῦ,
557 4719 656 4774 καὶ
708 4720 903 4792 ἓτερον
944 4720 1039 4774 τὸν
1073 4721 1217 4777 κατά
1253 4720 1418 4793 φύσιν
1456 4724 1621 4779 Υίόνο
1656 4727 1802 4784 οὕτω
1834 4733 1944 4806 7&9

351 4811 647 4879 φρονοῦσιν
700 4811 752 4864 οι
803 4810 1239 4883 πεπλανημένοι,
1273 4812 1369 4869 τοῦ
1421 4818 1830 4890 παυρωθέντος
1862 4823 1945 4878 δι-

348 4900 613 4965 ῖστῶντες
636 4900 729 4955 τὸν
757 4902 903 4957 κατὰ
930 4900 1094 4973 φύσιν
1115 4919 1129 4934 ο
1156 4902 1224 4957 ἶν’
1253 4904 1464 4959 ἐκείνου
1494 4908 1799 4980 γενόμενοι,
1820 4911 1947 4964 τού-

349 5008 448 5048 του
492 4996 1025 5067 καταφρονήσωμεν,
1057 4996 1152 5050 καὶ
1185 4996 1314 5051 Υίδν
1343 4996 1481 5052 Θεοῦ
1522 5002 1944 5072 προσκυνήσαν-

348 5102 466 5151 τες,
494 5085 555 5140 ὃν
585 5086 681 5141 καὶ
702 5087 932 5143 Πλάτων
957 5087 1230 5158 ὁμολογεῖ,
1262 5088 1357 5144 τὸν
1392 5090 1629 5162 Χριστὸν
1660 5091 1942 5164 ἀθετήσω-

356 5194 490 5249 μεν·
531 5177 702 5249 μόνην
737 5176 839 5249 τὴν
884 5179 1259 5250 τετιμημένην
1300 5178 1463 5249 φύσιν
1503 5180 1792 5252 ἀνθρώπου
1837 5183 1941 5256 Ἰη-

355 5267 486 5322 σοῦν
519 5267 871 5340 ὀνομάζουσι,
902 5270 999 5325 καὶ
1022 5270 1175 5326 κάτω
1200 5271 1305 5343 τὴν
1330 5273 1706 5346 προσηγορίαν
1730 5276 1939 5347 ταύτην

350 5357 664 5429 κατέχουσι,
696 5360 791 5414 καὶ
812 5359 1022 5416 ἐκείνου
1051 5361 1375 5434 χωρίζοντες
1396 5364 1494 5419 καὶ
1512 5364 1817 5437 πράγματι,
1842 5369 1936 5422 καὶ

349 5452 464 5515 τοῖς
475 5450 576 5519 ei};
593 5450 810 5521 φύσεως
840 5451 1095 5524 ίδιώμασι
1114 5468 1130 5487 δ
1149 5453 1358 5509 τούτων
1372 5457 1722 5529 ἀναιροῦντες
1733 5456 1793 5512 τὸ
1808 5460 1939 5530 φρό-

353 5558 504 5614 νημα
532 5542 865 5613 λέγουσιτὸν
897 5544 1128 5617 Ἰησοῦν,
1164 5565 1184 5599 ι
1202 5545 1390 5601 τοῦτον
1417 5548 1743 5622 γεννηθέντα
1759 5550 1825 5604 ἐκ
1842 5550 1940 5605 τοῦ

357 5634 629 5708 Πατρός.ι
689 5636 801 5691 Καὶ
840 5636 1128 5705 ἐπάγουσι,
1159 5637 1458 5705 τουτέστιν,
1486 5641 1550 5694 ἐκ
1590 5640 1691 5712 τῆς
1746 5640 1934 5705 οὐσίας

421 5749 465 5782 ’⁷
487 5749 612 5806 Act.
636 5766 696 5815 ll,
723 5749 915 5806 επὶ-24.

426 5844 508 5915 (7)
543 5842 644 5900 Διὰ
670 5840 905 5920 χειρῶν.
938 5842 1082 5899 Edit.
1111 5841 1199 5897 διά
1235 5842 1437 5913 χειρός.

2041 4641 2342 4715 quemdam
2392 4638 2568 4694 tilium
2603 4636 2723 4701 Dei,
2753 4641 2810 4690 et
2839 4633 3007 4688 alium
3050 4631 3355 4688 secundum
3382 4638 3639 4687 naturam

2043 4734 2217 4789 lilium
2261 4730 2612 4801 suspicemur
2643 4726 2755 4799 (ita
2788 4725 2956 4781 enim
3003 4739 3197 4780 errore
3249 4722 3469 4794 decepti
3514 4739 3639 4779 sen-

2042 4825 2212 4889 tiunt,
2247 4822 2654 4893 distinguentes
2686 4818 2840 4873 illum
2862 4815 2984 4887 'qui
3038 4814 3346 4873 secundum
3380 4823 3638 4871 naturam

2041 4927 2148 4982 est,
2184 4931 2215 4972 a
2249 4913 2517 4971 crucinxo
2552 4928 2566 4965 :
2596 4920 2658 4966 ut
2698 4910 2854 4964 illum
2884 4907 3266 4971 admittentes,
3312 4906 3463 4961 hunc
3497 4919 3636 4958 con-

2046 5017 2384 5072 temnamus;
2412 5012 2469 5059 ct
2500 5001 2702 5057 Filium
2731 4999 2830 5056 Dei
2862 4999 3159 5054 adorantes
3196 5008 3361 5066 quem
3392 5002 3450 5048 et
3480 4993 3636 5049 Plato

2041 5097 2359 5161 conﬁtetur,
2390 5092 2676 5151 Christum
2711 5089 3104 5162 repudiemus;
3133 5086 3305 5141 solam
3335 5083 3636 5137 humanam

2039 5196 2295 5242 naturam
2321 5185 2536 5238 honore
2568 5186 2886 5252 provectam
2907 5175 3096 5231 Iesum
3130 5167 3439 5233 nominant,
3470 5173 3637 5237 atque

2037 5292 2157 5333 eam
2191 5274 2618 5348 appellationem
2648 5269 2909 5324 deorsum
2938 5262 3223 5324 detinent,
3257 5266 3318 5313 et
3361 5257 3431 5313 ab
3459 5255 3635 5348 altero

2035 5368 2131 5423 illo
2154 5344 2375 5431 tam—re,
2401 5377 2566 5435 quam
2595 5367 2806 5414 natura:
2831 5350 3270 5427 proprietatibus
3289 5344 3569 5420 separant)
3614 5363 3630 5400 :

2048 5460 2247 5514 horum
2277 5457 2595 5529 Opinionem
2616 5449 3004 5505 subvertentes
3026 5443 3219 5498 dicunt
3248 5439 3457 5503 Iesum,
3485 5439 3635 5493 hunc

2055 5569 2074 5602 ι
2113 5549 2360 5622 genitum
2394 5562 2461 5602 ex
2484 5545 2679 5606 Patre;
2725 5560 2742 5589 ι
2770 5545 2827 5593 et
2847 5536 3189 5607 subiungunt
3218 5550 3230 5586 :
3274 5551 3292 5584 ι
3324 5532 3429 5586 hoc
3449 5536 3547 5622 gest
3566 5544 3633 5582 ex

2046 5640 2355 5698 substantia
2381 5640 2519 5710 ejus.
2558 5654 2575 5686 ι
2608 5629 2764 5700 Quod
2788 5638 2845 5686 et
2876 5641 3117 5699 magnus.
3132 5622 3414 5698 apostolus
3437 5621 3638 5677 Petrus
