4076 6444
455 398 592 451 Ιῦῗῑῦ

1553 375 1902 435 THEODOTI
1938 372 2239 429 EPISCOPI
2276 370 2623 427 ANCYRANI

3545 362 3688 418 1356

449 528 480 565 a
515 507 747 564 Domino
791 519 904 558 una
931 516 1056 558 cum
1091 497 1319 568 reliquis
1361 495 1622 566 apostolis
1653 493 2024 560 interrogatus

2124 486 2309 540 αὐτοῦ.
2349 488 2414 538 Ὅ
2439 485 2505 555 δὴ
2545 484 2638 536 καὶ
2661 485 2689 534 6
2726 483 2895 550 μέγας
2941 480 3144 550 Πέτρος
3179 476 3432 545 ἐποίησεν
3469 476 3686 546 ὲπερωη

446 599 593 654 fecit.
621 595 757 652 Cum
786 592 932 648 enim
954 590 1217 645 Dominus
1239 588 1374 658 ipsis
1403 587 1611 641 diceret
1637 602 1650 636 :
1690 603 1708 635 ι
1729 583 1904 650 Quem
1930 597 2017 635 me

445 691 636 745 dicunt
680 685 934 740 homines
985 682 1187 738 Filium
1231 679 1513 736 hominis?
1543 697 1562 730 ι
1600 675 1852 731 nonnulli
1928 689 2016 728 re-

445 775 790 847 Spondebant
844 773 1132 828 dicentes:
1180 789 1199 821 ι
1227 769 1335 824 Alii
1364 768 1632 824 Joannem
1682 764 2014 834 Baptistam,

444 868 536 922 alii
573 876 755 920 autem
780 864 979 929 Eliam,
1004 862 1097 918 alii
1115 875 1248 917 vero
1273 860 1588 926 Jeremiam,
1621 867 1718 914 aut
1748 872 1918 913 unum
1949 872 2017 912 ex

445 957 808 1027 prophetis".
839 973 858 1007 ι
888 954 1097 1010 Deinde
1123 969 1248 1009 cum
1270 953 1536 1008 Dominus
1554 951 1874 1008 ostenderet
1895 964 2013 1012 eos,

443 1045 865 1117 quihujusmodi
888 1045 1166 1110 dicebant,
1189 1045 1390 1100 Filium
1413 1043 1652 1099 hominis
1669 1042 1893 1113 quidem
1919 1041 2019 1096 ho-

443 1153 661 1202 norare,
699 1136 796 1192 sed
825 1135 905 1191 rei
924 1136 1212 1191 veritatem
1245 1150 1355 1190 non
1380 1135 1683 1206 attingere;
1717 1134 2019 1202 interrogat

444 1227 726 1297 apostolos
767 1226 1020 1296 nunquid
1069 1226 1360 1281 sublimius
1387 1225 1456 1279 de
1501 1225 1620 1294 ipso
1665 1224 1936 1278 sentirent
1960 1229 2018 1275 et

443 1318 522 1372 ait
554 1335 567 1370 :
607 1335 626 1367 ι
660 1317 770 1372 Vos
800 1324 983 1370 autem
1018 1331 1180 1384 quem
1222 1330 1310 1369 me
1357 1330 1484 1370 esse
1523 1314 1710 1369 dicitis
1730 1313 1776 1344 "
1797 1313 1822 1365 ?
1853 1331 1873 1364 ι
1909 1311 2016 1366 Sed

443 1408 843 1472 animadverte,
895 1406 1044 1476 quod
1082 1407 1150 1461 de
1187 1407 1326 1462 Filio
1379 1405 1622 1460 hominis
1656 1403 2017 1474 quaestionem

445 1513 759 1569 proponens
786 1497 904 1552 haec
927 1497 1092 1552 dicat.
1125 1515 1143 1548 ‹
1177 1496 1278 1551 Cui
1329 1495 1669 1566 respondens
1699 1493 1890 1549 Simon
1910 1493 2015 1547 Pe-

445 1598 565 1643 trus
593 1588 731 1642 dixit
765 1605 780 1641 :
815 1587 901 1648 Tu
923 1601 986 1640 es
1009 1586 1264 1642 Christus
1307 1585 1454 1640 illius
1478 1585 1575 1640 Dei
1615 1582 1727 1638 vivi
1746 1583 1811 1636 ⁸ο.
1844 1602 1862 1634 ι
1896 1581 2015 1636 Non

443 1679 723 1733 hominem
753 1679 928 1743 illum,
956 1686 1019 1733 ut
1043 1678 1220 1743 multi,
1239 1693 1338 1748 per
1369 1678 1598 1748 gratim
1626 1677 1837 1731 honore
1857 1675 2019 1731 deco-

446 1778 633 1825 ratum
655 1785 860 1826 vocans
882 1771 1013 1826 :sed
1032 1770 1300 1826 conﬁtens
1326 1771 1507 1840 ipsum
1541 1769 1886 1839 unigenitum
1919 1767 2017 1821 Dei
2053 1808 2096 1862 Β

446 1859 642 1916 Filium
669 1876 811 1928 esse,
832 1863 1112 1917 hominem
1141 1863 1354 1916 scilicet
1377 1860 1602 1924 factum,
1640 1868 1697 1914 et
1726 1859 1875 1914 hunc
1919 1873 2020 1926 pro

445 1952 538 2007 iilo
564 1967 887 2022 agnoscens,
919 1967 1024 2006 nec
1044 1952 1257 2021 uspiam
1281 1967 1374 2006 res
1402 1951 1525 2005 illas
1552 1949 1824 2004 dividens.
1845 1947 2018 2014 Quid-

446 2057 568 2096 nam
607 2057 740 2113 ergo
769 2042 1080 2098 Dominus?
1110 2043 1359 2113 nunquid
1395 2044 1645 2113 increpat
1684 2043 1928 2102 Petrum,
1960 2049 2021 2094 ut

443 2151 553 2190 non
579 2135 987 2190 discernentem
1028 2145 1274 2201 naturas,
1323 2151 1502 2205 neque
1538 2135 1878 2190 dividentem
1927 2133 2017 2186 Fi-

445 2227 578 2280 lium
610 2227 850 2281 hominis
869 2241 900 2280 a
927 2226 1130 2281 deitate
1160 2226 1362 2282 Verbi?
1389 2225 1640 2296 nunquid
1671 2223 2017 2295 obiurgabat,

444 2318 612 2372 veluti
642 2317 863 2372 deitatis
894 2326 951 2372 et
978 2317 1335 2372 humanitatis
1372 2326 1598 2372 naturas
1629 2330 1740 2371 non
1766 2329 2022 2384 separan—

447 2407 600 2461 tem?
641 2422 710 2461 an
743 2407 932 2478 potius
974 2408 1197 2463 beatum
1238 2423 1364 2462 eum
1393 2407 1746 2478 praedicabat,
1781 2407 1972 2462 dicens
2004 2426 2018 2461 :

451 2518 472 2549 ι
519 2499 720 2554 Beatus
741 2515 804 2555 es
827 2498 1018 2555 Simon
1042 2499 1307 2555 Bar-Jona
1339 2517 1352 2552 :
1386 2499 1514 2568 quia
1545 2514 1675 2554 caro
1707 2507 1764 2554 et
1800 2499 2023 2569 sanguis

444 2605 555 2645 non
596 2591 861 2646 revelavit
902 2591 1025 2655 tibi,
1078 2591 1176 2646 sed
1225 2591 1386 2646 Pater
1431 2605 1586 2646 meus
1614 2590 1709 2659 qui
1757 2590 1811 2644 in
1868 2591 2023 2648 cmlis

443 2687 528 2734 est
551 2679 615 2733 “.
656 2699 676 2732 ›
704 2681 924 2735 Etenim
945 2697 1070 2736 cum
1101 2681 1170 2737 de
1194 2682 1395 2737 visibili
1435 2681 1492 2737 id
1520 2681 1836 2748 aﬂirmaret,
1875 2685 2023 2753 quod

443 2782 512 2824 ex
539 2778 741 2824 natura
763 2769 975 2824 visibili
1001 2785 1112 2824 non
1137 2769 1435 2834 didicerat;
1472 2769 1666 2825 beatus
1697 2771 2022 2840 pronuntia-

447 2866 560 2922 tur,
579 2865 768 2928 utpote
801 2859 938 2913 illud
959 2859 1107 2929 quod
1131 2858 1201 2914 de
1228 2874 1392 2916 carne
1413 2860 1644 2926 dixerat,
1671 2876 1781 2916 non
1812 2876 2024 2916 acarne

444 2959 502 3004 et
527 2949 794 3020 sanguine
834 2951 1085 3016 edoctus,
1130 2952 1230 3007 sed
1259 2953 1475 3008 aPatre
1516 2952 1611 3020 qui
1652 2951 1708 3014 in
1737 2951 1893 3007 ctelis
1917 2963 2020 3006 est.

447 3039 582 3095 Nam
615 3041 789 3098 Deum
805 3040 1048 3096 Verbum
1077 3040 1132 3095 in
1155 3056 1319 3100 carne
1340 3051 1697 3110 apparentem
1728 3058 2024 3113 cognosce-

2119 576 2304 646 τηθεὶς
2337 577 2440 629 ὑπὸ
2487 575 2582 628 τοῦ
2620 573 2824 644 Κυρίου
2882 571 3018 641 μετά
3049 570 3156 622 τῶν
3197 565 3401 620 λοιπῶν
3454 566 3690 619 ἀποστό-

2119 669 2246 722 λων.
2293 667 2511 737 Ἐπειδὴ
2544 667 2650 737 γὰρ
2677 665 2811 736 πρὸς
2837 663 3034 724 αὐτοὺς
3051 664 3080 715 6
3103 660 3305 731 Κύριός
3335 677 3486 728 φησι,
3515 677 3532 708 ι
3552 659 3696 712 Τίνα

2124 777 2193 829 με
2221 759 2469 826 λέγουσιν
2501 759 2552 812 oi
2585 759 2862 828 ἄνθρωποι
2887 755 2980 808 τὸν
3024 754 3150 808 Υίὺν
3187 751 3283 805 τοῦ
3312 751 3602 820 ἀνθρώπου
3625 767 3640 815 ;
3661 770 3681 801 ι

2118 846 2263 910 τινὲς
2287 847 2386 916 μὲν
2415 846 2784 917 ἀπεκρίναντο
2809 843 3059 912 λέγοντες
3081 859 3095 873 ·
3134 859 3154 892 ι
3185 842 3250 894 Οἱ
3287 842 3386 910 μὲν
3427 840 3688 908 Ἰωάννην

2117 940 2210 994 τὸν
2236 940 2571 1010 Βαπτιστήν,
2593 939 2644 992 οἱ
2675 937 2735 990 δὲ
2782 935 2968 989 Ἠλίαν
2989 975 3005 1000 ,
3037 933 3215 1005 ἕτεροι
3236 931 3292 984 δὲ
3330 929 3617 1000 Ἰερεμίαν,
3650 930 3689 998 ἥ

2117 1032 2214 1086 ἕνα
2241 1031 2350 1085 τῶν
2371 1028 2706 1102 προφητῶν.
2729 1047 2747 1078 ι
2779 1021 2916 1080 Εἶτα
2955 1023 3049 1077 τοῦ
3084 1023 3288 1094 Κυρίου
3328 1019 3689 1084 δεικνύοντος,

2117 1126 2202 1180 ὃτι
2252 1125 2303 1177 οἱ
2345 1122 2574 1194 τοιαῦτα
2619 1121 2872 1189 λέγοντες
2901 1115 3103 1186 τιμῶσι
3149 1116 3249 1186 μὲν
3297 1114 3390 1168 τὸν
3424 1113 3549 1166 Υίὺν
3589 1111 3690 1164 τοῦ

2117 1215 2430 1285 ἀνθρώπου,
2464 1215 2562 1282 τῆς
2592 1212 2652 1266 δὲ
2674 1210 2932 1279 ἀληθείας
2985 1206 3476 1276 ἀπολιμπάνονται,
3507 1203 3694 1273 ἐρωτᾷ

2117 1309 2244 1369 τοὺς
2291 1304 2642 1366 ἀποστόλους,
2679 1303 2732 1355 ei
2779 1318 2831 1354 τι
2881 1301 3096 1370 φρονεῖν
3123 1296 3296 1366 ἔχοιεν
3345 1293 3528 1366 μεῖζον
3558 1291 3697 1362 περὶ

2118 1397 2307 1460 αὑτοῦ,
2326 1397 2419 1450 καί
2445 1412 2578 1464 φησι
2601 1412 2614 1425 ’
2647 1411 2670 1448 ι
2701 1394 2888 1462 Ὑμεῖς
2915 1391 2970 1444 δὲ
2991 1390 3114 1443 τίνα
3137 1405 3204 1459 με
3237 1387 3423 1456 λέγετε
3455 1380 3631 1446 εἷναις
3661 1402 3684 1435 ι

2132 1491 2293 1544 Ἀλλά
2313 1488 2550 1556 πρόσεχε
2578 1487 2661 1539 ὅτι
2692 1482 2868 1537 ταῦτα
2892 1481 3066 1547 λέγει,
3089 1478 3184 1560 τὴν
3207 1476 3401 1530 πεῦσιν
3433 1474 3561 1545 περὶ
3593 1472 3690 1527 τοῦ

2119 1583 2253 1636 Υίοῦ
2295 1579 2390 1632 τοῦ
2423 1576 2712 1646 ἀνθρώπου
2767 1572 3108 1642 ποιούμενος.
3152 1589 3168 1620 ι
3193 1569 3336 1638 Πρὸς
3362 1567 3420 1622 ὃν
3458 1569 3692 1635 ἀποκρι-

2120 1676 2234 1738 θεὶς
2262 1676 2292 1727 6
2325 1673 2532 1742 Πέτρος
2567 1669 2735 1740 φησί·
2765 1667 2837 1721 Σὺ
2867 1661 2919 1718 εἷ
2957 1666 2984 1718 6
3037 1661 3270 1732 Χριστὸς
3319 1662 3347 1712 6
3391 1659 3516 1720 Υἱὸς
3551 1656 3693 1710 Θεοῦ

2121 1766 2342 1830 ζῶντος.
2366 1783 2384 1813 ι
2425 1764 2537 1814 Οὐκ
2569 1760 2857 1829 ἄνθρωπον
2888 1752 3058 1807 εἰπὼν
3087 1751 3248 1805 αὑτὸν
3285 1751 3360 1813 ὠς
3394 1750 3575 1808 πολλοὶ
3603 1766 3695 1800 τε·

2119 1858 2422 1930 τιμημένον
2453 1858 2521 1926 τῇ
2553 1855 2768 1924 χάριτι·
2802 1849 2916 1906 ἀλλ’
2951 1847 3111 1901 αὑτὸν
3157 1846 3494 1914 ὁμολογήσας
3550 1839 3696 1898 εἶναι

2119 1952 2211 2004 τὸν
2260 1947 2522 2020 μονογενῆ
2548 1946 2677 1999 Υἱὸν
2707 1943 2805 1996 τοῦ
2834 1938 2992 2003 Θεοῦ,
3029 1936 3228 2009 δηλαδὴ
3272 1935 3562 2005 γενόμενον
3600 1935 3697 1988 ἇν-

2120 2046 2358 2114 θρωπον,
2382 2040 2480 2092 καὶ
2524 2037 2713 2090 τοῦτον
2756 2035 2960 2087 ἐκεῖνον
2991 2029 3284 2100 γνωρίσας,
3320 2028 3413 2081 καὶ
3440 2025 3698 2098 μηδαμοῦ

2118 2135 2189 2188 τά
2215 2133 2521 2201 πράγματα
2557 2129 2801 2198 διαιρῶν.
2835 2129 2900 2181 Τί
2937 2127 3030 2183 οὖν
3065 2133 3094 2182 ὁ
3143 2128 3383 2196 Κύριος;
3419 2117 3528 2192 ἄρα
3568 2121 3698 2171 ἐπι-

2119 2227 2254 2296 τιμᾷ
2279 2223 2356 2293 τῷ
2390 2222 2578 2292 Πέτρῳ
2605 2219 2680 2282 ὡς
2711 2220 2786 2290 μὴ
2806 2217 3280 2296 διακρίναντιρτάς
3310 2214 3521 2284 φύσεις,
3552 2208 3698 2279 μηδὲ

2119 2293 2469 2386 διαστήσαντι
2514 2313 2615 2377 τῆς
2658 2311 2752 2365 τοῦ
2805 2312 2980 2380 Λόγου
3029 2293 3282 2380 θεότητος
3311 2306 3401 2360 τὸν
3433 2304 3565 2362 Υἱὸν.
3597 2301 3696 2353 τοῦ

2121 2403 2444 2474 ἀνθρώπου;
2486 2398 2596 2471 ἀρα
2624 2399 2950 2469 ἐπέπληξεν,
2997 2400 3072 2463 ὡς
3125 2398 3198 2469 μὴ
3248 2396 3542 2466 χωρίσαντι
3594 2391 3698 2451 τὰς

2123 2497 2313 2566 φύσεις
2369 2493 2622 2557 θεότητός
2671 2507 2731 2544 τε
2772 2491 2867 2543 καὶ
2915 2489 3370 2560 ἀνθρωπότητος;
3420 2484 3453 2554 ἢ
3493 2479 3702 2552 μᾶλλον

2123 2585 2463 2656 ὲμακάρισεν
2511 2582 2695 2647 αὑτὸν,
2752 2580 2966 2648 λέγων·
3035 2579 3368 2647 «Μακάριος
3413 2569 3464 2627 εἴ
3513 2572 3701 2642 Σίμων

2125 2679 2269 2746 Βᾶρ-
2284 2677 2440 2730 Ἰωνᾶ
2463 2693 2476 2705 ·
2503 2675 2585 2728 ὅτι
2626 2671 2764 2744 σὰρξ
2789 2672 2884 2726 καὶ
2913 2666 3052 2742 αἷμα
3079 2672 3182 2724 οὐκ
3216 2665 3535 2729 ἀπεκάλυψέ
3589 2679 3697 2724 σοι,

2122 2770 2236 2823 ἀλλ’
2263 2770 2290 2821 6
2325 2769 2512 2837 Πατήρ
2557 2782 2658 2835 μου
2684 2766 2712 2819 6
2743 2767 2800 2818 ἐν
2841 2766 2950 2828 τοῖς
2974 2764 3241 2833 οὐρανοῖς.
3272 2781 3290 2812 ι
3337 2757 3551 2826 Ἐπειδὴ
3587 2754 3704 2823 γὰρ

2123 2858 2243 2914 εἷπε
2292 2861 2420 2928 περὶ
2474 2858 2566 2910 τοῦ
2613 2857 2918 2934 ὁρωμένου,
2949 2855 3103 2908 ὃοὺκ
3145 2855 3214 2906 ἐκ
3267 2852 3363 2918 τῆς
3413 2845 3703 2920 ὁρωμέντὶς

2125 2954 2336 3022 φύσεως
2359 2950 2552 3021 ἔμαθε,
2596 2947 2986 3021 μακαρίζεται³
3021 2945 3095 3008 ὡς
3119 2941 3181 2998 τὸ
3209 2942 3370 3014 ῥηθὲν
3403 2940 3528 3009 περὶ
3560 2954 3706 3006 σαρ-

2123 3048 2220 3109 κὸς
2253 3047 2327 3114 μὴ
2360 3041 2546 3113 μαθὼν
2578 3040 2730 3110 παρὰ
2757 3037 2957 3108 σαρκὸς
2986 3035 3358 3104 καὶαϊματος,
3388 3028 3527 3106 ἀλλά
3544 3025 3704 3096 παρᾶ

450 3146 532 3196 re,
555 3145 746 3186 revera
774 3131 843 3185 ad
864 3131 962 3187 Dei
989 3131 1278 3201 Patrisque
1297 3132 1666 3202 cognitionem
1689 3135 2023 3202 pertinebat.

2127 3136 2222 3191 τοῦ
2257 3134 2469 3205 Πατρὺς
2501 3132 2596 3186 τοῦ
2623 3133 2680 3184 ὲν
2707 3129 2980 3201 οὐρανοῖς.
3019 3127 3093 3180 Τὸ
3123 3126 3232 3196 γὰρ
3269 3122 3401 3182 Θεὸν
3435 3121 3608 3188 Λόγον
3641 3120 3706 3169 ὲν

450 3226 613 3293 σαρκὶ
650 3222 883 3293 ὀφθέντα
921 3222 1207 3292 γνωρίσαι,
1235 3223 1408 3286 ὄντως
1459 3224 1560 3293 τῆς
1603 3225 1699 3280 τοῦ
1731 3227 1866 3283 Θεοῦ
1909 3231 2003 3282 καὶ
2027 3230 2237 3304 Πατρὸς
2266 3226 2520 3295 γνώσεως
2542 3221 2632 3295 ἦν.

519 3317 656 3373 XVI.
675 3316 943 3383 Quocirca
959 3316 1632 3377 etNicmniPatresJesum
1657 3319 1806 3374 hunc
1823 3321 2024 3378 Filium

450 3408 710 3473 hominis,
739 3408 808 3465 de
846 3423 957 3478 quo
975 3407 1142 3462 etiam
1175 3408 1441 3466 Dominus
1463 3409 1689 3472 Petrum
1716 3409 2026 3483 interroga-

449 3501 560 3564 bat,
579 3499 931 3570 Unigenitum
949 3499 1294 3569 appellabant
1307 3501 1827 3560 consubstantialem
1839 3502 1991 3559 Patri
2009 3523 2022 3558 :

451 3589 594 3644 idem
625 3604 750 3643 cum
783 3602 984 3657 magno
1024 3587 1191 3648 Pctm
1210 3588 1280 3643 de
1308 3589 1427 3658 ipso
1473 3589 1757 3656 dicentes,
1792 3600 1849 3648 et
1875 3593 2028 3648 Petri

449 3682 764 3750 dogmatum
808 3676 1038 3746 vestigia
1083 3685 1402 3746 sequentes.
1436 3678 1592 3734 Hunc
1645 3681 1796 3736 enim
1836 3681 2024 3736 Iesum

451 3771 784 3826 conﬁtcntlt'
809 3769 1008 3829 Filium
1056 3769 1342 3834 Deivivi,
1397 3771 1644 3840 genitum
1698 3789 1766 3828 ex
1827 3774 2023 3838 Patre,

453 3867 555 3919 hoc
588 3871 691 3926 est,
732 3877 800 3917 ex
827 3861 1140 3920 substantia
1188 3863 1328 3932 ejus,
1367 3864 1897 3928 consubstantialem
1927 3866 2029 3920 Pa-

453 3957 541 4010 tri.
575 3955 655 4009 Ne
675 3954 822 4010 enim
853 3969 1094 4015 errones,
1130 3953 1223 4010 isti
1251 3954 1438 4014 Jesum
1481 3955 1804 4025 adoptivum
1848 3957 2024 4014 ﬁlium

449 4045 846 4110 existimarent,
878 4044 1293 4115 subjungehant.
1307 4045 1484 4100 sancti
1520 4045 1730 4111 Patres,
1773 4063 1794 4096 ι
1827 4045 2028 4116 linige-

452 4139 630 4194 nitum
658 4153 726 4194 ex
767 4139 931 4194 Patre
957 4145 1168 4203 natum.
1213 4155 1232 4188 ›
1259 4137 1477 4194 ῡείηιιει
1501 4135 1816 4202 accuratius
1864 4135 2027 4192 ﬁdem

450 4230 786 4301 explicantes
809 4230 1038 4289 dicunt:
1070 4249 1104 4292 ι,
1127 4230 1302 4294 Deum
1324 4229 1392 4284 de
1431 4229 1564 4294 Deo,
1591 4247 1607 4277 ι
1647 4228 1797 4292 hunc
1818 4227 2034 4284 scilicet

447 4321 636 4380 Jesum
664 4361 679 4386 ,
719 4340 738 4374 ι
775 4321 963 4376 lumen
996 4320 1066 4376 de
1098 4320 1338 4386 lumine,
1384 4319 1556 4374 Deum
1587 4333 1780 4374 verum
1824 4318 2030 4374 deDeo

452 4429 584 4468 vero
612 4431 626 4466 ι
657 4413 924 4482 genitum,
943 4427 1053 4466 non
1072 4412 1299 4475 factum,
1318 4411 1838 4466 consubstantialem
1857 4410 2028 4473 Patri,

2200 3323 2318 3387 Ιςν.
2351 3317 2451 3371 Διά
2497 3316 2657 3370 τοῦτο
2681 3316 2778 3368 καὶ
2803 3317 2852 3366 οἱ
2893 3313 2992 3364 ἐπὶ
3033 3310 3131 3380 τῆς
3159 3306 3391 3368 Νικαίας
3426 3304 3702 3374 Πατέρες,

2127 3414 2218 3467 τὸν
2261 3408 2469 3480 Ἰησοῦν
2508 3407 2697 3460 τοῦτον
2729 3405 2819 3458 τὸν
2844 3403 2972 3456 Υίδν
3003 3400 3099 3454 τοῦ
3131 3396 3446 3468 ἀνθρώπου,
3483 3395 3610 3466 περὶ
3639 3388 3706 3448 οὗ

2128 3505 2225 3560 καὶ
2251 3502 2456 3574 Πέτρον
2485 3501 2513 3554 6
2552 3497 2762 3568 Κύριος
2808 3488 3295 3566 ἥρετοᾼὶιονογενῆ
3329 3483 3710 3576 ’προσηγόρευτ⁵

2131 3614 2230 3650 σαν
2277 3592 2563 3664 ὁμοούσιον
2591 3590 2670 3660 τῷ
2707 3585 2904 3658 Πατρὶ,
2942 3583 3026 3655 τῷ,
3057 3581 3278 3654 μεγάλῳ
3323 3579 3515 3650 Πέτρῳ
3573 3595 3636 3629 πε
3651 3577 3709 3648 pi.

2131 3686 2297 3742 αὑτοῦ
2334 3688 2598 3754 σύμφωνα
2625 3680 2893 3748 λέγοντες,
2927 3675 3156 3738 καὶτοῖς
3187 3673 3356 3742 ἴχνεσι
3375 3668 3468 3722 τοῦ
3493 3667 3707 3737 Πέτρου

2131 3777 2423 3848 δογμάτων
2447 3774 2726 3842 ἑπόμενοι.
2769 3769 2970 3832 Τοῦτον
3003 3765 3118 3836 γὰρ
3136 3763 3229 3819 τὸν
3276 3760 3482 3830 Ἰησοῦν
3512 3758 3708 3848 ὁμολοῖ

2131 3846 2317 3935 γοῦσιν
2346 3864 2472 3917 Υίὸν
2499 3862 2595 3916 τοῦ
2625 3859 2761 3914 Θεοῦ
2786 3859 2879 3912 τοῦ
2905 3856 3128 3924 ζῶντος,
3161 3851 3490 3922 γεννηθέντα
3518 3851 3584 3902 ὲκ
3608 3846 3708 3900 τοῦ

2132 3956 2366 4027 Πατρὸς,
2392 3952 2696 4017 τουτέστιν,
2737 3953 2802 4006 ὲκ
2829 3949 2931 4017 τῆς
2974 3945 3165 4009 οὐσίας
3197 3942 3384 4006 αὑτοῦ,
3419 3939 3710 4008 ὁμοούσιον

2129 4047 2206 4119 τῷ
2237 4046 2430 4116 Πατρί.
2459 4042 2708 4114 Ἵνα-γάρ
2741 4041 2816 4112 μὴ
2861 4039 3014 4092 θετὸν
3048 4037 3176 4090 Υἱὸν
3202 4033 3498 4103 νομίσωσιν
3523 4030 3574 4082 oi
3605 4045 3708 4119 πε-

2130 4117 2462 4208 πλανημένοι
2490 4134 2583 4188 τὸν
2617 4131 2844 4198 Ἰησοῦν,
2863 4129 3141 4199 ἐπήγαγον
3169 4126 3218 4179 οἱ
3250 4121 3523 4191 Πατέρες*
3553 4138 3572 4171 ι
3601 4117 3713 4173 Τὸν

2129 4229 2458 4300 γεννηθέντα
2479 4229 2548 4280 ὲκ
2566 4225 2659 4279 τοῦ
2686 4222 2900 4295 Πατρὺς
2923 4217 3228 4288 Μονογενῆ.
3255 4234 3273 4268 ι
3307 4209 3440 4268 Εἶτα
3481 4212 3712 4279 ἐξακρι-

2128 4319 2358 4380 ϐοῦντες
2385 4315 2482 4388 τήν
2508 4315 2714 4378 πίστιν,
2738 4301 2989 4382 λέγουσι·
3025 4328 3043 4362 ι
3069 4308 3201 4362 Θεὸν
3236 4309 3299 4359 ὲκ
3323 4303 3457 4359 Θεοῦ
3476 4319 3488 4330 ·
3520 4322 3540 4354 ι
3586 4302 3712 4355 τοῦ·

2129 4429 2218 4464 τον
2270 4408 2514 4480 δηλονότι
2572 4407 2664 4461 τὸν
2727 4403 2964 4475 Ἰησοῦνο
3006 4401 3162 4470 «φῶς
3211 4401 3280 4452 ὲκ
3327 4395 3522 4466 φωτὸς,
3571 4393 3713 4446 Θεὸν

454 4521 551 4574 per
579 4519 745 4574 quem
787 4504 972 4558 omnia
1019 4502 1160 4572 facta
1202 4509 1352 4566 sunt,
1383 4517 1613 4572 qumque
1661 4502 1717 4558 in
1766 4503 1926 4568 coelo,
1971 4511 2025 4558 et

2134 4501 2384 4574 ἀληθινὸν
2431 4503 2494 4555 ἐκ
2545 4496 2682 4552 Θεοῦ
2734 4493 3028 4564 ἀληθινοῦ·
3063 4490 3412 4574 γεννηθέντα,
3443 4488 3504 4540 οὗ
3548 4503 3712 4554 ποιη-

453 4610 576 4665 qute
613 4594 671 4656 in
704 4602 886 4659 terra;
920 4611 940 4644 ι
992 4608 1056 4648 ea
1092 4593 1160 4647 de
1194 4591 1332 4646 Filio
1381 4593 1621 4650 hominis
1667 4593 2024 4657 afﬁrmantes,

455 4703 576 4756 qua:
604 4685 800 4740 Petrus
835 4684 1080 4739 breviter
1104 4683 1387 4739 confessus
1418 4685 1614 4740 beatus
1650 4684 2024 4755 indicabatur.

456 4780 525 4839 At
559 4784 848 4847 postquam
874 4773 1232 4830 ostenderant
1277 4775 1558 4830 Christum
1583 4775 1768 4829 Jesum
1811 4789 1932 4828 esse
1961 4771 2028 4825 il-

454 4873 569 4925 lum
604 4870 783 4940 ipsum
830 4866 1029 4922 Filium
1081 4876 1207 4923 ante
1261 4868 1482 4933 saacula,
1515 4866 1642 4920 vide
1667 4881 1774 4936 qua
1819 4866 2031 4921 ratione

457 4961 658 5022 iterum
710 4958 1054 5029 unigenitum
1095 4967 1224 5020 ante
1267 4959 1466 5022 stecula
1500 4955 1792 5010 hominem.
1829 4955 2033 5010 factum

456 5052 770 5116 ostendant,
799 5050 1100 5122 reciprocis
1144 5049 1296 5104 hisce
1325 5045 1792 5104 attributionibus.
1811 5045 2034 5115 dispen-

457 5139 703 5198 sationis.
745 5139 1040 5198 salutiferte
1081 5138 1344 5193 unionem
1392 5135 1717 5206 probantes,
1760 5143 1817 5188 et
1867 5149 2035 5192 unum

455 5229 824 5297 cumdemque
857 5229 1213 5286 ostendentes
1246 5227 1418 5280 Deum
1455 5225 1810 5280 exsistentem
1846 5224 2036 5294 unige-

459 5322 659 5383 nitum,
689 5331 746 5376 et
797 5323 1075 5380 hominem
1109 5331 1336 5392 propter
1362 5319 1614 5375 homines
1637 5320 1859 5375 factum.
1888 5321 2041 5375 Post-

457 5428 622 5480 quam
645 5412 792 5466 enim
817 5414 1108 5470 Dominum
1143 5413 1330 5468 Jesum
1363 5411 1642 5467 Christum
1671 5411 2036 5467 consubstan-

2109 4573 2294 4649 ’θέντα
2318 4612 2328 4624 ·
2353 4591 2636 4662 ὁμοούσιον
2663 4587 2739 4658 τῷ
2770 4586 2966 4657 Πατρὶ,
3001 4573 3142 4636 δι’οὗ
3163 4581 3231 4634 τὰ
3261 4580 3437 4634 πάντα
3467 4576 3710 4644 ἐγένετο,

2127 4689 2195 4742 τά
2225 4704 2285 4739 τε
2335 4686 2393 4736 ὲν
2441 4679 2678 4754 οὐρανῷ,
2708 4679 2803 4736 καὶ
2835 4676 2905 4729 τὰ
2937 4677 2994 4728 ἐν
3025 4676 3092 4744 τῇ
3123 4675 3214 4743 γῇ.
3240 4690 3257 4723 ι
3285 4669 3422 4740 Περὶ⁸
3449 4668 3542 4720 τοῦ
3573 4666 3712 4718 Υἱοῦ

2128 4777 2220 4832 τοῦ
2253 4773 2543 4847 ἀνθρώπου
2574 4770 2748 4826 ταῦτα
2777 4769 3047 4836 λέγοντες,
3079 4765 3114 4819 ἃ
3148 4762 3424 4832 ξυντόμως
3446 4762 3474 4813 6
3500 4759 3717 4830 Πέτρος

2129 4868 2496 4939 ὁμολογήσας,
2577 4861 2771 4932 ἐκρίθη
2831 4859 3120 4929 μακάριος.
3165 4855 3306 4908 Ἀλλ’
3369 4850 3558 4922 ἐπειδὴ
3617 4850 3720 4901 τὸν

2131 4958 2366 5030 Χριστὸν
2430 4953 2636 5018 Ἰησοῦν
2673 4952 2836 5007 αὐτὸν
2869 4946 3009 5004 εἶναι
3065 4949 3156 5002 τὸν
3203 4947 3308 5016 πρὸ
3335 4945 3547 4999 αἰώνων
3582 4942 3718 4994 Υἱὸν

2135 5051 2502 5123 ἀπεφήναντο,
2539 5049 2641 5117 ὅρα.
2692 5045 2809 5107 πῶς
2839 5042 2999 5096 πάλιν
3047 5041 3136 5094 τὸν
3161 5039 3266 5110 πρὸ
3299 5037 3508 5091 αἰώνων
3531 5035 3718 5088 Μονο-

2134 5143 2269 5211 γενῆ
2305 5140 2643 5194 δεικνύουσιν
2664 5137 2947 5204 ἄνθρωπον
2986 5131 3350 5201 γεγενημένον
3373 5145 3385 5156 ·
3411 5128 3532 5190 ταῖς
3566 5126 3718 5178 ἀντι-

2135 5234 2315 5287 δόσεσι
2359 5231 2590 5293 ταύταις.
2627 5228 2732 5298 τῆς,
2754 5226 3025 5297 σωτηρίου
3053 5221 3366 5292 οἰκονομίας
3390 5219 3486 5290 τὴν
3516 5216 3718 5269 ἕνωσιν

2135 5323 2487 5394 ὲςοιστῶντες,
2517 5323 2612 5380 καὶ
2654 5320 2752 5374 ἕνα
2789 5319 2879 5372 καὶ
2907 5317 2996 5370 τὸν
3029 5315 3191 5368 αὐτὸν
3223 5311 3547 5371 δεικνύντες,
3581 5305 3718 5359 Θεὸν

2139 5430 2198 5465 τε
2235 5412 2363 5466 ὅντα
2396 5411 2677 5482 μονογενῆ,
2710 5408 2804 5462 καὶ
2841 5405 3125 5474 ἄνθρωπον
3165 5403 3232 5454 δι’
3263 5398 3582 5470 ἀνθρώπους
3618 5410 3717 5461 γε-

461 5502 644 5557 tialem
674 5500 942 5559 dixissent
959 5503 1127 5566 Patri,
1151 5501 1428 5565 eumdem,
1460 5516 1570 5555 non
1594 5499 1782 5566 alium,
1816 5511 2025 5570 proptel

2140 5481 2461 5572 γενημένον.
2509 5498 2726 5569 Ἐπειδὴ
2779 5497 2887 5568 γὰρ
2936 5492 3095 5548 εἶπαν
3127 5492 3218 5546 τὸν
3259 5488 3465 5560 Κύριον
3510 5481 3718 5555 Ἰησοῦν

462 5607 560 5646 nos
592 5590 844 5651 homines
877 5600 934 5645 et
975 5601 1203 5660 propter
1234 5600 1476 5650 nostram
1537 5589 1770 5644 salutem
1807 5589 2036 5646 descen-

529 5769 574 5798 ""
616 5767 805 5821 Matth.
837 5785 941 5834 XVI,
974 5770 1062 5828 lii,
1092 5769 1172 5822 Li.
1252 5772 1294 5799 ²“
1324 5768 1456 5821 ibid.
1591 5767 1720 5821 ih'ul.
1757 5769 1840 5822 16.

2140 5593 2373 5664 Χριστὸν
2406 5593 2690 5662 ὁμοούσιον
2715 5589 2792 5659 τῷ
2818 5587 3010 5660 Πατρὶ,
3034 5585 3126 5640 τὸν
3153 5582 3336 5647 αὑτὸν,
3368 5580 3466 5648 οὐχ
3502 5576 3719 5649 ἓτερον,

1915 5769 1952 5798 ³¹
1987 5767 2121 5822 ibid.
2168 5769 2247 5822 17.

2135 5953 2168 5974 ὼ
