4076 6440
313 379 449 436 13157

1471 380 1833 437 EXPOSITIO
1871 380 2160 436 SYM'BOLI
2203 380 2469 436 NlCJENl.

3421 376 3445 430 1
3455 376 3560 430 558

313 493 380 545 δι’
415 491 561 561 ἡμᾶς
592 489 716 552 τοὺς
764 488 1102 560 ἀνθρώπους,
1136 491 1285 558 ψασὶ,
1326 493 1418 545 καὶ
1440 476 1529 544 διά
1557 493 1655 563 τὴν
1681 493 1881 562 ἡμετέ-

2004 493 2152 553 lisse,
2178 502 2234 548 ot
2261 494 2624 555 incarnatum,
2652 503 2707 548 et
2743 489 3022 564 hominem
3054 487 3280 553 factum,
3304 503 3558 558 passum-

319 597 416 652 ραν
459 579 736 649 σωτηρίαν
784 580 1136 642 κατελθόντα,
1181 583 1551 653 σαρκωθέντα,
1587 585 1679 637 καὶ
1732 586 1885 636 ἐναν-

316 672 706 744 θρωπήσαντᾳ,
737 673 978 726 παθόντα
1012 676 1104 726 καὶ
1127 675 1433 730 ἀναστάντα
1468 678 1536 746 τῇ
1565 676 1722 747 τρίτῃ
1748 675 1888 745 ἠμέ-

319 782 409 833 pq.
468 763 685 834 Ἐπειδὴ
739 765 849 833 γὰρ
899 763 1060 817 εἶπαν
1106 765 1434 820 κατελθόντα
1480 766 1572 820 τὸν
1624 767 1886 838 μονογενῆ
1928 779 1930 781 ·

315 853 448 907 Θεὸν
469 854 662 922 Λόγον,
699 856 788 908 ἵνα
819 856 894 927 μὴ
920 857 1149 928 τοπικὴν
1169 857 1305 910 Θεοῦ
1327 860 1526 929 νοήσῃς
1555 858 1853 928 μετάϐασιν
1870 873 1884 888 ⁸

318 944 508 1018 θεότης
545 947 654 1018 γάρ
681 948 750 1001 τὰ.
784 949 962 1002 πάντα
991 950 1209 1020 πληροῖ,
1233 951 1332 1020 τῆς
1354 951 1490 1013 ιδίας
1519 951 1620 1004 οὐκ
1651 948 1888 1018 ἀπολιμ-

319 1039 597 1110 πανομένη
646 1040 1029 1115 δημιουργίας·
1064 1043 1422 1114 ἑρμηνεύουσι
1459 1043 1518 1096 τὸ
1549 1061 1567 1094 ι
1605 1041 1893 1096 κατελθόν-

319 1147 407 1195 τα,
436 1150 456 1183 ι
489 1132 757 1196 τουτέστι,
789 1133 1060 1201 λέγοντες,
1102 1153 1119 1186 ι
1151 1134 1504 1205 σαρκωθέντα
1523 1151 1540 1168 ο
1565 1153 1583 1185 ι
1609 1134 1710 1187 οῦκ
1735 1133 1891 1202 οἰκή-

321 1239 490 1275 σαντα
525 1223 686 1293 μόνον
734 1225 790 1278 ἐν
830 1227 897 1296 τῇ
935 1228 1118 1294 σαρκὶ,
1148 1226 1285 1280 ἀλλὰ
1333 1225 1684 1297 σαρκωθέντα
1724 1222 1887 1293 φασί·

319 1314 492 1387 ταύτῃ
535 1318 601 1385 τῇ
651 1315 794 1380 λέξει
845 1317 982 1371 Θεοῦ
1019 1334 1079 1370 τε
1118 1319 1210 1372 καὶ
1237 1317 1524 1388 ἀνθρώπου
1557 1317 1751 1370 ἕνωσιν
1785 1333 1892 1386 μη-

321 1405 540 1469 νύοντες
587 1407 999 1479 ἀκρισέστερον.
1036 1409 1208 1464 Τοῦτο
1248 1410 1358 1481 γάρ
1393 1412 1535 1474 ἐστι,
1575 1410 1729 1478 φασὶ,
1761 1424 1895 1462 κατ’·

319 1498 593 1561 ελθόιτα,
625 1497 686 1551 τὸ
712 1498 1062 1570 σαρκωθῆναι
1077 1500 1168 1554 τὸν
1189 1499 1430 1570 άσαρκον
1455 1500 1542 1554 διὰ
1561 1500 1660 1569 τὴν
1686 1498 1898 1570 ἀνθρώ-

322 1607 443 1642 πων
471 1589 640 1662 ζωὴν,
658 1590 718 1643 ού
746 1591 1176 1663 μεταϐληθεὼης
1201 1592 1302 1662 τῆς
1327 1591 1560 1661 φύσεως.
1594 1590 1763 1646 Πάλιν
1787 1592 1895 1662 γὰρ

320 1680 706 1750 ἀσφαλιζέσθω
755 1682 825 1736 τὰ
873 1683 1141 1754 δόγματα,
1197 1685 1376 1737 πᾶσαν
1410 1683 1579 1753 θύραν
1637 1680 1894 1752 ἐπηρείας

321 1773 680 1827 ἀποκλείοντα
717 1777 782 1845 τῇ
818 1775 1015 1846 πλάνῃ.
1037 1775 1112 1828 Οὐ
1146 1774 1504 1846 μεταϐληθεὶς
1550 1773 1650 1842 τὴν
1680 1772 1841 1843 φύσιν
1867 1774 1897 1825 ό

320 1866 454 1929 Θεὸς
482 1867 706 1934 γέγονεν
739 1868 1024 1938 ἄνθρωπος
1046 1885 1058 1898 ·
1108 1869 1288 1938 ἄπαγε
1311 1884 1323 1896 ·
1381 1867 1514 1920 ἀλλὰ
1547 1865 1896 1936 θαυματουρο

320 1951 497 2028 γήσας
527 1958 626 2028 τὴν
657 1957 878 2012 ’ἐνωσιν’
906 1960 967 2013 οὐ
999 1959 1240 2030 παθτμιὸς
1278 1960 1564 2029 γενόμενος
1589 1957 1687 2029 τὴν
1716 1957 1895 2025 φύσιν,

321 2049 460 2102 ἀλλὰ
499 2049 688 2103 παθὼν
717 2052 785 2120 τῇ
823 2051 958 2122 πρὸς
981 2052 1042 2104 τὸ
1073 2051 1312 2122 παθητὸν
1355 2050 1572 2120 ἀκριϐεῖ
1623 2048 1895 2118 κοινωνίᾳ.

323 2139 387 2192 Et
423 2140 522 2208 μὲν
566 2138 676 2209 γὰρ
708 2140 889 2211 γυμνὴ
924 2142 958 2210 ἡ
997 2139 1163 2209 φύσις
1195 2139 1290 2193 τοῦ
1335 2138 1474 2192 Θεοῦ
1499 2136 1753 2199 τὸπάθος
1787 2135 1900 2188 ἑδέ-

323 2247 468 2300 χετο,
499 2230 670 2295 ὅντως
699 2231 997 2302 ἐλέγχομεν
1020 2231 1154 2285 Θεὸν
1191 2230 1464 2301 παθητόν·
1485 2231 1534 2282 εί
1563 2230 1624 2282 δὲ
1648 2229 1900 2282 πιστεύο-

327 2337 447 2390 μεν,
481 2321 612 2375 Θεὸν
645 2321 744 2392 μὲν
789 2323 930 2393 ὑπὲρ
953 2321 1270 2394 ἀνθρώπων.
1304 2323 1538 2393 θελῆσαι.
1558 2321 1782 2384 παθεῖν,
1797 2320 1904 2389 τῆς

321 2414 380 2466 δὲ
431 2412 649 2482 φύσεως
687 2415 750 2467 ού
799 2414 1095 2486 δεχομένης
1143 2416 1206 2468 τὸ
1250 2415 1442 2480 πάθος,
1495 2414 1766 2484 ἐνωθῆναι
1811 2412 1903 2466 διὰ

323 2504 484 2558 τοῦτο
510 2505 590 2574 τῷ
614 2504 862 2576 παθητῷ,
890 2507 996 2559 καὶ
1031 2507 1097 2575 τῇ
1126 2504 1317 2559 ὲνὼσει
1347 2505 1516 2576 ταύτῃ
1540 2504 1795 2570 δέξασθαι
1839 2503 1900 2556 τὸ

325 2595 532 2658 πάθοςο
573 2595 634 2648 οὐ
674 2597 920 2667 παθητὸν
958 2597 1122 2662 Θεὸν,
1151 2596 1292 2650 ἀλλὰ
1322 2596 1702 2668 φιλάνθρωπον
1746 2596 1902 2664 λέγο-

330 2701 431 2753 μεν
449 2700 464 2715 ·
497 2684 598 2739 οὐκ
625 2685 999 2756 άσθενήσαντα
1026 2686 1116 2740 διὰ
1139 2687 1199 2740 τὸ
1223 2686 1415 2754 πάθος,
1445 2687 1582 2740 ἀλλὰ
1605 2685 1901 2757 δυνηθέντα

325 2775 396 2828 τὰ
420 2777 561 2848 ὑπὲρ
581 2775 764 2845 φύσιν.
800 2777 916 2830 mar
937 2778 1096 2831 τοῦτο
1114 2780 1164 2832 oi
1197 2779 1440 2848 Πατέρες
1469 2777 1717 2839 είπόντες
1738 2776 1900 2829 αὐτὸν

328 2868 698 2939 σαρκωθέντα,
761 2870 1065 2939 ἐπήγαγον,
1113 2869 1640 2940 ὲνανθρωπήσαντα-·
1669 2868 1902 2930 τούτοις,

323 2960 401 3022 ὡς
427 2958 582 3030 ἔφην,
617 2959 868 3031 θεότητός
889 2978 951 3013 τε
983 2961 1079 3013 καὶ
1109 2960 1527 3032 ἀνθρωπότητος
1554 2959 1734 3029 ἄκραν
1767 2959 1903 3010 ἕνω-

326 3067 412 3104 σιν
451 3050 854 3119 ὑποτιθέμενοι.
909 3051 985 3104 Δι’
1015 3053 1082 3119 ἥν
1104 3051 1285 3104 αἰτίαν
1334 3050 1599 3119 ἀσφαλῶς
1619 3052 1902 3120 ἐπήγαγον

327 3141 463 3211 περὶ
489 3140 630 3194 Θεοῦ
657 3141 928 3209 λέγοντες,
956 3141 1038 3206 τὸ,
1068 3141 1342 3194 παθόνταο
1369 3142 1468 3194 ἵνακ
1483 3140 1556 3212 μὴ
1583 3140 1743 3210 φύσιν
1764 3138 1898 3193 Θεοῦ
1927 3163 1970 3221 c

324 3234 610 3303 νοήσωμεν
652 3232 921 3306 παθητὴν,
956 3233 1093 3288 ἀλλὰ
1147 3233 1388 3288 παθόντα
1412 3233 1570 3298 Θεὸν,
1621 3233 1711 3288 διὰ
1755 3233 1816 3286 τὸ
1842 3231 1899 3284 ἓν

323 3325 580 3392 γενέσθαι
600 3326 740 3395 πρὸς
771 3327 832 3380 τὸ
861 3326 1103 3398 παθητὸν
1133 3326 1288 3381 κατὰ
1307 3325 1611 3397 ἀκρίϐειαν.

394 3567 496 3618 IZ'.
539 3565 650 3618 Καὶ
683 3565 764 3635 μὴι
798 3564 1089 3638 θαυμάσῃς
1133 3566 1306 3634 λόγων
1356 3567 1576 3621 ἁκούων
1624 3566 1900 3625 νικώντων

321 3653 422 3706 τὸν
451 3652 628 3722 λόγον.
663 3655 777 3724 Ἰἷῆς
823 3653 1040 3723 φύσεως
1087 3656 1354 3727 κρείττων
1405 3658 1643 3725 ἐγένετο.
1683 3657 1748 3709 'H
1804 3658 1902 3727 μὲν

325 3744 435 3814 γὰρ
483 3744 787 3816 ἀνθρώπων
837 3745 998 3815 φύσις
1031 3749 1095 3802 ἐκ
1125 3747 1437 3819 σπέρματος
1465 3749 1705 3816 γίνεται·
1735 3749 1850 3803 ἀλλ’
1877 3752 1904 3803 ό

325 3833 518 3905 Σωτὴρ
552 3835 618 3890 τὰ
658 3835 798 3906 ὑπὲρ
830 3837 990 3905 φύσιν
1022 3839 1122 3910 τὴν
1147 3840 1427 3911 ἡμετέραν
1475 3840 1899 3912 θαυματουργεῖ.

326 3923 401 3973 Οὐ
441 3921 548 3992 γὰρ
588 3923 801 3995 ἐδεήοη¹
825 3926 1160 3996 σπέρματος,
1195 3929 1290 3983 καὶ
1338 3929 1560 3997 γέγονεν
1590 3929 1900 4000 ἄνθρωπος.

324 4013 638 4084 Θαυμάζεις
663 4016 824 4070 τοῦτο
852 4019 1169 4084 πιστεύσας,
1209 4023 1304 4076 καὶ
1340 4023 1440 4077 οὐκ
1471 4025 1700 4093 ἐρευνᾷς
1757 4023 1904 4091 λογι-

331 4108 488 4174 σμοῖς
506 4124 520 4173 ;
543 4107 739 4162 οὐκοῦν
772 4109 994 4163 πίστευε
1022 4113 1245 4166 κάκεῖνο
1265 4112 1293 4165 ὃ
1327 4114 1457 4181 περὶ⁵
1484 4115 1584 4183 τῆς
1623 4113 1902 4185 Παρθένου

330 4198 724 4264 πεπίστευκας.
777 4203 839 4255 Et
887 4203 996 4274 γὰρ
1029 4205 1136 4258 οὐκ
1161 4205 1434 4278 ἠλλοιώθη,
1485 4206 1763 4278 Παρθένος
1811 4207 1905 4261 καὶ

334 4290 518 4360 μήτηρ
547 4290 784 4358 ἐγένετο,
824 4293 921 4346 καὶ
948 4293 1080 4357 Θεὸς
1119 4295 1198 4365 μὴ
1219 4295 1532 4359 ἁλλοιωθεὶς
1557 4296 1777 4364 γέγονεν
1805 4297 1902 4350 ἄν·

1988 597 2116 650 que,
2143 593 2198 638 ct
2217 583 2579 637 resurrexisse
2606 582 2763 637 tertia
2787 582 2874 636 die
2897 581 3070 636 aiunt.
3094 582 3389 650 Postquam
3410 582 3558 634 enim

1989 673 2262 738 dixerant,
2297 673 2637 744 unigenitum
2681 675 2853 728 Deum
2893 673 3134 736 Verbum
3181 673 3556 737 descendisse,

1992 781 2062 820 ne
2095 766 2324 821 localem
2363 766 2459 820 Dei
2500 761 3147 836 transltumintelligeres
3174 764 3372 837 (deitas
3409 765 3559 819 enim

1990 859 2174 914 omnia
2207 859 2416 928 implet,
2446 876 2476 914 a
2517 860 2742 929 propria
2770 867 3023 914 creatura
3055 875 3322 929 nusquam
3379 859 3562 928 sejun-

1993 951 2152 1022 cta),
2179 953 2456 1022 explicant
2499 951 2633 1006 illud
2665 970 2683 1003 ι
2719 950 3068 1004 descendisse
3094 990 3110 1013 ,
3146 970 3163 1001 ι
3200 950 3332 1004 dum
3371 951 3560 1012 aiunt,

2000 1065 2018 1096 ι
2056 1045 2162 1100 hoc
2185 1053 2290 1109 est,
2332 1045 2676 1099 incarnatum
2707 1059 2861 1099 esse:
2900 1061 2919 1093 ι
2953 1058 3064 1096 non
3104 1043 3279 1096 solum
3305 1041 3562 1095 habitan-

1992 1145 2100 1191 tem
2132 1135 2192 1190 in
2215 1151 2400 1199 carne,
2435 1134 2530 1189 sed
2564 1133 2906 1188 ineat-natum
2925 1132 3136 1194 dicunt,
3168 1130 3266 1184 Dei
3295 1131 3562 1184 hominis—

1993 1241 2101 1297 que
2138 1227 2399 1282 unionem
2441 1226 2752 1280 accuratius
2782 1224 2890 1279 hoc
2920 1221 3181 1293 loquendi
3227 1221 3391 1275 modo
3419 1221 3564 1274 indi-

1994 1327 2200 1373 cantes.
2235 1318 2350 1373 Hoc
2370 1318 2542 1380 enim,
2581 1315 2856 1386 inquiunt,
2877 1321 2965 1370 est
2986 1311 3358 1376 descendisse,
3383 1312 3567 1365 carnis

1969 1419 2274 1479 expertem
2303 1409 2578 1487 incarnari
2611 1415 2838 1478 propter
2868 1405 3163 1461 hominum
3187 1404 3440 1467 salutem,
3473 1419 3569 1455 na-

1995 1509 2122 1554 tura
2151 1513 2496 1568 nequaquam
2530 1505 2758 1551 mutata.
2813 1495 2952 1550 Nam
2999 1494 3312 1564 dogmatum
3363 1491 3573 1546 securi-

2001 1593 2097 1647 tati
2140 1607 2339 1646 rursus
2370 1589 2791 1651 eonsulendum,
2986 1600 3206 1641 omnem
3247 1583 3573 1640 temeritatis

1993 1686 2216 1754 januam
2243 1682 2423 1737 errori
2447 1680 2802 1751 praecludant.
2830 1679 2950 1734 Non
2969 1677 3116 1733 enim
3149 1685 3356 1730 mutata
3376 1683 3573 1736 natura

1999 1775 2148 1828 Deus
2167 1773 2334 1828 homo
2351 1772 2528 1827 factus
2551 1779 2637 1826 est
2664 1770 2854 1842 (absit)
2875 1771 2890 1824 ι
2910 1769 3007 1825 sed
3031 1768 3295 1823 unionem
3330 1766 3572 1821 miracu-

1999 1866 2115 1920 lose
2135 1864 2450 1935 perﬁciens,
2473 1877 2586 1918 non
2620 1862 2903 1932 possibilia
2928 1860 3105 1916 factus
3130 1859 3432 1916 secundum
3472 1875 3572 1913 na-

2000 1966 2204 2021 turam,
2250 1956 2345 2012 sed
2384 1956 2600 2025 patiens
2630 1955 2703 2010 ob
2747 1963 2955 2009 arctam
2982 1969 3108 2008 cum
3143 1952 3390 2022 passibili
3417 1966 3572 2005 com—

1999 2043 2336 2098 munionem.
2390 2043 2526 2097 Nam
2576 2043 2623 2096 si
2681 2042 2830 2096 nuda
2880 2041 2976 2096 Dei
3030 2051 3227 2095 natura
3263 2040 3572 2109 passionem

1999 2135 2370 2198 sustinuisset,
2407 2147 2600 2189 revera
2632 2134 2805 2188 Deum
2838 2132 3151 2202 passibilem
3183 2147 3570 2202 argueremus:

1999 2234 2056 2279 at
2092 2224 2146 2278 si:
2179 2222 2484 2287 credamus,
2515 2223 2690 2277 Deum
2715 2237 2818 2291 pro
2850 2221 3170 2276 hominibus
3205 2221 3320 2290 pati
3349 2219 3574 2289 quidem

1999 2315 2268 2380 voluisse;
2301 2323 2501 2369 natura
2537 2323 2724 2368 autem
2753 2313 3064 2382 passionem
3105 2327 3217 2366 non
3251 2311 3573 2380 recipiente,

1998 2414 2290 2476 propterea
2343 2404 2591 2475 passibili
2642 2405 2859 2459 unitum
2919 2406 3072 2468 esse,
3127 2411 3181 2460 et
3233 2404 3332 2459 hac
3372 2402 3578 2457 unione

1999 2497 2312 2568 passionem
2357 2495 2710 2566 suscepisse:
2738 2511 2851 2552 non
2891 2496 3211 2566 passibilem
3246 2496 3443 2559 Deum,
3479 2494 3577 2548 sed

2000 2587 2417 2643 misericordem
2455 2587 2726 2655 dicimus;
2759 2602 2873 2643 non
2911 2587 3190 2642 inﬁrmum
3224 2595 3282 2641 et
3307 2587 3581 2656 impoten-

2003 2687 2116 2734 tem
2143 2688 2370 2749 propter
2393 2679 2730 2750 passionem,
2768 2678 2865 2734 sed
2899 2685 3184 2748 potentem
3216 2693 3384 2747 supra
3417 2683 3582 2730 natu-

2001 2783 2138 2822 ram.
2193 2767 2491 2836 Propterea
2549 2769 2726 2824 sancti
2790 2768 2980 2824 Patres
3037 2783 3162 2822 cum
3233 2767 3580 2821 ineat-natum

2002 2859 2291 2925 dixissent,
2339 2859 2766 2929 subiunxerunt,
2811 2857 3106 2913 hominem
3147 2855 3353 2913 factum
3391 2875 3404 2909 :
3437 2871 3580 2925 pm-

2001 2962 2398 3024 supponentes,
2427 2961 2491 3006 ut
2533 2952 2666 3016 dixi,
2712 2951 2867 3006 hisce
2903 2951 3094 3007 verbis
3144 2949 3367 3004 deitatis
3399 2957 3460 3003 et
3483 2949 3586 3002 hu—

2003 3045 2284 3100 manitatis
2307 3044 2892 3099 summam-unionem.
2933 3043 3106 3110 Quam
3137 3043 3209 3098 ob
3232 3059 3452 3098 causam
3501 3058 3589 3097 se-

2003 3151 2136 3190 cure
2166 3135 2571 3206 subjungebant
2595 3134 2664 3188 de
2709 3135 2843 3196 Deo,
2884 3133 3164 3197 dicentes,
3204 3148 3332 3187 eum
3362 3145 3587 3201 passum

2004 3242 2126 3282 esse
2158 3245 2169 3278 :
2204 3242 2314 3280 non
2356 3233 2417 3280 ut
2460 3234 2723 3280 naturam
2755 3224 2852 3277 Dei
2890 3223 3208 3292 passibilem
3252 3221 3587 3291 intelligere-

2007 3334 2158 3382 mus;
2193 3319 2290 3372 sed
2336 3319 2510 3372 Deum
2542 3317 2842 3386 patientem
2863 3356 2877 3379 ,
2913 3331 2980 3370 co
3009 3314 3155 3384 quod
3194 3329 3357 3383 quam
3397 3312 3588 3366 arctis-

2004 3413 2143 3466 sime
2180 3425 2304 3466 cum
2336 3409 2582 3480 passibili
2614 3409 2806 3463 unitus
2829 3415 2998 3461 esset.

2077 3568 2237 3624 XVII.
2263 3567 2373 3622 Nec
2403 3565 2643 3629 mireris,
2678 3563 2827 3634 quod
2851 3562 3018 3617 verba
3046 3560 3236 3615 audias
3270 3576 3391 3630 quae
3421 3562 3590 3614 ratio-

2003 3677 2128 3716 nem
2158 3667 2440 3730 superant.
2470 3657 2592 3727 Ipse
2610 3664 2810 3711 natura
2840 3653 3092 3724 superior
3123 3662 3242 3706 erat
3268 3670 3279 3704 :
3304 3652 3591 3705 hominum

2001 3753 2148 3807 enim
2181 3761 2380 3804 natura
2411 3765 2474 3802 ex
2504 3747 2713 3802 semine
2736 3747 2952 3811 oritur;
2978 3745 3073 3799 sed
3099 3743 3359 3799 Serrator
3387 3759 3449 3797 ea
3471 3758 3596 3811 qure

2001 3857 2168 3910 supra
2210 3848 2454 3893 nostram
2490 3846 2747 3890 naturam
2791 3842 2941 3900 sunt,
2992 3833 3320 3887 miraculose
3363 3831 3590 3885 etl'ecit:

2003 3948 2111 3986 non
2140 3932 2289 3985 enim
2325 3927 2607 4000 indigebat
2630 3925 2862 3989 semine,
2885 3931 2940 3978 et
2973 3923 3152 3978 factus
3167 3930 3252 3975 est
3280 3921 3464 3974 homo.
3499 3920 3597 3972 Illi-

2003 4024 2147 4078 raris
2170 4024 2274 4077 hoc
2312 4021 2416 4075 fide
2441 4019 2699 4084 credens,
2731 4027 2787 4073 et
2822 4033 2934 4072 non
2955 4013 3219 4071 scrutaris
3244 4013 3550 4067 rationibus
3571 4009 3599 4065 τ

2001 4132 2134 4186 ergo
2161 4123 2216 4168 et
2260 4113 2397 4168 illud
2450 4111 2636 4175 crede,
2683 4109 2828 4180 quod
2877 4109 2945 4162 de
2979 4105 3201 4176 Virgine
3251 4102 3591 4158 credendum

2002 4207 2287 4278 accepisti.
2328 4206 2385 4261 Si
2421 4205 2568 4260 enim
2602 4204 2768 4272 Virgo
2805 4208 3014 4255 mutata
3053 4214 3164 4252 non
3196 4195 3384 4260 fuerit,
3405 4205 3459 4249 et
3485 4209 3596 4247 ma-

2007 4308 2093 4354 ter
2123 4298 2267 4353 facta
2301 4306 2419 4363 est;
2453 4297 2621 4352 etiam
2658 4295 2802 4348 Deus
2853 4308 2964 4346 non
3011 4297 3256 4344 mutatus
3303 4287 3477 4341 factus
3513 4295 3599 4340 est

286 4424 294 4434 .
333 4380 550 4449 θρωπος
569 4399 584 4415 ·
617 4381 693 4445 ὡς
721 4382 893 4436 ταῦτα
924 4383 1054 4454 δέχῃ
1087 4363 1404 4453 θαυμάζων,
1441 4385 1532 4438 καὶ
1561 4363 1712 4438 οὐδὲν
1737 4386 1902 4439 πολυ-

2015 4392 2181 4446 homo
2211 4408 2222 4442 :
2258 4389 2421 4444 sicuti
2450 4388 2553 4442 ista
2589 4384 2812 4454 recipis,
2845 4382 3147 4444 admirans,
3175 4388 3230 4433 et
3252 4392 3599 4446 nequaquam

333 4471 688 4542 πραγμονῶν,
717 4473 872 4543 δέχου
895 4476 1143 4538 κάκεῖνα,
1167 4475 1301 4528 Θεοῦ
1319 4476 1722 4544 συγκατάὸασιν
1754 4479 1910 4531 ἐπαι-

333 4562 462 4627 νῶν,
491 4565 586 4617 καὶ
619 4564 870 4636 μηδαμοῦ
906 4565 1121 4633 φύσεως
1157 4567 1346 4636 λόγους
1371 4568 1557 4623 κινῶν.
1593 4570 1705 4624 Καὶ
1736 4569 1912 4624 ταῦτα

336 4659 566 4712 κάκεῖνα
585 4657 720 4711 Θεοῦ
743 4659 934 4727 γέγονε
974 4657 1248 4730 θαύματα.
1265 4660 1388 4730 Μιᾷ
1422 4659 1920 4732 πίστει-ἀμφότερα.

339 4748 605 4816 μάνθανε,
649 4751 745 4804 καὶ
777 4751 850 4822 μὴ
883 4751 1072 4804 ἑαυτὸν
1119 4752 1361 4828 ἐμϐάλῃς
1391 4752 1718 4824 άπεράντοις
1745 4753 1915 4823 ζητή-

342 4856 540 4908 μασιν
577 4841 668 4894 ἵνα
713 4843 788 4913 μὴ
836 4841 1064 4895 τοιαῦτα
1100 4843 1302 4913 ζητῶν,
1339 4845 1484 4915 πρὸς.
1527 4845 1626 4914 μὲν
1658 4844 1718 4897 τὸ
1753 4844 1915 4914 βάθος

336 4928 431 4981 τοῦ
479 4929 638 4995 λόγου
686 4930 980 5002 καταδύῃς,
1016 4931 1308 4998 άνέξασθαι
1357 4934 1412 4987 δὲ
1447 4934 1521 5004 μὴ
1565 4933 1818 5004 δυνηθῇς,
1859 4935 1916 4986 ἐν

337 5019 488 5090 αὐτῷ
522 5020 668 5092 βυθῷ
695 5021 788 5075 τοῦ
824 5021 1135 5093 ζητήματος
1161 5025 1475 5094 ναυαγήσας
1515 5023 1919 5093 ξυντραφέντας

338 5111 606 5181 ἁπλότητι
658 5113 912 5177 πίστεως.
973 5115 1335 5184 Συκοφαντῶν
1390 5115 1497 5186 γὰρ
1531 5117 1700 5186 ἡμᾶς,
1735 5117 1920 5184 ἠπάτα

338 5205 466 5267 τοὺς
516 5205 959 5278 ἁπλουστέρους,
1013 5207 1088 5265 ὡς
1142 5207 1302 5278 ἡμῶν
1355 5207 1596 5279 παθητὸν
1653 5207 1920 5274 λεγόντων

340 5291 480 5350 εἶναι
536 5297 598 5351 τὸ
634 5297 802 5352 Θείον.
847 5299 1070 5370 Ἐπειδὴ·
1106 5300 1193 5352 διὰ
1234 5299 1332 5371 τὴν
1387 5299 1521 5371 πρὸς
1573 5299 1632 5352 τὸ
1683 5299 1923 5370 παθητὸν

343 5387 660 5458 ἀπόρρητόν
717 5406 784 5442 τες
821 5391 932 5443 καὶ.
968 5391 1274 5460 ἁσύγχυτον
1306 5391 1499 5444 ἕνωσιν
1531 5391 1665 5444 Θεοῦ
1691 5390 1923 5460 λέγομεν

345 5475 454 5530 ἴδια
515 5479 798 5546 γεγονέναι
857 5481 926 5535 τὰ
970 5481 1116 5551 πάθη
1145 5497 1157 5510 ³
1193 5481 1229 5535 δι
1277 5481 1420 5536 κατὰ
1477 5481 1924 5552 θαυματουργίαν

343 5567 480 5622 Θεοῦ
509 5569 765 5637 γενέσθαι
797 5573 997 5641 φαμὲν,
1029 5573 1089 5624 οὐ
1119 5572 1262 5626 κατὰ
1282 5572 1564 5625 ἀλλοίωσιν
1587 5572 1684 5639 τῆς
1713 5573 1921 5635 οὐσίας.

349 5661 407 5712 Εἰ
441 5661 549 5732 γὰρ
581 5663 842 5734 ἐλέγομεν
867 5665 1195 5717 πεπονθέναι
1231 5664 1492 5734 παθητὸν,
1521 5664 1621 5718 οὐκ
1651 5660 1718 5735 ἦν
1744 5663 1926 5733 θαῦμα

347 5754 409 5807 τὸ
436 5757 829 5827 γεγενημένον’
861 5756 923 5810 τὸ
955 5756 1061 5827 γάρ
1103 5757 1191 5810 τὸν
1250 5755 1496 5827 παθητὸῖΐ
1541 5756 1751 5821 παθεῖν,
1789 5757 1928 5810 κατὰ

2015 4485 2234 4541 curiose
2270 4480 2680 4550 pervestigans;
2719 4477 2793 4531 ita
2819 4475 2984 4530 etiam
3027 4473 3144 4527 haec
3196 4471 3448 4533 admitte,
3503 4468 3601 4523 Dei

2013 4571 2535 4629 condescensionem
2595 4568 2939 4638 prmdicans,
2989 4573 3047 4620 et
3091 4571 3304 4618 naturze
3360 4561 3604 4616 rationes

2015 4679 2364 4735 nequaquam
2401 4677 2650 4718 movens.
2690 4661 2759 4715 Et
2796 4659 2934 4722 inec,
2969 4664 3026 4713 et
3061 4657 3152 4711 illa
3193 4655 3292 4710 Dei
3339 4651 3602 4707 miracula

2015 4756 2190 4812 fuere.
2244 4754 2358 4809 Una
2397 4752 2504 4807 fide
2540 4759 2843 4820 utrumque
2888 4749 3064 4810 disce,
3098 4762 3203 4802 nec
3241 4753 3292 4801 te
3329 4745 3506 4814 ipsum
3549 4742 3612 4796 in

2016 4848 2260 4903 inﬁnitas
2296 4845 2632 4916 quaestiones
2678 4841 2892 4912 conjice
2931 4857 2944 4894 :
2991 4855 3060 4894 ne
3109 4835 3427 4908 liujusmodi
3459 4848 3615 4902 qua:-w

2018 4940 2207 4994 rendis
2233 4980 2246 5003 ,
2296 4937 2530 4992 fundum
2562 4934 2791 5006 quidem
2839 4933 3072 4988 rationis
3107 4930 3336 4991 subeas;
3383 4936 3613 4982 enatare

2019 5039 2204 5085 autem
2237 5044 2348 5082 non
2392 5027 2582 5082 valens
2608 5066 2622 5090 ,
2662 5025 2720 5079 in
2754 5024 2874 5094 ipso
2907 5017 3228 5091 qumstionis
3291 5014 3461 5069 fundo
3501 5013 3606 5066 title

2021 5120 2358 5192 simplicitati
2402 5118 2705 5174 innutritos
2737 5114 3022 5184 naufragio
3053 5107 3272 5181 perdas.
3300 5107 3437 5161 Nam
3474 5104 3608 5158 dunt

2022 5229 2125 5267 nos
2160 5210 2563 5273 calumniatur,
2600 5205 2964 5276 simpliciores
3001 5201 3206 5270 decipit
3251 5217 3264 5252 :
3299 5196 3459 5267 quasi
3508 5211 3612 5250 nos

2024 5305 2197 5360 Deum
2247 5303 2561 5374 passibilcm
2614 5314 2736 5352 esse
2770 5295 3123 5354 ailirmemus,
3175 5289 3436 5360 quoniam
3484 5302 3607 5357 pro-

2023 5404 2146 5465 pter
2192 5394 2524 5449 ineffabilem
2561 5400 2724 5459 atque
2777 5385 3120 5448 inconfusam
3174 5383 3438 5437 unionem
3482 5393 3614 5433 cum

2026 5485 2295 5555 passibili,
2324 5482 2606 5554 passiones
2642 5477 2734 5532 Dei
2775 5475 3027 5548 proprias
3062 5472 3232 5528 factas
3270 5470 3440 5525 fuisse
3473 5467 3615 5522 dicis

2029 5594 2186 5641 mus,
2223 5592 2360 5646 quas
2395 5590 2490 5645 per
2521 5572 2902 5642 operationem
2956 5566 3342 5622 miraculosam
3371 5562 3482 5615 Deo
3509 5570 3612 5613 trt-

2031 5667 2293 5728 buimus.
2330 5682 2441 5720 non
2496 5663 2800 5719 secundum
2849 5659 3209 5715 mutationem
3265 5652 3607 5707 substantue.

2030 5758 2084 5814 Si
2118 5760 2263 5815 enim
2287 5758 2599 5830 passibilem
2628 5769 2848 5826 passum
2884 5765 3002 5806 esse
3029 5749 3361 5806 diceremus,
3381 5741 3435 5798 id
3463 5737 3612 5808 Quod
