4076 6444
475 380 502 435 1
513 381 618 438 359

1579 380 1926 437 THOODOTI
1966 379 2271 435 EPISCOPI
2307 379 2652 436 ANCYRANI

3598 375 3737 430 ἰδίη)

475 499 679 551 factum
714 502 820 561 est,
856 493 1181 549 miraculum
1218 511 1329 550 non
1365 505 1542 561 esset;
1590 513 1715 551 nam
1748 499 2061 568 passibilem

2170 496 2324 564 λόγον
2349 497 2464 550 ἐστι
2491 496 2590 565 τῆς
2612 494 2849 563 φύσεως.
2882 491 3343 564 Θαυματουργίαν
3372 490 3427 542 δέ
3459 507 3540 543 σοι
3566 492 3734 560 λέγω,

477 589 586 658 pati
614 588 919 643 secundum
957 595 1173 642 natura:
1207 588 1480 642 rationem
1529 589 1749 643 accidit.
1797 591 1906 659 Ego
1924 603 2054 642 vero

477 680 801 734 miraculum
839 679 937 733 tibi
971 678 1096 732 dico
1123 719 1137 743 ,
1176 687 1238 731 nt
1273 679 1379 733 fide
1418 687 1665 745 tantum,
1698 680 2055 749 quemadmo-

476 771 607 824 dum
645 771 750 824 alia
778 771 1105 824 miraculose
1139 786 1169 823 a
1197 771 1309 824 Deo
1332 779 1666 839 perpetrata,
1704 771 1916 834 credas,
1953 786 2057 826 nec

473 861 713 931 amplius
727 860 796 918 ad
829 870 1040 914 naturae
1075 861 1316 914 rationes
1352 861 1584 916 recidas.
1624 861 1736 916 Hoc
1767 863 1912 916 enim
1935 877 2058 932 pas-

473 952 638 1007 sibile
669 951 895 1015 dicitur,
931 960 988 1006 et
1019 951 1088 1005 ab
1123 951 1379 1006 onmibus
1404 953 1740 1022 agnoscitur,
1783 953 1930 1022 quod
1961 969 2057 1006 na-

478 1053 658 1097 turam
693 1043 907 1096 obtinet
942 1058 1063 1111 qua:
1097 1042 1207 1111 pati
1241 1051 1452 1112 potest,
1501 1043 1713 1097 etiamsi
1749 1045 2054 1113 passionem

479 1150 590 1188 non
617 1134 914 1188 sustineat:
937 1150 1063 1188 nam
1090 1135 1297 1204 lignum
1315 1136 1700 1190 combustibile
1715 1145 1819 1200 est,
1842 1137 2056 1192 etiamsi

479 1233 762 1294 nunquam
800 1226 910 1295 igni
947 1225 1217 1280 tradatur.
1242 1225 1455 1296 Corpus
1490 1236 1674 1282 autem
1708 1227 1899 1282 sectile
1919 1229 2058 1284 dici-

480 1324 576 1370 tur
604 1356 618 1380 ,
659 1316 874 1371 etiamsi
927 1333 1208 1387 nunquam
1259 1319 1498 1374 acumini
1532 1319 1662 1374 ferri
1696 1330 2002 1389 exponatur
2040 1339 2054 1375 :

477 1407 686 1477 quippe
708 1423 774 1462 ex
797 1415 1014 1472 natura,
1043 1424 1153 1463 non
1169 1425 1237 1464 ex
1264 1410 1502 1474 actione,
1539 1410 1708 1465 rebus
1743 1411 2057 1482 huiusmodi

476 1497 876 1566 appellationes
900 1498 1170 1568 obtigere.
1206 1498 1492 1564 Quomodo
1514 1516 1645 1570 ergo
1681 1501 1854 1555 Deum
1884 1501 2074 1571 passi-'

484 1588 650 1642 bilem
676 1589 835 1654 dicis,
863 1589 957 1659 qui
993 1604 1113 1644 eam
1144 1599 1398 1646 naturam
1432 1607 1555 1662 quae
1588 1593 1701 1663 pati
1735 1593 1927 1663 possit,
1965 1593 2061 1647 ha—

483 1680 614 1736 bere
644 1696 754 1736 non
789 1680 964 1737 dicis?
1007 1681 1336 1738 miraculoso
1366 1683 1516 1739 enim
1550 1685 1713 1740 modo
1750 1684 2059 1754 passionem

483 1772 590 1828 sibi
623 1773 729 1843 ipsi
771 1773 1087 1845 adoptavit,
1143 1776 1392 1845 passibili
1444 1776 1772 1832 mirabiliter
1826 1778 2055 1834 unitus:

483 1877 591 1921 non
629 1873 810 1920 autem
845 1867 1150 1921 secundum
1178 1876 1433 1922 naturam
1457 1884 1578 1924 eam
1611 1869 1894 1924 sustinuit.

553 1954 739 2010 XVIII.
771 1956 1041 2022 Quocirca
1075 1958 1241 2013 etiam
1269 1958 1601 2014 sanctissimi
1625 1958 1832 2014 Nieami
1869 1961 2062 2016 Patres

479 2060 514 2100 a
543 2045 752 2116 Spiritu
788 2057 981 2102 sancto
1003 2049 1070 2103 ad
1111 2047 1238 2103 Iidei
1267 2063 1598 2105 consensum
1625 2059 2062 2121 concentumque

483 2136 719 2200 reducti,
745 2139 924 2208 ipsum
951 2140 1122 2195 Deum
1156 2142 1418 2205 Verbum,
1457 2142 1605 2196 Patri
1626 2142 2067 2198 consubstantia-

484 2227 612 2292 lem,
639 2237 834 2282 natura
861 2244 980 2292 sua,
1007 2230 1150 2285 sicut
1168 2246 1360 2286 omnes
1386 2232 1612 2297 scimus,
1648 2232 2061 2301 impassibilem,

484 2327 707 2390 propter
753 2335 854 2375 nos
888 2321 1140 2376 homines
1171 2330 1228 2377 et
1263 2331 1489 2392 propter
1536 2331 1779 2378 nostram
1830 2324 2064 2381 salutem

482 2409 833 2466 descendisse
867 2411 1042 2477 aiunt,
1095 2413 1200 2468 hoc
1258 2422 1342 2468 est
1398 2414 1746 2470 incarnatum
1801 2432 1966 2472 esse:
2007 2426 2069 2471 ut

483 2501 723 2558 Verbum
771 2519 995 2558 carnem
1027 2503 1232 2558 factum
1269 2519 1392 2560 esse
1423 2505 1588 2561 scias.
1639 2505 1697 2562 Si
1733 2521 1866 2561 vero
1889 2507 2069 2560 incar-

482 2593 723 2649 nationis
753 2610 943 2650 vocem
969 2595 1205 2650 necdum
1232 2596 1524 2666 intelligas,
1555 2597 1834 2652 hominem
1862 2598 2067 2652 factum

480 2697 607 2738 esse
651 2682 844 2737 dicunt
887 2685 1127 2740 :deinde
1161 2687 1418 2741 eumdem
1451 2689 1768 2757 passibilem
1823 2703 2072 2757 pronun-

488 2774 648 2839 tiant,
675 2784 867 2844 utpote
900 2776 1177 2832 hominem
1217 2777 1420 2832 factum
1460 2797 1473 2833 :
1513 2779 1618 2834 hoc
1639 2780 1786 2835 enim
1825 2789 1945 2836 erat
1972 2783 2072 2837 ho-

484 2864 692 2919 minem
711 2880 854 2930 esse,
881 2866 1121 2921 humana
1150 2868 1281 2937 pati.
1314 2869 1469 2934 Quod
1494 2885 1618 2924 cum
1647 2872 1993 2928 errabundus
2016 2873 2069 2928 in

486 2953 594 3009 Iide
629 2954 814 3010 animo
845 2972 1042 3025 capere
1077 2972 1188 3012 non
1223 2968 1439 3028 posset,
1483 2961 1580 3015 sed
1625 2962 1946 3018 miraculum
2003 2966 2069 3020 ad

489 3046 769 3100 rationum
813 3046 1256 3116 disquisitionem
1304 3051 1692 3120 produxisset,
1737 3056 2072 3112 existimavit

487 3137 803 3206 passibilem
843 3153 965 3193 esse
1003 3141 1206 3205 Deum,
1256 3142 1353 3211 qui
1405 3141 1461 3195 in
1497 3153 1694 3198 natura
1743 3144 2064 3214 impassibili

489 3229 760 3285 humanas
792 3231 1074 3300 passiones
1105 3232 1207 3287 sibi
1245 3234 1497 3303 proprias
1529 3233 1680 3290 fecit.
1723 3235 1910 3306 Neque
1936 3253 2068 3294 vero

487 3320 747 3389 passibile
769 3322 872 3376 alia
896 3322 1077 3392 aliqua
1105 3324 1316 3379 ratione
1338 3333 1422 3380 est
1444 3326 1722 3396 passibile,
1741 3343 1905 3398 quam
1922 3329 2069 3397 quod

490 3420 742 3465 naturam
779 3413 1013 3478 habeat,
1059 3430 1181 3483 qua:
1215 3415 1326 3485 pati
1364 3416 1537 3485 possit
1573 3435 1584 3470 :
1623 3419 2068 3489 quandoquidem

488 3517 593 3556 nee
619 3503 778 3559 beata
811 3505 977 3576 Virgo
1013 3507 1252 3561 hominis
1299 3508 1535 3577 genitrix
1563 3519 1668 3576 est,
1704 3526 1884 3580 neque
1921 3513 2069 3567 enim

485 3607 658 3662 capax
692 3604 777 3649 est
821 3605 1012 3664 partus
1065 3614 1397 3666 permanens
1442 3600 1730 3670 virginitas
1765 3619 1778 3655 :
1817 3612 1873 3658 at
1902 3603 2073 3659 Maria

489 3700 820 3754 permanens
867 3689 1022 3758 virgo
1055 3690 1227 3743 Deum
1274 3691 1516 3746 Verbum
1548 3693 1827 3749 hominem
1865 3694 2072 3751 factum

487 3777 728 3847 peperit.
755 3777 1016 3848 Nunquid
1051 3796 1182 3852 ergo
1215 3784 1395 3838 omnis
1417 3784 1570 3855 virgo
1594 3785 1875 3842 hominem
1902 3788 2069 3858 parit,

490 3867 622 3935 quia
664 3884 771 3924 una
814 3870 981 3941 Virgo
1033 3874 1282 3943 peperit?
1315 3890 1662 3946 nequaquam
1698 3896 1711 3931 :
1751 3894 1922 3948 quare
1970 3893 2075 3932 nec

491 3958 636 4014 Deus
655 3961 950 4030 passibilis,
984 3965 1114 4035 quia
1137 3968 1306 4022 semel
1334 3983 1432 4038 per
1453 3968 1919 4038 dispensationem
1946 3984 2076 4039 pro—

489 4049 610 4118 pria
638 4067 735 4107 sua
769 4069 934 4113 carne
975 4058 1285 4127 passionem
1320 4060 1602 4115 sustinuit.
1657 4061 1868 4116 Idcirco
1900 4060 2076 4116 sancti

489 4139 681 4197 Patres
716 4143 909 4201 Nicteae
944 4149 1256 4221 congregati
1291 4149 1526 4205 ﬁdenter
1558 4159 1615 4206 et
1652 4151 1824 4205 Deum
1853 4167 2072 4221 passum

487 4241 847 4294 asse'ruerunt
893 4246 951 4293 et
995 4241 1312 4309 passibilem
1359 4258 1471 4296 non
1507 4241 1864 4297 docuerunt:
1911 4242 2074 4314 quid-

487 4325 620 4393 quid
651 4327 800 4381 enim
836 4343 936 4397 per
959 4329 1426 4399 dispensationem
1460 4338 1517 4386 et
1551 4332 1874 4402 sapientiam
1907 4333 2076 4388 mira-

488 4409 678 4465 culoso
720 4412 886 4467 modo
917 4413 1122 4469 factum
1157 4417 1282 4483 fuit,
1324 4417 1378 4472 id
1405 4434 1567 4486 nemo
1602 4419 1819 4491 sapiens
1861 4433 2073 4477 natura).

491 4500 682 4554 rationi
716 4499 934 4556 tribuit.

560 4588 701 4644 XIX.
740 4591 1035 4663 Postquam
1062 4611 1195 4667 ergo
1230 4599 1404 4655 sancti
1439 4601 1630 4657 Patres
1674 4602 1743 4658 de
1777 4603 2080 4674 Unigenito

489 4693 556 4731 ex
590 4679 752 4735 Patre
787 4691 918 4737 nato
947 4684 1224 4753 dixerunt,
1271 4689 1612 4748 incarnatum
1634 4733 1650 4759 ,
1676 4694 1956 4748 hominem
2003 4694 2082 4751 l‘a-

488 4777 664 4834 ctum,
720 4787 1049 4844 passnmque
1086 4793 1228 4844 esse,
1266 4781 1607 4853 subiungunt
1649 4783 1872 4848 deinde,
1922 4785 2077 4839 illum

495 4863 862 4921 resurrexisse
919 4869 1079 4923 tertia
1125 4869 1247 4926 die.
1299 4873 1414 4929 Hoc
1455 4875 1605 4930 enim
1663 4873 1938 4944 passionis
1981 4876 2078 4931 Dei

490 4953 922 5012 emolumentum
954 4968 1075 5014 erat
1102 4978 1114 5015 :
1146 4961 1238 5017 hic
1256 4962 1470 5019 fruetus
1497 4965 1712 5030 mortis,
1748 4981 1910 5035 quam
1933 4967 2078 5022 Deus

492 5058 594 5112 pro
624 5044 939 5105 hominibus
993 5053 1191 5120 subiit;
1226 5069 1350 5112 nam
1382 5059 1443 5108 ut
1492 5070 1679 5109 secum
1724 5055 2079 5112 resuscitaret

496 5145 746 5194 naturam
786 5143 1098 5208 mortalem,
1142 5145 1469 5200 immortalis
1501 5145 1741 5200 humana
1791 5145 2076 5203 nobiscum

495 5230 810 5301 participat.
856 5233 1014 5299 Quod
1056 5243 1113 5288 et
1155 5251 1386 5306 magnus
1414 5235 1506 5291 ille
1553 5237 1834 5306 apostolus
1877 5237 2080 5291 Paulus

499 5321 786 5390 perspicue
835 5324 1078 5380 indicare
1099 5391 1103 5396 .
1125 5325 1336 5392 volens,
1369 5326 1589 5383 dicebat
1625 5344 1637 5380 :
1675 5347 1694 5378 ι
1719 5327 2078 5383 Conresusci-

497 5410 1044 5471 tavit.eteonsedere
1076 5415 1204 5472 fecit
1231 5417 1284 5472 in
1309 5418 1626 5474 coelestibus
1655 5418 1708 5472 in
1731 5417 2018 5475 Christo".
2049 5437 2066 5470 ι

500 5496 616 5552 Non
660 5499 796 5553 dicit
833 5520 851 5551 ι
894 5506 1220 5560 τεσιωοὶιαυὶι
1249 5548 1263 5572 ,
1306 5508 1439 5563 »εθᾶ
1472 5529 1490 5562 ι
1523 5509 2014 5572 conresuscitavit;
2048 5527 2068 5560 ι

498 5597 560 5642 ut
590 5606 700 5644 non
728 5591 898 5647 solius
937 5594 1178 5651 hominis
1205 5607 1445 5666 mortem.
1489 5608 1545 5655 et
1587 5599 2070 5665 resurrectionem,

554 5757 603 5787 ⁸³
627 5759 828 5826 I‘Jphes.
855 5778 912 5820 ιι.
938 5766 992 5818 6.

2087 1839 2142 1904 Bs

2163 587 2248 638 ἵνα
2275 585 2536 655 πιστεύῃς
2565 585 2748 654 μόνον,
2777 583 2853 646 ὡς
2875 585 2986 644 τοῖς
3015 582 3197 644 ἄλλοις
3224 581 3543 650 παραδόξως
3572 599 3736 651 ποιη-

2162 677 2330 729 θεῖσιν
2378 676 2482 729 ὑπὸ
2521 674 2680 738 Θεοῦ,
2714 673 2808 727 καὶ
2853 673 3048 743 μηκέτι
3076 672 3424 744 καταπίπτῃς
3445 671 3584 743 πρὸς
3609 673 3741 736 τοὺς

2161 769 2350 836 λόγους
2372 768 2470 839 τῆς
2493 765 2737 836 φύσεως.
2766 763 3014 834 ῐιαθητὸν
3045 763 3143 833 μὲν
3173 763 3284 833 γὰρ
3313 762 3472 816 τοῦτο
3515 763 3740 832 λέγεται

2162 861 2256 916 καὶ
2298 861 2433 914 πᾶσι
2456 857 2805 929 γνωρίζεται,
2829 855 2857 908 ὃ
2883 855 2981 926 τὴν
3009 855 3172 924 φύσιν
3207 854 3320 923 εχει
3351 854 3546 908 παθεῖν
3573 855 3741 909 δυνα-

2165 953 2352 1024 μένην,
2383 952 2488 1005 κᾶν
2513 950 2587 1022 μὴ
2616 949 2882 1021 ὑπομείνῃ
2907 947 2968 1000 τὸ
3005 947 3197 1009 πάθος.
3228 947 3478 1000 Καυστὸν
3507 947 3606 1016 μὲν
3629 947 3742 1017 γὰρ

2163 1043 2224 1096 τὸ
2280 1042 2436 1108 ξύλον
2489 1041 2629 1102 ἐστὶ,
2673 1039 2779 1092 κᾶν
2839 1037 3106 1107 μηδέποτε
3136 1035 3414 1107 παραδοθῇ
3449 1035 3528 1106 τῷ
3578 1037 3740 1107 πυρί.

2162 1132 2384 1203 Τμητὸν
2417 1131 2476 1184 δὲ
2501 1130 2560 1183 τὸ
2588 1129 2750 1200 σῶμα
2776 1127 3019 1196 λέγεται,
3047 1125 3148 1179 κᾶν
3184 1127 3454 1198 μηδέποτε
3479 1128 3544 1197 τῇ
3578 1128 3739 1197 ἀκμῇ

2163 1224 2257 1278 τοῦ
2303 1224 2525 1294 σιδήρου
2586 1220 2884 1294 παραδοθῇ.
2938 1218 3035 1272 Ἐκ
3085 1218 3195 1290 γὰρ
3239 1219 3340 1288 τῆς
3379 1219 3594 1288 φύσεως
3627 1221 3745 1281 τοῖς

2164 1317 2502 1386 πράγμασιν,
2524 1313 2622 1367 οὐκ
2661 1315 2727 1366 ἐκ
2767 1311 2866 1380 τῆς
2895 1309 3174 1380 ἐνεργείας
3201 1309 3258 1363 ai
3291 1308 3533 1363 τοιαῦται
3569 1322 3744 1377 προσ-

2163 1408 2386 1478 ηγορίαι
2427 1404 2776 1474 γεγένηνται.
2815 1401 2940 1466 Πῶς
2986 1398 3080 1455 οὖν
3113 1400 3294 1467 λέγεις
3313 1399 3448 1452 Θεὸν
3471 1398 3742 1468 παθητὸν,

2164 1502 2192 1553 6
2220 1498 2296 1570 μὴ
2337 1497 2512 1565 λέγων
2549 1496 2694 1566 ἔχειν
2739 1492 2903 1547 αὐτὸν
2952 1491 3115 1562 φύσιν
3170 1491 3365 1543 παθεῖν
3393 1489 3744 1559 δυναμένην;

2167 1587 2652 1659 ὲθαυματούργησε
2699 1585 2808 1656 γὰρ
2854 1582 3036 1653 ἑαυτῷ
3059 1583 3120 1636 τὸ
3143 1581 3345 1646 πάθος,
3374 1580 3598 1643 ἐνωθεὶς
3629 1597 3744 1634 πα-

2171 1679 2406 1752 ραδόξως
2432 1677 2512 1750 τῷ
2531 1674 2783 1748 παθητῷ,
2808 1674 2904 1730 xai.
2929 1674 2990 1728 οὐ
3022 1671 3164 1728 κατά
3189 1672 3287 1742 τὴν
3314 1671 3476 1741 φύσιν
3501 1669 3746 1734 ἐδέξατο.

2235 1949 2342 2002 III'.
2381 1945 2473 1999 Διὸ
2505 1944 2568 2016 δὴ
2598 1944 2693 1999 καὶ
2720 1944 2770 1998 οί
2795 1943 2888 1998 ἐπὶ
2916 1943 3014 2015 τῆς
3039 1940 3274 2003 Νικαίας
3301 1941 3597 2010 ἁγιώτατοι
3629 1941 3750 1995 Παο

2161 2042 2319 2110 τέρες
2349 2039 2428 2109 τῷ
2466 2039 2607 2109 ἁγίῳ
2653 2036 2934 2107 Πνεύματι
2981 2035 3117 2105 πρὸς
3143 2033 3462 2104 συμφωνίαν
3487 2035 3756 2103 ἀγόμενοι

2163 2133 2422 2196 πίστεως,
2457 2129 2621 2184 αὐτὸν
2669 2130 2763 2183 τὸν
2794 2129 2928 2183 Θεὸν
2979 2126 3172 2195 Λόγον,
3204 2127 3296 2179 τὸν
3349 2125 3646 2197 όμοούσιον*
3671 2125 3754 2196 τῷ

2165 2223 2343 2294 Πατρὶ
2391 2222 2540 2286 ὄντα,
2579 2221 2679 2290 τὴν
2735 2218 2897 2290 φύσιν
2949 2218 3156 2287 ἀπαθῆ,
3191 2216 3374 2280 καθὼς
3408 2215 3609 2278 πάντες
3664 2233 3760 2284 γι-

2165 2316 2472 2385 νώσκομεν,
2503 2313 2573 2366 δι’
2595 2314 2743 2384 ἡμᾶς
2761 2312 2890 2376 τοὺς
2911 2307 3233 2381 ἀνθρώπους
3263 2298 3361 2361 καῖ
3381 2306 3472 2362 διὰ
3488 2307 3589 2378 τὴν
3608 2308 3743 2377 ἡμε-

2166 2407 2334 2477 τέραν
2368 2403 2646 2476 σωτηρίαν
2690 2401 3022 2458 κατελθόντα
3046 2399 3265 2468 λέγουσι
3291 2414 3308 2431 θ
3338 2398 3584 2451 τουτέστι
3614 2413 3757 2468 σαρ-

2168 2497 2447 2552 κωθέντα·
2479 2497 2567 2550 ἵνα
2614 2494 2760 2564 γνῷς
2811 2493 2896 2547 ὅτι
2931 2491 3104 2560 Λόγος
3151 2489 3286 2561 σάρξ
3315 2489 3554 2557 ἐγένετο.
3586 2488 3650 2540 Ei
3691 2487 3754 2540 δὲ

2171 2592 2335 2662 μήπω
2386 2589 2448 2642 τὸ
2495 2585 2855 2658 σαρκωθέντα
2891 2586 3055 2646 νοεῖς,
3109 2582 3610 2652 ὲνανθρωπὴσαντα
3637 2577 3754 2632 ιλέ-

2168 2699 2378 2751 γουσιν.
2409 2676 2543 2734 Εἶτα
2585 2679 2678 2733 τὸν
2717 2678 2881 2733 αὐτὸν
2927 2674 3169 2746 παθητόν
3213 2691 3400 2742 φασιν,
3440 2672 3516 2735 ὡς
3570 2669 3756 2733 εἰκὸς,

2169 2775 2462 2846 γενόμενον
2501 2772 2786 2842 ἄνθρωπον
2805 2785 2820 2799 ⁸
2852 2767 3013 2823 τοῦτο
3029 2766 3140 2837 γὰρ
3166 2763 3236 2836 ἦν
3266 2763 3553 2833 ἄνθρωπον
3585 2756 3755 2825 εἶναι,

2167 2866 2230 2920 τὸ
2283 2866 2478 2920 παθεῖν
2519 2863 2589 2917 τὰ
2637 2859 2976 2932 ἀνθρώπινα.
3041 2858 3225 2927 Ὅπερ
3272 2855 3302 2908 6
3346 2852 3639 2922 πλανηθεὶς
3682 2852 3766 2920 τῇ·

2169 2954 2351 3007 πίστει
2386 2953 2722 3019 κατανοῆσαι
2777 2948 2854 3018 μὴ
2907 2945 3180 3015 δυνηθεὶς,
3227 2941 3342 2996 ἀλλ’
3383 2943 3465 3004 είς
3522 2939 3760 3008 ζήτησιν

2168 3046 2450 3117 λογισμῶν
2476 3044 2539 3098 τὸ
2572 3043 2760 3112 θαῦμα
2797 3039 3200 3102 καταϐιϐάσας,
3242 3035 3464 3105 ἐνόμισε
3508 3030 3762 3098 παθητὸν

2170 3135 2311 3192 εἶναι
2343 3137 2496 3201 Θεὸν,
2541 3135 2634 3189 τὸν
2667 3136 2726 3188 ὲν
2764 3131 2969 3187 ἀπαθεῖ
3017 3130 3178 3200 φύσει
3208 3127 3278 3180 τὰ
3311 3125 3419 3179 τῶν
3450 3121 3764 3194 ἀνθρώπων

2176 3229 2646 3301 ίδιοποιησάμενον
2702 3225 2873 3294 πάθη.
2946 3223 3022 3277 Οὐ
3076 3221 3138 3274 τὸ
3169 3217 3412 3289 παθητὸν
3473 3215 3532 3268 δὶ
3579 3214 3764 3276 ἄλλως

2172 3323 2292 3376 ἐστὶ
2321 3319 2563 3388 παθητὸν
2593 3316 2766 3381 ποιῶς
2801 3315 2880 3377 δὲ,
2915 3313 3053 3367 ἀλλά
3088 3311 3149 3365 τὸ
3187 3311 3350 3379 φύσιν
3399 3307 3520 3377 ἔχον
3563 3304 3768 3360 παθεῖν

2171 3413 2507 3484 δυναμένηνο
2539 3409 2663 3464 ἐπεὶ
2709 3409 2805 3462 καὶ
2838 3408 2871 3477 ἠ
2902 3404 3184 3474 Παρθένος
3212 3403 3314 3456 οὐκ
3363 3399 3514 3453 ἔστιν
3543 3397 3764 3466 ἀνθρω-

2173 3506 2403 3568 ποτόκος
2425 3518 2438 3532 ⁶
2480 3502 2541 3556 οὐ
2578 3501 2748 3572 χωρεῖ
2792 3496 2902 3567 γὰρ
2938 3495 3030 3549 τὸν
3078 3494 3238 3546 τόκον
3272 3493 3515 3562 μένουσα
3552 3486 3770 3559 mp0:-

2173 3597 2260 3651 νία
2285 3611 2298 3624 ·
2335 3595 2432 3649 καὶ
2478 3592 2570 3644 τὸν
2612 3589 2899 3658 ἄνθρωπον
2944 3583 3240 3653 γενόμενον
3289 3581 3380 3633 τὸν
3411 3577 3546 3631 Θεὸν
3577 3577 3762 3644 Λόγον

2173 3689 2326 3743 ἔτεκε
2379 3683 2590 3755 Μαρία,
2649 3678 2882 3750 μείνασα
2928 3673 3222 3747 παρθένος.
3269 3666 3397 3740 'Ap’
3455 3662 3551 3720 οὖν
3604 3667 3770 3718 πᾶσα

2174 3780 2446 3853 παρθένος
2474 3775 2570 3831 ἀνθ
2581 3771 2910 3846 ρωποτόκος,
2924 3765 3112 3837 ἐπειδὴ
3139 3764 3239 3836 μία
3260 3756 3723 3853 παρθένοςῇἐτ-εκε

2172 3845 2464 3936 οιέαμῶςο
2497 3845 2694 3916 οὐκοῦν
2726 3858 2847 3913 οὐδὲ
2895 3856 3027 3919 Θεὸς
3075 3851 3336 3921 παθητὸς,
3375 3846 3562 3918 ἐπειδὴ
3610 3845 3769 3910 suae

2173 3956 2242 4010 δι’
2279 3952 2594 4022 οἰκονομίαν
2639 3951 2706 4018 τῇ
2759 3947 2955 4002 ἑαυτοῦ
3001 3945 3168 4015 σαρκὶ
3200 3943 3262 3996 τὸ
3289 3939 3460 4002 πάθος
3517 3937 3765 4002 ἐδέξατο.

2176 4047 2273 4100 Διὰ
2304 4045 2464 4099 τοῦτο
2503 4043 2881 4114 θαρρήσαντες
2911 4041 2959 4093 οἱ
2998 4037 3093 4091 ἐπὶ
3120 4037 3222 4106 τῆς
3260 4032 3497 4094 Νικαίας
3541 4029 3768 4095 ξυνελε-

2175 4140 2367 4210 γμένοι
2391 4137 2656 4206 Πατέρες,
2693 4134 2789 4188 καὶ
2821 4133 3064 4187 παθόντα
3094 4126 3256 4184 εἶπαν
3284 4127 3438 4192 Θεὸν,
3461 4123 3554 4178 καὶ
3580 4121 3768 4191 παθη-

2174 4231 2265 4286 τὸν
2310 4231 2411 4284 οὐκ
2461 4227 2739 4292 ἐδίδαξαψ
2768 4225 2798 4278 ὃ
2821 4224 2931 4295 γάρ
2954 4222 3042 4276 διά
3070 4219 3380 4290 οἰκονομίαν
3429 4217 3527 4270 καὶ
3567 4213 3769 4280 σοφίαν

2173 4319 2747 4393 τεθαυματούργηται,
2791 4315 2935 4370 τοῦτ’
2962 4314 3139 4378 οὐδεὶς
3183 4309 3462 4383 εὐφρονιῖη
3489 4304 3567 4377 τῷ
3613 4304 3770 4372 λόγῳ

2174 4416 2276 4485 τῆς
2305 4413 2521 4484 φύσεως
2559 4407 2870 4478 ἀνατίθησι.

2247 4591 2350 4645 ῐΘ’.
2383 4588 2538 4644 Μετὰ
2576 4583 2669 4641 οὖν
2697 4599 2758 4640 το
2789 4583 2964 4637 εἰπεῖν
2994 4580 3122 4643 τοὺς
3153 4577 3405 4650 Πατέρας
3431 4577 3561 4648 περὶ
3586 4577 3773 4630 Μονο-

2175 4683 2369 4754 γενοῦς
2417 4681 2510 4736 τοῦ
2563 4676 2915 4749 γεννηθέντος
2949 4675 3013 4727 ὲκ
3053 4670 3148 4726 τοῦ
3183 4669 3419 4738 Πατρὸς,
3453 4668 3514 4721 τὸ
3542 4683 3772 4738 σαρκωο

2176 4775 2355 4845 θῆναι,
2404 4768 2848 4842 ὲνανθρωπῆσαι,
2925 4762 3139 4828 παθεῖν,
3178 4759 3446 4827 ἐπάγουσι
3485 4757 3773 4845 λέγοντες,

2175 4842 2339 4919 αὗτὸν
2363 4859 2675 4915 ἀναστάντα
2704 4859 2771 4928 τῇ
2805 4853 2965 4927 τρίτῃ
2991 4852 3206 4924 ἡμέρᾳο
3241 4848 3402 4902 τοῦτο
3430 4845 3539 4918 γὰρ
3569 4842 3640 4917 ἦν
3666 4847 3777 4901 τοῦ

2175 4955 2318 5010 κατὰ
2353 4952 2486 5007 Θεὸν
2517 4950 2724 5013 πάθους
2753 4951 2813 5001 τὸ
2845 4948 3148 5018 χρήσιμονο
3187 4936 3340 5004 οὗτος
3369 4943 3397 4994 ὁ
3421 4941 3635 5011 καρπὸς
3667 4941 3777 4993 τοῦ

2175 5048 2308 5101 Θεὸν
2356 5045 2497 5116 ὑπὲρ
2528 5041 2834 5111 ἀνθρώπων
2875 5039 3093 5092 ἑλέσθαι
3114 5034 3206 5088 τὸν
3241 5033 3502 5088 θάνατον·
3533 5031 3622 5085 ἵνα
3656 5032 3777 5100 γὰρ

2181 5137 2562 5207 ξυναναστήσῃ
2615 5133 2715 5204 τὴν
2766 5129 2968 5200 θνητὴν
3023 5127 3184 5198 φύσιν
3239 5127 3268 5178 6
3307 5122 3594 5187 ἀθάνατος,
3653 5121 3778 5174 τῶν

2175 5229 2534 5300 ἀνθρωπίνων
2572 5227 2706 5297 ἡμῖν
2752 5223 3017 5276 κοινωνεῖ.
3055 5220 3120 5273 Ὃ
3148 5215 3215 5288 δὴ
3243 5216 3339 5271 καὶ
3365 5217 3395 5269 6
3424 5215 3599 5287 μέγας
3633 5213 3779 5268 ἀπό-

2180 5321 2367 5385 στολος
2415 5318 2628 5381 Παῦλος
2683 5315 2870 5385 σαφῶς
2918 5310 3160 5382 δηλῶσαι
3209 5308 3534 5381 βουλόμενος
3582 5306 3773 5373 ἐλεγεο

2189 5434 2206 5466 ι
2229 5413 2528 5482 Ξυνήγειρε
2569 5407 2666 5462 καὶ
2696 5402 3052 5474 ξυνεκάθισεν
3090 5402 3148 5455 ὲν
3173 5403 3287 5464 τοῖς
3319 5397 3671 5470 ἐπουρανίοις
3702 5397 3775 5450 ἐν

2182 5501 2405 5575 Χριστῷ
2443 5499 2643 5572 ἰησοῦ.
2675 5516 2693 5549 ι
2721 5496 2838 5551 Οὐκ
2882 5515 2901 5548 ι
2929 5495 3123 5566 ἡγειρε
3145 5511 3162 5545 ι
3193 5491 3366 5560 λέγει,
3414 5489 3552 5544 ἀλλά
3587 5507 3605 5540 ι
3632 5505 3775 5543 σονς

2182 5599 2404 5668 ήγειρεν
2425 5611 2437 5625 ο
2462 5612 2480 5647 ι
2521 5593 2607 5646 ἵνα
2628 5590 2703 5662 μὴ
2727 5587 3015 5660 ἀνθρώπου
3049 5586 3212 5658 μόνου
3237 5583 3470 5639 θάνατον
3499 5585 3592 5637 καὶ
3627 5581 3776 5635 ἀνά-
