  <div class='ocr_page' id='page_1' title='image "/cluster/home/n/w/nwhite01/storage/ocr_20150623/77:no.10/coo.31924054869783/678.png"; bbox 0 0 4076 6442; ppageno 0'>
   <div class='ocr_carea' id='block_1_1' title="bbox 281 403 472 465">
    <p class='ocr_par' dir='ltr' id='par_1_1' title="bbox 281 403 472 465">
     <span class='ocr_line' id='line_1_1' title="bbox 281 403 472 465; baseline -0.021 -1"><span class='ocrx_word' id='word_1_1' title='bbox 281 403 285 406; x_wconf 21' lang='grc' dir='ltr'><strong>λ</strong></span> <span class='ocrx_word' id='word_1_2' title='bbox 341 408 472 465; x_wconf 58' lang='grc' dir='ltr'>ιδιι</span> 
     </span>
    </p>
   </div>
   <div class='ocr_carea' id='block_1_2' title="bbox 1476 379 2476 444">
    <p class='ocr_par' dir='ltr' id='par_1_2' title="bbox 1476 379 2476 444">
     <span class='ocr_line' id='line_1_2' title="bbox 1476 379 2476 444; baseline -0.008 1"><span class='ocrx_word' id='word_1_3' title='bbox 1476 387 1838 444; x_wconf 77' lang='lat' dir='ltr'><strong>EXPOSITIO</strong></span> <span class='ocrx_word' id='word_1_4' title='bbox 1879 379 2168 440; x_wconf 77' lang='lat' dir='ltr'><strong>SYMBOLI</strong></span> <span class='ocrx_word' id='word_1_5' title='bbox 2207 383 2476 440; x_wconf 69' lang='lat' dir='ltr'><strong>NlCIENl.</strong></span> 
     </span>
    </p>
   </div>
   <div class='ocr_carea' id='block_1_3' title="bbox 3452 380 3592 437">
    <p class='ocr_par' dir='ltr' id='par_1_3' title="bbox 3452 380 3592 437">
     <span class='ocr_line' id='line_1_3' title="bbox 3452 380 3592 437; baseline -0.029 -1"><span class='ocrx_word' id='word_1_6' title='bbox 3452 383 3475 436; x_wconf 78' lang='lat' dir='ltr'><strong>l</strong></span> <span class='ocrx_word' id='word_1_7' title='bbox 3488 380 3592 437; x_wconf 62' lang='lat' dir='ltr'><strong>3A9.</strong></span> 
     </span>
    </p>
   </div>
   <div class='ocr_carea' id='block_1_4' title="bbox 337 491 1927 578">
    <p class='ocr_par' dir='ltr' id='par_1_4' title="bbox 337 495 1899 578">
     <span class='ocr_line' id='line_1_4' title="bbox 337 495 1899 578; baseline -0.014 -9"><span class='ocrx_word' id='word_1_8' title='bbox 337 530 546 578; x_wconf 88' lang='grc' dir='ltr'>στασιν,</span> <span class='ocrx_word' id='word_1_9' title='bbox 595 508 730 564; x_wconf 67' lang='grc' dir='ltr'>ἀλλὰ</span> <span class='ocrx_word' id='word_1_10' title='bbox 777 508 872 559; x_wconf 74' lang='grc' dir='ltr'><strong>καὶ</strong></span> <span class='ocrx_word' id='word_1_11' title='bbox 911 503 1007 558; x_wconf 93' lang='grc' dir='ltr'><strong>τοῦ</strong></span> <span class='ocrx_word' id='word_1_12' title='bbox 1040 503 1355 573; x_wconf 81' lang='grc' dir='ltr'>ἐγείραντος</span> <span class='ocrx_word' id='word_1_13' title='bbox 1393 500 1553 553; x_wconf 80' lang='grc' dir='ltr'>αὑτὸν</span> <span class='ocrx_word' id='word_1_14' title='bbox 1601 495 1899 568; x_wconf 84' lang='grc' dir='ltr'>γνωρίσῃς,</span> 
     </span>
    </p>
   </div>
   <div class='ocr_carea' id='block_1_5' title="bbox 2028 491 3592 578">
    <p class='ocr_par' dir='ltr' id='par_1_5' title="bbox 2028 491 3592 565">
     <span class='ocr_line' id='line_1_5' title="bbox 2028 491 3592 565; baseline -0.001 -18"><span class='ocrx_word' id='word_1_15' title='bbox 2028 496 2102 550; x_wconf 66' lang='grc' dir='ltr'>ιειὶ</span> <span class='ocrx_word' id='word_1_16' title='bbox 2142 503 2198 551; x_wconf 87' lang='lat' dir='ltr'><strong>et</strong></span> <span class='ocrx_word' id='word_1_17' title='bbox 2230 495 2610 550; x_wconf 84' lang='lat' dir='ltr'><strong>resuscitantis</strong></span> <span class='ocrx_word' id='word_1_18' title='bbox 2647 495 2822 564; x_wconf 82' lang='lat' dir='ltr'><strong>ipsum</strong></span> <span class='ocrx_word' id='word_1_19' title='bbox 2861 494 3164 565; x_wconf 77' lang='lat' dir='ltr'><strong>intelligas;</strong></span> <span class='ocrx_word' id='word_1_20' title='bbox 3198 493 3291 563; x_wconf 89' lang='lat' dir='ltr'><strong>qui</strong></span> <span class='ocrx_word' id='word_1_21' title='bbox 3323 491 3592 561; x_wconf 76' lang='lat' dir='ltr'><strong>sapientia</strong></span> 
     </span>
    </p>
   </div>
   <div class='ocr_carea' id='block_1_6' title="bbox 335 589 1908 675">
    <p class='ocr_par' dir='ltr' id='par_1_6' title="bbox 335 589 1908 675">
     <span class='ocr_line' id='line_1_6' title="bbox 335 589 1908 675; baseline -0.013 -16"><span class='ocrx_word' id='word_1_22' title='bbox 335 603 730 675; x_wconf 72' lang='grc' dir='ltr'><strong>ὑπομείναντος</strong></span> <span class='ocrx_word' id='word_1_23' title='bbox 765 595 940 650; x_wconf 85' lang='grc' dir='ltr'>ταῦτα</span> <span class='ocrx_word' id='word_1_24' title='bbox 989 594 1153 665; x_wconf 79' lang='grc' dir='ltr'>σοφίᾳ</span> <span class='ocrx_word' id='word_1_25' title='bbox 1195 595 1261 662; x_wconf 81' lang='grc' dir='ltr'>τῇ</span> <span class='ocrx_word' id='word_1_26' title='bbox 1311 590 1528 652; x_wconf 85' lang='grc' dir='ltr'>ἑαυτοῦ,</span> <span class='ocrx_word' id='word_1_27' title='bbox 1557 590 1651 642; x_wconf 74' lang='grc' dir='ltr'>καὶ</span> <span class='ocrx_word' id='word_1_28' title='bbox 1672 590 1772 642; x_wconf 87' lang='grc' dir='ltr'><strong>οὑκ</strong></span> <span class='ocrx_word' id='word_1_29' title='bbox 1811 589 1908 640; x_wconf 84' lang='grc' dir='ltr'>άλ-</span> 
     </span>
    </p>
   </div>
   <div class='ocr_carea' id='block_1_7' title="bbox 333 678 1910 760">
    <p class='ocr_par' dir='ltr' id='par_1_7' title="bbox 333 678 1910 760">
     <span class='ocr_line' id='line_1_7' title="bbox 333 678 1910 760; baseline -0.013 -10"><span class='ocrx_word' id='word_1_30' title='bbox 333 694 550 750; x_wconf 87' lang='grc' dir='ltr'>λοιώσει</span> <span class='ocrx_word' id='word_1_31' title='bbox 576 691 678 760; x_wconf 75' lang='grc' dir='ltr'><strong>τῆς</strong></span> <span class='ocrx_word' id='word_1_32' title='bbox 707 688 943 756; x_wconf 88' lang='grc' dir='ltr'>φύσεως.</span> <span class='ocrx_word' id='word_1_33' title='bbox 977 686 1140 740; x_wconf 79' lang='grc' dir='ltr'>Ὅθεν</span> <span class='ocrx_word' id='word_1_34' title='bbox 1175 682 1292 736; x_wconf 81' lang='grc' dir='ltr'><strong>ούδέ</strong></span> <span class='ocrx_word' id='word_1_35' title='bbox 1319 681 1532 751; x_wconf 85' lang='grc' dir='ltr'>θνητὸν,</span> <span class='ocrx_word' id='word_1_36' title='bbox 1552 679 1690 733; x_wconf 78' lang='grc' dir='ltr'>ἀλλὰ</span> <span class='ocrx_word' id='word_1_37' title='bbox 1718 678 1910 747; x_wconf 88' lang='grc' dir='ltr'>φιλάν-</span> 
     </span>
    </p>
   </div>
   <div class='ocr_carea' id='block_1_8' title="bbox 333 769 1913 856">
    <p class='ocr_par' dir='ltr' id='par_1_8' title="bbox 333 769 1913 856">
     <span class='ocr_line' id='line_1_8' title="bbox 333 769 1913 856; baseline -0.011 -17"><span class='ocrx_word' id='word_1_38' title='bbox 333 787 552 856; x_wconf 87' lang='grc' dir='ltr'>θρωπον</span> <span class='ocrx_word' id='word_1_39' title='bbox 570 781 802 850; x_wconf 88' lang='grc' dir='ltr'>λέγομεν</span> <span class='ocrx_word' id='word_1_40' title='bbox 822 795 836 809; x_wconf 78' lang='lat'><strong><em>°</em></strong></span> <span class='ocrx_word' id='word_1_41' title='bbox 864 776 1080 846; x_wconf 80' lang='grc' dir='ltr'><strong>θανάτῳ</strong></span> <span class='ocrx_word' id='word_1_42' title='bbox 1098 773 1205 844; x_wconf 76' lang='grc' dir='ltr'><strong>γάρ</strong></span> <span class='ocrx_word' id='word_1_43' title='bbox 1224 773 1363 842; x_wconf 89' lang='grc' dir='ltr'>κατὴ</span> <span class='ocrx_word' id='word_1_44' title='bbox 1373 787 1541 842; x_wconf 85' lang='grc' dir='ltr'>ργησε</span> <span class='ocrx_word' id='word_1_45' title='bbox 1565 771 1795 824; x_wconf 86' lang='grc' dir='ltr'>θάνατον</span> <span class='ocrx_word' id='word_1_46' title='bbox 1819 769 1913 822; x_wconf 77' lang='grc' dir='ltr'><strong>καὶ</strong></span> 
     </span>
    </p>
   </div>
   <div class='ocr_carea' id='block_1_9' title="bbox 333 861 1913 943">
    <p class='ocr_par' dir='ltr' id='par_1_9' title="bbox 333 861 1913 943">
     <span class='ocr_line' id='line_1_9' title="bbox 333 861 1913 943; baseline -0.011 -13"><span class='ocrx_word' id='word_1_47' title='bbox 333 877 533 932; x_wconf 86' lang='grc' dir='ltr'>πάθεσι</span> <span class='ocrx_word' id='word_1_48' title='bbox 556 873 618 927; x_wconf 80' lang='grc' dir='ltr'><strong>τὸ</strong></span> <span class='ocrx_word' id='word_1_49' title='bbox 639 871 882 943; x_wconf 83' lang='grc' dir='ltr'>παθητὸν</span> <span class='ocrx_word' id='word_1_50' title='bbox 907 870 1180 936; x_wconf 78' lang='grc' dir='ltr'>ἐξιάσατο.</span> <span class='ocrx_word' id='word_1_51' title='bbox 1226 865 1378 917; x_wconf 66' lang='grc' dir='ltr'>Ἐπεὶ</span> <span class='ocrx_word' id='word_1_52' title='bbox 1401 863 1711 933; x_wconf 83' lang='grc' dir='ltr'><strong>λεγέτωσαν</strong></span> <span class='ocrx_word' id='word_1_53' title='bbox 1731 877 1745 891; x_wconf 83' lang='lat'>&#39;</span> <span class='ocrx_word' id='word_1_54' title='bbox 1775 879 1793 912; x_wconf 73' lang='grc' dir='ltr'><strong>ι</strong></span> <span class='ocrx_word' id='word_1_55' title='bbox 1815 861 1913 922; x_wconf 91' lang='grc' dir='ltr'><strong>Τίς</strong></span> 
     </span>
    </p>
   </div>
   <div class='ocr_carea' id='block_1_10' title="bbox 332 951 1907 1032">
    <p class='ocr_par' dir='ltr' id='par_1_10' title="bbox 332 951 1907 1032">
     <span class='ocr_line' id='line_1_10' title="bbox 332 951 1907 1032; baseline -0.012 -10"><span class='ocrx_word' id='word_1_56' title='bbox 332 968 600 1022; x_wconf 82' lang='grc' dir='ltr'>ἐκένωσεν</span> <span class='ocrx_word' id='word_1_57' title='bbox 618 962 809 1017; x_wconf 77' lang='grc' dir='ltr'>ἐαυτὸν</span> <span class='ocrx_word' id='word_1_58' title='bbox 834 961 996 1032; x_wconf 84' lang='grc' dir='ltr'>μέχρι</span> <span class='ocrx_word' id='word_1_59' title='bbox 1018 957 1275 1020; x_wconf 84' lang='grc' dir='ltr'>Θανάτου,</span> <span class='ocrx_word' id='word_1_60' title='bbox 1295 954 1528 1008; x_wconf 87' lang='grc' dir='ltr'>θανάτου</span> <span class='ocrx_word' id='word_1_61' title='bbox 1542 955 1597 1006; x_wconf 84' lang='grc' dir='ltr'><strong>δὲ</strong></span> <span class='ocrx_word' id='word_1_62' title='bbox 1619 951 1875 1023; x_wconf 85' lang='grc' dir='ltr'>σταυροῦ,</span> <span class='ocrx_word' id='word_1_63' title='bbox 1888 969 1907 1002; x_wconf 72' lang='grc' dir='ltr'><strong>ι</strong></span> 
     </span>
    </p>
   </div>
   <div class='ocr_carea' id='block_1_11' title="bbox 332 1044 1913 1130">
    <p class='ocr_par' dir='ltr' id='par_1_11' title="bbox 332 1044 1913 1130">
     <span class='ocr_line' id='line_1_11' title="bbox 332 1044 1913 1130; baseline -0.013 -18"><span class='ocrx_word' id='word_1_64' title='bbox 332 1062 382 1112; x_wconf 84' lang='grc' dir='ltr'><strong>εί</strong></span> <span class='ocrx_word' id='word_1_65' title='bbox 408 1059 482 1130; x_wconf 81' lang='grc' dir='ltr'>μὴ</span> <span class='ocrx_word' id='word_1_66' title='bbox 498 1059 526 1110; x_wconf 82' lang='grc' dir='ltr'>ὁ</span> <span class='ocrx_word' id='word_1_67' title='bbox 553 1055 743 1109; x_wconf 81' lang='grc' dir='ltr'>τούτου</span> <span class='ocrx_word' id='word_1_68' title='bbox 763 1052 1101 1121; x_wconf 82' lang='grc' dir='ltr'>κοινωνήσας</span> <span class='ocrx_word' id='word_1_69' title='bbox 1123 1050 1239 1110; x_wconf 81' lang='grc' dir='ltr'>τοῖς</span> <span class='ocrx_word' id='word_1_70' title='bbox 1270 1045 1580 1117; x_wconf 83' lang='grc' dir='ltr'>ἀνθρώποις</span> <span class='ocrx_word' id='word_1_71' title='bbox 1599 1044 1731 1105; x_wconf 88' lang='grc' dir='ltr'>Θεὸς</span> <span class='ocrx_word' id='word_1_72' title='bbox 1753 1044 1913 1094; x_wconf 81' lang='grc' dir='ltr'>ἐκου-</span> 
     </span>
    </p>
   </div>
   <div class='ocr_carea' id='block_1_12' title="bbox 334 1132 1914 1220">
    <p class='ocr_par' dir='ltr' id='par_1_12' title="bbox 334 1132 1914 1220">
     <span class='ocr_line' id='line_1_12' title="bbox 334 1132 1914 1220; baseline -0.015 -14"><span class='ocrx_word' id='word_1_73' title='bbox 334 1154 488 1215; x_wconf 84' lang='grc' dir='ltr'>σίως,</span> <span class='ocrx_word' id='word_1_74' title='bbox 513 1149 574 1203; x_wconf 82' lang='grc' dir='ltr'><strong>οὐ</strong></span> <span class='ocrx_word' id='word_1_75' title='bbox 598 1147 697 1220; x_wconf 84' lang='grc' dir='ltr'>τὴν</span> <span class='ocrx_word' id='word_1_76' title='bbox 725 1147 887 1216; x_wconf 83' lang='grc' dir='ltr'>φύσιν</span> <span class='ocrx_word' id='word_1_77' title='bbox 906 1140 1312 1212; x_wconf 72' lang='grc' dir='ltr'>ἀναγκασθείς-ς</span> <span class='ocrx_word' id='word_1_78' title='bbox 1339 1137 1540 1192; x_wconf 78' lang='grc' dir='ltr'>«Τοῦτο</span> <span class='ocrx_word' id='word_1_79' title='bbox 1563 1136 1672 1206; x_wconf 83' lang='grc' dir='ltr'><strong>γὰρ</strong></span> <span class='ocrx_word' id='word_1_80' title='bbox 1697 1132 1914 1205; x_wconf 81' lang='grc' dir='ltr'>φρονεὶ-</span> 
     </span>
    </p>
   </div>
   <div class='ocr_carea' id='block_1_13' title="bbox 334 1227 1916 1311">
    <p class='ocr_par' dir='ltr' id='par_1_13' title="bbox 334 1227 1916 1311">
     <span class='ocr_line' id='line_1_13' title="bbox 334 1227 1916 1311; baseline -0.013 -14"><span class='ocrx_word' id='word_1_81' title='bbox 334 1244 448 1297; x_wconf 89' lang='grc' dir='ltr'><strong>σθω</strong></span> <span class='ocrx_word' id='word_1_82' title='bbox 476 1245 534 1295; x_wconf 76' lang='grc' dir='ltr'>ἐν</span> <span class='ocrx_word' id='word_1_83' title='bbox 571 1243 719 1311; x_wconf 83' lang='grc' dir='ltr'>ὑμῖν,</span> <span class='ocrx_word' id='word_1_84' title='bbox 746 1238 933 1310; x_wconf 74' lang='grc' dir='ltr'>φησὶν,</span> <span class='ocrx_word' id='word_1_85' title='bbox 960 1236 989 1291; x_wconf 83' lang='grc' dir='ltr'><strong>ὃ</strong></span> <span class='ocrx_word' id='word_1_86' title='bbox 1019 1236 1112 1289; x_wconf 79' lang='grc' dir='ltr'><strong>καὶ</strong></span> <span class='ocrx_word' id='word_1_87' title='bbox 1167 1234 1226 1288; x_wconf 91' lang='grc' dir='ltr'><strong>ἐν</strong></span> <span class='ocrx_word' id='word_1_88' title='bbox 1263 1231 1486 1304; x_wconf 83' lang='grc' dir='ltr'><strong>Χριστῷ</strong></span> <span class='ocrx_word' id='word_1_89' title='bbox 1531 1228 1729 1298; x_wconf 81' lang='grc' dir='ltr'><strong>Ἰησοῦ,</strong></span> <span class='ocrx_word' id='word_1_90' title='bbox 1753 1227 1811 1290; x_wconf 85' lang='grc' dir='ltr'>ὃς</span> <span class='ocrx_word' id='word_1_91' title='bbox 1857 1227 1916 1278; x_wconf 90' lang='grc' dir='ltr'><strong>ἐν</strong></span> 
     </span>
    </p>
   </div>
   <div class='ocr_carea' id='block_1_14' title="bbox 337 1316 1916 1405">
    <p class='ocr_par' dir='ltr' id='par_1_14' title="bbox 337 1316 1916 1405">
     <span class='ocr_line' id='line_1_14' title="bbox 337 1316 1916 1405; baseline -0.013 -18"><span class='ocrx_word' id='word_1_92' title='bbox 337 1335 519 1405; x_wconf 79' lang='grc' dir='ltr'>μορφῇ</span> <span class='ocrx_word' id='word_1_93' title='bbox 565 1329 701 1383; x_wconf 90' lang='grc' dir='ltr'>Θεοῦ</span> <span class='ocrx_word' id='word_1_94' title='bbox 762 1329 1023 1397; x_wconf 82' lang='grc' dir='ltr'>ὑπάρχων</span> <span class='ocrx_word' id='word_1_95' title='bbox 1069 1325 1169 1395; x_wconf 87' lang='grc' dir='ltr'><strong>οὑχ</strong></span> <span class='ocrx_word' id='word_1_96' title='bbox 1212 1322 1504 1394; x_wconf 80' lang='grc' dir='ltr'>ἁρπαγμὸν</span> <span class='ocrx_word' id='word_1_97' title='bbox 1571 1321 1818 1391; x_wconf 79' lang='grc' dir='ltr'>ἡγήσατο</span> <span class='ocrx_word' id='word_1_98' title='bbox 1854 1316 1916 1368; x_wconf 86' lang='grc' dir='ltr'><strong>τὸ</strong></span> 
     </span>
    </p>
   </div>
   <div class='ocr_carea' id='block_1_15' title="bbox 331 1408 1916 1492">
    <p class='ocr_par' dir='ltr' id='par_1_15' title="bbox 331 1408 1916 1492">
     <span class='ocr_line' id='line_1_15' title="bbox 331 1408 1916 1492; baseline -0.011 -15"><span class='ocrx_word' id='word_1_99' title='bbox 331 1421 472 1478; x_wconf 76' lang='grc' dir='ltr'>εἶναι</span> <span class='ocrx_word' id='word_1_100' title='bbox 499 1419 597 1478; x_wconf 76' lang='grc' dir='ltr'>ἶσα</span> <span class='ocrx_word' id='word_1_101' title='bbox 625 1421 744 1492; x_wconf 90' lang='grc' dir='ltr'><strong>Θεῷ</strong></span> <span class='ocrx_word' id='word_1_102' title='bbox 765 1437 778 1449; x_wconf 87' lang='grc'><strong>·</strong></span> <span class='ocrx_word' id='word_1_103' title='bbox 803 1418 920 1473; x_wconf 84' lang='grc' dir='ltr'>ἀλλ’</span> <span class='ocrx_word' id='word_1_104' title='bbox 955 1418 1148 1471; x_wconf 76' lang='grc' dir='ltr'>ἑαυτὸν</span> <span class='ocrx_word' id='word_1_105' title='bbox 1170 1415 1457 1478; x_wconf 78' lang='grc' dir='ltr'>ἐκένωσεν,</span> <span class='ocrx_word' id='word_1_106' title='bbox 1487 1411 1700 1484; x_wconf 86' lang='grc' dir='ltr'>μορφὴν</span> <span class='ocrx_word' id='word_1_107' title='bbox 1727 1408 1916 1462; x_wconf 86' lang='grc' dir='ltr'>δούλου</span> 
     </span>
    </p>
   </div>
   <div class='ocr_carea' id='block_1_16' title="bbox 331 1498 1916 1582">
    <p class='ocr_par' dir='ltr' id='par_1_16' title="bbox 331 1498 1916 1582">
     <span class='ocr_line' id='line_1_16' title="bbox 331 1498 1916 1582; baseline -0.013 -12"><span class='ocrx_word' id='word_1_108' title='bbox 331 1515 514 1570; x_wconf 90' lang='grc' dir='ltr'>λαϐὼν</span> <span class='ocrx_word' id='word_1_109' title='bbox 575 1515 633 1567; x_wconf 88' lang='grc' dir='ltr'><strong>ἐν</strong></span> <span class='ocrx_word' id='word_1_110' title='bbox 697 1509 1003 1582; x_wconf 82' lang='grc' dir='ltr'><strong>ὁμοιώματι</strong></span> <span class='ocrx_word' id='word_1_111' title='bbox 1072 1506 1378 1580; x_wconf 85' lang='grc' dir='ltr'>ἀνθρώπων</span> <span class='ocrx_word' id='word_1_112' title='bbox 1430 1503 1719 1574; x_wconf 80' lang='grc' dir='ltr'>γενόμενος</span> <span class='ocrx_word' id='word_1_113' title='bbox 1745 1541 1759 1565; x_wconf 95' lang='grc'><strong>,</strong></span> <span class='ocrx_word' id='word_1_114' title='bbox 1823 1498 1916 1551; x_wconf 77' lang='grc' dir='ltr'>καὶ</span> 
     </span>
    </p>
   </div>
   <div class='ocr_carea' id='block_1_17' title="bbox 334 1589 1919 1674">
    <p class='ocr_par' dir='ltr' id='par_1_17' title="bbox 334 1589 1919 1674">
     <span class='ocr_line' id='line_1_17' title="bbox 334 1589 1919 1674; baseline -0.011 -18"><span class='ocrx_word' id='word_1_115' title='bbox 334 1603 574 1674; x_wconf 84' lang='grc' dir='ltr'>σχήματι</span> <span class='ocrx_word' id='word_1_116' title='bbox 619 1599 865 1671; x_wconf 74' lang='grc' dir='ltr'>εὑρεθεὶς</span> <span class='ocrx_word' id='word_1_117' title='bbox 911 1597 988 1661; x_wconf 82' lang='grc' dir='ltr'>ᾡς</span> <span class='ocrx_word' id='word_1_118' title='bbox 1033 1595 1350 1668; x_wconf 79' lang='grc' dir='ltr'><strong>ἄνθρωπος⁹</strong></span> <span class='ocrx_word' id='word_1_119' title='bbox 1383 1591 1747 1646; x_wconf 76' lang='grc' dir='ltr'>ἐταπείνωσεν</span> <span class='ocrx_word' id='word_1_120' title='bbox 1793 1589 1919 1640; x_wconf 65' lang='lat' dir='ltr'><strong>Eatu-</strong></span> 
     </span>
    </p>
   </div>
   <div class='ocr_carea' id='block_1_18' title="bbox 330 1677 1918 1764">
    <p class='ocr_par' dir='ltr' id='par_1_18' title="bbox 330 1677 1918 1764">
     <span class='ocr_line' id='line_1_18' title="bbox 330 1677 1918 1764; baseline -0.012 -15"><span class='ocrx_word' id='word_1_121' title='bbox 330 1696 447 1761; x_wconf 73' lang='grc' dir='ltr'>τὸν,</span> <span class='ocrx_word' id='word_1_122' title='bbox 479 1693 769 1764; x_wconf 85' lang='grc' dir='ltr'>γενόμενος</span> <span class='ocrx_word' id='word_1_123' title='bbox 812 1690 1053 1760; x_wconf 81' lang='grc' dir='ltr'>ὑπήκοος</span> <span class='ocrx_word' id='word_1_124' title='bbox 1112 1687 1274 1758; x_wconf 80' lang='grc' dir='ltr'>μέχρι</span> <span class='ocrx_word' id='word_1_125' title='bbox 1311 1684 1567 1746; x_wconf 89' lang='grc' dir='ltr'>θανάτου,</span> <span class='ocrx_word' id='word_1_126' title='bbox 1603 1680 1834 1736; x_wconf 86' lang='grc' dir='ltr'>θανάτου</span> <span class='ocrx_word' id='word_1_127' title='bbox 1861 1677 1918 1730; x_wconf 76' lang='grc' dir='ltr'>δὲ</span> 
     </span>
    </p>
   </div>
   <div class='ocr_carea' id='block_1_19' title="bbox 332 1773 1915 1854">
    <p class='ocr_par' dir='ltr' id='par_1_19' title="bbox 332 1773 1915 1854">
     <span class='ocr_line' id='line_1_19' title="bbox 332 1773 1915 1854; baseline -0.011 -14"><span class='ocrx_word' id='word_1_128' title='bbox 332 1784 626 1854; x_wconf 77' lang='grc' dir='ltr'>σταυροῦ.»</span> <span class='ocrx_word' id='word_1_129' title='bbox 661 1781 726 1835; x_wconf 86' lang='grc' dir='ltr'>Τί</span> <span class='ocrx_word' id='word_1_130' title='bbox 757 1780 960 1849; x_wconf 87' lang='grc' dir='ltr'>λέγεις,</span> <span class='ocrx_word' id='word_1_131' title='bbox 988 1774 1323 1847; x_wconf 79' lang='grc' dir='ltr'>ὣθαυμάσιε</span> <span class='ocrx_word' id='word_1_132' title='bbox 1353 1773 1566 1841; x_wconf 87' lang='grc' dir='ltr'>Παῦλε;</span> <span class='ocrx_word' id='word_1_133' title='bbox 1603 1790 1624 1825; x_wconf 74' lang='grc' dir='ltr'><strong>ι</strong></span> <span class='ocrx_word' id='word_1_134' title='bbox 1645 1774 1675 1826; x_wconf 82' lang='grc' dir='ltr'><strong>ό</strong></span> <span class='ocrx_word' id='word_1_135' title='bbox 1693 1773 1754 1824; x_wconf 88' lang='grc' dir='ltr'><strong>ἐν</strong></span> <span class='ocrx_word' id='word_1_136' title='bbox 1781 1786 1915 1841; x_wconf 89' lang='grc' dir='ltr'>μορ-</span> 
     </span>
    </p>
   </div>
   <div class='ocr_carea' id='block_1_20' title="bbox 2012 583 3592 654">
    <p class='ocr_par' dir='ltr' id='par_1_20' title="bbox 2012 583 3592 654">
     <span class='ocr_line' id='line_1_20' title="bbox 2012 583 3592 654; baseline -0.006 -10"><span class='ocrx_word' id='word_1_137' title='bbox 2012 605 2132 654; x_wconf 89' lang='lat' dir='ltr'><strong>sua,</strong></span> <span class='ocrx_word' id='word_1_138' title='bbox 2165 605 2272 643; x_wconf 92' lang='lat' dir='ltr'><strong>non</strong></span> <span class='ocrx_word' id='word_1_139' title='bbox 2318 598 2500 644; x_wconf 87' lang='lat' dir='ltr'><strong>autem</strong></span> <span class='ocrx_word' id='word_1_140' title='bbox 2549 596 2758 641; x_wconf 83' lang='lat' dir='ltr'><strong>naturae</strong></span> <span class='ocrx_word' id='word_1_141' title='bbox 2808 587 3109 642; x_wconf 87' lang='lat' dir='ltr'><strong>mutatione</strong></span> <span class='ocrx_word' id='word_1_142' title='bbox 3153 586 3269 640; x_wconf 69' lang='lat' dir='ltr'><strong>haec</strong></span> <span class='ocrx_word' id='word_1_143' title='bbox 3312 583 3592 639; x_wconf 91' lang='lat' dir='ltr'><strong>sustinuit.</strong></span> 
     </span>
    </p>
   </div>
   <div class='ocr_carea' id='block_1_21' title="bbox 2014 674 3585 742">
    <p class='ocr_par' dir='ltr' id='par_1_21' title="bbox 2014 674 3585 742">
     <span class='ocr_line' id='line_1_21' title="bbox 2014 674 3585 742; baseline -0.006 -6"><span class='ocrx_word' id='word_1_144' title='bbox 2014 679 2168 736; x_wconf 85' lang='lat' dir='ltr'><strong>Unde</strong></span> <span class='ocrx_word' id='word_1_145' title='bbox 2204 679 2370 734; x_wconf 88' lang='lat' dir='ltr'><strong>etiam</strong></span> <span class='ocrx_word' id='word_1_146' title='bbox 2412 695 2522 732; x_wconf 89' lang='lat' dir='ltr'><strong>non</strong></span> <span class='ocrx_word' id='word_1_147' title='bbox 2548 678 2866 742; x_wconf 79' lang='lat' dir='ltr'><strong>mortalem,</strong></span> <span class='ocrx_word' id='word_1_148' title='bbox 2907 677 3005 732; x_wconf 91' lang='lat' dir='ltr'><strong>sed</strong></span> <span class='ocrx_word' id='word_1_149' title='bbox 3047 675 3463 731; x_wconf 82' lang='lat' dir='ltr'><strong>misericordem</strong></span> <span class='ocrx_word' id='word_1_150' title='bbox 3500 674 3585 726; x_wconf 81' lang='lat' dir='ltr'><strong>ho-</strong></span> 
     </span>
    </p>
   </div>
   <div class='ocr_carea' id='block_1_22' title="bbox 2015 772 3596 841">
    <p class='ocr_par' dir='ltr' id='par_1_22' title="bbox 2015 772 3596 841">
     <span class='ocr_line' id='line_1_22' title="bbox 2015 772 3596 841; baseline -0.004 -16"><span class='ocrx_word' id='word_1_151' title='bbox 2015 772 2334 841; x_wconf 90' lang='lat' dir='ltr'><strong>minumque</strong></span> <span class='ocrx_word' id='word_1_152' title='bbox 2363 778 2637 825; x_wconf 78' lang='lat' dir='ltr'><strong>amantem</strong></span> <span class='ocrx_word' id='word_1_153' title='bbox 2658 785 2916 824; x_wconf 88' lang='lat' dir='ltr'><strong>vocamus</strong></span> <span class='ocrx_word' id='word_1_154' title='bbox 2945 788 2959 835; x_wconf 89' lang='lat'><strong>;</strong></span> <span class='ocrx_word' id='word_1_155' title='bbox 2986 786 3111 824; x_wconf 86' lang='lat' dir='ltr'><strong>nam</strong></span> <span class='ocrx_word' id='word_1_156' title='bbox 3151 775 3330 823; x_wconf 88' lang='lat' dir='ltr'><strong>morte</strong></span> <span class='ocrx_word' id='word_1_157' title='bbox 3357 775 3596 820; x_wconf 88' lang='lat' dir='ltr'><strong>mortem</strong></span> 
     </span>
    </p>
   </div>
   <div class='ocr_carea' id='block_1_23' title="bbox 2014 857 3598 932">
    <p class='ocr_par' dir='ltr' id='par_1_23' title="bbox 2014 857 3598 932">
     <span class='ocr_line' id='line_1_23' title="bbox 2014 857 3598 932; baseline -0.005 -16"><span class='ocrx_word' id='word_1_158' title='bbox 2014 862 2275 926; x_wconf 88' lang='lat' dir='ltr'><strong>abolevit,</strong></span> <span class='ocrx_word' id='word_1_159' title='bbox 2309 871 2365 916; x_wconf 92' lang='lat' dir='ltr'><strong>et</strong></span> <span class='ocrx_word' id='word_1_160' title='bbox 2391 861 2738 932; x_wconf 87' lang='lat' dir='ltr'><strong>passionibus</strong></span> <span class='ocrx_word' id='word_1_161' title='bbox 2769 861 3026 930; x_wconf 85' lang='lat' dir='ltr'><strong>passibile</strong></span> <span class='ocrx_word' id='word_1_162' title='bbox 3052 859 3383 929; x_wconf 89' lang='lat' dir='ltr'><strong>persanavit.</strong></span> <span class='ocrx_word' id='word_1_163' title='bbox 3402 857 3598 912; x_wconf 89' lang='lat' dir='ltr'><strong>Dicant</strong></span> 
     </span>
    </p>
   </div>
   <div class='ocr_carea' id='block_1_24' title="bbox 2014 948 3596 1020">
    <p class='ocr_par' dir='ltr' id='par_1_24' title="bbox 2014 948 3596 1020">
     <span class='ocr_line' id='line_1_24' title="bbox 2014 948 3596 1020; baseline -0.005 -12"><span class='ocrx_word' id='word_1_164' title='bbox 2014 953 2162 1008; x_wconf 90' lang='lat' dir='ltr'><strong>enim</strong></span> <span class='ocrx_word' id='word_1_165' title='bbox 2192 970 2206 1004; x_wconf 88' lang='lat'><strong>:</strong></span> <span class='ocrx_word' id='word_1_166' title='bbox 2245 952 2381 1019; x_wconf 84' lang='lat' dir='ltr'><strong>Quis</strong></span> <span class='ocrx_word' id='word_1_167' title='bbox 2411 971 2428 1002; x_wconf 75' lang='grc' dir='ltr'><strong>ι</strong></span> <span class='ocrx_word' id='word_1_168' title='bbox 2451 951 2753 1006; x_wconf 79' lang='lat' dir='ltr'><strong>exinanivit</strong></span> <span class='ocrx_word' id='word_1_169' title='bbox 2778 950 3131 1020; x_wconf 87' lang='lat' dir='ltr'><strong>semetipsum</strong></span> <span class='ocrx_word' id='word_1_170' title='bbox 3151 965 3324 1019; x_wconf 61' lang='lat' dir='ltr'><strong>usque</strong></span> <span class='ocrx_word' id='word_1_171' title='bbox 3346 948 3415 1002; x_wconf 90' lang='lat' dir='ltr'><strong>ad</strong></span> <span class='ocrx_word' id='word_1_172' title='bbox 3444 963 3596 1001; x_wconf 88' lang='lat' dir='ltr'><strong>mor-</strong></span> 
     </span>
    </p>
   </div>
   <div class='ocr_carea' id='block_1_25' title="bbox 2016 1039 3598 1108">
    <p class='ocr_par' dir='ltr' id='par_1_25' title="bbox 2016 1039 3598 1108">
     <span class='ocr_line' id='line_1_25' title="bbox 2016 1039 3598 1108; baseline -0.004 -10"><span class='ocrx_word' id='word_1_173' title='bbox 2016 1053 2147 1108; x_wconf 86' lang='lat' dir='ltr'><strong>tem,</strong></span> <span class='ocrx_word' id='word_1_174' title='bbox 2177 1053 2410 1098; x_wconf 89' lang='lat' dir='ltr'><strong>mortem</strong></span> <span class='ocrx_word' id='word_1_175' title='bbox 2439 1051 2623 1097; x_wconf 84' lang='lat' dir='ltr'><strong>autem</strong></span> <span class='ocrx_word' id='word_1_176' title='bbox 2651 1042 2834 1096; x_wconf 91' lang='lat' dir='ltr'><strong>erucis</strong></span> <span class='ocrx_word' id='word_1_177' title='bbox 2855 1042 2921 1103; x_wconf 81' lang='grc'>⁸³,</span> <span class='ocrx_word' id='word_1_178' title='bbox 2953 1060 2972 1092; x_wconf 72' lang='grc' dir='ltr'><strong>ι</strong></span> <span class='ocrx_word' id='word_1_179' title='bbox 3011 1041 3119 1095; x_wconf 90' lang='lat' dir='ltr'><strong>nisi</strong></span> <span class='ocrx_word' id='word_1_180' title='bbox 3148 1041 3293 1095; x_wconf 89' lang='lat' dir='ltr'><strong>Deus</strong></span> <span class='ocrx_word' id='word_1_181' title='bbox 3332 1053 3457 1092; x_wconf 87' lang='lat' dir='ltr'><strong>eum</strong></span> <span class='ocrx_word' id='word_1_182' title='bbox 3492 1039 3598 1092; x_wconf 88' lang='lat' dir='ltr'><strong>bo-</strong></span> 
     </span>
    </p>
   </div>
   <div class='ocr_carea' id='block_1_26' title="bbox 2014 1116 3595 1202">
    <p class='ocr_par' dir='ltr' id='par_1_26' title="bbox 2014 1116 3595 1202">
     <span class='ocr_line' id='line_1_26' title="bbox 2014 1116 3595 1202; baseline -0.004 -15"><span class='ocrx_word' id='word_1_183' title='bbox 2014 1131 2257 1187; x_wconf 83' lang='lat' dir='ltr'><strong>minibus</strong></span> <span class='ocrx_word' id='word_1_184' title='bbox 2280 1141 2493 1202; x_wconf 87' lang='lat' dir='ltr'><strong>sponte,</strong></span> <span class='ocrx_word' id='word_1_185' title='bbox 2521 1148 2631 1187; x_wconf 92' lang='lat' dir='ltr'><strong>non</strong></span> <span class='ocrx_word' id='word_1_186' title='bbox 2659 1138 2845 1186; x_wconf 86' lang='lat' dir='ltr'><strong>autem</strong></span> <span class='ocrx_word' id='word_1_187' title='bbox 2874 1141 3085 1187; x_wconf 67' lang='lat' dir='ltr'><strong>naturae</strong></span> <span class='ocrx_word' id='word_1_188' title='bbox 3108 1116 3433 1186; x_wconf 81' lang='lat' dir='ltr'><strong>necessitate</strong></span> <span class='ocrx_word' id='word_1_189' title='bbox 3475 1143 3595 1182; x_wconf 85' lang='lat' dir='ltr'><strong>eam</strong></span> 
     </span>
    </p>
   </div>
   <div class='ocr_carea' id='block_1_27' title="bbox 2016 1220 3597 1294">
    <p class='ocr_par' dir='ltr' id='par_1_27' title="bbox 2016 1220 3597 1294">
     <span class='ocr_line' id='line_1_27' title="bbox 2016 1220 3597 1294; baseline -0.001 -16"><span class='ocrx_word' id='word_1_190' title='bbox 2016 1223 2386 1294; x_wconf 83' lang='lat' dir='ltr'><strong>participans?</strong></span> <span class='ocrx_word' id='word_1_191' title='bbox 2424 1243 2441 1274; x_wconf 77' lang='grc' dir='ltr'><strong>ι</strong></span> <span class='ocrx_word' id='word_1_192' title='bbox 2476 1223 2593 1278; x_wconf 85' lang='lat' dir='ltr'><strong>Hoc</strong></span> <span class='ocrx_word' id='word_1_193' title='bbox 2615 1223 2764 1278; x_wconf 90' lang='lat' dir='ltr'><strong>enim</strong></span> <span class='ocrx_word' id='word_1_194' title='bbox 2799 1223 3075 1278; x_wconf 84' lang='lat' dir='ltr'><strong>sentiatur</strong></span> <span class='ocrx_word' id='word_1_195' title='bbox 3109 1223 3166 1276; x_wconf 90' lang='lat' dir='ltr'><strong>in</strong></span> <span class='ocrx_word' id='word_1_196' title='bbox 3195 1222 3373 1285; x_wconf 81' lang='lat' dir='ltr'><strong>vobis,</strong></span> <span class='ocrx_word' id='word_1_197' title='bbox 3395 1220 3597 1289; x_wconf 86' lang='lat' dir='ltr'><strong>inquit,</strong></span> 
     </span>
    </p>
   </div>
   <div class='ocr_carea' id='block_1_28' title="bbox 2015 1313 3595 1385">
    <p class='ocr_par' dir='ltr' id='par_1_28' title="bbox 2015 1313 3595 1385">
     <span class='ocr_line' id='line_1_28' title="bbox 2015 1313 3595 1385; baseline -0.002 -17"><span class='ocrx_word' id='word_1_198' title='bbox 2015 1315 2161 1384; x_wconf 92' lang='lat' dir='ltr'><strong>quod</strong></span> <span class='ocrx_word' id='word_1_199' title='bbox 2186 1324 2241 1370; x_wconf 90' lang='lat' dir='ltr'><strong>et</strong></span> <span class='ocrx_word' id='word_1_200' title='bbox 2261 1315 2314 1368; x_wconf 90' lang='lat' dir='ltr'><strong>in</strong></span> <span class='ocrx_word' id='word_1_201' title='bbox 2347 1314 2568 1370; x_wconf 86' lang='lat' dir='ltr'><strong>Christo</strong></span> <span class='ocrx_word' id='word_1_202' title='bbox 2591 1314 2741 1380; x_wconf 86' lang='lat' dir='ltr'><strong>Jesu,</strong></span> <span class='ocrx_word' id='word_1_203' title='bbox 2767 1315 2862 1385; x_wconf 88' lang='lat' dir='ltr'><strong>qui</strong></span> <span class='ocrx_word' id='word_1_204' title='bbox 2885 1316 2942 1368; x_wconf 90' lang='lat' dir='ltr'><strong>in</strong></span> <span class='ocrx_word' id='word_1_205' title='bbox 2975 1314 3152 1368; x_wconf 82' lang='lat' dir='ltr'><strong>forma</strong></span> <span class='ocrx_word' id='word_1_206' title='bbox 3182 1313 3277 1368; x_wconf 90' lang='lat' dir='ltr'><strong>Dei</strong></span> <span class='ocrx_word' id='word_1_207' title='bbox 3305 1313 3595 1375; x_wconf 78' lang='lat' dir='ltr'><strong>exsistens,</strong></span> 
     </span>
    </p>
   </div>
   <div class='ocr_carea' id='block_1_29' title="bbox 2016 1401 3598 1476">
    <p class='ocr_par' dir='ltr' id='par_1_29' title="bbox 2016 1401 3598 1476">
     <span class='ocr_line' id='line_1_29' title="bbox 2016 1401 3598 1476; baseline -0.003 -16"><span class='ocrx_word' id='word_1_208' title='bbox 2016 1421 2128 1474; x_wconf 84' lang='lat' dir='ltr'><strong>non</strong></span> <span class='ocrx_word' id='word_1_209' title='bbox 2188 1407 2430 1476; x_wconf 83' lang='lat' dir='ltr'><strong>rapinam</strong></span> <span class='ocrx_word' id='word_1_210' title='bbox 2487 1405 2826 1461; x_wconf 77' lang='lat' dir='ltr'><strong>existimavit</strong></span> <span class='ocrx_word' id='word_1_211' title='bbox 2864 1421 2986 1460; x_wconf 88' lang='lat' dir='ltr'><strong>esse</strong></span> <span class='ocrx_word' id='word_1_212' title='bbox 3009 1405 3275 1474; x_wconf 83' lang='lat' dir='ltr'><strong>aequalem</strong></span> <span class='ocrx_word' id='word_1_213' title='bbox 3310 1403 3465 1457; x_wconf 90' lang='lat' dir='ltr'><strong>Deo:</strong></span> <span class='ocrx_word' id='word_1_214' title='bbox 3501 1401 3598 1456; x_wconf 85' lang='lat' dir='ltr'><strong>sed</strong></span> 
     </span>
    </p>
   </div>
   <div class='ocr_carea' id='block_1_30' title="bbox 2017 1491 3599 1565">
    <p class='ocr_par' dir='ltr' id='par_1_30' title="bbox 2017 1491 3599 1565">
     <span class='ocr_line' id='line_1_30' title="bbox 2017 1491 3599 1565; baseline -0.003 -16"><span class='ocrx_word' id='word_1_215' title='bbox 2017 1495 2374 1565; x_wconf 86' lang='lat' dir='ltr'><strong>semetipsum</strong></span> <span class='ocrx_word' id='word_1_216' title='bbox 2401 1497 2723 1564; x_wconf 78' lang='lat' dir='ltr'><strong>exinanivit,</strong></span> <span class='ocrx_word' id='word_1_217' title='bbox 2748 1497 2978 1551; x_wconf 78' lang='lat' dir='ltr'><strong>formam</strong></span> <span class='ocrx_word' id='word_1_218' title='bbox 3009 1495 3152 1550; x_wconf 88' lang='lat' dir='ltr'><strong>servi</strong></span> <span class='ocrx_word' id='word_1_219' title='bbox 3177 1493 3494 1563; x_wconf 89' lang='lat' dir='ltr'><strong>accipiens,</strong></span> <span class='ocrx_word' id='word_1_220' title='bbox 3539 1491 3599 1544; x_wconf 87' lang='lat' dir='ltr'><strong>in</strong></span> 
     </span>
    </p>
   </div>
   <div class='ocr_carea' id='block_1_31' title="bbox 2018 1584 3602 1653">
    <p class='ocr_par' dir='ltr' id='par_1_31' title="bbox 2018 1584 3602 1653">
     <span class='ocr_line' id='line_1_31' title="bbox 2018 1584 3602 1653; baseline -0.001 -14"><span class='ocrx_word' id='word_1_221' title='bbox 2018 1586 2436 1642; x_wconf 89' lang='lat' dir='ltr'><strong>similitudinem</strong></span> <span class='ocrx_word' id='word_1_222' title='bbox 2481 1588 2767 1644; x_wconf 89' lang='lat' dir='ltr'><strong>hominum</strong></span> <span class='ocrx_word' id='word_1_223' title='bbox 2796 1588 2994 1653; x_wconf 80' lang='lat' dir='ltr'><strong>factus,</strong></span> <span class='ocrx_word' id='word_1_224' title='bbox 3033 1594 3090 1641; x_wconf 91' lang='lat' dir='ltr'><strong>et</strong></span> <span class='ocrx_word' id='word_1_225' title='bbox 3118 1584 3310 1639; x_wconf 92' lang='lat' dir='ltr'><strong>habitu</strong></span> <span class='ocrx_word' id='word_1_226' title='bbox 3343 1585 3602 1638; x_wconf 82' lang='lat' dir='ltr'><strong>inventus</strong></span> 
     </span>
    </p>
   </div>
   <div class='ocr_carea' id='block_1_32' title="bbox 2018 1671 3604 1746">
    <p class='ocr_par' dir='ltr' id='par_1_32' title="bbox 2018 1671 3604 1746">
     <span class='ocr_line' id='line_1_32' title="bbox 2018 1671 3604 1746; baseline -0.003 -16"><span class='ocrx_word' id='word_1_227' title='bbox 2018 1683 2082 1730; x_wconf 90' lang='lat' dir='ltr'><strong>ut</strong></span> <span class='ocrx_word' id='word_1_228' title='bbox 2120 1677 2286 1733; x_wconf 90' lang='lat' dir='ltr'><strong>homo</strong></span> <span class='ocrx_word' id='word_1_229' title='bbox 2318 1677 2668 1733; x_wconf 89' lang='lat' dir='ltr'><strong>:humiliavit</strong></span> <span class='ocrx_word' id='word_1_230' title='bbox 2713 1677 3070 1746; x_wconf 87' lang='lat' dir='ltr'><strong>semetipsum</strong></span> <span class='ocrx_word' id='word_1_231' title='bbox 3116 1673 3293 1728; x_wconf 85' lang='lat' dir='ltr'><strong>factus</strong></span> <span class='ocrx_word' id='word_1_232' title='bbox 3335 1671 3604 1727; x_wconf 71' lang='lat' dir='ltr'><strong>obedienc</strong></span> 
     </span>
    </p>
   </div>
   <div class='ocr_carea' id='block_1_33' title="bbox 2019 1761 3601 1838">
    <p class='ocr_par' dir='ltr' id='par_1_33' title="bbox 2019 1761 3601 1838">
     <span class='ocr_line' id='line_1_33' title="bbox 2019 1761 3601 1838; baseline -0.003 -17"><span class='ocrx_word' id='word_1_233' title='bbox 2019 1783 2195 1838; x_wconf 89' lang='lat' dir='ltr'><strong>usque</strong></span> <span class='ocrx_word' id='word_1_234' title='bbox 2242 1767 2311 1823; x_wconf 90' lang='lat' dir='ltr'><strong>ad</strong></span> <span class='ocrx_word' id='word_1_235' title='bbox 2371 1776 2628 1833; x_wconf 89' lang='lat' dir='ltr'><strong>mortem,</strong></span> <span class='ocrx_word' id='word_1_236' title='bbox 2663 1775 2900 1823; x_wconf 89' lang='lat' dir='ltr'><strong>mortem</strong></span> <span class='ocrx_word' id='word_1_237' title='bbox 2946 1773 3130 1820; x_wconf 89' lang='lat' dir='ltr'><strong>autem</strong></span> <span class='ocrx_word' id='word_1_238' title='bbox 3177 1763 3359 1819; x_wconf 89' lang='lat' dir='ltr'><strong>crucis</strong></span> <span class='ocrx_word' id='word_1_239' title='bbox 3378 1763 3445 1815; x_wconf 76' lang='lat'><strong>“.</strong></span> <span class='ocrx_word' id='word_1_240' title='bbox 3483 1782 3500 1813; x_wconf 76' lang='grc' dir='ltr'><strong>ι</strong></span> <span class='ocrx_word' id='word_1_241' title='bbox 3554 1761 3601 1816; x_wconf 90' lang='grc' dir='ltr'><strong>Ο</strong></span> 
     </span>
    </p>
   </div>
   <div class='ocr_carea' id='block_1_34' title="bbox 331 1844 1927 1945">
    <p class='ocr_par' dir='ltr' id='par_1_34' title="bbox 331 1844 1912 1945">
     <span class='ocr_line' id='line_1_34' title="bbox 331 1844 1912 1945; baseline -0.01 -15"><span class='ocrx_word' id='word_1_242' title='bbox 331 1878 410 1945; x_wconf 72' lang='grc' dir='ltr'>φῇ</span> <span class='ocrx_word' id='word_1_243' title='bbox 461 1844 594 1928; x_wconf 75' lang='grc' dir='ltr'>Θεοῦ</span> <span class='ocrx_word' id='word_1_244' title='bbox 641 1844 922 1941; x_wconf 80' lang='grc' dir='ltr'>ὑπάρχων,</span> <span class='ocrx_word' id='word_1_245' title='bbox 952 1889 969 1921; x_wconf 75' lang='grc' dir='ltr'><strong>ι</strong></span> <span class='ocrx_word' id='word_1_246' title='bbox 1027 1868 1125 1922; x_wconf 78' lang='grc' dir='ltr'><strong>καὶ</strong></span> <span class='ocrx_word' id='word_1_247' title='bbox 1163 1844 1199 1920; x_wconf 40' lang='grc' dir='ltr'>-ι</span> <span class='ocrx_word' id='word_1_248' title='bbox 1232 1867 1349 1931; x_wconf 81' lang='grc' dir='ltr'>ἴσος</span> <span class='ocrx_word' id='word_1_249' title='bbox 1408 1865 1498 1920; x_wconf 78' lang='grc' dir='ltr'><strong>διὰ</strong></span> <span class='ocrx_word' id='word_1_250' title='bbox 1553 1863 1713 1918; x_wconf 81' lang='grc' dir='ltr'>τοῦτο</span> <span class='ocrx_word' id='word_1_251' title='bbox 1740 1861 1862 1931; x_wconf 88' lang='grc' dir='ltr'><strong>Θεῷ</strong></span> <span class='ocrx_word' id='word_1_252' title='bbox 1890 1879 1912 1913; x_wconf 66' lang='grc' dir='ltr'><strong>ι</strong></span> 
     </span>
    </p>
   </div>
   <div class='ocr_carea' id='block_1_35' title="bbox 2028 1844 3601 1945">
    <p class='ocr_par' dir='ltr' id='par_1_35' title="bbox 2028 1853 3601 1929">
     <span class='ocr_line' id='line_1_35' title="bbox 2028 1853 3601 1929; baseline -0.004 -16"><span class='ocrx_word' id='word_1_253' title='bbox 2028 1858 2185 1914; x_wconf 86' lang='lat' dir='ltr'><strong>Paule</strong></span> <span class='ocrx_word' id='word_1_254' title='bbox 2211 1858 2554 1924; x_wconf 88' lang='lat' dir='ltr'><strong>admirande,</strong></span> <span class='ocrx_word' id='word_1_255' title='bbox 2573 1858 2708 1929; x_wconf 90' lang='lat' dir='ltr'><strong>quid</strong></span> <span class='ocrx_word' id='word_1_256' title='bbox 2744 1857 2868 1913; x_wconf 84' lang='lat' dir='ltr'><strong>ais?</strong></span> <span class='ocrx_word' id='word_1_257' title='bbox 2889 1875 2906 1908; x_wconf 77' lang='grc' dir='ltr'><strong>ι</strong></span> <span class='ocrx_word' id='word_1_258' title='bbox 2942 1857 3036 1926; x_wconf 86' lang='lat' dir='ltr'><strong>qui</strong></span> <span class='ocrx_word' id='word_1_259' title='bbox 3063 1856 3119 1910; x_wconf 89' lang='lat' dir='ltr'><strong>in</strong></span> <span class='ocrx_word' id='word_1_260' title='bbox 3147 1856 3320 1909; x_wconf 86' lang='lat' dir='ltr'><strong>forma</strong></span> <span class='ocrx_word' id='word_1_261' title='bbox 3336 1853 3434 1908; x_wconf 90' lang='lat' dir='ltr'><strong>Dei</strong></span> <span class='ocrx_word' id='word_1_262' title='bbox 3451 1853 3601 1907; x_wconf 78' lang='lat' dir='ltr'><strong>exsi-</strong></span> 
     </span>
    </p>
   </div>
   <div class='ocr_carea' id='block_1_36' title="bbox 332 1951 1917 2036">
    <p class='ocr_par' dir='ltr' id='par_1_36' title="bbox 332 1951 1917 2036">
     <span class='ocr_line' id='line_1_36' title="bbox 332 1951 1917 2036; baseline -0.01 -17"><span class='ocrx_word' id='word_1_263' title='bbox 332 1963 761 2036; x_wconf 75' lang='grc' dir='ltr'>γνωριζόμενος,</span> <span class='ocrx_word' id='word_1_264' title='bbox 798 1981 816 2014; x_wconf 81' lang='grc' dir='ltr'><strong>ι</strong></span> <span class='ocrx_word' id='word_1_265' title='bbox 840 1959 1038 2015; x_wconf 84' lang='grc' dir='ltr'>ἐαυτὸν</span> <span class='ocrx_word' id='word_1_266' title='bbox 1056 1958 1332 2022; x_wconf 82' lang='grc' dir='ltr'>ἐκένωσε;</span> <span class='ocrx_word' id='word_1_267' title='bbox 1361 1974 1381 2007; x_wconf 73' lang='grc' dir='ltr'><strong>ι</strong></span> <span class='ocrx_word' id='word_1_268' title='bbox 1419 1955 1517 2010; x_wconf 70' lang='grc' dir='ltr'>καὶ</span> <span class='ocrx_word' id='word_1_269' title='bbox 1539 1954 1593 2007; x_wconf 86' lang='grc' dir='ltr'><strong>τί</strong></span> <span class='ocrx_word' id='word_1_270' title='bbox 1613 1953 1716 2024; x_wconf 81' lang='grc' dir='ltr'>τῆς</span> <span class='ocrx_word' id='word_1_271' title='bbox 1746 1951 1917 2004; x_wconf 88' lang='grc' dir='ltr'>κενώ-</span> 
     </span>
    </p>
   </div>
   <div class='ocr_carea' id='block_1_37' title="bbox 331 2041 1911 2120">
    <p class='ocr_par' dir='ltr' id='par_1_37' title="bbox 331 2041 1911 2120">
     <span class='ocr_line' id='line_1_37' title="bbox 331 2041 1911 2120; baseline -0.009 -10"><span class='ocrx_word' id='word_1_272' title='bbox 331 2072 475 2119; x_wconf 86' lang='grc' dir='ltr'>σεως</span> <span class='ocrx_word' id='word_1_273' title='bbox 502 2055 566 2107; x_wconf 82' lang='grc' dir='ltr'><strong>τὸ</strong></span> <span class='ocrx_word' id='word_1_274' title='bbox 592 2051 763 2119; x_wconf 83' lang='grc' dir='ltr'>εἷδος;</span> <span class='ocrx_word' id='word_1_275' title='bbox 793 2051 937 2106; x_wconf 80' lang='grc' dir='ltr'>εἰπέ.</span> <span class='ocrx_word' id='word_1_276' title='bbox 972 2048 1230 2120; x_wconf 81' lang='grc' dir='ltr'>Μορφὴν,</span> <span class='ocrx_word' id='word_1_277' title='bbox 1256 2047 1414 2118; x_wconf 80' lang='grc' dir='ltr'>φησὶ,</span> <span class='ocrx_word' id='word_1_278' title='bbox 1463 2045 1652 2100; x_wconf 88' lang='grc' dir='ltr'>δούλου</span> <span class='ocrx_word' id='word_1_279' title='bbox 1705 2041 1911 2096; x_wconf 86' lang='grc' dir='ltr'>λαϐών.</span> 
     </span>
    </p>
   </div>
   <div class='ocr_carea' id='block_1_38' title="bbox 335 2134 1917 2217">
    <p class='ocr_par' dir='ltr' id='par_1_38' title="bbox 335 2134 1917 2217">
     <span class='ocr_line' id='line_1_38' title="bbox 335 2134 1917 2217; baseline -0.01 -17"><span class='ocrx_word' id='word_1_280' title='bbox 335 2148 448 2201; x_wconf 76' lang='grc' dir='ltr'><strong>Καὶ</strong></span> <span class='ocrx_word' id='word_1_281' title='bbox 476 2145 582 2217; x_wconf 79' lang='grc' dir='ltr'>μὴν</span> <span class='ocrx_word' id='word_1_282' title='bbox 619 2147 670 2198; x_wconf 81' lang='grc' dir='ltr'>ει</span> <span class='ocrx_word' id='word_1_283' title='bbox 702 2143 863 2215; x_wconf 87' lang='grc' dir='ltr'>μόνον</span> <span class='ocrx_word' id='word_1_284' title='bbox 901 2139 1205 2212; x_wconf 86' lang='grc' dir='ltr'>προσέλαϐε</span> <span class='ocrx_word' id='word_1_285' title='bbox 1233 2138 1422 2192; x_wconf 86' lang='grc' dir='ltr'>δούλου</span> <span class='ocrx_word' id='word_1_286' title='bbox 1449 2135 1686 2207; x_wconf 81' lang='grc' dir='ltr'>μορφὴν,</span> <span class='ocrx_word' id='word_1_287' title='bbox 1722 2134 1917 2186; x_wconf 73' lang='grc' dir='ltr'>ἐαυτὸν</span> 
     </span>
    </p>
   </div>
   <div class='ocr_carea' id='block_1_39' title="bbox 331 2217 1917 2303">
    <p class='ocr_par' dir='ltr' id='par_1_39' title="bbox 331 2217 1917 2303">
     <span class='ocr_line' id='line_1_39' title="bbox 331 2217 1917 2303; baseline -0.011 -11"><span class='ocrx_word' id='word_1_288' title='bbox 331 2239 639 2303; x_wconf 79' lang='grc' dir='ltr'>ἐκένωσεν;</span> <span class='ocrx_word' id='word_1_289' title='bbox 674 2235 835 2289; x_wconf 78' lang='grc' dir='ltr'>Ἀλλά</span> <span class='ocrx_word' id='word_1_290' title='bbox 875 2234 967 2287; x_wconf 83' lang='grc' dir='ltr'><strong>τὸν</strong></span> <span class='ocrx_word' id='word_1_291' title='bbox 1009 2231 1212 2300; x_wconf 84' lang='grc' dir='ltr'>τρόπον</span> <span class='ocrx_word' id='word_1_292' title='bbox 1249 2229 1460 2292; x_wconf 83' lang='grc' dir='ltr'>σκόπει,</span> <span class='ocrx_word' id='word_1_293' title='bbox 1517 2227 1704 2296; x_wconf 67' lang='grc' dir='ltr'>φησιν,</span> <span class='ocrx_word' id='word_1_294' title='bbox 1823 2225 1917 2277; x_wconf 67' lang='grc' dir='ltr'><strong>ἀνα</strong></span> 
     </span>
    </p>
   </div>
   <div class='ocr_carea' id='block_1_40' title="bbox 333 2315 1918 2399">
    <p class='ocr_par' dir='ltr' id='par_1_40' title="bbox 333 2315 1918 2399">
     <span class='ocr_line' id='line_1_40' title="bbox 333 2315 1918 2399; baseline -0.009 -18"><span class='ocrx_word' id='word_1_295' title='bbox 333 2327 505 2381; x_wconf 77' lang='grc' dir='ltr'>έλαϐε</span> <span class='ocrx_word' id='word_1_296' title='bbox 531 2327 632 2399; x_wconf 81' lang='grc' dir='ltr'><strong>τὴν</strong></span> <span class='ocrx_word' id='word_1_297' title='bbox 662 2324 758 2378; x_wconf 83' lang='grc' dir='ltr'><strong>τοῦ</strong></span> <span class='ocrx_word' id='word_1_298' title='bbox 791 2322 979 2377; x_wconf 88' lang='grc' dir='ltr'>δούλου</span> <span class='ocrx_word' id='word_1_299' title='bbox 1021 2319 1256 2392; x_wconf 82' lang='grc' dir='ltr'>μορφὴν,</span> <span class='ocrx_word' id='word_1_300' title='bbox 1291 2319 1388 2372; x_wconf 78' lang='grc' dir='ltr'>καὶ</span> <span class='ocrx_word' id='word_1_301' title='bbox 1417 2316 1606 2388; x_wconf 78' lang='grc' dir='ltr'>γνώσῃ</span> <span class='ocrx_word' id='word_1_302' title='bbox 1623 2315 1918 2386; x_wconf 77' lang='grc' dir='ltr'>ὃτιπρότε-</span> 
     </span>
    </p>
   </div>
   <div class='ocr_carea' id='block_1_41' title="bbox 335 2406 1919 2491">
    <p class='ocr_par' dir='ltr' id='par_1_41' title="bbox 335 2406 1919 2491">
     <span class='ocr_line' id='line_1_41' title="bbox 335 2406 1919 2491; baseline -0.009 -19"><span class='ocrx_word' id='word_1_303' title='bbox 335 2437 434 2491; x_wconf 85' lang='grc' dir='ltr'><strong>ρον</strong></span> <span class='ocrx_word' id='word_1_304' title='bbox 480 2418 749 2472; x_wconf 76' lang='grc' dir='ltr'>ἐκένωσεν</span> <span class='ocrx_word' id='word_1_305' title='bbox 797 2414 1009 2469; x_wconf 79' lang='grc' dir='ltr'>ἑαυτόν.</span> <span class='ocrx_word' id='word_1_306' title='bbox 1043 2412 1106 2466; x_wconf 79' lang='lat' dir='ltr'><strong>Et</strong></span> <span class='ocrx_word' id='word_1_307' title='bbox 1140 2411 1240 2481; x_wconf 87' lang='grc' dir='ltr'><strong>μὲν</strong></span> <span class='ocrx_word' id='word_1_308' title='bbox 1275 2409 1384 2479; x_wconf 76' lang='grc' dir='ltr'><strong>γάρ</strong></span> <span class='ocrx_word' id='word_1_309' title='bbox 1428 2408 1504 2479; x_wconf 83' lang='grc' dir='ltr'>μὴ</span> <span class='ocrx_word' id='word_1_310' title='bbox 1567 2406 1919 2475; x_wconf 84' lang='grc' dir='ltr'>συγκαταϐὰς</span> 
     </span>
    </p>
   </div>
   <div class='ocr_carea' id='block_1_42' title="bbox 333 2495 1918 2580">
    <p class='ocr_par' dir='ltr' id='par_1_42' title="bbox 333 2495 1918 2580">
     <span class='ocr_line' id='line_1_42' title="bbox 333 2495 1918 2580; baseline -0.011 -15"><span class='ocrx_word' id='word_1_311' title='bbox 333 2508 614 2580; x_wconf 79' lang='grc' dir='ltr'>ἀνθρώπῳ</span> <span class='ocrx_word' id='word_1_312' title='bbox 661 2506 797 2570; x_wconf 74' lang='grc' dir='ltr'>Θεὸς</span> <span class='ocrx_word' id='word_1_313' title='bbox 842 2503 1104 2558; x_wconf 80' lang='grc' dir='ltr'>ἀνέλαϐεν</span> <span class='ocrx_word' id='word_1_314' title='bbox 1156 2501 1464 2571; x_wconf 79' lang='grc' dir='ltr'>ἄνθρωπον,</span> <span class='ocrx_word' id='word_1_315' title='bbox 1505 2496 1717 2568; x_wconf 75' lang='grc' dir='ltr'>μορφὴν</span> <span class='ocrx_word' id='word_1_316' title='bbox 1757 2495 1918 2548; x_wconf 74' lang='grc' dir='ltr'>ἔλαϐε</span> 
     </span>
    </p>
   </div>
   <div class='ocr_carea' id='block_1_43' title="bbox 333 2587 1920 2669">
    <p class='ocr_par' dir='ltr' id='par_1_43' title="bbox 333 2587 1920 2669">
     <span class='ocr_line' id='line_1_43' title="bbox 333 2587 1920 2669; baseline -0.011 -14"><span class='ocrx_word' id='word_1_317' title='bbox 333 2600 532 2656; x_wconf 85' lang='grc' dir='ltr'>δούλου</span> <span class='ocrx_word' id='word_1_318' title='bbox 585 2599 766 2669; x_wconf 84' lang='grc' dir='ltr'>μόνον,</span> <span class='ocrx_word' id='word_1_319' title='bbox 795 2597 890 2649; x_wconf 74' lang='grc' dir='ltr'><strong>καὶ</strong></span> <span class='ocrx_word' id='word_1_320' title='bbox 926 2593 1240 2648; x_wconf 79' lang='grc' dir='ltr'>ἐαυτὸνόὺκ</span> <span class='ocrx_word' id='word_1_321' title='bbox 1281 2591 1567 2644; x_wconf 82' lang='grc' dir='ltr'>ἐκένωσεν.</span> <span class='ocrx_word' id='word_1_322' title='bbox 1613 2587 1830 2658; x_wconf 81' lang='grc' dir='ltr'>Ἐπειδὴ</span> <span class='ocrx_word' id='word_1_323' title='bbox 1861 2587 1920 2640; x_wconf 75' lang='grc' dir='ltr'><strong>δὲ</strong></span> 
     </span>
    </p>
   </div>
   <div class='ocr_carea' id='block_1_44' title="bbox 335 2677 1922 2761">
    <p class='ocr_par' dir='ltr' id='par_1_44' title="bbox 335 2677 1922 2761">
     <span class='ocr_line' id='line_1_44' title="bbox 335 2677 1922 2761; baseline -0.009 -17"><span class='ocrx_word' id='word_1_324' title='bbox 335 2690 528 2754; x_wconf 64' lang='grc' dir='ltr'>αὐτὸς,</span> <span class='ocrx_word' id='word_1_325' title='bbox 564 2688 719 2761; x_wconf 80' lang='grc' dir='ltr'>φησὶ,</span> <span class='ocrx_word' id='word_1_326' title='bbox 756 2687 976 2756; x_wconf 85' lang='grc' dir='ltr'>γέγονεν</span> <span class='ocrx_word' id='word_1_327' title='bbox 1023 2683 1328 2756; x_wconf 80' lang='grc' dir='ltr'>ἄνθρωπος·</span> <span class='ocrx_word' id='word_1_328' title='bbox 1367 2699 1387 2732; x_wconf 78' lang='grc' dir='ltr'><strong>ι</strong></span> <span class='ocrx_word' id='word_1_329' title='bbox 1411 2679 1657 2752; x_wconf 73' lang='grc' dir='ltr'>εὑρεθεὶς</span> <span class='ocrx_word' id='word_1_330' title='bbox 1695 2679 1804 2750; x_wconf 84' lang='grc' dir='ltr'><strong>γάρ</strong></span> <span class='ocrx_word' id='word_1_331' title='bbox 1845 2677 1922 2741; x_wconf 86' lang='grc' dir='ltr'>ὡς</span> 
     </span>
    </p>
   </div>
   <div class='ocr_carea' id='block_1_45' title="bbox 341 2769 1920 2851">
    <p class='ocr_par' dir='ltr' id='par_1_45' title="bbox 341 2769 1920 2851">
     <span class='ocr_line' id='line_1_45' title="bbox 341 2769 1920 2851; baseline -0.008 -17"><span class='ocrx_word' id='word_1_332' title='bbox 341 2779 655 2851; x_wconf 73' lang='grc' dir='ltr'>ἄνθρωπος,</span> <span class='ocrx_word' id='word_1_333' title='bbox 705 2777 870 2846; x_wconf 77' lang='grc' dir='ltr'>φησὶν</span> <span class='ocrx_word' id='word_1_334' title='bbox 907 2778 936 2829; x_wconf 87' lang='grc' dir='ltr'>ὁ</span> <span class='ocrx_word' id='word_1_335' title='bbox 975 2774 1210 2838; x_wconf 83' lang='grc' dir='ltr'>Παῦλος,</span> <span class='ocrx_word' id='word_1_336' title='bbox 1280 2771 1646 2824; x_wconf 75' lang='grc' dir='ltr'>ἐταπείνωσεν</span> <span class='ocrx_word' id='word_1_337' title='bbox 1701 2769 1920 2830; x_wconf 79' lang='grc' dir='ltr'>ἐαυτὸν,</span> 
     </span>
    </p>
   </div>
   <div class='ocr_carea' id='block_1_46' title="bbox 340 2859 1925 2938">
    <p class='ocr_par' dir='ltr' id='par_1_46' title="bbox 340 2859 1925 2938">
     <span class='ocr_line' id='line_1_46' title="bbox 340 2859 1925 2938; baseline -0.008 -15"><span class='ocrx_word' id='word_1_338' title='bbox 340 2869 634 2938; x_wconf 82' lang='grc' dir='ltr'>γενόμενος</span> <span class='ocrx_word' id='word_1_339' title='bbox 664 2867 905 2936; x_wconf 83' lang='grc' dir='ltr'>ὑπήκοος</span> <span class='ocrx_word' id='word_1_340' title='bbox 942 2864 1104 2936; x_wconf 82' lang='grc' dir='ltr'>μέχρι</span> <span class='ocrx_word' id='word_1_341' title='bbox 1125 2862 1382 2922; x_wconf 84' lang='grc' dir='ltr'>θανάτου.</span> <span class='ocrx_word' id='word_1_342' title='bbox 1413 2861 1646 2914; x_wconf 89' lang='grc' dir='ltr'>θανάτου</span> <span class='ocrx_word' id='word_1_343' title='bbox 1674 2859 1731 2912; x_wconf 86' lang='grc' dir='ltr'><strong>δὲ</strong></span> <span class='ocrx_word' id='word_1_344' title='bbox 1758 2876 1925 2912; x_wconf 83' lang='grc' dir='ltr'>σταυ-</span> 
     </span>
    </p>
   </div>
   <div class='ocr_carea' id='block_1_47' title="bbox 341 2946 1919 3026">
    <p class='ocr_par' dir='ltr' id='par_1_47' title="bbox 341 2946 1919 3026">
     <span class='ocr_line' id='line_1_47' title="bbox 341 2946 1919 3026; baseline -0.004 -19"><span class='ocrx_word' id='word_1_345' title='bbox 341 2952 441 3026; x_wconf 80' lang='grc' dir='ltr'><strong>ροῦ</strong></span> <span class='ocrx_word' id='word_1_346' title='bbox 458 2971 474 2986; x_wconf 77' lang='grc' dir='ltr'><strong>ο</strong></span> <span class='ocrx_word' id='word_1_347' title='bbox 501 2973 520 3005; x_wconf 77' lang='grc' dir='ltr'><strong>ι</strong></span> <span class='ocrx_word' id='word_1_348' title='bbox 550 2952 774 3016; x_wconf 79' lang='grc' dir='ltr'>εἰκότως</span> <span class='ocrx_word' id='word_1_349' title='bbox 796 2946 972 3016; x_wconf 76' lang='grc' dir='ltr'>εἶπεν,</span> <span class='ocrx_word' id='word_1_350' title='bbox 994 2953 1076 3004; x_wconf 84' lang='grc' dir='ltr'><strong>ὄτι</strong></span> <span class='ocrx_word' id='word_1_351' title='bbox 1113 2969 1133 3003; x_wconf 79' lang='grc' dir='ltr'><strong>ι</strong></span> <span class='ocrx_word' id='word_1_352' title='bbox 1168 2949 1392 3003; x_wconf 71' lang='grc' dir='ltr'>Ἑαυτὸν</span> <span class='ocrx_word' id='word_1_353' title='bbox 1411 2948 1671 3013; x_wconf 84' lang='grc' dir='ltr'>ὲκένωσε,</span> <span class='ocrx_word' id='word_1_354' title='bbox 1702 2949 1919 3019; x_wconf 84' lang='grc' dir='ltr'>μορφὴν</span> 
     </span>
    </p>
   </div>
   <div class='ocr_carea' id='block_1_48' title="bbox 336 3042 826 3101">
    <p class='ocr_par' dir='ltr' id='par_1_48' title="bbox 336 3042 826 3101">
     <span class='ocr_line' id='line_1_48' title="bbox 336 3042 826 3101; baseline -0.008 -1"><span class='ocrx_word' id='word_1_355' title='bbox 336 3045 532 3101; x_wconf 74' lang='grc' dir='ltr'>δούλου</span> <span class='ocrx_word' id='word_1_356' title='bbox 571 3042 772 3100; x_wconf 82' lang='grc' dir='ltr'>λαϐών.</span> <span class='ocrx_word' id='word_1_357' title='bbox 807 3062 826 3094; x_wconf 72' lang='grc' dir='ltr'><strong>ι</strong></span> 
     </span>
    </p>
   </div>
   <div class='ocr_carea' id='block_1_49' title="bbox 417 3318 1926 3396">
    <p class='ocr_par' dir='ltr' id='par_1_49' title="bbox 417 3318 1926 3396">
     <span class='ocr_line' id='line_1_49' title="bbox 417 3318 1926 3396; baseline -0.005 -16"><span class='ocrx_word' id='word_1_358' title='bbox 417 3323 505 3381; x_wconf 75' lang='grc' dir='ltr'><strong>κ’.</strong></span> <span class='ocrx_word' id='word_1_359' title='bbox 546 3325 702 3380; x_wconf 72' lang='grc' dir='ltr'>Ἐπεὶ</span> <span class='ocrx_word' id='word_1_360' title='bbox 734 3323 852 3389; x_wconf 85' lang='grc' dir='ltr'><strong>πῶς</strong></span> <span class='ocrx_word' id='word_1_361' title='bbox 881 3325 940 3377; x_wconf 87' lang='grc' dir='ltr'><strong>ἐν</strong></span> <span class='ocrx_word' id='word_1_362' title='bbox 983 3325 1167 3396; x_wconf 84' lang='grc' dir='ltr'>μορφῇ</span> <span class='ocrx_word' id='word_1_363' title='bbox 1204 3321 1342 3376; x_wconf 90' lang='grc' dir='ltr'>Θεοῦ</span> <span class='ocrx_word' id='word_1_364' title='bbox 1393 3321 1676 3392; x_wconf 84' lang='grc' dir='ltr'>ὑπάρχων,</span> <span class='ocrx_word' id='word_1_365' title='bbox 1704 3320 1800 3374; x_wconf 68' lang='grc' dir='ltr'><strong>καὶ</strong></span> <span class='ocrx_word' id='word_1_366' title='bbox 1851 3318 1926 3390; x_wconf 78' lang='grc' dir='ltr'>μὴ</span> 
     </span>
    </p>
   </div>
   <div class='ocr_carea' id='block_1_50' title="bbox 351 3409 1928 3491">
    <p class='ocr_par' dir='ltr' id='par_1_50' title="bbox 351 3409 1928 3491">
     <span class='ocr_line' id='line_1_50' title="bbox 351 3409 1928 3491; baseline -0.008 -16"><span class='ocrx_word' id='word_1_367' title='bbox 351 3418 640 3491; x_wconf 75' lang='grc' dir='ltr'>ἁρπαγμὸν</span> <span class='ocrx_word' id='word_1_368' title='bbox 681 3414 988 3487; x_wconf 78' lang='grc' dir='ltr'>ἡγούμενος</span> <span class='ocrx_word' id='word_1_369' title='bbox 1017 3413 1078 3468; x_wconf 82' lang='grc' dir='ltr'><strong>τὸ</strong></span> <span class='ocrx_word' id='word_1_370' title='bbox 1104 3411 1244 3468; x_wconf 77' lang='grc' dir='ltr'>εἶναι</span> <span class='ocrx_word' id='word_1_371' title='bbox 1275 3409 1374 3466; x_wconf 78' lang='grc' dir='ltr'><strong>ῐσα</strong></span> <span class='ocrx_word' id='word_1_372' title='bbox 1412 3412 1551 3482; x_wconf 85' lang='grc' dir='ltr'>Θεῷ,</span> <span class='ocrx_word' id='word_1_373' title='bbox 1582 3411 1774 3464; x_wconf 79' lang='grc' dir='ltr'>ἑαυτὸν</span> <span class='ocrx_word' id='word_1_374' title='bbox 1802 3411 1928 3464; x_wconf 88' lang='grc' dir='ltr'>ἐκέ-</span> 
     </span>
    </p>
   </div>
   <div class='ocr_carea' id='block_1_51' title="bbox 347 3501 1931 3577">
    <p class='ocr_par' dir='ltr' id='par_1_51' title="bbox 347 3501 1931 3577">
     <span class='ocr_line' id='line_1_51' title="bbox 347 3501 1931 3577; baseline -0.006 -13"><span class='ocrx_word' id='word_1_375' title='bbox 347 3525 526 3574; x_wconf 83' lang='grc' dir='ltr'>νωσε;</span> <span class='ocrx_word' id='word_1_376' title='bbox 552 3507 878 3577; x_wconf 81' lang='grc' dir='ltr'>Λεγέτωσαν</span> <span class='ocrx_word' id='word_1_377' title='bbox 908 3507 1040 3576; x_wconf 82' lang='grc' dir='ltr'>ἡμῖν</span> <span class='ocrx_word' id='word_1_378' title='bbox 1074 3507 1121 3558; x_wconf 78' lang='lat' dir='ltr'><strong>oi</strong></span> <span class='ocrx_word' id='word_1_379' title='bbox 1148 3505 1248 3575; x_wconf 83' lang='grc' dir='ltr'>τῆς</span> <span class='ocrx_word' id='word_1_380' title='bbox 1282 3502 1424 3557; x_wconf 80' lang='grc' dir='ltr'>κατὰ</span> <span class='ocrx_word' id='word_1_381' title='bbox 1463 3501 1698 3573; x_wconf 84' lang='grc' dir='ltr'>Χριστὸν</span> <span class='ocrx_word' id='word_1_382' title='bbox 1726 3501 1931 3554; x_wconf 82' lang='grc' dir='ltr'>οἰκονο-</span> 
     </span>
    </p>
   </div>
   <div class='ocr_carea' id='block_1_52' title="bbox 349 3593 1930 3672">
    <p class='ocr_par' dir='ltr' id='par_1_52' title="bbox 349 3593 1930 3672">
     <span class='ocr_line' id='line_1_52' title="bbox 349 3593 1930 3672; baseline -0.006 -18"><span class='ocrx_word' id='word_1_383' title='bbox 349 3600 484 3672; x_wconf 84' lang='grc' dir='ltr'>μίας</span> <span class='ocrx_word' id='word_1_384' title='bbox 507 3599 604 3670; x_wconf 79' lang='grc' dir='ltr'>τὴν</span> <span class='ocrx_word' id='word_1_385' title='bbox 627 3599 791 3670; x_wconf 85' lang='grc' dir='ltr'>χάριν</span> <span class='ocrx_word' id='word_1_386' title='bbox 815 3595 981 3669; x_wconf 84' lang='grc' dir='ltr'>άρνού</span> <span class='ocrx_word' id='word_1_387' title='bbox 991 3613 1164 3667; x_wconf 87' lang='grc' dir='ltr'>μενοι.</span> <span class='ocrx_word' id='word_1_388' title='bbox 1209 3594 1349 3647; x_wconf 84' lang='grc' dir='ltr'>Ἀλλ’</span> <span class='ocrx_word' id='word_1_389' title='bbox 1371 3594 1473 3646; x_wconf 84' lang='grc' dir='ltr'><strong>οὐκ</strong></span> <span class='ocrx_word' id='word_1_390' title='bbox 1505 3593 1723 3663; x_wconf 77' lang='grc' dir='ltr'>ἔχουσιν</span> <span class='ocrx_word' id='word_1_391' title='bbox 1755 3593 1930 3644; x_wconf 82' lang='grc' dir='ltr'>εἰπεῖν</span> 
     </span>
    </p>
   </div>
   <div class='ocr_carea' id='block_1_53' title="bbox 347 3683 1930 3756">
    <p class='ocr_par' dir='ltr' id='par_1_53' title="bbox 347 3683 1930 3756">
     <span class='ocr_line' id='line_1_53' title="bbox 347 3683 1930 3756; baseline -0.008 -11"><span class='ocrx_word' id='word_1_392' title='bbox 347 3690 468 3756; x_wconf 85' lang='grc' dir='ltr'>πῶς</span> <span class='ocrx_word' id='word_1_393' title='bbox 497 3689 689 3745; x_wconf 81' lang='grc' dir='ltr'>ἐαυτὸν</span> <span class='ocrx_word' id='word_1_394' title='bbox 717 3689 982 3743; x_wconf 76' lang='grc' dir='ltr'>ἐκένωσεν</span> <span class='ocrx_word' id='word_1_395' title='bbox 1011 3687 1040 3738; x_wconf 85' lang='grc' dir='ltr'>ὁ</span> <span class='ocrx_word' id='word_1_396' title='bbox 1072 3686 1225 3751; x_wconf 85' lang='grc' dir='ltr'>Θεὸς,</span> <span class='ocrx_word' id='word_1_397' title='bbox 1249 3684 1540 3756; x_wconf 76' lang='grc' dir='ltr'>ἄνθρωπον</span> <span class='ocrx_word' id='word_1_398' title='bbox 1575 3683 1675 3753; x_wconf 84' lang='grc' dir='ltr'><strong>μὲν</strong></span> <span class='ocrx_word' id='word_1_399' title='bbox 1703 3699 1930 3752; x_wconf 80' lang='grc' dir='ltr'>τετιμηο</span> 
     </span>
    </p>
   </div>
   <div class='ocr_carea' id='block_1_54' title="bbox 351 3774 1934 3856">
    <p class='ocr_par' dir='ltr' id='par_1_54' title="bbox 351 3774 1934 3856">
     <span class='ocr_line' id='line_1_54' title="bbox 351 3774 1934 3856; baseline -0.008 -17"><span class='ocrx_word' id='word_1_400' title='bbox 351 3785 517 3856; x_wconf 78' lang='grc' dir='ltr'>μένον</span> <span class='ocrx_word' id='word_1_401' title='bbox 569 3783 820 3851; x_wconf 84' lang='grc' dir='ltr'>λέγοντες</span> <span class='ocrx_word' id='word_1_402' title='bbox 868 3775 1008 3833; x_wconf 82' lang='grc' dir='ltr'>εἶναι</span> <span class='ocrx_word' id='word_1_403' title='bbox 1061 3779 1154 3830; x_wconf 80' lang='grc' dir='ltr'><strong>τὸν</strong></span> <span class='ocrx_word' id='word_1_404' title='bbox 1214 3776 1472 3847; x_wconf 77' lang='grc' dir='ltr'>Χριστὸν,</span> <span class='ocrx_word' id='word_1_405' title='bbox 1510 3775 1690 3846; x_wconf 88' lang='grc' dir='ltr'>σάρκα</span> <span class='ocrx_word' id='word_1_406' title='bbox 1737 3775 1795 3828; x_wconf 84' lang='grc' dir='ltr'><strong>δέ</strong></span> <span class='ocrx_word' id='word_1_407' title='bbox 1843 3774 1934 3828; x_wconf 83' lang='grc' dir='ltr'><strong>τὸν</strong></span> 
     </span>
    </p>
   </div>
   <div class='ocr_carea' id='block_1_55' title="bbox 349 3865 1923 3940">
    <p class='ocr_par' dir='ltr' id='par_1_55' title="bbox 349 3865 1923 3940">
     <span class='ocr_line' id='line_1_55' title="bbox 349 3865 1923 3940; baseline -0.008 -13"><span class='ocrx_word' id='word_1_408' title='bbox 349 3873 525 3940; x_wconf 81' lang='grc' dir='ltr'>Λόγον</span> <span class='ocrx_word' id='word_1_409' title='bbox 570 3869 902 3940; x_wconf 81' lang='grc' dir='ltr'>γεγενῆσθαι</span> <span class='ocrx_word' id='word_1_410' title='bbox 953 3867 1029 3939; x_wconf 79' lang='grc' dir='ltr'><strong>μὴ</strong></span> <span class='ocrx_word' id='word_1_411' title='bbox 1063 3866 1329 3929; x_wconf 82' lang='grc' dir='ltr'>θέλοντες.</span> <span class='ocrx_word' id='word_1_412' title='bbox 1369 3865 1649 3919; x_wconf 85' lang='grc' dir='ltr'>Ἐντεῦθεν</span> <span class='ocrx_word' id='word_1_413' title='bbox 1678 3865 1790 3933; x_wconf 72' lang='grc' dir='ltr'>γὰρ</span> <span class='ocrx_word' id='word_1_414' title='bbox 1823 3865 1923 3916; x_wconf 78' lang='grc' dir='ltr'>καὶ</span> 
     </span>
    </p>
   </div>
   <div class='ocr_carea' id='block_1_56' title="bbox 347 3954 1926 4034">
    <p class='ocr_par' dir='ltr' id='par_1_56' title="bbox 347 3954 1926 4034">
     <span class='ocr_line' id='line_1_56' title="bbox 347 3954 1926 4034; baseline -0.008 -16"><span class='ocrx_word' id='word_1_415' title='bbox 347 3966 381 4018; x_wconf 83' lang='grc' dir='ltr'><strong>ὁ</strong></span> <span class='ocrx_word' id='word_1_416' title='bbox 407 3962 508 4034; x_wconf 77' lang='grc' dir='ltr'><strong>τὴν</strong></span> <span class='ocrx_word' id='word_1_417' title='bbox 537 3961 746 4030; x_wconf 85' lang='grc' dir='ltr'>πλάνην</span> <span class='ocrx_word' id='word_1_418' title='bbox 764 3959 970 4029; x_wconf 83' lang='grc' dir='ltr'>ταύτην</span> <span class='ocrx_word' id='word_1_419' title='bbox 998 3957 1305 4027; x_wconf 85' lang='grc' dir='ltr'>ἀναφανδὸν</span> <span class='ocrx_word' id='word_1_420' title='bbox 1335 3954 1629 4027; x_wconf 77' lang='grc' dir='ltr'>κηρύττειν</span> <span class='ocrx_word' id='word_1_421' title='bbox 1653 3955 1926 4025; x_wconf 78' lang='grc' dir='ltr'>τετολμη-</span> 
     </span>
    </p>
   </div>
   <div class='ocr_carea' id='block_1_57' title="bbox 350 4044 1940 4121">
    <p class='ocr_par' dir='ltr' id='par_1_57' title="bbox 350 4044 1940 4121">
     <span class='ocr_line' id='line_1_57' title="bbox 350 4044 1940 4121; baseline -0.008 -11"><span class='ocrx_word' id='word_1_422' title='bbox 350 4053 468 4118; x_wconf 85' lang='grc' dir='ltr'>κὼς</span> <span class='ocrx_word' id='word_1_423' title='bbox 521 4052 745 4108; x_wconf 80' lang='grc' dir='ltr'>κλέπτει</span> <span class='ocrx_word' id='word_1_424' title='bbox 772 4051 875 4121; x_wconf 84' lang='grc' dir='ltr'>τῆς</span> <span class='ocrx_word' id='word_1_425' title='bbox 903 4048 1271 4119; x_wconf 84' lang='grc' dir='ltr'>άποστολικῆς</span> <span class='ocrx_word' id='word_1_426' title='bbox 1316 4047 1669 4110; x_wconf 80' lang='grc' dir='ltr'>διδασκαλίας</span> <span class='ocrx_word' id='word_1_427' title='bbox 1711 4046 1843 4102; x_wconf 80' lang='grc' dir='ltr'>αὐτὸ</span> <span class='ocrx_word' id='word_1_428' title='bbox 1873 4044 1940 4116; x_wconf 82' lang='grc' dir='ltr'><strong>δὴ</strong></span> 
     </span>
    </p>
   </div>
   <div class='ocr_carea' id='block_1_58' title="bbox 351 4138 1932 4216">
    <p class='ocr_par' dir='ltr' id='par_1_58' title="bbox 351 4138 1932 4216">
     <span class='ocr_line' id='line_1_58' title="bbox 351 4138 1932 4216; baseline -0.006 -15"><span class='ocrx_word' id='word_1_429' title='bbox 351 4145 517 4201; x_wconf 84' lang='grc' dir='ltr'>τοῦτο</span> <span class='ocrx_word' id='word_1_430' title='bbox 550 4143 846 4216; x_wconf 84' lang='grc' dir='ltr'>(ἐκένωσεν</span> <span class='ocrx_word' id='word_1_431' title='bbox 874 4140 1087 4212; x_wconf 82' lang='grc' dir='ltr'>ἑαυτὸν)</span> <span class='ocrx_word' id='word_1_432' title='bbox 1118 4138 1374 4203; x_wconf 80' lang='grc' dir='ltr'>δεδοικὼς</span> <span class='ocrx_word' id='word_1_433' title='bbox 1395 4139 1489 4192; x_wconf 85' lang='grc' dir='ltr'>τὸν</span> <span class='ocrx_word' id='word_1_434' title='bbox 1519 4139 1700 4208; x_wconf 85' lang='grc' dir='ltr'>λόγον,</span> <span class='ocrx_word' id='word_1_435' title='bbox 1736 4139 1812 4202; x_wconf 82' lang='grc' dir='ltr'>ὡς</span> <span class='ocrx_word' id='word_1_436' title='bbox 1834 4138 1932 4208; x_wconf 83' lang='grc' dir='ltr'><strong>δη-</strong></span> 
     </span>
    </p>
   </div>
   <div class='ocr_carea' id='block_1_59' title="bbox 352 4227 1932 4305">
    <p class='ocr_par' dir='ltr' id='par_1_59' title="bbox 352 4227 1932 4305">
     <span class='ocr_line' id='line_1_59' title="bbox 352 4227 1932 4305; baseline -0.006 -14"><span class='ocrx_word' id='word_1_437' title='bbox 352 4237 530 4291; x_wconf 85' lang='grc' dir='ltr'>λῶσαι</span> <span class='ocrx_word' id='word_1_438' title='bbox 561 4235 860 4305; x_wconf 86' lang='grc' dir='ltr'>δυνάμενον</span> <span class='ocrx_word' id='word_1_439' title='bbox 891 4233 992 4303; x_wconf 85' lang='grc' dir='ltr'><strong>τὴν</strong></span> <span class='ocrx_word' id='word_1_440' title='bbox 1021 4231 1158 4300; x_wconf 84' lang='grc' dir='ltr'>πρὸς</span> <span class='ocrx_word' id='word_1_441' title='bbox 1185 4231 1255 4285; x_wconf 82' lang='grc' dir='ltr'><strong>τά</strong></span> <span class='ocrx_word' id='word_1_442' title='bbox 1287 4229 1604 4302; x_wconf 86' lang='grc' dir='ltr'>ἀνθρώπινα</span> <span class='ocrx_word' id='word_1_443' title='bbox 1655 4229 1750 4282; x_wconf 87' lang='grc' dir='ltr'><strong>τοῦ</strong></span> <span class='ocrx_word' id='word_1_444' title='bbox 1792 4227 1932 4282; x_wconf 82' lang='grc' dir='ltr'>Θεοῦ</span> 
     </span>
    </p>
   </div>
   <div class='ocr_carea' id='block_1_60' title="bbox 2017 1943 3600 2017">
    <p class='ocr_par' dir='ltr' id='par_1_60' title="bbox 2017 1943 3600 2017">
     <span class='ocr_line' id='line_1_60' title="bbox 2017 1943 3600 2017; baseline -0.006 -15"><span class='ocrx_word' id='word_1_445' title='bbox 2017 1955 2203 2012; x_wconf 89' lang='lat' dir='ltr'><strong>stens;</strong></span> <span class='ocrx_word' id='word_1_446' title='bbox 2237 1965 2255 1999; x_wconf 75' lang='grc' dir='ltr'><strong>ι</strong></span> <span class='ocrx_word' id='word_1_447' title='bbox 2282 1946 2518 2017; x_wconf 88' lang='lat' dir='ltr'><strong>ideoque</strong></span> <span class='ocrx_word' id='word_1_448' title='bbox 2563 1965 2582 1997; x_wconf 82' lang='grc'><em>‹</em></span> <span class='ocrx_word' id='word_1_449' title='bbox 2605 1946 2832 2016; x_wconf 65' lang='lat' dir='ltr'><strong>aequalis</strong></span> <span class='ocrx_word' id='word_1_450' title='bbox 2854 1946 2967 1999; x_wconf 90' lang='lat' dir='ltr'><strong>Deo</strong></span> <span class='ocrx_word' id='word_1_451' title='bbox 2999 1963 3018 1995; x_wconf 75' lang='grc' dir='ltr'><strong>ι</strong></span> <span class='ocrx_word' id='word_1_452' title='bbox 3053 1943 3323 2012; x_wconf 79' lang='lat' dir='ltr'><strong>cognitus,</strong></span> <span class='ocrx_word' id='word_1_453' title='bbox 3355 1959 3373 1992; x_wconf 80' lang='grc' dir='ltr'><strong>ι</strong></span> <span class='ocrx_word' id='word_1_454' title='bbox 3397 1948 3600 1996; x_wconf 85' lang='lat' dir='ltr'><strong>semet-</strong></span> 
     </span>
    </p>
   </div>
   <div class='ocr_carea' id='block_1_61' title="bbox 2017 2031 3598 2108">
    <p class='ocr_par' dir='ltr' id='par_1_61' title="bbox 2017 2031 3598 2108">
     <span class='ocr_line' id='line_1_61' title="bbox 2017 2031 3598 2108; baseline -0.004 -17"><span class='ocrx_word' id='word_1_455' title='bbox 2017 2038 2197 2108; x_wconf 89' lang='lat' dir='ltr'><strong>ipsum</strong></span> <span class='ocrx_word' id='word_1_456' title='bbox 2231 2038 2581 2093; x_wconf 80' lang='lat' dir='ltr'><strong>exinanivit?</strong></span> <span class='ocrx_word' id='word_1_457' title='bbox 2632 2056 2653 2088; x_wconf 71' lang='grc' dir='ltr'><strong>ι</strong></span> <span class='ocrx_word' id='word_1_458' title='bbox 2693 2044 2754 2092; x_wconf 89' lang='lat' dir='ltr'><strong>et</strong></span> <span class='ocrx_word' id='word_1_459' title='bbox 2779 2049 3029 2106; x_wconf 83' lang='lat' dir='ltr'><strong>quaenam</strong></span> <span class='ocrx_word' id='word_1_460' title='bbox 3061 2031 3454 2090; x_wconf 77' lang='lat' dir='ltr'><strong>exinanitionis</strong></span> <span class='ocrx_word' id='word_1_461' title='bbox 3484 2031 3598 2086; x_wconf 83' lang='lat' dir='ltr'><strong>for-</strong></span> 
     </span>
    </p>
   </div>
   <div class='ocr_carea' id='block_1_62' title="bbox 2018 2122 3592 2198">
    <p class='ocr_par' dir='ltr' id='par_1_62' title="bbox 2018 2122 3592 2198">
     <span class='ocr_line' id='line_1_62' title="bbox 2018 2122 3592 2198; baseline -0.006 -15"><span class='ocrx_word' id='word_1_462' title='bbox 2018 2145 2106 2183; x_wconf 89' lang='lat' dir='ltr'><strong>ma</strong></span> <span class='ocrx_word' id='word_1_463' title='bbox 2125 2129 2147 2183; x_wconf 88' lang='lat'><strong>?</strong></span> <span class='ocrx_word' id='word_1_464' title='bbox 2163 2128 2273 2193; x_wconf 91' lang='lat' dir='ltr'><strong>die,</strong></span> <span class='ocrx_word' id='word_1_465' title='bbox 2289 2143 2476 2198; x_wconf 66' lang='lat' dir='ltr'><strong>quaeso</strong></span> <span class='ocrx_word' id='word_1_466' title='bbox 2497 2145 2510 2182; x_wconf 91' lang='lat'><strong>:</strong></span> <span class='ocrx_word' id='word_1_467' title='bbox 2538 2147 2556 2179; x_wconf 77' lang='grc' dir='ltr'><strong>ι</strong></span> <span class='ocrx_word' id='word_1_468' title='bbox 2574 2127 2828 2192; x_wconf 82' lang='lat' dir='ltr'><strong>formam,</strong></span> <span class='ocrx_word' id='word_1_469' title='bbox 2849 2127 3048 2196; x_wconf 89' lang='lat' dir='ltr'><strong>inquit,</strong></span> <span class='ocrx_word' id='word_1_470' title='bbox 3067 2125 3211 2180; x_wconf 87' lang='lat' dir='ltr'><strong>servi</strong></span> <span class='ocrx_word' id='word_1_471' title='bbox 3233 2122 3512 2193; x_wconf 90' lang='lat' dir='ltr'><strong>accipiens</strong></span> <span class='ocrx_word' id='word_1_472' title='bbox 3533 2139 3548 2175; x_wconf 90' lang='lat'><strong>:</strong></span> <span class='ocrx_word' id='word_1_473' title='bbox 3573 2139 3592 2174; x_wconf 76' lang='grc' dir='ltr'><strong>ι</strong></span> 
     </span>
    </p>
   </div>
   <div class='ocr_carea' id='block_1_63' title="bbox 2017 2212 3602 2290">
    <p class='ocr_par' dir='ltr' id='par_1_63' title="bbox 2017 2212 3602 2290">
     <span class='ocr_line' id='line_1_63' title="bbox 2017 2212 3602 2290; baseline -0.005 -14"><span class='ocrx_word' id='word_1_474' title='bbox 2017 2230 2072 2277; x_wconf 90' lang='lat' dir='ltr'><strong>et</strong></span> <span class='ocrx_word' id='word_1_475' title='bbox 2099 2221 2146 2275; x_wconf 92' lang='lat' dir='ltr'><strong>si</strong></span> <span class='ocrx_word' id='word_1_476' title='bbox 2169 2220 2393 2290; x_wconf 91' lang='lat' dir='ltr'><strong>quidem</strong></span> <span class='ocrx_word' id='word_1_477' title='bbox 2432 2219 2778 2274; x_wconf 90' lang='lat' dir='ltr'><strong>solummodo</strong></span> <span class='ocrx_word' id='word_1_478' title='bbox 2815 2217 2963 2273; x_wconf 86' lang='lat' dir='ltr'><strong>servi</strong></span> <span class='ocrx_word' id='word_1_479' title='bbox 2996 2216 3227 2271; x_wconf 85' lang='lat' dir='ltr'><strong>formam</strong></span> <span class='ocrx_word' id='word_1_480' title='bbox 3267 2212 3602 2282; x_wconf 88' lang='lat' dir='ltr'><strong>assumpsis-</strong></span> 
     </span>
    </p>
   </div>
   <div class='ocr_carea' id='block_1_64' title="bbox 2018 2305 3598 2378">
    <p class='ocr_par' dir='ltr' id='par_1_64' title="bbox 2018 2305 3598 2378">
     <span class='ocr_line' id='line_1_64' title="bbox 2018 2305 3598 2378; baseline -0.006 -11"><span class='ocrx_word' id='word_1_481' title='bbox 2018 2321 2122 2376; x_wconf 90' lang='lat' dir='ltr'><strong>set,</strong></span> <span class='ocrx_word' id='word_1_482' title='bbox 2163 2310 2465 2366; x_wconf 80' lang='lat' dir='ltr'><strong>exinanivit</strong></span> <span class='ocrx_word' id='word_1_483' title='bbox 2493 2309 2898 2378; x_wconf 87' lang='lat' dir='ltr'><strong>semetipsum?</strong></span> <span class='ocrx_word' id='word_1_484' title='bbox 2945 2307 3054 2364; x_wconf 90' lang='lat' dir='ltr'><strong>Sed</strong></span> <span class='ocrx_word' id='word_1_485' title='bbox 3096 2307 3344 2371; x_wconf 89' lang='lat' dir='ltr'><strong>modum,</strong></span> <span class='ocrx_word' id='word_1_486' title='bbox 3393 2305 3598 2374; x_wconf 89' lang='lat' dir='ltr'><strong>inquit,</strong></span> 
     </span>
    </p>
   </div>
   <div class='ocr_carea' id='block_1_65' title="bbox 2019 2399 3607 2471">
    <p class='ocr_par' dir='ltr' id='par_1_65' title="bbox 2019 2399 3607 2471">
     <span class='ocr_line' id='line_1_65' title="bbox 2019 2399 3607 2471; baseline -0.005 -13"><span class='ocrx_word' id='word_1_487' title='bbox 2019 2401 2330 2467; x_wconf 89' lang='lat' dir='ltr'><strong>considera,</strong></span> <span class='ocrx_word' id='word_1_488' title='bbox 2374 2417 2486 2471; x_wconf 91' lang='lat' dir='ltr'><strong>quo</strong></span> <span class='ocrx_word' id='word_1_489' title='bbox 2527 2401 2673 2456; x_wconf 87' lang='lat' dir='ltr'><strong>servi</strong></span> <span class='ocrx_word' id='word_1_490' title='bbox 2700 2401 2932 2454; x_wconf 79' lang='lat' dir='ltr'><strong>formam</strong></span> <span class='ocrx_word' id='word_1_491' title='bbox 2960 2399 3289 2468; x_wconf 87' lang='lat' dir='ltr'><strong>assumpsit;</strong></span> <span class='ocrx_word' id='word_1_492' title='bbox 3313 2405 3369 2452; x_wconf 92' lang='lat' dir='ltr'><strong>et</strong></span> <span class='ocrx_word' id='word_1_493' title='bbox 3401 2410 3607 2468; x_wconf 75' lang='lat' dir='ltr'><strong>cogno-</strong></span> 
     </span>
    </p>
   </div>
   <div class='ocr_carea' id='block_1_66' title="bbox 2021 2488 3605 2562">
    <p class='ocr_par' dir='ltr' id='par_1_66' title="bbox 2021 2488 3605 2562">
     <span class='ocr_line' id='line_1_66' title="bbox 2021 2488 3605 2562; baseline -0.005 -14"><span class='ocrx_word' id='word_1_494' title='bbox 2021 2508 2142 2548; x_wconf 89' lang='lat' dir='ltr'><strong>sces</strong></span> <span class='ocrx_word' id='word_1_495' title='bbox 2167 2491 2315 2562; x_wconf 91' lang='lat' dir='ltr'><strong>quod</strong></span> <span class='ocrx_word' id='word_1_496' title='bbox 2340 2491 2496 2562; x_wconf 89' lang='lat' dir='ltr'><strong>prius</strong></span> <span class='ocrx_word' id='word_1_497' title='bbox 2519 2492 2877 2562; x_wconf 89' lang='lat' dir='ltr'><strong>semetipsum</strong></span> <span class='ocrx_word' id='word_1_498' title='bbox 2897 2489 3218 2544; x_wconf 81' lang='lat' dir='ltr'><strong>exinanivit.</strong></span> <span class='ocrx_word' id='word_1_499' title='bbox 3242 2489 3297 2544; x_wconf 91' lang='lat' dir='ltr'><strong>Si</strong></span> <span class='ocrx_word' id='word_1_500' title='bbox 3317 2488 3465 2543; x_wconf 88' lang='lat' dir='ltr'><strong>enim</strong></span> <span class='ocrx_word' id='word_1_501' title='bbox 3491 2503 3605 2541; x_wconf 90' lang='lat' dir='ltr'><strong>non</strong></span> 
     </span>
    </p>
   </div>
   <div class='ocr_carea' id='block_1_67' title="bbox 2020 2579 3603 2648">
    <p class='ocr_par' dir='ltr' id='par_1_67' title="bbox 2020 2579 3603 2648">
     <span class='ocr_line' id='line_1_67' title="bbox 2020 2579 3603 2648; baseline -0.004 -9"><span class='ocrx_word' id='word_1_502' title='bbox 2020 2583 2467 2639; x_wconf 87' lang='lat' dir='ltr'><strong>condescendens</strong></span> <span class='ocrx_word' id='word_1_503' title='bbox 2494 2583 2704 2638; x_wconf 89' lang='lat' dir='ltr'><strong>homini</strong></span> <span class='ocrx_word' id='word_1_504' title='bbox 2722 2584 2868 2638; x_wconf 90' lang='lat' dir='ltr'><strong>Deus</strong></span> <span class='ocrx_word' id='word_1_505' title='bbox 2894 2581 3174 2636; x_wconf 86' lang='lat' dir='ltr'><strong>hominem</strong></span> <span class='ocrx_word' id='word_1_506' title='bbox 3194 2579 3603 2648; x_wconf 85' lang='lat' dir='ltr'><strong>assumpsisset,</strong></span> 
     </span>
    </p>
   </div>
   <div class='ocr_carea' id='block_1_68' title="bbox 2022 2663 3609 2745">
    <p class='ocr_par' dir='ltr' id='par_1_68' title="bbox 2022 2663 3609 2745">
     <span class='ocr_line' id='line_1_68' title="bbox 2022 2663 3609 2745; baseline -0.004 -15"><span class='ocrx_word' id='word_1_507' title='bbox 2022 2676 2254 2730; x_wconf 82' lang='lat' dir='ltr'><strong>formam</strong></span> <span class='ocrx_word' id='word_1_508' title='bbox 2286 2677 2430 2732; x_wconf 89' lang='lat' dir='ltr'><strong>servi</strong></span> <span class='ocrx_word' id='word_1_509' title='bbox 2463 2684 2674 2732; x_wconf 91' lang='lat' dir='ltr'><strong>tantum</strong></span> <span class='ocrx_word' id='word_1_510' title='bbox 2701 2675 3022 2745; x_wconf 88' lang='lat' dir='ltr'><strong>accepisset,</strong></span> <span class='ocrx_word' id='word_1_511' title='bbox 3059 2688 3238 2743; x_wconf 89' lang='lat' dir='ltr'><strong>neque</strong></span> <span class='ocrx_word' id='word_1_512' title='bbox 3273 2663 3609 2726; x_wconf 60' lang='lat' dir='ltr'><strong>esinanivis-</strong></span> 
     </span>
    </p>
   </div>
   <div class='ocr_carea' id='block_1_69' title="bbox 2025 2762 3606 2838">
    <p class='ocr_par' dir='ltr' id='par_1_69' title="bbox 2025 2762 3606 2838">
     <span class='ocr_line' id='line_1_69' title="bbox 2025 2762 3606 2838; baseline -0.006 -15"><span class='ocrx_word' id='word_1_513' title='bbox 2025 2777 2106 2823; x_wconf 89' lang='lat' dir='ltr'><strong>set</strong></span> <span class='ocrx_word' id='word_1_514' title='bbox 2137 2768 2490 2838; x_wconf 89' lang='lat' dir='ltr'><strong>semetipsum</strong></span> <span class='ocrx_word' id='word_1_515' title='bbox 2529 2767 2824 2837; x_wconf 88' lang='lat' dir='ltr'><strong>:quoniam</strong></span> <span class='ocrx_word' id='word_1_516' title='bbox 2857 2779 2988 2820; x_wconf 89' lang='lat' dir='ltr'><strong>vero</strong></span> <span class='ocrx_word' id='word_1_517' title='bbox 3021 2765 3171 2834; x_wconf 80' lang='lat' dir='ltr'><strong>ipse,</strong></span> <span class='ocrx_word' id='word_1_518' title='bbox 3209 2762 3409 2832; x_wconf 87' lang='lat' dir='ltr'><strong>inquit,</strong></span> <span class='ocrx_word' id='word_1_519' title='bbox 3441 2762 3606 2815; x_wconf 81' lang='lat' dir='ltr'><strong>homo</strong></span> 
     </span>
    </p>
   </div>
   <div class='ocr_carea' id='block_1_70' title="bbox 2024 2851 3608 2931">
    <p class='ocr_par' dir='ltr' id='par_1_70' title="bbox 2024 2851 3608 2931">
     <span class='ocr_line' id='line_1_70' title="bbox 2024 2851 3608 2931; baseline -0.004 -21"><span class='ocrx_word' id='word_1_520' title='bbox 2024 2855 2204 2911; x_wconf 79' lang='lat' dir='ltr'><strong>factus</strong></span> <span class='ocrx_word' id='word_1_521' title='bbox 2221 2869 2325 2923; x_wconf 90' lang='lat' dir='ltr'><strong>est,</strong></span> <span class='ocrx_word' id='word_1_522' title='bbox 2354 2858 2656 2912; x_wconf 70' lang='lat' dir='ltr'><strong>«inventus</strong></span> <span class='ocrx_word' id='word_1_523' title='bbox 2687 2855 2836 2931; x_wconf 80' lang='lat' dir='ltr'><strong>enim</strong></span> <span class='ocrx_word' id='word_1_524' title='bbox 2860 2864 2946 2911; x_wconf 90' lang='lat' dir='ltr'><strong>est</strong></span> <span class='ocrx_word' id='word_1_525' title='bbox 2968 2862 3030 2910; x_wconf 89' lang='lat' dir='ltr'><strong>ut</strong></span> <span class='ocrx_word' id='word_1_526' title='bbox 3063 2855 3250 2918; x_wconf 90' lang='lat' dir='ltr'><strong>homo,</strong></span> <span class='ocrx_word' id='word_1_527' title='bbox 3279 2852 3356 2906; x_wconf 88' lang='lat' dir='ltr'><strong>ait</strong></span> <span class='ocrx_word' id='word_1_528' title='bbox 3386 2851 3608 2913; x_wconf 86' lang='lat' dir='ltr'><strong>Paulus,</strong></span> 
     </span>
    </p>
   </div>
   <div class='ocr_carea' id='block_1_71' title="bbox 2027 2933 3612 3016">
    <p class='ocr_par' dir='ltr' id='par_1_71' title="bbox 2027 2933 3612 3016">
     <span class='ocr_line' id='line_1_71' title="bbox 2027 2933 3612 3016; baseline -0.004 -16"><span class='ocrx_word' id='word_1_529' title='bbox 2027 2947 2342 3001; x_wconf 87' lang='lat' dir='ltr'><strong>humiliavit</strong></span> <span class='ocrx_word' id='word_1_530' title='bbox 2396 2933 2776 3016; x_wconf 86' lang='lat' dir='ltr'><strong>semetipsum,</strong></span> <span class='ocrx_word' id='word_1_531' title='bbox 2805 2945 2982 3000; x_wconf 84' lang='lat' dir='ltr'><strong>factus</strong></span> <span class='ocrx_word' id='word_1_532' title='bbox 3028 2944 3294 2998; x_wconf 89' lang='lat' dir='ltr'><strong>obediens</strong></span> <span class='ocrx_word' id='word_1_533' title='bbox 3344 2956 3516 3010; x_wconf 87' lang='lat' dir='ltr'><strong>usque</strong></span> <span class='ocrx_word' id='word_1_534' title='bbox 3544 2940 3612 2994; x_wconf 88' lang='lat' dir='ltr'><strong>ad</strong></span> 
     </span>
    </p>
   </div>
   <div class='ocr_carea' id='block_1_72' title="bbox 2028 3030 3611 3102">
    <p class='ocr_par' dir='ltr' id='par_1_72' title="bbox 2028 3030 3611 3102">
     <span class='ocr_line' id='line_1_72' title="bbox 2028 3030 3611 3102; baseline -0.004 -12"><span class='ocrx_word' id='word_1_535' title='bbox 2028 3045 2286 3102; x_wconf 85' lang='lat' dir='ltr'><strong>mortem,</strong></span> <span class='ocrx_word' id='word_1_536' title='bbox 2336 3044 2573 3091; x_wconf 88' lang='lat' dir='ltr'><strong>mortem</strong></span> <span class='ocrx_word' id='word_1_537' title='bbox 2619 3046 2804 3092; x_wconf 86' lang='lat' dir='ltr'><strong>autem</strong></span> <span class='ocrx_word' id='word_1_538' title='bbox 2853 3035 3070 3100; x_wconf 90' lang='lat' dir='ltr'><strong>erucis;</strong></span> <span class='ocrx_word' id='word_1_539' title='bbox 3118 3033 3316 3090; x_wconf 90' lang='lat' dir='ltr'><strong>merito</strong></span> <span class='ocrx_word' id='word_1_540' title='bbox 3363 3030 3611 3094; x_wconf 88' lang='lat' dir='ltr'><strong>dicebat,</strong></span> 
     </span>
    </p>
   </div>
   <div class='ocr_carea' id='block_1_73' title="bbox 2029 3121 3617 3198">
    <p class='ocr_par' dir='ltr' id='par_1_73' title="bbox 2029 3121 3617 3198">
     <span class='ocr_line' id='line_1_73' title="bbox 2029 3121 3617 3198; baseline -0.004 -16"><span class='ocrx_word' id='word_1_541' title='bbox 2029 3128 2177 3198; x_wconf 90' lang='lat' dir='ltr'><strong>quod</strong></span> <span class='ocrx_word' id='word_1_542' title='bbox 2207 3147 2224 3177; x_wconf 76' lang='grc' dir='ltr'><strong>ι</strong></span> <span class='ocrx_word' id='word_1_543' title='bbox 2260 3128 2618 3198; x_wconf 89' lang='lat' dir='ltr'><strong>semetipsum</strong></span> <span class='ocrx_word' id='word_1_544' title='bbox 2647 3127 2969 3191; x_wconf 77' lang='lat' dir='ltr'><strong>exinanivit,</strong></span> <span class='ocrx_word' id='word_1_545' title='bbox 3006 3125 3240 3181; x_wconf 85' lang='lat' dir='ltr'><strong>formam</strong></span> <span class='ocrx_word' id='word_1_546' title='bbox 3284 3123 3429 3178; x_wconf 85' lang='lat' dir='ltr'><strong>servi</strong></span> <span class='ocrx_word' id='word_1_547' title='bbox 3471 3121 3617 3176; x_wconf 87' lang='lat' dir='ltr'><strong>acci-</strong></span> 
     </span>
    </p>
   </div>
   <div class='ocr_carea' id='block_1_74' title="bbox 2029 3219 2260 3289">
    <p class='ocr_par' dir='ltr' id='par_1_74' title="bbox 2029 3219 2260 3289">
     <span class='ocr_line' id='line_1_74' title="bbox 2029 3219 2260 3289; baseline -0.013 -15"><span class='ocrx_word' id='word_1_548' title='bbox 2029 3219 2206 3289; x_wconf 87' lang='lat' dir='ltr'><strong>piens.</strong></span> <span class='ocrx_word' id='word_1_549' title='bbox 2241 3238 2260 3271; x_wconf 75' lang='grc' dir='ltr'><strong>ι</strong></span> 
     </span>
    </p>
   </div>
   <div class='ocr_carea' id='block_1_75' title="bbox 2097 3307 3615 3378">
    <p class='ocr_par' dir='ltr' id='par_1_75' title="bbox 2097 3307 3615 3378">
     <span class='ocr_line' id='line_1_75' title="bbox 2097 3307 3615 3378; baseline -0.005 -12"><span class='ocrx_word' id='word_1_550' title='bbox 2097 3311 2214 3366; x_wconf 83' lang='grc' dir='ltr'>ΧΧ.</span> <span class='ocrx_word' id='word_1_551' title='bbox 2246 3311 2534 3378; x_wconf 87' lang='lat' dir='ltr'><strong>Quomodo</strong></span> <span class='ocrx_word' id='word_1_552' title='bbox 2570 3311 2718 3366; x_wconf 88' lang='lat' dir='ltr'><strong>enim</strong></span> <span class='ocrx_word' id='word_1_553' title='bbox 2746 3311 2802 3364; x_wconf 90' lang='lat' dir='ltr'><strong>in</strong></span> <span class='ocrx_word' id='word_1_554' title='bbox 2826 3310 3005 3365; x_wconf 81' lang='lat' dir='ltr'><strong>forma</strong></span> <span class='ocrx_word' id='word_1_555' title='bbox 3047 3308 3144 3363; x_wconf 91' lang='lat' dir='ltr'><strong>Dei</strong></span> <span class='ocrx_word' id='word_1_556' title='bbox 3178 3307 3470 3369; x_wconf 79' lang='lat' dir='ltr'><strong>exsistens,</strong></span> <span class='ocrx_word' id='word_1_557' title='bbox 3507 3318 3615 3358; x_wconf 90' lang='lat' dir='ltr'><strong>nec</strong></span> 
     </span>
    </p>
   </div>
   <div class='ocr_carea' id='block_1_76' title="bbox 2029 3397 3614 3472">
    <p class='ocr_par' dir='ltr' id='par_1_76' title="bbox 2029 3397 3614 3472">
     <span class='ocr_line' id='line_1_76' title="bbox 2029 3397 3614 3472; baseline -0.004 -17"><span class='ocrx_word' id='word_1_558' title='bbox 2029 3401 2275 3472; x_wconf 89' lang='lat' dir='ltr'><strong>rapinam</strong></span> <span class='ocrx_word' id='word_1_559' title='bbox 2301 3403 2625 3458; x_wconf 83' lang='lat' dir='ltr'><strong>existimans</strong></span> <span class='ocrx_word' id='word_1_560' title='bbox 2647 3417 2769 3458; x_wconf 88' lang='lat' dir='ltr'><strong>esse</strong></span> <span class='ocrx_word' id='word_1_561' title='bbox 2797 3401 3066 3471; x_wconf 74' lang='lat' dir='ltr'><strong>aequalem</strong></span> <span class='ocrx_word' id='word_1_562' title='bbox 3095 3401 3226 3463; x_wconf 86' lang='lat' dir='ltr'><strong>Deo,</strong></span> <span class='ocrx_word' id='word_1_563' title='bbox 3255 3397 3614 3466; x_wconf 83' lang='lat' dir='ltr'><strong>semetipsum</strong></span> 
     </span>
    </p>
   </div>
   <div class='ocr_carea' id='block_1_77' title="bbox 2028 3488 3618 3563">
    <p class='ocr_par' dir='ltr' id='par_1_77' title="bbox 2028 3488 3618 3563">
     <span class='ocr_line' id='line_1_77' title="bbox 2028 3488 3618 3563; baseline -0.003 -16"><span class='ocrx_word' id='word_1_564' title='bbox 2028 3495 2370 3549; x_wconf 80' lang='lat' dir='ltr'><strong>exinanivit?</strong></span> <span class='ocrx_word' id='word_1_565' title='bbox 2396 3496 2590 3550; x_wconf 87' lang='lat' dir='ltr'><strong>Dicant</strong></span> <span class='ocrx_word' id='word_1_566' title='bbox 2621 3495 2782 3548; x_wconf 87' lang='lat' dir='ltr'><strong>nobis</strong></span> <span class='ocrx_word' id='word_1_567' title='bbox 2803 3493 2899 3563; x_wconf 93' lang='lat' dir='ltr'><strong>qui</strong></span> <span class='ocrx_word' id='word_1_568' title='bbox 2927 3491 3160 3563; x_wconf 83' lang='lat' dir='ltr'><strong>gratiam</strong></span> <span class='ocrx_word' id='word_1_569' title='bbox 3192 3488 3618 3558; x_wconf 85' lang='lat' dir='ltr'><strong>dispensationis</strong></span> 
     </span>
    </p>
   </div>
   <div class='ocr_carea' id='block_1_78' title="bbox 2032 3579 3622 3658">
    <p class='ocr_par' dir='ltr' id='par_1_78' title="bbox 2032 3579 3622 3658">
     <span class='ocr_line' id='line_1_78' title="bbox 2032 3579 3622 3658; baseline -0.008 -15"><span class='ocrx_word' id='word_1_570' title='bbox 2032 3590 2088 3643; x_wconf 91' lang='lat' dir='ltr'><strong>in</strong></span> <span class='ocrx_word' id='word_1_571' title='bbox 2111 3588 2333 3645; x_wconf 89' lang='lat' dir='ltr'><strong>Christo</strong></span> <span class='ocrx_word' id='word_1_572' title='bbox 2354 3595 2576 3658; x_wconf 82' lang='lat' dir='ltr'><strong>negant.</strong></span> <span class='ocrx_word' id='word_1_573' title='bbox 2605 3585 2714 3641; x_wconf 89' lang='lat' dir='ltr'><strong>Sed</strong></span> <span class='ocrx_word' id='word_1_574' title='bbox 2729 3585 2914 3640; x_wconf 87' lang='lat' dir='ltr'><strong>dicere</strong></span> <span class='ocrx_word' id='word_1_575' title='bbox 2937 3599 3047 3638; x_wconf 89' lang='lat' dir='ltr'><strong>non</strong></span> <span class='ocrx_word' id='word_1_576' title='bbox 3075 3591 3324 3652; x_wconf 85' lang='lat' dir='ltr'><strong>possunt,</strong></span> <span class='ocrx_word' id='word_1_577' title='bbox 3343 3579 3622 3650; x_wconf 90' lang='lat' dir='ltr'><strong>quomodo</strong></span> 
     </span>
    </p>
   </div>
   <div class='ocr_carea' id='block_1_79' title="bbox 2033 3673 3622 3752">
    <p class='ocr_par' dir='ltr' id='par_1_79' title="bbox 2033 3673 3622 3752">
     <span class='ocr_line' id='line_1_79' title="bbox 2033 3673 3622 3752; baseline -0.011 -9"><span class='ocrx_word' id='word_1_578' title='bbox 2033 3690 2179 3744; x_wconf 92' lang='lat' dir='ltr'><strong>Deus</strong></span> <span class='ocrx_word' id='word_1_579' title='bbox 2203 3684 2558 3752; x_wconf 89' lang='lat' dir='ltr'><strong>semetipsum</strong></span> <span class='ocrx_word' id='word_1_580' title='bbox 2577 3679 2964 3742; x_wconf 76' lang='lat' dir='ltr'><strong>exinaniverit,</strong></span> <span class='ocrx_word' id='word_1_581' title='bbox 2983 3678 3076 3746; x_wconf 88' lang='lat' dir='ltr'><strong>qui</strong></span> <span class='ocrx_word' id='word_1_582' title='bbox 3093 3675 3376 3739; x_wconf 87' lang='lat' dir='ltr'><strong>Christum</strong></span> <span class='ocrx_word' id='word_1_583' title='bbox 3397 3673 3622 3743; x_wconf 89' lang='lat' dir='ltr'><strong>quidem</strong></span> 
     </span>
    </p>
   </div>
   <div class='ocr_carea' id='block_1_80' title="bbox 2034 3763 3624 3844">
    <p class='ocr_par' dir='ltr' id='par_1_80' title="bbox 2034 3763 3624 3844">
     <span class='ocr_line' id='line_1_80' title="bbox 2034 3763 3624 3844; baseline -0.013 -10"><span class='ocrx_word' id='word_1_584' title='bbox 2034 3776 2250 3834; x_wconf 79' lang='lat' dir='ltr'><strong>eximiae</strong></span> <span class='ocrx_word' id='word_1_585' title='bbox 2276 3769 2853 3844; x_wconf 78' lang='lat' dir='ltr'><strong>dignitatishominem</strong></span> <span class='ocrx_word' id='word_1_586' title='bbox 2881 3782 3003 3822; x_wconf 89' lang='lat' dir='ltr'><strong>esse</strong></span> <span class='ocrx_word' id='word_1_587' title='bbox 3037 3766 3225 3830; x_wconf 89' lang='lat' dir='ltr'><strong>aiunt;</strong></span> <span class='ocrx_word' id='word_1_588' title='bbox 3257 3763 3497 3817; x_wconf 81' lang='lat' dir='ltr'><strong>Verbum</strong></span> <span class='ocrx_word' id='word_1_589' title='bbox 3523 3777 3624 3814; x_wconf 90' lang='lat' dir='ltr'><strong>au-</strong></span> 
     </span>
    </p>
   </div>
   <div class='ocr_carea' id='block_1_81' title="bbox 2039 3852 3626 3923">
    <p class='ocr_par' dir='ltr' id='par_1_81' title="bbox 2039 3852 3626 3923">
     <span class='ocr_line' id='line_1_81' title="bbox 2039 3852 3626 3923; baseline -0.011 -1"><span class='ocrx_word' id='word_1_590' title='bbox 2039 3878 2147 3923; x_wconf 88' lang='lat' dir='ltr'><strong>tem</strong></span> <span class='ocrx_word' id='word_1_591' title='bbox 2178 3879 2400 3921; x_wconf 88' lang='lat' dir='ltr'><strong>carnem</strong></span> <span class='ocrx_word' id='word_1_592' title='bbox 2429 3862 2632 3916; x_wconf 79' lang='lat' dir='ltr'><strong>factum</strong></span> <span class='ocrx_word' id='word_1_593' title='bbox 2667 3875 2789 3914; x_wconf 89' lang='lat' dir='ltr'><strong>esse</strong></span> <span class='ocrx_word' id='word_1_594' title='bbox 2819 3875 2930 3912; x_wconf 88' lang='lat' dir='ltr'><strong>non</strong></span> <span class='ocrx_word' id='word_1_595' title='bbox 2975 3857 3188 3911; x_wconf 87' lang='lat' dir='ltr'><strong>volunt.</strong></span> <span class='ocrx_word' id='word_1_596' title='bbox 3230 3854 3366 3909; x_wconf 89' lang='lat' dir='ltr'><strong>Nam</strong></span> <span class='ocrx_word' id='word_1_597' title='bbox 3395 3852 3491 3922; x_wconf 90' lang='lat' dir='ltr'><strong>qui</strong></span> <span class='ocrx_word' id='word_1_598' title='bbox 3531 3866 3626 3906; x_wconf 90' lang='lat' dir='ltr'><strong>er-</strong></span> 
     </span>
    </p>
   </div>
   <div class='ocr_carea' id='block_1_82' title="bbox 2039 3944 3629 4026">
    <p class='ocr_par' dir='ltr' id='par_1_82' title="bbox 2039 3944 3629 4026">
     <span class='ocr_line' id='line_1_82' title="bbox 2039 3944 3629 4026; baseline -0.013 -10"><span class='ocrx_word' id='word_1_599' title='bbox 2039 3975 2222 4016; x_wconf 89' lang='lat' dir='ltr'><strong>rorem</strong></span> <span class='ocrx_word' id='word_1_600' title='bbox 2245 3958 2412 4013; x_wconf 91' lang='lat' dir='ltr'><strong>istum</strong></span> <span class='ocrx_word' id='word_1_601' title='bbox 2434 3953 2657 4026; x_wconf 89' lang='lat' dir='ltr'><strong>publice</strong></span> <span class='ocrx_word' id='word_1_602' title='bbox 2688 3951 2993 4022; x_wconf 63' lang='lat' dir='ltr'><strong>prmdicare</strong></span> <span class='ocrx_word' id='word_1_603' title='bbox 3015 3963 3184 4004; x_wconf 83' lang='lat' dir='ltr'><strong>ausus</strong></span> <span class='ocrx_word' id='word_1_604' title='bbox 3201 3956 3306 4010; x_wconf 92' lang='lat' dir='ltr'><strong>est,</strong></span> <span class='ocrx_word' id='word_1_605' title='bbox 3323 3944 3629 3999; x_wconf 80' lang='lat' dir='ltr'><strong>suﬂ‘uratur</strong></span> 
     </span>
    </p>
   </div>
   <div class='ocr_carea' id='block_1_83' title="bbox 2039 4031 3632 4115">
    <p class='ocr_par' dir='ltr' id='par_1_83' title="bbox 2039 4031 3632 4115">
     <span class='ocr_line' id='line_1_83' title="bbox 2039 4031 3632 4115; baseline -0.013 -9"><span class='ocrx_word' id='word_1_606' title='bbox 2039 4052 2148 4106; x_wconf 84' lang='lat' dir='ltr'><strong>hoc</strong></span> <span class='ocrx_word' id='word_1_607' title='bbox 2197 4050 2321 4104; x_wconf 90' lang='lat' dir='ltr'><strong>loco</strong></span> <span class='ocrx_word' id='word_1_608' title='bbox 2360 4062 2430 4102; x_wconf 76' lang='lat' dir='ltr'><strong>ex</strong></span> <span class='ocrx_word' id='word_1_609' title='bbox 2453 4043 2756 4115; x_wconf 87' lang='lat' dir='ltr'><strong>apostolica</strong></span> <span class='ocrx_word' id='word_1_610' title='bbox 2785 4040 3037 4097; x_wconf 89' lang='lat' dir='ltr'><strong>doctrina</strong></span> <span class='ocrx_word' id='word_1_611' title='bbox 3080 4037 3214 4093; x_wconf 89' lang='lat' dir='ltr'><strong>illud</strong></span> <span class='ocrx_word' id='word_1_612' title='bbox 3265 4055 3284 4088; x_wconf 79' lang='grc' dir='ltr'><strong>ι</strong></span> <span class='ocrx_word' id='word_1_613' title='bbox 3321 4031 3632 4089; x_wconf 81' lang='lat' dir='ltr'><strong>exinanivit</strong></span> 
     </span>
    </p>
   </div>
   <div class='ocr_carea' id='block_1_84' title="bbox 2042 4130 3631 4211">
    <p class='ocr_par' dir='ltr' id='par_1_84' title="bbox 2042 4130 3631 4211">
     <span class='ocr_line' id='line_1_84' title="bbox 2042 4130 3631 4211; baseline -0.014 -11"><span class='ocrx_word' id='word_1_614' title='bbox 2042 4142 2422 4211; x_wconf 89' lang='lat' dir='ltr'><strong>semetipsum,</strong></span> <span class='ocrx_word' id='word_1_615' title='bbox 2464 4159 2482 4189; x_wconf 73' lang='grc' dir='ltr'><strong>ι</strong></span> <span class='ocrx_word' id='word_1_616' title='bbox 2541 4143 2795 4191; x_wconf 90' lang='lat' dir='ltr'><strong>metuens</strong></span> <span class='ocrx_word' id='word_1_617' title='bbox 2846 4135 2995 4188; x_wconf 91' lang='lat' dir='ltr'><strong>hunc</strong></span> <span class='ocrx_word' id='word_1_618' title='bbox 3033 4143 3341 4187; x_wconf 88' lang='lat' dir='ltr'><strong>sermonem</strong></span> <span class='ocrx_word' id='word_1_619' title='bbox 3369 4166 3384 4191; x_wconf 97' lang='lat'><strong>,</strong></span> <span class='ocrx_word' id='word_1_620' title='bbox 3437 4130 3631 4194; x_wconf 84' lang='lat' dir='ltr'><strong>utpote</strong></span> 
     </span>
    </p>
   </div>
   <div class='ocr_carea' id='block_1_85' title="bbox 2041 4220 3632 4305">
    <p class='ocr_par' dir='ltr' id='par_1_85' title="bbox 2041 4220 3632 4305">
     <span class='ocr_line' id='line_1_85' title="bbox 2041 4220 3632 4305; baseline -0.016 -15"><span class='ocrx_word' id='word_1_621' title='bbox 2041 4235 2138 4305; x_wconf 89' lang='lat' dir='ltr'><strong>qui</strong></span> <span class='ocrx_word' id='word_1_622' title='bbox 2171 4233 2267 4288; x_wconf 90' lang='lat' dir='ltr'><strong>Dei</strong></span> <span class='ocrx_word' id='word_1_623' title='bbox 2301 4246 2428 4287; x_wconf 88' lang='lat' dir='ltr'><strong>eum</strong></span> <span class='ocrx_word' id='word_1_624' title='bbox 2466 4228 2632 4283; x_wconf 91' lang='lat' dir='ltr'><strong>rebus</strong></span> <span class='ocrx_word' id='word_1_625' title='bbox 2672 4224 2931 4279; x_wconf 86' lang='lat' dir='ltr'><strong>humanis</strong></span> <span class='ocrx_word' id='word_1_626' title='bbox 2969 4220 3416 4276; x_wconf 88' lang='lat' dir='ltr'><strong>communionem</strong></span> <span class='ocrx_word' id='word_1_627' title='bbox 3441 4221 3632 4268; x_wconf 88' lang='lat' dir='ltr'><strong>osten—</strong></span> 
     </span>
    </p>
   </div>
   <div class='ocr_carea' id='block_1_86' title="bbox 354 4306 1927 4396">
    <p class='ocr_par' dir='ltr' id='par_1_86' title="bbox 354 4317 1927 4396">
     <span class='ocr_line' id='line_1_86' title="bbox 354 4317 1927 4396; baseline -0.01 -12"><span class='ocrx_word' id='word_1_628' title='bbox 354 4327 666 4390; x_wconf 82' lang='grc' dir='ltr'>κοινωνίαν,</span> <span class='ocrx_word' id='word_1_629' title='bbox 695 4327 762 4396; x_wconf 85' lang='grc' dir='ltr'>ἢν</span> <span class='ocrx_word' id='word_1_630' title='bbox 809 4324 975 4386; x_wconf 83' lang='grc' dir='ltr'>αὑτὸς</span> <span class='ocrx_word' id='word_1_631' title='bbox 1042 4322 1314 4392; x_wconf 73' lang='grc' dir='ltr'>ὴρνήσατο</span> <span class='ocrx_word' id='word_1_632' title='bbox 1362 4319 1642 4382; x_wconf 83' lang='grc' dir='ltr'>παντελῶς</span> <span class='ocrx_word' id='word_1_633' title='bbox 1665 4334 1680 4349; x_wconf 85' lang='grc'><strong>·</strong></span> <span class='ocrx_word' id='word_1_634' title='bbox 1717 4319 1778 4371; x_wconf 88' lang='grc' dir='ltr'><strong>οὐ</strong></span> <span class='ocrx_word' id='word_1_635' title='bbox 1809 4317 1927 4370; x_wconf 63' lang='grc' dir='ltr'>Θεὸπ</span> 
     </span>
    </p>
   </div>
   <div class='ocr_carea' id='block_1_87' title="bbox 2028 4306 3630 4396">
    <p class='ocr_par' dir='ltr' id='par_1_87' title="bbox 2043 4306 3630 4393">
     <span class='ocr_line' id='line_1_87' title="bbox 2043 4306 3630 4393; baseline -0.016 -12"><span class='ocrx_word' id='word_1_636' title='bbox 2043 4325 2176 4380; x_wconf 89' lang='lat' dir='ltr'><strong>dere</strong></span> <span class='ocrx_word' id='word_1_637' title='bbox 2204 4321 2416 4393; x_wconf 85' lang='lat' dir='ltr'><strong>possit;</strong></span> <span class='ocrx_word' id='word_1_638' title='bbox 2445 4333 2610 4390; x_wconf 89' lang='lat' dir='ltr'><strong>quam</strong></span> <span class='ocrx_word' id='word_1_639' title='bbox 2635 4316 2752 4387; x_wconf 88' lang='lat' dir='ltr'><strong>ipse</strong></span> <span class='ocrx_word' id='word_1_640' title='bbox 2778 4313 3004 4369; x_wconf 90' lang='lat' dir='ltr'><strong>omnino</strong></span> <span class='ocrx_word' id='word_1_641' title='bbox 3033 4309 3286 4381; x_wconf 84' lang='lat' dir='ltr'><strong>negavit;</strong></span> <span class='ocrx_word' id='word_1_642' title='bbox 3314 4322 3424 4362; x_wconf 88' lang='lat' dir='ltr'><strong>non</strong></span> <span class='ocrx_word' id='word_1_643' title='bbox 3457 4306 3630 4358; x_wconf 88' lang='lat' dir='ltr'><strong>Deum</strong></span> 
     </span>
    </p>
   </div>
   <div class='ocr_carea' id='block_1_88' title="bbox 353 4396 1927 4491">
    <p class='ocr_par' dir='ltr' id='par_1_88' title="bbox 353 4400 1927 4491">
     <span class='ocr_line' id='line_1_88' title="bbox 353 4400 1927 4491; baseline -0.011 -15"><span class='ocrx_word' id='word_1_644' title='bbox 353 4419 878 4491; x_wconf 85' lang='grc' dir='ltr'>ἐνανθρωπήσαντα,</span> <span class='ocrx_word' id='word_1_645' title='bbox 909 4413 1048 4468; x_wconf 82' lang='grc' dir='ltr'>ἀλλὰ</span> <span class='ocrx_word' id='word_1_646' title='bbox 1075 4411 1364 4482; x_wconf 74' lang='grc' dir='ltr'>ἄνθρωπον</span> <span class='ocrx_word' id='word_1_647' title='bbox 1396 4408 1568 4479; x_wconf 85' lang='grc' dir='ltr'>λέγων</span> <span class='ocrx_word' id='word_1_648' title='bbox 1589 4409 1683 4462; x_wconf 75' lang='grc' dir='ltr'>τὸν</span> <span class='ocrx_word' id='word_1_649' title='bbox 1708 4400 1927 4478; x_wconf 61' lang='grc' dir='ltr'>Χριστὸπ</span> 
     </span>
    </p>
   </div>
   <div class='ocr_carea' id='block_1_89' title="bbox 2028 4396 3634 4491">
    <p class='ocr_par' dir='ltr' id='par_1_89' title="bbox 2046 4396 3634 4476">
     <span class='ocr_line' id='line_1_89' title="bbox 2046 4396 3634 4476; baseline -0.015 -4"><span class='ocrx_word' id='word_1_650' title='bbox 2046 4417 2328 4472; x_wconf 89' lang='lat' dir='ltr'><strong>hominem</strong></span> <span class='ocrx_word' id='word_1_651' title='bbox 2357 4411 2585 4476; x_wconf 81' lang='lat' dir='ltr'><strong>factum,</strong></span> <span class='ocrx_word' id='word_1_652' title='bbox 2639 4407 2736 4464; x_wconf 90' lang='lat' dir='ltr'><strong>sed</strong></span> <span class='ocrx_word' id='word_1_653' title='bbox 2784 4405 3064 4461; x_wconf 89' lang='lat' dir='ltr'><strong>hominem</strong></span> <span class='ocrx_word' id='word_1_654' title='bbox 3103 4401 3277 4473; x_wconf 80' lang='lat' dir='ltr'><strong>gratia</strong></span> <span class='ocrx_word' id='word_1_655' title='bbox 3315 4396 3634 4453; x_wconf 87' lang='lat' dir='ltr'><strong>deiﬁcatum</strong></span> 
     </span>
    </p>
   </div>
   <div class='ocr_carea' id='block_1_90' title="bbox 351 4485 1927 4580">
    <p class='ocr_par' dir='ltr' id='par_1_90' title="bbox 351 4485 1927 4580">
     <span class='ocr_line' id='line_1_90' title="bbox 351 4485 1927 4580; baseline -0.012 -12"><span class='ocrx_word' id='word_1_656' title='bbox 351 4485 633 4568; x_wconf 41' lang='lat' dir='ltr'><strong>Oswflé&#39;wa</strong></span> <span class='ocrx_word' id='word_1_657' title='bbox 661 4485 729 4580; x_wconf 72' lang='grc' dir='ltr'>τῇ</span> <span class='ocrx_word' id='word_1_658' title='bbox 768 4509 973 4578; x_wconf 86' lang='grc' dir='ltr'>χάριτι.</span> <span class='ocrx_word' id='word_1_659' title='bbox 1018 4501 1398 4574; x_wconf 84' lang='grc' dir='ltr'>Ἀντιγράφων</span> <span class='ocrx_word' id='word_1_660' title='bbox 1447 4499 1558 4570; x_wconf 82' lang='grc' dir='ltr'><strong>γάρ</strong></span> <span class='ocrx_word' id='word_1_661' title='bbox 1606 4500 1698 4552; x_wconf 72' lang='grc' dir='ltr'>καὶ</span> <span class='ocrx_word' id='word_1_662' title='bbox 1734 4498 1927 4551; x_wconf 53' lang='lat' dir='ltr'><strong>avrae.</strong></span> 
     </span>
    </p>
   </div>
   <div class='ocr_carea' id='block_1_91' title="bbox 2028 4485 3634 4580">
    <p class='ocr_par' dir='ltr' id='par_1_91' title="bbox 2049 4485 3634 4580">
     <span class='ocr_line' id='line_1_91' title="bbox 2049 4485 3634 4580; baseline -0.014 -19"><span class='ocrx_word' id='word_1_663' title='bbox 2049 4505 2332 4562; x_wconf 89' lang='lat' dir='ltr'><strong>Christum</strong></span> <span class='ocrx_word' id='word_1_664' title='bbox 2370 4501 2674 4572; x_wconf 86' lang='lat' dir='ltr'><strong>appellans.</strong></span> <span class='ocrx_word' id='word_1_665' title='bbox 2695 4497 2833 4554; x_wconf 87' lang='lat' dir='ltr'><strong>Nam</strong></span> <span class='ocrx_word' id='word_1_666' title='bbox 2867 4494 2960 4549; x_wconf 90' lang='lat' dir='ltr'><strong>ubi</strong></span> <span class='ocrx_word' id='word_1_667' title='bbox 2997 4491 3176 4563; x_wconf 82' lang='lat' dir='ltr'><strong>magni</strong></span> <span class='ocrx_word' id='word_1_668' title='bbox 3219 4488 3412 4580; x_wconf 79' lang='lat' dir='ltr'><strong>Cyrilli</strong></span> <span class='ocrx_word' id='word_1_669' title='bbox 3440 4485 3634 4580; x_wconf 80' lang='lat' dir='ltr'><strong>admo-</strong></span> 
     </span>
    </p>
   </div>
   <div class='ocr_carea' id='block_1_92' title="bbox 354 4589 1940 4675">
    <p class='ocr_par' dir='ltr' id='par_1_92' title="bbox 354 4589 1940 4675">
     <span class='ocr_line' id='line_1_92' title="bbox 354 4589 1940 4675; baseline -0.011 -17"><span class='ocrx_word' id='word_1_670' title='bbox 354 4619 475 4675; x_wconf 86' lang='grc' dir='ltr'><strong>γων</strong></span> <span class='ocrx_word' id='word_1_671' title='bbox 497 4605 564 4673; x_wconf 81' lang='grc' dir='ltr'>τῇ</span> <span class='ocrx_word' id='word_1_672' title='bbox 590 4600 686 4654; x_wconf 90' lang='grc' dir='ltr'><strong>τοῦ</strong></span> <span class='ocrx_word' id='word_1_673' title='bbox 719 4597 957 4670; x_wconf 86' lang='grc' dir='ltr'>μεγάλου</span> <span class='ocrx_word' id='word_1_674' title='bbox 987 4594 1259 4666; x_wconf 86' lang='grc' dir='ltr'>Κυριλλου</span> <span class='ocrx_word' id='word_1_675' title='bbox 1303 4592 1641 4663; x_wconf 80' lang='grc' dir='ltr'>παραινέσει,</span> <span class='ocrx_word' id='word_1_676' title='bbox 1676 4589 1771 4643; x_wconf 72' lang='grc' dir='ltr'><strong>καὶ</strong></span> <span class='ocrx_word' id='word_1_677' title='bbox 1801 4606 1940 4660; x_wconf 63' lang='grc' dir='ltr'>μνη-</span> 
     </span>
    </p>
   </div>
   <div class='ocr_carea' id='block_1_93' title="bbox 355 4682 1946 4762">
    <p class='ocr_par' dir='ltr' id='par_1_93' title="bbox 355 4682 1946 4762">
     <span class='ocr_line' id='line_1_93' title="bbox 355 4682 1946 4762; baseline -0.007 -15"><span class='ocrx_word' id='word_1_678' title='bbox 355 4694 514 4756; x_wconf 76' lang='grc' dir='ltr'>σθεὶς</span> <span class='ocrx_word' id='word_1_679' title='bbox 535 4695 593 4745; x_wconf 87' lang='grc' dir='ltr'><strong>ἐν</strong></span> <span class='ocrx_word' id='word_1_680' title='bbox 617 4693 684 4762; x_wconf 85' lang='grc' dir='ltr'>τῇ</span> <span class='ocrx_word' id='word_1_681' title='bbox 705 4689 842 4761; x_wconf 79' lang='grc' dir='ltr'>πρὸς</span> <span class='ocrx_word' id='word_1_682' title='bbox 857 4689 950 4741; x_wconf 82' lang='grc' dir='ltr'><strong>τὸν</strong></span> <span class='ocrx_word' id='word_1_683' title='bbox 975 4687 1150 4755; x_wconf 82' lang='grc' dir='ltr'>μέγαν</span> <span class='ocrx_word' id='word_1_684' title='bbox 1168 4687 1377 4738; x_wconf 83' lang='grc' dir='ltr'>ἐκεῖνον</span> <span class='ocrx_word' id='word_1_685' title='bbox 1407 4682 1692 4754; x_wconf 77' lang='grc' dir='ltr'>Ἐπιστολῇ</span> <span class='ocrx_word' id='word_1_686' title='bbox 1714 4684 1946 4754; x_wconf 77' lang='grc' dir='ltr'>ταυτησὶ</span> 
     </span>
    </p>
   </div>
   <div class='ocr_carea' id='block_1_94' title="bbox 358 4773 1946 4848">
    <p class='ocr_par' dir='ltr' id='par_1_94' title="bbox 358 4773 1946 4848">
     <span class='ocr_line' id='line_1_94' title="bbox 358 4773 1946 4848; baseline -0.009 -8"><span class='ocrx_word' id='word_1_687' title='bbox 358 4785 460 4840; x_wconf 85' lang='grc' dir='ltr'><strong>τοῦ</strong></span> <span class='ocrx_word' id='word_1_688' title='bbox 504 4782 831 4836; x_wconf 78' lang='grc' dir='ltr'>’Λποστόλου</span> <span class='ocrx_word' id='word_1_689' title='bbox 857 4781 958 4848; x_wconf 84' lang='grc' dir='ltr'><strong>τῆς</strong></span> <span class='ocrx_word' id='word_1_690' title='bbox 986 4778 1206 4843; x_wconf 81' lang='grc' dir='ltr'>λέξεως,</span> <span class='ocrx_word' id='word_1_691' title='bbox 1245 4775 1384 4847; x_wconf 76' lang='grc' dir='ltr'>μετὰ</span> <span class='ocrx_word' id='word_1_692' title='bbox 1409 4774 1679 4846; x_wconf 81' lang='grc' dir='ltr'>τοσαύτης</span> <span class='ocrx_word' id='word_1_693' title='bbox 1713 4777 1814 4844; x_wconf 84' lang='grc' dir='ltr'>τῆς</span> <span class='ocrx_word' id='word_1_694' title='bbox 1857 4773 1946 4826; x_wconf 85' lang='grc' dir='ltr'><strong>τὲ-</strong></span> 
     </span>
    </p>
   </div>
   <div class='ocr_carea' id='block_1_95' title="bbox 356 4865 1946 4950">
    <p class='ocr_par' dir='ltr' id='par_1_95' title="bbox 356 4865 1946 4950">
     <span class='ocr_line' id='line_1_95' title="bbox 356 4865 1946 4950; baseline -0.01 -18"><span class='ocrx_word' id='word_1_695' title='bbox 356 4893 500 4950; x_wconf 72' lang='grc' dir='ltr'>χνης</span> <span class='ocrx_word' id='word_1_696' title='bbox 530 4875 630 4946; x_wconf 80' lang='grc' dir='ltr'>τὴν</span> <span class='ocrx_word' id='word_1_697' title='bbox 668 4875 826 4945; x_wconf 81' lang='grc' dir='ltr'>ῥῆσιν</span> <span class='ocrx_word' id='word_1_698' title='bbox 863 4871 1157 4935; x_wconf 87' lang='grc' dir='ltr'>ἐκτίθεται,</span> <span class='ocrx_word' id='word_1_699' title='bbox 1193 4870 1270 4933; x_wconf 81' lang='grc' dir='ltr'>ὡς</span> <span class='ocrx_word' id='word_1_700' title='bbox 1311 4870 1438 4932; x_wconf 84' lang='grc' dir='ltr'>τοὺς</span> <span class='ocrx_word' id='word_1_701' title='bbox 1471 4866 1802 4935; x_wconf 83' lang='grc' dir='ltr'>ἀγνοοῦντας</span> <span class='ocrx_word' id='word_1_702' title='bbox 1847 4865 1946 4934; x_wconf 77' lang='grc' dir='ltr'><strong>τὴν</strong></span> 
     </span>
    </p>
   </div>
   <div class='ocr_carea' id='block_1_96' title="bbox 357 4958 1947 5037">
    <p class='ocr_par' dir='ltr' id='par_1_96' title="bbox 357 4958 1947 5037">
     <span class='ocr_line' id='line_1_96' title="bbox 357 4958 1947 5037; baseline -0.008 -14"><span class='ocrx_word' id='word_1_703' title='bbox 357 4968 462 5023; x_wconf 83' lang='grc' dir='ltr'><strong>τοῦ</strong></span> <span class='ocrx_word' id='word_1_704' title='bbox 497 4969 659 5036; x_wconf 86' lang='grc' dir='ltr'>λόγου</span> <span class='ocrx_word' id='word_1_705' title='bbox 709 4965 919 5037; x_wconf 81' lang='grc' dir='ltr'>τροπὴν</span> <span class='ocrx_word' id='word_1_706' title='bbox 971 4965 1360 5035; x_wconf 83' lang='grc' dir='ltr'>παρασυρῆναι</span> <span class='ocrx_word' id='word_1_707' title='bbox 1397 4965 1463 5031; x_wconf 83' lang='grc' dir='ltr'>τῇ</span> <span class='ocrx_word' id='word_1_708' title='bbox 1493 4960 1693 5032; x_wconf 83' lang='grc' dir='ltr'>πλάνῃ.</span> <span class='ocrx_word' id='word_1_709' title='bbox 1724 4959 1844 5012; x_wconf 82' lang='grc' dir='ltr'>Ἵνα</span> <span class='ocrx_word' id='word_1_710' title='bbox 1889 4958 1947 5010; x_wconf 79' lang='grc' dir='ltr'><strong>δὲ</strong></span> 
     </span>
    </p>
   </div>
   <div class='ocr_carea' id='block_1_97' title="bbox 364 5050 1945 5130">
    <p class='ocr_par' dir='ltr' id='par_1_97' title="bbox 364 5050 1945 5130">
     <span class='ocr_line' id='line_1_97' title="bbox 364 5050 1945 5130; baseline -0.007 -17"><span class='ocrx_word' id='word_1_711' title='bbox 364 5060 540 5128; x_wconf 79' lang='grc' dir='ltr'>σαφὲς</span> <span class='ocrx_word' id='word_1_712' title='bbox 647 5058 710 5112; x_wconf 77' lang='grc' dir='ltr'><strong>τὸ</strong></span> <span class='ocrx_word' id='word_1_713' title='bbox 738 5055 1054 5126; x_wconf 84' lang='grc' dir='ltr'>λεγόμενον,</span> <span class='ocrx_word' id='word_1_714' title='bbox 1088 5055 1285 5116; x_wconf 80' lang='grc' dir='ltr'>αὐτοὺς</span> <span class='ocrx_word' id='word_1_715' title='bbox 1311 5053 1406 5105; x_wconf 87' lang='grc' dir='ltr'><strong>τοῦ</strong></span> <span class='ocrx_word' id='word_1_716' title='bbox 1437 5050 1794 5121; x_wconf 73' lang='grc' dir='ltr'>ὴπατημένου</span> <span class='ocrx_word' id='word_1_717' title='bbox 1814 5050 1945 5112; x_wconf 81' lang='grc' dir='ltr'>τοὺς</span> 
     </span>
    </p>
   </div>
   <div class='ocr_carea' id='block_1_98' title="bbox 363 5136 1950 5217">
    <p class='ocr_par' dir='ltr' id='par_1_98' title="bbox 363 5136 1950 5217">
     <span class='ocr_line' id='line_1_98' title="bbox 363 5136 1950 5217; baseline -0.006 -14"><span class='ocrx_word' id='word_1_718' title='bbox 363 5149 562 5217; x_wconf 83' lang='grc' dir='ltr'>λόγους</span> <span class='ocrx_word' id='word_1_719' title='bbox 592 5148 690 5211; x_wconf 82' lang='grc' dir='ltr'>τῆς</span> <span class='ocrx_word' id='word_1_720' title='bbox 744 5146 1070 5215; x_wconf 80' lang='grc' dir='ltr'>Ἐπιστολῆς</span> <span class='ocrx_word' id='word_1_721' title='bbox 1107 5143 1518 5214; x_wconf 80' lang='grc' dir='ltr'>παραθήσομαι.</span> <span class='ocrx_word' id='word_1_722' title='bbox 1550 5144 1608 5194; x_wconf 81' lang='grc' dir='ltr'><strong>ἐν</strong></span> <span class='ocrx_word' id='word_1_723' title='bbox 1649 5136 1732 5204; x_wconf 78' lang='grc' dir='ltr'><strong>οἷς</strong></span> <span class='ocrx_word' id='word_1_724' title='bbox 1776 5141 1950 5206; x_wconf 82' lang='grc' dir='ltr'>οὓτως</span> 
     </span>
    </p>
   </div>
   <div class='ocr_carea' id='block_1_99' title="bbox 364 5231 1949 5304">
    <p class='ocr_par' dir='ltr' id='par_1_99' title="bbox 364 5231 1949 5304">
     <span class='ocr_line' id='line_1_99' title="bbox 364 5231 1949 5304; baseline -0.007 -9"><span class='ocrx_word' id='word_1_725' title='bbox 364 5239 565 5304; x_wconf 79' lang='grc' dir='ltr'>αὑταῖς</span> <span class='ocrx_word' id='word_1_726' title='bbox 598 5237 780 5302; x_wconf 82' lang='grc' dir='ltr'>λέξεσι</span> <span class='ocrx_word' id='word_1_727' title='bbox 810 5236 992 5304; x_wconf 77' lang='grc' dir='ltr'>λέγει’</span> <span class='ocrx_word' id='word_1_728' title='bbox 1032 5256 1050 5286; x_wconf 84' lang='grc'><em>‹</em></span> <span class='ocrx_word' id='word_1_729' title='bbox 1081 5235 1307 5290; x_wconf 77' lang='grc' dir='ltr'>Μέλλων</span> <span class='ocrx_word' id='word_1_730' title='bbox 1341 5235 1370 5286; x_wconf 88' lang='grc' dir='ltr'><strong>ό</strong></span> <span class='ocrx_word' id='word_1_731' title='bbox 1411 5232 1757 5298; x_wconf 83' lang='grc' dir='ltr'>’Λπόστολος,</span> <span class='ocrx_word' id='word_1_732' title='bbox 1793 5231 1949 5303; x_wconf 75' lang='grc' dir='ltr'>φησὶ,</span> 
     </span>
    </p>
   </div>
   <div class='ocr_carea' id='block_1_100' title="bbox 367 5321 1947 5394">
    <p class='ocr_par' dir='ltr' id='par_1_100' title="bbox 367 5321 1947 5394">
     <span class='ocr_line' id='line_1_100' title="bbox 367 5321 1947 5394; baseline -0.004 -13"><span class='ocrx_word' id='word_1_733' title='bbox 367 5329 445 5382; x_wconf 81' lang='grc' dir='ltr'><strong>τά</strong></span> <span class='ocrx_word' id='word_1_734' title='bbox 476 5327 570 5380; x_wconf 91' lang='grc' dir='ltr'><strong>τοῦ</strong></span> <span class='ocrx_word' id='word_1_735' title='bbox 618 5327 824 5389; x_wconf 83' lang='grc' dir='ltr'>πάθους</span> <span class='ocrx_word' id='word_1_736' title='bbox 870 5325 1121 5393; x_wconf 81' lang='grc' dir='ltr'>ἐπάγειν,</span> <span class='ocrx_word' id='word_1_737' title='bbox 1169 5323 1436 5394; x_wconf 87' lang='grc' dir='ltr'>πρότερον</span> <span class='ocrx_word' id='word_1_738' title='bbox 1457 5322 1572 5385; x_wconf 71' lang='grc' dir='ltr'>θεὶς</span> <span class='ocrx_word' id='word_1_739' title='bbox 1597 5323 1658 5374; x_wconf 83' lang='grc' dir='ltr'><strong>τὸ</strong></span> <span class='ocrx_word' id='word_1_740' title='bbox 1689 5321 1947 5392; x_wconf 84' lang='grc' dir='ltr'>Χριστὸς,</span> 
     </span>
    </p>
   </div>
   <div class='ocr_carea' id='block_1_101' title="bbox 371 5411 1953 5486">
    <p class='ocr_par' dir='ltr' id='par_1_101' title="bbox 371 5411 1953 5486">
     <span class='ocr_line' id='line_1_101' title="bbox 371 5411 1953 5486; baseline -0.004 -14"><span class='ocrx_word' id='word_1_741' title='bbox 371 5419 438 5472; x_wconf 84' lang='grc' dir='ltr'>τὸ</span> <span class='ocrx_word' id='word_1_742' title='bbox 485 5418 664 5473; x_wconf 83' lang='grc' dir='ltr'>κοινὸν</span> <span class='ocrx_word' id='word_1_743' title='bbox 706 5417 815 5471; x_wconf 83' lang='grc' dir='ltr'>τῶν</span> <span class='ocrx_word' id='word_1_744' title='bbox 856 5416 972 5478; x_wconf 85' lang='grc' dir='ltr'>δύο,</span> <span class='ocrx_word' id='word_1_745' title='bbox 1015 5417 1090 5479; x_wconf 86' lang='grc' dir='ltr'>ὡς</span> <span class='ocrx_word' id='word_1_746' title='bbox 1129 5413 1312 5485; x_wconf 82' lang='grc' dir='ltr'>μικρῷ</span> <span class='ocrx_word' id='word_1_747' title='bbox 1369 5414 1635 5486; x_wconf 87' lang='grc' dir='ltr'>πρότερον</span> <span class='ocrx_word' id='word_1_748' title='bbox 1664 5413 1823 5483; x_wconf 80' lang='grc' dir='ltr'>ἔφην,</span> <span class='ocrx_word' id='word_1_749' title='bbox 1843 5411 1953 5466; x_wconf 85' lang='grc' dir='ltr'><strong>τῶν</strong></span> 
     </span>
    </p>
   </div>
   <div class='ocr_carea' id='block_1_102' title="bbox 375 5504 1954 5580">
    <p class='ocr_par' dir='ltr' id='par_1_102' title="bbox 375 5504 1954 5580">
     <span class='ocr_line' id='line_1_102' title="bbox 375 5504 1954 5580; baseline -0.004 -17"><span class='ocrx_word' id='word_1_750' title='bbox 375 5511 594 5580; x_wconf 85' lang='grc' dir='ltr'>φύσεων</span> <span class='ocrx_word' id='word_1_751' title='bbox 641 5509 833 5580; x_wconf 75' lang='grc' dir='ltr'>ὄνομα,</span> <span class='ocrx_word' id='word_1_752' title='bbox 897 5507 1160 5579; x_wconf 79' lang='grc' dir='ltr'>προσάγει</span> <span class='ocrx_word' id='word_1_753' title='bbox 1211 5506 1302 5558; x_wconf 70' lang='grc' dir='ltr'>τὸν</span> <span class='ocrx_word' id='word_1_754' title='bbox 1361 5505 1518 5573; x_wconf 86' lang='grc' dir='ltr'>λόγον</span> <span class='ocrx_word' id='word_1_755' title='bbox 1615 5504 1954 5575; x_wconf 81' lang='grc' dir='ltr'>ἀμφοτέραις</span> 
     </span>
    </p>
   </div>
   <div class='ocr_carea' id='block_1_103' title="bbox 377 5594 1953 5673">
    <p class='ocr_par' dir='ltr' id='par_1_103' title="bbox 377 5594 1953 5673">
     <span class='ocr_line' id='line_1_103' title="bbox 377 5594 1953 5673; baseline -0.005 -17"><span class='ocrx_word' id='word_1_756' title='bbox 377 5601 640 5673; x_wconf 81' lang='grc' dir='ltr'>πρεπώδη</span> <span class='ocrx_word' id='word_1_757' title='bbox 683 5603 803 5665; x_wconf 86' lang='grc' dir='ltr'>ταῖς</span> <span class='ocrx_word' id='word_1_758' title='bbox 855 5598 1066 5668; x_wconf 83' lang='grc' dir='ltr'>φύσεσι.</span> <span class='ocrx_word' id='word_1_759' title='bbox 1105 5615 1123 5648; x_wconf 76' lang='grc' dir='ltr'><strong>ι</strong></span> <span class='ocrx_word' id='word_1_760' title='bbox 1179 5596 1245 5650; x_wconf 88' lang='grc' dir='ltr'>Τί</span> <span class='ocrx_word' id='word_1_761' title='bbox 1280 5596 1385 5668; x_wconf 85' lang='grc' dir='ltr'><strong>γάρ</strong></span> <span class='ocrx_word' id='word_1_762' title='bbox 1408 5612 1592 5666; x_wconf 55' lang='grc' dir='ltr'>φησιι</span> <span class='ocrx_word' id='word_1_763' title='bbox 1615 5615 1631 5647; x_wconf 82' lang='grc' dir='ltr'><strong>ι</strong></span> <span class='ocrx_word' id='word_1_764' title='bbox 1653 5594 1824 5649; x_wconf 85' lang='grc' dir='ltr'>Τοῦτο</span> <span class='ocrx_word' id='word_1_765' title='bbox 1845 5597 1953 5666; x_wconf 73' lang='grc' dir='ltr'>γὰρ</span> 
     </span>
    </p>
   </div>
   <div class='ocr_carea' id='block_1_104' title="bbox 462 5746 1459 5849">
    <p class='ocr_par' dir='ltr' id='par_1_104' title="bbox 462 5746 1459 5849">
     <span class='ocr_line' id='line_1_104' title="bbox 462 5746 1459 5849; baseline -0.01 -14"><span class='ocrx_word' id='word_1_766' title='bbox 462 5779 505 5810; x_wconf 76' lang='grc' dir='ltr'>η</span> <span class='ocrx_word' id='word_1_767' title='bbox 533 5746 768 5849; x_wconf 76' lang='lat' dir='ltr'><strong>Philipp.</strong></span> <span class='ocrx_word' id='word_1_768' title='bbox 798 5793 854 5842; x_wconf 86' lang='grc' dir='ltr'><strong>ιι,</strong></span> <span class='ocrx_word' id='word_1_769' title='bbox 884 5777 936 5841; x_wconf 86' lang='lat'><strong>7,</strong></span> <span class='ocrx_word' id='word_1_770' title='bbox 961 5774 1009 5828; x_wconf 90' lang='grc'><strong>8.</strong></span> <span class='ocrx_word' id='word_1_771' title='bbox 1091 5774 1133 5804; x_wconf 66' lang='grc' dir='ltr'>δι</span> <span class='ocrx_word' id='word_1_772' title='bbox 1173 5772 1305 5827; x_wconf 83' lang='lat' dir='ltr'><strong>ibid-</strong></span> <span class='ocrx_word' id='word_1_773' title='bbox 1341 5772 1459 5828; x_wconf 82' lang='lat'><strong>5—8.</strong></span> 
     </span>
    </p>
   </div>
   <div class='ocr_carea' id='block_1_105' title="bbox 2043 4576 3636 4660">
    <p class='ocr_par' dir='ltr' id='par_1_105' title="bbox 2043 4576 3636 4660">
     <span class='ocr_line' id='line_1_105' title="bbox 2043 4576 3636 4660; baseline -0.015 -8"><span class='ocrx_word' id='word_1_774' title='bbox 2043 4596 2241 4652; x_wconf 89' lang='lat' dir='ltr'><strong>nitioni</strong></span> <span class='ocrx_word' id='word_1_775' title='bbox 2272 4592 2554 4649; x_wconf 87' lang='lat' dir='ltr'><strong>contrario</strong></span> <span class='ocrx_word' id='word_1_776' title='bbox 2583 4590 2790 4660; x_wconf 89' lang='lat' dir='ltr'><strong>scripto</strong></span> <span class='ocrx_word' id='word_1_777' title='bbox 2820 4584 3138 4655; x_wconf 87' lang='lat' dir='ltr'><strong>respondet,</strong></span> <span class='ocrx_word' id='word_1_778' title='bbox 3175 4583 3378 4652; x_wconf 83' lang='lat' dir='ltr'><strong>injecta</strong></span> <span class='ocrx_word' id='word_1_779' title='bbox 3397 4578 3452 4632; x_wconf 89' lang='lat' dir='ltr'><strong>in</strong></span> <span class='ocrx_word' id='word_1_780' title='bbox 3486 4576 3636 4630; x_wconf 87' lang='lat' dir='ltr'><strong>litte-</strong></span> 
     </span>
    </p>
   </div>
   <div class='ocr_carea' id='block_1_106' title="bbox 2043 4665 3638 4756">
    <p class='ocr_par' dir='ltr' id='par_1_106' title="bbox 2043 4665 3638 4756">
     <span class='ocr_line' id='line_1_106' title="bbox 2043 4665 3638 4756; baseline -0.016 -12"><span class='ocrx_word' id='word_1_781' title='bbox 2043 4689 2121 4744; x_wconf 88' lang='lat' dir='ltr'><strong>ris</strong></span> <span class='ocrx_word' id='word_1_782' title='bbox 2161 4687 2230 4741; x_wconf 92' lang='lat' dir='ltr'><strong>ad</strong></span> <span class='ocrx_word' id='word_1_783' title='bbox 2258 4699 2516 4756; x_wconf 76' lang='lat' dir='ltr'><strong>magnum</strong></span> <span class='ocrx_word' id='word_1_784' title='bbox 2564 4682 2719 4736; x_wconf 89' lang='lat' dir='ltr'><strong>illum</strong></span> <span class='ocrx_word' id='word_1_785' title='bbox 2759 4680 2941 4734; x_wconf 83' lang='lat' dir='ltr'><strong>virum</strong></span> <span class='ocrx_word' id='word_1_786' title='bbox 2987 4676 3122 4731; x_wconf 85' lang='lat' dir='ltr'><strong>dicti</strong></span> <span class='ocrx_word' id='word_1_787' title='bbox 3157 4673 3320 4744; x_wconf 83' lang='lat' dir='ltr'><strong>hujus</strong></span> <span class='ocrx_word' id='word_1_788' title='bbox 3349 4665 3638 4740; x_wconf 85' lang='lat' dir='ltr'><strong>apostolici</strong></span> 
     </span>
    </p>
   </div>
   <div class='ocr_carea' id='block_1_107' title="bbox 2044 4754 3640 4841">
    <p class='ocr_par' dir='ltr' id='par_1_107' title="bbox 2044 4754 3640 4841">
     <span class='ocr_line' id='line_1_107' title="bbox 2044 4754 3640 4841; baseline -0.017 -8"><span class='ocrx_word' id='word_1_789' title='bbox 2044 4754 2524 4841; x_wconf 25' lang='lat' dir='ltr'><strong>mentioneptanta</strong></span> <span class='ocrx_word' id='word_1_790' title='bbox 2547 4785 2672 4826; x_wconf 90' lang='lat' dir='ltr'><strong>cum</strong></span> <span class='ocrx_word' id='word_1_791' title='bbox 2698 4779 2818 4824; x_wconf 88' lang='lat' dir='ltr'><strong>arte</strong></span> <span class='ocrx_word' id='word_1_792' title='bbox 2846 4765 2980 4821; x_wconf 87' lang='lat' dir='ltr'><strong>illud</strong></span> <span class='ocrx_word' id='word_1_793' title='bbox 3005 4764 3266 4834; x_wconf 73' lang='lat' dir='ltr'><strong>explicat,</strong></span> <span class='ocrx_word' id='word_1_794' title='bbox 3296 4754 3640 4814; x_wconf 87' lang='lat' dir='ltr'><strong>utorationis</strong></span> 
     </span>
    </p>
   </div>
   <div class='ocr_carea' id='block_1_108' title="bbox 2043 4852 3637 4940">
    <p class='ocr_par' dir='ltr' id='par_1_108' title="bbox 2043 4852 3637 4940">
     <span class='ocr_line' id='line_1_108' title="bbox 2043 4852 3637 4940; baseline -0.015 -17"><span class='ocrx_word' id='word_1_795' title='bbox 2043 4867 2458 4940; x_wconf 88' lang='lat' dir='ltr'><strong>perversionem</strong></span> <span class='ocrx_word' id='word_1_796' title='bbox 2481 4864 2801 4934; x_wconf 81' lang='lat' dir='ltr'><strong>ignorantes</strong></span> <span class='ocrx_word' id='word_1_797' title='bbox 2831 4858 2887 4913; x_wconf 90' lang='lat' dir='ltr'><strong>in</strong></span> <span class='ocrx_word' id='word_1_798' title='bbox 2913 4871 3166 4913; x_wconf 86' lang='lat' dir='ltr'><strong>errorem</strong></span> <span class='ocrx_word' id='word_1_799' title='bbox 3199 4852 3476 4907; x_wconf 87' lang='lat' dir='ltr'><strong>abducere</strong></span> <span class='ocrx_word' id='word_1_800' title='bbox 3506 4862 3637 4916; x_wconf 88' lang='lat' dir='ltr'><strong>pos-</strong></span> 
     </span>
    </p>
   </div>
   <div class='ocr_carea' id='block_1_109' title="bbox 2044 4936 3637 5019">
    <p class='ocr_par' dir='ltr' id='par_1_109' title="bbox 2044 4936 3637 5019">
     <span class='ocr_line' id='line_1_109' title="bbox 2044 4936 3637 5019; baseline -0.016 -5"><span class='ocrx_word' id='word_1_801' title='bbox 2044 4936 2136 5014; x_wconf 78' lang='lat' dir='ltr'><strong>sit.</strong></span> <span class='ocrx_word' id='word_1_802' title='bbox 2173 4955 2282 5012; x_wconf 84' lang='lat' dir='ltr'><strong>Sed</strong></span> <span class='ocrx_word' id='word_1_803' title='bbox 2313 4964 2374 5010; x_wconf 91' lang='lat' dir='ltr'><strong>ut</strong></span> <span class='ocrx_word' id='word_1_804' title='bbox 2401 4955 2548 5009; x_wconf 89' lang='lat' dir='ltr'><strong>clare</strong></span> <span class='ocrx_word' id='word_1_805' title='bbox 2591 4959 2830 5016; x_wconf 89' lang='lat' dir='ltr'><strong>constet,</strong></span> <span class='ocrx_word' id='word_1_806' title='bbox 2877 4948 3026 5019; x_wconf 91' lang='lat' dir='ltr'><strong>quod</strong></span> <span class='ocrx_word' id='word_1_807' title='bbox 3057 4947 3184 5000; x_wconf 86' lang='lat' dir='ltr'><strong>dico</strong></span> <span class='ocrx_word' id='word_1_808' title='bbox 3207 4983 3222 5006; x_wconf 96' lang='lat'><strong>,</strong></span> <span class='ocrx_word' id='word_1_809' title='bbox 3256 4941 3370 5010; x_wconf 89' lang='lat' dir='ltr'><strong>ipsa</strong></span> <span class='ocrx_word' id='word_1_810' title='bbox 3421 4936 3637 5005; x_wconf 89' lang='lat' dir='ltr'><strong>decepti</strong></span> 
     </span>
    </p>
   </div>
   <div class='ocr_carea' id='block_1_110' title="bbox 2045 5027 3636 5117">
    <p class='ocr_par' dir='ltr' id='par_1_110' title="bbox 2045 5027 3636 5117">
     <span class='ocr_line' id='line_1_110' title="bbox 2045 5027 3636 5117; baseline -0.017 -13"><span class='ocrx_word' id='word_1_811' title='bbox 2045 5048 2213 5105; x_wconf 89' lang='lat' dir='ltr'><strong>verba</strong></span> <span class='ocrx_word' id='word_1_812' title='bbox 2239 5063 2307 5102; x_wconf 80' lang='lat' dir='ltr'><strong>ex</strong></span> <span class='ocrx_word' id='word_1_813' title='bbox 2344 5046 2578 5117; x_wconf 87' lang='lat' dir='ltr'><strong>epistola</strong></span> <span class='ocrx_word' id='word_1_814' title='bbox 2609 5043 2702 5097; x_wconf 87' lang='lat' dir='ltr'><strong>illa</strong></span> <span class='ocrx_word' id='word_1_815' title='bbox 2733 5053 3026 5112; x_wconf 83' lang='lat' dir='ltr'><strong>apponam,</strong></span> <span class='ocrx_word' id='word_1_816' title='bbox 3065 5035 3157 5089; x_wconf 89' lang='lat' dir='ltr'><strong>ubi</strong></span> <span class='ocrx_word' id='word_1_817' title='bbox 3189 5032 3269 5087; x_wconf 88' lang='lat' dir='ltr'><strong>sic</strong></span> <span class='ocrx_word' id='word_1_818' title='bbox 3306 5029 3375 5083; x_wconf 89' lang='lat' dir='ltr'><strong>ad</strong></span> <span class='ocrx_word' id='word_1_819' title='bbox 3403 5027 3636 5081; x_wconf 86' lang='lat' dir='ltr'><strong>verbum</strong></span> 
     </span>
    </p>
   </div>
   <div class='ocr_carea' id='block_1_111' title="bbox 2046 5124 3633 5210">
    <p class='ocr_par' dir='ltr' id='par_1_111' title="bbox 2046 5124 3633 5210">
     <span class='ocr_line' id='line_1_111' title="bbox 2046 5124 3633 5210; baseline -0.018 -15"><span class='ocrx_word' id='word_1_820' title='bbox 2046 5138 2292 5210; x_wconf 90' lang='lat' dir='ltr'><strong>loquitur</strong></span> <span class='ocrx_word' id='word_1_821' title='bbox 2319 5155 2333 5191; x_wconf 90' lang='lat'><strong>:</strong></span> <span class='ocrx_word' id='word_1_822' title='bbox 2373 5156 2390 5188; x_wconf 84' lang='grc'>‹</span> <span class='ocrx_word' id='word_1_823' title='bbox 2430 5135 2632 5191; x_wconf 80' lang='lat' dir='ltr'><strong>Volens</strong></span> <span class='ocrx_word' id='word_1_824' title='bbox 2657 5131 2975 5202; x_wconf 80' lang='lat' dir='ltr'><strong>Apostolus,</strong></span> <span class='ocrx_word' id='word_1_825' title='bbox 3023 5124 3227 5194; x_wconf 88' lang='lat' dir='ltr'><strong>inquit,</strong></span> <span class='ocrx_word' id='word_1_826' title='bbox 3260 5136 3325 5174; x_wconf 89' lang='lat' dir='ltr'><strong>ea</strong></span> <span class='ocrx_word' id='word_1_827' title='bbox 3357 5131 3480 5187; x_wconf 73' lang='lat' dir='ltr'><strong>qua:</strong></span> <span class='ocrx_word' id='word_1_828' title='bbox 3507 5131 3633 5185; x_wconf 88' lang='lat' dir='ltr'><strong>pas-</strong></span> 
     </span>
    </p>
   </div>
   <div class='ocr_carea' id='block_1_112' title="bbox 2049 5211 3636 5291">
    <p class='ocr_par' dir='ltr' id='par_1_112' title="bbox 2049 5211 3636 5291">
     <span class='ocr_line' id='line_1_112' title="bbox 2049 5211 3636 5291; baseline -0.017 -5"><span class='ocrx_word' id='word_1_829' title='bbox 2049 5230 2226 5286; x_wconf 90' lang='lat' dir='ltr'><strong>sionis</strong></span> <span class='ocrx_word' id='word_1_830' title='bbox 2271 5237 2404 5284; x_wconf 91' lang='lat' dir='ltr'><strong>sunt</strong></span> <span class='ocrx_word' id='word_1_831' title='bbox 2454 5226 2678 5288; x_wconf 81' lang='lat' dir='ltr'><strong>inferre,</strong></span> <span class='ocrx_word' id='word_1_832' title='bbox 2716 5236 2926 5291; x_wconf 90' lang='lat' dir='ltr'><strong>ponens</strong></span> <span class='ocrx_word' id='word_1_833' title='bbox 2975 5217 3130 5288; x_wconf 86' lang='lat' dir='ltr'><strong>prius</strong></span> <span class='ocrx_word' id='word_1_834' title='bbox 3159 5211 3366 5268; x_wconf 87' lang='lat' dir='ltr'><strong>Christi</strong></span> <span class='ocrx_word' id='word_1_835' title='bbox 3410 5223 3636 5270; x_wconf 88' lang='lat' dir='ltr'><strong>nomen,</strong></span> 
     </span>
    </p>
   </div>
   <div class='ocr_carea' id='block_1_113' title="bbox 2055 5299 3638 5382">
    <p class='ocr_par' dir='ltr' id='par_1_113' title="bbox 2055 5299 3638 5382">
     <span class='ocr_line' id='line_1_113' title="bbox 2055 5299 3638 5382; baseline -0.017 -5"><span class='ocrx_word' id='word_1_836' title='bbox 2055 5335 2348 5377; x_wconf 91' lang='lat' dir='ltr'><strong>commune</strong></span> <span class='ocrx_word' id='word_1_837' title='bbox 2378 5329 2588 5374; x_wconf 68' lang='lat' dir='ltr'><strong>natura:</strong></span> <span class='ocrx_word' id='word_1_838' title='bbox 2617 5314 2859 5382; x_wconf 89' lang='lat' dir='ltr'><strong>utrique,</strong></span> <span class='ocrx_word' id='word_1_839' title='bbox 2889 5319 2951 5365; x_wconf 90' lang='lat' dir='ltr'><strong>ut</strong></span> <span class='ocrx_word' id='word_1_840' title='bbox 2991 5306 3156 5378; x_wconf 90' lang='lat' dir='ltr'><strong>paulo</strong></span> <span class='ocrx_word' id='word_1_841' title='bbox 3182 5310 3309 5359; x_wconf 87' lang='lat' dir='ltr'><strong>ante</strong></span> <span class='ocrx_word' id='word_1_842' title='bbox 3341 5299 3480 5362; x_wconf 82' lang='lat' dir='ltr'><strong>dixi,</strong></span> <span class='ocrx_word' id='word_1_843' title='bbox 3511 5311 3638 5352; x_wconf 84' lang='lat' dir='ltr'><strong>ora-</strong></span> 
     </span>
    </p>
   </div>
   <div class='ocr_carea' id='block_1_114' title="bbox 2055 5383 3638 5480">
    <p class='ocr_par' dir='ltr' id='par_1_114' title="bbox 2055 5383 3638 5480">
     <span class='ocr_line' id='line_1_114' title="bbox 2055 5383 3638 5480; baseline -0.02 -12"><span class='ocrx_word' id='word_1_844' title='bbox 2055 5413 2263 5468; x_wconf 89' lang='lat' dir='ltr'><strong>tionem</strong></span> <span class='ocrx_word' id='word_1_845' title='bbox 2282 5410 2501 5480; x_wconf 90' lang='lat' dir='ltr'><strong>utrique</strong></span> <span class='ocrx_word' id='word_1_846' title='bbox 2517 5399 3154 5461; x_wconf 71' lang='lat' dir='ltr'><strong>naturteconvenientem</strong></span> <span class='ocrx_word' id='word_1_847' title='bbox 3173 5390 3417 5450; x_wconf 87' lang='lat' dir='ltr'><strong>adducit.</strong></span> <span class='ocrx_word' id='word_1_848' title='bbox 3454 5407 3471 5438; x_wconf 76' lang='grc' dir='ltr'><strong>ι</strong></span> <span class='ocrx_word' id='word_1_849' title='bbox 3494 5383 3638 5451; x_wconf 83' lang='lat' dir='ltr'><strong>Quid</strong></span> 
     </span>
    </p>
   </div>
   <div class='ocr_carea' id='block_1_115' title="bbox 2057 5476 3636 5560">
    <p class='ocr_par' dir='ltr' id='par_1_115' title="bbox 2057 5476 3636 5560">
     <span class='ocr_line' id='line_1_115' title="bbox 2057 5476 3636 5560; baseline -0.02 -1"><span class='ocrx_word' id='word_1_850' title='bbox 2057 5503 2205 5560; x_wconf 90' lang='lat' dir='ltr'><strong>enim</strong></span> <span class='ocrx_word' id='word_1_851' title='bbox 2227 5503 2340 5558; x_wconf 88' lang='lat' dir='ltr'><strong>ait?</strong></span> <span class='ocrx_word' id='word_1_852' title='bbox 2371 5521 2388 5552; x_wconf 77' lang='grc' dir='ltr'><strong>ι</strong></span> <span class='ocrx_word' id='word_1_853' title='bbox 2413 5476 2533 5554; x_wconf 71' lang='lat' dir='ltr'><strong>lloc</strong></span> <span class='ocrx_word' id='word_1_854' title='bbox 2557 5495 2832 5552; x_wconf 86' lang='lat' dir='ltr'><strong>sentiatur</strong></span> <span class='ocrx_word' id='word_1_855' title='bbox 2859 5493 2916 5546; x_wconf 90' lang='lat' dir='ltr'><strong>in</strong></span> <span class='ocrx_word' id='word_1_856' title='bbox 2947 5489 3125 5552; x_wconf 88' lang='lat' dir='ltr'><strong>vobis,</strong></span> <span class='ocrx_word' id='word_1_857' title='bbox 3143 5485 3289 5559; x_wconf 90' lang='lat' dir='ltr'><strong>quod</strong></span> <span class='ocrx_word' id='word_1_858' title='bbox 3316 5493 3372 5538; x_wconf 90' lang='lat' dir='ltr'><strong>et</strong></span> <span class='ocrx_word' id='word_1_859' title='bbox 3399 5481 3452 5535; x_wconf 91' lang='lat' dir='ltr'><strong>in</strong></span> <span class='ocrx_word' id='word_1_860' title='bbox 3473 5476 3636 5532; x_wconf 89' lang='lat' dir='ltr'><strong>Chri-</strong></span> 
     </span>
    </p>
   </div>
   <div class='ocr_carea' id='block_1_116' title="bbox 2043 5583 3638 5664">
    <p class='ocr_par' dir='ltr' id='par_1_116' title="bbox 2043 5583 3638 5664">
     <span class='ocr_line' id='line_1_116' title="bbox 2043 5583 3638 5664; baseline -0.019 -13"><span class='ocrx_word' id='word_1_861' title='bbox 2043 5603 2146 5652; x_wconf 77' lang='lat' dir='ltr'><strong>st&#39;o</strong></span> <span class='ocrx_word' id='word_1_862' title='bbox 2175 5596 2334 5660; x_wconf 84' lang='lat' dir='ltr'><strong>Jesu,</strong></span> <span class='ocrx_word' id='word_1_863' title='bbox 2362 5595 2454 5664; x_wconf 91' lang='lat' dir='ltr'><strong>qui</strong></span> <span class='ocrx_word' id='word_1_864' title='bbox 2495 5593 2550 5647; x_wconf 92' lang='lat' dir='ltr'><strong>in</strong></span> <span class='ocrx_word' id='word_1_865' title='bbox 2591 5591 2764 5645; x_wconf 80' lang='lat' dir='ltr'><strong>forma</strong></span> <span class='ocrx_word' id='word_1_866' title='bbox 2794 5585 2891 5642; x_wconf 89' lang='lat' dir='ltr'><strong>Dei</strong></span> <span class='ocrx_word' id='word_1_867' title='bbox 2930 5584 3202 5641; x_wconf 81' lang='lat' dir='ltr'><strong>exsistens</strong></span> <span class='ocrx_word' id='word_1_868' title='bbox 3241 5592 3348 5633; x_wconf 87' lang='lat' dir='ltr'><strong>non</strong></span> <span class='ocrx_word' id='word_1_869' title='bbox 3387 5583 3638 5642; x_wconf 75' lang='lat' dir='ltr'><strong>rapinam</strong></span> 
     </span>
    </p>
   </div>
  </div>
