4076 6482
347 361 486 416 1545

1474 358 1838 415 EXPOSITIO
1878 358 2170 415 SYMBOIJ
2206 360 2475 417 NICAZNI.

3455 373 3594 429 1546

345 476 447 545 τῆς
473 473 531 527 δὲ
562 471 886 543 συγγενείας
918 471 1269 544 παρεχούσης
1290 472 1382 526 τὸν
1414 473 1599 530 πόθον.
1654 475 1915 545 Ἔρχεται

2029 474 2192 529 tiente
2230 484 2461 542 metum,
2500 489 2824 549 cognatione
2855 492 3041 539 autem
3069 483 3343 539 excitante
3372 484 3591 541 deside-

343 563 438 620 οὖν
470 564 655 634 κρίναι
707 561 916 625 ζῶντας
949 562 1045 615 καὶ
1089 564 1319 634 νεκροὺς
1360 565 1389 616 6
1419 562 1542 633 ἐμοὶ
1585 564 1920 634 κοινωνήσας

342 656 452 709 τῶν
482 654 864 726 ἀνθρωπίνων,
897 654 986 715 ἵνα
1014 638 1209 726 κριτὴς
1235 654 1443 715 δίκαιος
1530 655 1742 718 τούτοις
1769 656 1921 709 δικά-

343 750 473 813 ζων,
501 741 582 811 οἷς
641 745 805 809 αὐτὸς
854 747 1119 817 πρότερον
1165 746 1273 806 τῶν
1317 746 1505 801 παθῶν
1562 745 1919 818 ἐκοινώνησε·

344 839 443 892 καὶ
473 835 822 907 συγγνώμων
865 837 1097 907 γένηται
1135 836 1412 907 δικαστὴς,
1441 839 1583 895 κατὰ
1611 838 1700 891 τὸν
1750 838 1923 908 μέγαν

2022 563 2186 616 rium.
2236 564 2397 619 Venit
2430 581 2561 636 ergo
2598 568 2850 637 judicare
2897 570 3050 627 vivos
3082 579 3139 626 et
3184 581 3450 637 mortuos,
3496 574 3593 644 qui

2022 652 2260 708 humana
2301 670 2515 710 meeum
2546 660 2856 714 communia
2882 661 3083 718 habet:
3110 672 3166 717 ul
3195 663 3379 733 justus
3405 664 3475 718 sit
3500 665 3592 736 ju-

2022 743 2147 805 dcx,
2178 744 2434 814 judicans
2470 762 2537 801 ex
2572 748 2640 803 iis
2681 750 3083 817 affectionibus,
3112 750 3249 822 quas
3286 754 3403 824 ipse
3437 754 3598 823 prius

2023 836 2312 891 nobiscum
2362 838 2554 893 habuit
2590 856 2940 909 communes;
2973 854 3029 898 ct
3063 855 3124 899 ut
3163 845 3480 901 misericors
3526 846 3599 900 sit

357 927 704 989 Ἀπόστολον,
733 945 752 978 ι
779 925 840 993 ἐξ
869 919 943 981 ὧν
973 924 1144 979 ἔπαθε
1182 926 1369 996 μαθὼν
1397 927 1495 996 τὴν
1520 927 1822 997 ὑπακοήν.»
1857 928 1920 979 Et

2029 926 2187 996 iudex
2218 928 2372 997 juxta
2403 946 2658 1000 magnum
2689 933 3031 1001 Apostoium,
3059 934 3261 1004 quippe
3280 935 3373 1004 qui
3403 953 3416 988 :
3456 954 3474 985 ι
3516 934 3598 990 Ex

351 1017 462 1086 γὰρ
500 1017 593 1069 καὶ
644 1015 823 1070 πάντα
864 1010 1143 1083 γινώσκει,
1174 1013 1307 1077 Θεὸς
1355 1015 1452 1079 ὢν,
1499 1016 1528 1068 6
1574 1017 1922 1086 Μονογενής⁶

348 1107 485 1160 ἀλλά
520 1105 825 1179 προσέλαϐε
881 1107 1075 1177 πεῖραν
1105 1098 1180 1158 ὧν
1223 1106 1257 1174 ὴ
1311 1104 1473 1173 φύσις
1508 1104 1607 1173 τῆς
1635 1104 1922 1174 Θεότητος,

299 1247 312 1255 .
342 1197 405 1251 οὔ
419 1214 469 1251 τε
494 1192 564 1269 ἦν
596 1195 722 1251 οὔτε
753 1196 947 1266 γέγονε
987 1194 1232 1266 δεκτική.
1272 1194 1385 1266 Τὴν
1425 1194 1535 1267 γὰρ
1560 1194 1925 1266 προσληφθεῖ-

345 1306 446 1343 σαν
480 1289 551 1342 ὲκ
597 1288 822 1360 Μαρίας
853 1287 1015 1357 φύσιν
1046 1285 1253 1348 ἑνώσας
1288 1285 1489 1355 ἐαυτῷ,
1513 1285 1684 1357 ταύτῃ
1711 1285 1924 1357 δέχεται

344 1381 545 1450 πεῖραν
571 1371 648 1433 ὧν
681 1382 714 1448 ἡ
742 1378 903 1446 φύσις
930 1378 1028 1449 τῆς
1058 1376 1307 1449 θεότητος
1340 1378 1632 1448 ἀπείρατος
1656 1372 1743 1447 ἦν.

421 1654 547 1707 ΚΒ’.
589 1654 650 1706 '0
670 1651 726 1706 δὲ
754 1652 847 1707 τὸν
872 1653 972 1723 τῆς
1016 1654 1299 1726 Παρθένου
1328 1655 1633 1711 διαϐάλλων
1660 1656 1754 1711 τοῦ
1787 1658 1923 1712 Θεοῦ

343 1746 525 1808 τόκον,
558 1744 700 1799 ἔοικε
736 1745 838 1815 τῆς
864 1745 960 1799 τοῦ
992 1746 1129 1807 Θεοῦ
1162 1748 1355 1817 σοφίας
1383 1750 1601 1819 ἀγνοεῖν
1630 1750 1691 1803 τὸ
1721 1753 1925 1823 μυστή-

349 1854 483 1907 ριον·
516 1836 591 1890 Οὐ
637 1835 746 1905 γὰρ
775 1828 926 1901 οὖῖος
963 1836 992 1888 ὁ
1025 1837 1183 1901 τόκος
1222 1816 1366 1909 ἀρχὴ
1396 1816 1651 1911 (θεότητος
1676 1816 1920 1910 γέγονεν,
1953 1816 1998 1872 Β

343 1927 484 1983 ἀλλὰ
514 1926 800 1997 προοίμιον
852 1923 921 1998 ἦν
955 1927 1050 1993 τοῦ
1094 1929 1274 2000 σᾴρκα
1314 1930 1568 1998 γενέσθαι
1612 1932 1702 1985 τὸν
1725 1934 1918 2003 Λόγον.

361 2017 583 2088 Ἐπειδὴ
632 2015 739 2087 γὰρ
791 2017 975 2071 εἵλατο
1023 2017 1278 2086 γενέσθαι
1332 2020 1639 2091 ἄνθρωπος,
1688 2021 1765 2075 ὢν
1819 2025 1924 2096 πρὸ

344 2106 561 2166 αἰώνων
597 2106 732 2171 Θεός
755 2124 770 2138 ·
803 2108 949 2179 ἀρχὴ
993 2109 1051 2163 δὲ
1086 2110 1185 2180 τῆς
1218 2110 1638 2183 ἀνθρωπότητος
1687 2115 1716 2166 6
1767 2115 1924 2179 τόκος

344 2195 494 2253 ἱστί’
521 2195 735 2266 δέχεται
761 2195 858 2267 τὴν
889 2196 1063 2267 ἀρχὴν
1085 2197 1185 2267 τῆς
1230 2197 1543 2268 οἰκονομίας
1590 2201 1704 2263 τοῖς
1751 2202 1925 2270 πράγ-

350 2305 489 2357 μασι
524 2286 764 2357 κρηπῖδα
794 2287 999 2358 ταύτην
1028 2287 1325 2352 ὑποτιθείς.
1369 2289 1480 2341 Ἀεὶ
1522 2287 1598 2342 ῶν
1641 2290 1733 2344 τοῦ
1782 2285 1924 2345 εἶναι

346 2377 640 2448 ἄνθρωπος
676 2377 905 2448 ἄρχεται
931 2395 946 2410 ·
978 2377 1039 2439 τὸ
1072 2378 1192 2448 μὲν,
1221 2378 1297 2432 ὣν
1324 2380 1479 2444 Θεὸς,
1509 2381 1572 2434 τὸ
1603 2381 1659 2435 δὲ
1686 2382 1761 2446 ὡς
1807 2383 1924 2437 ἑλό-

351 2485 514 2540 μενος
546 2458 800 2537 γενέσθαι
832 2470 927 2523 καὶ
962 2469 1268 2541 ἄνθρωπος.
1305 2472 1370 2524 '0
1402 2472 1467 2542 δὴ
1494 2472 1587 2526 καὶ
1619 2474 1669 2526 οἱ
1705 2475 1799 2527 ἐπὶ
1823 2476 1926 2546 τῆς

347 2559 584 2622 Νικαίας
613 2559 853 2630 Πατέρες
871 2559 1158 2629 δηλοῦντες
1187 2561 1374 2631 σαφῶς
1390 2562 1655 2634 ἔγραψαν,
1688 2567 1923 2638 περὶτοῦ

348 2650 694 2719 Μονογενοῦς
723 2651 999 2714 εἰπόντες·
1036 2668 1056 2703 ι
1088 2652 1228 2716 Τοὺς
1260 2652 1316 2706 δὲ
1344 2653 1631 2722 λέγοντας·
1654 2652 1763 2710 Ἦν
1797 2675 1926 2712 ποτε

348 2740 438 2792 ὅτε
468 2740 570 2792 οὐκ
594 2737 698 2813 ἦν’
731 2740 846 2807 καὶ,
872 2740 1010 2812 Πρὶν
1042 2742 1370 2813 γεννηθῆναι
1403 2744 1504 2797 οὐκ
1540 2740 1639 2816 ἦν·
1688 2748 1806 2812 καὶ,
1844 2749 1926 2802 ὄτι

348 2832 411 2898 ἐξ
452 2832 555 2885 οὐκ
604 2832 1059 2902 δντωνσὲγένετο,
1090 2835 1122 2904 ἢ
1150 2834 1210 2899 ἐξ
1239 2836 1434 2906 ἑτέρας
1488 2837 1858 2905 ὑποστάσεως,
1890 2841 1925 2913 ἦ

346 2924 570 2986 οὐσίας·
613 2922 926 2993 φάσκοντας
978 2919 1208 2996 εἴναι,ἢ
1250 2927 1503 2998 τρεπτὸν,
1556 2929 1590 3003 ἢ
1639 2929 1927 2988 ἀλλοιωτὸν

348 3015 445 3070 τὸν
468 3015 599 3069 Υίὸν
629 3013 723 3070 τοῦ
747 3014 905 3081 Θεοῦ,
934 3015 1160 3082 τούτους
1183 3018 1573 3089 ἀναθεματίζει
1597 3025 1631 3094 ή
1665 3023 1927 3095 καθολικὴ

349 3106 451 3159 καὶ
510 3104 843 3177 ἀποστολικὴ
889 3106 1209 3178 Ἐκκλησία.
1234 3127 1254 3160 ι
1294 3109 1415 3164 Ἵνα
1457 3110 1567 3183 γὰρ
1616 3113 1694 3186 μὴ
1752 3114 1927 3189 ἀρχὴν
1953 3139 1996 3209 ο

350 3197 606 3269 θεότητος
634 3197 727 3252 τοῦ
756 3198 1097 3267 Μονογενοῦς
1131 3200 1225 3254 τὸν
1256 3201 1412 3255 τόκον
1459 3207 1605 3276 νοῇς,
1650 3207 1930 3279 ἀναθεμα..

349 3285 562 3351 τίζουσι
605 3287 733 3348 τοὺς
784 3285 1076 3354 λέγοντας·
1125 3284 1271 3341 «Ἦν
1324 3307 1456 3343 ποτε
1505 3291 1592 3344 ὅτε
1640 3294 1740 3347 οὐκ
1771 3288 1871 3365 ἦν·
1904 3314 1924 3348 ι

351 3378 661 3450 ἐξορίζουσι
701 3378 759 3432 δὲ
801 3378 900 3449 τῆς
930 3379 1275 3450 Χριστιανῶν
1319 3381 1534 3445 ἐλπίδος
1561 3383 1656 3436 καὶ
1679 3385 1808 3448 τοὺς
1845 3384 1932 3438 λέ-

351 3486 585 3538 γονταςο
622 3486 641 3520 ι
671 3469 753 3523 ὅτι
806 3469 936 3541 πρὶν
968 3470 1304 3541 γεννηθῆναι
1332 3474 1434 3525 οὐκ
1460 3467 1558 3543 ἦν’
1590 3492 1610 3525 ι
1642 3473 1831 3540 ξένους
1869 3493 1930 3530 τε

350 3560 458 3629 τῆς
499 3561 533 3629 ἡ
543 3558 659 3629 μῶν
687 3559 933 3623 τιθέντας
960 3561 1255 3631 σωτηρίας,
1284 3562 1527 3627 καὶτοὺς
1551 3563 1809 3632 λέγοντας
1839 3565 1931 3620 τὸν

351 3647 592 3721 Χριστὸν
636 3649 719 3702 ὅτι
754 3666 773 3700 ι
795 3649 856 3716 ἐξ
904 3649 1004 3704 οὐκ
1040 3648 1211 3704 δντων
1260 3651 1495 3718 ἐγένετο.
1518 3671 1537 3702 ι
1571 3653 1681 3706 Καὶ
1734 3654 1842 3724 μὴν
1881 3656 1932 3708 εἰ

357 3740 523 3812 μόνον
551 3740 836 3811 ἄνθρωπος
862 3737 932 3813 ἦν
959 3741 1098 3795 κατὰ
1118 3742 1247 3806 τοὺς
1269 3743 1741 3814 πεπλανημένους,
1774 3744 1930 3817 θεῖκῇ

352 3832 724 3904 τετιμημένος
753 3830 902 3904 ἀξίᾳ,
932 3831 993 3899 ἐξ
1015 3833 1117 3887 οὐκ
1141 3833 1311 3889 ὄντων
1358 3834 1602 3904 ἐγένετο,
1653 3835 1797 3890 κατά
1834 3837 1933 3907 τὴν

351 3923 644 3995 δύσφημον
693 3922 947 3992 γλῶσσαν
1002 3923 1235 3995 ἐκείνην.
1276 3923 1416 3978 Ἀλλ’
1446 3924 1636 3998 ἐπειδὴ
1665 3929 1694 3980 ὁ
1719 3925 1797 3980 ὣν
1829 3928 1937 3997 πρὸ

351 4014 468 4070 τῶν
508 4015 724 4073 αἰώνων
767 4015 984 4084 ἐγένετο
1014 4014 1322 4087 ἄνθρωπος,
1352 4017 1480 4082 τοὺς
1516 4017 1575 4085 ἐξ
1622 4018 1725 4072 οὐκ
1765 4016 1936 4073 ὄντων

354 4106 689 4177 γεγενῆσθαι
712 4105 972 4174 λέγοντας
996 4105 1089 4159 τὸν
1115 4107 1370 4178 Χριστὸν,
1400 4108 1500 4179 τῆς
1523 4108 1803 4183 σωτηρίας
1842 4111 1939 4164 καὶ

354 4199 458 4269 τῆς
494 4198 602 4252 τῶν
624 4198 968 4270 Χριστιανῶν
987 4198 1201 4262 ἐλπίδος
1233 4198 1510 4266 ἐξέϐαλον.

434 4376 561 4430 Kl".
602 4378 713 4432 Kal.
734 4377 908 4432 ταῦτα
944 4379 1042 4449 μὲν
1063 4376 1258 4438 οὕτως.
1296 4380 1413 4432 Ἵνα
1442 4379 1499 4461 δὲ
1526 4379 1602 4451 μὴ
1629 4378 1773 4433 κατὰ
1810 4396 1938 4452 τρο-

2025 1017 2094 1071 iis
2116 1035 2237 1088 qua:
2260 1035 2453 1089 passus
2480 1032 2582 1084 est,
2609 1023 2978 1080 obedientiam
3002 1026 3213 1080 didicit.
3252 1047 3270 1076 »
3298 1027 3432 1080 Nam
3466 1026 3599 1081 licet

2024 1112 2209 1165 omnia
2248 1124 2542 1183 cognoscat.
2584 1114 2941 1186 Unigenitus,
2996 1131 3062 1170 eo
3100 1117 3243 1185 quod
3289 1116 3360 1170 sit
3400 1117 3547 1172 Deus
3581 1132 3599 1166 :

2024 1209 2265 1256 attamen
2303 1205 2699 1273 experientiam
2723 1206 2868 1276 cepit
2891 1222 3105 1271 eorum,
3133 1223 3366 1278 quorum
3402 1217 3598 1262 natura

2025 1291 2248 1347 deitatis
2288 1310 2467 1363 neque
2509 1307 2627 1350 erat
2672 1313 2850 1367 neque
2898 1297 3040 1352 facta
3072 1296 3175 1351 fuit
3208 1314 3375 1367 capax
3413 1316 3425 1351 :
3473 1314 3598 1352 nam

2026 1393 2360 1453 assumptam
2391 1399 2459 1439 ex
2505 1385 2669 1440 Maria
2705 1387 2929 1457 Virgine
2967 1394 3221 1441 naturam
3269 1387 3600 1457 sibimetipsi

2028 1474 2245 1539 u‘niens,
2270 1476 2364 1530 illa
2387 1476 2827 1545 experimentum
2851 1477 2999 1547 cepit
3018 1492 3213 1533 eorum
3240 1492 3474 1548 quorum
3500 1492 3567 1531 ex
3587 1506 3599 1516 -

2027 1584 2157 1640 pers
2185 1575 2306 1623 erat
2327 1576 2525 1623 natura
2558 1568 2799 1622 deitatis.

2096 1659 2265 1715 XXII.
2302 1660 2411 1715 Sed
2446 1660 2541 1730 qui
2586 1659 2686 1713 Dei
2738 1675 2806 1714 ex
2844 1660 3072 1732 Virgine
3117 1657 3463 1718 nativitatem
3504 1674 3602 1714 ac-

2028 1759 2206 1816 cusat,
2238 1751 2560 1822 mysterium
2602 1750 2883 1820 sapientia:
2923 1753 3020 1806 Dei
3051 1753 3308 1824 ignorare
3337 1752 3555 1808 videtur
3583 1769 3599 1806 :

2024 1854 2205 1908 neque
2229 1840 2377 1892 enim
2404 1838 2521 1893 haec
2550 1839 2810 1894 nativitas
2835 1839 3028 1896 deitati
3052 1842 3386 1913 principium
3423 1843 3600 1907 dedit,

2024 1926 2122 1981 sed
2155 1928 2441 1981 exordium
2493 1927 2596 1981 fuit
2622 1928 3022 1989 incarnationis
3054 1931 3239 1985 Verbi.
3278 1931 3415 1997 Quia
3447 1933 3601 1987 enim

2023 2014 2189 2069 homo
2210 2014 2327 2069 fieri
2344 2014 2597 2087 dignatus
2620 2025 2722 2079 est,
2750 2017 2896 2071 Deus
2915 2026 3042 2072 ante
3065 2020 3261 2073 saacula
3290 2020 3600 2086 exsistens;

2023 2106 2355 2175 principium
2380 2120 2513 2159 vero
2543 2105 2795 2162 humana:
2838 2108 3175 2164 exsistentize
3199 2119 3285 2165 est
3316 2112 3598 2175 nativitas.

2024 2196 2170 2266 capit
2199 2196 2534 2266 principium
2571 2197 3018 2266 dispensationis,
3049 2199 3157 2255 hoc
3182 2199 3600 2256 fundamentum

2024 2288 2190 2342 rebus
2227 2302 2578 2358 supponens;
2620 2298 2676 2342 et
2718 2303 2937 2359 semper
2956 2291 3244 2357 exsistens,
3277 2291 3442 2347 homo
3479 2308 3603 2348 esse

2026 2379 2259 2449 incipit:
2296 2379 2435 2434 illud
2472 2378 2729 2446 quidem,
2769 2388 2959 2451 utpote
3002 2381 3177 2447 Deus;
3228 2382 3334 2436 hoc
3377 2391 3561 2437 autem
3584 2424 3599 2446 ,

2027 2479 2215 2540 utpote
2247 2477 2302 2523 et
2333 2469 2500 2523 homo
2529 2468 2648 2522 ﬁeri
2680 2468 2958 2539 dignatus.
2990 2469 3147 2536 Quod
3180 2479 3238 2525 et
3268 2471 3473 2527 Nicazni
3499 2473 3603 2527 Pa-

2026 2569 2138 2615 tres
2157 2557 2515 2630 signiﬁcaturi
2545 2557 2832 2613 manifeste
2856 2559 3201 2629 scripserunt
3217 2560 3285 2616 de
3308 2561 3603 2632 Unigenito

2026 2652 2116 2707 his
2136 2650 2319 2705 verbis
2347 2667 2360 2703 :
2394 2669 2413 2701 ι
2442 2649 2548 2716 Qui
2571 2664 2705 2704 vero
2733 2649 2929 2713 dicunt
2954 2667 2968 2704 :
3000 2651 3135 2705 Erat
3156 2651 3452 2722 aliquando
3475 2669 3602 2711 cum

2027 2759 2137 2798 non
2158 2749 2343 2808 esset;
2384 2742 2517 2796 item
2548 2760 2562 2795 :
2590 2741 2897 2812 Antequam
2939 2754 3281 2808 nasceretur,
3309 2759 3420 2799 non
3442 2753 3605 2809 erat;

2026 2843 2083 2889 et
2101 2834 2249 2905 quod
2272 2850 2339 2889 ex
2365 2850 2477 2888 non
2501 2833 2896 2889 exsistentibus
2915 2834 3210 2899 exstiterit,
3233 2836 3319 2889 vel
3340 2851 3408 2890 ex
3429 2835 3605 2891 aliena

2028 2925 2382 2981 subsistentia
2414 2924 2531 2980 sive
2559 2925 2869 2980 substantia
2889 2966 2905 2990 ,
2935 2925 3025 2980 vel
3055 2926 3398 2992 mutabilem,
3422 2935 3478 2982 et
3510 2944 3607 2983 va-

2028 3015 2280 3071 riahilem
2325 3014 2527 3069 Filium
2561 3013 2660 3068 Dei
2705 3028 2826 3068 esse
2873 3013 3087 3077 dicunt,
3124 3014 3245 3068 illos
3285 3013 3612 3069 anathema-

2031 3109 2163 3165 tizat
2193 3107 2464 3163 catholica
2506 3114 2564 3160 et
2595 3106 2892 3176 apostolica
2932 3105 3197 3167 Ecclesia.
3238 3125 3275 3169 ι
3295 3105 3511 3161 Etenim
3538 3122 3610 3160 ne

2030 3199 2255 3265 deitatis
2279 3197 2558 3269 Unigeniti
2580 3197 2916 3269 principium
2939 3196 3284 3252 nativitatem
3313 3195 3609 3267 intelligas,-

2029 3289 2498 3348 anathematizant
2525 3303 2624 3342 eos
2660 3288 2753 3357 qui
2799 3287 2991 3342 dicunt
3026 3304 3041 3339 :
3079 3304 3099 3336 ι
3136 3286 3268 3340 Erat
3309 3286 3611 3356 aliquando

2029 3360 2252 3452 quando
2273 3393 2384 3431 non
2407 3386 2560 3441 erat;
2595 3395 2613 3427 ι
2635 3375 3007 3431 exterminant
3030 3390 3250 3444 quoque
3274 3390 3305 3429 a
3327 3390 3425 3445 spe
3442 3374 3607 3430 Chri-

2029 3473 2334 3528 stianorum
2358 3484 2455 3524 eos
2476 3468 2571 3539 qui
2594 3467 2787 3522 dicunt
2818 3484 2832 3520 :
2864 3486 2883 3517 ι
2916 3464 3070 3543 Quod
3095 3473 3389 3535 antequam
3410 3482 3609 3522 nasce-

2031 3564 2186 3619 t‘etur
2218 3577 2330 3618 non
2364 3561 2560 3627 fuerit;
2596 3580 2614 3612 υ
2662 3559 2873 3615 alienos
2908 3573 3128 3631 quoque
3161 3573 3191 3612 a
3219 3558 3395 3614 salute
3423 3566 3613 3613 nostra

2032 3654 2411 3718 constituunt,
2441 3651 2538 3723 qui
2579 3650 2862 3707 Christum
2901 3668 2919 3701 ι
2963 3665 3032 3704 ex
3057 3665 3170 3703 non
3218 3651 3614 3707 exsistentibus

2032 3746 2311 3801 exstitisse
2350 3765 2369 3796 ι
2403 3751 2679 3803 asserunt.
2715 3740 2882 3812 Atqui
2910 3741 2954 3795 si
2990 3749 3203 3796 tantum
3225 3741 3391 3796 homo
3423 3742 3611 3807 fuerit,

2029 3836 2182 3905 juxta
2213 3845 2435 3887 errores
2470 3830 2611 3893 illos,
2644 3829 2833 3889 divina
2869 3828 3138 3900 dignitate
3186 3829 3506 3897 honoratus,
3547 3846 3613 3886 ex

2034 3942 2147 3981 non
2180 3923 2574 3980 exsistentibus
2596 3921 2901 3976 secundum
2931 3920 3153 3991 impiam
3182 3920 3329 3975 illam
3369 3921 3614 3991 linguam

2035 4014 2269 4072 exstitit.
2307 4013 2414 4069 Sed
2462 4011 2592 4082 quia
2635 4011 2725 4065 ille
2770 4008 2865 4078 qui
2894 4015 2979 4062 est
3023 4017 3151 4062 ante
3190 4009 3409 4072 sarcula,
3438 4009 3613 4063 factus

2039 4116 2124 4166 est
2169 4108 2357 4170 homo,
2395 4119 2492 4159 eos
2526 4102 2620 4172 qui
2654 4116 2723 4155 ex
2757 4115 2868 4153 non
2901 4098 3295 4154 exsistentibus
3329 4099 3613 4155 Christum

2037 4198 2315 4256 exstitisse
2337 4195 2549 4259 dicunt,
2590 4209 2619 4247 a
2648 4193 2823 4247 salute
2851 4197 2907 4245 et
2929 4204 3024 4259 spe
3055 4188 3496 4245 Christianorum
3525 4205 3617 4244 re—

2034 4290 2254 4363 jiciunt.

2108 4376 2303 4433 XXIII.
2335 4374 2515 4443 Atque
2552 4371 2671 4426 haec
2709 4369 2933 4440 quidem
2955 4368 3062 4424 hoc
3097 4369 3278 4424 modo.
3299 4369 3503 4425 Verum
3541 4383 3613 4425 ne

357 4468 473 4536 ’.τὴν
520 4466 774 4540 θεότητος
826 4468 1114 4539 ἄνθρωπον
1158 4467 1253 4522 τὸν
1297 4457 1583 4538 Μονογενῆ
1640 4469 1932 4538 γεγονέναι

2042 4465 2351 4526 secundum
2389 4461 2752 4517 mutationem
2790 4458 3010 4513 deitatis
3052 4457 3403 4530 Unigetiitum
3432 4458 3616 4513 homi-

356 4562 667 4630 νοήσωμεν,
715 4559 1179 4632 ἀναθεματίζουσι
1239 4561 1336 4614 καὶ
1383 4560 1513 4622 τοὺς
1562 4560 1844 4629 λέγοντας,
1899 4560 1933 4633 ἦ

356 4651 596 4724 ⁸τρειττὸν
647 4651 683 4723 ἢ
736 4652 1023 4707 ἀλλοιωτὸν
1069 4652 1173 4706 τὸν
1207 4652 1335 4705 Υίὸν
1367 4651 1461 4707 τοῦ
1495 4651 1653 4706 Θεοῦ.
1701 4653 1777 4707 Οὐ
1827 4655 1937 4725 γὰρ

363 4741 639 4816 μεταϐολὴ
687 4743 877 4814 θεῖκῆς
932 4743 1149 4814 φύσεως
1199 4744 1291 4798 τὸν
1345 4744 1623 4815 Μονογενῆ
1651 4744 1939 4816 ἄνθρωπον

354 4834 586 4901 ἔδειξεν,
618 4834 733 4887 ἀλλ’
757 4834 1038 4905 οἰκονομία
1066 4850 1148 4897 τις
1177 4834 1277 4888 καὶ
1307 4834 1621 4906 ἀπόρρητος
1654 4833 1942 4904 θεοσοφίας

360 4925 803 4994 θαυματουργία.
833 4925 1004 4979 Τοῦτο
1039 4908 1150 4999 γάρ
1206 4941 1387 4997 φαμεν
1409 4925 1471 4978 τὸ
1503 4925 1827 4996 παράδοξον,
1859 4927 1943 4980 ὅτι

361 5014 592 5083 γέγονεν
618 5015 904 5085 ἄνθρωπος
942 5016 972 5068 6
1008 5015 1141 5080 Θεὸς
1169 5015 1361 5086 μείνας
1382 5015 1549 5079 Θεόςο
1583 5016 1721 5090 ὅπερ
1759 5015 1945 5088 θαῦμα

361 5109 418 5160 οἱ
469 5108 879 5177 πεπλανημένοι
927 5107 1105 5162 κοινὸν
1140 5109 1373 5178 πρᾶγμα
1407 5106 1577 5172 δεῖξαι
1608 5105 1944 5179 βουλόμενοι,

2035 4576 2163 4617 nem
2192 4559 2394 4613 factum
2431 4553 2884 4623 intelligeremus,
2908 4546 3374 4604 anathematizant
3394 4561 3619 4617 quoque

2038 4652 2133 4724 qui
2174 4647 2519 4709 mutabilem,
2543 4645 2630 4699 vel
2672 4642 2995 4698 variabilem
3036 4640 3236 4695 Filium
3263 4638 3504 4694 Deiesse
3530 4638 3617 4693 di-

2038 4751 2193 4800 cunt.
2218 4739 2409 4808 Neque
2437 4735 2585 4790 enim
2617 4730 3005 4788 transmutatio
3027 4728 3228 4784 divina:
3251 4737 3459 4782 natura:
3487 4724 3620 4782 Uni-

2040 4833 2287 4907 genitum
2311 4827 2590 4884 hominem
2610 4824 2884 4887 exhibuit,
2899 4821 2997 4877 sed
3013 4819 3352 4891 dispensatio
3368 4816 3616 4907 quaedam

2040 4905 2098 4981 et
2126 4920 2408 4979 ineffabile
2431 4916 2634 4973 divina:
2653 4913 2938 4984 sapientia:
2959 4911 3306 4966 miraculum.
3333 4907 3446 4961 Hoc
3468 4905 3619 4959 enim

2041 5012 2428 5075 admirandum
2469 5025 2592 5067 esse
2632 5007 2889 5072 dicimus,
2934 5003 3080 5075 quod
3134 5003 3278 5057 Deus
3322 4998 3499 5052 factus
3547 4997 3622 5051 sit

2042 5111 2231 5174 homo,
2262 5117 2596 5177 permanens
2623 5100 2771 5155 Deus
2803 5117 2815 5152 :
2848 5094 2997 5167 quod
3026 5091 3348 5148 miraculum
3370 5088 3500 5142 dum
3524 5102 3618 5142 er-

364 5199 647 5270 λογισμοῖς
675 5198 941 5270 ἐρευνῶσι
967 5199 1038 5254 τὰ
1065 5200 1205 5271 ὑπὲρ
1245 5198 1453 5254 ἔννοιαν
1477 5215 1492 5231 ο
1518 5198 1614 5251 καὶ⁵
1651 5197 1740 5252 διὰ
1774 5178 1932 5268 λόγωι

2045 5211 2234 5257 rantes
2272 5197 2353 5253 illi
2393 5209 2515 5250 rem
2561 5202 2910 5247 communem
2951 5182 3246 5238 ostendere
3286 5178 3498 5243 volunt,
3528 5193 3620 5231 ra-

367 5290 800 5360 φιλονεικοῦντες
850 5292 910 5344 τὸ
956 5291 1263 5362 παράδοξον
1307 5287 1633 5354 καταλῦσαι,
1667 5289 1806 5360 πρὸς
1838 5307 1932 5361 μα-

2049 5289 2296 5347 tionibus
2325 5288 2663 5345 scrutantur,
2683 5275 2833 5348 quod
2854 5271 3087 5328 rationis
3106 5277 3328 5362 captum
3353 5274 3576 5337 superat

366 5356 539 5436 ταίων
611 5381 895 5451 λογισμῶν⁴
948 5356 1326 5454 ἐξετράπησαν
1386 5381 1630 5453 ζήτησιν.
1695 5356 1932 5437 blitum

2050 5393 2109 5439 et
2151 5378 2342 5437 verbis
2386 5372 2715 5432 miraculum
2766 5378 3033 5423 enervare
3095 5359 3526 5423 contendentes,
3550 5356 3624 5411 ad

372 5475 483 5546 γὰρ
516 5473 682 5539 ὅντως
718 5475 813 5529 καὶ
844 5475 1049 5528 εἰκαῖόν
1077 5476 1214 5537 ἐστι,
1237 5473 1414 5543 λόγοις
1437 5472 1663 5543 ὲρευνᾷν
1703 5473 1774 5527 τά
1802 5472 1932 5545 ὑπὲρ

2053 5469 2334 5528 inutilium
2366 5465 2640 5521 rationum
2669 5453 3114 5529 disquisitionem
3158 5453 3409 5507 conversi
3444 5456 3572 5555 sunt
3604 5462 3625 5497 :

373 5535 535 5635 λόγον
572 5535 1150 5637 θαυματουργούμενα.
1193 5535 1269 5623 Et.
1292 5535 1404 5636 γὰρ
1433 5535 1646 5619 ἅπαντα
1673 5561 1770 5618 τοῦ
1802 5535 1932 5618 Θεοί

2056 5578 2185 5621 nam
2220 5573 2424 5617 vanum
2464 5566 2661 5611 revera
2697 5557 2757 5619 et
2787 5542 3145 5604 temerarium
3183 5550 3288 5608 est,
3313 5535 3629 5596 rationibus

453 5742 496 5773 ³⁵
533 5743 697 5797 llebr.
725 5760 779 5819 ι’,
808 5744 868 5797 8.
