4076 6440
3659 321 3770 375 ius

563 447 898 521 perscrutari
959 461 1080 515 qua
1110 443 1439 498 miraculose
1466 457 1631 512 supra
1660 441 1927 494 rationem
1957 437 2136 490 conti-

2260 439 2311 492 τά
2339 439 2594 509 Θαύματα
2621 439 2863 509 μέλλοιεν
2893 432 3168 506 λογισμοῖς
3205 435 3472 506 ψηλαφᾷν,
3500 436 3639 488 οὐδὲν
3692 444 3774 508 μὲν

561 556 712 612 gere.
744 539 800 593 Si
824 539 970 591 enim
995 537 1175 589 omnia
1205 538 1298 590 Dei
1325 535 1590 590 miracula
1618 533 1928 586 rationibus
1953 528 2140 582 rimari

2260 531 2541 600 ὶαυμάτων
2570 532 2806 582 ἐάσωσιν
2831 546 2842 558 ·
2876 528 2992 581 ἀλλ’
3012 527 3131 580 οῦδὲ
3163 527 3382 596 σημεῖόν
3417 544 3466 578 τι
3497 529 3634 598 παρά
3663 531 3774 583 Θεοῦ

561 645 626 684 ac
667 628 888 698 palpare
915 625 1104 688 velint,
1143 625 1353 678 nullum
1390 638 1520 678 sane
1555 621 1870 690 relinquent
1903 620 2142 674 miracu-

2260 621 2492 689 τίνεσθαι
2522 622 2943 691 συγχωρήσωσι,
2979 619 3075 671 καὶ
3100 617 3382 688 τεράστιον
3408 619 3454 670 οί
3487 619 3778 688 φυσιολόγοι,

559 721 709 786 lum;
737 733 914 786 neque
943 718 1114 770 ullum
1142 731 1173 769 a
1198 716 1311 769 Deo
1336 714 1556 785 signum
1588 721 1644 768 et
1673 712 1986 783 prodigium
2021 725 2147 779 per—

2260 713 2459 765 imvta
2511 714 2580 766 τὰ
2631 713 2899 782 τεράστια
2955 711 3304 781 βιαζόμενοι·
3345 710 3406 763 τδ
3460 711 3562 778 γάρ
3597 713 3781 768 πάντων

562 809 769 879 petrari
811 807 1116 861 concedent
1145 806 1234 859 isti
1279 815 1489 860 natura
1517 803 1925 867 observatores,
1957 801 2143 855 omnia

2260 805 2370 868 rei);
2401 805 2592 872 λόγους
2631 806 2880 875 ὲρευνᾷν,
2913 804 3204 858 καταλύειν
3247 803 3363 856 ἐστὶ
3411 802 3674 873 θαύματα,
3703 807 3782 858 καὶ

561 337 695 394 4547
1673 325 2020 383 TIIEODOTI
2063 325 2158 378 ΕΡ]

2260 324 2367 379 0P1
2404 325 2747 380 ANCYRANI

565 897 826 949 miracula
870 896 921 948 vi
960 896 1356 964 detorquentes
1393 911 1405 947 :
1445 909 1571 948 nam
1622 893 1866 947 rationes
1900 890 2146 945 omnium

564 987 933 1057 pervestigare
995 995 1081 1039 est
1125 985 1387 1039 miracula
1421 985 1747 1047 dissolvere,
1782 993 1838 1036 et
1876 983 2049 1035 Deum
2091 979 2146 1032 in

566 1078 683 1132 suis
711 1093 843 1147 erga
891 1093 990 1130 nos
1026 1076 1308 1130 miraculis
1341 1092 1462 1130 sese
1501 1075 1868 1128 oblectantem
1899 1071 1966 1126 ad
2010 1071 2148 1124 iram

565 1184 888 1240 provocare.
929 1167 1200 1235 Quocirca
1230 1175 1285 1221 et
1321 1166 1640 1221 Zachariam
1683 1172 1893 1233 patrem
1923 1161 2151 1216 Joannis

567 1260 825 1331 Baptista
865 1260 1088 1312 silentio
1121 1260 1263 1312 Deus
1309 1256 1731 1316 condemnabat,
1769 1253 1914 1323 quod
1963 1251 2150 1321 gratia

569 1351 899 1406 miraculose
923 1358 1251 1419 perpetrata
1268 1348 1491 1401 modum
1517 1345 1792 1401 curiosius
1813 1343 2147 1412 inquireret:

571 1458 682 1497 non
711 1441 871 1496 tidem
897 1441 1168 1494 adhibens
1191 1447 1446 1506 tanquam
1472 1435 1758 1498 miraculo,
1781 1433 1876 1488 sed
1908 1431 2153 1486 rationes

575 1533 918 1587 miraculosa
958 1528 1297 1599 Operationis
1324 1527 1418 1581 Dei
1465 1527 1762 1596 exquirens
1796 1541 1808 1576 :
1843 1531 1900 1576 et
1935 1521 2152 1575 dicente

574 1623 830 1678 Gabriele
868 1638 882 1675 :
916 1639 934 1672 ι
984 1619 1267 1674 Elisabeth
1299 1633 1436 1672 uxor
1477 1627 1569 1671 tua
1602 1617 1687 1687 (ea
1730 1622 1914 1668 autem
1947 1610 2155 1666 sterilis

575 1715 713 1784 erat)
749 1712 927 1782 pariet
956 1709 1057 1762 tibi
1090 1709 1263 1762 [ilium
1287 1709 1364 1774 “;
1400 1727 1418 1759 ›
1452 1707 1568 1778 ipse
1609 1720 1802 1759 eorum
1841 1719 1962 1773 qua
1995 1700 2152 1755 dixe-

2248 896 2603 967 παροργίζειν
2627 897 2759 950 Θεὸν
2786 897 2843 950 ἒν
2873 899 2992 960 ταῖς
3014 895 3485 966 θαυματουργίαις
3505 895 3656 948 αὑτοῦ
3676 899 3782 968 παρ’

2247 986 2406 1056 ἡμῶν
2434 987 2839 1058 εὐθυμούμενον
2875 988 2970 1058 (8).
3003 987 3101 1041 Διά
3128 986 3286 1040 τοῦτο
3307 981 3399 1040 οὖν
3424 988 3516 1038 καὶ
3546 989 3786 1058 Ζαχαρίαν

2255 1079 2348 1130 τὸν
2374 1079 2586 1149 πατέρα
2622 1080 2868 1134 Ἰωάννου
2898 1078 2993 1133 τοῦ
3036 1076 3344 1133 Βαπτιστοῦ
3393 1081 3566 1148 σιωπῇ
3605 1079 3784 1131 κατεδί-

2249 1187 2418 1223 κασεν
2447 1172 2476 1224 ό
2508 1170 2664 1235 Θεὸς,
2689 1171 2771 1224 ὅτι
2800 1173 3021 1242 χάριτος
3051 1169 3571 1239 θαυματουργούσης
3593 1171 3620 1221 ὁ
3639 1172 3788 1238 Ζαχα-

2253 1259 2374 1328 ρίας
2417 1259 2868 1329 πολυπραγμονεῖ
2912 1261 3002 1314 τὸν
3052 1261 3275 1332 τρόπον,
3313 1261 3390 1330 μὴ
3438 1259 3710 1322 πιστεύσας
3730 1259 3788 1322 ὡς

2252 1351 2512 1422 Θαύματι,
2551 1353 2687 1406 ἀλλά
2739 1353 3037 1422 λογισμοὺς
3065 1353 3164 1423 τῆς
3191 1351 3288 1404 τοῦ
3311 1351 3445 1404 Θεοῦ
3480 1351 3788 1420 Οαυματουρ-

2250 1441 2375 1508 γίας
2424 1442 2723 1511 ἐπιζητῶν.
2761 1443 2874 1495 Καὶ
2905 1441 3000 1495 τοῦ
3041 1441 3294 1513 Γαϐριὴλ
3341 1442 3601 1503 εἰπόντος,
3632 1459 3648 1488 ι
3679 1441 3791 1493 Ἑλι·

2255 1531 2418 1584 σάὸετ
2445 1534 2478 1601 ἡ
2502 1533 2638 1602 γυνή
2665 1549 2780 1596 σου,
2813 1529 2900 1601 (ἦν
2929 1531 2987 1582 δὲ
3022 1532 3228 1600 στεῖρα)
3262 1527 3474 1593 τέξεταί
3509 1545 3587 1579 σοι
3619 1528 3718 1579 υἱόν
3737 1542 3748 1554 °
3772 1545 3787 1576 ι

2253 1622 2413 1686 αὑτὸς
2430 1622 2613 1693 ἐζήτει
2639 1623 2747 1676 τῶν
2777 1622 3083 1693 εἰρημένων
3112 1621 3407 1688 ἀπόδειξιν,
3431 1618 3613 1682 εἰπών,
3639 1619 3792 1674 «Κατά

2253 1715 2309 1767 τί
2359 1714 2642 1784 γνώσομαι
2683 1716 2766 1768 ὅτι
2817 1715 2973 1769 ἔσται
3033 1731 3122 1783 μοι
3164 1714 3360 1777 τοῦτο;
3389 1731 3407 1764 ι
3459 1712 3590 1766 ⁹Δλλ⁹
3640 1711 3793 1780 ἐπειδὴ

579 1811 663 1857 rat
709 1801 976 1854 rationem
1027 1798 1199 1868 petit,
1245 1797 1474 1852 dicens:
1514 1816 1531 1845 ‹
1571 1795 1638 1849 Et
1680 1793 1826 1847 unde
1864 1793 1969 1844 hoc
2018 1789 2156 1842 mihi

2260 1805 2427 1876 ᾔτησε
2477 1805 2572 1858 τοῦ
2622 1805 2898 1876 Θαύματος
2939 1806 3038 1877 τὴν
3079 1805 3377 1871 ἀπόδειξιν,
3417 1804 3789 1867 καταδικάζεται

579 1892 824 1943 futurum
865 1886 1034 1939 sciam
1086 1886 1222 1937 ³⁷2»
1273 1884 1380 1939 Sed
1427 1885 1555 1953 quia
1611 1881 2150 1936 demonstrationem

581 1977 829 2034 miraculi
867 1974 1170 2045 quarebat,
1197 1974 1420 2029 silentio
1455 1973 1856 2027 condemnatur
1884 1971 2154 2026 :dcmono

581 2073 903 2126 strationem
931 2084 1126 2123 eorum
1150 2082 1272 2136 qua
1303 2064 1655 2135 quasiverat,
1688 2063 1973 2118 silentium
2007 2061 2158 2116 acci-

583 2161 770 2232 piens;
801 2169 857 2215 et
882 2161 1066 2230 lingua
1091 2156 1397 2212 sacerdotis
1423 2154 1672 2225 punitur,
1699 2169 1820 2224 qua
1837 2151 2156 2208 subservie-

586 2261 670 2306 rat
693 2252 761 2306 ad
786 2251 1224 2305 incredulitatem
1261 2264 1274 2300 :
1314 2255 1376 2301 ut
1421 2246 1700 2301 Zacharia
1742 2245 2022 2300 silentium
2057 2257 2159 2297 nos

581 2357 774 2396 omnes
798 2341 1032 2396 doceret
1051 2339 1147 2393 Dei
1173 2337 1442 2393 miracula
1465 2351 1590 2389 cum
1609 2335 1831 2390 silentio
1847 2334 2156 2404 suscipere,

583 2435 947 2502 omnibusque
964 2429 1325 2502 persuaderet
1354 2429 1466 2482 Deo
1518 2427 1783 2482 miracula
1819 2425 2160 2497 perpetrant-i

581 2524 831 2588 credere,
866 2538 1042 2592 neque
1065 2537 1258 2576 eorum
1288 2536 1410 2588 qua
1438 2534 1582 2574 novo
1601 2518 1766 2575 modo
1791 2532 1958 2588 supra
1983 2516 2158 2570 ratio-

582 2631 706 2670 nem
737 2614 896 2677 tiunt,
922 2612 1165 2666 rationes
1191 2611 1505 2679 exquirere.

651 2704 840 2759 XXIV.
875 2704 1054 2772 Atque
1080 2703 1199 2756 hac
1227 2701 1451 2771 quidem
1501 2700 1677 2756 sancti
1732 2700 1924 2754 Patres
1968 2698 2164 2753 Nicaa

581 2795 894 2866 congregati
924 2794 991 2846 de
1016 2792 1310 2861 Unigenito
1343 2791 1557 2860 cognita
1589 2789 1924 2852 habuerunt,
1953 2797 2010 2842 et
2053 2788 2161 2842 Ec-

581 2886 780 2940 clesias
804 2883 1032 2938 credere
1067 2883 1395 2936 docuerunt.
1423 2881 1696 2936 (laterum
1715 2880 1784 2935 de
1811 2879 2022 2948 Spiritu
2041 2894 2166 2933 san-

583 2984 697 3038 cto,
721 2975 849 3044 quia
875 2974 1025 3026 nulla
1058 2983 1189 3026 tunc
1212 2973 1442 3041 quastio
1495 2982 1636 3037 erat,
1665 2973 1798 3027 satis
1855 2972 2166 3026 habuerunt

585 3064 927 3132 majestatem
957 3061 1202 3114 divinam
1235 3062 1500 3126 indicare,
1539 3061 1788 3116 dicentes
1812 3060 2003 3130 paucis
2036 3075 2164 3113 ver-

587 3153 790 3217 bis,se
833 3151 989 3221 juxta
1041 3150 1264 3204 Patrem
1324 3161 1381 3204 et
1430 3150 1653 3214 Filium,
1702 3149 1866 3203 etiam
1890 3149 1945 3202 in
1989 3143 2234 3218 Spiri-C

591 3254 706 3297 tum
725 3251 972 3296 sanctum
997 3241 1245 3296 credere.
1266 3239 1401 3294 Nam
1437 3241 1533 3310 qui
1576 3240 2080 3304 dieunt,nosetiam
2105 3240 2161 3294 in

583 3333 851 3408 Spiritum
908 3339 1158 3387 sanctum
1201 3329 1431 3385 credere
1477 3329 1940 3408 quemadmodum
1968 3331 2161 3386 credi-

582 3439 706 3480 mus
768 3424 824 3476 iu
888 3423 1107 3477 Patrem
1179 3430 1239 3475 et
1287 3421 1508 3486 Filium,
1587 3422 1855 3491 aqualem
1913 3420 2161 3491 dignita-

583 3524 693 3570 tem
726 3527 919 3568 eorum
953 3513 1008 3566 in
1041 3527 1183 3583 quos
1205 3512 1476 3577 creditur,
1500 3513 1816 3583 signiﬁcant
1846 3528 2007 3566 :nam
2027 3512 2163 3570 ﬁdes

583 3607 793 3662 honore
826 3614 881 3658 et
916 3603 1184 3673 dignitate
1211 3603 1459 3672 aqualis,
1488 3603 1707 3658 illorum
1735 3604 1789 3658 in
1816 3620 1955 3674 quos
1979 3603 2162 3658 credi-

587 3706 676 3755 tur
701 3696 962 3754 deitatem
1000 3694 1210 3747 honore
1244 3694 1513 3764 aqualem
1537 3694 1800 3748 ostendit.
1833 3694 1946 3748 Nec
2011 3694 2161 3748 enim

585 3787 876 3861 quisquam
903 3799 1000 3839 eos
1033 3783 1231 3838 docere
1258 3784 1557 3848 existimet,
1587 3801 1688 3840 nos
1723 3786 1780 3840 in
1806 3801 2029 3840 servum
2083 3785 2161 3840 si-

587 3878 699 3934 mul
721 3887 776 3932 et
806 3875 1120 3937 Dominum,
1147 3875 1235 3928 vel
1266 3875 1324 3929 in
1354 3874 1675 3930 Creatorem
1712 3875 1876 3930 simul
1899 3883 1956 3929 et
2002 3891 2161 3930 crea-

587 3979 786 4033 tutam,
818 3968 904 4022 vel
933 3967 989 4021 in
1016 3967 1280 4036 majorem
1305 3980 1368 4020 ac
1391 3966 1661 4021 minorem
1694 3967 1867 4020 Deum
1895 3965 2158 4019 credere:

584 4078 708 4118 nam
738 4061 942 4132 quibus
972 4075 1083 4115 non
1108 4059 1414 4128 intercedit
1449 4059 1697 4129 ejusdem
1746 4067 1958 4112 natura
2015 4073 2165 4112 com-

585 4153 796 4217 munio,
821 4152 889 4205 iis
915 4166 1044 4205 sane
1075 4165 1255 4219 neque
1281 4165 1390 4204 una
1430 4147 1736 4220 eademque
1768 4150 1905 4206 fides
1949 4151 2018 4206 ab
2059 4150 2161 4204 bo-

584 4243 824 4298 minibus
849 4241 1134 4312 competit.
1176 4241 1377 4295 Verum
1409 4241 1546 4295 illud
1571 4241 1754 4297 obiter
1779 4257 1928 4298 nunc
1952 4243 2161 4297 dictum

581 4338 655 4400 sit
699 4337 768 4391 de
814 4335 1022 4410 Spiritu
1067 4343 1281 4400 sancto,
1315 4334 1384 4388 de
1428 4335 1586 4405 cujus
1630 4335 1818 4394 divina
1877 4338 2162 4409 majestate

582 4428 800 4498 plenius
832 4427 888 4484 in
908 4426 1036 4484 aliis
1061 4425 1240 4480 tribus
1267 4425 1428 4480 libris
1451 4425 1854 4496 disputavimus
1881 4447 1895 4484 :
1923 4445 2064 4500 quos
2114 4428 2160 4485 si

584 4517 801 4587 legeris,
849 4516 1116 4587 Spiritum
1171 4524 1425 4573 sanetum
1460 4519 1578 4586 pari
1605 4519 1813 4575 honore
1839 4535 1965 4574 cum
2000 4520 2160 4574 Patre

579 4615 640 4662 et
661 4606 801 4660 Filio
838 4605 1308 4675 congloriticatum
1359 4621 1426 4661 ex
1465 4610 1636 4664 sacris
1683 4611 1908 4666 Litteris
1957 4610 2158 4664 disces.

582 4696 694 4751 Nos
719 4710 852 4749 vero
889 4695 992 4748 hoc
1016 4703 1267 4765 tempore
1301 4696 1423 4761 tibi,
1445 4698 1750 4757 amicorum
1778 4699 2159 4762 dilectissime,

584 4784 702 4838 hac
725 4782 995 4837 orationis
1018 4793 1223 4838 nostra
1249 4784 1396 4839 dona
1424 4787 1710 4842 oti‘erimus
1733 4805 1746 4852 ;
1786 4787 1881 4857 qui
1935 4789 2162 4857 quidem

580 4890 648 4928 ex
681 4873 758 4928 rei
796 4874 1090 4943 proposita
1115 4874 1382 4945 dignitate
1407 4879 1571 4932 verba
1618 4882 1795 4934 facere
1826 4896 1936 4934 non
1961 4897 2160 4951 possu-

581 4980 726 5027 mus,
757 4972 996 5021 attamen
1030 4965 1367 5021 sufﬁcienter
1389 4984 1484 5022 eos
1512 4970 1606 5038 qui
1627 4986 1773 5023 nunc
1795 4971 1942 5024 circa
1995 4972 2158 5027 ﬁdem

580 5065 784 5118 errant,
807 5071 916 5111 non
947 5056 1172 5128 quidem
1203 5073 1270 5112 ex
1307 5068 1498 5119 nostro
1553 5058 1724 5113 fundo
1757 5069 1923 5130 atque
1953 5077 2019 5116 ex
2055 5080 2158 5117 no-

581 5145 774 5200 bismet
798 5147 952 5218 ipsis,
989 5149 1086 5206 sed
1123 5151 1324 5217 partim
1350 5165 1414 5202 ex
1440 5165 1594 5203 sacra
1620 5151 1928 5222 Scriptura,
1955 5155 2156 5223 partim

577 5249 644 5290 ex
671 5237 814 5294 tidea
843 5239 1047 5294 sanctis
1070 5239 1324 5298 Patribus
1353 5239 1545 5295 Nicaea
1591 5245 1936 5312 congregatis
1989 5261 2159 5316 expo—

576 5324 678 5378 sita
712 5327 1094 5381 refutavimus.

645 5441 689 5466 ³⁸
719 5438 851 5491 Luc.
877 5456 914 5503 I,
948 5440 1035 5493 15.

1115 5441 1157 5471 ³⁷
1191 5442 1326 5497 ibid.
1373 5442 1463 5499 l8.

650 5534 724 5603 (8)
761 5533 864 5585 Καὶ
900 5534 1356 5605 παροργγζζειν-
1378 5536 1842 5605 εὐθυμούμενον.
1878 5535 2150 5595 Cotelerio

589 5595 1008 5682 _l.c.'corruptus
1049 5595 1266 5682 videtur
1297 5607 1388 5659 hic
1424 5595 2019 5682 locus-{corrigendum
2054 5625 2150 5663 au-

583 5678 840 5753 temﬂp'er
895 5675 1250 5753 mutationem
1312 5675 1590 5753 participii
1635 5675 2040 5753 abﬁupba'psvgv
2095 5682 2148 5732 in

589 5740 937 5808 l‘artit'ipium
968 5740 1348 5811 EOO'Jvéjtt-‘vo‘f;
1399 5745 1473 5796 ita
1506 5740 1563 5798 tit
1598 5740 1790 5799 sensus
1822 5740 1891 5801 Sii
1925 5767 1935 5800 :
1975 5749 2042 5802 Et
2082 5753 2150 5805 ad

2261 1901 2438 1968 σιωπῇ
2457 1916 2470 1929 ο
2499 1898 2776 1965 ἀπόδειξιν
2807 1897 2917 1951 τῶν
2942 1898 3296 1968 ζητουμένων
3319 1898 3421 1967 τὴν
3452 1895 3706 1966 τιμωρίαν
3731 1894 3794 1947 6:-

2260 1985 2508 2055 ξάμενος.
2542 1988 2652 2039 Καὶ
2687 1987 2977 2050 κολάζεται
3009 1986 3232 2055 γλῶσσα
3280 1985 3360 2056 τῷ
3388 1985 3524 2056 ἱερεῖ
3546 1985 3672 2055 πρὸς
3692 1987 3796 2036 ἁπι-

2260 2077 2414 2130 στίαν
2454 2078 2878 2148 ύπηρετήσασα·
2915 2079 3003 2132 ἵνα
3036 2081 3070 2150 ἡ
3115 2077 3302 2148 σιωπὴ
3331 2076 3428 2129 τοῦ
3462 2075 3710 2146 Ζαχαρίου
3739 2074 3798 2127 δι-

2258 2167 2392 2236 δάξῃ
2427 2166 2636 2230 πάντας
2662 2167 2831 2236 ἡμᾶς,
2865 2165 3005 2238 μετὰ
3032 2167 3246 2236 σιωπῆς
3264 2165 3336 2219 τά
3361 2165 3456 2218 τοῦ
3478 2163 3610 2217 Θεοῦ
3651 2163 3798 2231 παρά·

2259 2255 2389 2322 δοξα
2425 2255 2677 2325 δέχεσθαι
2697 2273 2711 2286 ·
2736 2255 2829 2308 καὶ
2863 2255 3026 2326 πείσῃ
3055 2255 3266 2318 πάντας
3291 2253 3565 2307 πιστεύειν
3588 2251 3796 2321 θαυματ-

2259 2346 2547 2418 ουργοῦντι
2593 2346 2745 2417 Θεῷ,
2795 2347 2888 2400 καὶ
2931 2345 3090 2414 λόγον
3144 2344 3222 2415 μὴ
3269 2344 3523 2399 ἀπαιτεῖν
3558 2343 3659 2396 τῶν
3689 2340 3800 2410 ὑπὲρ

2261 2441 2438 2493 πάντα
2471 2438 2625 2507 λόγον
2660 2438 3185 2509 καινουργουμένων.

2333 2700 2457 2755 ΚΔ’.
2488 2699 2673 2754 Ταῦτα
2725 2700 2823 2770 μὲν
2854 2695 2983 2769 περὶ
3027 2695 3122 2750 τοῦ
3167 2694 3512 2762 Μονογενοῦς
3550 2695 3595 2746 οἱ
3621 2691 3702 2743 ἐπὶ
3726 2690 3804 2758 τῆς

2264 2792 2499 2854 Νικαίας
2531 2790 2774 2860 Πατέρες
2806 2787 3161 2858 ξυναχθέντες
3195 2786 3446 2854 ἔγνωσάν
3500 2801 3557 2837 τε
3606 2781 3688 2836 καί
3727 2779 3804 2839 τὰς

2278 2882 2603 2952 Ἑκκλησίας
2654 2879 2932 2932 πιστεύειν
2980 2877 3248 2943 ἐδίδαξαν.
3290 2877 3429 2946 Περὶ
3463 2875 3518 2928 δὲ
3559 2873 3643 2924 τοῦ
3683 2871 3807 2937 ἁγίου

2266 2974 2584 3045 Πνεύματος
2617 2973 2720 3026 οῦκ
2768 2970 2934 3040 οὔσης
2985 2971 3105 3023 τότε
3159 2970 3467 3038 ζητήσεως,
3501 2966 3808 3037 ἠρκέσθησαν

2265 3065 2363 3133 τὴν
2414 3063 2599 3132 θεῖκὴν
2648 3062 2806 3128 ἀξίαν
2863 3061 3102 3131 μηνύσαι
3157 3059 3394 3130 βραχέσι
3437 3061 3548 3122 τοῖς
3587 3059 3808 3128 ῥήμασιν,

2266 3157 2548 3218 εἰπόντες·
2580 3154 2718 3225 μετά
2753 3153 2966 3224 Πατρδς
3005 3153 3100 3206 καὶ
3139 3151 3278 3204 Υἱοῦ
3329 3149 3605 3204 πιστεύειν
3647 3147 3727 3199 καὶ
3750 3146 3810 3203 εἰς

2264 3245 2326 3298 τὸ
2358 3245 2510 3313 ἆγιον
2542 3242 2787 3315 Πνεῦμα.
2824 3244 2885 3295 Οί
2911 3243 3020 3312 γὰρ
3050 3241 3327 3305 εἰπόντες,
3357 3243 3452 3294 καὶ
3500 3242 3577 3302 εἰς
3606 3237 3662 3290 τὸ
3687 3238 3811 3303 ἅγιον

2266 3337 2491 3407 Πνεῦμα
2521 3334 2800 3388 πιστεύειν
2824 3335 2997 3404 ἡμᾶς,
3033 3333 3108 3396 ὼς
3138 3333 3481 3404 πιστεύομεν
3524 3332 3600 3393 είς
3631 3325 3811 3395 Πατέρα

2264 3429 2359 3482 καὶ
2388 3427 2537 3492 Υἱὸν,
2571 3426 2695 3496 ῐσην
2723 3425 2833 3478 τῶν
2861 3425 3276 3494 πιστευομένων
3320 3424 3422 3494 τὴν
3460 3421 3614 3486 ἀξίαν
3650 3419 3813 3488 ὲμήνυ·

2267 3531 2384 3568 σαν.
2414 3516 2478 3569 Ἦ
2503 3515 2610 3585 γάρ
2638 3515 2902 3586 ὁμότιμος
2933 3516 3140 3577 πίστις,
3163 3514 3442 3585 ὁμότιμον
3470 3513 3578 3565 τῶν
3603 3523 3812 3564 πιστευοο

2268 3607 2444 3677 μένων
2471 3607 2570 3677 τὴν
2606 3606 2838 3675 Θεότητα
2873 3607 3133 3662 δείκνυσι.
3173 3607 3249 3658 υύ
3304 3607 3417 3676 γάρ
3449 3605 3515 3659 ἄν
3548 3620 3628 3664 τις
3652 3597 3814 3655 ὑπολά-

2264 3697 2349 3750 ϐοι
2382 3697 2656 3751 διδάσκειν
2692 3698 2888 3760 αὐτοὺς
2917 3696 3200 3750 πιστεύειν
3221 3698 3378 3766 ἡμᾶς
3412 3698 3491 3760 είς
3515 3694 3687 3748 δοῦλον
3707 3686 3812 3759 όμοῦ

2264 3790 2357 3843 καὶ
2389 3789 2688 3858 Δεσπότην,
2733 3789 2766 3858 ἦ
2811 3789 2890 3850 είς
2927 3787 3172 3858 κτίστην
3201 3788 3307 3840 καὶ
3337 3789 3420 3849 είς
3449 3787 3670 3855 κτίσμα,
3699 3782 3728 3851 ἢ
3755 3780 3814 3839 εις

2267 3881 2489 3952 μείζονα
2517 3881 2650 3932 Θεὸν
2679 3881 2774 3934 καὶ
2805 3879 2999 3950 μικρόν
3025 3895 3036 3909 ·
3073 3875 3154 3942 οἷς
3185 3877 3302 3948 γὰρ
3334 3881 3438 3932 οὐκ
3472 3878 3587 3930 ἐστι
3619 3875 3709 3943 τῆς
3734 3868 3810 3936 φύ-

2268 3991 2402 4036 σεως
2434 3972 2709 4034 κοινωνία,
2741 3970 2955 4033 τούτοις
2983 3971 3081 4022 οὐκ
3112 3969 3176 4022 ἂν
3212 3969 3370 4040 παρά
3415 3968 3526 4022 τῶν
3553 3964 3815 4036 ἀνθρώπων

2267 4065 2366 4135 μία
2399 4065 2580 4125 πίστις
2615 4062 2927 4132 ἁρμότειεν.
2973 4061 3133 4115 Ἀλλά
3159 4060 3340 4113 ταῦτα
3382 4061 3482 4130 μὲν
3526 4059 3600 4122 ὡς
3627 4059 3680 4108 ἐν
3703 4068 3813 4121 παρ’

2265 4154 2411 4224 έργῳ
2467 4153 2561 4205 νῦν
2591 4151 2834 4223 εἰρήσθω
2863 4150 2993 4221 περὶ
3033 4148 3128 4202 τοῦ
3172 4148 3501 4219 Πνεύματος
3541 4146 3633 4202 τοῦ
3666 4142 3812 4212 ἁγίου.

2263 4245 2540 4298 ὲντελέοτε
2549 4261 2642 4314 ρον
2671 4241 2829 4312 ἡμῶν
2861 4241 2987 4312 περὶ
3010 4241 3106 4311 τῆς
3131 4239 3321 4310 Θεῖκῆς
3344 4238 3662 4300 δεσποτείας
3685 4229 3814 4288 αὑτοῦ

2263 4334 2645 4406 διειλεγμόνων
2676 4335 2734 4388 ἐν
2761 4333 2942 4404 τρισὶν
2972 4331 3179 4402 ἑτέροις
3222 4329 3482 4400 βιϐλίοις,
3509 4323 3590 4392 οἷς
3618 4317 3814 4392 ἐντυχὼν

2268 4425 2718 4495 ξυνδοξαζόμενον
2767 4422 2941 4493 Πατρὶ
2982 4421 3078 4475 καὶ
3119 4420 3236 4490 Υίῷ
3265 4421 3329 4474 τὸ
3364 4419 3593 4490 Πνεῦμα
3614 4409 3671 4472 τὸ
3694 4414 3816 4480 ἅγιον

2194 4485 2239 4540 D
2269 4485 2572 4588 ἐτψέτῆέ
2617 4515 2769 4578 θείας
2819 4485 3117 4583 διδαχθησῃ
3164 4485 3419 4581 Γραφῆς.
3461 4485 3650 4581 ’Πμεῖς
3681 4489 3822 4558 δὲσοιέ

2267 4607 2364 4662 νῦν
2397 4605 2575 4661 ταῦτα
2607 4605 2758 4676 δῶρα
2790 4603 2901 4657 τῶν
2929 4603 3216 4673 ἡμετέρων
3247 4599 3632 4670 ἀνατιθέμεθσ.
3654 4596 3819 4662 λόγων,

2268 4694 2313 4752 ὦ
2337 4699 2465 4768 φίλη
2493 4697 2726 4766 κεφαλὴ,
2751 4697 2888 4767 πρὸς
2914 4695 3074 4759 ἀξίαν
3095 4695 3194 4764 μὲν
3216 4693 3319 4761 τῆς
3346 4693 3642 4759 διατάξεως
3677 4689 3824 4740 είπειν

2267 4788 2329 4840 οὐ
2364 4787 2668 4854 δυνάμενοι,
2699 4783 2880 4837 ἱκανὸν
2904 4783 2961 4835 δὲ
2989 4783 3079 4835 τὸν
3111 4782 3336 4853 ἔλεγχον
3372 4783 3486 4834 τῶν
3510 4780 3606 4836 νῦν
3635 4780 3821 4848 ἠπατη-

2271 4878 2446 4948 μένων
2478 4875 2786 4948 ὲκθέμενοι,
2829 4874 2931 4927 οὐκ
2983 4873 3194 4926 οἴκοθεν
3241 4875 3342 4925 καὶ
3375 4873 3439 4937 ἐξ
3495 4870 3692 4932 αὐτῶν,
3729 4862 3819 4920 ἀλλ’

2269 4967 2332 5019 ἐκ
2365 4985 2422 5019 τε
2468 4968 2565 5036 τῆς
2605 4966 2755 5029 θείας
2785 4966 3007 5036 Γραφῆς
3049 4965 3144 5018 καὶ
3185 4967 3249 5022 ἐκ
3285 4965 3392 5034 τῆς
3420 4963 3726 5029 ἐκτεθείσης
3756 4954 3822 5008 πί·

2269 5070 2437 5116 στεως
2492 5054 2597 5108 τῶν
2633 5055 2726 5109 ἐπὶ
2774 5055 2874 5129 τῆς
2929 5055 3161 5116 Νικαίας
3222 5054 3610 5124 ξυναχθέντων
3673 5047 3861 5118 ἁγίων-

2269 5145 2545 5215 Πατέρων.

2258 5544 2396 5594 iram
2434 5559 2716 5611 provocare
2747 5541 2954 5605 Deum,
2976 5562 3007 5596 α
3059 5545 3202 5598 nobis
3239 5544 3299 5596 in
3339 5547 3454 5598 suis
3488 5538 3742 5597 miraculis
3767 5531 3823 5611 qd

2259 5601 2516 5692 rationem
2551 5601 3064 5681 postulatumfseu,
3099 5633 3129 5668 a
3185 5629 3292 5683 quo
3345 5617 3400 5667 in
3445 5615 3553 5668 suis
3589 5601 3822 5666 miraculis

2261 5692 2434 5733 i’llHON
2442 5699 2518 5734 L’"!
2552 5699 2612 5734 επ·
2622 5699 2894 5751 poscamus
2903 5726 2912 5736 .
