4076 6434
314 314 447 372 1349

1773 312 2094 368 ΙΙΟΜΙΙᾸΑΞ.

3408 314 3548 369 1350

784 633 1528 778 THEODOTI
1614 633 2346 748 ANCYRANI
2440 603 3078 747 EPISCOPI

1628 868 2234 961 HOMILIIE.

909 1111 1154 1165 OMIAIA
1188 1111 1268 1165 A'.

309 1221 610 1293 Λεχβεῖσα
639 1220 708 1293 ἐν
737 1221 818 1293 ζῇ
869 1222 1060 1290 ἡμέρα
1090 1223 1203 1291 τῆς
1251 1221 1592 1293 γεννήσεως
1623 1222 1886 1293 τοῦίΣω-

381 1291 576 1363 τῆρος·Δ
637 1290 816 1363 ἡμῶν,
856 1293 1057 1363 Ἰησοῦ
1107 1290 1364 1363 Χριστοῦ
1389 1310 1405 1326 ο
1451 1292 1888 1363 utar-81760011

369 1361 453 1414 ,δὲ
481 1360 583 1413 καί
615 1359 766 1429 αὕτη
794 1362 864 1414 ἐν
895 1360 968 1430 τῇ
983 1359 1434 1430 αὐτῆσυνόδφ.

385 1473 466 1524 A'.
509 1471 752 1544 Λαμπρὰ
789 1472 885 1525 καλ⁵
933 1472 1236 1544 παράδοξος
1256 1477 1360 1546 τῆς
1387 1474 1674 1546 παρούσης
1693 1475 1888 1547 ἑορτῆς

302 1563 352 1631 εὴ
385 1559 680 1623 ὑπόθεσις·
738 1561 966 1633 λαμπρὰ
1033 1563 1153 1634 μὲν,
1204 1565 1288 1618 ὅτι
1335 1565 1520 1636 κοινὴν
1577 1565 1890 1636 ἀνθρώποις

307 1651 592 1722 σωτηρίαν
635 1651 919 1722 ἐπήγασε’
961 1654 1264 1724 παράδοξος
1280 1655 1359 1720 δὲ,
1398 1656 1482 1710 ὅτι
1523 1656 1618 1710 τὸν
1653 1656 1755 1726 τῆς
1785 1656 1888 1726 φύ-

319 1757 458 1804 σεως
481 1741 638 1810 λόγον
662 1742 902 1813 ἐνίκησε.
923 1744 1090 1808 Φύσις
1115 1745 1214 1816 μὲν
1234 1746 1345 1817 γάρ
1374 1745 1474 1818 τὴν
1504 1747 1767 1801 τεκοῦσαν
1791 1748 1891 1801 ούκ

302 1827 459 1884 οἶδεν
504 1833 690 1886 οὐκέτι
752 1833 1020 1904 παρθένον
1041 1849 1054 1864 ⁸
1102 1837 1136 1906 ή
1179 1836 1237 1890 δέ
1273 1838 1431 1908 χάρις
1457 1839 1553 1891 καὶ
1600 1838 1890 1894 τίκτουσαν

315 1921 509 1989 ἔδειξε,
535 1924 630 1976 καὶ
657 1924 928 1995 παρθένον
960 1926 1194 1994 ἐφύλαξε
1215 1945 1230 1960 ο
1261 1929 1356 1982 καὶ
1390 1931 1603 2000 μητέρα
1636 1930 1886 2000 ἐποίησε,

315 2016 414 2068 καὶ
457 2015 758 2086 παρθενίαν
811 2017 913 2071 οὐκ
961 2017 1184 2088 ἔϐλαψε.
1213 2019 1391 2091 Χάρις
1426 2020 1535 2092 γάρ
1563 2017 1633 2092 ἦν
1672 2039 1890 2092 σωφρο-

318 2103 488 2176 σύνην
515 2104 876 2174 φυλάττουσα.
901 2108 965 2161 Ὢ
990 2109 1093 2179 γῆς
1135 2110 1376 2181 ἀσπόρου
1419 2111 1626 2183 καρπὸν
1655 2111 1889 2183 βλαστη-

317 2195 493 2265 σάσης
521 2197 786 2267 σωτήριον
809 2215 822 2229 ·
863 2197 908 2249 ὣ
968 2186 1244 2270 Παρθένος
1288 2201 1450 2254 αὐτὸν
1483 2203 1756 2273 νικήσασα
1791 2203 1891 2271 τῆς

330 2288 493 2358 Ἐδὲμ
519 2288 612 2341 τὸν
641 2289 988 2358 παράδεισον.
1031 2289 1266 2353 Ἐκεῖνος
1312 2291 1411 2360 μὲν
1442 2291 1550 2364 γὰρ
1580 2292 1891 2363 μοσχευτῶν

303 2379 502 2446 φυτῶν
533 2378 692 2445 γένος
720 2379 1010 2441 ἀνέτειλεν,
1048 2381 1113 2432 ἐκ
1144 2380 1414 2449 παρθένου
1443 2382 1548 2451 γῆς
1573 2382 1888 2437 άνατειλάν-

312 2485 426 2521 των
455 2468 642 2536 φυτῶν
667 2485 682 2500 ·
710 2471 745 2539 ὴ
781 2469 837 2522 δὲ
862 2469 1136 2540 Παρθένος
1171 2470 1312 2541 αὕτη
1363 2474 1626 2542 κρείττων
1672 2473 1886 2543 ἐκείνης

314 2557 420 2626 τῆς
445 2557 568 2628 γῆς.
601 2557 678 2610 Οὐ
723 2557 834 2628 γὰρ
862 2556 1080 2628 ὀπώρας
1111 2559 1350 2612 ἀνέτειλε
1379 2559 1590 2631 δένδρα,
1621 2560 1758 2614 ἀλλὰ
1786 2563 1885 2632 τὴν

318 2647 515 2718 ῥάὸδον
552 2647 771 2714 Ἰεσσαὶ,
826 2649 1039 2719 καρπὸν
1095 2650 1366 2720 σωτήριον
1415 2655 1530 2713 τοῖς
1576 2651 1905 2723 ἀνθρώποις

315 2736 688 2807 παρέχουσαν.
721 2737 970 2808 Κάκείνη
997 2741 1030 2808 ἡ
1059 2738 1130 2809 γῆ
1162 2739 1438 2813 ῌαρθένος
1476 2736 1567 2811 ἦν,
1597 2742 1693 2795 καὶ
1739 2741 1881 2813 αῦτη

316 2827 607 2898 παρθένος.
653 2826 794 2880 Ἀλλ’
819 2830 936 2882 ἐκεῖ
963 2828 1065 2898 μὲν
1093 2811 1256 2898 quia;
1277 2829 1468 2900 δένδρα
1505 2831 1834 2902 προσέταξεν

315 2917 486 2982 Θεός·
519 2917 727 2990 ταύτης
759 2917 820 2972 δὲ
861 2919 961 2990 τῆς
994 2920 1270 2991 Παρθένου
1299 2922 1462 2983 αὐτὸς
1485 2923 1514 2975 6
1545 2923 1889 2994 Δημιουργδς

317 3009 462 3064 κατὰ
489 3009 667 3081 σάρκα
693 3010 884 3079 γέγονε
928 3010 1129 3082 βλάστη
1140 3029 1235 3081 μα.
1281 3012 1416 3066 Ούδέ
1443 3015 1627 3086 ἐκείνη
1661 3017 1892 3088 μόσχευ-

322 3118 402 3171 μα
449 3100 559 3172 πρὸ
610 3100 720 3155 τῶν
773 3101 1000 3173 δένδρων
1046 3103 1264 3168 ἐδέξατο
1289 3121 1302 3135 ’
1338 3105 1460 3158 οὐδὲ
1511 3104 1652 3179 αὕτη
1701 3112 1765 3162 ἐκ
1793 3109 1888 3164 τοῦ

316 3191 483 3244 τόκου
526 3191 625 3264 τὴν
679 3193 975 3264 παρθενίαν
1025 3195 1303 3266 ἠδίκησεν.
1367 3195 1428 3250 Ἦ
1483 3199 1752 3269 παρθένος
1794 3202 1888 3255 τοῦ

317 3283 650 3355 παραδείσου
678 3284 991 3356 ἐνδοξοτέρα
1031 3287 1361 3357 γεγένηται.,
1394 3287 1452 3342 Ὀ
1485 3288 1586 3358 μὲν
1619 3291 1728 3361 γὰρ
1753 3292 1888 3346 Θεοῦ

316 3375 590 3446 γεώργιον
617 3376 840 3446 γέγονεν
861 3393 874 3407 ·
903 3379 935 3446 ἡ
967 3376 1024 3429 δὲ
1070 3377 1211 3431 κατὰ
1257 3378 1356 3448 τὴν
1403 3379 1582 3450 σάρκα
1630 3381 1720 3434 τὸν
1758 3383 1890 3437 Θεὸν

317 3466 487 3520 αὐτὸν
524 3467 892 3538 ἐγεώργησεν,
921 3466 1176 3538 ἑλόμενον
1207 3468 1494 3540 ἀνθρώπου
1555 3472 1892 3542 συναφθῆναι

316 3561 392 3628 τῇ
420 3556 596 3626 φύσει.
628 3553 777 3622 Εῑδες
802 3559 919 3622 πῶς
944 3559 1132 3628 γέγονε
1157 3560 1462 3632 παράδοξον
1485 3561 1546 3615 τὸ
1575 3565 1891 3635 μυστήριον,

320 3649 722 3719 παρωσάμενον
748 3649 840 3706 τὸν
870 3649 972 3721 τῆς
1003 3649 1218 3719 φύσεως
1261 3652 1449 3721 λόγον;
1478 3649 1633 3718 Εἶδες
1659 3654 1721 3708 τὸ
1754 3655 1893 3728 ὑπὲρ

320 3740 488 3809 φύσιν
513 3741 765 3812 πρᾶγμα,
791 3739 928 3794 Θεοῦ
952 3741 1182 3812 δυνάμει
1214 3745 1507 3813 γενόμενον
1541 3743 1708 3816 μόνῃ;
1737 3742 1892 3810 Εἶδες

317 3831 418 3885 τὸν
468 3831 639 3900 Λόγον
686 3831 828 3902 ὑπὲρ
879 3832 972 3885 τὸν
1025 3832 1182 3901 λόγον
1235 3834 1592 3904 τικτόμενον;
1639 3836 1760 3888 ’Ότι
1788 3837 1897 3908 γάρ

328 3922 474 3977 ἐστιν
510 3923 538 3976 6
568 3921 784 3993 τεχθεὶς
819 3923 991 3992 Λόγος
1037 3923 1192 3988 Θεοῦ,
1221 3924 1378 3996 δῆλον
1409 3923 1471 3991 ἐξ
1495 3919 1571 3978 ὧν
1603 3926 1703 3997 τὴν
1759 3944 1901 3999 παρ-

322 4011 509 4066 θενίαν
551 4013 654 4067 οὐκ
705 4013 912 4070 ἔλυσεν.
949 4015 1014 4068 Ἦ
1060 4015 1322 4070 τίκτουσα
1359 4017 1538 4088 σάρκα
1579 4016 1763 4090 ψιλὴν,
1796 4019 1900 4089 τῆς

320 4103 624 4175 παρθενίας
645 4103 878 4158 παύεται
896 4121 912 4136 ·
927 4104 1042 4159 ἀλλ’
1061 4105 1248 4178 ἐπειδὴ
1269 4105 1463 4177 ἐτέχθη
1490 4107 1653 4179 σαρκὶ
1682 4107 1711 4158 6
1727 4106 1900 4175 Λόγος

321 4195 487 4259 Θεοῦ,
504 4195 760 4264 φυλάττει
784 4195 882 4266 τὴν
904 4195 1221 4268 παρθενίαν,
1253 4197 1447 4251 ἐαυτὸν
1475 4198 1646 4268 Λόγον
1663 4197 1895 4261 δεικνύς.

325 4286 498 4341 Ὅταν
519 4287 576 4341 δέ
599 4287 770 4356 Λόγον
801 4285 1064 4359 ἀκούσῃς,
1092 4285 1327 4358 ούσιώδη
1349 4303 1408 4340 τε
1425 4288 1519 4342 καὶ
1539 4287 1899 4342 ἐνυπόστατον

323 4378 470 4443 νόει,
495 4377 572 4448 μὴ
589 4377 778 4432 τοῦτον
810 4377 902 4431 τδν
941 4376 1030 4431 διὰ
1075 4377 1344 4447 στόματος
1371 4376 1790 4448 προλεγόμενον.

397 4469 474 4522 B'.
504 4469 760 4523 Τίκτεται
785 4463 880 4522 οὖν
905 4468 933 4520 6
963 4453 1259 4538 μονογενὴς
1289 4467 1414 4530 Υἱὸς
1446 4466 1540 4520 τοῦ
1564 4467 1721 4532 Θεοῦ,
1750 4469 1780 4520 6
1806 4467 1899 4520 καὶ

322 4560 498 4630 Λόγος
519 4559 872 4630 καλούμενος,
904 4560 1004 4614 οὐκ
1025 4557 1200 4631 ἀρχὴν
1224 4557 1318 4612 τοῦ
1342 4554 1483 4612 εἶναι
1503 4557 1674 4626 Λόγος
1711 4559 1776 4611 ἐκ
1803 4556 1897 4611 τοῦ

321 4651 488 4704 τόκου
525 4650 725 4714 λαὸὼν,
759 4650 897 4704 ἀλλὰ
947 4649 1040 4704 τοῦ
1096 4649 1352 4718 γενέσθαι
1385 4648 1670 4719 ἄνθρωπος
1725 4647 1900 4720 ἀρχὴν

322 4741 421 4792 τὸν
448 4739 604 4792 τόκον
643 4738 983 4809 ποιούμενος.
1018 4736 1127 4792 Ἦν
1156 4739 1254 4809 μὲν
1274 4739 1384 4810 γὰρ
1408 4738 1514 4808 πρὸ
1535 4737 1748 4791 αίώνων
1767 4739 1900 4801 Θεὸς

322 4830 500 4896 Λόγος
528 4828 606 4899 τῷ
643 4829 969 4900 Γεννήσαντι
1021 4831 1290 4894 συναῖδιος
1310 4845 1326 4860 ·
1359 4829 1546 4901 ἐπειδὴ
1594 4829 1652 4883 δέ
1689 4828 1900 4899 άνθρωσ-

322 4937 430 4983 πος
461 4919 712 4988 γενέσθαι
754 4920 820 4973 δι’
853 4919 1172 4992 ἀνθρώπους
1199 4921 1489 4992 ἠθέλησεν,
1519 4921 1582 4974 ού
1629 4921 1897 4991 μεταϐολῇ

324 5008 518 5079 θεῖκῆς
545 5008 781 5078 φύσεως,
813 5008 949 5062 ἀλλὰ
982 5009 1217 5080 θαύματι
1249 5011 1344 5065 καὶ
1385 5009 1605 5080 θελήσει
1629 5009 1791 5071 Θεοῦ,
1824 5011 1900 5073 ὡς

1912 1128 1959 1183 Α

1922 2450 1962 2504 Β

1922 3793 1970 3854 C

2583 1113 2867 1169 IIOMILIA
2902 1114 2942 1168 Ι.

1989 1228 2192 1284 Habita
2215 1232 2270 1285 in
2292 1231 2376 1285 die
2392 1215 2680 1284 nativitatis
2694 1229 2992 1284 Saluatoris
3007 1231 3170 1283 nostri
3187 1228 3310 1291 Iesu
3335 1227 3546 1292 Christi,

2201 1317 2317 1370 qua:
2339 1309 2388 1353 et
2416 1301 2532 1371 ipsa
2559 1300 2691 1353 lecta
2722 1311 2796 1353 est
2822 1303 2874 1353 in
2910 1301 3090 1353 eadem
3119 1301 3315 1369 synodo
3346 1299 3442 1370 (9).

2044 1471 2085 1527 Ι.
2104 1472 2263 1528 Clara
2275 1481 2330 1527 et
2356 1472 2695 1527 admirabilis
2707 1489 2914 1543 prmsen
2923 1476 2991 1530 tis
3012 1490 3175 1529 causa
3198 1474 3510 1530 festivitatis
3535 1492 3548 1528 :

1989 1565 2139 1619 clara
2169 1565 2416 1634 quidem,
2444 1567 2704 1632 quoniam
2733 1580 3082 1620 communem
3106 1565 3426 1621 hominibus
3453 1583 3553 1621 ceu

1989 1656 2114 1711 fons
2146 1656 2396 1726 profudit
2447 1656 2682 1711 salutem
2723 1672 2738 1709 :
2787 1657 3130 1712 admirabilis
3175 1665 3380 1721 autem,
3424 1658 3552 1727 quia

1991 1755 2206 1802 naturae
2233 1746 2675 1802 vicitrationem.
2715 1745 2922 1801 Natura
2963 1747 3110 1802 enim
3159 1755 3286 1818 post
3332 1757 3552 1818 partum

1991 1839 2170 1893 nescit
2189 1838 2422 1892 ulterius
2449 1838 2718 1908 virginem
2749 1854 2763 1890 :
2796 1838 2969 1908 gratia
2991 1852 3122 1892 vero
3169 1846 3226 1893 et
3269 1847 3552 1908 parentem

1991 1929 2250 1993 ostendit,
2276 1937 2332 1982 et
2353 1915 2626 1998 virginem
2650 1929 2888 1982 s’ervavit
2911 1945 2927 1993 ;
2952 1937 3017 1982 et
3041 1938 3267 1982 matrem
3310 1929 3461 1991 fecit,
3495 1939 3553 1983 et

1989 2021 2289 2091 virginitati
2317 2035 2427 2075 non
2460 2021 2670 2074 nocuit.
2695 2018 2879 2073 Gratia
2900 2020 3046 2073 enim
3077 2028 3196 2073 erat
3235 2021 3546 2074 castitatem

1993 2124 2239 2164 servans.
2261 2107 2306 2163 Ο
2341 2119 2540 2162 terram
2566 2123 2676 2162 non
2705 2116 2898 2172 satam,
2930 2123 3052 2177 quae
3082 2108 3320 2163 fructum
3353 2108 3553 2179 germL

1991 2202 2143 2256 navit
2181 2201 2508 2254 salutarem!
2581 2215 2616 2254 o
2661 2199 2974 2269 Virginem,
3019 2215 3140 2268 quae
3188 2199 3366 2269 ipsum
3417 2199 3553 2254 vicit

1992 2291 2314 2346 deliciarum
2363 2290 2718 2361 paradisum!
2752 2291 2847 2345 Ille
2901 2307 3135 2360 namque
3179 2292 3296 2346 sine
3345 2291 3554 2345 semine

1991 2397 2165 2451 genus
2193 2397 2355 2436 omne
2381 2380 2696 2451 propaginis
2711 2380 2964 2450 stirpium
2993 2381 3240 2450 protulit,
3255 2397 3324 2436 ex
3340 2381 3554 2451 virgine

1993 2481 2140 2527 terra
2163 2473 2370 2527 exortis
2391 2471 2592 2541 plantis
2627 2488 2641 2524 :
2675 2471 2793 2525 haec
2820 2479 3003 2525 autem
3033 2471 3198 2540 Virgo
3220 2472 3414 2526 melior
3467 2481 3554 2525 est

1993 2564 2086 2618 illa
2109 2573 2276 2619 terra.
2314 2562 2436 2617 Non
2484 2562 2632 2617 enim
2687 2561 2983 2632 pomiferas
3027 2561 3253 2631 protulit
3301 2562 3550 2624 arbores,

1993 2654 2087 2708 sed
2119 2653 2323 2723 virgam
2349 2653 2499 2708 Jesse
2536 2651 2776 2706 fructum
2829 2651 3175 2706 salutiferam
3232 2653 3552 2706 hominibus

1993 2743 2336 2798 aﬂerentem.
2372 2741 2440 2796 Et
2469 2741 2562 2795 illa
2593 2749 2740 2795 terra
2766 2741 2919 2812 virgo
2953 2751 3091 2806 erat,
3130 2751 3186 2797 et
3207 2743 3310 2797 ista
3353 2742 3506 2812 virgo
3539 2761 3552 2795 :

1994 2832 2092 2887 sed
2116 2832 2193 2886 ibi
2220 2830 2443 2900 quidem
2471 2829 2700 2884 arbores
2721 2829 2873 2884 nasci
2890 2830 3151 2898 praecepit
3187 2830 3366 2894 Deus;
3393 2829 3560 2898 hujus

1995 2934 2179 2980 autem
2207 2922 2448 2992 Virginis
2466 2929 2688 2976 creator
2717 2921 3019 2976 secundum
3045 2937 3264 2976 carnem
3287 2921 3560 2977 factusest

1995 3029 2241 3085 germen.
2284 3013 2475 3083 Neque
2520 3012 2616 3066 illa
2664 3020 2810 3067 terra
2849 3020 2978 3067 ante
3027 3011 3254 3068 arbores
3292 3013 3560 3083 plantaria

1997 3105 2284 3176 suscepit;
2311 3118 2488 3172 neque
2527 3102 2642 3157 haec
2675 3118 2744 3156 ex
2771 3111 2928 3172 partu
2973 3102 3341 3172 virginitatem
3398 3103 3557 3158 lmsit.

1996 3197 2161 3266 Virgo
2191 3194 2446 3264 paradiso
2469 3192 2760 3264 gloriosior
2783 3193 2921 3247 facta
2952 3201 3035 3247 est
3063 3211 3075 3246 :
3119 3194 3209 3248 ille
3255 3195 3404 3248 enim
3463 3195 3560 3250 Dei

1997 3289 2215 3343 cultura
2236 3285 2411 3340 factus
2442 3285 2705 3350 est;haec
2756 3293 2940 3338 autem
2980 3285 3279 3338 secundum
3340 3300 3558 3340 carnem

1998 3384 2168 3437 Deum
2193 3381 2372 3450 ipsum
2397 3378 2660 3443 excoluit,
2697 3377 2793 3431 ubi
2825 3377 3000 3454 voluit
3037 3377 3276 3431 hominis
3311 3379 3557 3447 copulari

1999 3481 2226 3528 naturae.
2253 3470 2451 3525 Vidisti
2487 3469 2764 3539 quomodo
2801 3470 3006 3523 factum
3023 3475 3108 3522 est
3125 3468 3446 3522 admirabile
3473 3484 3562 3522 sa-

2000 3570 2342 3616 cramentum
2375 3559 2776 3614 transeendens
2807 3568 3018 3613 natura:
3070 3557 3375 3612 rationem?
3423 3557 3559 3612 Rem

2002 3660 2197 3706 natura
2223 3650 2568 3720 superiorem
2596 3650 2782 3705 vidisti
2814 3649 2927 3704 sola
2966 3649 3062 3703 Dei
3103 3649 3306 3703 virtute
3333 3648 3564 3704 factam?

2001 3743 2197 3799 Vidisti
2248 3742 2512 3805 Verbum,
2542 3742 2707 3797 modo
2734 3741 3005 3795 rationem
3036 3740 3334 3795 excedente
3377 3740 3566 3794 nasci?

1998 3834 2133 3889 Nam
2159 3833 2252 3904 qui
2280 3840 2443 3887 natus
2461 3840 2564 3898 est,
2589 3847 2716 3888 eum
2733 3847 2853 3887 esse
2879 3831 3116 3885 Verbum
3142 3828 3237 3885 Dei
3255 3829 3432 3898 palam
3455 3835 3561 3891 est,

1997 3943 2066 3983 ex
2096 3941 2206 3997 quo
2228 3925 2594 3996 virginitatem
2613 3939 2723 3978 non
2755 3923 2937 3978 solvit.
2957 3921 3088 3987 Quae
3110 3920 3312 3974 nudam
3337 3935 3561 3974 carnem

1997 4015 2162 4086 parit,
2196 4013 2354 4084 virgo
2406 4028 2528 4069 esse
2555 4012 2760 4067 desinit
2814 4028 2828 4064 :
2881 4010 2976 4065 sed
3010 4010 3138 4079 quia
3178 4019 3342 4063 natus
3385 4015 3470 4063 est
3503 4008 3560 4063 in

1999 4122 2164 4162 carne
2188 4107 2428 4162 Verbum
2466 4106 2584 4169 Dei,
2615 4104 2984 4175 virginitatem
3008 4101 3267 4162 custodit,
3289 4115 3348 4154 se
3383 4100 3560 4170 ipsum

1997 4197 2235 4252 Verbum
2275 4195 2592 4251 ostendens.
2631 4192 2863 4258 Quando
2900 4200 3082 4246 autem
3117 4189 3353 4243 Verbum
3379 4188 3558 4252 audis,

1998 4284 2358 4340 substantiale
2404 4281 2644 4338 Verbum
2687 4287 2744 4335 et
2789 4279 3096 4334 subsistens
3156 4277 3419 4346 intellige,
3449 4292 3558 4331 non

1999 4375 2105 4429 hoc
2131 4373 2277 4443 quod
2310 4389 2410 4443 per
2428 4388 2490 4427 os
2511 4371 2831 4426 ell‘unditur.
3354 4413 3361 4421 .
3412 4421 3418 4428 ,

2070 4464 2136 4520 ll.
2170 4463 2426 4519 Nascitur
2443 4475 2575 4531 ergo
2595 4459 2910 4530 unigenitus
2939 4457 3112 4513 Filius
3131 4455 3248 4520 Dei,
3279 4455 3372 4524 qui
3395 4455 3562 4511 etiam

1997 4558 2238 4612 Verbum
2265 4563 2494 4610 vocatur
2521 4570 2536 4619 ;
2562 4569 2672 4607 non
2698 4550 3029 4621 principium
3053 4558 3115 4603 ut
3143 4548 3216 4603 sit
3234 4548 3473 4603 Verbum
3495 4564 3565 4603 ex

1998 4657 2159 4714 partu
2194 4643 2522 4714 percipiens,
2560 4646 2655 4696 sed
2710 4649 2771 4696 ut
2827 4639 2900 4695 sit
2930 4639 3094 4692 homo
3144 4636 3472 4706 principium
3508 4637 3565 4691 in

1999 4736 2120 4805 ipso
2146 4744 2304 4805 partu
2329 4733 2556 4790 habens.
2581 4731 2716 4786 Nam
2765 4739 2885 4788 erat
2937 4729 3162 4799 quidem
3201 4738 3326 4782 ante
3365 4728 3563 4782 sarcula

2001 4827 2146 4882 Deus
2168 4826 2405 4881 Verbum
2419 4822 2668 4877 Genito‘ri
2691 4829 3026 4875 coaeternum
3055 4837 3068 4874 :
3093 4817 3221 4888 quia
3245 4832 3374 4872 vero
3397 4816 3563 4869 homo

2000 4923 2226 4986 propter
2252 4913 2503 4970 homines
2530 4911 2643 4965 ﬁeri
2666 4911 2876 4976 voluit;
2909 4926 3019 4967 non
3042 4908 3342 4963 mutatione
3365 4905 3562 4959 divina:

2000 5015 2230 5067 natura,
2278 5003 2370 5059 sed
2401 5002 2674 5058 miraculo
2724 5017 2791 5056 ac
2823 5000 3103 5055 voluntate
3141 4996 3258 5058 Dei,
3305 5004 3562 5062 tanquam

323 5099 502 5170 ἀρχὴν
535 5099 628 5152 τοῦ
661 5098 914 5166 γενέσθαι
942 5100 1251 5171 ἄνθρωπος,
1270 5100 1363 5153 τὸν
1391 5109 1555 5153 τόκον
1579 5101 1893 5169 ἠσπάσατο·

2002 5099 2333 5170 principium
2367 5109 2427 5152 ut
2454 5097 2610 5152 ﬁeret
2657 5097 2843 5158 homo,
2879 5101 3092 5162 partum
3123 5089 3404 5157 amplexus
3431 5097 3515 5193 est
3543 5129 3558 5141 .

325 5190 417 5243 διὰ
449 5189 606 5242 τοῦτο
642 5189 737 5243 καὶ
771 5187 845 5251 ὠς
874 5187 1158 5259 ἄνθρωπος
1205 5190 1474 5254 τίκτεται,
1505 5189 1602 5243 καὶ
1645 5188 1721 5252 ὡς
1769 5189 1901 5252 Θεὸς

325 5283 499 5348 Λόγος
535 5279 827 5342 παρθενίαν
879 5280 1160 5348 ἐφύλαξεν.
1214 5282 1349 5338 Ούδὲ
1403 5280 1516 5351 γάρ
1557 5281 1587 5334 6
1631 5280 1901 5351 ἡμέτερος

2005 5203 2071 5243 ac
2094 5196 2381 5257 propterea
2413 5196 2475 5241 ut
2507 5187 2670 5245 homo
2698 5182 2966 5243 nascitur,
2995 5186 3126 5233 etut
3156 5176 3299 5232 Deus
3319 5175 3560 5231 Verbum

2003 5277 2372 5348 virginitatem
2396 5275 2651 5331 servavit.
2673 5273 2858 5341 Neque
2883 5269 3028 5325 enim
3051 5275 3305 5322 nostrum
3327 5267 3561 5324 verbum

323 5371 483 5440 λόγος
518 5371 831 5440 τικτόμενος
862 5369 1073 5438 φθείρει
1101 5369 1338 5423 διάνοιαν
1357 5386 1372 5400 ο
1395 5368 1520 5422 οὐδὲ
1549 5367 1721 5430 Λόγος
1759 5367 1893 5422 Θεοῦ

2001 5385 2126 5428 cum
2161 5369 2394 5439 paritur,
2432 5364 2738 5432 corrumpit
2760 5370 3028 5427 mentem;
3057 5374 3236 5425 neque
3260 5360 3406 5414 Deus
3433 5359 3566 5414 Ver-

401 5512 480 5584 (9)
538 5514 706 5569 Vetus
762 5518 1031 5579 Interpres
1067 5509 1246 5563 shunc
1304 5507 1529 5590 titulum
1585 5506 1894 5629 apiposuitl;

401 5584 574 5629 modo”
600 5583 822 5629 enimani
857 5583 1179 5629 Ancurorum
1222 5593 1391 5629 sermo
1424 5576 1594 5629 dictus
1663 5593 1710 5629 te
1749 5576 1894 5629 Natt-

328 5576 574 5637 111220110"
600 5583 822 5652 episcopi
855 5576 1184 5652 Ancyrorurn
1222 5593 1393 5652 sermo
1424 5576 1594 5652 dictus
1621 5576 1710 5652 die
1749 5576 1902 5630 Nati-

1993 5517 2103 5562 ctus
2140 5505 2416 5568 miraculo,
2451 5512 2499 5556 et
2540 5517 2643 5554 non
2677 5499 2964 5553 mutatione
2999 5495 3332 5568 substantiae;
3359 5500 3408 5546 et
3438 5491 3565 5560 quia

1994 5594 2129 5630 unus
2171 5585 2220 5629 et
2251 5565 2518 5630 idem'est.
2545 5581 2594 5625 et
2630 5569 2786 5628 illud,
2824 5577 2873 5621 et
2908 5566 3047 5620 istud
3077 5565 3244 5619 dictus
3267 5579 3286 5618 :
3317 5569 3366 5617 et
3397 5574 3568 5630 neque

332 5635 521 5709 uitatis
543 5635 836 5706 Siaivratoi-is
867 5635 1031 5702 τιοεῖνὶ
1064 5655 1110 5699 ει
1141 5645 1236 5699 Dei
1271 5644 1462 5700 Christi
1503 5646 1634 5698 Iesu
1663 5648 1718 5698 in
1744 5655 1900 5716 partu
1997 5647 2261 5716 opinione,
2299 5657 2463 5712 neque
2497 5639 2896 5712 cogitationibus
2929 5635 3254 5691 dividendus.

331 5724 596 5792 riryineo;
632 5731 680 5776 et
727 5721 848 5792 quia
877 5718 1011 5771 Deus
1046 5725 1121 5770 est
1153 5715 1244 5786 qui
1289 5725 1448 5769 natus
1483 5725 1554 5769 est
1595 5733 1605 5744 ·
1637 5716 1790 5769 Ιιοηιο
1821 5715 1904 5784 {a-
