4076 6424
547 355 680 414 ιετξει

1605 342 1951 396 TllEUllu'l'l
1994 343 2111 394 Εῐηε

2213 341 2295 393 »ιη
2339 339 2686 392 ANCYBANI
3658 340 3678 392 ‘l
3696 341 3798 394 331?.

543 473 674 525 bum
698 465 1055 524 substantialc
1071 475 1128 519 et
1153 461 1482 525 subsistens,
1507 469 1726 530 partum
1753 460 1961 530 eligens
2013 474 2108 527 pe—

2216 455 2477 525 ούσιὼδης
2527 472 2584 507 τε
2637 455 2728 508 καὶ
2771 454 3150 517 ἐνυπόοτατος,
3183 453 3272 507 τὸν
3309 454 3466 507 τόκον
3521 455 3796 524 ἑλόμενος,

542 557 692 610 rimit
716 555 1108 624 virginitatem.
1135 552 1289 608 Ultra
1313 551 1582 604 rationem
1610 565 1740 619 ergo
1780 558 1990 602 natura
2029 556 2114 603 est

539 645 684 714 quod
716 645 919 698 factum
963 655 1079 708 est;
1125 657 1247 707 nec,
1275 656 1481 710 quaeso,
1543 639 1612 694 ad
1638 647 1848 694 natura
1875 639 2116 692 rationes

539 735 864 790 descendas.
886 734 1207 790 Miraculnm
1237 732 1337 786 tibi
1365 731 1490 786 dico
1517 749 1528 783 :
1554 730 1666 784 noli
1694 743 1914 783 movere
1950 728 2116 782 ratio-

540 827 864 882 cinationes.
895 827 1068 880 Deum
1098 833 1292 879 natum
1315 823 1413 877 tibi
1446 821 1570 876 dico
1596 821 1690 891 qui
1743 819 1894 874 nasci
1923 819 2114 874 volue-

540 919 634 981 rit,
673 934 785 972 non
842 917 937 987 qui
969 914 1275 970 divinitatis
1333 913 1554 968 initium
1616 909 1915 981 acceperit.
1971 910 2115 963 Deus

541 1025 665 1062 cum
696 1017 863 1073 esset,
901 1007 1185 1078 preprium
1229 1005 1333 1060 sibi
1365 1013 1584 1075 partum
1619 1003 1770 1066 fecit,
1841 1015 1953 1055 non
1987 1013 2115 1053 eum

539 1106 734 1168 partus
762 1097 894 1152 fecit
925 1098 1118 1151 Deum.
1144 1095 1299 1162 Quod
1324 1109 1436 1149 non
1451 1102 1590 1159 erat,
1623 1107 1749 1148 cum
1777 1091 1897 1147 ﬁeri
1921 1091 2112 1155 vellet,

539 1191 708 1245 etiam
745 1189 892 1258 quod
915 1196 1033 1242 erat
1059 1187 1277 1241 mansit.
1319 1185 1485 1255 Eligit
1545 1192 1785 1252 partum,
1853 1191 2113 1252 tanquam

541 1279 979 1349 dispensationis
1018 1278 1258 1331 initium.
1300 1277 1501 1330 Factus
1515 1282 1598 1328 est
1629 1275 1816 1337 homo,
1850 1288 1960 1327 non
1992 1287 2115 1324 mu-

541 1381 654 1426 tata
693 1379 910 1434 natura,
946 1386 1055 1424 non
1082 1370 1246 1423 motis
1267 1367 1519 1422 terminis
1545 1366 1743 1420 divinae
1771 1362 2112 1419 substantia.

548 1483 567 1516 ι
609 1464 694 1518 Tu
727 1465 874 1519 enim
912 1463 1056 1517 idem
1094 1463 1209 1532 ipsc
1242 1477 1322 1526 es,
1387 1468 1444 1516 et
1503 1460 1632 1514 anni
1672 1459 1751 1514 tui
1806 1474 1914 1514 non
1976 1455 2114 1511 deﬁ-

536 1555 713 1620 cient,
757 1575 774 1607 ι
816 1556 993 1625 inquit
1021 1555 1206 1609 divina
1240 1554 1527 1624 Scriptura
1556 1551 1653 1606 «³⁸.
1688 1552 1756 1606 Et
1795 1569 1807 1604 ε
1851 1570 1868 1602 ι
1911 1550 1992 1604 Tu
2019 1550 2115 1619 qui

541 1648 704 1702 sedes
727 1649 782 1702 in
806 1649 1064 1703 saeulum
1094 1648 1173 1713 ὐς
1218 1667 1234 1698 ι
1310 1663 1408 1715 per
1440 1646 1546 1700 hoc
1591 1643 1886 1699 ostendens
1920 1642 2118 1696 divinae

544 1739 867 1794 substantia
891 1737 1412 1793 inmutabilitatem.
1445 1737 1514 1791 Et
1539 1751 1730 1789 rursus
1747 1733 2110 1803 inquitDeus:

550 1845 567 1876 ι
608 1826 760 1880 Idem
790 1827 908 1895 ipse
963 1841 1108 1890 sum,
1155 1834 1213 1880 et
1271 1841 1382 1880 non
1416 1833 1600 1878 mutor
1634 1825 1700 1877 ⁸⁸³.
1746 1843 1764 1874 ι
1807 1824 1925 1878 Non
1986 1837 2118 1894 ergo

541 1924 750 1970 mutata
775 1917 1085 1971 substantia
1115 1915 1212 1970 Dei
1241 1915 1416 1970 factus
1447 1924 1532 1970 est
1567 1908 1751 1979 homo,
1785 1929 1966 1983 neque
1982 1927 2116 1967 eon-

540 2024 699 2064 versa
732 2008 788 2062 in
815 2007 1178 2063 substantiam
1214 2007 1400 2062 aliam.
1432 2007 1571 2060 Nam
1595 2006 1843 2076 profecto
1872 2005 2116 2062 miracu—

539 2098 656 2152 lum
687 2113 798 2152 non
832 2106 979 2153 esset
1011 2097 1158 2166 quod
1194 2096 1399 2151 factum
1429 2104 1535 2161 est,
1599 2096 1645 2151 si
1681 2103 1894 2150 natura
1932 2103 2114 2148 muta-

545 2189 694 2243 tione
719 2189 883 2243 aliam
909 2196 1162 2243 naturam
1193 2187 1556 2256 suscepisset;
1593 2186 1779 2241 multa
1804 2185 1953 2241 enim
1969 2184 2114 2254 apud

540 2295 645 2334 nos
680 2279 819 2342 ﬁunt
845 2279 1159 2351 hujusmodi
1185 2294 1374 2334 rerum
1398 2277 1734 2333 mutationes
1759 2295 1772 2329 :
1797 2276 1892 2331 sed
1920 2275 1976 2329 in
2011 2275 2115 2330 hoc

540 2372 867 2426 miraculum
933 2371 1065 2426 fecit
1107 2371 1272 2435 Deus,
1321 2370 1450 2440 quia
1483 2385 1713 2426 manens
1767 2367 1918 2437 quod
1973 2375 2111 2430 erat,

538 2462 717 2518 factus
741 2470 826 2518 est
849 2463 994 2531 quod
1054 2478 1165 2518 non
1195 2471 1334 2516 erat.
1372 2461 1530 2528 Quod
1594 2461 1776 2530 ipsum
1800 2459 2116 2529 signiﬁcans

539 2569 779 2624 magnus
835 2554 1128 2624 Apostolus
1167 2553 1387 2608 dicebat
1423 2569 1436 2604 :
1471 2570 1491 2603 ι
1542 2550 1648 2618 Qui
1678 2566 1802 2606 cum
1847 2551 1906 2605 in
1939 2550 2115 2604 forma

536 2645 635 2699 Dei
656 2654 822 2700 esset.
869 2665 886 2696 ι
925 2645 1064 2700 Cum
1116 2653 1285 2710 esset,
1328 2646 1530 2714 inquit,
1602 2661 1713 2698 non
1768 2643 1864 2713 qui
1921 2644 2116 2698 fuisset

536 2734 854 2804 aliquando,
892 2745 952 2790 ut
981 2745 1192 2791 naturae
1238 2736 1552 2790 ﬁrmitatem
1585 2735 1925 2790 ostenderet.
1958 2754 1977 2786 ι
2007 2735 2114 2802 Qui

536 2837 664 2879 cum
698 2825 754 2878 in
787 2825 960 2879 fonna
997 2827 1094 2879 Dei
1143 2836 1310 2889 esset,
1356 2841 1469 2880 non
1520 2826 1767 2895 rapinam
1813 2826 2114 2882 arbitratus

536 2923 624 2968 est
669 2929 791 2969 esse
837 2930 897 2969 se
937 2917 1202 2984 aqualem
1227 2917 1339 2970 Deo
1367 2917 1432 2970 “.
1473 2935 1490 2968 ι
1529 2917 1665 2972 Esse
1693 2916 1828 2971 dicit
1849 2918 2114 2987 aqualem

535 3005 672 3070 Deo,
703 3021 812 3060 non
840 3006 1010 3060 fuisse
1047 3007 1359 3077 aliquando.
1401 3008 1610 3062 Deinde
1655 3023 1850 3062 rursus
1892 3009 2110 3074 clamat,

535 3095 729 3150 dicens
760 3111 774 3148 :
812 3113 829 3146 ι
859 3095 965 3150 Sed
989 3097 1344 3166 semetipsum
1370 3096 1695 3162 exinanivit,
1719 3097 1950 3151 formam
1965 3098 2110 3152 servi
2138 3129 2184 3190 ο

534 3187 814 3257 accipiens
867 3187 932 3242 ".
974 3207 992 3237 ι
1048 3188 1214 3242 Vides
1261 3187 1390 3256 quia
1414 3196 1470 3242 et
1495 3197 1682 3244 manet
1709 3187 1857 3258 quod
1887 3197 2026 3254 erat,
2057 3199 2112 3243 et

533 3293 594 3332 se
633 3278 814 3347 ipsum
855 3278 912 3332 in
944 3278 1087 3334 servi
1119 3278 1294 3333 forma
1334 3279 1632 3335 exinanivit
1653 3280 1676 3334 ?
1699 3280 1768 3334 Et
1799 3280 1934 3336 illud
1971 3281 2114 3336 exsi-

531 3378 705 3436 stens,
754 3380 813 3425 et
849 3371 956 3426 hoc
987 3369 1184 3437 factus,
1208 3371 1531 3427 miraculum
1559 3372 1788 3439 faciens,
1810 3389 1922 3429 non
1946 3382 2110 3429 natu-

531 3477 649 3516 ram
677 3471 935 3528 mutans;
966 3463 1178 3527 volens,
1226 3477 1341 3517 non
1387 3471 1613 3518 coactus
1651 3465 1957 3519 mutatione
1983 3464 2114 3519 sub-

530 3553 766 3609 stantia.
791 3552 949 3619 Quod
981 3552 1128 3607 enim
1153 3553 1288 3607 dicit
1316 3554 1482 3619 Deus,
1511 3555 1662 3620 facit,
1687 3554 1818 3610 licet
1839 3557 1982 3609 ultra
2019 3571 2109 3610 ra-

528 3645 739 3699 tionem
777 3655 991 3698 natura
1043 3645 1115 3698 sit
1155 3644 1302 3714 quod
1355 3645 1602 3700 dicitur:
1651 3647 1814 3702 habet
1865 3647 2012 3703 enim
2055 3655 2113 3702 et

528 3736 794 3790 virtutem
841 3735 1165 3790 miraculum
1204 3735 1386 3791 facere
1419 3737 1711 3804 valentem,
1745 3748 1804 3793 et
1852 3755 1960 3794 non
2019 3754 2114 3794 ex-

530 3832 869 3895 spectantem
893 3835 1103 3881 natura
1132 3827 1395 3881 rationes.
1419 3827 1714 3897 Propterea
1747 3838 1805 3883 et
1829 3838 1912 3884 est
1942 3830 2106 3893 Deus,

526 3925 589 3971 et
615 3916 933 3971 exinanitur
979 3916 1037 3970 in
1084 3918 1226 3972 servi
1257 3916 1432 3972 forma
1463 3935 1477 3972 :
1511 3927 1568 3972 et
1597 3919 1822 3988 aqualis
1855 3929 1940 3974 est
1973 3920 2107 3983 Deo,

529 4016 586 4062 et
614 4002 782 4062 homo
802 4008 865 4063 ﬁt
891 4026 904 4062 :
946 4017 1002 4064 et
1021 4016 1106 4064 est
1129 4019 1257 4064 ante
1286 4010 1505 4075 saecula,
1526 4018 1582 4064 et
1603 4020 1822 4079 partum
1851 4011 2108 4076 sustinet,

526 4108 586 4153 et
622 4113 686 4152 ea
710 4099 972 4153 miracula
1007 4099 1159 4164 facit,
1197 4116 1321 4170 qua
1356 4101 1498 4154 ratio
1527 4109 1739 4155 natura
1768 4101 1966 4155 nescit.

596 4189 686 4244 Ill.
712 4189 851 4244 Hinc
876 4199 932 4244 et
959 4190 1256 4260 gentilibus
1285 4190 1520 4246 stultitia
1565 4200 1856 4260 reputatur
1897 4191 2106 4246 Christi

525 4291 953 4344 sacramentum,
997 4289 1055 4334 et
1081 4281 1255 4337 Judaei
1281 4280 1601 4336 scandalum
1629 4281 1822 4336 dicunt
1847 4282 2105 4337 incarna-

526 4371 694 4426 tionis
723 4372 1068 4437 doctrinam;
1097 4371 1243 4440 quod
1272 4379 1330 4425 et
1353 4371 1558 4427 Paulus
1607 4373 1968 4443 signiﬁcabat,
2015 4372 2103 4426 di-

2219 548 2518 619 παρθενίαν
2571 547 2894 622 διέφθειρεν.
2939 547 3109 616 ’Υπὲρ
3142 547 3298 615 λόγον
3325 543 3419 600 οὖν
3456 547 3552 616 τῆς
3585 547 3800 616 ιρύσεώς

2217 641 2334 694 ἐστι
2361 641 2421 694 τὸ
2453 625 2925 711 γενόμενονδίςαὶ
2966 641 3165 710 μηκέτι
3200 640 3496 694 κατάϐαινε
3545 640 3676 710 πρὸς
3709 640 3799 692 λό-

2217 748 2348 798 γους
2380 731 2480 801 τῆς
2529 730 2762 799 φύσεως.
2794 729 2992 800 Θαῦμὰ
3045 747 3124 783 σοι
3168 729 3350 797 λέγω·
3386 730 3462 801 μὴ
3495 730 3635 783 κίνει
3670 731 3799 790 τοὺς

2218 822 2533 894 λογισμούς.
2571 824 2704 877 Θεὸν
2735 821 2998 892 τεχθέντα
3027 839 3108 886 σοι
3141 821 3304 890 λέγω,
3333 821 3585 892 ἑλόμενον
3612 822 3796 882 τόκον,

2218 916 2318 968 οὐκ
2371 915 2677 989 ἀρξάμενον
2716 914 2816 984 τῆς
2860 913 3135 984 θεότητος.
3165 915 3261 966 Ὧν
3305 913 3436 976 Θεὸς
3483 913 3802 984 ᾠκειώσατο

2217 1006 2398 1070 τόκον,
2423 1005 2521 1075 οὐχ
2550 1007 2578 1059 6
2615 1005 2774 1068 τόκος
2801 1005 2962 1058 αὐτὸν
3003 1003 3375 1058 κατεσκεύασε
3404 1003 3554 1057 Θεόν.
3597 1006 3664 1056 Ὀ
3697 1006 3800 1057 οὐκ

2216 1092 2304 1167 ἦν,
2339 1095 2594 1164 γενέσθαι
2626 1095 2970 1166 βουλόμενος,
2998 1095 3092 1149 καὶ
3117 1093 3146 1146 δ
3171 1089 3240 1166 ἦν
3275 1093 3490 1164 ἔμεινεν
3515 1111 3528 1123 ·
3553 1095 3800 1162 αἱρεῖται

2217 1189 2307 1243 τὸν
2344 1189 2522 1253 τόκον,
2550 1189 2626 1252 ὡς
2643 1189 2738 1258 τὴν
2763 1187 3073 1256 οἰκονομίας
3105 1187 3300 1257 ἀρχήν.
3336 1186 3561 1253 Γέγονεν
3584 1184 3802 1255 ἄνθρω-

2219 1298 2338 1346 πος,
2371 1281 2430 1334 ού
2463 1281 2819 1352 μεταϐληθεὶς
2840 1281 2952 1350 (40)
2984 1281 3084 1350 τῆς
3101 1280 3335 1349 φύσεως,
3363 1280 3424 1331 ού
3467 1279 3799 1349 κινηθέντων

2217 1372 2325 1426 τῶν
2361 1373 2504 1442 ὅρων
2553 1372 2740 1443 θεῖκῆς
2779 1373 2989 1434 οὐσίας.
3031 1388 3050 1422 ι
3083 1373 3156 1425 Σὺ
3194 1372 3302 1441 γὰρ
3339 1373 3368 1423 6
3400 1371 3560 1432 αὐτὸς
3602 1366 3674 1430 εἴ,
3704 1371 3796 1423 καὶ

2215 1464 2286 1515 τὰ
2311 1463 2406 1533 ἐτη
2436 1480 2527 1516 σου
2571 1463 2672 1516 οὐκ
2717 1463 3075 1532 ἐκλείψουσιν,
3105 1481 3123 1514 ι
3162 1464 3195 1532 ἠ
3230 1461 3349 1514 θεία
3392 1462 3432 1513 Γ
3437 1462 3582 1531 ραφή
3637 1477 3795 1530 φησι.

2219 1554 2351 1616 Καὶ,
2387 1571 2407 1604 ι
2448 1553 2520 1606 Σὺ
2549 1553 2861 1624 καθήμενος
2892 1554 2970 1614 εἰς
2996 1552 3088 1605 τὸν
3117 1551 3291 1605 αἰῶνα
3310 1568 3324 1582 ·
3347 1571 3364 1602 ι
3403 1551 3579 1620 τούτῳ
3605 1550 3800 1620 δηλοῦ-

2222 1661 2290 1698 σα
2317 1645 2419 1714 τῆς
2453 1644 2638 1714 θεῖκῆς
2671 1643 2856 1705 οὐσίας
2889 1643 2950 1695 τὸ
2987 1641 3379 1712 ἀμετάϐλητον.
3435 1642 3544 1694 Καὶ
3578 1641 3742 1694 πάλιν
3766 1643 3796 1694 6

2219 1736 2353 1799 Θεός
2387 1751 2582 1804 φησιν·
2620 1753 2637 1784 ι
2681 1735 2742 1787 '0
2772 1734 2934 1798 αὐτός
2981 1735 3117 1804 εἰμι,
3151 1734 3246 1786 καὶ
3272 1734 3372 1785 οὐκ
3419 1732 3739 1802 moth..
3771 1753 3790 1783 ι

2219 1825 2293 1878 Οὐ
2326 1824 2638 1894 κινηθείσης
2670 1820 2764 1878 οὖν
2795 1825 2895 1894 τῆς
2925 1823 3020 1877 τοῦ
3049 1822 3186 1878 Θεοῦ
3219 1824 3408 1886 οὐσίας
3433 1824 3660 1892 γέγονεν
3696 1824 3795 1877 ἇν-

2219 1919 2455 1987 θρωπος,
2495 1919 2615 1972 οὐδὲ
2651 1919 3082 1990 μεταϐληθείσης
3137 1920 3218 1981 είς
3267 1919 3427 1987 φύσιν
3473 1919 3689 1987 ἑτέραν.
3714 1912 3792 1970 Ἦ

2217 2011 2326 2078 γὰρ
2360 2009 2426 2062 ἂν
2477 2011 2576 2062 οὐκ
2619 2006 2688 2081 ἦν
2726 2010 2912 2080 θαῦμα
2960 2011 3023 2064 τὸ
3076 2011 3464 2080 γεγενημένον,
3494 2014 3542 2064 εί
3576 2010 3797 2079 φύσεως

2221 2097 2492 2168 μεταϐολῇ
2533 2098 2692 2166 φύσιν
2745 2101 2940 2170 ἑτέραν
2987 2100 3232 2164 ἐδέξαθ’
3276 2101 3468 2153 πολλαὶ
3509 2101 3616 2170 γὰρ
3661 2102 3797 2170 ἡμῖν

2216 2186 2458 2256 γίνονται
2526 2191 2867 2260 πραγμάτων
2906 2190 3153 2244 τοιαῦται
3204 2191 3497 2262 μεταϐολαί
3521 2208 3533 2221 ·
3574 2191 3693 2243 ἀλλ’
3737 2194 3795 2242 ὲν

2216 2276 2391 2348 τούτῳ
2445 2277 2853 2350 θαυματουργεῖ
2883 2281 2912 2332 6
2949 2279 3103 2342 Θεὸς.
3138 2281 3217 2332 ὅτι
3253 2281 3432 2349 μένων
3459 2281 3485 2332 δ
3515 2275 3602 2350 ἦν,
3629 2280 3796 2346 γὲγο⁴

2217 2385 2304 2422 νεν
2328 2369 2357 2421 6
2384 2369 2486 2423 οὐκ
2515 2365 2603 2440 ἦν.
2635 2373 2699 2423 ’ὐ
2728 2371 2790 2440 δὴ
2818 2371 2912 2424 καὶ
2947 2372 3232 2442 σημαίνων
3263 2374 3289 2424 6
3323 2373 3496 2442 μέγας
3535 2373 3800 2425 Ἀπόστο-

2214 2457 2305 2523 λος
2333 2459 2552 2528 ἔλεγεν·
2601 2478 2620 2510 ι
2649 2462 2743 2523 Ὃς
2769 2463 2829 2514 ἂν
2865 2465 3046 2533 μορφῇ
3079 2462 3212 2515 Θεοῦ
3247 2462 3537 2532 ὑπάρχωνο
3560 2481 3578 2512 ι
3611 2463 3798 2531 ὑπάρ-

2216 2569 2328 2622 χων
2355 2552 2523 2619 λέγει,
2551 2552 2650 2624 οὐχ
2679 2553 2926 2624 ὑπάρξας
2958 2554 3111 2616 ποτὶ,
3153 2556 3238 2607 ἵνα
3267 2555 3416 2624 δείξῃ
3443 2555 3540 2623 τῆς
3573 2553 3798 2622 φύσεως

2213 2648 2276 2698 τὸ
2315 2645 2568 2717 μόνιμον.
2630 2663 2652 2696 ι
2680 2646 2777 2708 Ὃς
2830 2648 2888 2698 ὲν
2942 2648 3122 2718 μορφῇ
3169 2645 3305 2698 Θεοῦ
3368 2646 3649 2714 ὑπάρχων,
3696 2643 3802 2714 οὐχ

2214 2737 2508 2808 ἁρπαγμὸν
2537 2738 2781 2808 ἡγήσατο
2825 2737 2887 2790 τὸ
2929 2731 3068 2790 εῖναι
3115 2737 3204 2790 ῐσα
3231 2736 3371 2807 Θεῷ.
3400 2756 3418 2788 ι
3459 2733 3609 2789 Εἶναι
3643 2735 3801 2804 λέγει

2224 2831 2320 2883 τσα
2343 2829 2484 2900 Θεῷ,
2517 2830 2579 2882 ού
2615 2828 2944 2897 γενήσεσθαί
2978 2845 3129 2883 ποτε.
3189 2824 3322 2881 Εἶτα
3376 2827 3536 2882 πάλιν
3577 2827 3681 2899 βοᾷ
3707 2827 3803 2879 λέ-

2214 2936 2356 2988 γων·
2403 2939 2426 2971 ι
2455 2919 2593 2972 Ἀλλ’
2633 2919 2824 2973 ἑαυτὸν
2874 2919 3128 2980 ῒκένωοε.
3182 2921 3396 2990 μορφὴν
3447 2919 3634 2972 δούλου
3694 2918 3800 2972 λα-

2215 3009 2345 3062 ϐὼν.
2372 3028 2392 3062 ι
2439 3011 2626 3080 Ὁρᾷς,
2659 3009 2777 3072 πῶς
2823 3009 2915 3062 καὶ
2946 3009 3098 3079 μένει
3133 3007 3161 3062 δ
3193 3005 3283 3080 ἦν,
3321 3010 3415 3063 καὶ
3444 3008 3638 3062 ἑαυτὸν
3664 3009 3800 3061 ἐκέ-

2215 3115 2387 3152 νωσεν
2413 3101 2495 3163 εἰς
2519 3099 2618 3170 τὴν
2651 3097 2746 3152 τοῦ
2793 3099 2982 3152 δούλου
3014 3101 3266 3171 μορφήν;
3294 3101 3532 3153 Κάκετνο
3567 3098 3664 3164 ὢν,
3697 3101 3802 3154 καὶ

2215 3189 2373 3244 τοῦτο
2419 3191 2734 3261 γενόμενος,
2787 3190 3307 3262 θαυματουργήσας,
3335 3191 3398 3243 ού
3430 3189 3589 3259 φύσιν
3620 3207 3801 3259 μετα-

2215 3278 2428 3333 ϐαλών·
2475 3279 2764 3348 θελήσας,-
2797 3279 2899 3331 οὐκ
2955 3277 3321 3347 ἀναγκασθεὶς
3367 3275 3636 3348 μεταϐολῇ
3693 3275 3803 3344 τῆς

2211 3371 2420 3434 οὐσίας.
2458 3373 2526 3424 Ὃ
2557 3370 2664 3441 γὰρ
2697 3370 2846 3439 λέγει
2876 3370 3027 3434 Θεὸς,
3061 3372 3225 3434 ποιεῖ,
3267 3368 3372 3422 κᾶν
3425 3368 3565 3440 ὑπὲρ
3587 3367 3685 3440 κτὸν
3709 3366 3803 3419 λό-

2215 3481 2312 3532 γον
2337 3464 2436 3535 τῆς
2463 3461 2674 3531 φύσεως
2770 3460 2832 3514 τὸ
2859 3461 3169 3532 λεγόμενον.
3193 3459 3346 3530 Ἔχει
3373 3459 3482 3530 γὰρ
3511 3459 3608 3512 καὶ
3632 3457 3803 3510 δύναν-

2215 3570 2310 3623 μιν
2346 3552 2784 3624 θαυματουργεῖν
2814 3550 3143 3621 δυναμένην,
3166 3550 3262 3604 καὶ
3292 3549 3400 3602 οὐκ
3427 3547 3803 3618 ἐκδεχομένην

2210 3645 2336 3707 τοὺς
2383 3643 2575 3712 λόγους
2610 3644 2711 3714 τῆς
2759 3642 2997 3712 φύσεως.
3026 3640 3130 3696 Διὰ
3188 3640 3347 3694 τοῦτο
3402 3639 3496 3692 καὶ
3552 3639 3802 3710 ὑπάρχει

2211 3736 2364 3801 Θεὸς,
2397 3737 2493 3790 καὶ
2523 3736 2776 3791 κενοῦται
2805 3738 2885 3801 είς
2909 3735 3098 3791 δούλου
3131 3737 3344 3807 μορφήν
3362 3753 3375 3766 ·
3408 3735 3502 3789 καὶ
3529 3734 3644 3796 ῐσος
3675 3733 3803 3787 ἐστὶ

2209 3823 2353 3895 Θεῷ,
2405 3817 2501 3879 καὶ
2541 3825 2828 3896 ἄνθρωπος
2877 3826 3120 3894 γίνεται·
3149 3827 3246 3878 καὶ
3283 3825 3400 3878 ἔστι
3438 3822 3799 3896 πρωιώνιος,

2211 3917 2306 3970 καὶ
2356 3916 2516 3970 τόκον
2571 3917 2893 3986 ὑφίσταται·
2951 3917 3046 3971 καὶ
3106 3916 3280 3971 ταῦτα
3336 3915 3800 3988 θαυματουργει,

2210 4004 2356 4076 ἅπερ
2381 4005 2482 4058 ούκ
2504 3998 2646 4059 οἶδεν
2673 4008 2705 4060 6
2737 4005 2896 4073 λόγος
2925 4007 3024 4077 τῆς
3055 4006 3288 4075 φύσεως.

2280 4191 2350 4253 γ’.
2387 4179 2583 4238 Ἔνθεν
2618 4185 2716 4238 καὶ
2752 4187 2866 4246 τοῖς
2901 4183 3127 4254 Ἕλλησι
3169 4184 3355 4255 μωρία
3389 4184 3668 4252 λογίζεται
3693 4185 3796 4240 τοῦ

2208 4273 2449 4346 Χριστοῦ
2507 4273 2567 4328 τὸ
2624 4277 2923 4346 μυστήριον
2947 4313 2963 4338 ,
3009 4275 3104 4328 καὶ
3168 4275 3412 4328 Ἰουδαῖοι
3488 4276 3800 4330 σκάνδαλον

2207 4365 2459 4434 λέγουσιν
2499 4367 2600 4437 τῆς
2645 4367 2960 4436 οἰκονομίας
3005 4365 3098 4420 τὸν
3129 4366 3317 4434 λόγον·
3362 4367 3391 4419 ὃ
3434 4368 3531 4420 καὶ
3573 4367 3799 4431 Παῦλος

520 4476 689 4515 cens:
733 4481 750 4513 ι
790 4461 1160 4516 Pradicamus
1189 4462 1470 4517 Christum
1505 4463 1854 4532 cruciﬁxum,
1889 4463 2097 4521 Judais

2213 4456 2422 4527 ἐδήλου,
2445 4456 2650 4524 λέγων’
2698 4475 2716 4508 ι
2757 4456 3120 4527 Κηρύσσομεν
3164 4457 3400 4526 Χριστὸν
3429 4459 3798 4528 ἐσταυρωμέ-

523 4551 746 4620 quidem
775 4552 1094 4606 scandalum
1115 4591 1130 4617 ,
1161 4552 1416 4622 gentibus
1441 4564 1628 4610 autem
1659 4557 1947 4610 stultitiam
1975 4556 2041 4608 ⁶³.
2075 4575 2094 4608 ι

522 4639 704 4704 Quare
725 4641 1015 4696 stultitiam
1066 4642 1356 4711 gentibus?
1389 4663 1406 4695 ι
1457 4644 1596 4710 Quia
1650 4646 1902 4700 animalis
1934 4645 2100 4702 homo

522 4745 634 4785 non
674 4731 912 4800 percipit
942 4747 1065 4800 qua
1106 4731 1331 4801 spiritus
1374 4743 1530 4789 sunt:
1584 4735 1817 4789 stultitia
1846 4733 1994 4789 enim
2046 4734 2098 4789 ei

521 4830 609 4876 est
630 4822 695 4876 “.
724 4841 742 4874 ι
767 4821 990 4878 Natura
1019 4823 1165 4877 enim
1191 4824 1479 4880 adharens
1513 4826 1604 4880 ille
1624 4825 1898 4889 animalis,
1925 4833 1982 4880 et
2000 4826 2097 4896 qui

522 4914 832 4970 rationibus
857 4915 1053 4969 anima
1072 4916 1254 4970 omnia
1284 4925 1682 4986 perscrutatur,
1708 4917 1971 4972 miracula
1992 4919 2090 4973 Dei

519 5006 809 5061 stultitiam
839 5013 1078 5075 reputat,
1102 5021 1225 5060 cum
1249 5021 1362 5060 non
1386 5006 1624 5062 habeant
1651 5021 1838 5060 secum
1882 5016 2095 5062 natura

520 5097 810 5150 rationem.
841 5094 1089 5150 Audiens
1121 5112 1358 5166 namque
1392 5096 1632 5166 gentilis,
1661 5095 1790 5166 quia
1823 5097 1868 5129 "
1908 5098 2094 5154 clausa

413 5213 418 5218 -
515 5187 682 5254 ianua
714 5186 992 5255 ingressus
1018 5194 1103 5240 est
1131 5187 1403 5247 Salvator,
1431 5185 1813 5240 transmittens
1837 5186 1942 5243 hoc
1966 5202 2092 5243 cor-

521 5288 625 5341 pus
650 5289 901 5328 crassum
923 5286 982 5330 et
1003 5277 1126 5330 loco
1140 5293 1326 5348 egens.
1361 5277 1503 5331 ridet
1530 5292 1640 5330 non
1665 5277 1900 5333 credens
1921 5279 2090 5334 mira-

2207 4564 2320 4610 νον,
2367 4547 2648 4610 Ἰουδαίοις
2669 4548 2774 4618 μὲν
2806 4548 3123 4613 σκάνδαλον,
3157 4547 3384 4619 Ἕλλησι
3406 4549 3465 4602 δὲ
3502 4550 3743 4620 μωρίαν.
3772 4573 3793 4600 ι

2205 4638 2306 4692 Διά
2329 4637 2383 4691 τί
2419 4639 2635 4708 μωρίαν
2663 4642 2776 4702 τοῖς
2807 4638 3094 4710 Ἔλλησιν;
3127 4658 3147 4690 ι
3179 4640 3548 4710 Ὃτιψυχικὸς
3571 4641 3798 4714 ἄνθρω-

2207 4746 2309 4792 πος
2337 4729 2399 4782 οὐ
2429 4729 2646 4798 δέχεται
2667 4729 2736 4784 τὰ
2764 4729 2860 4784 τοῦ
2900 4731 3210 4802 πνεύματος
3230 4748 3243 4761 ·
3277 4733 3458 4804 μωρία
3489 4733 3600 4803 γὰρ
3631 4734 3799 4803 αὐτῷ

2205 4821 2346 4874 ἐστι.
2406 4840 2424 4872 ι
2477 4822 2556 4892 Τῇ
2601 4822 2710 4892 γὰρ
2744 4823 2902 4892 φύσει
2941 4825 3405 4895 παρακαθήμενος
3449 4827 3478 4878 6
3521 4826 3794 4894 ψυχικὸς,

2205 4918 2301 4970 καὶ
2332 4917 2611 4987 λογισμοῖς
2656 4916 2833 4986 ψυχῆς
2860 4914 2932 4970 τὰ
2985 4917 3162 4971 πάντα
3203 4915 3662 4987 διερευνώμενος,
3712 4919 3798 4970 τὰ

2203 5008 2461 5078 θαύματα
2499 5007 2598 5061 τοῦ
2643 5007 2780 5060 Θεοῦ
2817 5007 3033 5078 μωρίαν
3081 5008 3373 5076 λογίζεται,
3419 5007 3525 5060 οὐκ
3581 5006 3794 5076 ἔχοντα

2203 5097 2328 5168 μεθ’
2361 5098 2576 5152 ἑαυτῶν
2607 5099 2698 5152 τὸν
2713 5098 2872 5167 λόγον
2894 5100 2996 5168 τῆς
3025 5101 3260 5168 φύσεως.
3286 5100 3397 5153 Καὶ
3430 5097 3539 5168 γὰρ
3559 5099 3792 5153 ἀκούων

2199 5187 2421 5256 Ἕλλην,
2449 5187 2534 5240 ὅτι
2563 5188 2956 5260 κεκλεισμένης
2988 5192 3087 5260 τῆς
3119 5189 3290 5260 θύρας
3327 5189 3575 5260 εἰσῆλθεν
3602 5191 3634 5242 6
3664 5190 3791 5243 Σω-

2193 5281 2321 5352 τὴρ,
2369 5281 2650 5350 διαγαγὼν
2689 5280 2754 5333 τὸ
2807 5281 2954 5352 παχὺ
3013 5279 3173 5334 τοῦτο
3217 5281 3396 5352 σῶμα,
3454 5281 3549 5334 καὶ
3603 5280 3788 5334 τόπου

520 5363 667 5428 culo,
693 5365 790 5419 sed
814 5367 900 5420 rei
914 5383 1168 5437 quarens
1213 5368 1499 5430 rationem.
1543 5369 1611 5423 Et
1640 5371 1874 5425 audiens
1887 5371 1931 5404 "'
1961 5371 2090 5442 quia

2213 5373 2468 5444 ἰεόμενον,
2497 5374 2653 5444 γελᾷ,
2677 5374 2738 5426 ού
2775 5374 3049 5427 πιστεύων
3086 5373 3166 5444 τῷ
3205 5373 3470 5445 θαύματι,
3502 5371 3643 5427 ἀλλὰ
3677 5371 3791 5445 ζη-

593 5513 638 5548 ³⁸
677 5515 1038 5593 Psal.‘cr,_2_8.
1109 5521 1318 5577 Baruch
1348 5538 1426 5585 ιιι,
1455 5524 1507 5579 5.
1570 5524 1617 5555 ⁸⁸
1659 5523 1882 5579 Malach.
1926 5527 2062 5593 "1,6.

519 5581 646 5640 Cor.
685 5603 743 5651 ιι,
773 5589 859 5642 14.
889 5587 934 5620 ⁸⁸
957 5588 1112 5643 Joan.
1147 5608 1237 5655 xx,
1267 5581 1450 5646 19-26.
1526 5593 1570 5626 “
1601 5594 1791 5648 Matth.
1814 5611 1852 5660 ι,
1872 5597 1965 5651 2'5.

601 5733 707 5808 (10)
743 5740 865 5792 Ἵσ.
903 5743 1347 5815 μεταδληθείσης.

2170 5528 2212 5562 ιι
2238 5529 2475 5602 Philipp.
2526 5547 2595 5598 ιι,
2617 5529 2670 5586 6.

2751 5533 2796 5564 δ’
2829 5531 2969 5588 Ibid.
2995 5533 3048 5588 7.
3165 5531 3208 5565 “
3231 5533 3399 5591 ICor.
3429 5551 3469 5602 ι,
3495 5531 3591 5588 25.
3672 5533 3720 5567 ⁸⁵
3764 5534 3787 5589 Ι

3747 5697 3788 5705 .μ
