4076 6502
322 430 463 489 ιδιειτ

1262 429 1540 486 IIOMILIA
1580 430 1621 485 I.
1664 430 1730 485 IN
1771 429 1882 483 DIE
1923 428 2362 484 N.\TIV"ITA'I'IS
2400 427 2654 484 DOMINI.

3446 433 3584 488 1554

323 552 429 605 τῶν
459 549 552 603 τὸν
598 549 758 618 λόγον
807 547 903 603 τοῦ
948 547 1292 620 πράγματος.
1349 550 1462 603 Καὶ
1519 548 1758 613 ἀκούων,
1816 549 1897 601 ὅτι

2013 547 2157 617 virgo
2179 562 2302 600 cum
2329 547 2652 616 peperisset,
2693 546 2891 599 mansit
2913 545 3085 615 virgo,
3113 547 3402 601 stultitiam
3428 559 3584 619 put:.t

320 642 594 715 παρθένος
648 639 919 705 τεκοῦσα,
981 639 1258 711 μεμένηκε
1319 639 1624 711 παρθένος,
1689 638 1901 710 μωρίαν

319 738 542 806 ἡγεῖται
570 734 662 787 τὸν
694 733 874 802 λόγον,
917 732 979 786 οὐ
1014 731 1202 802 μαθὼν
1244 733 1526 787 πιστεύειν
1551 732 1901 803 θαυματουρ·

322 829 450 897 γίαν
496 825 652 878 Θεοῦ.
697 823 909 878 Οὐκοῦν
955 823 1049 878 καὶ
1078 823 1295 877 ἀκούων
1340 823 1734 895 ἁμεταϐλήτως
1768 823 1901 875 Θεὸν

319 918 615 989 γενόμενον
649 915 959 985 ἄνθρωπον,
992 914 1252 970 ἀδύνατον
1289 915 1350 968 τὸ
1381 915 1678 983 γενόμενον
1708 914 1900 978 οἴεται,

321 1009 541 1079 φύσεως
589 1006 868 1060 κάνταῦθα
929 1005 1238 1076 μεταϐολὰς
1277 1004 1546 1059 ἀπαιτῶν.
1615 1004 1754 1056 Ἀλλ’
1804 1004 1903 1074 οὐχ

318 1099 494 1163 οὕτως
520 1099 758 1164 ἐδίδαξεν
791 1099 819 1150 ὁ
859 1097 1096 1161 Παῦλος,
1129 1096 1323 1160 εἰπὼν,
1365 1096 1455 1149 τὸν
1487 1095 1618 1148 ὄντα
1642 1094 1731 1149 ἴσα
1759 1095 1900 1166 Θεῷ,

319 1191 654 1262 γεγενῆσθαι
706 1189 1018 1260 ἄνθρωπον.
1089 1188 1318 1244 Ἑαυτὸν
1364 1188 1475 1259 γὰρ
1535 1187 1905 1241 κεκενωκέναι

321 1285 482 1354 φησὶ,
534 1284 609 1355 μὴ
662 1281 1011 1336 ἀποϐαλόντα
1043 1282 1106 1335 τὸ
1157 1280 1433 1352 πλήρωμα
1479 1280 1579 1350 τῆς
1627 1280 1901 1350 θεότητος.

318 1375 413 1428 Διὸ
443 1374 538 1428 καὶ
554 1373 742 1439 ἔλεγεν
766 1388 779 1403 ⁸
812 1390 830 1424 ι
853 1373 1045 1441 Ἡμεῖς
1079 1371 1430 1442 κηρύσσομεν
1457 1371 1694 1442 Χριστὸν
1709 1374 1906 1424 ἐσταυ-

323 1465 606 1537 ρωμένον,
675 1463 950 1526 Ἰουδαίοις
1017 1463 1116 1533 μὲν
1187 1462 1509 1527 σκάνδαλον,
1563 1462 1790 1529 Ἕλλησι
1845 1462 1903 1515 δὲ

323 1557 557 1629 μωρίαν.
615 1574 634 1606 ι
682 1555 796 1610 Καὶ
828 1555 916 1608 διὰ
949 1555 1002 1607 τί
1058 1554 1286 1625 Ἕλλησι
1339 1554 1591 1625 μωρίαν;
1643 1555 1704 1606 Ei
1750 1553 1905 1622 ψιλὸς

319 1648 669 1720 ἐσταύρωται
704 1646 1016 1719 ἄνθρωπος.
1063 1645 1239 1699 οὐδενὶ
1288 1645 1572 1716 νομίζεται
1630 1645 1812 1716 μωρὸν
1843 1645 1905 1698 τὸ

318 1741 464 1794 κατὰ
491 1739 653 1809 φύσιν
685 1740 971 1810 γινόμενον
991 1754 1004 1769 ·
1035 1738 1084 1790 εἰ
1114 1736 1142 1789 ὂ
1172 1735 1463 1806 ἐπεφύκει,
1493 1735 1751 1800 πέπονθε,
1787 1735 1906 1798 πῶς

319 1833 607 1905 νομίζεται
656 1831 841 1903 μωρὸν
883 1830 946 1883 τὸ
983 1830 1272 1901 διήγημα;
1305 1827 1445 1881 Ἀλλ’
1479 1828 1668 1899 ἐπειδὴ
1703 1847 1720 1878 ι
1771 1829 1906 1898 Χρι-

319 1925 468 1990 στὸν,
499 1923 655 1995 φησὶ,
711 1922 1061 1994 κηρύσσομεν
1100 1919 1528 1992 σταυρούμενον,
1578 1919 1740 1973 πάλιν
1793 1920 1904 1988 (ll)

315 2017 554 2088 λέγομεν
603 2014 740 2069 Θεοῦ
783 2014 1013 2085 δύναμιν
1058 2015 1153 2068 καὶ
1196 2013 1333 2066 Θεοῦ
1379 2012 1605 2081 σοφίανο
1649 2032 1668 2062 ι
1721 2014 1908 2076 αὐτοῖς

318 2111 432 2179 γὰρ
460 2111 575 2172 τοῖς
604 2108 844 2177 κλητοῖς,
897 2106 1054 2176 φησὶ,
1118 2105 1395 2168 Ἰουδαίοις
1435 2121 1495 2156 τε
1540 2105 1634 2156 καὶ
1681 2104 1906 2174 Ἕλλησι

318 2200 678 2271 κηρύσσομεν
709 2198 948 2269 Χριστὸν
973 2198 1112 2252 Θεοῦ
1133 2197 1364 2268 δύναμιν
1385 2198 1477 2251 καὶ
1494 2197 1630 2250 Θεοῦ
1651 2197 1840 2265 σοφίαν
1854 2215 1867 2227 ·
1881 2215 1900 2248 ›

317 2293 415 2346 τὸν
466 2289 898 2362 σταυρούμενον,
948 2289 1108 2361 φησὶ,
1137 2288 1499 2361 κηρύττοντες
1525 2290 1659 2344 Θεοῦ
1694 2290 1905 2358 σοφίαν,

325 2386 543 2455 μωρίαν
583 2383 768 2452 λέγειν
807 2385 921 2446 τοῖς
954 2382 1183 2453 Ἕλλησι
1233 2381 1590 2454 νομιζόμεθα,
1629 2381 1906 2434 πιστεύειν

319 2477 424 2530 οὐκ
457 2475 623 2528 εἰδόσι
665 2473 1116 2544 θαυματουργίαν
1151 2473 1288 2527 Θεοῦ
1310 2490 1323 2504 ·
1355 2473 1495 2528 ἀλλὰ
1529 2474 1659 2544 περὶ
1688 2473 1907 2526 πάντων

321 2564 542 2632 φύσεως
575 2565 744 2616 κινεῖν
791 2562 1112 2633 λογισμοὺς,
1144 2562 1240 2617 καὶ
1271 2564 1620 2634 ἡγουμένους
1662 2563 1907 2634 ὑϐρίζειν

319 2655 480 2720 Θεὸν,
533 2653 970 2722 οἰκειωσάμενον
1007 2653 1182 2722 πάθη,
1217 2653 1307 2705 ἵνα
1353 2650 1502 2723 σώσῃ
1549 2651 1610 2704 τὸ
1640 2650 1904 2721 παθητόν.

321 2747 402 2800 Οὐ
430 2748 539 2816 γὰρ
566 2745 656 2798 τὸν
685 2744 986 2812 ἁνυόμενον
1015 2744 1186 2814 ὁρῶσι
1217 2743 1440 2806 σκοπὸν,
1467 2745 1733 2813 σωτήριον
1756 2742 1904 2808 ὂντα,

321 2840 424 2893 καὶ
457 2841 522 2908 τῇ
567 2835 868 2906 ἁγαθότητι
906 2836 1191 2905 πρέποντα
1229 2834 1324 2888 τοῦ
1352 2835 1515 2888 Θεοῦ·
1556 2835 1692 2888 ἀλλὰ
1725 2835 1906 2905 μόνον,

319 2930 408 2984 ὅτι
426 2927 561 2992 Θεὸς
591 2927 767 2997 ἑαυτῷ
791 2927 996 2997 συνῆψε
1027 2925 1354 2998 παθήματα,
1383 2927 1655 2994 λέγουσιν,
1688 2929 1749 2980 οὐ
1781 2945 1908 2983 σκο-

319 3021 558 3085 ποῦντες
586 3021 649 3075 τὸ
684 3022 749 3075 ὲκ
774 3021 967 3075 τούτου
1012 3020 1114 3090 τῆς
1147 3021 1254 3074 τῶν
1294 3019 1600 3090 ἀνθρώπων
1635 3022 1910 3091 σωτηρίας

321 3111 685 3182 κατόρθωμα.
703 3111 871 3164 Οὐδὲν
899 3111 956 3164 δὲ
982 3111 1092 3163 τῶν
1119 3110 1405 3174 σωζόντων
1424 3111 1734 3181 ἄνθρωπον,
1758 3114 1911 3183 ὑϐρί-

2005 653 2339 702 scrmonem,
2368 639 2496 708 quia
2519 655 2629 693 non
2659 639 2853 694 didicit
2887 639 3118 706 credere
3161 640 3258 694 Dei
3297 641 3580 696 miracula.

2005 730 2149 799 Ergo
2175 745 2299 784 cum
2339 729 2494 784 audit
2532 730 2699 785 etiam
2743 730 3162 786 immutabiliter
3193 733 3364 786 Deum
3408 733 3588 787 homi—

2006 837 2130 876 nem
2155 822 2383 885 factum,
2416 821 2814 892 impossibilem
2845 838 2966 877 eam
2998 839 3114 878 rem
3152 833 3330 893 putat,
3373 832 3586 880 natura:

2007 914 2340 970 mutationes
2357 915 2450 970 hic
2475 930 2697 986 quoque
2733 915 2975 985 exigens.
3010 916 3118 971 Sed
3149 931 3257 970 non
3286 919 3359 972 ita
3379 918 3587 973 Paulus

2004 1007 2250 1073 edocuit,
2281 1008 2475 1065 dicens
2500 1023 2627 1062 eum
2671 1008 2768 1078 qui
2798 1008 3027 1077 aequalis
3074 1016 3159 1062 est
3196 1010 3328 1072 Deo,
3378 1010 3584 1065 factum

2007 1097 2318 1164 hominem;
2370 1099 2731 1169 semetipsum
2773 1113 3010 1168 namque
3061 1099 3583 1167 exinanisse'dicit,

2005 1206 2114 1244 non
2147 1191 2348 1246 amissa
2387 1192 2696 1247 divinitatis
2730 1191 3076 1262 plenitudine
3099 1193 3167 1246 ".
3223 1193 3378 1250 Unde
3420 1197 3587 1249 etiam

2005 1279 2180 1335 dicit:
2220 1301 2238 1333 ι
2274 1282 2387 1337 Nos
2446 1292 2631 1337 autem
2677 1282 3045 1353 praedicamus
3091 1283 3369 1339 Christum
3404 1288 3588 1341 cruci-

2006 1372 2196 1437 fixum,
2224 1375 2429 1431 ludatis
2470 1376 3071 1446 quidem'scandalum,
3099 1378 3360 1447 gentibus
3403 1389 3587 1433 autem

2007 1465 2292 1520 stultitiam
2309 1465 2374 1520 ⁸⁸.
2400 1485 2418 1519 ι
2442 1467 2511 1520 Et
2528 1482 2696 1536 quare
2716 1467 2978 1538 gentibus
2998 1469 3289 1523 stultitiam
3309 1469 3399 1523 ?Si
3421 1486 3592 1539 purus

2007 1556 2346 1627 cruciﬁgitur
2377 1558 2564 1624 homo,
2602 1574 2766 1614 nemo
2810 1569 2967 1628 putat
3018 1561 3251 1614 stultum
3309 1561 3456 1630 quod
3498 1577 3594 1616 na-

2007 1651 2259 1703 turaliter
2302 1651 2503 1720 agitur.
2540 1651 2598 1706 Si
2627 1666 2760 1706 vero
2790 1652 2937 1721 quod
2973 1654 3304 1710 naturaliter
3342 1655 3459 1724 pati
3491 1671 3593 1725 po-

2011 1749 2170 1805 terat,
2207 1742 2438 1811 patitur,
2484 1743 2763 1811 quomodo
2815 1743 3042 1812 putatur
3096 1746 3264 1799 stulta
3307 1746 3591 1801 narratio?

2010 1831 2116 1887 Sed
2129 1833 2387 1901 quoniam
2408 1833 2506 1897 ait,
2520 1832 2825 1889 «Christum
2837 1833 3160 1889 crucifixum
3174 1836 3554 1904 praedicamus,
3569 1857 3585 1887 ο

2011 1939 2176 1995 quem
2227 1940 2422 1980 rursus
2461 1924 2700 1979 dicimus
2735 1925 2831 1979 Dei
2870 1927 3130 1980 virtutem
3170 1935 3226 1980 ct
3254 1927 3348 1980 Dei
3374 1928 3594 1996 sapien-

2011 2017 2164 2082 tiam;
2199 2035 2216 2066 ι
2242 2017 2374 2086 ipsis
2398 2017 2568 2080 enim,
2592 2017 2770 2085 inquit
2796 2019 2860 2080 δ’,
2877 2018 3298 2072 vocatisJudzeis
3314 2018 3590 2073 ethecis

2008 2107 2371 2176 praedicamus
2391 2086 2674 2162 Cliristum
2705 2107 2801 2162 Dei
2827 2108 3110 2173 virtutem,
3158 2119 3214 2163 et
3244 2110 3339 2164 Dei
3367 2111 3588 2180 sapien-

2011 2196 2171 2262 tiam;
2195 2217 2212 2248 ε
2247 2213 2373 2251 eum
2395 2195 2490 2266 qui
2521 2196 2820 2252 cruciﬁxus
2856 2207 2958 2262 est,
2985 2199 3186 2269 inquit,
3215 2216 3338 2256 esse
3376 2202 3472 2255 Dei
3498 2217 3586 2256 sa-

2009 2289 2274 2358 pientiam
2315 2289 2701 2359 praedicantes,
2729 2290 3020 2344 stultitiam
3058 2307 3161 2346 nos
3215 2293 3366 2362 loqui
3411 2292 3589 2347 Graeci

2008 2387 2225 2448 putant,
2261 2379 2490 2434 credere
2514 2382 2827 2435 nescientes
2869 2381 3134 2436 miracula
3181 2381 3404 2437 facienti
3438 2383 3584 2450 Deo;

2007 2469 2106 2526 sed
2130 2469 2199 2527 de
2223 2472 2472 2527 omnium
2498 2487 2686 2527 rerum
2725 2481 2922 2527 natura
2967 2483 3254 2529 moventes
3293 2476 3591 2530 ratiocina-

2009 2561 2207 2628 tiones,
2231 2571 2290 2617 et
2313 2563 2650 2619 aestimantes
2669 2564 2932 2636 injuriam
2978 2564 3170 2619 inferri
3204 2566 3339 2630 Deo,
3379 2567 3424 2621 si
3463 2583 3592 2623 suas

2009 2653 2166 2709 illum
2195 2655 2394 2710 fecisse
2421 2656 2709 2726 passiones
2727 2655 3051 2720 dixerimus,
3077 2663 3138 2709 ut
3159 2656 3307 2724 quod
3327 2667 3448 2710 erat
3470 2672 3594 2726 pas—

2009 2749 2169 2805 sibile
2189 2749 2400 2804 salvum
2427 2749 2654 2804 faceret.
2687 2750 2809 2804 Non
2835 2748 2984 2823 enim
3009 2749 3198 2819 perﬁci
3227 2749 3420 2804 vident
3455 2750 3592 2803 illud

2009 2838 2357 2909 propositum
2401 2839 2664 2904 salutare,
2719 2849 2777 2894 et
2819 2839 2917 2894 Dei
2959 2839 3193 2894 bonitati
3225 2841 3591 2894 conveniens:

2013 2932 2109 2987 sed
2131 2933 2335 2998 solum,
2366 2933 2497 3002 quia
2525 2933 2673 2987 Deus
2701 2933 2808 2988 sibi
2849 2933 3130 3003 cepulavit
3165 2935 3474 3004 passiones,
3515 2935 3599 2989 di-

2017 3032 2172 3090 cunt,
2197 3040 2309 3079 non
2340 3025 2780 3091 considerantes,
2804 3042 2870 3081 ex
2897 3027 3000 3081 hac
3036 3042 3096 3081 re
3123 3027 3376 3082 humanm
3407 3028 3602 3082 salutis

2015 3130 2154 3184 opus
2209 3115 2380 3171 fuisse
2428 3115 2757 3186 perfectum.
2814 3117 2964 3170 Nihil
3017 3125 3197 3172 autem
3247 3117 3445 3172 horum
3479 3135 3602 3188 qua:

323 3201 412 3266 ζει
443 3201 598 3267 Θεὸν,
628 3200 839 3264 τούτοις
872 3200 1226 3272 δεικνύμενον
1256 3201 1318 3255 οὐ
1361 3201 1624 3273 παθητὸν,
1662 3203 1798 3256 ἀλλὰ
1824 3223 1909 3272 ιρι-

2018 3205 2280 3260 salutaria
2303 3214 2434 3259 sunt
2469 3205 2701 3270 homini,
2739 3206 2998 3276 iniuriam
3031 3207 3144 3261 Deo
3183 3207 3353 3261 facit:
3399 3209 3602 3278 quibus

322 3294 668 3367 λάνθρωπον.

400 3387 476 3441 Δ’.
522 3383 688 3438 Ἀλλὰ
713 3384 1006 3455 ἀνθρώπου
1037 3383 1210 3455 πάθη,
1231 3385 1423 3456 φησὶν,
1450 3385 1511 3438 οὐ
1531 3384 1718 3454 τολμῶ
1744 3402 1908 3456 προσ-

325 3479 468 3550 άψαι
500 3477 640 3548 Θεῷ.
692 3477 906 3531 Οὐκοῦν
942 3479 1068 3532 οὐδὲ
1115 3477 1314 3541 σώζειν
1354 3477 1520 3531 αὐτὸν
1565 3480 1678 3541 τοῖς
1715 3477 1913 3531 πάθεσι

323 3569 422 3624 τὸν
450 3569 741 3639 ἄνθρωπον
770 3569 974 3637 λέγεις,
1003 3569 1126 3623 οὐδὲ
1157 3569 1382 3639 σταυρῷ
1426 3569 1763 3638 στηλιτεύειν
1794 3568 1911 3621 δια-

325 3658 492 3713 δόλου
528 3660 629 3729 τήν
650 3659 884 3730 δύναμιν
907 3699 922 3725 ,
946 3659 1072 3712 οὐδὲ
1099 3659 1201 3728 τὴν
1247 3658 1406 3729 ἡμῶν
1439 3659 1715 3730 ἁμαρτίαν
1747 3676 1914 3730 προσ-

324 3757 607 3830 ηλωκέναι
636 3757 713 3828 τῷ
745 3756 909 3830 ξύλῳ,
945 3757 1068 3812 οὐδὲ
1113 3760 1227 3823 τοῖς
1261 3757 1413 3823 ἰδίοις
1452 3758 1681 3813 πάθεσιν
1710 3759 1778 3814 τὰ
1804 3749 1914 3812 τῶν

325 3851 642 3921 ἀνθρώπων
691 3851 878 3905 ἰᾶσθαι
929 3850 1264 3922 παθήματα,
1301 3851 1424 3904 οὐδὲ
1473 3850 1690 3921 θανάτῳ
1738 3851 1915 3920 λέγεις

326 3945 495 3999 αὐτὸν
514 3945 863 4016 καταργῆσαι
885 3945 978 3998 τὸν
1000 3944 1251 4000 θάνατον.
1267 3945 1332 3998 Et
1352 3944 1460 4016 γὰρ
1483 3945 1581 3998 οὐκ
1602 3945 1917 4016 ᾠκειώσατο

324 4037 403 4092 τὰ
429 4037 575 4108 πάθη
603 4036 760 4103 Θεὸς,
792 4036 959 4091 πόθεν
992 4039 1107 4099 τοῖς
1153 4035 1356 4090 πάθεσι
1408 4036 1504 4090 τοῦ
1559 4033 1803 4108 Χριστοῦ
1848 4034 1918 4090 τὰ

324 4129 570 4184 τοσαῦτα
590 4127 996 4199 κατορθώματα
1015 4145 1030 4195 ;
1051 4128 1180 4192 Πῶς
1200 4128 1454 4197 ἐγένοντο
1472 4128 1761 4200 δυνάμεις;
1791 4127 1917 4192 Πῶς

326 4219 638 4290 ἀναιρεῖται
672 4219 886 4290 θανάτῳ
913 4219 942 4271 ὁ
963 4219 1214 4287 θάνατος,
1245 4220 1295 4272 εἱ
1324 4220 1400 4292 μὴ
1428 4219 1563 4284 Θεὸς
1585 4220 1751 4276 αὑτὸν
1787 4220 1916 4274 [διον

327 4310 662 4381 ἑποιήσατο;
710 4309 874 4363 Ἀλλὰ
905 4309 1081 4364 ταῦτα
1117 4311 1186 4364 τὰ
1215 4311 1363 4380 πάθη
1391 4309 1745 4364 οίκειωθέντα
1773 4307 1913 4379 Θεῷ,

323 4399 435 4475 τὴν
466 4402 563 4473 μὲν
596 4402 751 4473 ἰσχὺν
774 4399 888 4454 τῶν
915 4401 1186 4455 τοσούτων
1217 4400 1664 4471 κατορθωμάτων
1704 4402 1769 4454 ὲκ
1801 4401 1919 4454 θεό-

2013 3309 2124 3350 non
2151 3295 2450 3364 passibilis,
2478 3295 2572 3350 sed
2601 3297 2844 3350 clemens
2881 3297 3214 3350 ostenditur.

2086 3387 2174 3440 ιν.
2223 3386 2331 3442 Sed
2381 3387 2644 3451 hominis,
2686 3387 2889 3457 inquit,
2941 3388 3229 3458 passiones
3263 3406 3372 3446 non
3421 3393 3600 3446 audeo

2015 3478 2126 3532 Deo
2155 3477 2424 3532 tribuere.
2455 3478 2600 3548 Ergo
2629 3494 2807 3548 neque
2839 3495 2970 3534 eum
2998 3481 3350 3550 passionibus
3386 3484 3600 3538 salt-are

2016 3566 2297 3621 hominem
2330 3566 2492 3632 dicis,
2517 3583 2700 3638 neque
2749 3569 2956 3624 diaboli
2982 3571 3288 3640 petentiam
3317 3570 3475 3626 'cruci
3502 3589 3599 3643 ap-

2015 3658 2294 3728 pendisse,
2325 3673 2507 3729 neque
2535 3668 2789 3714 nostrum
2833 3668 3119 3729 peccatum
3159 3661 3392 3717 afllxisse
3429 3665 3598 3734 ligno,

2015 3764 2198 3821 neque
2217 3748 2336 3806 suis
2358 3750 2715 3821 passionibus
2739 3766 2964 3808 sanasse
2987 3753 3274 3808 hominum
3295 3756 3600 3824 passiones.

2015 3858 2197 3914 neque
2243 3852 2423 3898 morte
2467 3843 2608 3898 dicis
2661 3858 2789 3898 eum
2844 3844 3186 3902 destruxisse
3232 3858 3489 3903 mortem.
3542 3849 3598 3904 Si

2017 3936 2167 3991 enim
2209 3937 2357 3992 Deus
2400 3951 2510 3990 non
2563 3935 2672 3991 sibi
2718 3937 2974 4006 proprias
3003 3938 3240 3993 asseruit
3290 3941 3599 4008 passiones,

2018 4029 2166 4085 unde
2190 4028 2399 4084 Christi
2425 4027 2781 4098 passionibus
2804 4037 2886 4084 tot
2907 4039 3059 4085 recte
3105 4031 3286 4085 facta?
3312 4031 3602 4097 Quomodo

2019 4131 2149 4178 sunt
2171 4121 2328 4176 factae
2344 4120 2580 4176 virtutes
2595 4119 2919 4187 ?Quomodo
2939 4129 3114 4178 morte
3141 4133 3425 4194 perempta
3457 4135 3608 4181 esset

2018 4228 2190 4278 mors,
2218 4213 2326 4268 nisi
2363 4214 2509 4268 Deus
2547 4214 2827 4284 propriam
2865 4214 2970 4269 sibi
2999 4230 3120 4270 eam
3177 4215 3442 4272 fecisset?
3491 4218 3610 4273 Scd’

2021 4305 2140 4359 ista:
2161 4305 2450 4374 passiones
2483 4305 2723 4374 propria:
2761 4303 2920 4360 facta:
2942 4305 3062 4371 Dei,
3085 4305 3349 4362 virtutem
3375 4309 3600 4378 quidem

2021 4405 2301 4450 tantarum
2325 4410 2512 4450 rerum
2546 4395 3018 4450 conficiendarum
3051 4411 3119 4452 ex
3151 4396 3442 4453 divinitate
3483 4415 3606 4469 per-

323 4509 495 4563 τητος
515 4491 726 4559 ἐλαϐεν,
766 4492 844 4554 ὡς
884 4489 1021 4544 Θεοῦ
1059 4491 1166 4548 ἴδια
1198 4491 1578 4562 γεγενημέναο
1631 4491 1823 4544 οὐσίαν
1861 4492 1909 4545 δὲ

2021 4497 2312 4558 ceperunt,
2341 4496 2401 4543 ut
2423 4503 2546 4558 quae
2567 4487 2665 4544 Dei
2691 4488 2928 4559 propria:
2960 4489 3308 4556 exstiterint;
3351 4492 3607 4548 substan-

327 4556 585 4654 θεότητος
614 4584 674 4638 ού
712 4556 1088 4654 παρέϐλαψεν,
1115 4585 1172 4637 ὲν
1199 4556 1497 4662 ’τῇ-εαυτῆς
1529 4582 1618 4636 ἀεὶ
1649 4583 1909 4654 μένουσαι.

2028 4583 2157 4636 tiam
2186 4596 2322 4636 vero
2346 4580 2572 4636 deitatis
2587 4595 2935 4650 nequaquam
2963 4579 3248 4645 laeserunt,
3280 4600 3402 4653 qua:
3431 4584 3484 4638 in
3506 4599 3604 4640 sua

325 4675 592 4748 ἀπαθείᾳ.
617 4675 743 4739 Πῶς
763 4673 872 4746 γὰρ
897 4673 1231 4745 προσηλώθη
1253 4671 1503 4745 σιῷ-ξύλῳ
1528 4673 1588 4728 τὸ
1612 4672 1735 4727 καθ’
1758 4675 1920 4746 ἡμῶν

324 4767 434 4837 τῆς
498 4767 774 4838 ἁμαρτίας
821 4767 1209 4838 χειρόγραφον,
1274 4763 1566 4836 ἀνθρώπου
1617 4764 1774 4834 ψιλοῦ
1826 4765 1920 4820 τὸν

329 4859 570 4930 σταυρὸν
608 4858 1036 4928 ὑπομείναντος;
1079 4857 1205 4921 Πῶς
1247 4856 1310 4910 δὲ
1357 4854 1593 4928 σταυρὸς
1639 4857 1918 4927 ἁμαρτίαν

326 4950 704 5023 ἐσταύρωσεν,
721 4951 756 5023 ἢ
781 4950 1010 5013 θάνατος
1042 4949 1276 5003 θανάτου
1305 4947 1406 5019 τὴν
1431 4948 1720 5020 τυραννίδα
1746 4949 1920 5003 διέλυ-

330 5060 450 5108 σεν,
482 5044 532 5096 εί
571 5043 646 5114 μὴ
670 5042 846 5096 ταῦτα
875 5041 1068 5111 γέγονε
1100 5039 1262 5107 Θεοῦ,
1295 5039 1391 5094 καὶ
1423 5039 1555 5111 παρ’
1584 5040 1796 5094 ἐκείνου
1817 5041 1918 5112 τὴν

326 5133 566 5206 δύναμιν
594 5133 806 5199 ἔλαϐον,
831 5131 1262 5202 οίκειωσαμένου
1292 5130 1362 5185 τὰ
1395 5131 1663 5203 ἡμέτερα,
1703 5133 1764 5185 ού
1814 5150 1918 5187 πα-

327 5227 521 5289 θόντος
547 5226 740 5294 φύσεις
776 5228 841 5278 Ὃ
861 5224 926 5295 δὴ
955 5225 1050 5278 καὶ
1083 5222 1366 5295 σημαίνων
1397 5224 1424 5275 ὁ
1460 5222 1633 5293 μέγας
1662 5224 1921 5276 ’Λπόστο-

326 5321 449 5380 λος,
499 5317 688 5386 ἔλεγεν
713 5333 728 5348 ⁸
765 5317 848 5370 ὅτι
903 5315 1081 5379 οὐδεὶς
1112 5314 1221 5368 τῶν
1265 5313 1544 5385 ἀρχόντων
1587 5313 1682 5367 τοῦ
1721 5316 1920 5379 αἰῶνος

325 5407 549 5475 τούτου,
570 5407 663 5462 τοῦ
693 5405 978 5479 Κυριακοῦ
1002 5406 1205 5469 πάθους
1221 5406 1284 5458 τὸ
1311 5407 1608 5478 μυστήριον
1649 5406 1911 5474 ἔγνωκεν.

336 5518 361 5553 ι
413 5499 472 5552 Εἰ
514 5499 626 5571 γὰρ
663 5498 931 5568 ἔγνωσαν,
959 5499 1146 5569 φησὶν,
1185 5497 1287 5550 οὐκ
1326 5496 1394 5550 ἂν
1426 5497 1519 5550 τὸν
1565 5497 1771 5569 Κύριον
1815 5500 1918 5568 τῆς

331 5591 496 5666 δόξης
531 5591 903 5664 ἐσταύρωσαν.
948 5609 965 5640 ι

411 5774 455 5805 ⁸⁷
487 5772 723 5844 Philipp.
767 5789 824 5835 ιι,
866 5773 917 5836 5,
945 5771 996 5826 6.
1075 5768 1305 5824 MlICor.
1337 5786 1375 5836 ι,
1399 5771 1488 5826 9.5.

418 5864 465 5934 (Ι
483 5865 525 5936 l)
571 5867 666 5917 Ὃν
700 5864 880 5918 πάλιν.

680 5953 946 6015 ΡΑτῐιοι.
996 5957 1113 6016 tin.
1171 5951 1481 6014 LXXVII.

2025 4689 2244 4744 semper
2303 4671 2745 4742 impassibilitate
2802 4681 3040 4728 maneat.
3103 4672 3393 4740 Quomodo
3458 4677 3605 4731 enim

2025 4767 2246 4823 atﬁxum
2271 4774 2356 4820 est
2377 4765 2526 4835 ligno
2559 4764 2706 4834 quod
2730 4771 2924 4819 contra
2946 4780 3049 4820 nos
3083 4775 3203 4820 erat
3233 4753 3440 4836 peccati
3491 4767 3608 4822 chi—

2025 4859 2383 4930 rographum,
2443 4857 2667 4912 homine
2713 4872 2854 4927 puro
2897 4856 3210 4913 sustinente
3254 4867 3489 4912 mortem
3529 4859 3608 4911 ὀἳ

2023 4949 2310 5019 Quomodo
2347 4957 2534 5004 autem
2585 4963 2724 5003 crux
2751 4956 3040 5019 peccatum
3071 4948 3454 5012 crnciﬁxisset,
3509 4957 3604 5001 aut

2021 5059 2170 5099 mors
2222 5037 2419 5096 mortis
2482 5039 2831 5111 tyrannidem
2882 5040 3266 5102 destruxissct,
3324 5038 3430 5091 nisi
3487 5038 3603 5092 haec

2017 5135 2251 5190 fuissent
2299 5133 2416 5193 Dei,
2450 5141 2505 5186 et
2534 5132 2604 5186 ab
2639 5133 2736 5186 illo
2773 5134 3037 5187 virtutem
3069 5129 3455 5198 sumpsissent,
3507 5131 3600 5198 qui

2017 5239 2205 5282 nostra
2233 5235 2492 5296 tanquam
2514 5225 2739 5295 propria
2773 5223 2881 5278 sibi
2910 5221 3231 5282 vindicavit,
3257 5236 3366 5274 non
3408 5228 3602 5274 natura

2018 5319 2332 5390 passionem
2379 5316 2678 5371 sustinuit?
2723 5313 2882 5380 Quod
2928 5315 3106 5383 ipsum
3150 5311 3468 5382 signiﬁcans
3512 5312 3604 5366 illo

2025 5426 2253 5483 magnus
2277 5409 2570 5479 Apostolus
2599 5406 2851 5470 dicebat,
2888 5406 3014 5475 quia
3052 5404 3239 5459 nullus
3290 5403 3602 5473 principum

2025 5505 2207 5560 saeculi
2241 5503 2406 5574 lmjus
2433 5498 2730 5555 Dominica:
2763 5497 3032 5568 passionis
3067 5504 3472 5552 sacramentum
3513 5510 3604 5552 co-

2025 5595 2232 5669 gnovit.
2260 5594 2344 5648 «Si
2366 5593 2515 5646 enim
2537 5589 2945 5660 cognovissent,
2965 5588 3163 5660 inquit,
3188 5602 3468 5658 nunquam
3493 5585 3602 5639 Do-

2028 5687 2238 5742 minum
2267 5684 2453 5755 gloria:
2485 5680 2972 5738 crucifixisseut".
3011 5701 3028 5733 ι
3259 5679 3269 5684 “

1575 5773 1618 5806 ⁸⁹
1648 5773 1782 5829 ibid.
1820 5777 1912 5834 2-4.
1986 5783 2031 5814 ⁵ο
2061 5780 2270 5835 Coloss.
2304 5795 2362 5840 ιι,
2392 5777 2476 5830 Η.
2550 5775 2592 5806 ⁵¹
2616 5773 2635 5829 l
2663 5773 2790 5829 Cor.
2822 5790 2881 5829 ιι.
2909 5775 2962 5828 8.

3202 5951 3277 6014 43
