4076 6448
555 405 697 463 I355

1669 401 2014 456 TllEODOTl
2057 401 2360 458 EPISCOPI
2396 400 2743 457 ANCYRANI

3656 408 3772 464 i356

623 514 684 570 V.
714 514 1009 583 Propterea
1045 511 1302 577 dicimus,
1327 520 1385 566 et
1408 527 1631 569 manere
1665 529 1791 568 eum
1819 514 1966 585 quod
1991 521 2130 578 erat,

2312 514 2382 568 E'.
2427 515 2526 568 Διά
2557 512 2717 567 τοῦτο
2750 513 3005 584 λέγομεν,
3034 512 3128 566 καὶ
3159 512 3343 584 μένειν
3379 513 3532 568 αὐτὸν
3551 517 3576 570 ὃ
3598 518 3675 590 ἦν,
3696 541 3774 579 ιω.

545 615 606 661 et
637 605 841 660 factum
869 620 992 659 esse
1035 603 1182 674 quod
1228 620 1339 659 non
1367 613 1506 660 erat.
1543 606 1601 660 In
1628 607 1936 662 substantia
1979 623 2136 661 nam-

549 714 656 768 que
695 712 923 751 manens
946 697 1095 766 quod
1126 706 1268 763 erat,
1298 699 1541 768 suscepit
1571 700 1879 769 passiones,
1903 716 2028 754 cum
2053 716 2139 756 se-

552 787 846 856 metipsum
865 787 1076 842 unisset
1113 796 1324 844 natura!
1351 789 1618 858 passibili.
1647 789 1939 861 Subiectus
1964 791 2142 847 factus

548 888 652 945 est,
682 895 910 950 regnum
940 896 1051 936 non
1085 880 1412 950 deponens:
1443 880 1622 936 factus
1661 890 1746 937 est
1786 882 1972 948 homo,
2028 899 2143 939 ma-

551 988 688 1027 nens
721 973 868 1028 Deus
890 987 956 1026 ac
983 972 1224 1027 Verbum
1249 992 1260 1025 :
1290 988 1416 1026 eum
1447 983 1596 1051 esset
1625 989 1694 1028 ex
1722 985 1921 1030 natura
1953 976 2140 1030 incor-

549 1079 772 1133 porcus,
810 1063 1019 1132 absque
1067 1063 1454 1118 immutatione
1488 1064 1666 1119 factus
1692 1073 1778 1120 est
1801 1081 1950 1121 caro.
1996 1066 2141 1133 Quo-

552 1155 734 1219 modo,
773 1162 830 1208 et
871 1152 1373 1222 quemadmodum?
1425 1154 1546 1209 Non
1599 1155 1743 1212 sicut
1790 1164 1848 1210 tu
1892 1156 2138 1226 cogitare

499 1239 501 1241 ’
551 1256 726 1317 potes,
757 1246 853 1301 sed
899 1245 1044 1301 sicut
1098 1245 1190 1300 ille
1233 1246 1302 1300 ad
1332 1247 1596 1302 miracula
1642 1246 1896 1302 facienda
1945 1249 2136 1318 pollet.

550 1339 783 1406 Quando
805 1337 952 1393 enim
981 1337 1308 1391 miraculum
1341 1338 1438 1393 tibi
1465 1338 1610 1402 dico,
1643 1339 1837 1395 desere
1876 1341 2137 1396 rationes.

550 1427 716 1497 Signa
752 1425 900 1481 enim
935 1434 992 1479 et
1038 1425 1290 1496 prodigia
1341 1426 1449 1481 fide
1505 1427 1560 1482 in
1600 1429 1773 1483 Deum
1827 1431 2137 1496 firmantur,

551 1534 661 1571 non
700 1518 1009 1573 rationibus
1037 1521 1426 1590 exquiruntur.
1465 1520 1585 1574 Non
1615 1521 1764 1575 enim
1795 1521 1966 1576 ullum
1991 1523 2142 1578 aliud

552 1611 877 1665 miraculum
898 1627 966 1666 ex
994 1620 1206 1667 nostra}
1235 1611 1468 1668 rationis
1513 1612 1677 1668 modo
1705 1613 1958 1679 exsistit;
1986 1621 2042 1668 et
2067 1624 2146 1668 ta-

551 1717 677 1758 men
728 1704 942 1775 singula
974 1704 1118 1758 facta
1147 1714 1296 1769 sunt,
1335 1705 1466 1760 licet
1505 1705 1648 1760 ratio
1671 1713 1861 1760 nostra
1889 1720 2004 1760 rem
2035 1721 2146 1761 non

2245 606 2532 674 γεγονέναι
2555 607 2695 675 ὅπερ
2723 605 2824 658 οὐκ
2849 599 2940 674 ἦν.
2978 604 3022 656 Τ
3024 605 3058 675 ᾖ
3099 603 3206 675 γὰρ
3248 604 3405 675 οὐσίᾳ
3453 605 3621 676 μένων
3649 611 3676 663 δ
3699 609 3774 683 ἦν’

2243 698 2464 763 ἐδέξατο
2490 695 2662 764 πάθη,
2703 695 2898 749 ἑαυτὸν
2929 694 3139 759 ὲνώσας
3159 697 3226 767 τῇ
3270 695 3429 764 φύσει
3457 701 3522 768 τῇ
3565 701 3776 775 παθητῇ,

2254 789 2528 861 ’Υπήκοος
2547 789 2761 858 γέγονε,
2786 787 3068 859 βασιλείαν
3093 787 3168 858 μὴ
3198 787 3526 859 ἀποθέμενος
3543 807 3557 822 '
3585 792 3782 862 γέγονεν

2242 882 2558 954 ἄνθρωπος,
2600 881 2791 952 μείνας
2816 880 2951 944 Θεός
2987 896 3048 933 τε
3073 878 3170 933 καὶ
3192 879 3362 948 Λόγος
3380 896 3395 912 ο
3430 880 3698 952 ἀσώματος
3722 885 3785 940 ὢν

2240 975 2340 1046 τὴν
2372 973 2556 1043 φύσιν,
2581 970 2958 1034 ἀναλλοιὼτως
2984 969 3178 1039 γέγονε
3213 969 3368 1040 σάρξ.
3405 971 3549 1036 Πῶς,
3577 974 3665 1026 καί
3685 976 3784 1029 τίνα

2241 1067 2479 1138 τρόπον;
2509 1067 2622 1136 Οὐχ
2659 1067 2735 1130 ὡς
2768 1064 3085 1134 λογίζεσθαι
3128 1063 3374 1128 δύνασαι,
3410 1065 3522 1118 ἀλλ’
3560 1067 3632 1130 ὼς
3665 1069 3790 1122 ἐκεῖ--

2242 1175 2332 1222 νος
2377 1159 2817 1230 θαυματουργεῖν
2862 1159 3010 1211 ἐστιν
3040 1157 3246 1220 ἱκανός.
3287 1156 3454 1210 Ὅταν
3491 1158 3593 1230 γὰρ
3632 1159 3792 1230 θαῦμά

2245 1265 2327 1302 σοι
2355 1249 2522 1317 λέγω,
2562 1249 2862 1304 κατάλειπε
2906 1247 3224 1318 λογισμούς.
3279 1247 3491 1318 Σημεῖα
3541 1250 3662 1321 γὰρ,
3711 1254 3790 1304 καὶ

2241 1337 2504 1408 τεράστια
2531 1339 2598 1410 τῇ
2633 1336 2729 1390 τοῦ
2771 1337 2909 1391 Θεοῦ
2957 1337 3138 1392 πίστει
3195 1337 3546 1408 κρατύνεται,
3578 1338 3669 1392 καὶ
3708 1340 3792 1391 οὐκ

2243 1430 2534 1498 ὲρευνᾶται
2565 1431 2681 1492 τοῖς
2710 1427 2910 1497 λύγοις.
2941 1428 3076 1482 Οὐδὲ
3100 1428 3211 1499 γὰρ
3240 1427 3368 1482 ἄλλο
3385 1445 3440 1481 τι
3467 1429 3575 1482 τῶν
3607 1428 3794 1500 θαυμά-

2241 1537 2351 1574 των
2382 1521 2524 1575 κατὰ
2552 1520 2710 1590 λάτον
2736 1521 2854 1574 ἐστὶ
2891 1521 2985 1574 τὸν
3015 1522 3307 1594 ἡμέτερον,
3342 1521 3460 1576 ἀλλ’
3487 1523 3631 1593 ὅμως
3655 1523 3794 1590 γέγο-

2243 1627 2335 1665 νεν
2360 1611 2614 1675 ἕκαστον,
2643 1611 2747 1667 κᾶν
2771 1614 2799 1665 6
2822 1611 3082 1682 λογισμὸς
3099 1613 3132 1684 ἡ
3141 1612 3257 1683 μῶν
3283 1613 3388 1667 οὐκ
3404 1615 3696 1684 ἐφικνεῖται
3713 1613 3793 1666 τοῦ
3880 1608 3885 1614 ’

2246 1705 2594 1776 πράγματος.
2637 1704 2826 1758 Ταῦτα
2865 1704 2961 1758 καὶ
3009 1705 3175 1776 μάγοι
3221 1705 3600 1777 ὡμολόγησαν,
3632 1706 3796 1778 ἀστέρι

546 1803 898 1864 assequatur.
941 1794 1072 1850 llaec
1114 1795 1253 1866 Magi
1297 1810 1520 1865 quoque
1549 1795 1787 1850 confessi
1821 1803 1950 1850 sunt
1973 1796 2141 1851 stella!

2245 1797 2661 1863 πιστεύσαντες,
2700 1798 2799 1852 καὶ
2835 1797 2899 1852 ού
2952 1797 3591 1870 πολυπραγμονήσαντες
3641 1797 3796 1868 φύσιν.

546 1886 858 1951 credentes,
881 1895 938 1940 et
968 1901 1078 1940 non
1102 1894 1517 1956 perscrutantes
1536 1894 1791 1940 naturam
1812 1887 1876 1940 δ’.
1915 1886 2141 1940 Barbari

2248 1886 2533 1959 Βάρϐαροι
2563 1884 2809 1958 δέχονται
2836 1886 3022 1940 πίστει
3053 1886 3340 1958 θαύματα·
3373 1869 3470 1942 παὶ
3489 1889 3518 1941 6
3544 1887 3723 1949 πιστὸς
3745 1888 3798 1940 σὺ

547 1977 861 2045 suscipiunt
885 1976 993 2030 ﬁde
1012 1977 1283 2032 miracula
1307 1995 1320 2030 ε
1347 1987 1406 2032 et
1423 1977 1600 2032 fidelis
1625 1986 1682 2031 tu
1703 1993 1802 2032 cur
1822 1977 2144 2032 incredulus

546 2082 629 2131 es,
675 2075 732 2122 et
780 2069 837 2121 in
885 2067 1192 2122 humanam
1241 2066 1455 2122 decidis
1490 2066 2146 2138 cogitationem?Quiex

543 2158 801 2213 Chaldaea
834 2167 1131 2221 venerunt,
1161 2158 1307 2214 sicut
1332 2160 1676 2230 evangelista
1704 2159 1944 2223 dicebat,
1977 2158 2144 2214 hodie

550 2251 653 2320 ipsi
703 2251 818 2305 suis
861 2250 1189 2305 muneribus
1227 2252 1554 2322 mysterium
1586 2257 2058 2316 monstraverunt,
2095 2249 2145 2306 si

547 2345 674 2412 quis
703 2344 1068 2400 barbarorum
1116 2345 1350 2399 illorum'
1388 2345 1736 2415 propositum
1770 2353 1918 2399 recte
1963 2343 2147 2400 consi-

547 2438 725 2491 deret.
762 2435 1063 2506 Triplicem
1097 2451 1337 2507 namque
1369 2452 1664 2493 munerum
1712 2436 1956 2506 speciem
2002 2435 2144 2490 olfe-

547 2538 696 2592 runt,
743 2543 960 2594 aurum,
998 2527 1129 2583 thus
1184 2536 1242 2581 et
1293 2529 1610 2600 myrrham:
1648 2544 1847 2583 aurum
1893 2527 2142 2598 quidem,

545 2620 676 2690 quia
706 2619 754 2674 is
793 2619 910 2675 Rex
937 2629 1022 2675 est
1047 2620 1144 2690 qui
1161 2620 1500 2688 honoratur;
1529 2621 1676 2687 thus,
1701 2621 1834 2690 quia
1857 2621 2004 2676 Deus
2024 2627 2146 2676 erat

544 2710 643 2780 qui
689 2722 853 2766 natus
880 2718 1002 2764 est:
1061 2711 1114 2764 id
1147 2710 1297 2764 enim
1327 2711 1632 2766 secundum
1683 2711 2144 2767 consuetudinem

548 2801 861 2857 offerebant
901 2801 985 2856 eis
1028 2815 1170 2871 quos
1195 2801 1300 2871 ipsi
1326 2802 1598 2872 putabant
1618 2800 1790 2868 deos;
1819 2802 2148 2859 obtulerunt

548 2909 768 2962 quoque
799 2901 854 2947 et
880 2893 1184 2964 myrrham,
1227 2893 1562 2963 passionem,
1587 2901 1649 2948 ut
1680 2895 1945 2962 arbitror,
1979 2912 2143 2962 ,mor-

550 2987 622 3040 tis
651 3001 749 3055 per
801 2985 947 3038 hanc
989 2985 1402 3040 annuntiantes.
1433 2985 1602 3040 Vides
1633 2988 1919 3056 quomodo
1973 2989 2142 3044 etiam

548 3076 686 3147 Magi
715 3083 1122 3146 cognoverunt,
1165 3075 1296 3145 quia
1339 3081 1395 3130 et
1427 3076 1575 3131 Deus
1621 3078 1846 3143 mansit,
1879 3088 1937 3134 et
1979 3079 2142 3137 homo

548 3168 728 3224 factus
769 3177 877 3234 est,
931 3167 1244 3237 suscipiens
1286 3168 1558 3222 mortem?
1608 3168 1810 3224 Factus
1858 3178 1945 3224 est
1991 3171 2139 3225 enim

547 3261 693 3330 quod
725 3276 848 3331 ego,
905 3269 964 3314 ut
989 3268 1237 3315 nostram
1261 3268 1516 3315 naturam
1540 3261 1608 3316 ad
1633 3276 1789 3316 suam
1815 3261 2139 3333 dignitatem

549 3353 902 3423 proveheret.
934 3351 1127 3408 Unitas
1155 3351 1304 3408 enim
1350 3351 1454 3410 hoc
1485 3351 1637 3418 facit,
1665 3352 1888 3422 utrique
1909 3369 2031 3423 qum
2057 3355 2138 3409 al-

552 3441 722 3496 terius
750 3449 881 3496 sunt
909 3441 1267 3512 conjungens.
1309 3442 1614 3511 Propterea
1655 3458 1808 3513 ergo,
1839 3459 1965 3498 cum
1996 3445 2141 3502 Deus

547 3539 712 3596 esset,
753 3531 922 3586 homo
963 3530 1142 3586 factus
1179 3538 1285 3595 est,
1330 3540 1393 3586 ut
1429 3531 1595 3587 homo
1642 3532 1799 3589 fieret
1834 3536 2000 3600 Deus,
2036 3537 2142 3593 hac

547 3621 898 3691 copulatione
927 3621 997 3676 ad
1030 3621 1274 3676 divinam
1320 3622 1553 3693 gloriam
1583 3623 1862 3692 elevatus,
1908 3636 1970 3682 ut
2000 3644 2146 3683 unus

549 3714 810 3784 idemque
831 3715 924 3780 sit,
953 3722 1010 3768 et
1043 3714 1228 3769 divine
1257 3713 1690 3785 gloriﬁcatus,et
1717 3733 1841 3788 quae
1878 3729 2009 3774 sunt
2037 3721 2146 3776 hu—

547 3820 707 3859 mana
741 3819 1059 3875 perpessus.
1100 3805 1171 3861 Et
1219 3804 1326 3861 hoc
1357 3805 1647 3862 nobiscum
1695 3808 1932 3864 confessi
1989 3819 2140 3877 sunt,

547 3911 674 3951 eum
712 3894 994 3961 deitatem,
1031 3904 1147 3950 tum
1175 3895 1576 3952 humanitatem
1609 3897 1957 3955 conﬁtentes.
1982 3901 2141 3968 Quod

544 3989 693 4044 enim
723 3989 943 4044 unitum
993 3996 1099 4055 est,
1134 4004 1486 4060 nequaquam
1525 3989 1659 4056 duo,
1707 3990 1806 4047 sed
1839 4007 2011 4046 unum
2034 4007 2138 4048 no-

544 4078 806 4134 minatur.
865 4079 1228 4152 Intelligentia
1261 4087 1450 4136 autem
1499 4095 1698 4135 rursus
1745 4081 1794 4136 si
1823 4081 2046 4149 dividis,
2081 4089 2140 4139 et

543 4171 979 4243 unumquodque
1007 4187 1259 4228 seorsum
1285 4171 1700 4242 contempleris,
1728 4173 1992 4229 nimirum
2021 4175 2135 4231 sol-

541 4260 627 4317 vis
646 4262 934 4316 unitatem.
962 4259 1308 4332 lmpossibile
1324 4267 1410 4316 est
1433 4258 1582 4315 enim
1601 4259 1765 4315 simul
1781 4269 1839 4316 et
1853 4260 2136 4318 custodire

2243 1978 2298 2032 τί
2330 1979 2602 2044 ἀπιστεῖς,
2634 1978 2772 2049 πρὸς
2795 1977 3056 2048 λογισμὸν
3073 1979 3437 2032 καταπίπτων
3459 1977 3556 2032 ἀνθ
3563 1980 3801 2049 ρώπινον;

2243 2069 2308 2124 Ol.
2337 2069 2404 2121 ἐκ
2442 2068 2720 2133 Χαλδαίας
2759 2069 3227 2140 παραγενόμενοι,
3261 2069 3339 2134 ὡς
3367 2071 3396 2122 6
3439 2067 3801 2138 εύαγγελιστὴς

2243 2159 2422 2227 ἔλεγε,
2486 2161 2730 2231 σήμερον
2782 2160 2969 2222 αὐτοῖς
3005 2162 3121 2224 τοῖς
3171 2159 3374 2232 δώροις
3426 2160 3488 2214 τὺ
3536 2161 3804 2231 μυστήριον

2244 2249 2455 2316 ἔδειξαν
2490 2251 2571 2321 τῷ
2623 2251 2717 2304 τὸν
2776 2251 2980 2304 σκοπὸν
3022 2251 3129 2305 τῶν
3189 2252 3490 2324 βαρῦάρων
3539 2252 3803 2323 συνορῶντι

2244 2343 2447 2407 καλῶς.
2501 2343 2732 2415 Τριττὸν
2781 2343 2890 2415 γὰρ
2921 2339 3064 2409 εἶδος
3118 2343 3229 2396 τῶν
3286 2344 3480 2416 δώρων
3533 2345 3804 2416 προσκομί-

2247 2431 2426 2499 Coum,
2474 2432 2698 2504 χρυσὸν,
2742 2432 2982 2497 λίϐανον,
3022 2432 3295 2504 σμύρναν.
3339 2433 3559 2504 Χρυσὺν
3594 2434 3704 2501 μὲν,
3737 2434 3805 2486 ὅτι

2247 2523 2504 2596 βασιλεὺς
2542 2525 2572 2578 6
2603 2523 2947 2596 τιμώμενος·
2991 2524 3213 2580 λίϐανον
3260 2526 3342 2591 δὲ,
3400 2527 3486 2579 ὅτι
3522 2524 3650 2588 Θεὸς
3690 2519 3750 2595 ἦν
3783 2524 3808 2576 6

2245 2615 2465 2686 τεχθείς
2482 2632 2495 2645 ·
2524 2614 2716 2669 τοῦτον
2743 2614 2855 2686 γὰρ
2882 2613 2942 2681 ἐξ
2983 2613 3143 2678 ἔθους
3174 2615 3581 2686 προσεκόμιζον
3605 2615 3707 2676 τοῖς
3733 2613 3806 2664 ὑπ’

2244 2705 2426 2761 αὐτῶν
2452 2706 2835 2778 νομιζομένοις
2855 2707 3000 2770 Θεοῖς
3021 2723 3036 2736 ·
3067 2707 3449 2778 προσφέρουσι
3469 2707 3526 2760 δὲ
3556 2706 3646 2760 καὶ
3669 2704 3811 2776 σμύρ-

2241 2815 2360 2864 ναν,
2391 2797 2454 2851 τὺ
2487 2797 2681 2862 πάθος,
2705 2792 2884 2868 οἶμαι,
2911 2797 3006 2850 τοῦ
3038 2797 3273 2852 θανάτου
3305 2797 3483 2869 ταύτῃ
3521 2796 3810 2868 μηνύοντες.

2245 2886 2406 2954 Εἶδες
2434 2890 2552 2955 πῶς
2575 2891 2672 2944 καὶ
2703 2892 2870 2960 μάγοι
2890 2890 3238 2960 ἐπέγνωσαν,
3252 2891 3459 2946 ὄτικαὶ
3483 2889 3615 2952 Θεὸς
3635 2889 3813 2958 ἔμεινε,

2245 2981 2340 3035 καὶ
2374 2981 2663 3052 ἄνθρωπος
2725 2983 2943 3052 γέγονε,
2989 2983 3288 3054 δεχόμενος
3335 2983 3598 3048 θάνατον;
3645 2980 3816 3047 Γέγονε

2244 3073 2355 3144 γὰρ
2384 3074 2522 3144 ὅπερ
2567 3071 2699 3142 ἐγὼ,
2728 3073 2817 3126 ἵνα
2866 3073 2967 3144 τὴν
3005 3074 3291 3146 ἡμετέραν
3338 3073 3648 3144 ἀναὸιόάσῃ
3681 3071 3819 3142 φύσιν

2245 3166 2384 3236 πρὸς
2427 3165 2527 3236 τὴν
2561 3165 2697 3219 ἰδίαν
2727 3165 2910 3232 ἀξίαν.
2954 3166 3020 3220 Ἠ
3065 3167 3176 3238 γὰρ
3229 3166 3438 3230 ἓνωσις
3471 3165 3632 3220 τοῦτο
3674 3163 3817 3224 ποιεῖ,

2246 3257 2494 3328 ἑκατέρῳ
2530 3257 2599 3311 τὰ
2631 3257 2725 3311 τοῦ
2772 3257 2960 3327 ἐτέρου
2994 3258 3379 3313 συνάπτουσα.
3427 3258 3531 3312 Διὰ
3559 3258 3710 3311 τοῦτο
3744 3248 3822 3307 οὖν

2245 3349 2379 3412 Θεὸς
2405 3350 2502 3414 ὢν,
2535 3349 2824 3420 ἄνθρωπος
2863 3349 3110 3420 γέγονεν,
3150 3351 3237 3403 ἴνα
3282 3351 3387 3404 καὶ
3424 3351 3711 3423 ἄνθρωπος
3744 3345 3820 3414 γέ·

2247 3439 2585 3515 νηταμθεὸς,
2628 3443 2697 3512 τῇ
2743 3440 3014 3513 συναφείᾳ
3045 3440 3220 3513 ταύτῃ
3263 3443 3414 3514 πρὸς
3466 3440 3654 3512 eam
3691 3437 3822 3504 δόξαν

2246 3532 2617 3603 ἀναγόμενος·
2649 3533 2726 3597 ὡς
2770 3532 2868 3586 ἕνα
2913 3531 3010 3586 καὶ
3039 3532 3134 3587 τὸν
3161 3534 3335 3590 αὐτὸν
3364 3529 3510 3588 εἶναι
3546 3532 3732 3593 θεϊκῶς
3773 3542 3824 3579 τε

2243 3623 2603 3694 δοξαζόμενον
2628 3665 2644 3689 ,
2697 3624 2794 3678 καὶ
2849 3624 3132 3696 πάσχοντα
3186 3623 3260 3678 τὰ
3313 3624 3678 3696 ἀνθρώπινα.
3730 3618 3824 3674 Καὶ

2240 3715 2415 3771 ταῦτα
2440 3715 2553 3787 μὲν
2588 3716 2706 3788 (12)
2735 3716 3215 3788 συνωμολόγησαν,
3276 3715 3683 3788 ὁμολογοῦντες
3727 3711 3821 3782 (15)

2241 3808 2474 3880 θεότητά
2501 3825 2561 3862 τε
2581 3808 2680 3862 καὶ
2710 3808 3133 3879 ἀνθρωπότητα.
3173 3808 3247 3862 Τὸ
3279 3809 3397 3882 γὰρ
3417 3807 3642 3873 ἑνωθὲν,
3665 3803 3825 3860 οὐκέτι

2236 3897 2352 3963 δύο,
2395 3897 2510 3951 ἀλλ’
2541 3897 2601 3951 ἓν
2633 3897 2985 3968 ὀνομάζεται.
3006 3899 3084 3970 Τῇ
3112 3898 3170 3953 δὲ
3199 3900 3398 3973 ἐννοίᾳ
3431 3900 3603 3954 πάλιν
3626 3899 3674 3951 εί
3701 3895 3820 3949 διαι-

2246 3991 2384 4062 ρεῖς,
2435 3989 2529 4044 καὶ
2553 3989 2785 4044 ἕκαστον
2816 3991 2939 4044 κατ’
2969 3990 3105 4044 ιδίαν
3155 3996 3416 4059 σκοπεῖς,
3465 3990 3665 4047 οὐκοῦν
3699 3985 3826 4048 λύεις

2242 4081 2343 4151 τὴν
2390 4080 2607 4134 ἕνωσιν.
2646 4080 2935 4136 Ἀδύνατον
2967 4081 3078 4153 γὰρ
3103 4081 3222 4153 ἅμα
3277 4086 3382 4138 καὶ
3415 4083 3710 4154 φυλάττειν
3742 4077 3826 4144 τὴν

2243 4171 2459 4237 ἕνωσιν,
2495 4173 2590 4227 καὶ
2611 4172 2873 4245 ἑκάτερον
2910 4175 3031 4232 κατ’
3069 4173 3207 4228 ίδίαν
3249 4178 3520 4230 σκοπεῖν.
3584 4170 3740 4228 Ἀλλὰ
3777 4164 3828 4221 τὸ

2243 4263 2466 4328 ἑνωθὲν,
2491 4262 2704 4329 άλύτως
2737 4263 2796 4316 ἓν
2820 4263 3035 4333 γέγονε,
3063 4265 3158 4320 καὶ
3192 4264 3394 4319 οὐκέτι
3423 4266 3642 4336 γίνεται
3663 4261 3768 4317 δύο.

543 4351 833 4418 unitatem,
883 4360 942 4408 et
991 4361 1290 4424 utrumque
1331 4351 1566 4410 seorsim
1596 4351 1972 4409 considerare.
2022 4353 2132 4411 Sed
2170 4357 2318 4427 quod
2373 4364 2461 4414 est
2491 4356 2733 4423 unitum,
2766 4355 3143 4415 insolubiliter
3200 4371 3386 4412 unum
3417 4357 3632 4414 factum
3670 4359 3830 4414 θείνει

542 4448 890 4512 nequaquam
919 4441 1064 4498 fiunt
1089 4443 1222 4499 duo.

614 4535 703 4593 Vl.
744 4537 853 4594 Sed
905 4539 1023 4593 sola
1067 4537 1432 4610 intelligentia
1471 4538 1680 4608 divido,
1734 4541 1936 4614 inquit.
1993 4543 2140 4615 Ergo
2172 4546 2216 4602 D

544 4630 737 4686 eadem
764 4631 1124 4702 intelligentia
1161 4631 1428 4687 unitatem
1461 4633 1708 4690 solvisti:
1730 4649 1857 4689 nam
1883 4649 1996 4704 quo
2019 4635 2136 4692 dis-

541 4723 726 4794 jungis
756 4723 824 4776 ab
851 4722 1025 4778 altero
1042 4723 1296 4791 alterum,
1325 4723 1520 4780 eodem
1550 4725 1959 4795 copulationem
1988 4725 2134 4781 divi-

547 4813 653 4868 dis.
695 4812 839 4880 Quid
865 4828 997 4884 ergo
1029 4811 1285 4870 dissolvis
1314 4814 1786 4885 dispensationem
1815 4814 2131 4882 salutarem,

545 4905 655 4960 duo
721 4903 1057 4975 intelligens,
1117 4913 1172 4958 et
1232 4904 1502 4959 unitatem
1547 4903 1853 4974 repellens?
1911 4903 2018 4960 Sed
2074 4915 2136 4960 ut

545 5013 778 5070 magnus
804 4995 1106 5068 Apostolus
1141 4996 1218 5050 ait
1243 5014 1256 5050 :
1291 5016 1309 5048 ι
1344 4996 1505 5053 Iesus
1529 4995 1784 5051 Christus
1802 4995 1924 5050 heri
1959 5005 2014 5050 et
2036 4997 2135 5052 ho-

544 5090 655 5154 die,
680 5089 799 5159 ipse
832 5097 889 5143 et
925 5089 981 5142 in
1002 5087 1202 5144 saecula
1221 5089 1300 5157 5';
1328 5108 1345 5139 ι
1372 5102 1544 5142 unum
1567 5095 1623 5142 et
1641 5085 1896 5142 eumdem
1923 5087 2135 5157 dicens,

543 5189 926 5251 :eternumque
963 5189 1021 5235 et
1047 5180 1241 5245 Deum,
1273 5188 1331 5235 et
1364 5179 1647 5235 hominem
1677 5195 1709 5234 a
1747 5185 1991 5250 tempore
2023 5181 2136 5236 .ini-

548 5269 683 5322 tium
715 5270 1047 5338 habentem;
1081 5287 1148 5327 ex
1170 5271 1376 5342 quibus
1409 5271 1646 5327 alterum
1694 5271 1850 5341 prius
1882 5279 2023 5338 erat,
2055 5273 2136 5328 al-

546 5365 728 5412 terum
783 5359 958 5416 factus
1005 5369 1091 5416 est
1131 5361 1437 5431 posterius.
1469 5359 1576 5415 Sed
1601 5361 1900 5432 quomodo,
1937 5361 2137 5438 inquit,

549 5447 871 5519 Unigenitus
903 5466 1097 5508 servus
1119 5453 1296 5508 factus
1318 5460 1423 5518 est,
1451 5467 1682 5508 manens
1720 5452 1869 5524 quod
1906 5463 2046 5519 erat,
2069 5463 2128 5510 et

549 5538 721 5594 factus
745 5541 890 5612 quod
945 5558 1057 5598 non
1083 5545 1240 5600 erat?
1265 5542 1323 5599 Si
1351 5543 1436 5600 vis
1465 5543 1572 5600 hoc
1594 5559 1952 5617 cognoscere,
1977 5545 2126 5605 disce

616 5690 660 5723 ⁸³
684 5691 873 5747 Matth.
905 5709 964 5758 ιι,
1000 5695 1202 5766 l-seqq.
1249 5697 1295 5731 ⁸³
1321 5695 1489 5751 Henr.
1526 5711 1644 5766 xm,
1674 5701 1730 5754 8.

623 5825 732 5893 ([2)
773 5829 891 5881 Ἵσ.
922 5829 1077 5895 ἡμῖν.

2318 4545 2413 4612 ς’.
2451 4542 2595 4598 Ἀλλ’
2621 4543 2840 4614 δπινοίᾳ.
2863 4541 3004 4612 μόνῃ
3032 4539 3280 4611 χωρίζω,
3309 4541 3517 4615 φησίν.
3553 4537 3831 4607 οὐκοῦντῇ

2241 4633 2384 4706 αὐτῇ
2417 4632 2636 4704 ἐπινοίᾳ
2671 4632 2768 4686 καὶ
2797 4631 2898 4701 τὴν
2916 4631 3112 4686 ἕνωσιν
3134 4629 3341 4695 ελυσας
3361 4647 3377 4663 ο
3415 4625 3466 4701 ᾧ
3507 4633 3623 4702 γὰρ
3643 4629 3833 4696 διῖστᾷς

2241 4725 2338 4780 τοῦ
2381 4725 2574 4798 ἑτέρου
2621 4723 2688 4779 τὸ
2736 4724 2957 4796 ἕτερον,
2997 4723 3174 4796 τούτῳ
3223 4724 3326 4778 καὶ
3383 4724 3494 4797 τὴν
3558 4723 3835 4792 συνάφειαν

2242 4817 2459 4889 ἔτεμες.
2497 4817 2563 4875 Τί
2599 4812 2696 4872 οὖν
2739 4815 3000 4881 ἀναλύεις
3047 4816 3378 4887 οἰκονομίαν
3423 4819 3727 4888 σωτήριον,
3755 4812 3836 4866 δύο

2240 4912 2400 4975 νοῶν,
2452 4911 2548 4965 καὶ
2578 4909 2678 4982 τὴν
2731 4910 2932 4964 ἕνωσιν
2958 4907 3200 4974 ἀθετῶνε
3255 4908 3440 4964 Ἀλλὰ
3497 4909 3650 4966 καθὰ
3697 4905 3838 4962 καὶὸ

2242 5005 2422 5073 μέγας
2472 5001 2800 5065 Ἀπόστολός
2829 5017 2998 5072 φησιν
3019 5038 3036 5066 ,
3080 5019 3100 5052 ι
3142 4998 3364 5071 Ἰησοῦς
3425 5003 3674 5074 Χριστὸς
3730 4999 3838 5071 χθὲς

2235 5093 2332 5148 καὶ
2361 5094 2634 5166 σήμερον,
2653 5095 2682 5147 6
2706 5091 2872 5156 αὐτὸς
2898 5091 2996 5146 καὶ
3019 5093 3102 5154 είς
3123 5091 3254 5154 τοὺς
3284 5091 3512 5158 αἰῶνας
3530 5109 3545 5124 ο
3575 5112 3596 5145 ι
3634 5093 3734 5147 ἕνα
3757 5084 3839 5141 καὶ

2235 5183 2328 5238 τὸν
2359 5184 2521 5238 αὑτὸν
2551 5184 2749 5254 λέγων,
2771 5181 2992 5241 αἰώνιόν
3022 5198 3082 5236 τε
3112 5180 3208 5236 καὶ
3235 5181 3408 5247 Θεὸν,
3447 5184 3552 5238 καὶ
3592 5181 3706 5237 ἀπὸ
3726 5175 3832 5248 χρό·

2234 5293 2341 5330 νων
2365 5276 2671 5347 ἀρχόμενον
2701 5273 3021 5345 ἄνθρωπον·
3056 5273 3121 5327 τὸ
3154 5272 3258 5344 μὲν
3293 5273 3443 5329 ὄντα
3477 5264 3841 5347 πρότερον,τὸ

2237 5367 2310 5448 δὲι
2327 5367 2619 5438 γενόμενον
2653 5366 2903 5437 ὕστερον.
2947 5363 3114 5420 Ἀλλὰ
3142 5361 3284 5430 πῶς,
3322 5366 3531 5436 φησιν,
3561 5364 3840 5448 ὁΜονογεΪ

2233 5445 2330 5530 νὴς
2351 5457 2538 5522 δοῦλος
2565 5457 2884 5529 γεγένηται,
2936 5457 3126 5528 μείνας
3161 5454 3190 5508 δ
3214 5449 3316 5524 ἦν,
3367 5457 3472 5511 καὶ
3500 5455 3792 5528 γενόμενος
3817 5445 3843 5500 ὃ

2233 5546 2335 5602 οὐκ
2356 5542 2457 5618 ἦν;
2485 5548 2548 5601 El
2579 5547 2762 5617 βούλει
2791 5547 2952 5602 τοῦτο
2983 5546 3197 5617 μαθεῖν,
3232 5543 3396 5614 μάθε
3436 5548 3527 5604 ὅτι
3550 5537 3846 5616 γέγονεοτδ

2307 5833 2418 5904 (l3)
2456 5832 2572 5888 Ἵνα
2611 5833 2810 5898 πάντες
2849 5835 2906 5889 ἓν
2930 5828 3090 5902 ὦσιν,
3127 5835 3578 5906 ὁμολογοῦντες.
