4076 6508
342 547 486 609 ιεετ
1279 532 1567 594 nonum
1599 532 1642 588 ι.
1677 530 1746 587 IN
1785 528 1900 587 me
1938 527 2385 587 ΝΑΤινιτΑτιε
2421 528 2685 587 DOMlNl.
3470 532 3613 590 ηδε

337 668 398 724 δὲ
429 663 548 733 πῶς
571 661 820 733 γέγονεν,
843 658 874 713 ό
893 653 1396 727 θαυματουργὴσας
1422 650 1715 707 ἐπίσταται
1740 646 1923 717 μόνος.

2029 647 2157 717 quia
2186 648 2366 705 factus
2387 658 2473 704 εει
2501 689 2513 701 .
2541 645 2818 718 quomodo
2856 662 2988 705 vero
3016 646 3192 705 factus
3214 648 3308 713 sit,
3344 647 3495 703 solus
3524 649 3618 703 ilic

337 730 615 827 Ούδεγὰρ
640 730 704 808 σύ
745 770 836 825 μοι
865 749 1092 804 δύνασαι
1134 746 1341 816 λέγειν,
1375 743 1496 808 πῶς
1536 745 1565 797 ὁ
1606 741 1715 795 τῶν
1755 741 1923 808 Ᾱίγυ·

2026 739 2425 795 miraculorum
2454 738 2639 810 opifex
2676 735 2849 795 novit.
2879 740 3071 812 Neque
3099 741 3248 796 enim
3278 748 3339 795 tu
3366 740 3502 796 mihi
3529 740 3614 795 di-

339 851 515 905 σιτίων
540 845 788 919 ποταμὸς
811 839 955 915 αἷμα
981 840 1302 912 γεγένηται,
1323 835 1704 908 ἀμεταϐλήτου
1739 831 1923 904 μεινά-

2024 845 2150 885 cere
2182 831 2411 901 poteris,
2445 830 2723 901 quomodo
2751 829 3134 902 Egyptiorum
3166 830 3369 887 ﬂuvius
3393 832 3617 904 sanguis

339 958 440 1012 σης
462 940 562 1010 τῆς
585 935 679 991 τοῦ
708 935 897 997 ὓδατος
933 931 1168 1002 φύσεως.
1202 926 1315 983 Καὶ
1357 925 1469 996 γὰρ
1513 925 1590 988 ὡς
1625 922 1779 1012 ῦδατι
1824 921 1923 1012 μὲν

2023 928 2109 975 εει
2158 919 2355 984 factus,
2412 919 2745 975 immutabili
2800 936 3067 991 aquarum
3111 930 3470 992 permanente
3513 938 3616 977 na-

337 1009 405 1085 ol'
445 1009 694 1099 Ἑϐραῖοι
743 1024 1041 1096 κέχρηντοι
1094 1013 1235 1089 αἷμα
1281 1016 1340 1070 δὲ
1373 1018 1486 1078 τοῖς
1529 1010 1857 1099 Αίγυπτίοις
1894 1009 1923 1062 ὁ

2026 1018 2149 1064 tura
2169 1009 2236 1064 ³⁸.
2280 1010 2500 1066 Etenim
2541 1011 2694 1066 velut
2719 1025 2861 1081 aqua
2899 1010 3123 1081 quidem
3175 1012 3478 1069 utebantur
3510 1012 3618 1068 He-

338 1121 532 1183 Νεῖλος
547 1095 803 1187 -ὲγένετο,
837 1114 934 1168 καὶ
966 1111 1192 1182 γέγονεν
1221 1108 1250 1162 δ
1280 1107 1382 1161 οὐκ
1411 1101 1502 1177 ἦν,
1557 1102 1747 1177 μείνας
1771 1101 1800 1156 ὃ
1828 1095 1919 1172 ἦν.

2023 1100 2192 1167 braei;
2221 1102 2445 1173 sanguis
2477 1109 2663 1158 autem
2697 1099 2969 1173 Egyptiis
3002 1100 3161 1158 Nilus
3192 1102 3372 1159 factus
3397 1110 3521 1159 est:
3560 1113 3616 1160 et

342 1212 480 1267 Εἰπέ
511 1229 600 1283 μοι
632 1209 727 1262 τὸν
754 1206 987 1279 τρόπον⁸
1019 1203 1136 1258 ἀλλ’
1165 1202 1266 1256 οὐκ
1313 1199 1459 1271 ἔχεις
1495 1199 1706 1252 είπεῖν·
1733 1192 1923 1265 θαῦμα

2023 1193 2202 1250 factus
2227 1204 2312 1250 est
2338 1193 2487 1266 quod
2529 1211 2640 1250 non
2675 1205 2817 1262 erat,
2874 1206 3106 1251 manens
3144 1196 3292 1266 quod
3319 1204 3458 1252 erat.
3514 1197 3616 1253 Dic

338 1305 451 1375 γάρ
486 1304 603 1355 ἔστι
637 1297 797 1364 Θεοῦ,
844 1295 1145 1367 λογισμοὺς
1190 1289 1642 1364 παρωθούμενον.
1686 1286 1823 1375 Πῶς,
1862 1283 1925 1337 δε

2022 1286 2159 1341 mihi
2196 1285 2463 1342 modum:
2508 1287 2605 1343 sed
2643 1298 2754 1343 non
2786 1287 2998 1359 poteris
3027 1286 3248 1353 dicere;
3288 1287 3617 1344 miraculum

340 1374 439 1450 ml.
476 1394 538 1448 τὸ
559 1390 674 1463 φῶς
713 1391 772 1444 ὲν
799 1386 1065 1458 Αἰγύπτῳ
1096 1384 1290 1454 γέγονε
1318 1381 1532 1447 σκότος,
1563 1380 1626 1433 ού
1670 1374 1918 1463 σϐεσθὲν,

2021 1393 2260 1448 namque
2287 1378 2387 1434 Dei
2423 1387 2527 1445 est,
2558 1378 2776 1450 fugiens
2809 1378 3102 1435 rationem.
3129 1378 3419 1447 Quomodo
3446 1381 3615 1436 etiam

339 1485 479 1542 ἀλλὰ
513 1462 676 1557 μένον
700 1481 728 1535 δ
765 1476 867 1552 ἦν;
914 1477 1129 1550 Ἡμέρα
1152 1476 1261 1548 γὰρ
1287 1474 1401 1536 τοῖς
1444 1468 1806 1544 Ἰσραηλίταις
1826 1462 1916 1539 ἦν,

2020 1468 2205 1524 lumen
2231 1470 2288 1525 in
2319 1469 2553 1543 Egypto
2587 1471 2793 1528 factum
2815 1479 2901 1527 est
2920 1472 3184 1538 tenebrae,
3210 1486 3323 1529 non
3343 1474 3618 1530 exstincto

337 1582 437 1634 καὶ
459 1577 712 1651 λαμπρὸν
748 1575 933 1638 αὐτοῖς
972 1574 1206 1643 παρεῖχε
1240 1567 1301 1623 τὸ
1331 1566 1469 1639 φῶς,
1505 1565 1620 1628 τοῖς
1657 1561 1716 1616 δὲ
1755 1561 1920 1629 Δίγυ-

2020 1561 2251 1625 lumine,
2272 1560 2371 1616 sed
2399 1570 2655 1618 manente
2680 1562 2829 1633 quod
2858 1572 2979 1620 erat
2996 1564 3081 1618 ιιι
3099 1563 3234 1620 Dies
3261 1563 3411 1619 enim
3440 1564 3615 1620 Israe-

337 1671 518 1735 πτίοις
536 1648 600 1724 τὸ
620 1648 735 1737 φῶς
749 1665 910 1721 τοῦτο
932 1663 1124 1734 γέγονε
1149 1660 1359 1724 σκότος’
1374 1658 1468 1713 καὶ
1490 1655 1551 1710 ἓν
1566 1655 1629 1709 τὸ
1643 1653 1920 1725 δρώμενον

2021 1648 2135 1706 litis
2184 1660 2323 1717 erat,
2360 1661 2418 1707 et
2469 1652 2681 1707 clarum
2726 1666 2825 1708 eos
2875 1652 3337 1725 cireumfulgehat
3386 1654 3609 1721 lumen;

335 1762 420 1826 ὃν,
460 1759 576 1830 φῶς
604 1775 665 1812 τε
691 1755 759 1829 ἦν
789 1756 927 1827 ὁμοῦ
958 1754 1053 1808 καὶ
1082 1753 1293 1819 σκότος,
1330 1750 1453 1805 οὐδὲ
1489 1747 1557 1803 ὲκ
1594 1745 1787 1800 τούτου
1812 1761 1920 1817 με·

2017 1740 2288 1814 ίΕςγριίῑε
2317 1751 2503 1799 autem
2535 1742 2643 1799 hoc
2679 1743 2869 1799 lumen
2898 1743 3107 1801 factum
3137 1753 3224 1802 est
3250 1747 3522 1804 tenebraaz
3555 1757 3612 1804 et

296 1854 297 1857 “
333 1851 627 1923 ταϐληθὲν,
659 1850 882 1904 κάκεῖνο
926 1845 1256 1918 γενόμενονο
1298 1840 1422 1896 οὐδὲ
1461 1839 1572 1912 γὰρ
1600 1835 1697 1892 τοῦ
1741 1837 1906 1907 φωτὸς

2021 1850 2148 1892 cum
2183 1850 2354 1890 unum
2381 1843 2529 1892 esset
2560 1837 2708 1907 quod
2731 1838 3046 1902 videbatur,
3074 1839 3264 1894 lumen
3293 1847 3415 1896 erat
3445 1840 3610 1896 simul

335 1943 603 2006 παθόντος
635 1941 827 2004 σκότος
863 1938 1102 2008 ἐγένετο,
1131 1934 1226 1990 τοῦ
1272 1932 1409 1988 Θεοῦ
1439 1927 1922 2003 θαυματουργοῦν-

2020 1934 2077 1982 ει
2104 1925 2345 1982 tenebrae
2369 1943 2383 1980 :
2407 1930 2589 1998 neque
2610 1943 2677 1984 ex
2699 1928 2807 1985 hoc
2824 1938 3119 1995 mutatum,
3138 1936 3196 1984 ει
3208 1928 3358 1984 aliud
3377 1929 3607 1986 factum.

333 2051 451 2099 τος,
501 2033 597 2088 καὶ
652 2031 745 2085 τὸν
792 2029 951 2098 λόγον
991 2029 1093 2083 οὐκ
1140 2023 1497 2097 ἐκδεχομένου
1545 2023 1649 2092 τῆς
1681 2017 1916 2091 φύσεως.

2021 2016 2140 2072 Νοιι
2172 2017 2321 2073 enim
2367 2018 2577 2073 lumine
2623 2020 2891 2090 patiente,
2941 2020 3185 2076 tenebrae
3222 2019 3360 2075 illud
3401 2019 3609 2076 factum

338 2125 466 2190 Πῶς
499 2121 593 2181 οὗν
643 2123 705 2178 τὸ
735 2122 880 2192 ὕδωρ
915 2121 1012 2175 τοῦ
1061 2118 1280 2182 Νείλου,
1331 2116 1522 2188 μεῖναν
1552 2111 1723 2182 ὕδωρ,
1778 2104 1919 2182 αἷμα

2020 2115 2105 2162 εει
2119 2124 2135 2174 ;
2148 2107 2262 2163 Deo
2276 2107 2540 2163 nimirum
2567 2108 2803 2165 faciente
2819 2110 3107 2171 miracula,
3125 2125 3229 2166 nec
3253 2119 3609 2181 exspectante

333 2219 630 2291 γεγένηται
654 2234 670 2283 ;
765 2217 883 2279 πῶς
919 2214 1012 2268 ἐπὶ
1062 2211 1164 2283 τῆς
1214 2208 1351 2272 ἰδίας
1384 2205 1601 2277 φύσεως
1632 2206 1822 2276 μεῖναν
1857 2201 1920 2256 τὸ

2019 2207 2232 2254 naturae
2260 2199 2556 2255 rationem.
2589 2199 2878 2267 Quomodo
2901 2214 3031 2272 ergo
3064 2215 3204 2271 aqua
3227 2200 3336 2255 Nili
3376 2215 3609 2257 manens

334 2308 475 2380 φῶς,
506 2309 697 2372 σκότος
729 2307 980 2377 ὲγένετο;
1010 2303 1148 2357 Οὐδὲ
1175 2301 1284 2374 γὰρ
1313 2298 1473 2355 τοῦτο
1493 2296 1782 2368 ἔφθαρται,
1813 2295 1918 2349 κὰ-

2020 2305 2183 2361 aqua,
2213 2291 2437 2361 sanguis
2461 2291 2751 2347 estfacta?
2775 2302 2871 2348 aut
2897 2293 3177 2365 quomodo
3208 2293 3263 2348 in
3286 2308 3385 2349 sua
3407 2300 3609 2348 natura

333 2401 485 2455 κεῖνο
514 2400 827 2471 γεγένηται.
868 2396 1004 2452 Οὐδὲ
1037 2395 1146 2466 γὰρ
1175 2392 1388 2464 ἐφθάρη
1421 2391 1456 2462 ᾑ
1478 2388 1640 2460 φύσις
1667 2386 1762 2441 τοῦ
1791 2386 1920 2441 ὓδα-

2020 2396 2249 2438 manens
2276 2383 2487 2449 lumen,
2506 2385 2758 2440 tenebrae
2784 2385 2989 2441 factum
3023 2386 3148 2440 est?
3169 2386 3287 2440 Non
3316 2385 3467 2441 enim
3499 2386 3609 2442 hoc

332 2507 428 2553 τος
455 2505 469 2518 ·
495 2490 590 2542 καὶ
613 2487 835 2560 ἐδήλουν
866 2486 913 2539 οἱ
948 2483 1215 2555 Ἑϐραῖοι,
1235 2479 1396 2534 τοῦτο
1417 2479 1647 2547 πότιμον
1673 2473 1913 2546 ἔχοντες·

2021 2484 2345 2545 corruptum
2383 2485 2488 2545 εει,
2519 2485 2575 2533 ει
2601 2477 2736 2533 illud
2761 2477 2989 2534 factum.
3026 2479 3148 2535 Non
3172 2480 3322 2535 enim
3345 2492 3606 2551 corrupta

330 2577 454 2632 ἀλλ’
483 2577 670 2648 ἔμεινε
704 2577 801 2630 καὶ
829 2574 968 2645 αὐτὴ
1018 2574 1052 2645 ἡ
1105 2571 1268 2642 φύσις
1301 2572 1360 2624 ὲν
1410 2569 1560 2632 ἰδίοις
1607 2567 1774 2637 ὅροις,
1823 2562 1920 2618 καὶ⁵

2019 2572 2106 2622 εει
2153 2582 2420 2637 aquarum
2463 2572 2695 2625 natura:
2737 2570 2886 2641 quod
2939 2571 3309 2626 ostendebant
3361 2572 3601 2637 Hebraei,

330 2667 561 2738 γέγονεν
584 2660 745 2734 αἷμα,
775 2665 914 2737 ὅπερ
936 2664 1035 2718 οὐκ
1054 2659 1143 2735 ἦν,
1165 2660 1301 2745 Θεοῦ
1325 2660 1467 2730 ὑπὲρ
1495 2656 1652 2726 λόγον
1674 2654 1919 2710 δεικνύνε

2020 2655 2165 2712 hanc
2206 2656 2477 2713 habentes
2506 2659 2845 2730 potabilem:
2886 2661 2985 2716 sed
3019 2662 3221 2716 mansit
3256 2661 3374 2732 ipsa
3407 2671 3608 2718 natura

329 2775 426 2824 τος
454 2758 517 2812 τὸ
551 2757 757 2828 θαῦμα.
2020 2749 2077 2803 in
2101 2749 2217 2805 suis
2233 2750 2505 2816 terminis,
2534 2758 2591 2807 et
2612 2751 2756 2807 facta
2777 2762 2863 2809 est
2886 2755 3128 2825 sanguis,
3158 2754 3304 2825 quod
3334 2764 3445 2809 non
3465 2765 3604 2820 erat,

1268 2888 1271 2893 .
2019 2841 2131 2896 Deo
2159 2842 2364 2913 quippe
2391 2843 2537 2897 ultra
2586 2845 2856 2899 rationem
2896 2845 3221 2901 ostendente
3254 2835 3605 2902 miraculum.

405 2933 481 2986 Z'.
519 2930 584 2983 'H
620 2928 679 2983 δὲ
724 2925 1032 2999 βαϐυλωνία
1060 2924 1192 2995 φλὸξ
1234 2917 1365 2988 πῶςί
1381 2924 1571 2995 δρόσος
1594 2924 1709 2987 τοῖς
1738 2922 1918 2994 τρισὶν

2089 2932 2203 2989 ιιι.
2257 2930 2592 3008 Babylonica
2648 2953 2870 3008 quoque
2918 2936 3137 2993 ﬂamma
3193 2938 3471 3009 quomodo
3516 2956 3609 2994 ros

331 3027 556 3095 ἐγένετο
582 3021 779 3087 natat;
807 3020 917 3073 Καὶ
941 3017 1053 3091 γὰρ
1078 3010 1211 3087 φλὸξ
1225 3012 1315 3088 ἦν,
1345 3016 1439 3071 καὶ⁵
1460 3014 1650 3088 δρόσος
1668 3015 1914 3084 ἐγένετοο

2021 3023 2200 3081 tribus
2225 3036 2308 3082 est
2332 3028 2475 3083 facta
2506 3028 2729 3099 pueris?
2769 3030 2905 3085 Nam
2936 3038 2995 3087 et
3024 3029 3241 3086 ﬂamma
3262 3040 3402 3098 erat,
3435 3039 3491 3089 et
3516 3030 3628 3088 res

332 3117 436 3171 καὶ
460 3116 629 3187 ἄμφω
650 3112 827 3168 ταῦτα
854 3108 1140 3182 δηλοῦνται
1164 3112 1232 3181 τῇ
1267 3107 1524 3180 ἐνεργείᾳ
1544 3124 1560 3139 ⁸
1589 3108 1673 3161 ὃτι
1697 3107 1793 3178 μὲν
1808 3106 1918 3180 γὰρ

2018 3118 2163 3174 facta
2201 3129 2287 3175 est
2316 3137 2328 3173 :
2371 3129 2426 3175 et
2462 3122 2626 3177 ambo
2664 3122 2780 3179 haec
2822 3124 2943 3194 ipso
2975 3124 3349 3180 ostenduntur
3381 3116 3624 3181 cﬂ‘eetuf

327 3208 528 3280 δρόσος
557 3203 649 3279 ἦν,
681 3207 732 3260 οῖ
771 3206 924 3277 τρεῖς
956 3201 1272 3288 διδάσκουσι
1301 3200 1514 3265 παῖδες,
1544 3198 1714 3272 ταύτῃ
1746 3216 1916 3253 καταο

2018 3205 2156 3275 Qnia
2183 3210 2406 3279 quidem
2435 3226 2526 3266 ros
2552 3219 2691 3277 erat,
2720 3221 2832 3267 tres
2850 3213 3086 3270 edocent
3128 3216 3286 3285 pueri
3331 3231 3432 3288 per
3465 3217 3606 3272 hanc

330 3299 671 3371 ψυχόμενον
706 3296 788 3349 ὅτι
813 3293 873 3348 δὲ
919 3293 1016 3347 καὶ
1047 3290 1180 3361 φλὸξ
1203 3284 1293 3362 ἦν,
1340 3291 1389 3343 oi
1430 3288 1604 3362 ταύτῃ
1635 3304 1916 3343 κατακαυ-

1994 3296 2363 3368 refrigerati:
2394 3299 2524 3368 quia
2551 3315 2685 3355 vero
2720 3301 2887 3355 etiam
2936 3284 3153 3357 ﬂamma
3183 3284 3347 3371 erat;
3380 3306 3474 3375 qui
3503 3320 3604 3376 per

569 3388 840 3461 μηνύουσι
899 3340 1257 3440 Βαϐυλώνιοί.
1278 3340 1293 3356 1
1313 3379 1494 3447 Εἶδες,
1542 3340 1663 3443 uti);
1698 3379 1762 3433 τὸ
1804 3367 1942 3448 πῦρ¹

2023 3340 2326 3368 “uno”-..
2350 3340 2363 3351 .
2395 3340 2524 3368 ην...
2562 3340 2684 3355 ,νιν
2936 3340 3153 3357 ...ηιηιηι
3184 3340 3323 3371 μαι,
3380 3340 3474 3375 qu.
3504 3340 3594 3376 με.

2020 3386 2163 3443 hanc
2192 3389 2372 3443 exusti
2391 3396 2541 3456 sunt,
2570 3390 3199 3465 indicantBabylonii".
3217 3392 3385 3452 Vides
3413 3412 3605 3466 quem-

330 3482 521 3554 ἔμεινε
560 3481 691 3551 πῦρ,
732 3477 829 3533 καὶ
859 3475 1051 3548 δρόσος
1083 3474 1321 3544 ἐγένετο.
1359 3473 1436 3526 Οὐ
1469 3471 1562 3525 δύο
1592 3470 1915 3545 πράγματα,

2020 3478 2316 3535 admodum
2344 3480 2487 3552 ignis
2509 3484 2713 3540 mansit
2740 3484 2901 3556 ignis,
2929 3497 2986 3541 et
3018 3503 3109 3543 ros
3132 3495 3217 3543 est
3243 3488 3458 3544 factus?
3484 3491 3604 3547 Non

328 3572 456 3629 οὐδὲ
491 3573 585 3626 δύο
613 3570 825 3642 φύσεις,
848 3568 964 3622 ἀλλ’
1000 3566 1058 3619 ἓν
1082 3562 1178 3638 ἦν,
1213 3565 1310 3618 καὶ
1352 3562 1414 3617 τὸ
1445 3561 1749 3634 ὁρώμενον·
1780 3560 1918 3631 ὅπερ

2020 3569 2144 3629 duae
2170 3587 2280 3637 res,
2307 3588 2489 3643 neque
2517 3574 2641 3630 duae
2667 3584 2918 3645 naturae;
2948 3578 3240 3646 sed,unum
3261 3589 3401 3648 erat,
3428 3583 3604 3639 idem-

326 3662 402 3737 ἦν
432 3662 587 3734 φλὸξ,
617 3661 777 3716 τοῦτο
820 3660 1014 3731 γέγονε
1043 3656 1270 3729 δρόσοςο
1306 3655 1403 3709 καὶ
1450 3650 1820 3726 μαρτυροῦσιν
1865 3652 1919 3706 οῖ

2019 3676 2128 3733 quc
2156 3663 2305 3734 quod
2336 3664 2665 3721 videbatur:
2696 3668 2844 3738 quod
2894 3677 3016 3724 erat
3047 3670 3286 3739 ﬂamma,
3334 3673 3441 3730 hoc
3491 3674 3606 3730 fac-

326 3758 554 3813 δίκαιοι.
585 3752 798 3825 Μηκέτι
822 3746 916 3805 οῦν
940 3748 1117 3821 ἐρώτα
1146 3764 1215 3819 με
1242 3742 1350 3800 τῶν
1380 3742 1479 3799 τοῦ
1509 3743 1643 3797 Θεοῦ
1675 3741 1921 3815 σημείων

2021 3762 2138 3808 tum
2170 3762 2257 3810 est
2306 3770 2420 3823 ros,
2462 3773 2575 3813 non
2618 3757 2835 3817 ﬂamma
2889 3771 3102 3818 mutata
3146 3764 3224 3835 (et
3256 3766 3607 3822 manifestam

328 3851 425 3905 τὸν
448 3848 670 3922 τρόπον.
690 3845 861 3902 Πάλιν
886 3843 996 3915 γὰρ
1024 3840 1135 3913 ἐρῶ
1157 3857 1243 3894 σοι
1264 3855 1278 3871 ·
1302 3836 1373 3893 τὰ
1393 3836 1647 3909 θαύματα
1671 3836 1918 3890 δείκνυσι

2020 3844 2126 3902 hoc
2164 3845 2499 3919 Babylonii),
2538 3848 2634 3905 sed
2660 3858 2916 3907 manente
2968 3854 3116 3924 quod
3150 3862 3286 3921 erat,
3337 3855 3481 3912 facta
3522 3866 3608 3914 est

331 3941 439 4013 μὲν
487 3941 570 3994 ὅτι
617 3939 833 4010 γέγονε,
883 3934 1004 4007 Θεῷ
1035 3933 1093 3987 δὲ
1127 3930 1530 4003 καταλιμπάνω
1560 3926 1761 3983 εἰδέναι
1805 3928 1918 3982 τῶν

2022 3950 2134 4001 ros,
2191 3945 2248 3991 et
2295 3945 2571 3992 testantur
2602 3939 2758 4010 justi.
2794 3940 3151 4013 Nequaquam
3191 3958 3322 4015 ergo
3344 3946 3489 4001 ultra
3518 3946 3606 4000 in-

328 4033 630 4105 οαυμάτων
666 4030 759 4085 τὸν
794 4029 974 4098 λόγον.
1004 4022 1141 4081 Εἶτα
1165 4023 1290 4079 εἰπέ
1325 4040 1417 4094 μοι
1443 4039 1459 4056 ο
1499 4018 1683 4076 ταῦται
1706 4018 1919 4091 θαυμα-

2022 4034 2275 4105 terroges
2312 4043 2398 4084 me
2450 4029 2675 4084 modum
2718 4032 3011 4103 signorum
3045 4035 3160 4089 Dei.
3201 4036 3413 4092 Rursus
3456 4039 3604 4093 enim

327 4097 557 4196 τουργεῖ
606 4122 760 4188 Θεὸς,
808 4097 904 4175 καὶ
942 4119 1042 4188 τὴν
1082 4116 1257 4188 φλόγα
1306 4114 1499 4187 δρόσον
1547 4110 1740 4177 ποιῶν,
1797 4110 1918 4165 οὐδὲ

2020 4119 2151 4175 dico
2182 4097 2341 4175 tibi:
2381 4120 2649 4177 miracula
2674 4097 2974 4179 ostendunt
3016 4126 3242 4196 quidem
3294 4128 3423 4197 quia
3462 4129 3604 4184 facta

329 4216 515 4288 φλόγα
548 4211 891 4285 μεταϐαλὼν,
923 4210 1019 4264 καὶ
1047 4208 1184 4279 πρὸς
1206 4206 1397 4279 δρόσον
1427 4204 1598 4275 αὐτὴν
1622 4203 1915 4275 μεθιστῶν,

2018 4218 2167 4277 sunt,
2193 4211 2308 4266 Deo
2329 4219 2514 4266 autem
2565 4212 2818 4283 relinquo
2867 4215 3262 4271 miraculorum
3291 4231 3457 4272 nosse
3512 4232 3604 4272 ra-

328 4308 601 4379 τυρᾶννου
630 4305 731 4376 τὴν
769 4302 1046 4373 ἀπόφασιν
1077 4291 1237 4354 λῦσαι
1288 4296 1633 4368 βουλόμενος,
1679 4296 1776 4347 καὶ
1798 4295 1917 4363 ἠδι-

2019 4303 2245 4358 tionem.
2269 4302 2508 4358 Proinde
2527 4303 2619 4359 dic
2644 4304 2800 4371 mihi,
2834 4306 2951 4361 haec
2986 4307 3254 4364 miracula
3277 4307 3409 4365 fecit
3432 4308 3599 4373 Deus,

327 4401 613 4472 κημὲνους
650 4397 938 4469 ἐκδικῆσαι
967 4393 1160 4459 θέλων,
1193 4389 1290 4445 καὶ
1317 4390 1444 4454 τοὺς
1472 4388 1679 4455 αἰτίους
1712 4403 1916 4440 καταν-

2016 4395 2365 4452 ctﬂammam
2395 4412 2580 4452 rorem
2614 4395 2765 4464 fecit,
2819 4414 2998 4470 neque
3040 4399 3314 4456 ﬂammam
3361 4410 3599 4468 mutans,

326 4493 544 4550 αλῶσαι
598 4480 921 4562 βουλόμενος
972 4485 1283 4560 βαρϐάρους
1303 4497 1318 4513 ·
1372 4481 1466 4537 καὶ
1511 4480 1916 4552 θαυματουργεῖ

2015 4488 2143 4542 etin
2163 4503 2346 4542 rorem
2371 4488 2519 4544 illam
2543 4498 2894 4556 convertens,
2927 4492 3141 4549 solvere
3173 4494 3362 4549 volens
3388 4496 3602 4565 tyranni

322 4585 404 4639 τὰ
439 4583 664 4638 τοιαῦτα
685 4581 840 4647 Θεὸς,
871 4581 932 4635 τὸ
962 4577 1073 4651 πῦρ
1093 4574 1338 4646 φυλάξας
1360 4572 1418 4626 ιν
1446 4571 1600 4636 ίδίοις
1621 4570 1788 4643 ὅροις,
1817 4569 1913 4624 καὶ

2015 4580 2367 4647 sententiam,
2394 4590 2451 4636 et
2497 4578 2781 4641 vindicare
2834 4585 3061 4642 studens
3099 4586 3355 4657 iniuriam
3388 4604 3599 4659 passos,

322 4676 522 4749 δρόσον
569 4670 1031 4743 ὲπιδείξας”καὶ
1083 4670 1172 4724 τνα
1224 4669 1376 4738 τρεῖς
1420 4664 1610 4753 παῖδες
1669 4662 1908 4727 σωθῶσι,

2018 4679 2182 4742 atque
2219 4672 2415 4728 noxios
2452 4689 2780 4731 consumere
2835 4676 3143 4733 barbaros:
3190 4687 3247 4734 et
3287 4681 3601 4753 huiusmodi

324 4769 743 4839 θαυματουργεῖ
773 4765 841 4819 τὰ
873 4755 1100 4818 τόιαῦτα
1122 4760 1276 4825 Θεός.
1308 4759 1424 4812 Ἵνα
1445 4756 1502 4810 δὲ
1530 4752 1683 4828 σώσῃ
1708 4753 1916 4823 κόσμον

2013 4762 2277 4818 miracula
2312 4763 2459 4819 Deus
2489 4773 2749 4840 operatus
2780 4774 2884 4834 est,
2921 4768 3101 4840 ignem
3149 4770 3206 4825 in
3253 4752 3371 4827 suis
3415 4782 3600 4828 custo-

323 4860 486 4926 Θεὸς,
522 4856 890 4929 ἀμφιϐάλλεις
929 4855 1011 4908 ὅτι
1053 4852 1214 4916 αὐτὸς
1272 4850 1462 4921 μείνας
1513 4847 1646 4910 Θεὸς
1691 4845 1916 4914 γέγονεν

2010 4852 2171 4909 diens
2203 4854 2473 4921 terminis,
2496 4863 2553 4910 et
2576 4872 2761 4912 rorem
2789 4860 3124 4916 ostendens:
3156 4871 3290 4920 etut
3308 4870 3420 4919 tres
3444 4865 3598 4933 pueri

323 4948 807 5021 ἄνθρωποςςῦὑκ
832 4945 1033 5017 ἐδεήθη
1070 4942 1247 5014 φλόγα
1283 4938 1633 5012 μεταϐαλεῖν,
1668 4936 1755 4991 ἴνα
1791 4933 1913 5006 δρό-

2008 4942 2404 5010 liberarentur,
2439 4944 2570 5001 talia
2616 4947 2884 5004 miracula
2935 4949 3063 5006 fecit
3107 4951 3273 5007 Deus.
3303 4948 3372 5008 Ut
3414 4960 3596 5005 autem

323 5061 427 5099 σον
467 5042 772 5115 ἐργάσηται
792 5057 807 5071 ·
840 5040 939 5093 καὶ
972 5037 1136 5100 αὐτὸς
1168 5034 1456 5107 ἄνθρωπος
1499 5029 1755 5100 γενέσθαι
1784 5028 1910 5115 βου-

2009 5034 2276 5093 mundum
2313 5035 2554 5093 salvaret
2582 5038 2752 5107 Deus,
2789 5038 3012 5096 dubitas
3043 5041 3171 5112 quia
3205 5042 3342 5111 ipse,
3370 5058 3597 5097 manens

318 5114 513 5202 ληθεὶς
552 5129 642 5184 διὰ
675 5124 950 5197 σωτηρίαν
991 5120 1323 5194 ἀνθρώπων,
1363 5118 1467 5188 τὴν
1507 5115 1706 5170 ἑαυτοῦ
1737 5114 1904 5185 φύσιν

2009 5126 2177 5193 Deus,
2209 5127 2386 5182 factus
2413 5136 2499 5183 est
2525 5128 2735 5185 homo?
2759 5130 2879 5188 Non
2904 5132 3139 5204 indiguit
3164 5132 3435 5188 ﬂannnam
3478 5152 3588 5188 mn-

318 5219 525 5291 ἐδεήθη
558 5216 915 5290 μεταϐαλεῖν;
945 5211 1065 5284 Πῦρ
1101 5211 1305 5284 ἔμεινε,
1334 5210 1433 5264 καὶ
1460 5208 1653 5278 γέγονε
1676 5206 1900 5278 δρόσοςθ

2002 5226 2120 5273 tare
2160 5228 2223 5274 ut
2262 5233 2444 5274 rorem
2480 5219 2756 5290 eﬂiceret;
2785 5231 2843 5277 et
2882 5223 2999 5292 ipse
3033 5220 3150 5276 ﬁeri
3194 5222 3387 5277 volens
3432 5221 3596 5279 homo

317 5313 515 5373 καὶσὺ
543 5311 745 5380 λέγεις,
777 5307 902 5374 Πῶς
939 5308 1094 5379 μένει
1129 5305 1286 5370 Θεὸς,
1323 5304 1419 5358 καὶ
1446 5302 1659 5373 γίνεται
1695 5300 1905 5373 ἂνθρω-

2000 5315 2228 5378 propter
2257 5308 2492 5364 salutem
2513 5309 2826 5375 hominum,
2857 5325 3015 5366 suam
3066 5318 3324 5366 naturam
3373 5328 3594 5383 permu-

318 5420 462 5469 πος;
509 5401 731 5473 Ἐπειδὴ
752 5400 869 5471 γὰρ
887 5398 990 5471 τὴν
1011 5397 1176 5468 φύσιν
1194 5393 1355 5467 ἡμῶν
1383 5393 1706 5465 βουλόμενος
1733 5391 1906 5445 σῶσαι

2003 5407 2122 5454 tare
2150 5414 2378 5455 necesse
2411 5399 2648 5455 habuit?
2690 5400 2837 5472 Ignis
2881 5418 3110 5458 manens
3141 5402 3321 5459 factus
3347 5412 3432 5459 est
3462 5421 3553 5465 ros
3580 5424 3591 5458 :

320 5493 483 5562 Θεὸς,
523 5494 585 5547 ού
617 5493 686 5547 δι’
733 5491 937 5563 ἑτέρων
974 5489 1075 5563 τὴν
1120 5487 1399 5561 σωτηρίαν
1433 5486 1615 5558 ἡμῶν,
1663 5484 1802 5540 ἀλλὰ
1834 5484 1906 5538 δι’

2006 5494 2063 5543 ει
2087 5496 2147 5543 ιιι
2179 5488 2349 5545 dicis:
2379 5488 2669 5556 Quomodo
2696 5498 2986 5560 permanet
3022 5491 3190 5557 Deus,
3220 5500 3278 5548 et
3304 5492 3363 5548 iit
3392 5493 3596 5547 homo?

322 5582 524 5641 ἑαυτοῦ
570 5582 1007 5638 κατεσκεύασεν
1040 5579 1233 5651 tum)
1290 5578 1441 5632 πᾶσα
1498 5576 1677 5641 κτίσις
1722 5575 1903 5647 ἠτόνει

2006 5578 2148 5647 Quia
2180 5592 2432 5637 naturam
2452 5590 2695 5637 nostram
2721 5582 2933 5637 salvare
2950 5583 3141 5638 volens
3164 5584 3332 5648 Deus,
3364 5598 3473 5637 non
3498 5598 3592 5653 per

320 5674 464 5746 πρὸς
502 5673 785 5745 σωτηρίαν
815 5670 997 5744 ἡμῶν,
1024 5670 1138 5735 ἕξιν
1169 5667 1404 5740 ἐχόντων
1437 5665 1531 5722 καί.
1578 5665 1778 5730 κακίας
1808 5668 1915 5721 καὶ·

2008 5671 2146 5728 alios
2177 5671 2411 5727 salutem
2430 5681 2698 5728 nostram.
2729 5673 2824 5729 sed
2853 5690 2954 5745 per
2977 5674 3336 5746 semetipsum
3368 5675 3591 5730 molitus

319 5767 572 5839 πλάνης·
611 5769 647 5839 ἡ
687 5766 798 5837 γὰρ
854 5764 1041 5837 μακρὰ
1065 5763 1170 5835 τῆς
1214 5760 1419 5826 κακίας
1472 5760 1734 5831 συνήθεια
1781 5760 1905 5814 ἀντὶ

2010 5770 2126 5818 est:
2157 5762 2288 5833 quia
2334 5762 2513 5821 omnis
2540 5774 2794 5821 creatura
2837 5764 3059 5822 inﬁrma
3092 5772 3213 5823 erat
3246 5768 3314 5825 ad
3356 5764 3588 5823 salutem

386 5943 433 5974 "
452 5940 625 5997 Exod.
656 5956 752 6008 vn,
781 5938 843 5995 i7
884 5953 1043 6009 seqq.
1121 5938 1167 5972 ⁸⁸
1205 5936 1387 5995 Exod.
1438 5937 1599 6003 x,‘.’.l.
1685 5937 1729 5969 ετ
1783 5939 1918 5994 Dan.
1943 5954 2023 6006 ιιι,
2066 5938 2084 5991 l
2120 5954 2275 6008 seqq.
