4076 6466
532 477 673 535 1559

1642 470 1993 529 THEODOTI
2029 468 2337 528 EPISCOPI
2375 472 2726 530 ANCYRANI

3631 486 3743 543 1360

522 610 794 663 nostram,
817 607 945 651 eum
964 591 1192 649 inolitus
1223 590 1283 649 in
1303 588 1467 647 nobis
1488 598 1637 646 esset
1661 590 1783 645 vitii
1825 598 1880 645 et
1905 589 2115 645 erroris

2220 589 2434 659 φύσεως
2485 594 2596 655 τοῖς
2637 589 2949 661 ἀνθρώποις
2993 589 3235 661 ἐγένετο,
3283 598 3632 671 παρωσαμένη
3663 604 3753 674 τήν,

524 690 783 747 habitus:
811 701 938 742 nam
974 685 1136 756 longa
1175 682 1436 754 nequitiae
1474 681 1820 737 consuetudo
1866 696 1968 751 pro
2014 694 2112 734 na-

524 791 646 838 tura
676 778 996 835 hominibus
1042 784 1182 842 erat,
1226 784 1283 831 et
1322 774 1627 845 repellebat
1659 760 1938 829 naturam.
1982 772 2116 827 Pro-

522 872 846 942 phetaverat
888 868 1195 938 propheta,
1241 880 1307 921 ac
1345 880 1528 920 sermo
1587 863 1918 920 imbecillior
1968 871 2109 922 erat.

522 979 648 1019 cum
682 978 714 1017 a
754 960 1003 1032 nequitia
1035 964 1416 1030 superaretur.
1446 957 1642 1028 Angeli
1689 964 1894 1012 nostra:
1949 955 2115 1010 saluti

523 1052 764 1109 ministri
796 1051 927 1106 facti
949 1056 1139 1116 erant;
1169 1057 1227 1104 et
1252 1056 1543 1104 attestatur
1560 1063 1793 1119 magnus
1820 1047 2025 1103 Paulus
2046 1046 2115 1103 dc

523 1144 755 1216 angelis,
782 1143 1008 1198 dicens:
1048 1161 1067 1194 ι
1099 1141 1293 1196 Nonne
1332 1156 1524 1196 omnes
1573 1147 1702 1195 sunt
1759 1138 2115 1194 administra-

523 1238 654 1293 torii
684 1235 935 1306 spiritus,
964 1234 1021 1289 in
1051 1231 1423 1301 ministerium
1466 1231 1725 1287 destinati
1754 1240 1981 1300 propter
2018 1244 2116 1284 eos

523 1327 619 1398 qui
670 1326 904 1381 salutem
949 1323 1284 1378 haereditatis
1312 1330 1443 1379 sunt
1480 1322 1894 1394 possessuri"?
1947 1340 1966 1373 ι
2002 1320 2114 1376 An-

524 1420 680 1491 gelus
713 1417 911 1472 melior
952 1423 1147 1471 natura
1196 1414 1547 1470 ministrabat
1609 1414 1679 1470 ad
1726 1413 1962 1468 salutem
2013 1426 2116 1466 no-

526 1518 695 1565 stram
720 1526 735 1576 ;
761 1508 859 1564 sed
891 1524 1001 1563 non
1033 1506 1378 1562 liberabatur
1411 1506 1576 1561 homo
1597 1504 1796 1561 aﬂ'ecto
1817 1504 2001 1560 animo
2030 1502 2117 1557 vi-

526 1602 979 1658 tiisincumhens.
1012 1599 1291 1657 [inbecilla
1314 1598 1484 1669 igitur
1509 1607 1671 1652 erant
1691 1597 1875 1652 omnia
1901 1596 1971 1651 ad
1991 1580 2115 1649 vin-

526 1693 756 1750 cendam
782 1692 1069 1748 hominum
1099 1689 1509 1762 negligentiam.
1540 1688 1797 1759 Nequitia
1832 1687 1982 1743 enim
2011 1687 2116 1740 im—

527 1784 855 1855 proborum,
910 1781 1184 1837 bonorum
1229 1778 1413 1835 studia
1468 1777 1793 1848 superabat;
1841 1791 1953 1831 non
1987 1776 2118 1846 quia

525 1875 770 1931 vincitur
798 1875 964 1938 Deus,
1012 1872 1108 1927 sed
1142 1871 1271 1942 quia
1311 1871 1546 1926 arbitrio
1594 1869 1786 1926 libera:
1830 1868 2119 1940 potestatis

531 1968 791 2023 virtutem
838 1962 1153 2020 committit.
1188 1962 1530 2017 Necessitate
1561 1960 1712 2016 enim
1742 1975 1855 2014 non
1880 1959 2027 2031 cogit
2063 1968 2117 2014 te

523 2059 594 2116 ad
631 2065 781 2114 recte
833 2055 997 2122 facta,
1043 2069 1225 2125 neque
1257 2054 1598 2109 voluntatem
1638 2052 1806 2108 trahit
1847 2052 1916 2108 ad
1941 2052 2119 2106 virtu—

526 2160 659 2216 tem,
690 2158 752 2204 ut
776 2145 1143 2203 voluntariam
1161 2143 1279 2216 ipse
1298 2145 1562 2199 virtutem
1595 2158 1942 2214 comparans,
1967 2143 2117 2198 illam

529 2253 684 2297 tuum
720 2254 862 2310 opus
882 2237 1107 2293 cﬂicias.

599 2331 735 2387 νιιι.
791 2328 934 2397 Quid
990 2326 1165 2398 ergo?
1216 2324 1486 2393 Quoniam
1550 2333 1607 2380 et
1651 2324 1935 2395 prophetae
1983 2324 2119 2380 victi

527 2432 711 2488 erant,
733 2430 790 2476 et
824 2419 962 2474 nihil
987 2416 1647 2489 proﬂciebantdoctores,
1675 2424 1732 2470 et
1768 2417 1855 2470 lex
1900 2414 2120 2472 inﬁrma

523 2524 665 2579 erat,
690 2523 749 2569 et
779 2511 1106 2583 angelorum
1140 2509 1329 2566 studia
1366 2508 1573 2567 frustra
1611 2518 1789 2574 erant,
1835 2509 2118 2566 voluntate

527 2604 818 2661 hominum
855 2617 966 2657 non
1029 2607 1293 2672 sequente
1326 2615 1449 2670 quae
1480 2599 1625 2656 bona
1658 2607 1820 2668 sunt,
1875 2600 1991 2671 ipse
2017 2616 2119 2656 na-

526 2708 666 2759 tura:
695 2696 923 2754 Creator
955 2691 1179 2749 advenit
1224 2701 1287 2747 ut
1314 2697 1569 2747 naturam
1592 2691 1796 2748 victam
1841 2692 2115 2763 erigeret;

526 2799 586 2847 et
613 2785 839 2844 advenit
885 2798 999 2839 non
1049 2781 1234 2838 sonitu
1264 2790 1617 2853 perstrepens
1641 2789 1905 2852 tanquam
1948 2780 2116 2847 Deus,

526 2896 710 2952 neque
741 2875 1002 2933 tonitruis
1027 2889 1192 2930 aures
1218 2873 1567 2944 percutiens,
1603 2887 1786 2943 neque
1830 2872 1981 2928 nube
2005 2872 2120 2927 cir-

528 2971 914 3034 cumamictus,
939 2975 995 3023 et
1028 2966 1209 3038 ignem
1261 2963 1567 3021 terribilem
1606 2964 1664 3019 in
1717 2964 1865 3019 nube
1888 2964 2120 3020 demon-

529 3073 732 3127 strans,
767 3074 947 3130 neque
974 3057 1121 3113 tubae
1169 3055 1356 3127 sonitu
1395 3053 1682 3111 auditores
1716 3061 1951 3121 terrens,
1975 3054 2121 3110 sicut

527 3157 660 3212 olim
683 3152 889 3211 Iudaeis
911 3148 1170 3222 apparuit
1185 3146 1231 3180 ⁸⁸
1265 3154 1327 3202 ut
1351 3146 1606 3202 timorem
1634 3145 1917 3217 injiceret;
1937 3162 2119 3218 neque

2219 678 2405 748 φύσιν.
2446 682 2833 753 Προεφήτευσε
2861 683 3172 756 προφήτης,
3203 684 3320 739 ἀλλ’
3346 686 3517 756 ητόνει
3540 691 3565 743 6
3596 690 3744 761 λόγος,

2214 775 2284 843 τῇ
2310 772 2482 844 κακίᾳ
2510 771 2836 844 νικώμενος.
2859 773 3118 845 ’Ἄγγελοι
3141 775 3438 849 λειτουργοὶ
3460 778 3551 851 τῆς
3577 778 3749 853 ἡμετέ-

2218 880 2320 935 ρας
2352 864 2596 933 ἐγίνοντο
2619 867 2924 938 σωτηρίας·
2968 867 3064 921 καὶ
3098 871 3371 940 μαρτυρεῖ
3396 872 3424 924 6
3454 871 3612 942 μέγας
3630 872 3752 929 Παῦ-

2216 954 2307 1019 λος
2353 955 2529 1025 λέγων
2563 957 2694 1031 περὶ
2730 958 2982 1028 ἀγγέλων
3003 974 3016 989 °
3051 978 3071 1012 ι
3120 960 3257 1031 Οὐχὶ
3291 962 3483 1028 πάντες
3529 966 3627 1020 εἰσὶ
3660 966 3752 1023 λει-

2214 1047 2481 1118 τουργικὰ
2518 1047 2830 1120 πνεύματα,
2874 1051 2955 1113 εἰς
3000 1049 3278 1106 διακονίαν
3332 1053 3756 1127 ἀποστελλόμενα,

2215 1137 2305 1193 διὰ
2337 1138 2467 1203 τοὺς
2509 1139 2807 1211 μέλλοντας
2849 1141 3209 1215 κληρονομεῖν
3250 1146 3549 1217 σωτηρίαν;
3582 1166 3601 1199 ι
3640 1150 3756 1218 ’Δγ-

2216 1233 2372 1302 γελος
2402 1237 2431 1289 ὁ
2460 1235 2726 1307 κρείττων
2751 1237 2850 1308 τὴν
2888 1238 3050 1306 φύσιν
3085 1238 3418 1313 ἐλειτούργει
3452 1243 3582 1313 πρὸς
3609 1262 3761 1315 σωτη-

2221 1326 2341 1396 ρίαν
2356 1327 2516 1398 ήμῶν
2532 1342 2546 1357 ο
2579 1328 2695 1383 ἀλλ’
2718 1330 2818 1383 οὐκ
2850 1329 3086 1395 ἐσώζετο
3110 1330 3206 1386 ἀνθ
3217 1349 3412 1402 ρωπος,
3439 1337 3553 1397 ταῖς
3571 1337 3760 1399 κακίαις

2218 1416 2560 1487 ἐγκείμενος.
2593 1418 2801 1481 Ἠτόνει
2831 1415 2924 1473 οὖν
2958 1422 3177 1477 ἅπαντα
3208 1423 3347 1493 πρὸς
3372 1425 3664 1496 ἀνθρώπων
3680 1428 3761 1497 τὴν

2216 1506 2504 1577 ἀμέλειαν.
2560 1508 2625 1563 Ἦ
2654 1508 2765 1583 γὰρ
2797 1510 2966 1566 κακία
2990 1512 3101 1566 τῶν
3134 1514 3388 1585 πονηρῶν
3426 1516 3523 1588 τήν
3557 1517 3763 1588 σπουδήν

2218 1598 2375 1653 ἐνίκα
2416 1599 2526 1654 τῶν
2551 1600 2808 1670 ἀγαθῶν
2841 1603 2940 1674 οὐχ
2975 1604 3057 1659 ὅτι
3096 1606 3316 1660 νικᾶται
3362 1605 3514 1672 Θεὸς,
3559 1606 3666 1661 ἀλλ’
3698 1609 3764 1662 ὃτι

2218 1690 2417 1766 γνώμῃ
2482 1692 2577 1747 τοῦ
2644 1693 2995 1759 αὺτεξουσίου
3050 1696 3150 1769 τὴν
3215 1697 3420 1771 ἀρετὴν
3489 1700 3762 1769 ἐπιτρέπει.

2232 1783 2474 1856 Ἀνάγκη
2520 1782 2619 1839 οὐκ
2645 1785 2778 1839 ὠθεῖ
2822 1804 2882 1841 σε
2933 1786 3070 1860 πρὸς
3101 1789 3527 1861 κατορθώματαν
3574 1792 3682 1846 οὖδέ
3707 1791 3769 1863 μὴ

2222 1872 2547 1947 βουλόμενον
2589 1876 2737 1930 ἕλκει
2776 1878 2914 1950 πρὸς
2955 1879 3180 1952 ἀρετήν,
3213 1880 3303 1937 ἵνα
3346 1882 3411 1960 σὺ
3458 1884 3559 1953 τήν
3596 1883 3769 1955 ἀρετήν

2220 1968 2645 2031 κατασκευάσας
2692 1967 2963 2038 ἑκούσιον,
3016 1968 3111 2026 σδν
3152 1970 3324 2044 αὐτὴν
3364 1974 3565 2047 ποιήσῃ
3604 1974 3772 2045 κατόρ-

2219 2056 2400 2130 θωμα.

2289 2321 2371 2374 H'.
2428 2318 2494 2374 Τί
2542 2317 2666 2390 οὖνς
2725 2322 2946 2396 Ἐπειδὴ
2995 2325 3090 2379 καὶ
3131 2326 3419 2399 προφῆται
3472 2328 3775 2402 ἐνενίκηντο,

2218 2413 2313 2467 καὶ
2343 2413 2444 2467 οὐκ
2470 2414 2739 2485 ἐνήργουν
2776 2414 3108 2481 διδάσκαλοι,
3140 2418 3239 2472 καὶ
3280 2420 3449 2489 νόμος
3477 2422 3671 2491 ἠτόνει,
3698 2425 3778 2475 καὶ

2218 2504 2439 2574 ἄγγελοι
2470 2505 2571 2576 τῆς
2598 2504 2834 2575 σπουδῆς
2869 2506 3270 2578 ἀπετύγχανον,
3303 2510 3409 2580 τῆς
3444 2510 3663 2583 γνώμης
3689 2510 3779 2565 τῶν

2219 2590 2525 2669 ἀνθρώποῆ
2558 2598 2658 2651 οὐκ
2706 2595 2960 2668 εἰκούσης
2993 2599 3106 2664 τοῖς
3152 2598 3410 2669 ἀγαθοῖς,
3452 2601 3611 2666 αὐτὸς
3641 2605 3666 2655 ὁ
3698 2602 3781 2671 τῆς

2219 2688 2437 2758 φύσεως
2491 2688 2723 2760 ποιητὴς
2776 2688 3131 2759 ἐπεδήμησε,
3201 2690 3372 2760 φύσιν
3449 2693 3783 2765 νενικημένην

2219 2779 2532 2852 ἀνορθῶσαι
2561 2778 2886 2852 βουλόμενος
2907 2797 2920 2812 ο
2950 2781 3045 2834 καὶ
3076 2783 3474 2854 παραγίνεται,
3503 2785 3565 2838 οὐ
3589 2784 3785 2839 κτυπῶν

2218 2867 2297 2932 ῶς
2323 2868 2479 2932 Θεὸς,
2512 2868 2634 2921 ούδέ
2664 2867 2916 2938 βρονταῖς
2940 2870 3350 2944 καταπλήττων
3364 2874 3467 2940 τὰς
3488 2874 3788 2942 ἀκοὰς,οὐδὲ

2218 2960 2417 3030 γνόφον
2452 2959 2929 3032 περιϐαλλόμενος,
2945 2963 3040 3016 καὶ
3067 2963 3176 3035 πῦρ
3194 2966 3438 3040 φοϐερὸν
3461 2969 3519 3021 ἐν
3534 2967 3610 3039 τῷ
3629 2968 3789 3037 γνόφῳ

2218 3052 2456 3116 δεικνὺς,
2487 3052 2609 3106 οὒδέ
2651 3053 2952 3123 σάλπιγγος
2996 3055 3113 3127 ἤχῳ
3139 3057 3271 3122 τοὺς
3304 3058 3610 3123 ἀκούοντας
3646 3057 3790 3113 δεδιτ-

2217 3143 2466 3214 τόμενος,
2525 3142 2603 3207 ῶς
2642 3162 2773 3198 ποτε
2823 3148 2934 3209 τοῖς
2992 3146 3269 3212 Ἰουδαίοις
3325 3150 3604 3221 ἐπεφάνη,
3648 3148 3790 3220 φόϐον

530 3263 724 3304 arcens
747 3243 1034 3309 famulum,
1070 3238 1168 3297 sed
1187 3253 1317 3295 cum
1345 3236 1520 3310 gratia
1555 3237 1729 3309 magis
1765 3246 1823 3293 et
1868 3237 2116 3293 bonitate

2222 3237 2494 3318 ἐμποιῶν,
2527 3236 2586 3290 ού
2617 3236 2795 3291 σοϐῶν
2833 3238 2927 3292 τὸν
2968 3239 3207 3310 οἰκέτην,
3261 3242 3458 3314 χάριτι
3508 3243 3567 3298 δὲ
3616 3241 3792 3314 μᾶλλον

529 3344 744 3392 evocat.
779 3334 1078 3403 Propterea
1116 3345 1231 3385 non
1252 3327 1407 3383 venit
1429 3342 1555 3382 cum
1577 3326 1849 3399 imperiali
1876 3327 2114 3400 fastigio,

528 3443 632 3484 nec
668 3423 986 3482 satellitium
1018 3418 1233 3476 inducit
1255 3417 1747 3490 archangelorum:
1787 3432 1899 3473 non
1934 3427 2121 3475 movet

530 3520 851 3592 angelorum
878 3514 1190 3578 exercitus;
1223 3525 1335 3567 non
1360 3509 1511 3566 enim
1544 3517 1757 3566 terrere
1783 3510 2003 3565 volebat
2029 3508 2117 3564 fu-

529 3614 761 3685 gitivum
780 3621 1004 3664 suarum
1026 3607 1243 3677 legum:
1286 3603 1383 3659 sed
1405 3602 1558 3658 venit
1578 3604 1829 3659 omnium
1852 3604 2119 3661 Dominus

532 3705 588 3759 in
616 3701 763 3758 servi
794 3698 990 3763 forma,
1020 3702 1341 3768 paupertate
1365 3694 1761 3761 circumdatus,
1790 3703 1852 3750 ut
1878 3696 2119 3767 pmdam

532 3812 646 3851 non
694 3793 1066 3848 absterreret:
1110 3788 1164 3843 in
1210 3787 1437 3858 ignobili
1472 3786 1719 3843 nascitur
1743 3788 1970 3859 oppido,
2015 3788 2119 3845 ob-

535 3900 760 3941 scurum
804 3896 1001 3953 pagum
1037 3879 1106 3936 ad
1131 3878 1477 3935 nativitatem
1507 3875 1751 3950 eligens:
1783 3879 1851 3934 de
1874 3895 2120 3951 paupere

534 3975 745 4047 virgine
792 3971 1059 4034 nascitur,
1111 3978 1168 4026 et
1211 3969 1395 4025 omnia
1442 3968 1573 4025 vilia
1610 3969 1861 4040 suscipit,
1911 3978 1970 4024 ut
1999 3970 2120 4025 sine

532 4066 765 4138 strepitu
808 4063 876 4120 ad
922 4065 1155 4119 salutem
1204 4061 1486 4117 hominem
1531 4067 1850 4116 venaretur.
1885 4060 2021 4117 Nam
2073 4061 2120 4117 si

532 4157 842 4233 splendidis
885 4152 1165 4211 natalibus
1204 4160 1363 4210 ortus
1389 4160 1556 4218 esset,
1592 4159 1650 4207 et
1693 4151 1901 4208 divitiis
1932 4154 2123 4211 multis

534 4249 916 4308 circumdatus
945 4246 1296 4309 accessisset,
1325 4244 1575 4299 dicerent
1607 4243 1799 4313 utique
1846 4244 2117 4313 infideles,

534 4339 794 4409 quoniam
820 4334 1137 4391 divitiarum
1170 4330 1400 4402 largitas
1424 4329 1784 4386 mutationem
1813 4330 1964 4387 orbis
2005 4345 2119 4388 ter—

535 4446 723 4486 rarum
749 4427 946 4482 fuisset
968 4432 1216 4495 operata.
1239 4421 1298 4478 Si
1315 4436 1566 4493 magnam
1590 4420 1820 4477 Romam
1840 4422 2117 4494 elegisset,

536 4533 730 4575 rursus
767 4514 1028 4587 potentia:
1053 4512 1260 4569 civium
1281 4511 1642 4566 mutationem
1661 4511 1814 4567 orbis
1848 4521 2118 4568 terrarum

2222 3327 2390 3381 αὐτὸν
2423 3328 2816 3399 προσκαλεῖται
2860 3330 2954 3383 καὶ
3004 3330 3333 3403 ἀγαθότητι.
3376 3335 3454 3389 Οὐ
3492 3332 3794 3406 δορυφορίας

2220 3419 2488 3488 ἐπάγεται
2536 3418 2927 3490 ἀρχαγγέλων·
2985 3419 3047 3473 ού
3098 3422 3242 3474 κινεί
3293 3421 3368 3476 τά
3411 3421 3525 3478 τῶν
3575 3419 3796 3490 ἀγγέλων

2223 3507 2599 3581 στρατόπεδαο
2632 3509 2695 3562 ού
2735 3509 2842 3581 γὰρ
2885 3509 3116 3581 ἠθέλησε
3164 3511 3419 3584 φοϐῆσαι
3466 3514 3561 3567 τὸν
3609 3510 3798 3584 φυγάδα

2221 3601 2333 3654 τῶν
2363 3601 2572 3656 ἐκείνου
2595 3601 2776 3673 νόμων
2798 3603 3090 3674 γενόμενον
3107 3620 3120 3633 ·
3148 3603 3268 3658 ἀλλ’
3297 3605 3533 3677 ἔρχεται
3560 3606 3590 3657 6
3608 3603 3799 3657 πάντων

2224 3694 2435 3765 Κύριος
2459 3697 2518 3749 ἐν
2545 3695 2734 3749 δούλου
2766 3698 2973 3768 μορφῇ,
3014 3696 3296 3766 πτωχείαν
3329 3695 3800 3765 περιϐαλλόμενος.

2223 3786 2312 3841 ἵνα
2346 3783 2422 3857 μὴ
2454 3785 2662 3857 σοϐήσῃ
2698 3784 2814 3858 (14]
2840 3785 2901 3840 τὸ
2933 3785 3159 3857 θήραμα
3181 3801 3192 3813 ·
3221 3787 3285 3841 ἐν
3341 3786 3538 3859 ἀδήλῳ
3585 3784 3803 3836 τίκτεται

2221 3877 2430 3950 χωρίῳ,
2484 3878 2655 3950 ἀγρὸν
2702 3877 2887 3949 ἀφανῆ
2938 3878 3076 3950 πρὸς
3121 3876 3395 3949 γέννησιν
3432 3876 3802 3945 ἐκλεξάμενος

2223 3966 2312 4021 διά
2350 3967 2575 4040 πτωχῆς
2606 3967 2851 4022 τίκτεται
2899 3967 3197 4040 παρθένου,
3248 3968 3359 4022 καὶ
3399 3969 3592 4023 πάντα
3638 3959 3806 4031 πτωχᾶ

2223 4059 2727 4132 προσλαμϐάνεται,
2750 4058 2837 4112 ἴνα
2854 4048 3075 4130 ὴσύχὼς
3107 4057 3245 4129 πρὸς
3271 4060 3574 4131 σωτηρίαν
3589 4051 3812 4127 ἀγρεύσῃ

2221 4156 2312 4209 τὸν
2334 4154 2646 4225 ἄνθρωπον.
2676 4153 2739 4206 Εἰ
2768 4153 2876 4225 γὰρ
2910 4150 3171 4219 ἐπιδόξως
3199 4144 3439 4224 ἐτέχθη,
3471 4151 3573 4205 καὶ
3606 4142 3810 4201 πλοῦτον

2223 4248 2393 4303 πολὺν
2435 4245 2897 4318 περιϐαλλόμενος
2938 4243 3302 4315 παρεγένετο,
3337 4238 3507 4298 εἷπον
3535 4242 3602 4297 ἂν
3637 4241 3683 4293 οἰ
3704 4237 3812 4291 ἀπι-

2224 4359 2361 4407 στοι,
2400 4340 2486 4394 ὅτι
2523 4340 2557 4411 ή
2601 4337 2692 4393 τοῦ
2725 4336 2958 4391 πλούτου
2985 4334 3198 4406 δαπάνη
3232 4333 3343 4403 τὴν
3388 4330 3702 4406 μεταϐολὴν
3732 4326 3814 4396 τῆς

2221 4430 2548 4503 οἰκουμένης
2574 4428 2888 4501 εἰργάσατο.
2910 4428 2972 4481 Εἰ
2996 4426 3093 4497 τὴν
3104 4425 3366 4499 μεγάλην
3394 4425 3631 4497 Ῥώμην
3646 4421 3816 4475 εἵλετο.

2224 4520 2388 4576 πάλιν
2410 4523 2478 4593 τῇ
2508 4517 2799 4591 δυναστείᾳ
2826 4516 2937 4571 τῶν
2962 4515 3197 4571 πολιτῶν
3219 4516 3332 4588 τῆς
3375 4514 3720 4587 οἰκουμένης
3737 4507 3818 4576 τὴν

538 4611 868 4668 tribuerent.
914 4606 970 4661 Si
1020 4604 1168 4659 ﬁlius
1226 4602 1424 4659 fuisset
1451 4602 1822 4675 imperatoris,
1861 4604 2118 4676 potentia:

2228 4612 2533 4686 μεταϐολὴν
2563 4610 2892 4681 ἐλογίζοντο.
2930 4610 2994 4662 Εἰ
3029 4610 3142 4673 υίὸς
3171 4607 3409 4678 ἐγένετο
3449 4604 3741 4679 βασιλέως,
3768 4598 3822 4667 τῇ

538 4700 838 4756 utilitatem
873 4694 1236 4751 ascriberent.
1264 4691 1322 4748 Si
1361 4692 1691 4764 legislatoris
1722 4695 1898 4751 factus
1925 4695 2119 4752 fuisset

539 4793 706 4859 ﬁlius,
759 4790 879 4861 ejus
930 4783 1221 4858 praeceptis
1263 4784 1557 4840 utilitatem
1604 4785 1964 4843 ascriberent.
2008 4787 2117 4844 Sed

535 4883 669 4957 quid
714 4879 889 4937 facit?
933 4877 1202 4948 Pauperis
1268 4876 1455 4932 omnia
1503 4892 1673 4948 opera
1727 4886 1895 4949 atque
1946 4879 2114 4938 Vilia:

534 4973 722 5033 omnia
746 4971 961 5027 modica
991 4977 1049 5024 et
1069 4967 1346 5039 plerisque
1367 4965 1623 5033 obscura,
1644 4974 1705 5021 ut
1723 4967 1982 5024 divinitas
1996 4970 2117 5025 sola

535 5072 965 5141 cognosceretur
987 5060 1179 5116 orbem
1218 5066 1492 5115 terrarum
1524 5058 1962 5116 transformasse.
1988 5060 2121 5116 Pro-

534 5168 726 5229 pterea
764 5152 1155 5226 pauperculam
1204 5149 1371 5221 elegit
1416 5156 1646 5204 matrem
1668 5189 1683 5215 ,
1728 5147 2118 5221 pauperiorem

537 5248 802 5321 patriam;
861 5245 1221 5318 pecuniarum
1280 5241 1342 5296 lit
1402 5241 1565 5312 inops
1603 5256 1835 5311 eamque
1878 5239 2119 5311 inopiam

539 5342 639 5397 tibi
665 5338 872 5396 indicat
896 5353 1159 5411 praesepe.
1194 5335 1336 5392 Cum
1361 5334 1511 5390 enim
1539 5350 1651 5389 non
1680 5343 1827 5390 esset
1858 5335 2035 5391 lectus
2062 5336 2120 5393 in

536 5447 647 5503 quo
668 5430 934 5485 Dominus
957 5426 1343 5490 reclinaretur,
1399 5423 1453 5478 in
1486 5424 1716 5495 praesepi
1749 5423 2011 5495 ponitur;
2063 5434 2121 5483 et

539 5528 599 5578 Iit
648 5520 945 5579 necessarii
994 5533 1128 5574 usus
1180 5514 1365 5586 inopia
1425 5515 1730 5585 prophetiae
1791 5517 2115 5586 praeclarum
2154 5556 2161 5563 ς

536 5615 824 5671 indicium.
864 5610 926 5665 In
986 5607 1215 5679 praesepi
1270 5607 1417 5662 enim
1460 5604 1586 5660 ideo
1630 5607 1844 5677 positus
1893 5616 1997 5675 est,
2056 5619 2119 5667 ut

599 5765 646 5798 ⁸⁷
668 5765 839 5818 llcbr.
871 5779 912 5830 ι,
941 5762 1028 5817 14.
1097 5763 1142 5795 ³⁸
1164 5760 1335 5817 Exod.
1367 5776 1478 5828 xxx,
1511 5759 1579 5816 l6
1604 5774 1758 5833 seqq.

618 5895 661 5964 (I
676 5893 729 5962 4)
757 5891 993 5961 Φοϐήσῃ,
1030 5899 1149 5945 Lat.

2224 4704 2515 4776 δυναστείᾳ
2558 4703 2657 4777 τήν
2701 4702 2968 4772 ὠφέλειαν
3017 4700 3365 4774 ἐπέγραφον.
3421 4700 3494 4754 Εἰ
3546 4692 3823 4769 νομοθέτου

2224 4796 2475 4866 ἐγεγόνει
2506 4795 2641 4860 υίὸς,
2673 4793 2841 4849 αὐτοῦ
2863 4796 2976 4858 τοῖς
3008 4793 3423 4866 προστάγμασι
3444 4791 3555 4864 τὴν
3577 4786 3828 4858 ὠφέλειαν

2224 4887 2562 4958 ἐπέγραφον.
2611 4883 2771 4938 ’Λλλά
2804 4883 2857 4937 τί
2890 4884 3073 4950 ποιεί;
3122 4882 3323 4938 Πάντα
3358 4881 3439 4936 τὰ
3470 4881 3620 4952 ἔργα
3655 4868 3827 4943 πτωχά

2224 4979 2319 5032 καὶ
2356 4975 2573 5049 εὐτελῆ,
2619 4976 2798 5030 πάντα
2822 4975 3020 5047 μέτρια
3047 4973 3143 5027 καὶ
3177 4972 3298 5036 τοῖς
3340 4972 3615 5028 πλείοσιν
3644 4961 3828 5036 ἀφανῆ.

2224 5070 2313 5123 ἵνα
2344 5068 2534 5140 θεότης
2563 5070 2699 5139 μόνη
2739 5068 3018 5137 γνωρισθῇ
3063 5065 3162 5136 τήν
3203 5062 3573 5136 οἰκουμένην
3619 5069 3830 5134 μετακο-

2221 5162 2504 5233 σμήσασα.
2541 5159 2641 5214 Διά
2674 5158 2832 5214 τοῦτο
2863 5158 3085 5230 πτωχὴν
3109 5158 3366 5231 αἱρεῖται
3413 5156 3671 5229 μητέρα,
3705 5165 3834 5204 πτωο

2219 5253 2453 5326 χοτὲραν
2494 5250 2758 5325 πατρίδα,
2794 5250 2981 5321 ἐνδεὴς
3012 5250 3130 5313 τοῖς
3161 5246 3436 5319 χρήμασι
3481 5248 3728 5318 γίνεται,
3755 5236 3837 5292 καὶ

2219 5343 2318 5415 τὴν
2340 5343 2550 5398 ἔνδειαν
2568 5341 2920 5418 ἐρμηνευέτω
2945 5357 3029 5394 σοι
3044 5342 3078 5411 ἡ
3100 5338 3308 5409 φάτνη.
3334 5339 3467 5410 Οὐχ
3488 5334 3841 5408 ὑπαρχούσης

2225 5435 2335 5505 γὰρ
2380 5433 2592 5504 κλίνης.
2626 5434 2710 5502 ἐφ’
2744 5427 2813 5506 ἧς
2852 5430 3157 5501 κατακλιθῇ
3191 5429 3218 5481 ὁ
3259 5429 3526 5501 Κύριος,
3577 5432 3638 5482 ἐν
3680 5426 3844 5496 φάτνῃ

2224 5525 2454 5593 τίθεται,
2501 5525 2596 5580 καὶ
2630 5524 2844 5595 γίνεται
2885 5521 2989 5594 τῆς
3014 5520 3204 5593 χρείας
3233 5519 3306 5573 τδ
3337 5521 3596 5595 ἄπορον,
3641 5528 3844 5590 προφη-

2224 5613 2376 5680 τείας
2403 5614 2687 5671 κάλλιστον
2727 5614 2974 5687 μήνυμα.
3015 5612 3104 5670 Ἐν
3136 5608 3336 5684 φάτνῃ
3381 5613 3507 5687 γὰρ
3559 5602 3841 5672 κατετέθηι
