4076 6432
357 326 486 386 {331

1309 334 1596 394 IIOMILIA
1633 339 1674 394 Ῑ.
1717 339 1785 394 IN
1827 339 1938 394 DIE
1976 339 2419 397 NATIVITATIS
2454 339 2709 399 DOMINI.

3483 340 3630 402 1562

355 445 600 516 μηνύων,
636 446 718 501 ότι
761 448 854 503 καὶ
901 449 1112 520 ἀλόγων
1145 452 1298 508 ἔσται
1330 457 1527 528 τροφή,
1594 457 1651 511 '0
1694 455 1804 529 γὰρ
1836 456 1930 513 τοῦ

2039 456 2386 528 signiﬁcaret,
2415 460 2544 529 quia
2577 468 2633 514 et
2685 457 3090 514 irrationali’um
3127 459 3284 516 cibus
3314 459 3476 516 foret.
3525 459 3625 516 Dei

351 537 490 592 Θεοῦ
535 541 709 610 Λόγος
759 543 896 614 πρὸς
924 544 1118 599 ἑαυτόν
1163 544 1454 616 άφείλκετο
1496 549 1590 603 καὶ
1645 549 1936 614 πλουσίους

353 631 448 683 καὶ
479 632 740 704 πένητας,
785 636 880 688 καὶ
921 637 1243 708 ἐλλογίμους
1273 641 1368 694 καὶ
1405 639 1482 712 τῷ
1513 641 1658 714 λόγῳ
1699 642 1934 714 βραδεῖς,

355 719 518 791 πενίᾳ
551 737 611 772 τε
661 721 858 788 συζῶν,
906 727 1001 780 καὶ
1038 727 1094 779 ἐν
1143 727 1319 801 φάτνῃ
1361 731 1553 794 τεθείς.
1609 733 1775 803 Ὁρᾷς
1819 733 1938 796 πῶς

353 807 455 877 τῆς
499 810 688 880 χρείας
730 813 763 883 ἡ
815 813 991 869 ἔνδεια
1033 819 1372 889 προφητείαν
1413 822 1726 892 εἰργάσατο,
1771 823 1864 876 καὶ
1903 823 1937 893 ἡ

354 902 599 971 πτωχεία
627 903 717 956 τὸν
755 904 823 957 ὰ’
847 908 995 978 ἡμᾶς
1013 909 1405 982 πτωχεύσαντα
1421 913 1743 985 εὐπρόσιτον
1770 916 1938 968 πᾶσιν

354 993 670 1061 ἀπέδειξεν;
691 997 879 1062 Οὐδεὶς
905 1000 1014 1071 γὰρ
1038 1001 1294 1067 δεδοικὼς
1313 1006 1406 1058 τοῦ
1437 1006 1676 1075 Χριστοῦ
1708 1006 1938 1061 πλοῦτον

356 1081 665 1153 ὑπέρογκον
690 1087 923 1158 ἄτολμος
950 1085 1019 1161 ἦν
1045 1108 1061 1125 ο
1103 1093 1294 1150 οὐδένα
1321 1097 1640 1166 προσελθεῖν
1668 1097 1816 1168 αύτῷ
1841 1098 1939 1170 βα-

348 1171 563 1236 σιλείας
598 1173 732 1243 ὕψος
763 1177 1066 1235 ἐκώλυσενο
1094 1182 1230 1238 ἀλλά
1262 1184 1439 1250 κοινὸς
1471 1185 1648 1258 ὤφθη,
1693 1189 1788 1242 καὶ
1839 1188 1940 1241 πέ-

355 1280 475 1332 νης,
508 1265 536 1318 6
594 1268 763 1320 πᾶσιν
817 1269 1009 1325 ἑαυτὸν
1065 1273 1144 1339 είς
1201 1275 1476 1348 σωτηρίαν
1533 1279 1780 1351 προθείς.
1851 1280 1938 1333 Ἐν

356 1357 535 1429 φάτνῃ
563 1358 671 1430 γὰρ
701 1360 728 1411 6
769 1361 864 1414 τοῦ
907 1362 1042 1418 Θεοῦ
1085 1366 1438 1421 κατατίθεται
1479 1370 1674 1438 Λόγος,
1726 1370 1820 1424 καὶ
1852 1370 1941 1424 διὰ

362 1449 533 1518 μέσου
573 1451 669 1504 τοῦ
703 1451 978 1524 σώματος,
1009 1456 1097 1510 ἵνα
1127 1458 1310 1513 ἄδειαν
1342 1460 1442 1534 ἔχῃ
1461 1463 1489 1514 6
1513 1462 1731 1530 λογικός
1753 1480 1811 1516 τε
1846 1464 1940 1517 καὶ

356 1541 554 1610 ἄλογος
605 1545 936 1615 μεταλαϐεῖν
984 1549 1085 1620 τῆς
1131 1551 1514 1624 σωτηριώδους
1559 1557 1789 1627 τροφῆς.
1830 1556 1941 1610 Καὶ

356 1633 515 1687 τοῦτο
565 1636 708 1708 τάχα
753 1640 846 1693 καὶ
887 1642 916 1694 6
967 1645 1254 1714 προφήτης
1303 1645 1569 1716 πρότερον
1622 1647 1783 1713 ἐϐόα,
1843 1649 1941 1720 τῆς

359 1722 567 1793 φάτνης
611 1724 819 1796 ταύτης
870 1730 1236 1802 διηγούμενος
1281 1732 1341 1787 τὸ
1379 1737 1700 1808 μυστήριον,
1730 1736 1935 1806 λέγων·

2037 565 2274 619 namque
2307 549 2543 606 Verbum
2568 551 2636 606 ad
2662 553 3020 622 semetipsum
3052 552 3305 608 trahebat
3342 559 3398 607 et
3424 551 3628 608 divites

2036 647 2093 694 et
2121 656 2410 711 pauperes,
2447 643 2770 713 eloquentes
2795 651 2852 698 et
2893 643 3080 698 tardos
3124 643 3368 714 eloquio,
3399 643 3454 698 in
3488 659 3627 714 pau-

2037 741 2252 800 pertate
2287 731 2498 799 vivens,
2525 733 2581 787 in
2624 733 2854 804 praesepi
2888 735 3098 804 jacens.
3131 733 3302 788 Vides
3342 731 3628 802 quomodo

2037 823 2340 876 necessarii
2369 839 2502 878 usus
2551 823 2855 894 indigentia
2880 832 3106 895 Operata
3127 831 3211 879 est
3243 824 3623 896 prophetiam;

2037 921 2094 968 et
2121 925 2418 985 paupertas
2439 931 2568 971 eum
2606 917 2699 987 qui
2728 924 2953 987 propter
2975 933 3077 971 nos
3109 917 3274 972 homo
3309 916 3486 972 factus
3543 924 3630 972 est

2039 1006 2422 1062 accessibilem
2468 1008 2746 1063 universis
2785 1009 3071 1064 ostendit?
3111 1009 3282 1064 Nemo
3339 1010 3486 1063 enim
3532 1025 3628 1065 su-

2037 1094 2238 1150 blimes
2284 1095 2490 1152 Christi
2520 1097 2742 1151 divitias
2795 1105 3069 1162 metuens,
3111 1097 3311 1152 ﬁducia
3360 1098 3630 1152 destitue—

2039 1186 2242 1255 batur;
2276 1190 2553 1245 neminem
2573 1191 2838 1247 accedere
2864 1191 2932 1246 ad
2974 1205 3102 1246 eum
3127 1189 3343 1261 imperii
3359 1189 3632 1244 celsitudo

2039 1279 2356 1348 prohibuit:
2396 1281 2490 1336 sed
2526 1282 2836 1338 communis
2891 1283 3149 1353 apparuit
3175 1290 3231 1337 et
3261 1297 3492 1352 pauper,
3535 1281 3632 1352 qui

2040 1380 2215 1426 semet
2265 1374 2526 1428 omnibus
2555 1375 2622 1429 ad
2668 1375 2904 1429 salutem
2951 1374 3227 1444 exposuit.
3277 1373 3338 1427 ιιι
3399 1373 3632 1443 przesepi

2039 1481 2279 1537 namque
2322 1471 2654 1539 preponitur
2692 1470 2789 1524 Dei
2821 1469 3088 1535 Verbum,
3132 1475 3189 1523 et
3237 1482 3338 1538 per
3384 1466 3631 1521 medium

2039 1574 2264 1629 corpus,
2292 1569 2352 1615 ut
2383 1569 2502 1615 tum
2527 1562 2835 1626 rationalis,
2871 1571 2986 1616 tum
3022 1560 3119 1616 cui
3138 1559 3293 1615 deest
3328 1559 3494 1624 ratio,
3521 1557 3632 1613 cibi

2043 1651 2300 1706 salutaris
2350 1654 2632 1723 particeps
2662 1653 2838 1709 libere
2882 1669 3004 1709 esse
3055 1653 3250 1724 possit.
3280 1651 3349 1706 Et
3381 1651 3490 1705 hoc
3517 1649 3632 1705 for-

2045 1743 2208 1799 tassis
2254 1745 2420 1799 etiam
2443 1745 2711 1816 propheta
2728 1746 2886 1817 prius
2912 1745 3205 1811 clamabat,
3235 1743 3499 1815 prtesepis
3524 1743 3599 1797 hu
3617 1772 3632 1782 -

364 1832 383 1865 ι
431 1814 606 1884 Ἔγνω
635 1817 762 1888 βοῦς
784 1821 876 1876 τὸν
905 1825 1274 1896 κτησάμενον,
1313 1827 1408 1881 καὶ
1450 1828 1570 1892 ὄνος
1599 1827 1696 1900 τὴν
1729 1829 1936 1901 φάτνην

2039 1835 2130 1906 jus
2155 1846 2564 1892 sacramentum
2588 1853 2875 1905 enarrans,
2904 1854 3031 1893 cum
3059 1837 3169 1892 ait:
3201 1857 3219 1888 ‹
3245 1835 3514 1906 Cognovit
3535 1835 3637 1890 bos

357 1906 453 1960 τοῦ
488 1910 680 1983 κυρίου
728 1911 928 1967 αὐτοῦ’
963 1917 1178 1989 Ἰσραὴλ
1211 1918 1268 1972 δέ
1310 1937 1378 1990 με
1435 1920 1538 1974 οὐκ
1575 1919 1738 1990 ἔγνω,
1787 1921 1883 1976 καὶ
1911 1924 1940 1975 6

357 1997 487 2062 λαός
533 2017 602 2069 με
653 2003 716 2056 οὺ
766 2007 1016 2076 συνῆκεν.
1074 2027 1097 2061 ι
1151 2011 1214 2064 El
1257 2013 1364 2084 γάρ
1412 2011 1506 2066 καὶ
1562 2013 1938 2085 ἁπλουστέραν

357 2089 568 2146 ἔννοιαν
599 2095 628 2147 6
655 2093 813 2164 λόγος
852 2097 986 2169 ἔχει,
1015 2099 1226 2165 δεικνὺς
1249 2101 1341 2156 τδν
1389 2102 1640 2174 Ἐὄραῖον
1678 2103 1786 2158 τῶν
1815 2104 1940 2159 ἀλό-

359 2195 472 2246 γων
504 2180 1007 2257 ἀγνωμονέστερον,
1038 2187 1176 2243 ἀλλά
1196 2189 1420 2246 δύναται
1446 2191 1556 2264 (15)
1587 2192 1654 2247 ἂν
1676 2193 1940 2249 καὶτοῦτο

356 2271 575 2340 δηλοῦν,
600 2273 809 2346 φάτνην
833 2277 1158 2346 ὑποδεικνὺς
1180 2282 1273 2336 τοῦ
1299 2284 1530 2355 Κυρίου,
1554 2285 1641 2355 ἐφ’
1735 2286 1936 2354 τεθεὶς,

358 2363 533 2435 τροφὴ
572 2369 688 2432 τοῖς
723 2368 1084 2442 ἀλογωτέροις
1111 2373 1349 2442 ἐγένετο.
1380 2375 1491 2430 Καὶ
1521 2378 1632 2450 γὰρ
1655 2379 1756 2434 οὐκ
1789 2379 1941 2452 ἀορί-

361 2469 505 2546 στως
533 2457 561 2509 6
590 2459 880 2532 προφήτης
917 2463 1127 2535 φάτνην
1154 2465 1328 2538 δηλοῖ,
1362 2467 1498 2524 ἀλλά
1540 2489 1558 2522 ι
1601 2471 1702 2543 τὴν
1732 2473 1939 2546 φάτνην

358 2544 466 2633 ἔφη
509 2546 603 2599 τοῦ
633 2548 824 2620 κυρίου
870 2553 1058 2618 αὐτοῦ,
1098 2572 1116 2605 ι
1148 2554 1227 2626 τῷ
1273 2557 1546 2630 ἀνθρώπῳ
1586 2560 1700 2633 (16)
1739 2544 1936 2633 τούτῳ,

359 2631 536 2706 οἶμαι,
571 2639 671 2710 τὴν
700 2640 908 2714 φάτνην
935 2643 1256 2714 ὡρισμένως
1290 2631 1604 2720 σημαίνων,
1625 2631 1736 2707 Καὶ
1767 2631 1940 2710 ταῦτα

362 2725 464 2791 μὲν
511 2727 871 2799 φιλοσοφείτω
903 2733 930 2786 6
976 2733 1298 2806 βουλόμενος
1344 2738 1446 2811 τὴν
1481 2743 1734 2796 ποικίλην
1801 2743 1940 2798 θεω-

359 2811 598 2880 ρίαν(17λ
620 2817 718 2888 τῆς
752 2819 901 2885 Θείας
932 2822 1158 2895 Γραφῆς
1180 2827 1479 2898 ἐντρυφῶν.

427 3075 505 3172 Θς.
540 3077 836 3172 ’Ἦμεϊςῗδὲ
860 3084 1163 3158 ἐδείξαμεν,
1203 3091 1286 3146 ὅτι
1319 3093 1636 3168 ἐπτώχευσε
1675 3099 1744 3154 δι’
1770 3102 1938 3172 ἡμᾶς,

361 3165 409 3280 ό-
423 3164 678 3280 πλούισιος
701 3171 916 3280 τῷκτῆς-
921 3175 1184 3280 θεότητος
1207 3180 1370 3255 λόγῳ,
1397 3164 1668 3259 εὔληπτον
1693 3164 1826 3245 πᾶσί
1843 3164 1942 3264 τῆν
1969 3200 2012 3258 C
2045 3226 2111 3280 ρι-

355 3259 639 3352 ρτιγτηρίαν
665 3263 858 3319 ποιῶν.
894 3267 960 3320 Ὀ
989 3268 1053 3341 δὴ
1083 3272 1179 3326 καὶ
1210 3276 1494 3346 σημαίνων
1520 3281 1548 3333 ό
1579 3282 1756 3352 μέγας
1769 3259 1940 3348 ,Παῦ-

353 3345 450 3438 λος
496 3349 654 3420 ἔλεγε
679 3369 694 3383 ο
727 3372 748 3406 ι
785 3357 866 3409 Δι’
896 3358 1043 3429 ἡμᾶς
1072 3362 1384 3434 ἐπτώχευσε
1412 3345 1672 3435 πλούσιος
1852 3375 1940 3428 ἵνα

349 3437 519 3532 ήμεῖς
561 3445 628 3514 τῇ
659 3445 870 3501 ἐκείνου
913 3452 1158 3524 πτωχείᾳ
1202 3455 1616 3532 πλουτήσωμεν.
1659 3483 1678 3516 ι
1715 3437 1827 3520 Kal.
1854 3467 1940 3532 τίς

350 3523 426 3599 ἦν
451 3533 480 3584 6
513 3533 791 3604 πλουτῶν;
819 3539 952 3592 τίδὲ
981 3523 1268 3613 ἐπλούτεις
1305 3523 1407 3603 καί
1435 3523 1553 3616 πιῦς
1572 3548 1728 3620 οὗτος
1758 3523 1938 3612 ἐπτώί

351 3624 620 3720 Eccos-6B
645 3627 825 3720 ήμάς;
865 3629 1179 3720 λεγέτωσαν
1208 3639 1340 3709 ἡμῖν
1368 3643 1415 3694 οί
1447 3642 1543 3696 τοῦ
1584 3645 1721 3700 Θεοῦ
1760 3649 1936 3720 Λόγου

346 3712 685 3808 δῖαιροῦντες
715 3719 807 3773 τὸν
849 3719 1156 3793 ἄνθρωπον,
1187 3728 1365 3783 καὶτὸ
1387 3731 1587 3787 ἐνωθὲν
1625 3712 1938 3808 διῖστῶντες

348 3805 419 3874 τῇ
465 3805 658 3878 μνήμῃ
711 3809 822 3863 τῶν
852 3811 1090 3882 φύσεων,
1132 3819 1182 3871 εί
1212 3819 1306 3874 δύο
1359 3823 1484 3878 τινά
1534 3825 1790 3897 λέγοντες
1846 3805 1939 3888 τὸν

349 3897 609 3993 Χριστὸν,
664 3901 1176 3993 καὶπτδ,νέπινοίᾳ
1213 3913 1398 3983 μόνῃ,
1451 3919 1592 3990 πρὸς
1639 3921 1939 3993 ἀπολογίαν

347 3984 694 4086 κομίζοντες.
748 3991 846 4086 ἸΪίς
895 3992 973 4048 ὢν
1004 3997 1282 4086 πλούσιος,
1319 4003 1442 4058 είπὲ
1496 3984 1610 4078 μοι,
1665 4011 1767 4079 τὴν
1797 3984 1938 4086 ἐμὴν

348 4078 628 4176 πτωχείαν
648 4082 998 4176 ἐπτώχευσεν
1015 4104 1029 4155 ;
1050 4085 1198 4163 Ἀρα
1217 4095 1246 4147 ό
1275 4096 1606 4169 φαινόμενος
1625 4078 1936 4176 ἄνθρωπος,

346 4167 411 4264 όν
433 4170 508 4264 ’σὺ
551 4170 761 4264 διῖστᾷς
804 4176 1230 4264 τῆςήθεότητοςς
1293 4167 1453 4241 um"
1482 4167 1742 4250 οὐδέποτε
1782 4167 1939 4264 οὗτος

345 4259 571 4356 ἐγένετο
596 4263 885 4356 πλούσιρςο
915 4263 984 4338 ἦν
1017 4273 1254 4343 πτωχὸς,
1290 4276 1354 4329 ἐκ
1388 4282 1623 4352 πτωχῶν
1653 4259 1938 4356 προγόνων

344 4351 586 4450 τεχθείς.
754 4353 848 4411 οῦν
883 4361 912 4413 ὁ
940 4360 1216 4428 πλούσιος,
1250 4367 1344 4421 καὶ
1385 4371 1439 4423 τί
1481 4351 1730 4430 πλουτῶν
1755 4351 1846 4450 ἦν,
1877 4381 1938 4447 ὃς

341 4442 846 4547 διἰήμᾶςέγένετο
889 4452 1096 4547 πένης
1132 4455 1286 4526 Θεὸς,
1329 4464 1520 4532 φησὶν,
1554 4442 1938 4547 ἐπλούτεί

343 4534 548 4605 κτίσιν.
574 4538 784 4593 Οὐκοῦν
811 4541 946 4608 Θεὸς
976 4545 1072 4599 καὶ

497 4626 594 4722 τοῦ
641 4631 922 4703 ὁρωμένου
970 4638 1316 4712 ποιούμενος.
1362 4645 1421 4700 '0
1468 4650 1578 4722 γὰρ
1632 4654 1794 4722 αὐτὸς
1837 4660 1936 4714 καὶ

342 4717 602 4817 ἐπλούτει
641 4722 742 4817 τήν
774 4723 1026 4797 θεότητα,
1071 4732 1168 4786 καὶ
1197 4732 1268 4788 δι’
1300 4737 1449 4809 ἡμᾶς
1691 4717 1930 4817 ἐγένετο.

343 4809 489 4914 ρύδὲ
521 4811 632 4914 γὰρ
651 4815 744 4914 τὸν
774 4817 1066 4914 ἄνθρωπον
1095 4822 1162 4879 ἂν
1191 4825 1372 4892 εἴποις
1403 4809 1682 4904 πλουτείν,
1716 4809 1933 4914 πτωχὸν

340 4902 480 4999 ὅντα
520 4905 616 4999 καί
659 4906 822 4999 φύσει
864 4911 960 4965 καὶ
993 4915 1310 4986 χρήμασιν·
1342 4922 1462 4977 οὐδὲ
1499 4925 1608 4999 γὰρ
1637 4902 1731 4983 τόν
1767 4902 1932 4988 πλόο-

338 4993 557 5099 τοῦντα.
591 4996 847 5099 θεότητος
900 5001 1081 5099 ἀξίαν,
1130 5013 1438 5099 πτωχεύειν
1485 4993 1796 5090 άνεεῖποις,
1856 5029 1932 5099 μὴ

339 5086 640 5156 προσάψας
684 5089 833 5162 αὐτῷ
879 5093 948 5146 τά
989 5096 1333 5170 ἀνθρώπινα.
1384 5107 1483 5161 Διά
1535 5111 1693 5167 τοῦτο
1745 5086 1932 5173 καὶ-ό

349 5175 684 5276 ’Λπόστολος
729 5182 1018 5276 συνάπτων
1066 5188 1225 5254 δόξαν
1267 5194 1521 5268 θεότητος
1557 5203 1923 5276 ἀνθρωπίνοις

335 5265 688 5373 παθήμασινΣ
708 5271 822 5373 ,οὐκ
851 5275 1067 5373 ἐπινοίᾳ
1096 5281 1340 5355 διαιρῶν,
1378 5265 1499 5344 οῦδὲ
1528 5265 1677 5365 λόγῳ.
1699 5265 1925 5373 mater-7;:-

337 5373 431 5410 σαι
464 5357 532 5411 τὰ
553 5359 826 5418 ἑνωθέντα
847 5364 1196 5441 βουλόμενος,
1221 5376 1314 5431 τὸν
1339 5379 1504 5437 αὐτὸν
1535 5357 1652 5457 ἔφη.
1674 5357 1924 5448 πλουτείν

411 5515 458 5548 ³³
487 5515 589 5572 lsa.
619 5535 654 5582 ι,
683 5521 735 5575 5.
815 5522 860 5556 ⁶⁰
885 5524 929 5579 ll
950 5524 1073 5581 Cor.
1106 5543 1218 5596 vm,
1241 5531 1294 5586 9.

413 5669 522 5738 (Ili)
564 5673 670 5727 Ἵσ.
705 5675 940 5735 δύναιτο.

410 5741 524 5812 (Hi)
563 5744 678 5801 Ἴσ.
715 5746 928 5819 ἄρθρῳι

2042 1941 2417 1997 possessorem
2446 1943 2630 1994 suum,
2662 1938 2721 1983 et
2747 1930 2938 1984 asinus
2961 1943 3207 1998 praesepe
3250 1927 3460 1983 domini
3502 1925 3587 1982 sui
3619 1945 3633 1981 :

2041 2017 2212 2074 Israel
2242 2028 2428 2075 autem
2455 2035 2542 2076 me
2569 2035 2683 2075 non
2715 2021 2996 2092 cognovit,
3035 2029 3092 2076 et
3118 2022 3356 2091 populus
3395 2036 3483 2076 me
3522 2037 3634 2077 non

2042 2108 2316 2166 intellexit
2333 2113 2401 2166 ⁵⁵³.
2431 2131 2450 2164 ι
2484 2111 2619 2167 Nam
2673 2112 2803 2168 licet
2855 2128 3038 2168 sermo
3076 2113 3469 2183 simpliciorem
3504 2100 3632 2168 sen-

2042 2215 2165 2256 sum
2196 2201 2418 2269 habeat,
2448 2203 2751 2259 ostendens
2777 2204 3074 2260 Hebrzeum
3111 2204 3257 2275 ipsas
3285 2204 3478 2260 brutas
3512 2205 3635 2259 ani-

2042 2301 2258 2350 mantes
2306 2295 2662 2366 improbitate
2713 2298 2966 2365 vincere;
3016 2297 3159 2354 forte
3193 2306 3376 2353 tamen
3417 2306 3474 2354 et
3527 2299 3636 2355 hoc

2041 2385 2349 2458 signiﬁcare
2370 2387 2562 2458 possit,
2591 2405 2838 2461 prmsepe
2866 2391 3084 2446 Domini
3118 2391 3550 2456 subostendens,
3579 2391 3642 2445 in

2041 2493 2151 2550 quo
2174 2480 2265 2536 ille
2289 2483 2522 2552 positus,
2549 2483 2766 2538 ratione
2785 2484 3107 2539 carentibus
3132 2484 3291 2538 cibus
3312 2483 3491 2539 factus
3523 2491 3627 2538 est.

2041 2571 2162 2626 Non
2185 2573 2334 2628 enim
2373 2574 2661 2630 indeﬁnite
2719 2575 2989 2645 propheta
3039 2591 3286 2646 praesepe
3332 2573 3630 2645 signiﬁcat,

2043 2661 2140 2716 sed
2175 2662 2354 2732 ipsum
2400 2665 2535 2731 hoc;
2570 2684 2589 2717 ‹
2623 2681 2890 2736 ρι’τεδορο,
2945 2666 3146 2736 inquit,
3195 2666 3408 2721 domini
3441 2666 3525 2720 sui
3554 2683 3566 2718 :
3609 2686 3630 2716 ι

2042 2754 2259 2809 articuli
2298 2755 2388 2810 illa
2437 2756 2766 2826 adjectione,
2815 2764 2970 2828 puto,
3007 2773 3255 2828 prmsepe
3296 2757 3524 2812 deﬁnite
3557 2759 3637 2812 si-

2043 2844 2329 2914 gniﬁcans.
2361 2847 2469 2902 Sed
2496 2848 2612 2903 haec
2638 2847 2862 2918 quidem
2923 2849 3347 2919 philosophetur
3393 2847 3487 2918 qui
3538 2864 3634 2902 vn—

2044 2933 2232 3002 luerit,
2266 2946 2324 2992 et
2346 2953 2404 2992 se
2440 2938 2591 2992 varia
2617 2939 3086 3010 contemplatione
3104 2937 3406 3009 Scriptura:
3435 2937 3636 2994 divina:

2045 3029 2308 3084 oblectet.

2117 3119 2210 3175 lX.
2246 3121 2418 3176 Porro
2451 3138 2552 3178 nos
2575 3125 2941 3190 ostendimus,
2968 3123 3098 3194 quia
3119 3138 3330 3194 pauper
3351 3131 3435 3179 est
3459 3123 3636 3180 factus

2115 3218 2274 3279 opter
2314 3226 2434 3275 nos,
2486 3212 2581 3282 qui
2633 3213 2788 3269 dives
2810 3223 2929 3269 erat
2961 3212 3174 3268 ratione
3203 3212 3534 3278 divinitatis,
3573 3223 3634 3268 ut

2044 3301 2278 3355 salutem
2331 3301 2591 3358 omnibus
2637 3303 2797 3359 facile
2849 3303 3154 3374 parabilem
3187 3303 3416 3358 faceret.
3473 3303 3632 3370 Quod

2041 3392 2209 3447 etiam
2258 3393 2574 3462 signiﬁcans
2621 3411 2852 3466 magnus
2876 3396 3101 3460 Paulus,
3136 3395 3357 3450 dicebat
3390 3413 3403 3448 :
3441 3415 3459 3446 ι
3491 3397 3627 3450 Pro»

2040 3493 2166 3554 pter
2194 3501 2295 3541 nos
2328 3503 2538 3557 pauper
2571 3487 2749 3542 factus
2775 3497 2881 3553 est,
2913 3504 3039 3543 cum
3069 3498 3216 3543 esset
3239 3489 3414 3554 dives,
3450 3496 3509 3542 ut
3530 3505 3638 3545 nos

2039 3574 2192 3632 illius
2217 3586 2543 3648 paupertate
2569 3578 2878 3633 ditaremur
2896 3578 2996 3631 ⁸ο.»
3038 3579 3108 3633 Et
3135 3579 3261 3649 quis
3282 3588 3402 3634 erat
3434 3579 3526 3634 ille
3549 3578 3632 3632 di-

2041 3667 2169 3721 ves?
2202 3675 2260 3722 et
2301 3685 2412 3738 qua
2439 3685 2498 3725 re
2532 3669 2724 3726 dives?
2775 3678 2831 3725 et
2862 3671 3142 3740 quomodo
3169 3670 3273 3725 iste
3313 3687 3522 3742 pauper
3548 3671 3631 3725 fa-

2041 3767 2165 3815 ctus
2184 3769 2270 3816 est
2297 3770 2522 3832 prepter
2543 3778 2646 3818 nos
2669 3763 2694 3816 ?
2733 3761 2923 3818 dicant
2947 3763 3111 3818 nobis
3139 3764 3235 3834 qui
3265 3780 3292 3817 a
3324 3763 3632 3818 Dci'Vcrbo

2041 3861 2300 3922 separant
2349 3853 2654 3919 hominem,
2711 3862 2768 3909 et
2819 3854 2968 3924 quod
3011 3855 3228 3908 unitum
3259 3861 3344 3908 est
3373 3866 3634 3923 separant

2041 3944 2568 3998 commemoratione
2587 3951 2935 4008 naturarum,
2961 3943 3072 3999 duo
3089 3942 3337 4013 quaedam
3359 3942 3628 4006 dicentes,

2042 4030 2347 4099 Christum,
2389 4043 2444 4089 et
2469 4034 2629 4100 illud,
2657 4033 2771 4089 sola
2796 4034 3132 4103 cogitatione,
3161 4033 3228 4086 ad
3249 4032 3334 4087 sui
3355 4031 3632 4087 defensio-

2042 4140 2172 4180 nem
2202 4125 2518 4182 aﬂ‘erentes.
2573 4125 2707 4192 Quis
2733 4143 2883 4198 ergo,
2914 4142 3041 4181 eum
3071 4133 3221 4180 esset
3246 4125 3421 4189 dives,
3458 4124 3630 4178 dicito

2042 4218 2202 4284 mihi,
2229 4235 2350 4274 mea
2381 4227 2703 4290 paupertate
2745 4221 2925 4274 factus
2950 4227 3034 4274 est
3061 4217 3305 4288 pauper?
3334 4217 3476 4271 Num
3506 4218 3630 4286 qui-

2042 4310 2300 4379 apparuit
2333 4311 2521 4377 homo,
2555 4326 2719 4381 quem
2746 4318 2804 4365 tu
2837 4325 3062 4380 scparas
3089 4325 3118 4362 a
3149 4308 3474 4363 divinitate?
3519 4309 3627 4363 Sed

2042 4416 2324 4471 nunquam
2354 4402 2457 4458 istc
2487 4403 2592 4459 fuit
2613 4404 2800 4470 dives,
2830 4405 3166 4474 sed-pauper
3193 4418 3260 4458 ex
3293 4402 3659 4472 pauperibus-

2042 4495 2365 4563 parentibus
2411 4504 2593 4551 natus.
2628 4496 2764 4564 Quis
2787 4513 2920 4569 ergo
2953 4497 3109 4552 dives
3158 4497 3251 4551 ille
3279 4504 3383 4561 est,
3419 4505 3476 4552 et
3505 4496 3630 4566 qui-

1106 4548 1276 4656 πένης
1301 4552 1540 4622 ἐγένετο,
1568 4559 1706 4615 tam
1741 4566 1936 4622 πενίαν

2040 4583 2145 4639 bus
2170 4584 2336 4640 rebus
2370 4586 2544 4652 dives,
2567 4587 2662 4657 qui
2686 4548 2917 4659 proptzr
2943 4605 3044 4645 nos
3069 4588 3249 4644 factus
3272 4596 3358 4643 est
3381 4589 3630 4659 pauper?

2036 4675 2207 4743 Deus,
2241 4676 2444 4747 inquit,
2477 4679 2633 4734 dives
2661 4689 2782 4736 crat
2833 4691 3094 4738 creatura
3124 4697 3245 4737 sua.
3274 4681 3420 4754 Ergo
3449 4681 3626 4737 etiam

2033 4769 2178 4824 Deus
2213 4786 2423 4842 pauper
2469 4771 2650 4830 factus
2691 4784 2805 4841 est,
2859 4775 3212 4847 aspcctabilis
3242 4774 3391 4830 illius
3415 4784 3627 4842 naturae

2032 4871 2413 4931 paupertatem
2436 4879 2590 4920 suam
2614 4864 2992 4922 faciens.Nam
3019 4866 3166 4922 idem
3187 4867 3301 4936 ipse
3326 4865 3482 4919 dives
3506 4875 3627 4920 erat

2036 4947 2349 5016 divinitate,
2382 4960 2438 5006 et
2463 4961 2692 5024 propter
2713 4971 2818 5012 nos
2854 4971 3061 5026 pauper
3092 4955 3270 5010 factus
3291 4962 3394 5008 est.
3430 4953 3622 5023 Neque

2037 5039 2186 5093 enim
2218 5039 2500 5098 hominem
2537 5043 2724 5101 dicere
2755 5047 2966 5117 poteris
3008 5045 3236 5100 divitem
3264 5059 3405 5106 esse,
3438 5044 3533 5114 qui
3567 5053 3624 5100 et

2034 5139 2234 5186 natura
2268 5141 2324 5187 et
2352 5135 2551 5204 opibus
2576 5152 2788 5207 pauper
2812 5146 2993 5203 esset;
3026 5151 3206 5207 neque
3239 5135 3464 5192 divitem
3485 5137 3624 5192 divi-

2027 5220 2218 5278 nitatis
2243 5227 2530 5296 majestate
2562 5242 2858 5297 pauperem
2886 5226 3110 5291 factum,
3137 5227 3182 5282 si
3207 5228 3257 5282 ei
3281 5244 3403 5298 qua:
3425 5228 3620 5284 huma-

2025 5324 2095 5364 na
2144 5323 2293 5377 sunt,
2329 5332 2437 5370 non
2468 5316 2811 5372 attribueris.
2877 5317 3177 5388 Propterea
3212 5327 3268 5374 ct
3296 5321 3613 5392 Apostolus,

2025 5401 2256 5472 gloriam
2301 5406 2609 5464 divinitatis
2669 5409 2928 5466 humanis
2963 5409 3316 5491 passionibus
3342 5413 3614 5476 tribuens,

2109 5701 2226 5776 (17)
2265 5706 2321 5766 Ὀ
2347 5710 2690 5786 βουλόμενος,
2722 5719 2788 5789 τῇ
2827 5721 3044 5793 ποικίλῃ
3075 5721 3302 5795 θεωρίᾳ,
3338 5694 3456 5780 Lat.
