4076 6492
333 407 474 468 1565

1256 408 1544 468 HOMILIA
1583 411 1625 466 I.
1664 411 1733 467 IN
1774 410 1888 466 DIE
1925 407 2366 468 NATIVITATIS
2404 407 2661 464 DOMINI.

3451 404 3602 464 1366

249 544 259 556 ·
329 521 624 609 ταγμένων
665 523 845 595 ἀστὴρ
894 523 1056 594 δῆλος
1115 522 1338 594 ἐγένετο
1385 526 1575 582 ἐπάνω
1635 527 1769 591 στάς
1816 525 1911 579 τοῦ

2036 534 2164 581 διετο
2189 523 2438 594 conspici
2461 523 2754 593 potuisset,
2806 521 3067 592 quoniam
3093 517 3254 588 spatii
3279 518 3599 589 magnitudo

333 614 591 669 παιδίουο
637 615 826 688 ἐπειδὴ
868 615 1049 670 τὸτοῦ
1098 617 1471 689 διαστήματος
1526 618 1777 689 μέγεθος,
1811 619 1907 688 τῆς

2036 624 2269 685 ιερεοιυε
2293 614 2564 686 judicium
2609 611 2859 683 fugiens,
2919 625 3098 680 neque
3137 610 3378 680 quietem
3414 625 3595 679 neque

331 706 514 775 ὅψεως
543 706 777 760 κλέπτον
801 708 902 778 τὴν
930 708 1134 779 κρίσιν,
1157 707 1283 762 οὐδέ
1304 708 1518 774 στάσιν,
1543 709 1667 763 οὐδὲ
1695 709 1911 779 κίνησιν

2036 716 2226 761 notum
2247 707 2540 761 stellarum
2560 702 3123 759 manifestumscnsui
3151 701 3282 756 facit
3314 719 3327 754 :
3365 721 3383 751 ι
3404 701 3591 759 Stetit,

333 799 445 854 τῶν
467 799 716 869 ἀστέρων
739 799 908 871 δήλην
931 801 998 871 τῇ
1024 800 1275 872 αἰσθήσει
1307 803 1472 855 ποιεί.
1515 820 1535 853 ι
1577 801 1769 870 Ἔστη,
1804 818 1912 870 φη·-

336 893 443 956 σὶν,
488 891 518 942 ὁ
561 890 740 962 ἀστὴρ
777 891 963 945 ἐπάνω
1005 883 1067 945 οὗ
1104 887 1173 964 ἦν
1223 891 1287 946 τδ
1339 891 1570 948 παιδίον.
1631 911 1650 945 ι
1703 892 1913 947 Οὐκοῦν

335 981 622 1036 ἀπολιπὼν
651 982 714 1036 τδ
743 981 878 1052 ὕψος
899 984 929 1037 ὁ
960 983 1290 1056 φαινόμενος
1314 985 1516 1056 ἀστὴρ,
1560 982 1916 1055 χθαμαλώτε-

339 1091 432 1145 ρος
466 1073 716 1141 γέγονεν,
757 1072 847 1127 ἵνα
874 1075 939 1144 τῇ
983 1073 1174 1128 στάσει
1201 1073 1351 1146 δείξῃ
1377 1074 1474 1128 τοῦ
1509 1073 1772 1145 βασιλέως
1814 1071 1915 1144 τὴν

335 1164 616 1236 γέννησιν.
639 1163 752 1218 Καὶ
776 1164 886 1236 γὰρ
902 1165 977 1228 ὡς
1004 1163 1230 1236 βασιλέα
1255 1167 1480 1238 ἐζήτουν
1503 1167 1553 1219 οἱ
1581 1165 1785 1234 Μάγοι,
1819 1163 1918 1235 βα-

340 1257 533 1319 σιλέως
559 1257 946 1329 ἐπερωτῶντες
978 1258 1070 1312 τὸν
1114 1259 1294 1324 τόκον,
1344 1258 1439 1313 καὶ
1477 1259 1592 1322 τοῖς
1645 1256 1918 1319 Ἰουδαίας

337 1343 592 1411 λέγοντες
613 1359 626 1374 ·
659 1363 679 1396 ι
715 1343 828 1398 Ποῦ
856 1344 1003 1400 ἔστιν
1030 1348 1059 1400 ὁ
1093 1347 1310 1417 τεχθεὶς
1350 1346 1603 1418 βασιλεὺς
1627 1346 1736 1400 τῶν
1785 1347 1918 1400 Ἰου-

337 1437 538 1503 δαίων;
568 1437 784 1507 εἴδομεν
817 1437 929 1510 γάρ
955 1438 1120 1493 αὐτοῦ
1151 1439 1243 1493 τὸν
1261 1439 1468 1511 ἀστέρα
1487 1441 1544 1494 ἐν
1569 1443 1638 1512 τῇ
1664 1440 1918 1512 ἀνατολῇ,

342 1529 438 1582 καὶ
465 1529 705 1600 ήλθομεν
731 1530 1109 1602 προσκυνῆσαι
1133 1531 1302 1603 αὐτῷ.
1331 1551 1353 1584 ι
1386 1531 1620 1586 Βασιλέα
1644 1531 1848 1604 ζητεῖς,
1875 1525 1921 1586 ὧ

339 1620 537 1690 Μάγες
567 1621 662 1676 καὶ
685 1622 832 1686 τίνος
876 1621 1065 1677 ἕνεκεν
1106 1623 1182 1688 ὡς
1203 1624 1328 1695 Θεῷ
1361 1625 1693 1696 προσφέρεις
1715 1625 1808 1679 τὸν
1837 1623 1920 1678 λί-

341 1713 539 1779 ϐανον;
584 1712 726 1768 Ἀλλ’
756 1709 873 1768 οῖδα
906 1715 1002 1770 καὶ
1039 1714 1286 1786 βασιλέα,
1317 1717 1430 1771 καὶ.
1461 1715 1596 1771 Θεὸν
1625 1716 1920 1788 ἐγνώρισα.

341 1804 446 1858 Διά
483 1803 645 1859 τοῦτο
676 1805 772 1859 καὶ
815 1805 1016 1879 χρυσὸν
1047 1807 1200 1878 αὐτῷ
1227 1807 1527 1880 προσφέρω
1553 1809 1650 1862 καὶ
1684 1807 1921 1874 λίϐανον,

341 1898 458 1960 τοῖς
486 1896 683 1968 δώροις
718 1896 852 1967 ὁμοῦ
881 1899 977 1953 καὶ
1006 1897 1142 1953 Θεὸν
1167 1899 1264 1952 καὶ
1293 1899 1518 1969 βασιλέα
1539 1899 1782 1972 μηνύων.

414 1986 518 2040 IA'.
560 1985 698 2039 Ἀλλ’
731 1978 907 2051 οὗτος,
938 1988 968 2040 ὁ
1003 1987 1127 2041 τότε
1173 1988 1401 2058 Μάγους
1433 1989 1672 2054 ἑλκύσας
1696 1991 1924 2063 ἀρρήτῳ

339 2074 574 2146 δυνάμει
619 2075 759 2147 πρὸς
788 2075 888 2147 τὴν
933 2076 1243 2144 εὐσέϐειαν,
1287 2080 1382 2133 καὶ
1419 2079 1516 2134 νῦν
1549 2063 1650 2153 τήν
1694 2081 1924 2154 φαιδρὰν

343 2167 661 2238 πανήγυριν
697 2167 1064 2238 συνεκρότησε
1099 2169 1366 2240 σήμερον,
1395 2171 1497 2224 οὐκ
1528 2170 1609 2225 ἔτι
1645 2172 1705 2225 ἐν
1748 2172 1926 2245 φάτνῃ

339 2255 648 2328 τιθέμενος,
683 2257 797 2310 ἀλλ’
830 2258 923 2311 ἐπὶ
951 2260 1052 2329 τῆς
1089 2260 1466 2330 σωτηριὼδους
1491 2261 1773 2334 τραπέζης
1796 2263 1928 2316 ταύ-

340 2366 447 2418 της
475 2350 857 2420 προκείμενοςι
887 2349 1071 2424 ἐκείνη
1103 2353 1212 2422 γὰρ
1252 2355 1284 2425 ἠ
1317 2355 1491 2425 φάτνη
1524 2356 1622 2426 τῆς
1647 2357 1928 2428 τραπέζης

341 2441 553 2512 ταύτης
600 2443 784 2515 μήτηρ
821 2443 1055 2512 ἐγένετο.
1087 2446 1188 2499 Διά
1223 2447 1377 2500 τοῦτο
1407 2447 1466 2500 ἐν
1492 2449 1676 2520 ἐκείνῃ
1695 2449 1925 2515 τίθεται,

343 2534 439 2587 ἵνα
467 2533 560 2587 ἐπὶ
585 2533 792 2605 ταύτης
819 2533 1026 2606 βρωθῇ,
1071 2537 1165 2592 καὶ
1188 2537 1412 2608 γένηται
1441 2541 1556 2604 τοῖς
1587 2543 1797 2604 πιστοῖς
1827 2558 1931 2594 σω·-

343 2627 538 2696 τὴριον
580 2623 808 2696 ἔδεσμα.
874 2625 1015 2680 Ἀλλ’
1047 2629 1080 2697 ὴ
1137 2627 1237 2698 μὲν
1294 2628 1471 2702 φάτνη
1518 2630 1620 2702 τὴν
1671 2630 1932 2702 λαμπρὰν

343 2715 554 2786 ταύτην
595 2716 832 2783 ἀνέδειξε
876 2717 1179 2790 τράπεζαν,
1207 2721 1242 2790 ὴ
1273 2719 1328 2773 δὲ
1360 2721 1640 2793 Παρθένος
1684 2723 1811 2786 τοὺς
1839 2740 1933 2794 χο-

350 2808 482 2878 ροὺς
513 2808 736 2872 τούτους
768 2809 1070 2881 ἐϐλάστησε
1100 2810 1201 2881 τῆς
1237 2811 1554 2880 παρθενίας
1588 2813 1622 2885 ή
1649 2813 1706 2867 δὲ
1743 2813 1836 2868 τοῦ
1874 2815 1934 2870 ἐν

348 2897 604 2971 Βηθλεὲμ
651 2900 900 2954 οίκίσκου
931 2901 1175 2955 εὐτέλεια
1202 2903 1330 2966 τοὺς
1364 2906 1685 2976 περιφανεῖς
1713 2904 1935 2970 τούτους

346 2991 593 3058 ἀνέδειξε
643 2991 837 3056 ναούς’
891 2992 960 3046 τά
1023 2992 1082 3046 δὲ
1120 2993 1242 3047 τότε
1329 2994 1623 3066 σπάργανα
1676 2995 1784 3049 τῶν
1839 2996 1938 3050 νῦν

351 3083 778 3155 ἁμαρτημάτων
821 3084 1054 3156 λυτήρια
1083 3086 1329 3155 γέγονεν.
1373 3082 1528 3150 Εῐδες
1558 3087 1660 3156 τῆς
1689 3087 1814 3141 τότε
1841 3106 1938 3143 πε-

347 3175 472 3237 νίας
496 3173 567 3227 τὰ
607 3172 703 3227 νῦν
735 3175 1043 3246 φαινόμενα
1093 3176 1536 3250 κατορθώματα;
1581 3175 1735 3243 Εἶδες
1780 3197 1935 3234 πτω-

346 3267 508 3336 χείαν
549 3267 807 3321 τοσούτου
855 3267 1089 3321 πλούτου
1132 3270 1508 3342 γεγενημένην
1559 3274 1806 3343 μητέρα;
1844 3273 1936 3345 Μὴ

350 3359 584 3430 βλάπτει
613 3361 648 3431 ή
685 3359 838 3415 κάτω
873 3359 968 3414 τοῦ
1014 3361 1356 3431 Μονογενοῦς
1401 3362 1538 3433 πρὸς
1579 3363 1760 3433 ὀλίγον
1787 3363 1941 3418 εὐτέ-

349 3452 495 3518 λεια,
530 3452 791 3508 τοσοῦτον
829 3453 1061 3508 πλοῦτον
1091 3456 1160 3526 τῇ
1190 3455 1488 3527 οἰκουμένῃ
1526 3455 1799 3526 κομίσασα
1825 3497 1838 3522 ,
1873 3457 1940 3510 Τί

348 3538 447 3594 οὖν
492 3541 775 3608 ὀνειδίζεις
823 3542 1045 3614 Χριστῷ
1094 3543 1193 3614 τὴν
1234 3546 1292 3598 ἐν
1325 3544 1576 3614 Βηθλεὲμ
1622 3545 1937 3612 εὐτέλειαν;

350 3631 456 3686 Διά
481 3633 534 3686 τί
567 3633 763 3688 πενίαν
789 3633 980 3705 φέρεις
1025 3634 1106 3697 είς
1136 3634 1321 3704 μέσον,
1361 3633 1432 3686 τὰ
1471 3633 1530 3699 ἐξ
1565 3632 1739 3703 αὐτῆς
1770 3632 1938 3705 κέρδη

349 3725 451 3779 τοῦ
496 3725 706 3797 κόσμου
759 3726 836 3798 μὴ
872 3725 1256 3796 λογιζόμενος;
1288 3724 1388 3779 Διά
1431 3724 1484 3779 τί
1517 3722 1737 3791 ἀνάξιον
1761 3725 1940 3794 λέγεις

347 3813 491 3868 Θεοῦ
521 3814 716 3880 πάθος,
745 3816 1018 3870 τοσούτων
1057 3814 1278 3885 ἀγαθῶν
1311 3814 1606 3886 γενόμενον
1635 3813 1937 3887 πρόξενον;

352 3906 469 3977 Atat]
487 3908 542 3960 τί
565 3907 773 3979 ἀφαιρῇ
799 3906 892 3961 τοῦ
926 3902 1266 3976 Μονογενοῦς
1294 3906 1366 3962 τά
1399 3907 1695 3978 τραύματα
1717 3905 1776 3972 δς
1800 3906 1938 3978 (19),

346 3998 624 4067 τοσαύτην
673 3997 950 4068 σωτηρίαν
1013 4000 1127 4060 τοῖς
1191 3995 1502 4068 ἀνθρώποις
1555 3998 1832 4070 ἐπήγασε;
1874 3995 1940 4050 Τί

350 4089 720 4164 παρακαθέζῃ
759 4090 1068 4162 παθήμασι,
1115 4091 1214 4144 καὶ
1264 4090 1327 4144 οὐ
1373 4089 1594 4161 βλέπεις
1624 4069 1734 4144 τῶν
1772 4069 1943 4160 παθη-

355 4181 546 4250 μάτων
591 4180 660 4233 τὰ
689 4179 786 4234 νῦν
829 4181 1100 4251 γενόμενα
1130 4180 1563 4253 κατορθώματα;
1617 4181 1716 4236 Διά
1753 4181 1808 4234 τί
1843 4197 1942 4234 πε-

348 4271 477 4324 νίαν
514 4271 700 4341 λέγεις
756 4272 982 4338 ἀναξίαν
1007 4272 1166 4339 Θεοῦ,
1203 4273 1270 4327 δι’
1299 4270 1367 4345 ἦς
1411 4275 1440 4328 ὁ
1489 4275 1694 4346 κόσμος
1721 4275 1943 4328 πλουτεί

348 4363 456 4432 τὴν
484 4363 806 4432 εὐσέϐειαν;
835 4363 934 4418 Διά
965 4364 1019 4418 τί
1054 4363 1286 4420 θάνατον
1317 4364 1540 4432 ἀνάξιον
1572 4364 1709 4419 Θεοῦ
1737 4365 1940 4435 λέγεις,

349 4448 399 4521 ᾧ
421 4453 555 4518 Θεὸς
585 4455 833 4525 ἀνήλωσε
875 4457 1146 4525 θάνατον;
1189 4456 1348 4521 Τίνος
1395 4457 1580 4512 ἕνεκεν
1619 4458 1854 4530 σταυρὸν
1877 4459 1938 4514 οὐ

1955 1886 2002 1947 Β

2014 796 2216 867 inquit,
2247 798 2406 852 stella
2439 812 2607 866 supra
2633 797 2839 859 locum,
2876 793 2973 849 ubi
3001 802 3120 849 erat
3144 809 3282 864 puer
3299 793 3364 844 ⁸⁸.
3395 811 3413 842 ι
3456 793 3599 861 Ergo

2015 891 2338 961 relinquens
2365 889 2716 945 altitudinem
2747 889 2903 943 stella
2931 904 3053 958 quae
3071 887 3388 958 apparebat,
3414 885 3597 940 humi-

2015 982 2122 1037 lior
2151 981 2298 1036 facta
2325 989 2430 1046 est,
2466 991 2531 1037 ut
2573 980 2772 1036 stando
2825 980 3168 1035 nativitatem
3215 978 3360 1049 regis
3404 985 3595 1032 osten-

2015 1073 2196 1129 deret.
2231 1073 2370 1128 Nam
2401 1083 2665 1143 tanquam
2693 1087 2878 1143 regem
2907 1070 3230 1141 quaerebant
3250 1069 3386 1139 Magi
3407 1111 3422 1134 ,
3456 1068 3601 1139 regis

2017 1164 2369 1220 nativitatem
2419 1164 2862 1234 interrogantes,
2918 1161 3232 1231 Judaaisque
3295 1159 3542 1214 dicentes
3584 1176 3598 1212 :

2026 1276 2046 1308 ι
2065 1258 2170 1314 Ubi
2189 1266 2276 1312 est
2293 1256 2387 1327 qui
2409 1265 2571 1311 natus
2589 1264 2678 1311 est
2695 1270 2799 1310 rex.
2813 1252 3167 1310 Iudaeorum?
3189 1249 3604 1309 Vidimusenim

2020 1349 2234 1404 stellam
2256 1349 2377 1420 ejus
2400 1348 2456 1402 in
2481 1348 2719 1412 oriente,
2745 1355 2803 1402 et
2819 1345 3077 1402 venimus
3100 1341 3333 1399 adorare
3354 1357 3483 1397 eum
3500 1342 3597 1395 “'n

2022 1442 2227 1512 Regem
2270 1442 2495 1511 qumris,
2541 1457 2575 1495 ο
2604 1441 2774 1512 Mage,
2823 1446 2882 1496 et
2920 1455 3021 1494 cur
3049 1446 3308 1507 tanquam
3336 1435 3450 1489 Deo
3481 1434 3614 1488 thus

2021 1531 2220 1586 oﬂ'ers?
2273 1532 2380 1588 Sed
2402 1533 2531 1587 novi
2549 1542 2608 1604 et
2631 1547 2838 1604 regem,
2867 1537 2924 1586 et
2944 1532 3117 1586 Deum
3141 1540 3435 1599 cognosco.
3477 1526 3612 1580 Pro-

2022 1630 2213 1692 pterea
2240 1631 2297 1677 et
2318 1638 2518 1678 aurum
2547 1622 2600 1678 ei
2630 1621 2804 1678 oﬂ‘ero
2837 1630 2894 1677 et
2919 1621 3072 1686 thus,
3095 1615 3424 1675 muneribus
3447 1614 3631 1672 simuh

2024 1722 2083 1770 et
2116 1716 2289 1771 Deum
2314 1725 2372 1772 et
2407 1732 2597 1788 regem
2625 1715 2939 1786 designans.

2095 1993 2189 2048 XI.
2250 1991 2359 2048 Sed
2392 1991 2517 2057 iste,
2569 1991 2666 2063 qui
2701 2001 2834 2047 tunc
2856 1991 3042 2062 Magos
3094 1989 3362 2046 inetl‘ahin
3403 1991 3635 2044 virtute-

2025 2085 2095 2140 ad
2146 2085 2408 2154 pietatem
2455 2083 2658 2148 traxit,
2697 2083 2845 2138 idem
2878 2083 3060 2137 laetam
3085 2081 3230 2136 hanc
3257 2081 3628 2136 festivitatear

2027 2176 2300 2232 hodierno
2319 2175 2410 2231 die
2432 2173 2759 2240 constituit;
2784 2188 2896 2228 non
2916 2173 3030 2245 jam
3051 2173 3108 2228 in
3130 2172 3616 2243 praescpipositus,

2027 2267 2125 2323 sed
2147 2267 2202 2321 in
2228 2266 2334 2322 hac
2359 2253 2587 2322 salutari
2611 2281 2800 2321 mensa
2821 2264 3142 2336 propositus
3173 2281 3185 2316 :
3217 2264 3354 2318 illud
3376 2279 3630 2334 namque

2028 2375 2273 2429 prassepe
2315 2373 2520 2413 mensae
2556 2358 2689 2414 huic
2716 2371 2919 2428 parens
2947 2356 3155 2412 factum
3178 2365 3283 2412 est.
3318 2357 3618 2426 Propterea

2030 2447 2088 2502 in
2117 2446 2212 2500 illo
2239 2454 2326 2501 est
2348 2447 2584 2516 positus,
2615 2453 2678 2500 ut
2702 2446 2758 2500 in
2785 2445 2891 2500 ista
2911 2445 3134 2510 edatur,
3163 2453 3221 2499 et
3242 2443 3501 2499 ﬁdelibus
3527 2444 3620 2496 ﬁat

2030 2538 2290 2595 salutaris
2318 2538 2496 2593 cibus.
2555 2537 2665 2593 Sed
2700 2536 2836 2593 illud
2871 2536 3097 2607 quidem
3131 2551 3378 2606 praesepe
3415 2535 3630 2589 claram-

2031 2631 2175 2686 hane
2206 2645 2451 2684 mensam
2477 2629 2814 2700 designavit,
2854 2627 3022 2698 Virgo
3041 2634 3228 2682 autem
3256 2626 3460 2680 choros
3486 2626 3624 2680 istos

2031 2721 2310 2792 virginum
2336 2719 2668 2792 germinavit
2695 2736 2709 2772 :
2739 2716 3144 2774 Bethleemitici
3170 2724 3356 2771 autem
3377 2717 3628 2772 diverso-

2034 2812 2105 2867 rii
2132 2813 2316 2868 vilitas
2341 2812 2490 2867 clara
2516 2811 2636 2866 haec
2665 2809 2870 2881 templa
2895 2808 3188 2873 exstruxit,
3225 2816 3283 2862 et
3311 2807 3477 2878 panni
3497 2807 3627 2877 qui-

2034 2903 2140 2959 bus
2169 2911 2300 2958 tunc
2330 2903 2616 2958 involutus
2642 2910 2764 2968 est,
2816 2901 2948 2956 facti
2988 2907 3118 2954 sunt
3145 2899 3498 2969 prasentium
3535 2914 3625 2954 rec

2037 2996 2240 3051 solutio
2292 3001 2671 3065 peccatorum.
2736 2992 2902 3048 Vides
2947 2992 3100 3047 illius
3129 2991 3474 3062 paupertatis
3505 3005 3628 3060 qua:

2035 3103 2188 3143 nunc
2217 3095 2538 3157 spectentur
2558 3085 2778 3156 egregia
2808 3084 3010 3155 opera?
3058 3084 3215 3139 vides
3243 3090 3624 3153 paupertatem

2039 3187 2319 3235 tantarum
2371 3178 2570 3233 factam
2632 3177 2948 3231 divitiarum
2994 3174 3317 3244 parentem?
3364 3171 3625 3242 Nunquid

2039 3271 2200 3326 obest
2226 3269 2318 3324 illa
2345 3269 2400 3323 in
2431 3268 2594 3323 terris
2617 3265 2897 3336 Unigeniti
2924 3264 2992 3318 ad
3017 3265 3278 3335 exiguum
3299 3270 3518 3332 tempus
3531 3261 3628 3316 ab-

2035 3361 2236 3435 jectio,
2274 3375 2398 3430 quae
2422 3365 2602 3414 tantas
2633 3357 2756 3412 orbi
2790 3365 3066 3412 terrarum
3103 3355 3327 3410 divitias
3354 3353 3628 3410 contulit?

2040 3454 2182 3521 Quid
2213 3469 2348 3524 ergo
2367 3451 2666 3523 exprobras
2689 3449 2909 3506 Christo
2935 3447 3413 3504 Bcthlcemiticam
3445 3444 3628 3500 humi-

2041 3545 2292 3602 litatem?
2323 3543 2436 3599 Cur
2461 3549 2844 3614 paupertatem
2867 3539 3085 3611 profers
3106 3539 3162 3594 in
3180 3537 3446 3602 medium,
3471 3537 3627 3590 lucra

2040 3640 2240 3697 exinde
2257 3638 2381 3694 orbi
2402 3649 2677 3691 terrarum
2702 3641 2858 3704 parta
2875 3649 2985 3687 non
3007 3630 3367 3702 computans?
3393 3629 3506 3690 Cur
3535 3627 3626 3681 in-

2042 3732 2264 3803 dignam
2279 3729 2418 3784 dicis
2435 3728 2548 3782 Deo
2570 3724 2904 3798 passionem,
2922 3738 3045 3796 quae
3061 3732 3338 3778 tantorum
3353 3720 3630 3775 bonorum
3686 3787 3694 3794 _

2042 3823 2313 3895 probatur
2345 3821 2488 3876 facta
2515 3819 2768 3875 occasio?
2823 3817 2936 3873 Cur
2973 3816 3162 3871 aufers
3187 3813 3482 3885 Unigenito
3505 3811 3634 3866 vul-

2042 3931 2196 3980 nera,
2229 3929 2352 3985 quae
2381 3921 2587 3968 tantam
2617 3911 2853 3967 salutem
2881 3907 3204 3965 hominibus
3229 3905 3630 3976 profuderunt?

2041 4008 2154 4065 Cur
2183 4007 2432 4062 adhaercs
2457 4004 2828 4075 passionibus,
2865 4013 2922 4059 et
2949 4017 3062 4057 non
3089 4000 3248 4055 vides
3291 4006 3495 4068 quanta
3517 3997 3631 4052 sint-

2041 4116 2192 4157 nunc
2219 4099 2363 4154 bona
2393 4113 2424 4152 a
2449 4097 2802 4168 passionibus
2821 4095 2931 4150 illis
2955 4093 3240 4164 profecta?
3265 4090 3395 4163 (Cur
3423 4089 3632 4161 passio-

2043 4207 2172 4247 nem
2202 4190 2482 4261 indignam
2515 4186 2657 4243 dicis
2685 4187 2821 4251 Deo,
2857 4199 2983 4255 quae
3010 4183 3178 4240 solvit
3203 4181 3411 4238 diaboli
3441 4189 3628 4252 tyran-

2041 4282 2230 4338 nidem
2243 4281 2286 4351 τ)
2325 4279 2440 4336 Cur
2469 4284 2853 4350 paupertatem
2878 4273 3020 4330 dicis
3052 4273 3334 4344 indignam
3362 4271 3496 4335 Deo,
3532 4284 3633 4339 per

2041 4387 2207 4445 quam
2230 4369 2472 4426 mundus
2493 4369 2701 4440 pietate
2724 4367 2931 4422 ditatus
2954 4365 3074 4420 est?
3097 4363 3210 4419 Cur
3229 4369 3465 4417 mortem
3486 4359 3630 4414 indi—

2042 4480 2202 4538 gnam
2238 4462 2379 4518 dicis
2415 4461 2530 4517 Dco
2552 4500 2566 4526 ,
2627 4474 2734 4529 qua
2763 4458 2911 4513 Deus
2945 4461 3184 4511 mortem
3215 4452 3488 4524 peremit?
3519 4451 3633 4506 Cur

349 4548 536 4617 λέγεις
566 4548 723 4616 Θεοῦ,
753 4542 799 4619 ᾧ
848 4549 981 4614 Θεὸς
1022 4549 1122 4622 τὴν
1162 4550 1363 4605 κακίαν
1399 4549 1511 4622 (20)
1548 4549 1644 4604 τοῦ
1686 4551 1933 4622 δαίμονος

2047 4570 2270 4614 crucem
2315 4554 2412 4610 Dei
2450 4567 2641 4625 negas,
2677 4567 2786 4622 qua
2812 4549 2960 4606 Deus
2989 4548 3059 4604 de
3080 4546 3334 4618 nequitia
3365 4545 3633 4600 daemonis

351 4639 758 4712 ἐθριάμϐευσες
783 4640 881 4695 Διὰ
925 4640 978 4695 τί
1023 4640 1181 4697 τοῦτο
1209 4642 1370 4714 μόνον
1391 4641 1454 4696 οὐ
1481 4641 1663 4712 λέγεις
1689 4641 1846 4706 Θεοῦ,
1881 4643 1943 4709 ὃς

348 4732 458 4800 τὴν
545 4732 704 4803 ἡμῶν
752 4733 1032 4806 ἁμαρτίαν
1107 4731 1187 4804 τῷ
1255 4733 1398 4805 ξύλῳ
1433 4734 1798 4806 προσήλωσε;
1847 4734 1941 4807 Μὴ

348 4820 619 4894 διαϐάλῃς
652 4822 833 4895 πάθη,
864 4824 958 4894 ἀφ’
1001 4817 1078 4878 ὦν
1123 4823 1362 4879 ἀπάθεια
1401 4825 1667 4881 τίκτεται.
1712 4825 1804 4899 Μὴ
1827 4825 1944 4880 δια-

353 4911 531 4988 σύρῃς
580 4913 876 4979 εὐτέλειαν,
936 4915 1030 4985 ἀφ’
1072 4909 1144 4986 ἧς
1189 4915 1437 4971 διαϐόλου
1463 4918 1722 4989 τυραννὶς
1767 4935 1940 4973 κατα-

351 5004 566 5060 λύεται.
583 5005 675 5076 Μὴ
708 5006 973 5080 ὁνειδίσῃς
1009 5007 1266 5079 ῥάπισμα
1294 5009 1434 5081 Θεῷ,
1450 5009 1519 5063 δι’
1544 5004 1737 5081 οὖ“τῆς
1762 5011 1945 5082 ἀμαρ-

352 5097 480 5161 τὶας
510 5098 603 5152 τὸν
648 5098 938 5172 ἄνθρωπον
986 5100 1356 5173 ἠλευθέρωσε.
1414 5101 1507 5172 Μὴ
1557 5101 1694 5156 Θεοῦ
1747 5101 1946 5173 δεσμὸν

351 5189 526 5261 εἴπῃς
549 5189 793 5257 ἀνάξιον,
897 5192 990 5246 τὸν
1021 5193 1225 5264 δεσμὸν
1247 5194 1349 5264 τῆς
1384 5193 1665 5264 ἁμαρτίας
1693 5193 1942 5248 ἀνέλυσε.

352 5280 452 5352 Μὴ
485 5281 612 5351 λέγε
652 5282 850 5339 πενίαν
875 5282 1100 5349 ἀναξίαν
1139 5283 1300 5348 Θεοῦ,
1331 5285 1415 5339 ὅτι
1444 5287 1473 5338 ὁ
1501 5284 1750 5356 διάβολος
1783 5285 1947 5340 πλου-

352 5372 468 5426 τῶν
497 5372 596 5445 τήν
626 5375 836 5446 πλάνην
861 5375 1195 5448 ἐπτώχευσε.
1232 5377 1326 5447 Μὴ
1355 5376 1642 5448 καταγνῷς
1675 5377 1938 5451 σταυροῦ,

359 5462 585 5532 βωμοὺς
627 5463 1015 5532 καταλύοντος,
1074 5467 1211 5538 μηδέ
1259 5467 1602 5540 ἐξευτελίσῃς
1633 5470 1829 5540 ἥλους,
1865 5465 1946 5536 οἷς

353 5556 460 5623 τὴν
509 5557 838 5629 οἰκουμένην
884 5560 1120 5630 Χριστὸς
1158 5560 1238 5625 είς
1274 5560 1332 5616 ἓν
1371 5563 1629 5634 φρόνημα
1668 5563 1766 5636 τῆς
1793 5563 1946 5618 εὐσε-

356 5648 512 5712 ϐείας
543 5650 836 5722 συνέπηξε.
867 5652 958 5722 Μὴ
991 5651 1208 5720 λογίζου
1253 5652 1325 5707 τά
1364 5653 1580 5726 εὐτελῆ,
1615 5655 1756 5712 ἀλλά
1786 5655 1855 5710 τὰ
1883 5656 1948 5710 ἐκ

435 5767 481 5799 ⁸⁸
514 5767 706 5823 Matth.
739 5786 797 5836 ιι,
825 5770 880 5826 9.
951 5773 994 5804 ‘7
1020 5771 1160 5829 Ibid.
1199 5772 1256 5828 2.

436 5884 550 5955 (ιιι)
585 5885 707 5940 Lat.
742 5886 781 5940 ὃ.
852 5906 860 5912 ·

2048 4645 2451 4717 triumphavit?
2481 4643 2595 4699 Cur
2623 4642 2731 4697 hoc
2753 4642 2934 4696 solum
2963 4653 3077 4694 non
3100 4637 3243 4692 dicis
3264 4637 3385 4702 Dei,
3417 4635 3512 4706 qui
3535 4651 3634 4690 no-

2048 4747 2228 4797 strum
2254 4744 2542 4809 peccatum
2571 4734 2742 4790 aﬂixit
2768 4733 2955 4805 ligno?
2987 4730 3111 4787 Noli
3135 4731 3402 4799 derogare
3426 4726 3635 4796 passio-

2047 4831 2234 4897 nibus,
2261 4845 2361 4900 per
2376 4844 2515 4899 quas
2535 4826 2949 4898 impassihilitas
2965 4829 3282 4894 generatur.
3311 4819 3432 4874 Noli
3453 4817 3635 4873 detra-

2047 4921 2182 4978 here
2217 4919 2514 4991 abjectioni
2539 4958 2555 4985 ,
2613 4933 2724 4989 qua
2768 4916 3022 4990 tyrannis
3053 4912 3260 4969 diaboli
3305 4907 3629 4965 destruitur.

2043 5011 2166 5068 Noli
2201 5012 2315 5067 Deo
2355 5011 2568 5081 alapam
2600 5009 2939 5080 exprobrare
2961 5048 2979 5072 ,
3012 5021 3113 5077 per
3142 5017 3304 5073 quam
3333 5017 3362 5055 a
3391 4997 3632 5069 peccatis

2043 5104 2326 5161 hominem
2356 5103 2636 5158 liberavit.
2669 5103 2792 5160 Non
2814 5099 3036 5155 vincula
3061 5098 3175 5152 Deo
3198 5093 3352 5147 dicas
3382 5091 3626 5160 indigna,

2043 5199 2251 5269 quibus
2270 5197 2494 5253 vincula
2521 5196 2733 5266 peccati
2762 5191 3012 5249 resolvit.
3048 5190 3130 5245 Nc
3155 5185 3362 5242 dixeris
3394 5196 3632 5253 pauper-

2046 5299 2217 5347 tatem
2249 5289 2534 5362 indignam
2560 5289 2694 5352 Deo,
2717 5301 2826 5357 qua
2848 5283 3127 5345 diabolus,
3155 5293 3284 5334 cum
3310 5276 3466 5332 dives
3486 5281 3633 5328 esset

2048 5398 2261 5448 errore,
2297 5397 2508 5452 pauper
2539 5379 2719 5435 factus
2742 5383 2849 5433 est.
2883 5374 3006 5432 Noli
3037 5373 3355 5442 vituperare
3385 5379 3629 5429 crucem,

2051 5489 2176 5547 qua:
2200 5472 2474 5528 destruxit
2503 5487 2647 5527 aras.
2701 5467 2827 5524 Noli
2858 5464 3146 5536 despicere
3177 5463 3389 5524 clavos,
3425 5455 3630 5547 quibus

2052 5545 2244 5621 orbem
2275 5573 2547 5620 terrarum
2578 5561 2834 5620 Christus
2867 5557 2938 5614 ad
2967 5570 3140 5613 unum
3167 5566 3389 5610 sensum
3411 5545 3631 5620 pietatis

2055 5657 2259 5713 inﬁxit.
2311 5657 2432 5712 Noli
2471 5665 2728 5727 reputare
2760 5668 2882 5726 quae
2921 5651 3053 5707 vilia
3084 5656 3234 5715 sunt,
3272 5645 3368 5702 sed
3401 5641 3538 5714 quid
3561 5654 3632 5696 ex

2126 5881 2240 5952 (eo)
2267 5883 2376 5938 Τοῦ
2409 5883 2626 5956 ἐχθροῦ.
