4076 6456
527 395 553 455 ὶ
564 398 668 456 36.7

1616 391 1966 448 THEODOTI
2007 387 2313 446 EPISCOPI
2351 385 2696 442 ANCYRANI

3656 381 3784 437 1568

531 515 616 570 his
643 513 904 570 eﬂ‘ectum
933 513 1005 568 sit
1039 513 1108 568 ab
1137 528 1206 568 eo
1237 513 1333 583 qui
1369 517 1456 567 est
1479 525 1677 582 passus
1705 509 1932 565 intende
1961 526 1974 562 :
1998 523 2120 578 qua:

2222 504 2429 559 τούτων
2457 502 2553 556 τοῦ
2586 501 2852 564 παθόντος
2894 499 3163 571 γενόμενα
3189 495 3608 568 κατορθώματα·
3635 497 3672 549 ἃ.
3697 496 3786 548 οὐκ
3843 517 3860 535 ι

527 603 570 656 si
595 601 744 671 sapis
770 640 786 666 ,
840 609 896 655 et
927 601 1091 657 ﬁdem
1122 601 1293 656 rebus
1328 615 1452 670 qum
1475 601 1589 671 jam
1622 599 1885 654 videntur
1915 598 2108 662 habes,

525 709 803 764 nunquam
836 693 988 749 dices
1023 694 1294 764 simplicis
1321 692 1492 748 fuisse
1527 691 1772 746 hominis
1794 690 2110 760 passionem

523 785 814 840 subeuntis
843 800 1030 855 opera.
1084 785 1196 840 Cur
1225 794 1411 840 autem
1441 796 1608 838 vocas
1636 782 1787 847 vilia,
1816 797 1940 852 quae
1965 782 2111 837 Deus

524 881 752 944 propter
781 874 1072 928 hominum
1099 874 1334 929 salutem
1365 873 1651 943 amplexus
1683 872 1801 928 est?
1833 872 1969 926 Nam
2005 872 2106 927 etsi

523 962 807 1032 passiones
837 964 1166 1019 naturaliter
1192 963 1456 1019 dicuntur
1492 970 1551 1018 et
1602 970 1765 1025 sunt,
1805 962 1899 1016 sed
1928 971 2108 1016 tamen

523 1059 841 1106 nostrarum
895 1051 1178 1108 medicina
1226 1052 1456 1106 fuerunt
1497 1051 1838 1121 passionum.
1886 1050 2108 1119 Nequa-

523 1155 692 1209 quam
721 1155 855 1212 ergo
905 1141 976 1196 de
1008 1151 1208 1197 caetero
1244 1142 1361 1197 brec
1388 1141 1675 1212 passiones
1708 1141 1972 1212 appelles,
2010 1140 2108 1195 sed

527 1232 849 1302 passionum
873 1241 1192 1289 nostrarum
1214 1233 1400 1304 potius
1423 1233 1716 1287 medelam.
1746 1233 1816 1286 Et
1838 1232 1949 1286 noli
1973 1231 2109 1285 mihi

525 1322 775 1377 membra
822 1321 1073 1394 virginea
1119 1323 1188 1378 ad
1218 1323 1580 1394 opprobrium
1622 1321 2108 1393 proferre'divini-

523 1414 676 1470 tatis.
710 1414 833 1470 Non
855 1415 1004 1470 enim
1028 1415 1229 1471 horum
1257 1415 1483 1486 indigna
1511 1421 1710 1470 natura
1733 1424 1838 1479 est,
1867 1415 1997 1471 licet
2013 1414 2110 1469 ad-

525 1505 812 1560 venientes
831 1505 1115 1575 passiones
1139 1505 1455 1575 ignominias
1481 1504 1833 1560 nobilitatem
1857 1506 2110 1576 corporis

525 1593 896 1665 corruperint.
955 1594 1078 1650 Non
1113 1594 1265 1650 enim
1301 1594 1484 1664 turpia
1534 1609 1634 1664 per
1671 1601 1928 1649 naturam
1981 1602 2111 1650 sunt

525 1686 795 1751 membra,
823 1685 920 1740 sed
944 1703 1042 1756 per
1064 1686 1544 1757 concupiscentias
1568 1685 1788 1742 illicitas
1808 1686 2013 1756 probro
2033 1685 2112 1741 af-

525 1777 809 1832 ﬁciuntur.
862 1777 1000 1832 Nam
1034 1777 1080 1832 si
1123 1788 1309 1833 essent
1342 1778 1524 1848 turpia
1556 1793 1655 1848 per
1683 1786 1961 1843 naturam,
1996 1793 2109 1833 non

2213 597 2281 652 ἂν
2318 597 2492 658 εἴποις
2519 593 2702 665 ἀνθρώ
2715 610 2810 648 που
2844 591 3125 661 γεγονέναι
3150 589 3419 652 παθόντος
3447 586 3636 658 ψιλοῦ,
3673 585 3786 640 νοῦν

2211 687 2372 758 ἔχων,
2403 687 2502 740 καὶ
2542 687 2656 749 τοῖς
2705 683 3057 755 φαινομένοις
3118 680 3468 751 πειθόμενος.
3497 679 3596 732 Διὰ
3639 677 3693 731 τί
3735 677 3789 731 δὲ

2211 781 2306 834 καὶ
2351 778 2461 849 (21)
2507 777 2688 842 λαλεῖς
2719 777 2936 846 εὐτελῆ,
2967 775 3004 830 ἃ
3049 776 3079 829 ὁ
3105 774 3240 838 Θεὸς
3273 772 3364 826 διὰ
3402 773 3676 842 σωτηρίαν
3701 771 3788 824 ἅν-

2213 869 2448 941 θρώπων
2478 869 2768 941 ἠσπάσατο
2793 885 2808 934 ;
2834 869 2896 922 Εί
2921 867 3028 940 γὰρ
3055 866 3359 936 παθήματα
3391 867 3460 934 τῇ
3498 862 3658 932 φύσει
3686 861 3792 914 ὲστί

2209 979 2270 1015 τε
2302 963 2397 1016 καὶ
2435 961 2678 1031 λέγεται,
2722 960 2838 1015 ἀλλ’
2883 958 3098 1030 ἰατρεία
3134 957 3328 1027 γέγονε
3359 955 3471 1009 τῶν
3514 951 3793 1024 ἡμετέρων

2210 1052 2422 1107 παθῶν.
2457 1053 2672 1122 Μηκέτι
2700 1053 2832 1120 γοῦν
2863 1051 2997 1105 αὐτὸ
3029 1048 3406 1121 προσαγόρευε
3438 1045 3631 1110 πάθος,
3666 1043 3794 1098 ἀλλὰ

2211 1143 2403 1199 παθῶν
2448 1143 2557 1198 τῶν
2593 1143 2882 1215 ἡμετέρων
2937 1141 3099 1213 ῐαμα.
3160 1139 3274 1194 Καὶ
3309 1140 3384 1209 μή
3431 1153 3521 1208 μοι
3559 1136 3629 1190 τὰ
3665 1135 3792 1206 μέλη

2210 1235 2311 1304 τῆς
2341 1233 2640 1304 παρθενίας
2683 1234 2764 1296 είς
2801 1231 3001 1294 ὄνειδος
3037 1227 3292 1297 θεότητος
3331 1226 3484 1297 φέρε.
3515 1224 3650 1278 Οὐδὲ
3692 1223 3794 1293 γὰρ

2211 1327 2420 1381 τούτων
2475 1331 2508 1398 ἡ
2560 1325 2723 1395 φύσις
2754 1323 2902 1378 ἐστὶν
2936 1321 3150 1386 ἀναξία·
3184 1317 3288 1373 κᾶν
3316 1315 3701 1400 ἐπεισελθόντα
3727 1315 3796 1368 τὰ

2210 1420 2313 1489 τῆς
2349 1418 2576 1490 ἀτιμίας
2609 1417 2778 1488 πάθη,
2812 1414 2914 1487 τὴν
2945 1414 3231 1484 εὐγένειαν
3269 1409 3367 1464 τοῦ
3393 1407 3647 1479 σώματος
3683 1407 3798 1461 ἐλυ-

2216 1513 2476 1581 μήναντο.
2513 1496 2589 1564 Οὐ
2620 1508 2730 1579 γὰρ
2761 1505 2966 1578 αἰσχρὰ
2983 1507 3052 1576 τῇ
3077 1504 3239 1575 φύσει
3273 1503 3344 1555 τὰ
3372 1500 3531 1572 μέλη,
3568 1498 3704 1553 ἀλλὰ
3733 1497 3798 1551 δι’

2215 1602 2524 1674 ἐπιθυμίας
2579 1599 2784 1656 ἀτόπου
2831 1597 3134 1669 ὑϐρίζεται.
3167 1595 3232 1649 Et
3258 1594 3369 1665 γὰρ
3395 1588 3465 1664 ἦν
3503 1589 3707 1663 αἰσχρὰ
3727 1592 3798 1660 τῇ

2213 1695 2396 1763 φύσει,
2434 1693 2536 1746 ούκ
2571 1691 2638 1746 ἂν
2677 1691 2852 1746 ταῦτα
2889 1689 3022 1752 Θεὸς
3049 1689 3176 1752 ταῖς
3225 1685 3383 1748 ἰδίαις
3426 1682 3702 1753 παλάμαις
3725 1681 3804 1734 δι-

2214 1785 2450 1839 έπλασεν
2473 1800 2488 1816 ο
2517 1784 2827 1854 ἐπειδήπερ
2861 1782 2962 1836 οὐκ
3003 1779 3247 1852 αἰσχρῶν
3275 1780 3304 1833 δ
3339 1777 3494 1842 Θεὸς,
3528 1774 3667 1830 ἀλλὰ
3694 1773 3804 1826 τῶν

525 1867 643 1923 haec
672 1870 819 1924 Deus
847 1871 1087 1940 propriis
1115 1871 1370 1926 manibus
1394 1871 1779 1938 formavisset;
1815 1872 1945 1941 quia
1966 1872 2112 1927 Deus

2219 1875 2516 1930 καλλίστων
2535 1875 2654 1928 εστὶ
2679 1874 2939 1945 ποιητήςο
2979 1892 2997 1925 ι
3034 1867 3155 1926 Εῐδε
3182 1869 3294 1942 γὰρ
3329 1868 3512 1924 πάντα
3541 1866 3578 1921 ἃ
3614 1864 3805 1934 ἐποίη-

522 1975 635 2015 non
690 1961 968 2031 turpium,
1024 1962 1120 2017 sed
1171 1962 1687 2018 deccntissimorum
1716 1963 1974 2018 conditor
2003 1973 2109 2018 est.

529 2070 550 2103 ι
570 2051 722 2108 Vidit
745 2053 916 2118 enim,
949 2053 1148 2123 inquit,
1183 2054 1370 2108 omnia
1398 2070 1520 2124 quae
1548 2053 1680 2109 fecit
1701 2055 1867 2116 Deus,
1904 2063 1961 2110 et
1978 2070 2111 2110 ecce

523 2143 756 2213 pulchra
799 2145 958 2200 valde
981 2144 1048 2200 ⁸⁸.
1075 2165 1092 2197 ›
1155 2146 1304 2201 Nihil
1349 2147 1499 2202 enim
1548 2147 1748 2201 borum
1796 2163 1919 2214 quae
1949 2162 1980 2201 a
2013 2147 2126 2202 Deo

523 2234 668 2290 facta
696 2244 824 2291 sunt
863 2251 962 2306 per
986 2246 1239 2292 naturam
1265 2237 1542 2308 propriam
1565 2239 1908 2305 estmalum;
1949 2253 2128 2307 neque

525 2332 684 2394 turpe
709 2325 917 2395 aliquid
947 2327 1093 2382 Deus
1125 2326 1258 2381 fecit
1284 2345 1296 2380 :
1324 2327 1419 2382 sed
1450 2342 1596 2382 nosa
1612 2327 1789 2397 prima
1810 2327 1902 2382 illa
1922 2328 2128 2383 consti-

521 2415 738 2471 tutione
766 2417 904 2486 lapsi
949 2418 1412 2487 concupiscentiis
1444 2417 1650 2474 illicitis
1686 2426 1896 2473 natura:
1926 2427 2130 2474 nostrae

520 2506 888 2561 contumelias
917 2506 1304 2576 irrogavimus.
1372 2505 1427 2559 Si
1461 2518 1614 2574 ergo,
1655 2519 1782 2560 cum
1806 2506 2131 2562 formaverit

2216 1985 2309 2023 σεν
2341 1971 2370 2022 ὁ
2405 1967 2570 2034 Θεὸς,
2608 1967 2704 2021 καὶ
2761 1966 2872 2020 ἰδοὺ
2921 1963 3064 2018 καλὰ
3111 1961 3252 2016 λίαν.
3295 1979 3313 2013 ι
3353 1960 3518 2013 Οὐδὲν
3564 1956 3672 2027 γὰρ
3697 1956 3807 2008 τῶν

2217 2057 2322 2111 ὑπὸ
2341 2057 2477 2112 Θεοῦ
2495 2057 2800 2128 γενομένων
2820 2057 2889 2126 τῇ
2916 2054 3024 2124 ίδίᾳ
3044 2051 3206 2122 φύσει
3227 2050 3418 2115 κακὸν,
3436 2048 3556 2103 οὐδὲ
3581 2047 3807 2116 αίσχρὸν

2223 2166 2278 2203 τι
2317 2149 2723 2204 κατεσκεύασεν
2751 2149 2780 2200 ὁ
2817 2147 2968 2210 Θεός·
3005 2145 3118 2199 ἀλλ’
3141 2145 3305 2215 ἡμεῖς
3337 2142 3434 2212 τῆς
3458 2140 3684 2209 πρώτης
3718 2139 3809 2190 ὲκ-

2224 2241 2485 2304 πεσόντες
2511 2239 2880 2309 κατασκευῆς,
2915 2235 3236 2306 ἐπιθυμίαις
3269 2233 3490 2294 ἀτόποις
3514 2229 3614 2300 τὴν
3647 2227 3811 2296 φύσιν

2225 2331 2382 2403 ἡμῶν
2417 2331 2854 2403 καθυϐρίσαμεν.
2889 2329 2952 2381 Et
2984 2322 3078 2380 οῦν
3111 2325 3326 2388 πλάσας
3348 2326 3376 2377 ὁ
3406 2320 3627 2386 Θεὸςτὰ
3662 2318 3806 2390 μέλη

2224 2423 2327 2493 τῆς
2346 2423 2622 2492 γυναικὸς,
2653 2423 2714 2476 οὐ
2747 2419 3112 2482 διαϐάλλεται,
3144 2417 3268 2471 οὐδὲ
3302 2415 3591 2486 ἐνοικήσας
3620 2413 3682 2466 ὲν
3708 2410 3808 2464 αὑ-

2200 2517 2336 2579 -τοῖς
2383 2516 2740 2586 ὲνυόρίζεται·
2781 2518 2841 2568 ὲν
2880 2513 2986 2584 ἰδίᾳ
3016 2512 3123 2582 γὰρ
3153 2509 3329 2564 κτίσει
3357 2508 3488 2570 Θεὸς
3523 2506 3625 2560 οὐκ
3682 2505 3820 2558 ἀνα-

522 2596 669 2652 Deus
695 2598 941 2652 membra
975 2598 1245 2662 mulieris,
1277 2611 1388 2651 non
1421 2606 1745 2660 accusatur;
1783 2613 1980 2668 neque,
2009 2614 2134 2656 cum
2243 2607 2370 2672 ξίως
2399 2610 2555 2660 οἰκεῖ.

524 2687 794 2744 inhabitat
848 2689 904 2743 in
956 2690 1072 2756 eis,
1133 2690 1393 2761 iujuriam
1428 2690 1635 2761 patitur
1665 2708 1679 2744 :
1717 2691 1774 2745 in
1804 2707 1900 2746 sua
1926 2693 2129 2764 quippe

418 2829 424 2834 .
522 2785 778 2832 creatura
809 2778 954 2833 Deus
985 2794 1097 2834 non
1131 2779 1353 2850 indigne
1384 2779 1674 2834 inhabitat.

598 2865 716 2922 XII.
768 2870 969 2934 Porro.
997 2871 1042 2925 si
1097 2871 1315 2926 dixeris
1352 2890 1364 2925 :
1401 2872 1689 2938 Quomodo
1724 2889 1924 2929 coetum
1961 2877 2132 2930 relin-

525 2971 711 3026 quens
754 2956 1030 3012 habitavit
1064 2959 1121 3012 in
1156 2960 1358 3014 utero?
1390 2961 1568 3016 dicam
1606 2961 1705 3016 tibi
1739 2973 1795 3017 et
1826 2979 1948 3033 ego,
1980 2965 2130 3032 quia,

525 3063 654 3104 cum
689 3049 837 3104 Deus
866 3059 1034 3116 esset,
1086 3051 1254 3106 homo
1289 3063 1515 3123 propter
1545 3055 1798 3109 homines
1825 3054 1999 3110 factus
2024 3065 2128 3121 est,

526 3154 757 3195 manens
786 3141 951 3207 Deus,
987 3151 1044 3197 et
1073 3144 1195 3214 ejus
1216 3143 1530 3199 substantia
1565 3161 1674 3200 non
1699 3154 1928 3200 mutata.
1984 3146 2128 3201 Con-

2302 2874 2401 2928 lB'.
2441 2874 2500 2926 Εί
2522 2873 2579 2925 δὲ
2611 2871 2809 2940 λέγεις·
2841 2869 2959 2932 πῶς
2994 2865 3221 2937 οὐρανὸν
3250 2861 3590 2923 καταλιπὼν,
3619 2862 3679 2914 ἐν
3711 2860 3828 2931 μή-

2227 2984 2335 3037 τρᾳ
2358 2964 2718 3035 κατῴκησεν;
2753 2961 2863 3032 ἐρῶ
2910 2977 2992 3013 σοι
3038 2955 3226 3026 κάγώ·
3268 2957 3352 3010 ὅτι
3399 2953 3532 3017 Θεὸς
3569 2950 3682 3020 ὣν,
3729 2954 3831 3006 ἆν-

2228 3056 2445 3126 θρωπος
2483 3055 2552 3108 δι’
2591 3051 2913 3124 ἀνθρώπους
2967 3049 3205 3118 ἐγένετο,
3265 3045 3457 3118 μείνας
3513 3042 3680 3108 Θεὸς,
3726 3042 3832 3095 καὶ

2226 3149 2288 3202 οὐ
2350 3144 2740 3218 μετατεθείσης
2789 3143 2888 3213 τῆς
2926 3139 3134 3202 οὐσίας.
3199 3133 3482 3208 Ὀμολογῶ
3527 3131 3833 3204 τοιγαροῦν

530 3229 694 3286 ﬁteor
740 3233 927 3303 itaque
969 3234 1226 3290 eumdem
1283 3236 1456 3291 Deum
1487 3246 1544 3293 et
1573 3237 1853 3293 hominem
1893 3255 1906 3292 :
1944 3239 2114 3294 Deum

2223 3241 2318 3294 τὸν
2345 3238 2508 3294 αὑτὸν
2533 3237 2667 3291 Θεὸν
2691 3234 2786 3290 καὶ
2814 3234 3120 3305 ἄνθρωπον·
3147 3228 3280 3282 Θεὸν
3315 3226 3413 3323 μέν
3447 3224 3554 3323 πρὸ
3583 3223 3830 3323 αἰωνων,

527 3323 752 3393 quidem
800 3333 928 3381 ante
953 3327 1150 3382 saecula
1212 3327 1516 3400 (hominem
1560 3345 1692 3385 vero
1724 3346 1791 3384 ex
1839 3338 1997 3400 partu
2035 3330 2116 3384 fa-

527 3423 677 3470 ctum
705 3434 719 3470 :
742 3417 917 3472 Deum
937 3419 1162 3489 quidem
1194 3431 1460 3491 perpetue
1482 3423 1991 3492 consempiternum
2018 3425 2120 3479 Pa-

526 3504 644 3576 tri),
667 3506 948 3562 hominem
973 3524 1108 3564 vero
1130 3507 1360 3576 factum,
1393 3520 1449 3565 et
1475 3527 1542 3566 ex
1567 3521 1726 3582 partu
1763 3511 1983 3567 initium
2018 3513 2118 3567 ha-

527 3595 752 3653 bentem
787 3616 800 3652 :
827 3615 939 3653 non
974 3599 1135 3666 duos,
1167 3601 1262 3656 sed
1289 3618 1494 3669 unum;
1526 3620 1636 3659 non
1661 3613 1923 3676 tanquam
1949 3621 2118 3659 unum

529 3689 803 3755 dicamus,
835 3691 1114 3760 duplicem
1139 3708 1272 3748 vero
1303 3694 1675 3766 intelligamus
1712 3713 1726 3751 '.
1759 3713 1941 3767 neque
1970 3698 2120 3752 enim

530 3785 754 3847 oportet
784 3780 1126 3836 contrarium
1151 3799 1276 3839 esse
1313 3784 1555 3846 sermoni
1589 3786 1952 3843 intellectum.
2000 3787 2118 3842 Non

533 3869 894 3942 intelligimus
937 3874 1112 3941 duos,
1174 3892 1344 3932 unum
1375 3887 1557 3934 autem
1580 3880 1928 3936 conﬁtemur.
1965 3880 2122 3947 Quod

530 3961 682 4016 enim
713 3962 1126 4034 dispensatione
1158 3976 1215 4022 et
1253 3970 1522 4025 miraculo
1545 3972 1903 4040 coniunctum
1924 3980 2028 4035 est,
2067 3971 2123 4025 id

532 4070 712 4124 neque
733 4071 916 4112 sermo
931 4069 1172 4128 separat,
1193 4076 1373 4131 neque
1392 4061 1776 4132 intelligentia.
1797 4063 1854 4117 Si
1870 4078 1978 4132 qua
1992 4078 2125 4118 vero

530 4147 794 4217 cogitatio
825 4158 1046 4218 separet
1074 4151 1223 4221 quod
1258 4153 1618 4222 conjunctum
1645 4161 1759 4218 est,
1795 4153 2124 4208 dissolutum

530 4236 826 4304 intellexit,
863 4248 920 4296 ct
939 4240 1111 4296 falsus
1139 4241 1326 4297 evadit
1355 4243 1695 4309 intellectus,
1729 4259 1993 4314 scparans
2015 4245 2125 4298 uti-

529 4345 639 4400 que
691 4331 838 4401 quod
890 4349 1110 4403 semper
1139 4335 1501 4406 coniunctum
1550 4343 1655 4390 est.
1721 4335 1954 4406 Oportet
1993 4353 2125 4408 ergo

532 4423 774 4477 sermoni
803 4425 1245 4482 consentientem
1280 4426 1487 4484 habere
1515 4426 1858 4486 intellectum
1899 4447 1910 4482 :
1951 4445 2124 4484 unum

534 4513 720 4571 dicere
764 4515 1045 4573 Christum
1071 4557 1087 4584 ,
1136 4518 1396 4574 eumdem
1449 4529 1506 4576 et
1543 4521 1717 4578 Deum
1741 4529 1800 4576 et
1821 4521 2124 4575 hominem.

2225 3329 2513 3400 ἄνθρωπον
2563 3325 2661 3396 μὲν
2699 3324 3016 3394 γενόμενον,
3042 3320 3135 3374 καὶ
3185 3319 3252 3372 έκ
3300 3315 3395 3370 τοῦ
3446 3315 3609 3368 τόκου
3651 3312 3831 3384 ἀρξά-

2225 3435 2405 3491 μενοψ
2445 3419 2507 3471 οὐ
2537 3416 2650 3479 δύο,
2687 3415 2801 3468 ἀλλ’
2830 3413 2948 3478 ἕνα,
2980 3411 3042 3466 ού
3081 3408 3420 3483 φραζόμενον
3455 3405 3530 3468 ὡς
3561 3404 3682 3467 ἕνα,
3711 3401 3834 3455 διτ-

2222 3513 2318 3565 τὸν
2353 3510 2409 3564 δὲ
2434 3509 2840 3578 ὲπινοούμενον’
2869 3504 2990 3559 οὐδὲ
3027 3504 3136 3574 γὰρ
3159 3498 3427 3572 μάχεσθαι
3459 3497 3538 3549 δεῖ
3566 3494 3647 3564 τῷ
3680 3493 3836 3561 λόγῳ

2221 3605 2322 3676 τὴν
2361 3603 2592 3656 ἔννοιαν.
2644 3601 2720 3654 Ού
2743 3599 2972 3669 νοοῦμεν
2996 3596 3112 3662 δύο,
3147 3591 3518 3666 ὁμολογοῦμεν
3545 3587 3602 3640 δὲ
3623 3587 3750 3639 ἕνα·
3769 3585 3836 3638 τὸ

2223 3698 2331 3770 γὰρ
2362 3693 2646 3765 οἰκονομίᾳ
2680 3692 2776 3746 καὶ
2815 3690 3054 3761 θαύματι
3093 3683 3439 3757 συνημμένον
3465 3721 3480 3745 ,
3511 3676 3638 3732 οὐδὲ
3667 3676 3835 3770 λόγος

2193 3768 2518 3859 διίστησιν,
2565 3786 2686 3839 οὐδὲ
2741 3783 2940 3837 ἔννοια.
2973 3782 3038 3834 Εἰ
3083 3779 3142 3833 δέ
3179 3794 3264 3841 τις
3335 3773 3549 3828 ἐπίνοια
3594 3768 3836 3837 διαστή-

2228 3899 2339 3934 σειε
2370 3880 2433 3933 τὸ
2465 3875 2835 3948 συνημμένον,
2869 3869 3256 3941 διαλελυμένον
3287 3865 3503 3934 ἐνόησε,
3546 3859 3648 3915 καὶ⁵
3683 3859 3834 3929 ψευο

2225 3973 2323 4044 δὴς
2358 3973 2392 4042 ἡ
2420 3969 2599 4023 ἔννοια
2628 3967 2860 4036 γίνεται,
2883 3963 3222 4033 διαστήσασα
3243 3957 3304 4011 τὸ
3336 3951 3688 4044 συνημμένον
3713 3950 3835 4027 ﬁsi.

2229 4039 2321 4114 Δεῖ
2347 4039 2441 4114 οῦν
2473 4054 2948 4127 συνομολογοῦσαν
2992 4051 3138 4122 ἔχειν
3168 4046 3247 4118 τῷ
3271 4045 3417 4114 λόγῳ
3455 4042 3555 4112 τὴν
3581 4039 3838 4093 ἔννοιαν*

2228 4150 2326 4206 ἕνα
2359 4149 2540 4218 λέγειν
2571 4145 2827 4216 Χριστὸν,
2879 4144 2968 4196 τὸν
2999 4139 3160 4194 αὑτὸν
3198 4136 3330 4189 Θεὸν
3373 4135 3466 4187 καὶ
3504 4131 3834 4201 ἄνθρωπον.

2229 4239 2440 4296 Οὐκοῦν
2465 4238 2562 4291 ἕνα
2593 4237 2687 4289 καὶ
2712 4235 2841 4287 νόει.
2875 4233 2934 4285 Εἰ
2971 4230 3028 4285 δὲ
3059 4229 3238 4297 λέγεις
3283 4224 3381 4296 μὲν
3419 4223 3538 4285 ἕνα,
3581 4221 3842 4280 ἐπινοεῖς

2228 4336 2287 4391 δὲ
2314 4333 2431 4398 δύο,
2462 4330 2542 4402 τῷ
2567 4330 2710 4400 λόγῳ
2746 4344 2840 4382 σου
2884 4321 3231 4393 πολεμοῦσαν
3265 4317 3411 4387 ἔχεις
3446 4312 3549 4383 τὴν
3577 4309 3839 4402 ἔννοιαν.

2229 4429 2323 4500 Μὴ
2353 4422 2446 4480 οὖν
2483 4400 2608 4492 λέγε
2642 4421 2756 4482 δύο,
2797 4415 3031 4488 διαφορᾷ
3064 4428 3172 4465 τινι
3220 4407 3565 4500 διῖστάμενα.
3617 4402 3680 4500 Et
3717 4400 3848 4469 γὰρ

2233 4491 2374 4583 ένοῖς
2405 4517 2482 4588 τῷ
2511 4491 2690 4584 λύγῳ,
2729 4512 2804 4583 μὴ
2847 4509 3027 4579 τέμῃς
3068 4505 3135 4574 τῇ
3169 4500 3367 4570 ἐννοίᾳ.
3408 4498 3486 4588 Et
3505 4494 3561 4548 δὲ
3603 4491 3851 4588 τέμνει-ς

535 4605 682 4676 Ergo
729 4614 788 4662 et
820 4621 993 4662 unum
1031 4609 1296 4680 intellige.
1355 4610 1513 4678 Quod
1565 4613 1611 4666 si
1645 4611 1853 4666 dixeris
1895 4611 2119 4680 quidem

2226 4615 2350 4676 ταῖς
2371 4610 2624 4671 ἐννοίαις,
2650 4605 2749 4674 τὴν
2773 4603 2999 4656 ἒννωσιν
3021 4597 3278 4667 ἡρνησαι.
3312 4589 3405 4660 Μὴ
3428 4583 3520 4642 οὖν
3553 4585 3696 4680 πρὸς
3726 4583 3850 4680 φύ-

538 4711 730 4763 unum,
783 4697 1120 4755 intellexeris
1141 4711 1324 4757 autem
1353 4701 1493 4758 duos
1512 4743 1527 4768 ,
1567 4701 1807 4758 sermoni
1837 4707 1929 4756 tuo
1957 4717 2123 4772 repu-

537 4801 796 4859 gnantem
817 4789 1047 4847 habebis
1068 4792 1510 4866 intelligentiam.
1545 4795 1625 4850 Ne
1647 4808 1778 4864 ergo
1814 4793 1966 4849 dicas
1990 4793 2122 4859 duo,

538 4899 638 4954 per
659 4883 902 4955 aliquam
925 4884 1297 4943 diﬂ'erentiam
1329 4896 1603 4958 separata.
1657 4885 1715 4941 Si
1739 4885 1886 4940 enim
1915 4887 2127 4942 unieris

539 4989 814 5038 sermone,
840 4990 1004 5032 sensu
1033 4978 1145 5033 noli
1171 4993 1430 5050 separare
1455 4996 1468 5031 :
1495 4977 1541 5032 si
1566 4992 1698 5032 vero
1713 4991 1882 5032 sensu
1905 4991 2126 5047 separa-

539 5068 705 5132 veris,
732 5067 998 5122 unitatem
1029 5071 1266 5140 negasti.
1307 5070 1386 5125 Ne
1417 5084 1548 5140 ergo
1574 5070 1642 5125 ad
1665 5079 1892 5124 naturas
1919 5069 2123 5126 divisas

541 5160 845 5215 orationem
869 5163 1133 5227 deducas,
1163 5163 1277 5216 Deo
1299 5175 1569 5216 summam
1595 5161 1925 5216 miriﬁeante
1948 5163 2125 5218 unita-

545 5259 653 5305 tem
695 5255 907 5310 :crede
960 5254 1292 5311 miraculum
1319 5295 1335 5320 ,
1389 5264 1446 5308 et
1500 5255 1614 5309 noli
1661 5253 1971 5309 rationibus
2003 5271 2129 5324 per—

542 5342 782 5397 scrutari
817 5344 966 5414 quod
1017 5346 1224 5400 factum
1263 5354 1369 5400 est.
1414 5345 1537 5401 Noli
1568 5346 1896 5400 miraculum
1921 5347 2133 5401 solvere

547 5435 863 5503 (rationem
899 5437 1154 5493 invenire
1199 5437 1560 5494 contendens.
1626 5437 1745 5492 Non
1771 5437 1920 5491 enim
1950 5447 2136 5492 manet

549 5527 939 5599 miraculum),
971 5530 1130 5599 cuius
1156 5531 1300 5585 ratio
1339 5529 1744 5585 consideratur.
1789 5529 1846 5584 Si
1873 5527 1952 5584 rei
1979 5528 2135 5583 facta:

547 5619 689 5674 ratio
721 5626 851 5672 nota
880 5626 966 5673 est
991 5657 1008 5683 ,
1064 5635 1174 5676 non
1202 5621 1383 5680 adhuc
1423 5621 1638 5689 signum
1665 5629 1760 5676 aut
1785 5619 2133 5677 miraculum.

621 5728 666 5759 ⁶⁸
697 5728 836 5783 Gen.
877 5745 916 5792 ι,
943 5729 1033 5782 '51".

627 5817 737 5885 (21)
771 5819 886 5872 ἽιΥ,
925 5818 1128 5880 καλεῖς.

2227 4671 2346 4768 σεις
2406 4671 2762 4769 διϊσταμένας
2825 4689 3147 4758 καταγάγῃς
3193 4685 3286 4738 τὸν
3313 4682 3494 4750 λόγον,
3532 4671 3670 4769 Θεοῦ
3694 4767 3710 4769 _
3736 4675 3855 4769 τὴν

2223 4799 2400 4868 ἄκραν
2428 4767 3018 4862 θαυματουργήσαντος
3055 4781 3271 4834 ἕνωσιν.
3305 4774 3539 4868 Πίστευε
3571 4767 3850 4868 τεῷ-,Θαύ-

2191 4927 2198 4933 .
2227 4859 2382 4962 ματι,
2414 4888 2510 4940 καὶ⁸
2653 4877 2851 4952 ἐρεύνα
2877 4873 3161 4962 λογισμοῖς
3187 4869 3254 4922 τὸ
3279 4866 3585 4962 γινόμενον.
3747 4876 3854 4960 καί

2185 5021 2190 5024 -
2222 4952 2465 5051 ταλύσῃς
2509 4952 2571 5029 τὸ
2610 4973 2821 5043 θαῦμα,
2857 4961 2932 5024 οὗ.
2967 4967 2994 5018 ὁ
3048 4964 3208 5032 λόγος
3249 4955 3601 5051 γνωρίζεται.
3635 4952 3710 5005 Εἰ

2232 5041 2528 5144 γενομένου
2580 5041 2857 5135 γνώριμος
2906 5060 2934 5111 ὁ
2975 5056 3154 5124 λόγος,
3194 5051 3380 5144 οὐκέτι
3404 5046 3674 5144 σημεῖον,
3721 5041 3874 5124 οὐδὲ

2235 5137 2423 5236 θαῦμα
2457 5162 2516 5216 τὸ
2541 5158 2786 5229 γεγονός.
2826 5154 2888 5208 El
2931 5150 2987 5204 δὲ
3016 5148 3243 5236 σημεῖον
3271 5143 3366 5236 καὶ
3399 5137 3612 5236 θαῦμα,
3638 5145 3878 5236 ,καταέί

2231 5223 2406 5310 λιπιὸν
2445 5223 2762 5320 λογίσμοὺς,
2795 5242 2895 5312 τὴν
2921 5240 3102 5310 πίστιν
3127 5232 3386 5296 ἁνάλαϐε,
3421 5223 3720 5320 ὁμολογῶν
3753 5223 3887 5310 Eva"

2234 5345 2442 5414 Κύριον
2505 5315 2714 5410 ’ἰησοῦν
2750 5333 2985 5404 Χριστὸν
3011 5371 3027 5397 ,
3076 5326 3172 5381 καὶ
3215 5324 3350 5377 Θεὸν
3394 5315 3875 5414 καὶᾶνθρωποιι

2231 5405 2338 5492 τὸν.
2371 5405 2700 5495 αὑτὸνξοὺδὲ
2724 5423 2994 5485 ἐπινοίαις
3013 5418 3136 5474 οὐδὲ
3158 5414 3439 5485 λογισμοῖς
3454 5405 3878 5475 διῖστάμενον-

2235 5529 2323 5582 ἵνα
2362 5526 2436 5598 μὴ
2459 5524 2527 5578 τὰ
2554 5519 2830 5575 ὲνωθέντα
2858 5511 3139 5584 λογισμοῖς
3170 5504 3599 5599 διαστήσαντες,
3622 5497 3884 5599 οἱίεονοῖ

2237 5588 2374 5690 μίαν
2394 5588 2662 5686 σωτήριον
2686 5605 3075 5682 ἁρνησώμεθα.
3108 5603 3170 5656 Εἰ
3201 5600 3310 5671 γὰρ
3336 5595 3530 5658 ’ἐνωσις
3563 5588 3721 5647 Θεοῦ
3762 5588 3879 5647 καὶ
