4076 6500
349 395 354 398 ·
418 374 555 431 1569
1368 381 1650 438 HOMILIA
1688 383 1754 438 ll.
1797 383 1862 438 IN
1905 383 1998 438 DIE

2105 381 2500 439 ATIV’ITATIS
2536 379 2792 437 DOMINI.
3543 382 3678 438 1570

415 488 708 561 ἀνθρώπου
729 489 818 544 διὰ
840 491 940 562 τῆς
968 493 1280 566 οἰκονομίας
1310 499 1662 570 γνωρίζεται,
1689 503 1717 556 ὁ
1735 502 1834 573 τὴν
1864 503 1996 556 ἒνω-

2100 518 2186 559 res
2214 501 2313 557 illa
2345 517 2467 572 quae
2500 500 2641 556 facta
2663 509 2766 555 est.
2824 499 2918 554 Sin
2943 509 3127 554 autem
3163 499 3378 570 signum
3416 515 3481 554 ac
3506 500 3646 554 mira

418 599 504 637 σιν
526 583 846 693 διαστήσας,
877 584 980 656 τὴν
1005 587 1320 659 οἰκονομίαν
1351 592 1647 664 ἠρνήσατο.
1677 595 1995 649 Πιστεύσω-

2100 595 2282 650 culum
2307 601 2414 659 est,
2447 593 2709 648 deserens
2730 593 2990 657 rationes,
3023 591 3238 661 suscipe
3262 591 3448 654 ﬁdem,
3476 599 3534 645 et
3549 605 3666 644 con-

414 692 521 782 μεὲ
542 677 636 728 οὖν
761 677 1063 750 οἰκονομίᾳ,
1088 682 1201 744 τοῖς
1235 681 1531 753 θαύμασιν,
1567 686 1654 740 ἵνα
1685 687 1996 751 πιστευθεὶς

2100 684 2254 740 [itere
2289 701 2464 738 unum
2497 684 2787 739 Dominum
2836 685 3024 739 Jesum
3059 683 3363 747 Christum,
3415 690 3472 737 et
3504 683 3674 736 Deum

407 769 438 871 ὁ
477 767 715 874 ῗζριστὸς
743 770 857 871 τοῖς
891 770 1215 841 ὁμολογοῦσι
1241 773 1449 847 ταύτην
1480 777 1581 850 τὴν
1629 779 1792 852 χάριν
1837 778 1993 850 βασι-

2100 783 2153 831 et
2183 775 2465 830 hominem
2510 775 2764 829 eumdem
2792 815 2806 839 ,
2861 787 3042 843 neque
3076 771 3462 841 intelligentia,
3496 786 3677 839 neque

411 858 564 965 λείαν
593 858 843 928 οὐρανῶν
867 859 1202 934 δωρήσηται·
1243 859 1312 936 ἧς
1339 865 1550 936 γένοιτο
1592 869 1803 934 πάντας
1843 870 1994 942 ἡμᾶς

2100 867 2405 922 rationibus
2437 867 2714 932 divisum;
2771 882 2864 931 ne,
2915 881 2982 920 ea
3013 879 3133 934 quae
3161 864 3314 920 unita
3337 869 3467 917 sunt
3507 861 3677 916 ratio-

411 953 714 1020 ἐπιτυχεῖν.
2093 960 2260 1014 nibus
2294 968 2632 1030 separantes,
2671 957 3137 1028 dispensationem
3167 956 3463 1011 salutarem
3507 953 3678 1007 dene-

408 1060 623 1116 gemus.
679 1045 821 1101 Nam
871 1047 917 1102 si
955 1049 1130 1104 unitio
1155 1050 1254 1105 Dei
1283 1061 1340 1106 et
1367 1053 1608 1110 hominis
1642 1071 1741 1125 per
1772 1054 2241 1126 dispensationem
2307 1054 2658 1125 cognoscitur
2680 1095 2693 1119 ,
2729 1052 2823 1122 qui
2857 1051 3128 1106 unitatem
3167 1049 3366 1104 dividit
3397 1088 3413 1115 ,
3453 1047 3680 1116 dispen‘

406 1139 680 1194 sationem
707 1140 966 1210 negavit.
1027 1141 1330 1200 Credamus
1368 1162 1500 1216 ergo
1555 1147 1986 1218 dispensationi,
2029 1146 2324 1201 credamus
2370 1147 2704 1202 miraculis:
2762 1153 2821 1200 ut
2885 1143 3142 1199 Christus
3173 1158 3338 1213 quem
3370 1141 3674 1206 credimus,

409 1235 553 1289 hanc
593 1235 824 1305 gratiam
871 1235 1285 1305 conﬁtentibus,
1338 1237 1568 1312 regnum'
1595 1243 1859 1297 ccelor‘um
1889 1241 2175 1312 largiatur.
2208 1240 2366 1307 Quod
2427 1242 2637 1296 utinam
2664 1256 2769 1296 nos
2830 1254 3025 1294 omnes
3060 1236 3294 1308 adipisci
3360 1251 3680 1293 mereamur

409 1324 628 1396 (gratia
673 1323 879 1380 Christi
932 1343 944 1379 :
995 1328 1084 1383 cui
1117 1329 1291 1399 gloria
1331 1339 1386 1386 ct
1422 1338 1666 1402 potestas
1705 1331 1762 1386 in
1797 1331 1996 1387 saecula
2034 1330 2387 1387 seculorum.
2417 1330 2653 1404 Amen).
3581 1341 3588 1344 ’

1012 1462 1258 1518 ΟΜῘΛΙΑ
1315 1464 1391 1521 Β’.

2688 1471 2978 1527 HOMILIA
3015 1471 3080 1526 II.

420 1552 1072 1652 'afi’fofgiﬁ‘it’f‘i’iv'
1100 1557 1512 1652 ἀῑατγξυενθεις
1545 1559 1616 1652 ἐν
1758 1560 1998 1652 σινόδφ

2100 1559 2347 1652 "milia
2366 1559 3191 1652 W093-ellc'119alécftii"
3219 1557 3680 1652 εμπεοέενίέῖυνίίίο

479 1623 580 1675 ἐπὶ
619 1623 726 1703 ζρρ
758 1625 1099 1703 ἐπεσκόπολ)
1130 1623 1458 1696 Κινρίλλου,
1487 1623 1598 1697 ἐἰς
1633 1623 1749 1700 si}?
1782 1623 1997 1703 γέννηζ

2242 1633 2482 1703 episcopo
2528 1623 2806 1703 prwse'nte,
2845 1633 2900 1685 in
2928 1623 3176 1685 'natalem
3218 1623 3539 1684 Saluatoris:

477 1708 585 1745 σιν
618 1692 728 1762 (2:2)
766 1696 872 1749 τοῦ
908 1695 1202 1763 Σωτῆρος.

478 1783 560 1885 θ’.
595 1784 851 1885 Λαμπρὰ
905 1786 1012 1885 τῆς
1056 1788 1338 1861 παρούσης
1383 1790 1579 1862 ἑορτῆς
1632 1793 1665 1862 ἡ
1711 1791 1994 1857 ὑπόθεσις,

2168 1787 2211 1841 l.
2267 1787 2504 1843 Illustris
2551 1787 2842 1858 praesentis
2889 1787 3255 1844 solemnitatis
3294 1795 3380 1842 est
3423 1786 3680 1852 materia,

410 1877 506 1928 ml.
567 1876 753 1947 κοινὴν
804 1878 1082 1948 σωτηρίαν
1134 1881 1250 1944 τοῖς
1301 1881 1610 1954 ἀνθρώποις
1658 1884 1993 1956 κομίζουσα·

407 1966 661 2038 λαμπρὸς
693 1967 752 2020 δὲ
783 1968 874 2020 καὶ
913 1969 941 2020 6
981 1968 1171 2041 παρὼν
1206 1971 1482 2042 σύλλογος,
1515 1974 1855 2046 εὐχαρίστως
1897 1976 1996 2047 τὴν

407 2058 570 2128 χάριν
607 2059 1017 2129 ὑποδεχόμενος.
1047 2062 1158 2117 Καὶ
1189 2062 1398 2119 δέδοται
1428 2065 1666 2136 δαψιλῶς
1703 2066 1816 2139 (25)
1842 2071 1874 2139 ἡ
1903 2069 1998 2140 χά-

412 2168 498 2218 ρις
549 2153 664 2214 τοῖς
722 2153 842 2222 μετ’
917 2153 1273 2225 εὐχαριστίας
1323 2158 1498 2230 αὐτὴν
1555 2160 1993 2232 ὑποδεχομένοις.

411 2239 681 2296 Τοσοῦτον
737 2243 846 2313 γὰρ
875 2243 937 2296 τὸ
994 2243 1194 2315 μέτρον
1243 2247 1343 2317 τῆς
1394 2248 1604 2320 δωρεᾶς
1661 2253 1993 2324 παρέχεται,

409 2334 536 2387 ὅσον
570 2333 631 2386 τὸ
672 2334 903 2405 μέγεθος
947 2335 1047 2406 τῆς
1078 2337 1430 2410 εὐχαριστίας
1477 2341 1596 2396 ἐστ)⁵
1619 2342 1729 2397 τῶν
1769 2345 1996 2415 κομιζο-

412 2424 593 2493 μένων
633 2424 732 2496 τὴν
776 2425 958 2495 χάριν.
1001 2426 1090 2488 Ὠς
1137 2427 1264 2481 ὅταν
1293 2427 1472 2484 λαϐὼν
1511 2430 1721 2503 δωρεὰν
1771 2433 1998 2505 εὐχαρι-

412 2518 548 2586 στῇς
591 2515 671 2586 τῷ
718 2515 995 2582 δεδωκότι,
1031 2516 1132 2570 οὐκ
1163 2519 1473 2583 ἀντέδωκας
1523 2521 1665 2594 ὑπὲρ
1699 2517 1774 2577 ὧν
1804 2523 1999 2588 ἔλαϐες

414 2606 601 2677 μόνον,
637 2606 774 2660 ἀλλὰ
804 2609 898 2661 καὶ
924 2608 1207 2679 ὀφειλέτην
1253 2627 1335 2664 σοι
1384 2611 1646 2667 πλειόνων
1675 2613 1768 2668 τὸν
1795 2614 1996 2688 δοτῆρα

408 2697 742 2768 πεποίηκας.
769 2699 1126 2772 Εὐχαρίστως
1154 2696 1248 2755 οῦν
1276 2703 1644 2772 προσδέξασθε
1677 2705 1779 2777 τὴν
1810 2707 1994 2777 χάριν,

409 2789 677 2861 λαμπρὰν
701 2791 834 2860 ἡμῖν
868 2791 1076 2862 ταύτην
1118 2793 1220 2864 τὴν
1265 2795 1575 2867 πανήγυριν
1605 2797 1994 2864 ἐπιδείξαντες.

413 2876 714 2947 ’Υπόθεσις
736 2884 792 2936 δὲ
812 2884 912 2954 τῆς
933 2885 1129 2955 ἑορτῆς
1153 2885 1427 2956 ὲμτράνεια
1448 2886 1583 2940 Θεοῦ
1614 2889 1751 2958 πρὸς
1781 2889 1996 2962 ἀνθρώ-

411 2992 550 3038 πούς
574 2975 743 3027 ἐστίν’
766 2976 1031 3047 ἐπιδημία
1051 2976 1146 3030 τοῦ
1165 2977 1252 3031 ἀεὶ
1276 2979 1563 3049 παρόντοςο
1589 2981 1881 3036 ἐπιστασία
1901 2981 1997 3035 τοῦ

407 3067 480 3120 τὰ
513 3066 692 3121 πάντα
711 3067 825 3135 (24)
845 3067 1202 3139 πληροῦντος·
1230 3071 1430 3141 ὲποψία
1460 3072 1554 3125 τοῦ
1587 3072 1655 3126 τὰ
1677 3073 1854 3127 πάντα
1883 3074 1995 3145 (25)

2100 1894 2561 1948 communemque
2579 1877 2898 1932 hominibus
2921 1877 3155 1932 salutem
3177 1876 3433 1932 aﬂerens.
3455 1877 3685 1931 Praecla-

2099 1987 2196 2026 rus
2239 1987 2459 2041 quoque
2510 1978 2596 2025 est
2640 1986 2883 2040 praesens
2931 1970 3022 2025 hic
3069 1977 3396 2030 conventus,
3443 1970 3683 2024 oblatam

2098 2063 2328 2133 gratiam
2355 2062 2541 2116 animo
2564 2062 2885 2131 neutiquam
2908 2061 3122 2132 ingrato
3148 2061 3503 2130 amplectens.
3533 2059 3685 2115 Solet

2098 2165 2283 2210 autem
2329 2153 2558 2209 uberior
2607 2152 2714 2206 illis
2766 2152 2940 2222 gratia
2988 2151 3249 2216 conferri,
3282 2151 3378 2220 qui
3405 2165 3525 2204 eam
3557 2165 3682 2204 eum

2096 2247 2398 2318 gratiarum
2428 2245 2644 2299 actione
2675 2243 3002 2313 suscipiunt.
3032 2242 3205 2296 Tanta
3238 2241 3385 2296 enim
3409 2240 3684 2295 donorum

2098 2357 2358 2396 mensura
2390 2339 2689 2409 praebetur,
2716 2343 2922 2406 quanta
2945 2350 3142 2390 eorum
3172 2342 3258 2390 est
3283 2333 3562 2404 gratitudo
3589 2332 3684 2402 qui

2096 2434 2366 2508 ejusmodi
2390 2433 2548 2488 donis
2564 2431 2870 2502 potiuntur.
2898 2429 3034 2484 Nam
3059 2443 3182 2484 cum
3205 2427 3272 2482 de
3294 2434 3520 2496 accepto
3539 2426 3684 2480 dono

2098 2526 2352 2583 donatori
2376 2525 2580 2596 gratias
2605 2523 2739 2595 agis,
2767 2538 2881 2577 non
2912 2521 3076 2576 modo
3101 2535 3201 2590 pro
3225 2519 3464 2588 acceptis
3491 2532 3686 2587 repen-

2098 2617 2250 2683 disti,
2289 2631 2485 2672 verum
2531 2615 2699 2669 etiam
2737 2613 2804 2667 ad
2831 2613 2990 2683 plura
3019 2608 3353 2665 conferenda
3381 2606 3482 2662 tibi
3516 2605 3688 2661 dona-

2097 2715 2275 2762 torem
2311 2704 2677 2761 obstrinxisti.
2717 2701 2956 2757 Proinde
2987 2715 3112 2754 cum
3139 2698 3439 2769 gratiarum
3469 2695 3688 2751 actione

2098 2800 2335 2856 oblatam
2366 2799 2511 2853 hanc
2547 2795 2778 2868 gratiam
2819 2792 3102 2863 suscipite,
3130 2796 3568 2860 przesentemque
3598 2800 3690 2839 so-

2097 2892 2443 2948 lemnitatem
2481 2897 2665 2943 vestra
2699 2884 3033 2957 gratitudine
3066 2881 3228 2937 nobis
3258 2881 3530 2934 illustrem
3564 2875 3690 2930 red-

2100 2985 2239 3040 dite.
2290 2983 2469 3038 Causa
2505 2987 2691 3034 autem
2741 2976 3057 3032 festivitatis
3101 2975 3267 3045 hujus
3298 2979 3383 3026 est
3409 2968 3509 3024 Dei
3543 2968 3690 3022 inter

2101 3077 2357 3132 homines
2401 3069 2810 3136 manifestatio;
2842 3069 3112 3124 adventus
3148 3065 3320 3129 illius,
3350 3063 3446 3134 qui
3473 3075 3692 3132 semper

408 3158 666 3229 ὁρῶντος.
699 3175 717 3208 ι
747 3158 842 3222 El;
865 3157 936 3212 τὰ
968 3159 1076 3212 ἴδια
1099 3156 1254 3232 ἦλθε,
1279 3163 1438 3233 φησὶ,
1476 3164 1572 3217 καὶ
1597 3167 1644 3218 οἱ
1677 3165 1798 3219 ἴδιοι
1831 3167 1995 3220 αὐτὸν

2101 3169 2296 3234 adest;
2332 3164 2624 3237 praesentia
2657 3165 2796 3233 ejus,
2838 3161 2933 3231 qui
2967 3158 3155 3214 omnia
3194 3155 3426 3225 implet;
3454 3151 3692 3207 intuitus

405 3250 473 3302 οὐ
507 3247 840 3319 παρέλαϐον.
896 3267 914 3302 ι
970 3249 1191 3303 Μᾶλλον
1223 3250 1313 3314 δὲ,
1352 3269 1370 3304 ι
1419 3252 1507 3306 Ἐν
1553 3252 1632 3324 τῷ
1671 3254 1860 3326 κόσμῳ
1903 3251 1992 3325 ἦν,

411 3341 508 3394 καὶ
531 3341 560 3393 6
594 3339 798 3410 κόσμος
822 3338 891 3393 δι’
928 3339 1094 3395 αὐτοῦ
1128 3343 1365 3410 ἐγένετο,
1396 3345 1493 3398 καὶ
1530 3347 1560 3398 ὁ
1589 3347 1795 3415 κόσμος
1833 3345 1997 3399 αὐτὸν

411 3429 515 3482 οὐκ
539 3428 699 3497 ἔγνω.
739 3449 758 3482 ι
807 3429 948 3483 Ἀλλ’
987 3431 1048 3484 οὐ
1085 3432 1187 3502 τῆς
1235 3433 1345 3486 τῶν
1372 3434 1674 3507 ἀνθρώπων
1709 3436 1820 3508 (26)
1862 3454 1997 3490 κατ-

411 3520 646 3590 ηγορίας
689 3522 723 3591 ή
770 3522 963 3590 ἄγνοια
1006 3522 1166 3596 αὕτη.
1215 3525 1314 3578 Διὰ
1357 3526 1467 3597 γὰρ
1520 3527 1750 3597 θεότητα
1784 3528 1999 3595 φύσεως

412 3613 703 3680 ἀνέφικτος
755 3614 1035 3684 λογισμοῖς
1078 3616 1440 3688 ἀνθρωπίνοις
1472 3618 1621 3672 ἐστὶν
1653 3620 1682 3672 6
1729 3619 1881 3683 Θεός,
1922 3620 1997 3674 Οὐ

414 3705 628 3772 πέφυκε
687 3705 797 3778 γὰρ
854 3706 980 3771 νοῦς
1016 3707 1322 3778 ἀνθρώπων
1360 3710 1525 3764 αὐτὸν
1576 3711 1836 3783 καθορᾷν.
1866 3713 1993 3764 Δια-

412 3797 691 3869 διδράσκει
731 3799 840 3853 τῶν
891 3799 1194 3872 ἀνθρώπων
1261 3802 1350 3856 τὸν
1410 3801 1536 3855 νοῦν
1582 3805 1615 3873 ἡ
1649 3801 1768 3856 Θεία
1813 3804 1996 3872 φύσιςο

415 3881 861 3962 ὑψηλοτέρα’τῶν
899 3893 1184 3964 ἡμετέρων
1233 3894 1352 3947 ἐστὶ
1407 3893 1705 3964 λογισμῶν.
1760 3895 2000 3966 Ζημιού-

419 3982 562 4052 μεθα
591 3979 683 4036 οὖν
710 3983 770 4049 ἐξ
795 3985 1081 4055 ἀμείνονος
1114 3983 1330 4054 φύσεως
1361 3984 1716 4056 θεογνωσίαν,
1745 3987 1881 4059 ὅπερ
1913 3987 2002 4042 ἵνα

351 4155 354 4166 1
525 4072 767 4143 γένηται,
801 4075 1174 4146 ἀναλαμϐάνει
1203 4074 1367 4144 φύσιν
1390 4075 1674 4147 ὁρωμένην
1695 4077 1722 4129 ὁ
1748 4076 1998 4146 ἀόρατος·

414 4165 632 4233 δέχεται
669 4165 829 4235 σῶμα
849 4165 1254 4236 ψηλαφώμενον
1293 4168 1321 4219 ὁ
1349 4167 1459 4236 ἁφῇ
1500 4168 1574 4238 μὴ
1603 4166 1998 4238 κρατούμενος

415 4255 444 4306 ὁ
475 4254 708 4324 ἀόρατος
735 4255 888 4321 Θεὸς,
920 4255 1200 4328 ὁρώμενος
1225 4258 1458 4326 γίνεταν
1486 4261 1515 4311 ὁ
1541 4259 1714 4326 Λόγος
1745 4259 2004 4329 ψηλαφᾶ-

413 4361 528 4400 ται·
558 4349 587 4400 6
617 4347 913 4420 μονογενὴς
943 4347 1038 4402 τοῦ
1076 4349 1210 4403 Θεοῦ
1241 4352 1398 4413 Παῖς,
1441 4352 1710 4421 συγγενὴς
1743 4352 1854 4406 τῶν
1882 4352 2004 4406 δού-

416 4439 524 4493 λων
546 4439 776 4508 γίνεται,
813 4441 902 4495 ἵνα
936 4441 1270 4513 μὴδιαλὰθῃ
1298 4441 1398 4512 τὴν
1431 4442 1632 4510 γνῶσιν
1667 4442 1776 4499 τῶν
1800 4444 2004 4517 ἀνθρώ-

418 4548 536 4582 πων
580 4531 694 4602 (27)
746 4534 779 4603 ἡ
810 4532 1220 4604 ὑπερϐαίνουσα
1246 4533 1338 4586 τὸν
1355 4532 1642 4604 ἄνθρωπον
1672 4533 1784 4604 (28)
1809 4534 1993 4605 φύσις.

2100 3262 2241 3331 ejus,
2270 3257 2365 3327 qui
2388 3256 2576 3310 omnia
2625 3252 2796 3308 videt.
2859 3270 2877 3302 ι
2906 3250 2966 3304 In
3002 3246 3228 3316 propria
3266 3242 3440 3306 venit,
3487 3239 3687 3308 inquit,

2097 3329 2154 3407 et
2216 3349 2302 3405 sui
2366 3363 2494 3402 eum
2556 3360 2668 3399 non
2729 3346 3141 3410 receperunt.»
3206 3337 3322 3390 lmo
3372 3346 3529 3397 vero,
3584 3329 3688 3384 «in

2097 3441 2304 3497 mundo
2358 3448 2497 3502 erat,
2533 3445 2590 3491 et
2621 3433 2860 3489 mundus
2890 3447 2990 3501 per
3041 3430 3223 3499 ipsum
3265 3426 3446 3480 factus
3475 3430 3584 3487 est,
3632 3430 3691 3476 et

2098 3531 2338 3586 mundus
2384 3544 2513 3583 eum
2557 3541 2669 3580 non
2702 3522 2957 3593 cognovit
2997 3521 3063 3574 ‘9.
3104 3539 3123 3571 ν
3163 3519 3235 3574 At
3273 3518 3391 3572 haec
3418 3513 3690 3587 ignoratio

2098 3640 2210 3679 non
2247 3621 2534 3676 hominum
2581 3615 2988 3673 accusationem
3026 3611 3216 3667 habet.
3262 3610 3407 3664 Deus
3439 3605 3589 3662 enim
3615 3605 3692 3659 ob

2098 3723 2313 3770 natura:
2339 3729 2451 3768 sua:
2479 3709 2846 3773 divinitatem,
2870 3707 3114 3760 humana
3139 3700 3472 3773 cogitatione
3495 3712 3691 3768 appre—

2100 3806 2268 3862 hendi
2308 3821 2419 3859 non
2463 3809 2664 3873 potest.
2711 3800 2904 3870 Neque
2935 3797 3082 3853 enim
3121 3793 3444 3850 mortalium
3476 3790 3693 3846 intelle-

2101 3907 2227 3955 ctus
2260 3899 2496 3953 idoneus
2523 3904 2610 3951 est
2641 3893 2709 3948 ad
2748 3892 2904 3946 illum
2941 3887 3338 3945 contuendum.
3371 3884 3566 3940 Divina
3596 3897 3694 3935 na-

2102 4002 2228 4048 tura
2252 3992 2508 4046 humanm
2535 3985 2736 4042 mentis
2762 3993 2981 4053 captum
3003 3979 3235 4050 ell‘ugit:
3267 3974 3557 4034 sublimior
3584 3981 3690 4033 est.

2104 4099 2272 4155 quam
2308 4088 2371 4137 ut
2397 4087 2592 4135 nostro
2619 4092 2784 4132 sensu
2817 4073 3010 4143 attingi
3038 4077 3224 4141 queat.
3253 4069 3444 4138 Itaque
3469 4067 3694 4136 propter

2103 4154 2320 4230 natura:
2334 4167 2718 4227 excellentiam
2736 4164 2791 4218 id
2808 4161 3004 4231 damni
3024 4158 3391 4230 patiebamur,
3419 4170 3491 4209 ne
3518 4154 3689 4207 Deum

2107 4458 2310 4514 corpus
2341 4438 2544 4509 accipit
2583 4432 2853 4506 palpabile
2881 4447 2894 4483 :
2930 4426 3229 4483 invisibilis
3258 4425 3423 4490 Deus,
3458 4421 3696 4476 visibilis

2104 4513 2342 4592 edicitur
2369 4551 2383 4600 ;
2415 4532 2512 4587 Dei
2545 4527 2783 4584 Verbum
2808 4526 3185 4579 contrectatur
3214 4535 3229 4584 ;
3261 4514 3578 4586 unigenitus
3597 4513 3693 4567 Dei

419 4623 594 4679 Filius
621 4627 746 4680 cum
809 4626 986 4682 servis
1010 4627 1228 4698 generis
1288 4627 1677 4684 communione
1702 4629 1970 4701 jungitur,
1999 4645 2070 4687 ne
2109 4630 2201 4686 illa
2238 4634 2458 4700 captum
2505 4620 2792 4678 hominum
2836 4611 3112 4672 excedens
3149 4616 3369 4674 natura,
3408 4605 3696 4662 hominum

418 4716 786 4786 cognitionem
815 4717 1009 4790 fugiat.

492 4806 568 4861 B'.
611 4810 722 4862 Kal.
772 4809 848 4882 μὴ
879 4787 1110 4885 νομίσῃς
1149 4812 1431 4884 ἀλλότριον
1459 4813 1554 4868 τοῦ
1595 4813 1732 4868 Θεοῦ
1761 4815 1852 4869 τὸν
1878 4815 1998 4871 Υἱὺν

2181 4811 2248 4866 ll.
2270 4808 2460 4876 Neque
2481 4815 2614 4857 vero
2641 4795 2931 4854 existimes
2955 4791 3157 4848 Filium
3181 4805 3213 4845 a
3228 4790 3345 4845 Deo
3359 4787 3562 4843 factum
3576 4800 3698 4840 esse

422 4916 621 4971 γεγενη
632 4901 811 4970 μένον.
843 4903 1016 4958 Πάλαι
1042 4906 1149 4977 γὰρ
1173 4909 1206 4977 ἡ
1231 4906 1364 4960 Θεοῦ
1403 4907 1675 4978 παρουσία
1707 4909 2010 4980 προεμελε-

2108 4875 2385 4960 alienum.
2406 4891 2740 4952 Iamdudum
2771 4886 2922 4942 enim
2951 4883 3051 4940 Dei
3095 4881 3369 4937 adventus
3405 4875 3684 4948 praesignia-

421 4991 575 5043 τᾶτοθ
613 4993 846 5058 καὶτοῖς
870 4971 1064 5060 τύποις
1095 4971 1328 5062 άεὶντοῖς
1366 4971 1729 5069 ἀνθρωπίνοις
1753 4971 1998 5068 ’ἐγνώσθη

2106 4997 2291 5058 batur,
2338 5004 2403 5044 ac
2449 4981 2707 5041 humanis
2739 4991 2960 5048 semper
2992 4971 3183 5044 ﬁguris
3229 4975 3558 5038 conspectus
3604 4980 3698 5017 cor-

424 5082 750 5153 φαινὸμενος
774 5124 790 5149 ,
825 5055 992 5151 *ὕλαις
1029 5055 1374 5159 κεχρημένος
1417 5055 1650 5158 ὁρᾶσθαι
1688 5055 1820 5162 παρζ
1851 5056 1998 5160 ἡμῶν

2105 5085 2294 5160 gnitus
2320 5088 2425 5144 est,
2464 5074 2757 5133 elementis
2790 5085 2927 5126 usus
2952 5081 3076 5137 quae
3107 5079 3140 5118 a
3171 5060 3336 5162 nobis
3359 5055 3536 5112 videri
3566 5070 3695 5162 ptis-

423 5173 772 5247 δνναμέναις.
838 5179 993 5233 Ἐπεὶ
1041 5181 1447 5252 παραγενέσθω
1483 5183 1736 5247 Ἰουδαῖος
1789 5183 1870 5245 εἰς
1913 5182 2006 5252 μέσ

429 5281 538 5318 σονο
557 5267 764 5320 ἐλθέτω
787 5266 901 5339 (29)
936 5271 964 5322 ὁ
995 5267 1294 5323 διαπιστῶν
1329 5272 1395 5339 τῇ
1422 5268 1516 5323 τοῦ
1545 5269 1680 5324 Θεοῦ
1711 5269 2003 5340 ὲμφανείᾳ,

426 5359 658 5430 φανείσῃ
686 5360 801 5419 τοὶς
830 5359 1140 5431 ἀνθρώποις
1169 5363 1227 5416 ὲν
1259 5362 1546 5434 ἀνθρώπου
1577 5362 1759 5432 φύσειο
1803 5361 2007 5431 λεγέτω

495 5497 541 5528 ⁶⁹
557 5495 717 5548 Joan.
745 5510 784 5560 ι,
822 5495 911 5561 ll,
931 5495 1017 5550 19.

501 5591 611 5661 (Ξῖ)
639 5590 860 5661 Γέυναν.

502 5659 613 5730 (es)
643 5659 898 5726 Δαψιλής.

504 5732 558 5794 (2
571 5733 613 5784 il
642 5730 747 5780 Τοῦ
788 5731 984 5780 πάντα.

505 5801 614 5871 (‘25)
651 5799 756 5852 Τοῦ
798 5799 994 5853 πάντα.

2105 5144 2250 5234 ἔστη.
2281 5168 2502 5240 Alioqui
2533 5165 2766 5237 prodeat
2788 5161 2845 5214 in
2878 5155 3122 5212 medium
3165 5149 3386 5240 Iudaeus
3415 5144 3698 5240 .‘accedat

2111 5267 2207 5340 qui
2235 5234 2690 5320 Deum-humana
2733 5257 2932 5305 natura
2972 5241 3227 5299 indutum
3256 5239 3400 5293 inter
3444 5234 3700 5290 homines

2115 5328 2296 5415 visum
2319 5369 2442 5412 esse
2463 5365 2574 5405 non
2584 5343 2770 5416 ﬁeredit
2797 5358 2809 5394 :
2835 5339 2981 5395 dicat
3004 5332 3161 5399 mihi,
3193 5329 3470 5403 quomodo
3489 5328 3700 5400 Moyses

2193 5583 2304 5651 <26)
2334 5578 2531 5651 "Olm-

2187 5631 2305 5712 (ἦ)
2331 5631 2536 5708 Γνῶσις
2568 5642 2664 5712 τὴν
2699 5637 2991 5712 φύσιντῶν
3020 5631 3351 5707 ἀνθρώπων.

2215 5655 2281 5705 ι’ΞἹ
2332 5655 2536 5708 Γνῶσις
2568 5655 2664 5712 την
2699 5655 2861 5710 φυσιν
2883 5655 2913 5691 τ

2215 5655 2306 5786 αδ)
2344 5717 2662 5786 ’Ἄνθρωπον
2695 5711 2786 5764 καὶ
2822 5711 2916 5782 μή.

2215 5730 2306 5786 28)
2345 5730 2580 5786 'AVUptm

2196 5730 2305 5864 (‘20)
2344 5787 2580 5860 Παρίτω.
