4076 6498
378 341 515 398 1571

1453 336 1804 403 TllEODOTl
1840 337 2149 395 EPISCOPI
2188 337 2537 395 ANCYRANI

3501 334 3651 392 {372

376 462 582 518 viderit
666 462 858 519 Deum.
920 461 1256 519 Naturamne
1346 462 1487 520 vidit
1576 464 1961 521 invisibilem?

2070 483 2184 535 μοι,
2216 466 2337 531 πῶς
2366 463 2613 535 Μωύσῆς
2646 460 2754 518 εἶδε
2784 462 2937 518 Θεόν.
2962 461 3076 534 Τὴν
3097 463 3260 532 φύσιν
3284 457 3396 516 εἶδε
3420 460 3522 533 τὴν
3548 462 3649 518 ἁδ-

380 554 543 610 Nullo
574 553 777 620 modo;
812 569 936 610 eam
974 555 1123 609 enim
1154 556 1393 610 humana
1421 572 1580 613 mens
1602 557 1820 626 assequi
1846 573 1958 612 non

380 652 580 713 potest.
626 644 912 711 Quomodo
956 662 1085 722 ergo
1134 646 1325 702 vidit?
1374 647 1486 714 die,
1527 648 1779 703 obsecro.
1811 646 1962 703 Vidit

384 752 564 808 Ignem
596 752 665 791 ex
685 737 825 792 rubo
855 738 1165 806 ardentem,
1199 755 1304 794 nec
1333 739 1513 810 ipsum
1545 748 1727 794 tamen
1758 740 1960 794 rubum

392 830 967 884 consumentem"°-“.
991 829 1104 885 Cur
1119 846 1251 901 ergo
1267 847 1335 886 ex
1352 830 1575 902 Virgine
1613 841 1766 897 nato,
1797 830 1964 902 virgi-

383 935 619 991 ncmquc
648 921 1024 993 incorruptam
1052 922 1293 978 servanti
1315 921 1480 977 fidem
1510 937 1620 977 non
1643 922 1815 977 habes
1833 922 1857 975 ?
1878 921 1962 977 An

388 1018 447 1064 tu
500 1011 672 1065 Deum
716 1026 784 1066 ex
835 1011 975 1066 rubo
1030 1011 1347 1082 loquentem
1397 1012 1660 1077 audiens,
1718 1011 1963 1083 Mosique

385 1100 659 1156 dicentem
686 1119 699 1155 :
731 1121 748 1152 ι
775 1102 888 1174 Ego
918 1119 1038 1157 sum
1064 1104 1210 1160 Deus
1228 1104 1527 1171 Abraham,
1551 1112 1607 1160 et
1628 1106 1774 1161 Deus
1791 1104 1961 1168 Isaac,

384 1200 441 1246 et
465 1192 611 1247 Deus
631 1182 800 1248 Jacob
833 1194 919 1261 7’;
959 1214 976 1246 ι
1016 1203 1071 1251 et
1096 1195 1275 1266 ipsum
1315 1196 1533 1268 Moysen
1558 1211 1793 1267 pronum
1834 1195 1967 1250 ado-

388 1293 624 1350 rantem,
644 1285 845 1352 credis,
861 1301 971 1341 non
997 1286 1176 1358 ignem
1203 1295 1464 1358 reputans
1492 1289 1588 1359 qui
1611 1288 1963 1354 cernebatur,

387 1377 483 1430 sed
504 1377 676 1431 Deum
702 1378 797 1447 qui
828 1379 1158 1449 loquebatur
1180 1398 1194 1446 ;
1218 1397 1343 1436 cum
1364 1396 1496 1435 vero
1518 1381 1822 1451 virgineum
1848 1388 1969 1436 ute-

390 1483 512 1523 rum
555 1484 821 1535 memoro,
869 1469 1203 1527 abominaris
1248 1480 1305 1526 et
1331 1473 1652 1528 aversaris?
1682 1473 1782 1528 Dic
1805 1472 1965 1538 mihi,

389 1560 524 1630 quid
573 1570 659 1617 est
708 1563 893 1627 vilius,
945 1563 1211 1630 rubusne,
1247 1580 1318 1619 an
1362 1573 1565 1621 uterus.
1583 1564 1871 1636 virgineus
1898 1563 1968 1620 ab

391 1655 540 1709 omni
581 1655 833 1725 passione
852 1657 1067 1726 peccati
1100 1658 1313 1727 purus?
1339 1657 1564 1729 Ignoras
1587 1673 1710 1728 quae
1733 1654 1972 1727 antiqui-

392 1755 485 1804 tus
529 1758 678 1820 gesta
738 1756 886 1815 sunt,
925 1750 1298 1806 recentiorum
1343 1766 1649 1822 eorumque
1677 1766 1800 1821 quae
1823 1764 1971 1804 nunc

2066 575 2258 631 ρατον;
2304 557 2587 629 Οὐδαμῶς·
2619 557 2912 627 ἀνέφικτος
2946 555 3056 627 γάρ
3076 554 3216 627 αῦτη
3245 557 3530 627 λογισμοῖς
3554 556 3653 610 άν-

2063 650 2370 722 θρωπίνοις.
2400 649 2526 715 Πῶς
2566 646 2624 703 δὲ
2656 641 2838 715 εἶδενς
2886 648 3028 703 εἰπέ.
3062 644 3220 702 Εἶδεν
3258 647 3333 709 Eat
3348 649 3448 718 τῆς
3476 647 3649 718 βάτου

2060 740 2436 809 ἀναπτόμενον
2477 739 2610 811 πῦρ,
2662 736 2755 793 καὶ
2801 739 2901 810 τὴν
2950 737 3117 809 βάτον
3145 738 3208 792 οὐ
3236 738 3462 811 φθεῖρον
3506 736 3648 807 (50).

2061 830 2160 885 Διά
2211 831 2263 884 τί
2313 825 2408 885 οὗν
2436 830 2682 894 ἀπιστεῖς
2721 830 2800 903 τῷ
2834 830 2905 884 ὲκ
2948 830 3229 902 Παρθένου
3261 829 3650 901 γεγενημένῳ,

2063 922 2157 976 καὶ
2189 921 2289 992 τὴν
2316 920 2616 992 παρθενίαν
2648 920 2761 992 (51)
2820 919 2895 992 μὴ
2930 919 3253 992 φθείραντις
3301 921 3372 975 Ἦ
3427 920 3493 974 σὺ
3544 920 3655 990 μὲν

2061 1011 2277 1067 ἀκούων
2336 1012 2418 1066 ὅτι
2470 1014 2535 1066 ὲκ
2588 1011 2750 1083 βάτου
2803 1011 3100 1081 φθέγγεται
3149 1011 3312 1079 Θεὸς,
3351 1012 3449 1067 καὶ
3494 1012 3656 1081 λέγει

2063 1104 2294 1175 Μωύσῇ’
2331 1123 2349 1157 ι
2373 1104 2514 1175 Ἐγὼ
2539 1106 2567 1159 ὁ
2595 1103 2730 1169 Θεὸς
2756 1103 3027 1177 Ἀϐραάμ,
3062 1104 3158 1159 καὶ
3192 1105 3222 1158 ὁ
3259 1104 3393 1170 Θεὸς
3433 1104 3652 1172 Ἰσαάκ,

2066 1195 2162 1249 κα)⁵
2180 1197 2209 1249 ὁ
2235 1196 2369 1259 Θεὸς
2414 1195 2635 1265 Ἰακὼδ,
2673 1215 2693 1250 ι
2726 1197 2821 1252 καὶ
2848 1199 2930 1252 ὅτι
2957 1196 3138 1253 πεσὼν
3166 1198 3372 1269 Μωσῆς
3403 1215 3657 1270 προσκυ-

2066 1291 2167 1354 νεῖ,
2202 1288 2501 1357 πιστεύεις,
2541 1290 2605 1346 οὐ
2643 1289 2995 1360 λογιζόμενος
3017 1288 3079 1344 τὸ
3121 1287 3236 1361 πῦρ
3260 1289 3320 1342 τὸ
3344 1287 3656 1361 ὁρώμενον,

2067 1382 2202 1438 ἀλλὰ
2240 1382 2375 1436 Θεὸν
2405 1381 2499 1437 τὸν
2545 1382 2938 1455 φθεγγόμενονο
2985 1382 3116 1436 ὅταν
3154 1381 3213 1434 δὲ
3261 1383 3475 1454 μήτρας
3506 1398 3659 1451 παρ-

2069 1472 2289 1545 θενικῆς
2323 1474 2702 1547 μνημονεύσω,
2728 1473 2993 1548 βδελύσσῃ
3019 1473 3116 1528 καὶ
3148 1473 3469 1545 ἀποστρέφῃ
3496 1473 3657 1546 (52);

2069 1565 2136 1619 Τί
2157 1564 2269 1638 γὰρ
2302 1565 2701 1638 εὐτελέστερον,
2732 1567 2874 1632 εἰπὲ,
2907 1566 3091 1638 βάτος,
3134 1565 3170 1639 ἢ
3210 1564 3400 1639 μήτρα
3446 1565 3662 1637 παρθε-

2071 1656 2197 1730 νικὴ
2234 1656 2455 1730 καθαρὰ
2493 1656 2603 1713 τῶν
2636 1657 2912 1729 ἁμαρτίας
2960 1655 3189 1726 παθῶν;
3230 1655 3348 1711 Οὐκ
3392 1649 3542 1721 οἶδας
3570 1656 3661 1710 ὅτι

2071 1750 2141 1806 τά
2186 1752 2392 1825 ἀρχαῖα
2424 1750 2627 1824 μελέτη
2649 1749 2757 1805 τῶν
2789 1749 3094 1824 νεωτέρων,
3124 1750 3221 1805 καὶ
3244 1749 3352 1804 τῶν
3379 1747 3477 1803 νῦν
3496 1765 3661 1819 γενο-

393 1839 766 1911 contigerunt.
812 1857 934 1897 esse
992 1842 1377 1913 praaludium?
1428 1842 1682 1915 Mysteria
1733 1855 1971 1912 namque

2074 1823 2253 1914 μένων
2290 1823 2446 1910 tati;
2493 1843 2576 1897 Τά
2620 1841 2730 1913 γάρ
2777 1823 3056 1913 μυστήρια
3106 1838 3515 1913 πρπυποῦνται
3566 1838 3664 1893 διὰ

393 1934 679 1988 veteribus
701 1934 809 1990 illis
837 1935 982 2007 typis
1012 1934 1454 2005 praeﬁgurantur.
1478 1934 1658 2003 Quare
1679 1934 1851 1989 rubus
1880 1948 1975 1989 ac-

396 2024 668 2090 cenditur,
688 2024 828 2095 ignis
842 2026 1200 2096 conspicitur,
1218 2035 1466 2082 ettamen
1483 2042 1606 2097 qua:
1622 2026 1765 2098 ignis
1776 2034 1976 2082 natura

393 2116 530 2181 l‘ert,
590 2133 701 2171 non
758 2126 1023 2189 operatur
1073 2118 1399 2191 (illuminat,
1459 2134 1570 2173 non
1649 2119 1972 2186 consumit;

394 2208 762 2278 Splendescit,
819 2227 932 2265 non
987 2211 1287 2275 incendit;
1340 2211 1671 2267 beneﬁcium
1718 2220 1974 2283 praestat,

393 2316 613 2370 poenam
641 2317 751 2357 non
774 2301 979 2375 aﬂ‘ert).
1006 2303 1204 2358 Nonne
1242 2303 1517 2375 Virginem
1552 2303 1612 2358 in
1634 2302 1776 2358 rubo
1801 2302 1980 2359 anim-

395 2392 678 2449 advertis?
731 2394 924 2450 Nonne
982 2395 1174 2462 illius,
1221 2396 1318 2465 qui
1370 2395 1439 2451 ad
1502 2410 1605 2450 nos
1668 2393 1977 2460 descendit,

394 2488 725 2544 cha'ritatem
750 2490 1265 2561 humanitatemque
1300 2489 1357 2545 in
1384 2490 1508 2561 igne
1532 2488 1811 2544 contueris
1837 2489 1860 2542 ?
1885 2488 1981 2545 Ju-

393 2575 499 2631 dex
519 2576 665 2632 inter
683 2593 809 2634 reos
830 2586 1104 2643 versatur,
1126 2595 1307 2649 neque
1328 2585 1509 2635 tamen
1527 2578 1800 2650 judicium
1821 2594 1981 2634 exer-

394 2676 568 2723 cetur.
596 2668 772 2725 Iudex
796 2670 939 2726 inter
964 2670 1250 2726 damnatos
1273 2670 1511 2736 adest,et
1541 2685 1815 2740 nusquam
1849 2685 1982 2740 sup-

396 2762 621 2831 plicium
665 2763 935 2817 cernitur.
982 2762 1160 2818 Judex
1194 2763 1420 2819 advenit
1442 2778 1555 2818 non
1578 2762 1854 2835 judicans,
1884 2760 1982 2817 sed

397 2854 643 2923 docens;
679 2872 792 2911 non
837 2856 1236 2921 condemnans,
1264 2856 1363 2911 sed
1389 2871 1609 2911 sanans.
1641 2851 1838 2911 Cernis
1871 2869 1984 2925 quo

397 2954 557 3015 pacto
589 2945 853 3017 mysticus
898 2946 991 3000 ille
1019 2946 1160 3017 ignis
1183 2945 1536 3002 clementiam
1559 2946 1650 3001 hic
1679 2945 1985 3001 adhibitam

399 3033 707 3089 indicarit?
734 3035 813 3091 Ne
843 3037 1083 3103 mireris,
1112 3039 1159 3093 si
1187 3038 1334 3093 Deus
1355 3038 1626 3093 exsistens
1650 3037 1891 3093 Verbum
1916 3053 1986 3093 ex

400 3134 560 3180 utero
581 3126 829 3197 virgineo
855 3128 1123 3184 nascitur.
1149 3129 1294 3184 Deus
1316 3128 1465 3185 enim
1494 3128 1633 3184 nihil
1655 3128 1986 3199 ignominio-

401 3230 524 3271 sum
561 3215 738 3283 ducit,
772 3218 921 3288 quod
965 3217 1260 3279 humanam
1298 3219 1532 3273 salutem
1557 3218 1853 3274 conciliare
1885 3234 1985 3274 na-

2070 1935 2180 1990 τῶν
2210 1934 2477 1990 παλαιῶν.
2509 1932 2610 1989 Διά
2650 1932 2810 1988 τοῦτο
2839 1932 3003 2004 βάτος
3034 1931 3358 1997 άνάπτεται,
3389 1928 3502 2003 πῦρ
3531 1930 3668 1999 φαί-

2072 2045 2245 2094 νεται,
2273 2026 2367 2083 καὶ
2394 2025 2465 2081 τὰ
2497 2023 2670 2099 πυρὸς
2714 2024 2817 2080 οὐκ
2858 2025 3093 2096 ἐνεργεῖ·
3120 2022 3244 2077 οὔτε
3269 2021 3490 2087 κολάζει
3515 2022 3663 2093 (55).

2072 2119 2223 2197 ’Δρα
2254 2125 2311 2179 ὲν
2335 2125 2402 2195 τῇ
2446 2122 2594 2194 βάτῳ
2627 2121 2728 2194 οὐχ
2772 2122 2905 2193 ὁρᾷς
2946 2119 3047 2192 τήν
3083 2118 3393 2191 Παρθένον;
3422 2112 3573 2189 *Δρα
3604 2119 3668 2170 ὲν

2073 2214 2152 2287 τῷ
2190 2216 2325 2288 πυρὶ
2361 2215 2421 2269 οὐ
2467 2213 2688 2285 βλέπεις
2713 2211 2812 2284 τήν
2841 2208 3255 2282 φιλανθρωπίαν
3290 2207 3385 2263 τοῦ
3420 2225 3669 2279 παραγε-

2074 2306 2343 2378 νομένου;
2386 2305 2448 2359 '0
2485 2303 2681 2376 κριτὴς
2715 2302 2774 2356 ὲν
2806 2302 2920 2366 τοῖς
2953 2299 3320 2373 κρινομένοις,
3353 2298 3451 2353 καὶ
3477 2296 3669 2369 κρίσις

2076 2400 2138 2454 οὐ
2181 2398 2414 2468 γίνεται.
2454 2396 2516 2451 '0
2541 2393 2803 2466 δικαστὴς
2844 2393 2903 2448 ὲν
2933 2394 3048 2457 τοῖς
3082 2391 3423 2455 καταδίκοις,
3451 2391 3547 2445 καὶ
3581 2390 3671 2443 οὐ-

2078 2490 2252 2564 δαμοῦ
2297 2486 2557 2562 τιμωρία.
2599 2487 2659 2542 Ὁ
2697 2487 2893 2559 κριτὴς
2926 2484 3134 2555 ἐπέστη
3168 2482 3231 2538 οὐ
3266 2482 3491 2555 κρίνων,
3522 2481 3671 2537 άλλά

2079 2584 2345 2638 διδάσκων
2366 2580 2504 2653 (54)·
2531 2579 2594 2634 οὐ
2624 2576 3030 2642 καταδικάζων,
3048 2575 3164 2631 ἀλλ’
3191 2572 3476 2647 ἰατρεύων.
3494 2574 3670 2645 Ὁρᾷς

2082 2673 2200 2738 πῶς
2245 2673 2422 2726 ἐκεῖνο
2456 2670 2519 2725 τὸ
2542 2670 2753 2742 ἥμερον
2798 2668 2914 2740 (55)
2956 2666 3068 2739 πῦρ
3101 2665 3201 2739 τὴν
3227 2659 3333 2729 ὧδε
3357 2664 3673 2737 φιλανθρωο

2083 2765 2215 2820 πίαν
2246 2764 2518 2836 ὲμήνυσε;
2547 2763 2639 2833 Μὴ
2677 2760 2987 2834 θαυμάσῃς,
3017 2760 3066 2814 εί
3090 2759 3180 2815 διὰ
3210 2760 3429 2831 μήτρας
3457 2758 3675 2830 παρθε-

2082 2859 2241 2928 νικῆς
2267 2856 2399 2920 Θεὸς
2423 2855 2499 2910 ὢν
2520 2855 2787 2909 τίκτεταιο
2820 2852 2944 2908 οὐδὲ
2977 2851 3093 2924 (56)
3121 2850 3234 2924 γὰρ
3271 2850 3430 2923 ὓϐριν
3450 2852 3675 2922 ήγείται

2083 2950 2238 3013 Θεὸς,
2260 2948 2289 3002 δ
2315 2947 2574 3020 πρόξενός
2594 2946 2713 3000 εστι
2737 2945 3009 3018 σωτηρίας
3039 2942 3140 3014 τῆς
3160 2942 3510 3015 ἀνθρωπίνης
3526 2942 3672 3015 (57).

2086 3035 2159 3088 Σὺ
2193 3035 2253 3089 δέ
2304 3052 2393 3105 μοι
2440 3035 2515 3106 μὴ
2569 3033 2745 3098 οὐτως
2790 3033 2985 3104 εὐτελῆ
3039 3031 3139 3102 τὴν
3181 3031 3343 3103 φύσιν
3394 3031 3485 3087 τοῦ
3528 3032 3677 3086 Θεοῦ

2011 3158 2056 3217 C
2087 3127 2407 3198 ὑπολάϐης,
2451 3126 2537 3217 ξος
2579 3125 2676 3179 καὶ
2717 3123 3178 3217 ὲφικτήνὲὖὸρεσι
3214 3123 3472 3217 γενέσθαι
3502 3124 3675 3217 ποτέ.

2086 3220 2254 3303 Οὐδὲν
2277 3220 2407 3291 γὰρ,
2444 3211 2519 3273 ὧν
2555 3217 2730 3271 είλετο
2752 3217 2820 3272 δι’
2852 3214 3005 3288 ἡμᾶς
3034 3215 3297 3282 εὐτελῶν,
3327 3215 3540 3286 ὑϐρίζει
3570 3216 3681 3287 τὴν

403 3317 520 3363 tum
542 3317 644 3364 est.
672 3310 862 3380 Neque
899 3319 957 3365 tu
991 3311 1128 3365 mihi
1151 3311 1250 3366 Dei
1268 3319 1524 3366 naturam
1544 3310 1621 3366 ita
1642 3311 1810 3366 vilem
1839 3312 1972 3383 abje-

2086 3312 2248 3385 φύσιν
2294 3310 2531 3383 ἐκείνην·
2562 3307 2860 3365 οἰκειοῦται
2892 3307 2951 3363 δὲ
2988 3307 3059 3362 τὰ
3094 3307 3376 3371 ἐλάττονα,
3402 3307 3491 3362 ῐνα
3523 3307 3680 3382 σώσῃ

403 3409 657 3472 ctamque
703 3402 1014 3470 arbitreris,
1060 3412 1122 3458 ut
1169 3404 1466 3474 aliquando
1508 3404 1728 3475 injuriis
1750 3404 1972 3459 obnoxi:

2084 3405 2185 3474 τὴν
2209 3402 2371 3474 φύσιν
2387 3402 2485 3474 τὴν
2509 3402 2784 3475 ἡμετέραν
2802 3418 2818 3434 ο
2845 3400 2975 3457 ὅταν
3003 3394 3098 3455 οῦν
3129 3400 3198 3454 τά
3229 3400 3328 3471 μὲν
3352 3399 3550 3471 εὐτελῆ
3576 3400 3680 3454 τοῦ

403 3510 525 3549 esse
570 3505 757 3565 queat.
802 3496 951 3552 Nihil
979 3497 1128 3552 enim
1163 3512 1358 3552 eorum
1380 3512 1506 3567 quae
1527 3497 1744 3569 abjecta
1767 3512 1831 3552 ac
1857 3497 1972 3552 vili:

2088 3495 2361 3566 μακαρίου
2404 3493 2540 3549 Θεοῦ
2596 3492 2695 3565 τὴν
2734 3490 2899 3562 φύσιν
2949 3491 3026 3563 μὴ
3058 3490 3355 3563 ὲνυδρίζῃ,
3394 3492 3681 3564 σωτηρίαν

404 3588 580 3643 nostri
608 3603 776 3643 causa
798 3589 1116 3659 assumpsit,
1144 3589 1226 3644 illi
1262 3598 1477 3644 naturae
1510 3587 1867 3659 ignominiam
1903 3588 1972 3642 ir-

2090 3604 2152 3640 τε
2176 3585 2485 3663 ἀνθρώποις
2536 3583 2866 3655 ἐργάζηται,
2892 3580 3011 3647 πῶς
3051 3582 3220 3654 ἐρεῖς.
3266 3581 3338 3637 τὰ
3385 3582 3536 3636 αττια
3575 3584 3682 3653 τῆς

406 3687 579 3750 rogat.
604 3679 839 3738 Asciscit
858 3681 964 3737 sibi
988 3688 1247 3751 tanquam
1274 3696 1395 3746 sua,
1417 3679 1690 3735 deteriora
1710 3679 1972 3750 quasdam1

2088 3678 2245 3752 ἡμῶν
2305 3676 2581 3750 σωτηρίας
2629 3673 2839 3749 ὕϐρεως
2887 3673 3124 3747 πρόξενα
3167 3673 3248 3746 τῷ
3297 3672 3421 3745 Θεῷ
3455 3675 3684 3745 γεγονέ-

407 3778 472 3825 ut
524 3779 769 3826 nostram
812 3780 1064 3827 naturam
1092 3772 1287 3827 salvet.
1320 3770 1458 3827 Cum
1489 3786 1619 3842 ergo
1642 3770 1871 3826 humilia
1890 3770 1981 3826 illa
2086 3787 2210 3839 vat;
2622 3800 2625 3803 -

408 3863 557 3920 beati
584 3866 682 3921 Dei
735 3873 947 3923 natum
988 3867 1196 3924 nullam
1239 3866 1496 3939 injuriam
1542 3866 1796 3932 all‘erant,
1838 3878 1896 3923 et
1931 3866 2230 3921 humanam
2283 3866 2516 3922 salutem
2573 3871 2916 3935 operentur,
2982 3859 3263 3934 quomodo
3322 3860 3512 3917 dicere
3573 3874 3685 3917 au-

410 3958 530 4021 des,
565 3973 689 4027 quae
716 3958 879 4023 nobis
921 3958 1115 4015 salutis
1147 3974 1316 4014 causa
1352 3958 1704 4024 exstiterunt,
1741 3972 1807 4012 ea
1842 3954 2200 4029 ignominiam
2235 3955 2349 4011 Deo
2394 3954 2689 4012 attulisse?

482 4050 572 4105 lll.
606 4051 752 4107 Deus
782 4050 967 4121 itaque
997 4051 1162 4108 hodie
1212 4068 1282 4108 ex
1334 4052 1558 4124 Virgine
1613 4050 1893 4122 apparuit,
1938 4066 1970 4106 e

2170 4052 2248 4106 Γ.
2292 4050 2473 4122 Ὢφθη
2507 4049 2691 4103 τοίνυν
2715 4046 2849 4112 Θεὸς
2873 4046 3115 4118 σήμερον
3140 4041 3232 4099 διά
3254 4042 3354 4114 τῆς
3373 4041 3687 4112 Παρθένου,

409 4145 577 4214 Virgo
602 4144 931 4215 virginitatis
954 4145 1270 4216 integritate
1287 4153 1524 4212 retenta,
1552 4144 1748 4201 eﬂ'ecta
1764 4152 1851 4200 est
1879 4159 1972 4200 ma

2093 4144 2192 4199 καὶ
2212 4146 2247 4213 ή
2268 4142 2548 4214 Παρθένος
2570 4139 2754 4211 ἔμεινε
2781 4138 3072 4211 παρθένος,
3105 4136 3202 4190 καὶ
3225 4136 3411 4207 μήτηρ
3438 4135 3684 4204 ἐγένετο.

412 4244 518 4290 ter.
567 4235 702 4290 Nam
732 4236 1169 4307 incorruptionis
1202 4237 1429 4309 largitor
1452 4237 1864 4307 corruptionem
1885 4251 1972 4291 no:

2104 4235 2165 4289 '0
2188 4234 2299 4306 γὰρ
2334 4230 2649 4303 ἀφθαρσίας
2674 4229 2956 4303 πρόξενος,
2982 4226 3188 4298 φθοράν
3216 4227 3319 4282 οὐκ
3347 4226 3681 4297 ἐργάζεται*

409 4325 616 4394 edicit;
644 4327 1084 4399 ineorruptionis
1108 4336 1304 4386 auctor
1329 4329 1471 4385 nihil
1502 4328 1831 4400 corrumpit.
1858 4326 1972 4397 Qui:

2093 4328 2123 4383 ὁ
2164 4325 2396 4398 ποιητὴς
2446 4323 2757 4395 ἀφθαρσίας
2790 4321 2943 4377 οὐδὲν
2990 4317 3323 4390 διέφθειρεν.
3370 4316 3594 4389 Ἐπειδὴ
3626 4316 3687 4370 δὲ

410 4433 545 4472 vero
593 4426 650 4474 et
696 4420 967 4476 Photinus
995 4434 1199 4490 purum
1226 4420 1508 4478 hominem
1548 4419 1686 4475 dicit
1707 4419 1803 4491 qui
1835 4426 1972 4475 natui

2069 4419 2198 4494 ,καὶ
2222 4416 2491 4480 Φωτεινὸς
2540 4413 2694 4483 ψιλὸν
2725 4412 3013 4484 ἄνθρωπον
3056 4409 3208 4479 λέγει
3255 4406 3349 4463 τὸν
3377 4405 3686 4478 γεγενημέ-

409 4515 517 4573 est,
567 4510 663 4565 Dei
708 4513 925 4580 prolem
952 4526 1077 4567 esse
1124 4527 1370 4582 negans;
1411 4513 1567 4568 illum
1606 4512 1701 4584 qui
1734 4527 1801 4568 ex
1830 4522 1972 4569 uteri

2092 4536 2205 4583 νον,
2236 4515 2314 4587 μὴ
2341 4513 2518 4581 λέγων
2539 4508 2676 4565 Θεοῦ
2710 4506 2849 4564 εἶναι
2876 4506 3035 4561 τόκον
3061 4505 3198 4575 (58),
3222 4504 3321 4559 καὶ
3344 4503 3440 4559 τὸν
3479 4504 3546 4556 ὲκ
3577 4504 3687 4573 μή·

410 4601 638 4670 prodiit,
670 4601 951 4658 hominem
981 4617 1013 4657 a
1035 4603 1148 4659 Deo
1172 4603 1493 4660 distinctum
1519 4621 1642 4662 esse
1661 4605 1948 4662 contendit

2089 4628 2229 4686 τρας
2280 4605 2638 4679 προελθόντα,
2670 4600 2961 4674 ἄνθρωπον
2992 4597 3310 4654 ὑποτίθεται
3342 4594 3683 4669 διῃρημένον

413 4699 653 4761 exponat
692 4691 830 4746 mihi
876 4707 1029 4746 nunc
1078 4693 1174 4762 qui
1209 4692 1327 4749 ﬁeri
1365 4695 1542 4765 possit
1576 4703 1637 4750 ut
1669 4703 1869 4749 natura
1892 4695 1972 4749 hu

2094 4703 2230 4760 Θεοῦ
2258 4703 2392 4774 (59),
2421 4699 2627 4768 λεγέτω
2664 4713 2755 4767 μοι
2785 4694 2882 4750 νῦν
2911 4692 3030 4757 πῶς
3059 4689 3224 4762 φύσις
3257 4688 3574 4760 Ξινθρωπίνη
3597 4687 3691 4742 διὰ

416 4797 599 4846 mana,
639 4797 710 4837 ex
731 4790 891 4839 utero
919 4784 1170 4855 virgineo
1202 4785 1374 4851 edita,
1398 4787 1665 4858 virginale
1691 4787 1972 4843 claustrun

2095 4796 2312 4867 μήτρας
2336 4786 2675 4862 παρθενικῆς
2698 4783 3014 4855 τικτομένη,
3032 4780 3131 4854 τὴν
3154 4779 3454 4853 παρθενίαν
3471 4778 3571 4849 τῆς
3590 4777 3693 4867 μή·

417 4872 801 4956 incorruptum
852 4875 1245 4930 conservarit?
1275 4877 1493 4933 Nullius
1544 4876 1695 4931 enim
1756 4876 1972 4932 homini;

2104 4866 2246 4956 τρας
2285 4883 2398 4952 (40)
2434 4878 2702 4950 ἐφύλαξεν
2735 4876 3048 4948 άφθαρτον;
3080 4871 3308 4936 Οὐδενὸς
3338 4870 3449 4941 γάρ
3476 4866 3693 4940 ἀνθρὼ-

418 4973 592 5022 mater
619 4944 780 5038 irit-go
808 4967 1132 5038 permansit.
1170 4968 1369 5027 Cernis
1403 4968 1681 5038 quomodo
1721 4968 1870 5040 quod
1899 4985 1966 5026 na

2103 4944 2211 5031 που
2224 4944 2432 5048 -μήτηρ
2463 4944 2733 5044 παρθένος
2769 4944 3102 5042 μεμένηκεν.
3150 4964 3312 5037 Ὁρᾷς
3355 4961 3473 5026 πῶς
3507 4958 3697 5031 διττὴν

420 5063 536 5112 tum
569 5066 675 5126 est,
707 5059 988 5130 duplicem
1011 5060 1081 5117 de
1102 5062 1226 5133 ipso
1261 5068 1394 5115 nato
1418 5075 1642 5116 sensum
1678 5060 1842 5117 nobis
1865 5061 1972 5117 olfe

2105 5066 2317 5121 ἔννοιαν
2351 5064 2483 5137 περὶ
2509 5062 2605 5117 τοῦ
2635 5059 2923 5132 τεχθέντος
2952 5056 3186 5129 παρέχει
3234 5071 3328 5126 μοι
3361 5053 3425 5107 τὸ
3467 5067 3700 5137 γεγενη-

418 5150 547 5204 rat?
570 5151 707 5207 Nam
725 5152 774 5208 si
794 5167 948 5209 mare
972 5167 1165 5211 nostro
1187 5153 1384 5211 fuisset
1407 5159 1592 5218 natus,
1619 5154 1785 5211 homo
1811 5153 1972 5225 utiqut

2111 5155 2308 5227 μένον;
2342 5156 2405 5209 El
2564 5150 2675 5224 γὰρ
2709 5150 2831 5206 καθ’
2860 5147 3009 5221 ἡμᾶς
3036 5143 3259 5217 tum,
3282 5141 3571 5215 ἄνθρωπος
3600 5133 3696 5211 ἦν·

490 5309 607 5346 '°-‘”
642 5309 820 5367 Exod.
849 5328 929 5379 Ill,
955 5312 1013 5368 2.
1089 5314 1135 5348 "
1159 5312 1299 5369 Ibid.
1335 5312 1392 5369 6.

522 5450 612 5523 βο)
637 5450 734 5523 λέὴ
760 5451 936 5523 κοίταν·
2185 5443 2296 5523 (ἐξ)
2332 5443 2518 5523 9‘55?!-
2854 5509 2867 5523 .
2975 5509 2988 5523 .
3033 5506 3059 5523 ,.
3121 5506 3135 5523 .

521 5503 611 5587 51)
641 5503 949 5587 ιιοὶροινὸὲί.
2184 5503 2297 5587 (57)
2332 5512 2606 5587 ῌρόξενον
2630 5509 2936 5587 στωτηρίας
2965 5506 3275 5587 ἀνθριῖξποις
3306 5503 3446 5563 ἐστί.

650 5576 1023 5662 ξᾼᾼνάστρὲφῃ.
2328 5576 2473 5662 Θεοῦ
2494 5583 2568 5662 μή
2591 5581 2768 5662 λέγων
2797 5576 2944 5660 ἐἶναι
2977 5576 3080 5631 τὸν
3094 5577 3273 5633 τόκον.

503 5651 615 5729 (55)
648 5658 771 5729 Μὴν
805 5651 1046 5725 κολάζει.
2324 5651 2662 5729 Αιςῃρημένον
2697 5651 2856 5729 Θεοῦ.

529 5718 618 5794 54)
647 5718 916 5793 Δικάζων.
951 5718 968 5725 ⁷
2186 5718 2299 5794 (ιο)
2327 5718 2441 5794 Τῆς
2466 5718 2737 5794 παρθένου
2769 5719 2867 5791 τὴν
2904 5718 3139 5790 μήτραν.

537 5797 627 5873 55)
655 5799 994 5872 Μυστήριον.
1028 5800 1136 5853 "lu.
1175 5797 1452 5868 μυστικόν.
