4076 6500
340 321 482 378 15ἳῦ

1259 320 1544 378 ΗΟΜΠᾹΑ
1582 324 1647 379 ll.
1689 326 1756 381 ΙΝ
1801 324 1916 383 DIE
1946 318 2398 380 NATIVITATIS
2434 314 2689 374 DOMI‘NI.

3482 313 3620 369 ιδῃ

338 436 392 493 ιί
417 436 475 491 δὲ
502 434 602 505 τὴν
637 436 852 509 μητέρα
879 435 1149 507 παρθένον
1175 435 1437 506 ἐφύλαξε,
1476 438 1609 505 Θεὸς
1641 442 1670 495 6
1707 440 1914 513 τεχθεὶς

2025 444 2212 493 esset:
2254 434 2306 491 si
2330 448 2463 489 vero
2497 431 2691 487 matris
2724 427 3092 500 integritatem
3130 426 3353 482 illasam
3391 441 3620 482 conser-

336 529 452 592 τοῖς
476 521 536 581 εὖ
558 526 816 597 φρονοῦσι
836 526 1184 598 γνωρίζεται.
1210 527 1342 593 Θεὸς
1360 529 1473 601 γὰρ
1500 530 1816 603 ἐπεδήμησε
1839 529 1917 601 τῷ

337 617 549 689 κόσμῳ,
565 618 627 673 οὐ
655 618 818 673 τόπον
845 620 909 672 ὲκ
936 620 1105 673 τόπου
1132 619 1395 690 μεταϐὰς,
1413 620 1551 677 ἀλλὰ
1568 620 1733 692 φύσιν
1757 639 1920 693 περι-

336 708 566 781 θέμενος
581 710 685 780 τὴν
701 713 728 763 ὲ
734 711 863 780 μήν’
889 711 985 765 καὶ
996 709 1072 773 ὡς
1083 704 1259 775 εἷπον,
1272 710 1508 782 ὀφθῆναι
1527 711 1762 784 θελήσας
1779 712 1808 766 6
1819 713 1920 784 τὴν

338 800 503 868 φύσιν
528 800 782 870 ἀόρατος.
798 801 972 889 rauca
997 802 1097 854 οὐκ
1124 800 1284 872 ἔσχεν
1301 801 1476 872 ἀρχὴν
1496 800 1592 855 τοῦ
1618 798 1760 856 εἶναι
1785 802 1921 866 Θεὸς

336 895 405 946 ὲκ
430 891 527 947 τοῦ
552 892 739 958 τόκου,
774 892 911 946 ἀλλὰ
939 892 1035 946 τοῦ
1075 896 1311 965 φανῆναι
1340 892 1669 966 ἀνθρώποις.
1700 894 1920 966 Ἐπειδὴ

335 984 449 1057 γὰρ
461 984 593 1050 Θεὸς
607 980 700 1056 ἦν,
715 985 813 1041 ἄνθ
822 1002 1001 1055 ρωπος
1022 984 1272 1055 γενέσθαι
1303 986 1587 1056 προείλετο
1604 986 1695 1041 διὰ
1726 986 1919 1057 φιλαν-

336 1076 584 1148 θρωπίαν
602 1076 705 1148 τὴν
727 1078 859 1149 περὶ
875 1079 907 1146 ἡ
915 1079 1044 1147 μᾶς,
1059 1077 1150 1132 ἵνα
1169 1079 1330 1150 ἡμεῖς
1344 1078 1437 1133 τὸν
1454 1078 1678 1149 κτίστην
1692 1077 1826 1151 (di),
1845 1077 1922 1140 ὡς

335 1167 575 1241 συγγενῆ
629 1167 1097 1240 περιπτυξώμεθα
1125 1184 1138 1197 ·
1179 1169 1268 1222 ἵνα
1317 1168 1532 1239 ἔχωμεν
1564 1167 1790 1240 θαρρεῖν
1822 1209 1838 1235 ,
1869 1168 1921 1221 οἰ

332 1254 396 1320 ἐξ
446 1254 664 1309 οἰκείων
731 1255 1176 1327 κατορθωμάτων
1239 1258 1557 1329 παρρησίαν
1613 1258 1717 1311 οὐκ
1768 1255 1918 1328 έχον-

328 1364 443 1411 τες.
488 1346 614 1400 Ἐπὶ
676 1345 788 1418 γὰρ
857 1346 952 1401 τοῦ
1011 1347 1254 1420 βήματος
1310 1348 1569 1421 ἀχθέντες
1621 1350 1672 1403 οἰ
1739 1349 1797 1417 ἐξ
1849 1350 1922 1403 oi-

329 1435 500 1491 κείων
523 1435 737 1509 ἀρετῶν
772 1435 848 1510 μὴ
875 1438 1403 1511 παρρησιαζόμενοι,
1428 1439 1504 1503 ὡς
1533 1442 1596 1494 ὲκ
1617 1439 1920 1509 συγγενοῦς

330 1526 467 1579 ἰδίου
494 1524 836 1599 καρποῦνται
866 1527 965 1599 τὴν
993 1528 1330 1600 παρρησίαν.
1368 1529 1436 1583 Τί
1465 1525 1588 1596 οῦν;
1629 1530 1923 1603 Ἐπιδημεί

322 1618 463 1683 Θεὸς
489 1618 566 1684 ὠς
595 1617 904 1691 ἄνθρωπος,
930 1619 991 1673 ού
1021 1619 1185 1674 τόπον
1205 1621 1270 1675 ὲκ
1292 1621 1460 1675 τόπου
1479 1620 1748 1692 ἀμείϐων·
1779 1621 1920 1677 ἀλλὰ

320 1708 426 1782 τὴν
454 1708 686 1781 ἀόρατον
706 1705 871 1779 φύσιν
898 1707 1215 1773 ἐπιδεικνὺς
1241 1709 1466 1781 όρατήν·
1499 1708 1593 1763 καὶ
1627 1709 1814 1777 ὀφθεὶς
1842 1710 1921 1775 ὡς

318 1800 633 1873 ἄνθρωπος,
651 1800 747 1854 καὶ
765 1798 1034 1873 συγγενὴς
1051 1797 1362 1873 ἀνθρώποις
1384 1799 1592 1871 φανείς*
1617 1799 1804 1865 καθὼς
1819 1800 1916 1856 καί

316 1891 718 1965 εύαγγελιστὴς
731 1891 1106 1965 ἀνακηρύττει
1123 1893 1319 1964 λέγων,
1350 1893 1434 1949 ὃτι
1457 1912 1476 1946 ι
1499 1892 1559 1947 Ὁ
1580 1892 1755 1964 Λόγος
1775 1894 1914 1967 σὰρξ

315 1983 564 2055 ἐγένετο.
578 2003 599 2037 ι

2018 527 2191 592 vavit,
2246 524 2395 597 apud
2443 530 2591 579 recte
2634 521 3024 578 ratiocinantes
3052 519 3199 575 Deus
3228 535 3347 575 esse
3370 521 3622 575 noscitur

2021 620 2117 692 qui
2156 630 2325 675 natus
2368 627 2472 673 est.
2505 614 2652 672 Deus
2672 616 2819 671 enim
2850 614 2904 668 in
2929 612 3196 668 mundum
3235 611 3478 677 advenit,
3506 628 3616 667 non

2021 711 2091 767 de
2141 710 2265 766 loco
2309 708 2370 764 in
2415 708 2596 763 locum
2621 704 3007 775 connnigrans,
3041 702 3137 758 sed
3161 710 3415 757 naturam
3437 717 3617 756 meam

2021 815 2314 856 assumens
2343 817 2358 853 :
2389 805 2469 862 et,
2499 803 2561 851 ut
2587 795 2722 858 dixi,
2765 792 2945 848 videri
2998 793 3211 857 volens,
3236 807 3362 846 cum
3418 799 3617 845 natura

2021 907 2122 948 sua
2152 890 2227 947 sit
2266 888 2583 945 invisibilis.
2613 887 2803 957 Itaque
2836 901 2904 940 ex
2930 893 3091 955 partu
3129 883 3343 954 accepit
3370 882 3614 946 initium,

2020 999 2133 1039 non
2148 990 2208 1038 ut
2224 984 2372 1037 Deus
2387 988 2555 1045 esset,
2576 979 2672 1034 sed
2697 988 2758 1033 ut
2777 978 2846 1032 ab
2862 975 3187 1031 hominibus
3201 974 3382 1030 videri
3402 974 3616 1044 incipe-

2021 1079 2125 1126 ret.
2152 1070 2290 1126 Nam
2323 1086 2449 1126 cum
2467 1071 2613 1123 Deus
2638 1074 2804 1133 esset,
2836 1066 3012 1121 voluit
3039 1065 3207 1120 homo
3235 1064 3357 1121 ﬁeri
3387 1072 3618 1135 propter

2021 1178 2176 1219 suam
2196 1163 2251 1218 in
2269 1178 2370 1218 nos
2387 1160 2825 1225 clementiam,ut
2843 1174 2944 1214 nos
2960 1158 3140 1229 ipsum
3159 1155 3475 1213 Creatorem
3496 1172 3620 1227 per-

2022 1255 2153 1311 inde
2183 1264 2351 1324 atque
2383 1262 2675 1326 cognatum
2698 1251 3194 1323 complecteremur
3214 1265 3230 1315 ;
3247 1254 3304 1303 ct
3330 1256 3392 1302 ut
3411 1263 3509 1317 per
3528 1246 3613 1317 ip-

2021 1362 2146 1403 sum
2178 1345 2434 1401 ﬁduciam
2472 1344 2912 1414 conciperemus,
2934 1340 3029 1413 qui
3059 1339 3407 1411 propriarum
3444 1338 3618 1394 actio-

2021 1454 2155 1494 num
2169 1438 2436 1509 qualitate
2457 1435 2868 1507 premebamur.
2891 1432 3109 1489 Etenim
3135 1446 3261 1487 cum
3283 1430 3352 1485 ad
3374 1429 3617 1485 tribunal

2023 1523 2321 1588 trahuntur
2363 1531 2460 1603 qui
2503 1529 2857 1601 propriarum
2903 1526 3177 1581 virtutum
3211 1522 3484 1595 praesidiis
3512 1523 3619 1579 niti

2021 1640 2135 1681 non
2170 1633 2426 1696 possunt,
2462 1633 2726 1693 tanquam
2770 1635 2838 1675 ex
2868 1617 3086 1690 cognati
3110 1615 3197 1671 sui
3232 1614 3449 1670 meritis
3476 1613 3622 1673 ﬁdu-

2023 1718 2164 1773 ciam
2211 1726 2459 1773 sumunt.
2519 1713 2664 1781 Quid
2714 1710 2930 1784 igitur?
2973 1708 3212 1766 Advenit
3246 1708 3397 1763 Deus
3428 1707 3618 1773 homo,

1951 1778 1994 1834 Β
2021 1825 2135 1865 non
2167 1808 2236 1864 de
2270 1808 2395 1863 loco
2417 1807 2473 1861 in
2496 1807 2681 1861 locum
2711 1802 3128 1874 transmigrans,
3160 1800 3257 1856 sed
3282 1800 3621 1856 invisibilem

2019 1907 2276 1956 naturam
2312 1898 2593 1954 visibilem
2617 1896 2887 1952 exhibens
2919 1912 2932 1948 :
2968 1901 3243 1965 quatenus
3275 1901 3332 1949 et
3362 1901 3422 1948 ut
3451 1888 3620 1948 homo

2019 1995 2174 2050 visus
2222 2001 2329 2061 est,
2355 2002 2411 2050 et
2437 1991 2758 2048 hominibus
2784 1997 3051 2061 cognatus
3079 1988 3336 2059 apparuit
3358 1988 3406 2020 "
3430 2006 3445 2057 ;
3473 1988 3620 2043 sicut

313 2077 488 2133 etiam
509 2075 843 2149 evangelista
871 2075 1152 2149 praedicat,
1178 2074 1408 2131 dicens:
1442 2093 1461 2128 ι
1498 2075 1744 2132 Verbum
1777 2090 1907 2137 caro
1929 2082 2140 2141 factum
2177 2092 2261 2141 est
2285 2084 2350 2139 ⁷⁸.
2389 2104 2408 2137 ι

392 2173 467 2225 Δ’.
500 2171 612 2224 Καὶ
645 2169 783 2235 πῶς,
818 2174 1003 2242 φησιν,
1033 2170 1061 2223 6
1086 2169 1259 2238 Λόγος
1306 2166 1525 2237 ἐγένετο
1569 2169 1749 2241 σάρξ;
1785 2171 1904 2236 πῶς

314 2261 554 2317 δυνατὸν
588 2260 681 2314 τὸν
708 2260 841 2315 Θεὸν
872 2260 1045 2329 Λόγον
1072 2258 1331 2330 γενέσθαι
1374 2258 1700 2332 ἄνθρωπονς
1743 2261 1916 2334 Ἐρω-

311 2356 423 2427 τᾷς
450 2354 543 2409 τὸν
573 2354 774 2426 τρόπον
796 2353 904 2408 τῶν
936 2351 1032 2407 τοῦ
1057 2350 1194 2407 Θεοῦ
1229 2350 1561 2424 θαυμάτων;
1596 2353 1661 2406 Et
1691 2353 1915 2423 ἐφικτὸν

309 2444 391 2519 ἦν
428 2447 560 2519 ἡμῖν
603 2444 665 2501 τὸ
709 2445 1094 2518 ἀκατάληπτον
1130 2443 1225 2498 τοῦ
1254 2444 1442 2515 λόγου,
1473 2444 1574 2499 οὐκ
1602 2440 1672 2518 ἦν
1706 2445 1914 2519 θαῦμα,

311 2540 461 2597 ἀλλὰ
491 2537 633 2596 κατὰ
667 2539 828 2609 φύσιν
857 2540 1112 2611 πρᾶγμ-α.
1141 2535 1208 2592 Εἰ
1248 2536 1306 2592 δὲ
1334 2533 1524 2608 θαῦμα
1554 2541 1649 2592 καὶ
1679 2541 1909 2610 σημεῖον

310 2635 384 2688 τὸ
420 2631 814 2705 γεγενημένον,
866 2628 1190 2702 παραχώρει
1250 2628 1345 2684 τὸν
1391 2629 1550 2700 λόγον
1595 2629 1673 2703 τῷ
1700 2630 1918 2703 θαυμα-

311 2712 657 2797 τουργρῦντι¹
682 2722 949 2796 Δεσπότῃ.
982 2722 1106 2777 Ὅτι
1156 2721 1267 2795 γὰρ
1321 2721 1561 2792 ἐγένετο,
1607 2723 1814 2792 γνῶναί
1858 2741 1918 2777 σε

315 2814 607 2886 βούλομαι,
646 2813 743 2868 καί¹
772 2811 835 2867 τὸ
866 2814 932 2867 ὲκ
960 2810 1056 2866 τοῦ
1089 2810 1385 2883 γενομένου
1414 2810 1606 2885 κέρδος
1632 2813 1699 2884 τῇ
1735 2811 1918 2865 πίστει

311 2903 761 2977 καρπώσασθαι·
792 2903 911 2967 πῶς
943 2902 1001 2956 δὲ
1027 2901 1243 2973 γέγονε,
1265 2900 1344 2973 τῷ
1386 2899 1702 2974 ὲνεργοῦντι
1741 2920 1921 2974 παρα-

312 2995 513 3067 χώρει.
548 2995 624 3048 Ἢ
663 2994 729 3049 σὺ
748 2991 828 3065 τῷ
863 2991 961 3064 μὲν
994 2990 1166 3062 ἰατρῷ
1184 2990 1469 3056 πιστεύεις
1498 2992 1914 3062 προστάττοντι,

313 3064 421 3143 καί
456 3087 517 3140 ού
554 3064 900 3158 περιεργᾶζῃ
940 3083 1033 3137 τὸν
1081 3082 1286 3154 τρόπον
1326 3083 1426 3155 τῆς
1478 3082 1794 3156 θεραπείας,
1826 3101 1914 3136 πι-
1944 3064 1989 3124 C

323 3176 538 3232 στεύων
583 3178 652 3249 τῇ
699 3174 869 3248 τέχνῃ
913 3172 1014 3246 τὴν
1059 3171 1260 3227 σαυτοῦ
1310 3174 1624 3246 σωτηρίαν·
1656 3175 1914 3230 ἀλλὀύδὲ

316 3269 484 3333 ἄλλος
522 3286 608 3332 τις
653 3267 876 3338 ἄτεχνος
907 3266 983 3320 ὢν
1017 3264 1110 3321 τὸν
1138 3264 1233 3319 τοῦ
1266 3266 1516 3338 τεχνίτου
1543 3267 1913 3339 περιεργάζε-

310 3378 410 3416 est
455 3360 681 3432 τρόπον,
733 3356 872 3412 ἀλλὰ
909 3355 1176 3430 γνωρίζει
1219 3358 1320 3429 μὲν
1368 3357 1431 3411 τὸ
1464 3358 1782 3430 γενόμενον,
1822 3359 1913 3411 τὸν

309 3456 376 3513 δὲ
403 3455 607 3528 τρόπον
643 3456 711 3527 τῇ
753 3452 924 3526 τέχνῃ
970 3456 1331 3527 παραχωρεῖ·
1371 3455 1438 3509 σὺ
1469 3455 1525 3509 δὲ
1558 3456 1777 3511 πάντων
1802 3456 1913 3511 τῶν

311 3547 427 3603 ὑπὸ
476 3544 573 3600 τοῦ
640 3545 777 3600 Θεοῦ
824 3542 1477 3617 τεθαυματουργημένων
1519 3548 1650 3612 τοὺς
1714 3547 1911 3618 λόγους

311 3640 619 3712 ἐπιζητεῖς,
665 3638 742 3704 ὡς
790 3636 1012 3711 χρῄζων
1059 3636 1170 3692 τῶν
1230 3637 1427 3708 λόγων,
1455 3639 1541 3693 ἵνα
1569 3638 1642 3693 τὰ
1670 3640 1809 3694 αὐτὰ
1837 3638 1912 3711 τῷ

310 3730 439 3804 Θεῷ
468 3730 903 3804 θαυματουργῇς
938 3728 1035 3783 καὶ
1083 3728 1147 3782 σύ
1173 3747 1189 3798 ;
1238 3728 1378 3784 Ἀλλ’
1410 3729 1548 3803 ὅπερ
1581 3731 1791 3802 ἔλεγον,
1816 3732 1914 3786 καὶ

312 3824 417 3880 νῦν
453 3822 600 3893 λέγω
623 3840 636 3853 ·
665 3821 1017 3894 πράγματος,
1053 3812 1115 3875 οῦ
1140 3819 1235 3876 τὸν
1258 3820 1418 3892 λόγον
1449 3822 1910 3896 ὲπιγινὼσκομεν,

309 3914 513 3970 τούτου
566 3915 601 3987 ἡ
650 3913 816 3985 φύσις
863 3914 924 3969 ού
982 3912 1170 3986 θαῦμά
1192 3914 1338 3969 ἐστιν
1368 3913 1491 3968 οὐδὲ
1533 3917 1778 3987 σημεῖον.
1807 3917 1908 3972 To-

314 4011 479 4078 τοῦτό
507 4028 563 4066 τι
591 4012 766 4079 ἐστιν,
799 4010 829 4065 ὃ
858 4009 1007 4079 λέγω
1029 4025 1044 4041 ο
1077 4009 1364 4082 οἰκοδόμος
1391 4008 1568 4076 κτίζει
1616 4006 1790 4066 οἷκον·
1821 4010 1915 4068 τὸν

309 4104 477 4173 λόγον
516 4102 887 4175 γινώσκομεν,
921 4102 1022 4168 τὰς
1064 4103 1199 4167 ύλας
1249 4101 1601 4167 συντεθείσας
1645 4100 1913 4176 γνωρίζο-

315 4212 443 4269 μεν,
478 4195 660 4266 λέγειν
698 4194 778 4277 ,τὸ
827 4196 1200 4268 γεγενημένον
1246 4184 1554 4269 δυνάμεθα,
1585 4198 1635 4250 εἰ
1688 4196 1787 4250 καὶ
1840 4194 1911 4250 δι’

310 4287 574 4359 ἀτεχνίαν
601 4289 852 4359 ἐνεργεῖν
883 4287 986 4342 οὐκ
1010 4287 1181 4358 ἐσμὲν
1212 4288 1413 4343 ἱκανοί.
1449 4286 1697 4341 Ἐπλασε
1740 4286 1819 4358 τῷ
1847 4288 1913 4339 ὲκ

2084 2176 2174 2233 IV.
2234 2174 2341 2231 Sed
2391 2175 2539 2231 dicet
2571 2175 2771 2246 aliquis
2803 2191 2816 2228 :
2852 2171 3140 2240 Quomodo
3170 2169 3289 2225 ﬁeri
3320 2176 3522 2240 potest,
3554 2180 3617 2225 ut

2013 2268 2162 2325 Deus
2181 2268 2422 2325 Verbum
2459 2268 2627 2323 homo
2664 2266 2800 2321 ﬁat?
2832 2265 3054 2321 Modum
3081 2263 3285 2334 quzeris
3311 2262 3613 2317 miraculo-

2013 2379 2140 2418 rum
2172 2362 2316 2421 Dei?
2350 2361 2406 2418 Si
2448 2361 2679 2416 rationis
2706 2360 2873 2431 hujus
2905 2355 3544 2428 incomprehensibilitas
3582 2370 3619 2409 a'

2014 2456 2181 2512 nobis
2226 2466 2417 2527 posset
2447 2451 2864 2523 comprehendi,
2909 2449 3237 2505 miraculum
3279 2448 3471 2518 utique
3503 2462 3616 2502 non

2017 2556 2185 2614 esset,
2247 2547 2343 2603 sed
2397 2562 2486 2601 res
2535 2543 2841 2600 secundum
2894 2551 3169 2599 naturam.
3224 2538 3283 2595 Si
3310 2552 3442 2593 vero
3464 2537 3613 2608 quod

2016 2640 2225 2696 factum
2256 2645 2341 2695 est
2366 2638 2581 2708 signum
2605 2644 2689 2691 est
2711 2651 2776 2690 ac
2805 2633 3156 2696 miraculum,
3183 2629 3313 2685 facti
3338 2629 3612 2683 rationem

2017 2731 2413 2788 miraculorum
2438 2728 2650 2785 auctori
2678 2726 2910 2782 Domino
2943 2724 3213 2794 relinque.
3237 2722 3376 2777 Nam
3404 2720 3612 2774 factum

2017 2841 2139 2881 esse
2177 2824 2322 2879 scire
2376 2836 2430 2879 te
2471 2823 2619 2887 volo,
2667 2820 2997 2889 lucrumque
3022 2833 3090 2872 ex
3118 2831 3185 2871 eo
3213 2814 3363 2886 quod
3401 2812 3613 2867 factum

2018 2924 2122 2978 est,
2180 2915 2287 2971 ﬁde
2335 2913 2622 2987 percipere
2659 2930 2671 2966 :
2715 2909 3019 2985 quomodo.
3045 2917 3231 2963 autem
3279 2906 3485 2960 factum
3515 2903 3609 2969 sit,

2018 3008 2269 3065 eﬁ‘ectori
2308 3009 2629 3078 relinquito.
2667 3005 2748 3060 An
2783 3013 2840 3059 tu
2875 3002 3091 3058 medico
3115 2997 3454 3072 praecipienti
3487 3012 3612 3053 cre—

2020 3103 2128 3167 dis,
2181 3102 2525 3171 salutemque
2572 3107 2721 3153 tuam
2764 3096 2869 3151 arti
2920 3092 3267 3166 permittens,
3324 3088 3613 3145 medicinae

2015 3195 2287 3250 rationem
2330 3192 2550 3247 curiose
2598 3205 2711 3244 non
2755 3186 3079 3258 perquiris:
3124 3182 3222 3238 sed
3252 3196 3433 3251 neque
3471 3179 3612 3235 alius

2014 3286 2286 3356 quispiam
2334 3282 2475 3338 artis
2517 3280 2692 3345 rudis,
2736 3276 2965 3333 artiﬁcis
3002 3275 3245 3330 rationes
3274 3270 3608 3342 investigat,

2014 3378 2112 3434 sed
2142 3392 2282 3446 opus
2313 3376 2493 3445 ipsum
2524 3386 2848 3443 agnoscens,
2878 3366 3004 3422 facti
3036 3364 3304 3420 rationem
3327 3363 3433 3417 arti
3461 3376 3611 3416 com-

2013 3468 2187 3524 mittit
2219 3484 2232 3520 :
2273 3474 2333 3520 tu
2383 3479 2519 3519 vero
2571 3460 2819 3517 omnium
2854 3457 3170 3513 divinorum
3210 3452 3606 3509 miraculorum

2014 3558 2257 3615 rationes
2276 3554 2664 3628 perscrutaris,
2689 3551 2848 3623 quasi
2872 3549 2997 3605 ideo
3020 3546 3328 3602 rationibus
3359 3543 3608 3613 indigeas

2013 3660 2076 3706 ut
2095 3658 2154 3706 tu
2176 3663 2397 3721 quoque
2423 3646 2617 3703 eadem
2646 3658 2773 3700 eum
2800 3643 2921 3714 ipso
2950 3637 3218 3695 miracula
3251 3634 3467 3693 facias?
3496 3632 3606 3688 Sed

2013 3742 2161 3816 quod
2211 3743 2346 3809 dixi,
2393 3742 2593 3797 iterum
2633 3745 2869 3810 repeto:
2905 3735 2988 3791 rei
3024 3734 3184 3804 cujus
3206 3730 3480 3786 rationem
3514 3743 3609 3783 co-

2014 3835 2352 3909 gnoscimus,
2413 3833 2534 3905 ejus
2576 3838 2835 3885 naturam
2875 3840 3060 3897 neque
3106 3821 3437 3879 miraculum
3482 3833 3607 3873 esse

2013 3944 2194 3999 neque
2215 3925 2453 3999 signum.
2478 3922 2645 3981 Verbi
2669 3919 2845 3994 gratia
2870 3937 2883 3974 :
2906 3917 3085 3974 Faber
3102 3915 3340 3972 aediﬁcat
3357 3913 3605 3977 domum;

2013 4019 2234 4076 aediﬁcii
2277 4018 2548 4073 rationem
2577 4012 2948 4086 agnoscimus,
2975 4009 3240 4064 materias
3262 4004 3424 4061 simul
3457 4017 3609 4059 com-

2013 4113 2223 4187 positas
2276 4111 2577 4175 cernimus,
2637 4124 2756 4164 rem
2807 4105 3008 4162 factam
3054 4100 3239 4172 eloqui
3290 4102 3603 4169 possumus,

2013 4204 2229 4263 etiamsi
2271 4210 2500 4275 propter
2540 4197 2874 4270 imperitiam
2901 4193 3086 4250 idonei
3118 4188 3357 4262 cperarii
3383 4202 3493 4241 non
3525 4202 3607 4241 ει-

2014 4315 2158 4357 mus.
2199 4295 2557 4369 Unigenitum
2584 4292 2684 4349 Dei
2710 4290 2954 4348 Verbum
2991 4299 3136 4342 caeco
3162 4298 3193 4341 a
3223 4278 3511 4336 nativitate
3535 4276 3609 4332 de

306 4377 577 4449 γεννετῆς
627 4376 816 4451 τυφλῷ
871 4376 1188 4449 ὀφθαλμοὺς
1234 4377 1264 4432 6
1314 4377 1614 4450 μονογενὴς
1647 4377 1741 4449 τοῦ
1775 4375 1911 4431 Θεοῦ

2016 4388 2133 4445 luto
2162 4367 2423 4455 formavit
2449 4384 2638 4443 oculos
2663 4401 2677 4439 :
2713 4383 2821 4439 hoc
2858 4394 3024 4450 supra
3055 4383 3301 4432 nostram
3328 4378 3413 4426 est
3435 4367 3611 4423 ratio-

309 4471 493 4540 Λόγος
525 4472 593 4526 ἐκ
621 4469 799 4543 πηλοῦ
820 4485 834 4501 ⁸
866 4468 1026 4525 τοῦτο
1060 4468 1203 4541 ὑπὲρ
1233 4467 1395 4539 λόγον
1430 4469 1553 4529 ἐστὶ
1582 4470 1674 4525 τόν
1709 4470 1912 4543 ἡμέτε-

308 4578 432 4634 ρον.
461 4558 956 4637 Θαῦμαῖκαλεϊται,
987 4560 1273 4633 λογισμοῖς
1302 4559 1608 4633 ἀνθρώπων
1633 4563 1911 4635 ούκὲρευ-

308 4652 562 4725 νώμενον
588 4671 601 4685 ·
634 4657 866 4727 σημεῖον
905 4652 1154 4711 καλεῖται
1203 4653 1345 4725 ὑπὲρ
1378 4653 1476 4726 τὴν
1507 4654 1710 4728 συνήθη
1748 4655 1911 4725 φύσιν

306 4745 722 4818 γεγενημένον·
777 4744 875 4801 καὶ
927 4745 1010 4801 ὅτι
1056 4746 1156 4819 μὲν
1212 4746 1455 4817 ἐγένετο,
1494 4746 1675 4819 ἴσμεν,
1714 4748 1806 4803 τὸν
1849 4747 1909 4804 δὲ

305 4837 519 4908 τρόπον
543 4836 728 4908 λέγειν
756 4838 861 4892 οὐκ
883 4837 1103 4913 ἔχομεν.
1147 4839 1243 4892 Ἐκ
1267 4838 1441 4910 πηλοῦ
1467 4838 1567 4911 μὲν
1594 4838 1704 4912 γὰρ
1736 4839 1907 4913 κέρας

308 4942 416 4998 μος
469 4927 564 4981 καὶ
605 4926 832 4992 πλίνθος
889 4929 1386 5000 κατασκευάζεται,
1447 4933 1547 4988 οὐκ
1598 4933 1900 5005 ὀφθαλμῶν

306 5015 567 5088 εὐγένεια
615 5019 942 5090 πράττεται,
994 5022 1096 5077 οὐκ
1143 5023 1345 5093 ὑμένες
1401 5025 1592 5080 λεπτοὶ
1637 5025 1901 5096 γίνονται,

307 5112 415 5183 οὐχ
463 5113 710 5184 ὁράσεως
757 5112 1003 5169 ποικιλία
1053 5115 1391 5180 συνίσταται.
1428 5116 1489 5171 οὐ
1544 5117 1904 5190 περιφερείας

305 5203 571 5275 ἀκρίὸεια
606 5204 751 5277 μετὰ
795 5205 1068 5279 τοσαύτης
1103 5206 1359 5278 εύχροίας
1408 5209 1726 5280 τορνεύεται
1750 5227 1765 5242 ο
1804 5227 1904 5277 πη-

304 5297 404 5360 λὸς
436 5296 498 5350 ού
524 5298 776 5367 πέφυκεν
808 5299 891 5361 εἰς
932 5296 1231 5369 ὀφθαλμῶν
1263 5299 1563 5369 ἀνάγεσθαι
1593 5300 1895 5370 εὐγένειαν.

307 5386 525 5443 Οὐκοῦν
575 5390 714 5461 ὅπερ
744 5391 778 5461 ὴ
817 5388 981 5459 φύσις
1033 5391 1135 5458 τῆς
1185 5392 1290 5462 γῆς
1322 5393 1428 5446 οὐκ
1478 5391 1808 5464 ἐπιδέχεται,
1835 5396 1898 5450 ού

314 5481 422 5552 γὰρ
450 5480 696 5551 πέφυκεν
745 5481 1095 5563 ἐπιδέχεσθαι
1127 5481 1407 5554 ὀφθαλμοῦ
1434 5484 1533 5555 τὴν
1571 5484 1735 5553 ἰδέαν,
1766 5486 1901 5542 ταύ-.

382 5635 430 5668 ’³
452 5636 668 5692 Baruch
701 5653 779 5699 In,
816 5635 903 5693 58.

385 5780 497 5851 (Η)
531 5782 759 5853 Κριτήν.

973 5638 1019 5670 ⁷⁵
1048 5637 1205 5695 Joan.
1238 5654 1277 5703 ι,
1312 5637 1398 5692 Η.

2009 4496 2183 4547 nem;
2232 4494 2471 4550 cumque
2516 4477 2760 4532 humana
2812 4471 3027 4526 ratione
3074 4460 3436 4538 pervestigari
3490 4474 3608 4514 non

2008 4579 2200 4645 queat,
2226 4549 2445 4644 signum
2472 4565 2557 4625 vel
2581 4565 2910 4622 miraculum
2931 4559 3259 4633 appellatur.
3290 4555 3426 4610 Nam
3455 4549 3609 4622 quod

2007 4671 2209 4737 praeter
2240 4669 2570 4719 consuetum
2616 4665 2831 4714 naturae
2873 4666 3099 4711 cursum
3141 4648 3225 4715 ﬁt,
3276 4646 3332 4702 id
3387 4645 3607 4716 signum

2006 4765 2237 4814 vocatur
2271 4773 2285 4811 :
2316 4762 2374 4811 et
2395 4752 2544 4825 quod
2577 4751 2787 4807 factum
2812 4747 3035 4820 quidem
3062 4752 3149 4801 est
3175 4742 3455 4804 novimus,
3482 4752 3604 4791 mo-

2007 4850 2139 4907 dum
2175 4858 2362 4904 autem
2409 4845 2572 4904 effari
2616 4858 2729 4900 non
2776 4841 3044 4897 valemus.
3075 4838 3159 4893 Ex
3185 4836 3304 4891 luto
3332 4830 3608 4902 siquidem

2005 4957 2103 4998 vas
2153 4940 2323 4999 ﬁctile
2368 4947 2464 4996 aut
2500 4937 2640 4994 later
2679 4933 2993 4999 conﬁcitur,
3024 4946 3136 4985 non
3171 4927 3455 4983 oculorum
3493 4921 3611 4974 ele-

2004 5030 2188 5102 gantia
2212 5026 2508 5093 formatur,
2534 5041 2649 5082 non
2673 5033 2871 5081 tenues
2891 5022 3000 5077 illa:
3019 5013 3414 5074 membranula
3440 5009 3609 5073 ﬁunt.

2001 5136 2115 5177 non
2162 5120 2389 5193 pupilla:
2441 5119 2615 5176 decor
2660 5124 2756 5173 aut
2805 5113 3044 5170 varietas
3080 5104 3458 5166 constituitur,
3487 5114 3608 5156 non

2007 5191 2185 5283 ipsius
2228 5191 2694 5268 circumferentia:
2724 5204 3021 5263 artiﬁcium
3059 5207 3211 5256 tanta
3243 5211 3368 5254 cum
3395 5191 3607 5250 coloris

2006 5311 2297 5359 venustate
2347 5300 2693 5358 eﬁ'ormatur.
2744 5297 2948 5353 Lutum
2997 5290 3147 5348 enim
3204 5287 3261 5342 in
3309 5284 3601 5341 oculorum

2007 5378 2355 5451 venustatem
2410 5392 2619 5463 (nostra
2663 5388 2804 5459 arte)
2839 5383 3002 5442 evehi
3039 5397 3153 5438 non
3180 5386 3383 5452 potest.
3408 5374 3599 5444 Itaque

2007 5486 2153 5560 quod
2197 5495 2357 5544 terra:
2398 5494 2596 5543 natura
2636 5497 2747 5540 non
2778 5477 3095 5553 patiebatur
3123 5475 3257 5538 (non
3289 5473 3435 5531 enim
3470 5474 3599 5538 apta
