4076 6444
582 292 722 365 ιεγε

1675 292 2025 363 TIIEODOTI
2064 301 2371 361 muscum
2409 298 2751 357 uernam

3674 319 3781 377 i376

580 435 719 492 erat,
748 442 869 495 quae
902 427 1187 481 oculorum
1210 426 1442 482 formam
1476 423 1805 498 susciperet)
1826 441 1947 481 eam
1974 440 2159 480 susce-

2265 437 2366 491 την
2401 417 2623 482 ἐδέξατο
2663 413 2757 469 τοῦ
2813 414 3355 486 θαυματουργοῦντος
3384 421 3486 491 πρὸ
3529 424 3585 478 τὸ
3624 429 3786 486 ἑαυτοῦ

581 514 683 583 pit,
731 514 849 583 ipso
904 513 1297 569 miraculorum
1341 522 1624 585 patratore
1662 524 1876 571 natura:
1910 515 2017 585 legi
2049 530 2161 568 non

579 604 874 667 serviente,
925 604 1021 659 sed
1071 614 1322 659 naturam
1371 605 1441 660 ad
1488 621 1602 660 suae
1654 606 1827 675 ipsius
1863 604 2163 661 voluntatis

579 701 775 746 nutum
806 703 1074 762 rapiente.
1102 693 1449 764 Quapropter
1472 710 1540 749 ne
1569 694 1638 749 ad
1662 695 1917 749 humanm
1949 702 2163 748 natura:

579 782 954 839 inﬁrmitatem
1008 786 1154 839 ultra
1198 787 1483 856 respicias,
1526 802 1705 855 neque
1741 785 1947 840 dixeris
1979 801 1990 837 :
2017 783 2164 850 Quo-

582 874 745 928 modo
794 874 1032 930 humana
1080 884 1276 930 natura
1327 876 1499 931 Deum
1548 877 1729 946 potuit
1759 876 2161 946 capere?quo-

581 965 741 1020 modo
764 967 908 1021 Deus
929 967 1107 1023 factus
1127 976 1213 1022 est
1232 968 1397 1022 homo
1414 968 1439 1020 ?
1461 968 1737 1038 quomodo
1756 969 1899 1023 Deus
1919 966 2161 1023 Verbum

578 1067 709 1107 caro
736 1053 971 1108 visibilis
990 1053 1167 1109 factus
1185 1055 1312 1110 est?
1334 1055 1430 1111 sed
1454 1055 1658 1111 factum
1683 1073 1803 1111 esse
1824 1055 2018 1122 crede;
2041 1070 2161 1110 mo-

578 1142 712 1197 dum
741 1157 872 1197 vero
902 1152 957 1199 et
986 1145 1256 1201 rationem
1295 1146 1439 1202 scire
1470 1145 1665 1200 factori
1704 1147 1972 1216 relinque.

650 1256 717 1310 V.
753 1255 911 1322 Quod
947 1258 994 1311 si
1031 1259 1281 1329 exemplo
1325 1259 1510 1330 aliquo
1548 1260 1884 1330 propositam
1912 1275 2031 1314 rem
2060 1274 2162 1317 nos

578 1343 863 1399 declarare
911 1345 1089 1416 cupis,
1132 1347 1388 1417 equidem
1437 1349 1725 1403 ostendam
1779 1365 1888 1419 qua
1946 1350 2161 1406 ratione

580 1434 967 1505 incorporeum
990 1445 1358 1507 corporescat,
1408 1448 1465 1493 et
1490 1438 1767 1494 invisibile
1791 1439 2013 1495 visibile
2042 1440 2157 1507 ﬁat,

580 1533 637 1580 et
660 1526 1026 1596 impalpabilc,
1055 1530 1449 1586 contrectabile
1473 1531 1690 1597 evadat,
1723 1534 1945 1603 pr0pria
1966 1543 2161 1589 natura

582 1631 690 1671 non
727 1617 1026 1682 demutata,
1060 1620 1155 1674 sed
1199 1621 1373 1692 ﬁgura
1428 1623 1633 1678 visibili
1683 1634 1740 1679 et
1779 1626 2160 1681 eontrectabili

579 1716 817 1776 sumpta.
849 1709 1091 1764 Verbum
1128 1711 1233 1766 hoc
1260 1712 1558 1783 prolatum,
1601 1713 1845 1784 inquam,
1872 1717 1941 1772 ab
1975 1717 2159 1771 homi-

581 1796 764 1860 nibus,
797 1812 906 1866 quo
930 1799 1140 1854 utimur
1181 1802 1313 1855 dum
1341 1818 1625 1858 sermones
1665 1804 1809 1859 inter
1842 1820 1944 1860 nos
1986 1804 2158 1860 babe-

510 1960 513 1961 ν
581 1901 705 1942 mus
734 1895 790 1941 et
804 1888 1167 1959 cogitationes
1188 1891 1255 1945 ad
1282 1892 1518 1946 invicem
1536 1894 1913 1963 explanamus,
1927 1895 2159 1950 verbum

576 1987 682 2042 cst,
714 1979 861 2048 quod
894 1996 1073 2050 neque
1100 1984 1298 2038 oculis-
1326 1985 1499 2050 cerni,
1534 2001 1717 2055 neque
1766 2002 1933 2041 manu
1978 1987 2160 2043 valeat

575 2070 939 2138 apprehendi,
995 2072 1093 2126 sed
1134 2074 1327 2129 auditu
1365 2076 1632 2131 duntaxat
1659 2078 1890 2148 percipi.
1921 2078 2158 2134 Verum-

2266 511 2480 580 θέλημα
2508 509 2604 579 τὴν
2636 506 2799 576 φύσιν
2826 504 3173 570 ἑλκύσαντος,
3205 507 3306 563 οὐκ
3351 512 3508 567 αὑτοῦ
3548 517 3782 577 δουλεύον.

2264 618 2357 664 τος
2386 600 2465 670 τῷ
2491 599 2636 667 λόγῳ
2674 599 2777 668 τῆς
2803 596 3041 666 φύσεως.
3075 597 3292 667 Μηκέτι
3322 596 3415 655 οὖν
3446 605 3520 668 είς
3546 608 3786 667 ἀσθένειαν

2264 692 2615 764 ἀνθρωπίνης
2675 690 2988 745 κατάπιπτε
3047 689 3286 758 φύσεως,
3338 693 3470 763 μηδὲ
3514 696 3662 766 λέγε·
3691 704 3784 767 πῶς

2263 783 2552 855 ἀνθρώπου
2583 782 2745 852 φύσις
2774 780 3029 853 ἐχώρησε
3054 779 3148 833 τὸν
3185 779 3347 848 Θεόνς
3373 783 3486 857 πῶς
3508 785 3632 850 Θεδς
3652 790 3785 859 γέγο.

2265 891 2354 928 νεν
2394 874 2714 946 ἄνθρωποςς
2757 874 2877 936 πῶς
2914 872 3048 935 Θεὸς
3090 871 3262 941 Λόγος
3293 873 3428 945 σὰρξ
3453 876 3685 952 ὁρωμένη
3712 899 3786 950 γε.

2265 965 2493 1034 γένηται
2518 982 2532 1030 ;
2563 964 2678 1018 ἀλλ’
2710 965 2793 1019 ὅτι
2828 963 2925 1034 μὲν
2954 961 3170 1031 γέγονε,
3203 961 3459 1017 πίστευεσ
3490 965 3577 1021 τὸν
3599 968 3652 1021 δὲ
3682 972 3788 1041 τρὸ.

2266 1070 2369 1109 πον
2395 1056 2621 1120 εἰδέναι,
2654 1054 2744 1119 δὸς
2770 1054 2849 1126 τῷ
2886 1053 3231 1127 πεποιηκότι.

2336 1273 2412 1325 Ε’.
2453 1273 2515 1326 Εἰ
2543 1271 2602 1326 δὲ
2650 1270 2824 1334 θέλεις
2872 1269 2968 1324 καὶ
3001 1269 3060 1337 ἐξ
3093 1268 3488 1336 ὑποδείγματος
3536 1269 3789 1339 σαφηνίσαι

2261 1364 2326 1418 τὸ
2359 1364 2745 1434 προκείμενον,
2777 1346 2889 1429 ἐγὼ
2933 1362 3093 1428 δείξω
3139 1378 3243 1427 σοι,
3276 1359 3392 1424 πῶς
3436 1359 3496 1413 τδ
3541 1362 3789 1433 ἀσώματον

2264 1452 2632 1524 σωματοῦται,
2679 1451 2746 1506 τὸ
2792 1451 3025 1522 ἀόρατον
3070 1449 3287 1520 ὁρᾶται,
3357 1448 3419 1502 τὸ
3486 1448 3791 1522 ἀψηλάφητσν

2260 1543 2602 1614 ψηλαφᾶται,
2663 1542 2726 1595 ού
2783 1544 2851 1613 τῇ
2908 1540 3087 1612 οἰκεία
3120 1538 3284 1609 φύσει
3320 1539 3658 1611 μεταδληθὲν,
3684 1541 3791 1594 ἀλλᾶ

2261 1635 2530 1691 ἀναλαϐὸν
2583 1635 2774 1707 σχῆμα
2821 1631 3121 1706 ὁρώμενον,
3186 1632 3281 1686 καὶ
3330 1631 3721 1704 ψηλαφώμενον.
3747 1634 3792 1691 ’0

2195 1762 2238 1818 Β
2261 1726 2420 1818 λόγος
2449 1721 2624 1793 οὗτος,
2649 1729 2679 1780 6
2704 1724 3042 1797 προφορικὸς
3075 1726 3141 1778 ὲκ
3186 1722 3615 1818 τῶν-ἀνθρὼπων
3656 1724 3789 1818 φημὶ,

2260 1809 2307 1886 ᾧ
2334 1816 2666 1888 κεχρημένοι
2703 1814 2953 1887 ἀλλήλοις
2984 1830 3045 1867 τε
3090 1813 3483 1884 συγγινόμεθα,
3513 1814 3599 1868 καὶ
3639 1816 3698 1868 τὰ
3725 1815 3790 1867 ὲν-

2262 1908 2434 1981 θύμια
2460 1907 2711 1978 ἀλλήλοις
2738 1904 3140 1978 ἑρμηνεύομεν,
3170 1903 3331 1975 λόγος
3360 1904 3505 1959 ἐστὶν
3548 1905 3639 1975 οὐχ
3679 1903 3790 1975 ὁρώ-

2263 2017 2446 2071 μενος,
2476 1998 2594 2053 ἀλλ’
2629 1998 2753 2053 οὐδὲ
2796 1998 2942 2068 χειρὶ
2968 1994 3391 2067 ψηλαφώμενος,
3421 1996 3555 2067 ἀκοῇ
3585 1995 3635 2048 δὲ
3664 1995 3791 2064 μόνον

2260 2083 2657 2162 ὲνηχούμενος’
2710 2086 2828 2144 ἀλλ’
2877 2086 3099 2142 ἐπειδὰν
3145 2087 3237 2141 τὸν
3301 2086 3622 2158 προφορικὺν
3668 2085 3791 2154 λόγον

577 2168 757 2215 tamen
786 2161 913 2215 dum
937 2164 1163 2217 verbum
1187 2166 1293 2220 hoc
1317 2175 1566 2222 nostrum
1587 2168 1924 2238 prolatitium
1951 2169 2008 2225 in
2028 2169 2159 2225 sub-

2261 2161 2571 2252 ὐπόδειγμα
2612 2179 2708 2235 τοῦ
2748 2178 3127 2233 ὲνυποστάτου
3162 2177 3302 2232 Θεοῦ
3341 2178 3513 2248 Λόγου
3556 2175 3709 2249 φέρω,
3734 2175 3791 2246 μὴ

576 2252 822 2306 sistentis
875 2253 971 2307 Dei
1014 2254 1181 2309 Verbi
1230 2258 1541 2327 exemplum
1577 2273 1819 2324 assumo,
1844 2274 2010 2315 nemo
2045 2259 2159 2314 exi-

2261 2273 2497 2345 νομίσῃς
2558 2290 2626 2343 με
2677 2270 3018 2343 προφορικδν
3061 2269 3249 2339 λέγειν
3308 2269 3400 2324 τδν
3455 2269 3581 2324 Θεὸν
3622 2268 3788 2337 Λόγον·

576 2344 763 2399 stimet
807 2361 909 2400 nos
950 2346 1045 2400 Dei
1078 2346 1315 2401 Verbum
1346 2349 1685 2418 prolatitium
1711 2350 1939 2417 dicere;
1977 2351 2153 2408 absit!

2260 2344 2482 2431 ἄπαγε’
2516 2361 2694 2429 Λόγος
2722 2360 2833 2432 γὰρ
2862 2359 3079 2432 εἴρηται
3108 2360 3136 2413 6
3171 2360 3490 2431 μονογενὴς,
3513 2354 3792 2431 ἐρμηνευού-

576 2437 709 2491 Nam
765 2452 889 2490 cum
928 2437 1112 2492 divina
1139 2437 1423 2508 Scriptura
1457 2441 1801 2512 unigenitum
1829 2443 1928 2498 Dei
1956 2445 2156 2499 Filium

2263 2472 2363 2525 σης
2399 2453 2502 2524 τῆς
2544 2452 2695 2517 θείας
2724 2452 2951 2524 Γραφῆς
2985 2451 3047 2506 τὸ
3074 2451 3287 2515 ἀπαθὲς
3319 2448 3482 2504 αὑτοῦ
3516 2449 3608 2520 τῆς
3634 2448 3792 2517 γεννήο

576 2529 812 2585 Verbum
863 2529 1134 2595 nominat,
1185 2530 1527 2586 nativitatem
1575 2534 1749 2603 ipsius
1794 2534 2157 2604 impatibilem

2261 2550 2399 2610 σεως
2422 2560 2435 2574 ⁸
2470 2545 2656 2617 ἐπειδὴ
2687 2546 2778 2600 καὶ
2808 2544 2934 2608 νοῦς
2960 2541 3265 2614 ἀνθρώπων
3303 2540 3524 2606 ἀπαθῶς
3550 2541 3702 2595 τίκτει
3722 2538 3794 2592 τὸν

575 2619 856 2687 insinuat;
890 2619 1153 2689 quoniam
1185 2630 1242 2675 et
1266 2621 1508 2676 humana
1541 2638 1759 2693 quoque
1781 2639 1935 2679 mens
1958 2625 2159 2696 impas-

2259 2636 2437 2705 λόγον.
2470 2637 2571 2691 Διὰ
2598 2634 2760 2689 τοῦτο
2785 2635 2919 2688 ὅπου
2967 2635 3066 2705 μὲν
3093 2632 3221 2686 Υίδν
3252 2634 3418 2688 αὑτὸν
3447 2627 3794 2704 προσαγορεύει

574 2710 811 2765 sibiliter
856 2712 1084 2765 verbum
1132 2727 1293 2765 suum
1339 2720 1585 2783 generat.
1613 2711 1981 2779 Quamobrem
2010 2715 2159 2771 Scri-

2258 2728 2353 2781 τοῦ
2384 2727 2618 2798 Πατρὸς,
2648 2727 2780 2781 ὅπου
2811 2724 2868 2778 δὲ
2896 2724 3070 2793 Λόγον
3099 2723 3380 2794 ὀνομάζει,
3412 2721 3627 2793 ἑτέρωθι
3651 2718 3797 2774 ἀπαύ-

573 2808 737 2871 ptura
799 2816 954 2856 sacra
997 2802 1162 2856 modo
1221 2804 1398 2858 Patris
1446 2804 1647 2858 Filium
1690 2805 1846 2860 illum
1897 2808 2154 2877 appellat,

2258 2837 2452 2891 γασμα
2506 2818 2725 2890 καλεῖή
2772 2817 2895 2871 θεία
2934 2815 3126 2887 Γραφή
3153 2832 3166 2846 ·
3209 2815 3445 2870 ἕκαστον
3483 2812 3670 2868 τούτων
3705 2809 3791 2864 τῶν

576 2906 974 2960 nonnunquam
1031 2892 1274 2947 Verbum
1324 2896 1606 2959 nominat,
1659 2895 1938 2950 interdum
1991 2897 2157 2951 etiam

2259 2911 2541 2983 ὀνομάτων
2595 2910 2724 2980 περὶ
2772 2908 2941 2962 αὐτοῦ
2985 2907 3241 2977 λέγουσα,
3292 2909 3381 2962 ἵνα
3426 2909 3551 2978 νοῇς
3594 2903 3656 2957 τὰ
3696 2903 3797 2971 περὶ

575 2982 757 3036 Patris
798 2981 1146 3051 splendorem
1193 2991 1397 3037 vocat:
1437 2983 1689 3052 quolibet
1732 2993 1917 3040 autem
1958 2986 2155 3041 horum

2259 2981 2501 3073 Χριστοῦ
2544 3000 2837 3071 λεγόμενα,
2876 2997 3231 3070 βλασφημίας
3258 2999 3440 3063 ἐκτός.
3473 2996 3680 3050 ’Λλλοτε
3706 2992 3794 3061 γὰρ

577 3072 866 3125 nominum
896 3087 964 3126 eo
996 3071 1105 3127 ﬁne
1126 3072 1307 3142 ipsum
1338 3074 1596 3143 appellat,
1628 3080 1686 3127 ut
1711 3091 1832 3144 qum
1854 3075 1922 3130 de
1939 3076 2159 3131 Christo

2262 3071 2452 3154 ἄλλαις
2484 3090 2612 3158 περὶ
2653 3088 2821 3143 αὐτοῦ
2862 3087 3260 3160 προσηγορίαις
3309 3089 3591 3159 ἐχρήσατο,
3624 3086 3795 3154 ἠρμεσ·

575 3162 861 3228 dicuntur,
897 3165 1039 3219 citra
1078 3165 1475 3234 blasphemiam
1509 3166 1802 3238 intelligas.
1833 3167 1985 3223 Alias
2013 3169 2160 3222 enim

575 3256 703 3313 aliis
735 3256 1055 3311 nominibus
1081 3256 1261 3327 ipsum
1298 3256 1568 3328 designat,
1606 3266 1665 3313 ut
1694 3259 1790 3314 Dei
1814 3261 2000 3329 gloriae
2029 3275 2165 3315 con-

573 3348 888 3404 venientem
910 3348 1218 3404 doctrinam
1242 3348 1442 3404 tradat.

647 3461 736 3515 Vl.
776 3462 1026 3532 Exempli
1063 3477 1249 3517 causa.
1285 3462 1504 3519 Naturae
1534 3464 2163 3523 consubstantialitatem

574 3560 823 3607 astruere
852 3555 1067 3618 volens,
1103 3554 1449 3624 unigenitum
1475 3570 1542 3609 ex
1564 3555 1724 3610 Patre
1746 3566 1957 3622 natum,
1981 3558 2162 3613 Patris

576 3643 776 3697 Filium
821 3645 1085 3712 appellat.
1131 3643 1269 3709 Quia
1327 3645 1478 3699 enim
1526 3658 1655 3701 tuus
1713 3646 1859 3701 ﬁlius
1910 3649 2160 3719 ejusdem

574 3741 759 3787 lc'cum
812 3733 1061 3787 nascitur
1110 3741 1344 3797 naturae,
1394 3735 1520 3789 ideo
1578 3752 1743 3791 unam
1795 3739 2161 3810 eamdemque

577 3822 760 3877 Patris
788 3830 843 3875 et
871 3821 992 3876 Filii
1016 3822 1377 3878 substantiam
1404 3817 1523 3879 ess'e
1556 3825 1840 3899 Scriptura
1872 3828 2161 3884 ostendere

574 3914 789 3978 volens,
831 3915 1174 3985 unigenitum
1226 3932 1295 3970 ex
1349 3916 1509 3972 Patre
1560 3929 1773 3985 natum,
1830 3921 2009 3975 Patris
2066 3920 2161 3976 Fi-

573 4004 710 4059 lium
762 4006 1018 4075 appellat.
1072 4006 1281 4062 Deinde
1313 4022 1469 4074 vero,
1506 4010 1767 4078 quoniam
1789 4011 2077 4081 generatio
2104 4021 2162 4068 et

577 4093 723 4149 filius
754 4096 1070 4165 passionem
1112 4114 1235 4167 quae
1266 4100 1321 4152 in
1351 4100 1711 4171 generatione
1751 4103 1968 4159 accedit
2013 4103 2161 4175 apud

573 4203 677 4243 nos
713 4187 998 4256 denotant,
1038 4190 1162 4245 ideo
1186 4191 1336 4246 hunc
1362 4192 1458 4247 Dei
1483 4193 1703 4260 Filium,
1726 4194 1969 4251 Verbum
1993 4197 2160 4252 etiam

573 4280 840 4345 nominat,
884 4279 1189 4336 nativitatis
1248 4282 1713 4352 impatibilitatem
1766 4286 1991 4343 nomine
2054 4288 2160 4345 hoc

571 4371 908 4441 exprimens.
949 4371 1088 4439 Quia
1129 4389 1262 4428 vero
1291 4374 1471 4444 quivis
1494 4384 1649 4446 pater
1678 4378 1927 4447 eﬂ‘ectus,
1960 4389 2155 4453 quale-

2269 3181 2437 3252 μὲνην
2468 3179 2594 3253 δόξῃ
2626 3178 2766 3233 Θεοῦ
2812 3178 2914 3250 τὴν
2967 3176 3325 3233 διδασκαλίαν
3371 3173 3680 3248 ποιήσασθαι
3725 3170 3796 3224 θέ-

2264 3271 2452 3325 λουσα.

2335 3462 2427 3529 ς’.
2485 3453 2611 3514 Οῒόν
2664 3459 2715 3514 τί
2754 3460 2901 3515 ἐστιν
2950 3460 2980 3513 δ
3023 3459 3188 3528 λέγω.
3224 3460 3357 3516 Υίδν
3400 3458 3551 3515 καλεῖ
3590 3454 3675 3511 τοῦ
3709 3454 3796 3508 [lac

2262 3551 2392 3624 τρδς
2424 3551 2688 3624 μονογενῆ
2726 3550 2861 3623 (42),
2903 3550 3279 3622 τδεὸμοούσιον
3305 3556 3376 3627 τῇ
3410 3552 3536 3624 δόξῃ
3558 3545 3799 3620 παραστῆ-

2265 3661 2354 3698 σαι
2385 3643 2661 3717 θελήσασα
2684 3661 2700 3676 ·
2729 3641 2919 3715 ἐπειδὴ
2948 3642 3056 3717 γὰρ
3080 3644 3110 3698 6
3141 3642 3233 3709 σὸς
3266 3646 3385 3710 υίὸς
3413 3646 3510 3716 τῆς
3538 3641 3696 3710 αὐτῆς
3737 3653 3799 3689 σοι

2266 3735 2482 3806 φύσεως
2516 3735 2829 3809 γεγένηται,
2884 3736 3206 3806 βουλόμενος
3234 3737 3264 3790 6
3295 3737 3455 3808 λόγος
3485 3737 3608 3807 μίαν
3647 3729 3798 3788 οὐσίαν

2265 3826 2437 3892 δεῖξαι
2458 3827 2672 3899 Πατρδς
2710 3827 2805 3882 καὶ
2840 3827 2992 3893 Υίοῦ,
3026 3826 3177 3901 λέγει
3206 3827 3338 3883 Υίὸν
3360 3827 3456 3883 τοῦ
3486 3824 3703 3898 Πατρὸς,
3728 3820 3797 3874 τὸν

2265 3917 2326 3984 ἐξ
2369 3917 2535 3972 αὐτοῦ
2596 3917 2929 3988 γεννηθέντα
2968 3917 3081 3988 (45)
3136 3920 3423 3991 μονογενῆ.
3474 3913 3602 3972 Εἶτα
3648 3910 3801 3977 ἐπειδῆ

2261 4009 2515 4082 γέννησις
2535 4009 2632 4063 καὶ
2654 4009 2783 4073 Υἱὸς
2802 4009 2890 4080 ἐφ’
2917 4011 3050 4082 ἡμῖν
3080 4008 3194 4081 (44)
3227 4011 3468 4082 ἔμφασιν
3493 4007 3705 4079 παρέχει
3728 4001 3800 4055 τοῦ

2263 4102 2406 4158 κατὰ
2447 4101 2547 4173 τὴν
2596 4102 2856 4173 γέννησιν
2888 4101 3116 4169 πάθους,
3163 4101 3356 4159 τοῦτον
3399 4102 3491 4157 τὸν
3515 4100 3638 4153 Υἰὸν
3669 4109 3803 4166 προσ·

2262 4193 2518 4266 αγορεύει
2559 4194 2656 4248 καὶ
2700 4194 2898 4263 Λόγον,
2937 4194 2998 4248 τὸ
3038 4192 3250 4259 ἀπαθὲς
3297 4193 3401 4266 τῆς
3423 4192 3712 4263 γεννήσεως
3743 4180 3803 4250 τῷ

2261 4286 2487 4359 ὀνόματι
2523 4285 2699 4358 τούτῳ
2747 4285 2946 4357 δηλῶν.
2986 4285 3128 4340 Ἀλλ’
3155 4286 3345 4357 ἐπειδὴ
3369 4284 3553 4355 πατήρ
3583 4295 3658 4342 τις
3684 4272 3805 4345 γενόυ

2267 4395 2449 4450 μενος,
2500 4376 2577 4442 ὡς
2629 4377 2940 4449 ἄνθρωπος,
2979 4376 3434 4448 ὁμολογουμένως
3483 4368 3804 4444 πρεσϐύτερος

573 4476 681 4515 nus
714 4462 903 4526 homo,
936 4464 1075 4518 citra
1107 4464 1274 4519 ullam
1319 4468 1752 4523 controversiam
1782 4469 1956 4525 ﬁlium
1990 4487 2153 4526 suum

2257 4467 2353 4522 τοῦ
2404 4467 2536 4522 ίδίου
2580 4464 2699 4520 υἱοῦ
2729 4465 3120 4528 ἐπιδείκνυται,
3152 4462 3502 4535 παρεχούσης
3543 4458 3638 4528 τῆς
3662 4464 3805 4524 προσ·

571 4560 732 4607 aetate
753 4555 1026 4609 antecedit
1058 4554 1204 4627 (nam
1232 4556 1409 4627 ipsum
1450 4561 1798 4629 paternitatis
1823 4563 2153 4619 vocabulum

573 4643 633 4697 id
664 4659 852 4700 secum
884 4646 1009 4710 fert,
1048 4655 1110 4702 ut
1138 4659 1293 4719 pater
1324 4659 1451 4705 ante
1485 4648 1659 4705 ﬁlium
1688 4650 1964 4707 exstitisse
1994 4653 2155 4709 intel-

571 4735 820 4808 ligatur),
862 4754 932 4793 nc
962 4739 1068 4795 hoc
1086 4741 1267 4810 ipsum
1289 4741 1489 4795 divina:
1514 4758 1732 4812 quoque
1759 4750 1970 4799 natura:
2006 4745 2153 4800 acci-

2255 4558 2488 4632 ηγορίας
2531 4558 2741 4629 αὐτῆς,
2776 4558 3125 4629 προεπινοεῖν
3172 4553 3271 4611 τοῦ
3309 4553 3432 4611 υίοῦ
3475 4553 3565 4607 τὸν
3606 4543 3805 4613 πατέρα,

2252 4650 2341 4707 ἵνα
2392 4651 2468 4722 μὴ
2501 4650 2638 4704 αὐτὸ
2673 4647 2770 4704 καὶ
2817 4650 2913 4704 ἐπὶ
2962 4648 3066 4720 τῆς
3096 4647 3249 4712 θείας
3293 4647 3510 4718 φύσεως
3542 4634 3807 4716 ὑπολῶῃς,

2252 4744 2667 4815 συνυπάρχοντα
2717 4742 2776 4797 δὲ
2827 4740 2909 4814 τῷ
2957 4741 3137 4813 Πατρλ⁸
3168 4739 3262 4794 τδν
3309 4733 3595 4807 Μονογενῆ
3638 4728 3809 4797 νοήσῃς

570 4825 718 4882 disse
748 4830 1066 4900 suspiceris,
1105 4830 1200 4885 sed
1240 4831 1423 4900 ipsum
1452 4832 1808 4905 Unigenitum
1839 4849 1963 4888 cum
1993 4834 2154 4892 Patre

2257 4832 2538 4905 διηνεκῶς,
2576 4831 2919 4903 ἀπαύγασμα
2964 4831 3124 4887 καλεῖ
3163 4829 3259 4885 τὸν
3285 4825 3563 4898 Μονογενῆ
3591 4818 3680 4876 τοῦ
3708 4816 3808 4870 Πα-

574 4935 789 4991 semper
805 4922 1073 4977 exsistere
1093 4920 1427 4986 conﬁtearis,
1456 4922 1797 4991 unigenitum
1828 4921 1925 4977 Dei
1956 4923 2154 4978 Filium

574 5010 753 5066 Patris
785 5011 1136 5081 splendorem
1157 5019 1318 5065 vocat
1346 5012 1412 5063 ⁷⁸.
1439 5011 1712 5082 Splendor
1736 5029 1972 5085 namque
1992 5030 2022 5069 c
2046 5018 2158 5072 sole

575 5098 798 5167 quidem
823 5100 1170 5168 producitur,
1196 5116 1308 5155 non
1341 5110 1524 5156 tamen
1556 5100 1880 5173 intelligitur
1912 5104 2027 5159 sole
2058 5120 2159 5175 po-

576 5190 822 5256 sterior;
854 5191 949 5246 sed
985 5207 1051 5246 ex
1083 5208 1195 5263 quo
1222 5192 1302 5247 sol
1337 5199 1442 5257 est,
1473 5209 1540 5248 ex
1580 5198 1710 5248 tunc
1741 5194 2089 5264 splendorem
2127 5212 2157 5251 a

572 5277 690 5334 sole
709 5278 1018 5350 profectum
1037 5282 1363 5353 cogitamus.
1383 5280 1728 5340 Coexsistere
1744 5283 1928 5356 itaque
1943 5300 2161 5357 semper

651 5458 696 5491 τ
727 5456 899 5512 llebr.
925 5471 965 5522 ι,
995 5458 1050 5513 3.

651 5634 765 5776 vi;
798 5635 903 5686 Τὸν
934 5637 1215 5706 μονογενῆ.

654 5704 743 5776 ,43
802 5705 929 5773 Γεγι
941 5706 1215 5776 ννημένον.

654 5704 765 5777 (43)
802 5704 1037 5777 Γεγιννη
1041 5704 1224 5777 μένον.

2259 4904 2406 4996 ‘56;-
2437 4923 2512 4979 Τδ
2539 4923 2649 4995 γὰρ
2673 4922 3018 4993 ἀπαύγασμα
3054 4922 3300 4978 τίκτεται
3329 4919 3430 4993 μὲν
3468 4916 3527 4983 ἐξ
3553 4911 3716 4985 ἡλίου,
3735 4904 3811 4996 οὑξ

2257 4992 2446 5086 δαμῶς
2475 5014 2532 5068 δὲ
2556 4992 2763 5069 νοεῖται
2782 5013 2879 5069 τοῦ
2902 4992 3056 5085 ἡλίου
3085 4992 3548 5086 μεταγενέστερον
3568 5023 3582 5036 ο
3605 4998 3711 5057 ἀλλ’
3730 4992 3808 5086 ἀφ’

2256 5081 2429 5174 οὗπερ
2462 5106 2493 5158 6
2521 5103 2696 5175 ἥλιος,
2739 5103 2808 5157 ἐκ
2846 5081 2969 5158 τότε
3007 5081 3104 5158 καί
3131 5101 3227 5157 τοῦ
3241 5081 3409 5173 γήλίου
3436 5081 3808 5175 τικτόμενονγτδ

2256 5174 2599 5264 ἀπαύγασμα
2622 5190 2871 5265 νοοῦμεν.
2898 5192 2973 5245 Τὸ
2998 5186 3092 5247 οῦν
3115 5190 3486 5260 συνυπάρχειν
3507 5184 3593 5238 ἀεὶ
3616 5177 3688 5248 τῷ
3714 5174 3806 5227 Παο

2255 5284 2349 5357 τρὶ
2375 5286 2466 5342 τὸν
2499 5284 2647 5353 Υίὸν,
2689 5286 2943 5357 μηνυέτω
2979 5301 3062 5339 σοι
3090 5284 3153 5339 τὸ
3180 5282 3556 5352 ἀπαύγασμα’
3589 5271 3646 5329 τὸ
3680 5269 3805 5324 ἀπα·

2332 5640 2444 5715 (Μ)
2486 5634 2695 5712 Ἦμῶν.
