4076 6500
392 454 530 510 {577

1311 451 1600 509 HOMIUA
1636 452 1702 507 ll.
1740 454 1813 510 IN
1850 457 1964 513 DIE
1999 459 2443 519 NATlVlTATlS
2479 460 2736 518 DOMINI.

3520 466 3661 521 £378

392 578 485 642 θὲς
525 576 626 648 τῆς
660 573 969 645 γεννήσεως
1017 571 1261 645 δηλούτω
1297 577 1326 629 ό
1352 576 1557 646 Λόγος·
1596 574 1657 629 τὸ
1686 575 1965 647 ὁμοούσιοι

2077 576 2225 631 Patri
2260 578 2479 645 Filium,
2512 580 2823 651 splendoris
2850 581 3180 638 vocabulum
3214 583 3314 638 tibi
3335 583 3652 641 denuntiet;

391 671 418 724 ὁ
444 669 574 733 Υἱὸς
606 669 943 741 γνωριζὲεω.

459 850 512 904 Z'
556 847 698 903 Ἀλλ’
750 847 1138 920 ἐπανέλθωμεν
1187 847 1282 902 ἐπὶ
1330 846 1392 900 τὸ
1445 845 1829 918 προκείμενον,
1878 846 1974 900 καὶ

383 940 483 995 τοῦ
540 942 783 1013 σήμερον
825 941 1109 1013 τεχθέντος
1136 939 1272 994 Θεοῦ
1298 939 1478 1009 Λόγου
1503 937 1840 1008 δηλώσωμεν
1873 937 1973 1009 τὴν

383 1030 713 1102 ἐμφάνειαν,
739 1032 835 1086 καὶ
876 1033 966 1087 διὰ
1007 1031 1405 1103 ὐποδείγματος
1440 1030 1823 1102 ἐπιδείξωμεν,
1856 1029 1974 1093 πῶς

379 1125 448 1176 τὸ
479 1126 546 1196 τῇ
590 1125 751 1194 φύσει
782 1125 858 1197 μὴ
889 1124 1189 1197 ὁρώμενον,
1218 1123 1495 1196 ὁρώμενον
1522 1123 1752 1193 γίνεται,
1784 1122 1880 1178 καὶ
1912 1121 1973 1176 τὸ

388 1214 467 1286 μὴ
495 1213 897 1287 ψηλαφώμενον
946 1214 1015 1268 δι’
1065 1213 1362 1286 ἀσώματον
1409 1213 1596 1284 φύσιν,
1653 1212 1971 1285 εὑρίσκεται

380 1306 808 1379 ψηλαφώμινον.
849 1308 910 1362 '0
937 1306 1094 1378 λόγος
1123 1307 1304 1361 τοίνυν
1329 1301 1506 1372 οὗτος,
1536 1306 1597 1361 ὃν
1624 1306 1973 1378 προφέρομεν

380 1401 506 1464 ταῖς
534 1399 672 1471 πρὸς
695 1399 957 1473 ἀλλήλους
995 1400 1261 1475 ὁμιλίαις,
1294 1392 1447 1472 ᾧπερ
1487 1397 1832 1471 κεχρήμεθα,
1877 1399 1969 1453 λόο

308 1478 315 1481 ⁷
381 1506 481 1560 γος
520 1491 669 1545 ἐστὶν
717 1490 1033 1563 ἀσώματος,
1084 1491 1147 1546 οὐ
1197 1493 1265 1564 τῇ
1316 1490 1438 1561 ὄψει
1482 1476 1828 1561 φαινόμενος,
1870 1490 1970 1562 οὐχ

381 1580 499 1652 ἁφῇ
528 1580 644 1653 (.55)
669 1579 1090 1653 ψηλαφώμενος·
1123 1580 1240 1636 ἀλλ’
1268 1580 1487 1636 ιπειδὰν
1512 1580 1542 1634 6
1564 1579 1724 1650 λόγος
1748 1580 1971 1653 ἐνδύση-

380 1687 476 1725 ται
501 1670 811 1745 γράμματα
836 1672 932 1726 καὶ
966 1673 1225 1744 στοιχεῖα,
1244 1671 1567 1744 φαινόμενος
1590 1670 1827 1740 γίνεται,
1847 1671 1970 1741 ὄψει

379 1760 888 1832 καταλαμϐάνεται,
926 1762 1040 1835 ἀφῇ
1080 1761 1420 1834 ψηλαφᾶται.
1459 1759 1695 1815 ’Υπόθου
1736 1760 1847 1832 γάρ
1878 1758 1970 1832 μοί

378 1869 504 1906 τινα
542 1836 917 1924 φθεγγόμενον
961 1852 1101 1925 πρός
1135 1869 1258 1908 τινα
1282 1868 1297 1884 ·
1348 1850 1425 1923 μὴ
1451 1852 1482 1906 6
1523 1849 1730 1922 προῖὼν
1769 1850 1966 1920 όρᾶται

378 1944 572 2015 λόγος;
608 1943 685 2018 μὴ
728 1947 797 2017 τῇ
861 1947 1014 2017 χειρὶ
1074 1942 1416 2018 ψηλαφῶμιν
1457 1943 1552 1999 τὸν
1600 1943 1965 2016 προχεόμενον

2069 1943 2304 2000 verbum
2331 1945 2355 1999 ἲ
2393 1945 2450 2002 Si
2477 1954 2663 2001 autem
2691 1962 2813 2017 qua:
2839 1947 3167 2003 dicebantur
3201 1947 3257 2001 in
3286 1945 3477 2000 charta
3509 1945 3653 1999 scri—
3763 1933 3783 1949 ’

380 2036 581 2106 λόγον;
615 2036 712 2091 ιὰν
743 2035 801 2090 δὲ
844 2035 882 2091 ἃ
911 2032 1086 2103 εἷπεν,
1117 2037 1174 2090 ιν
1212 2037 1386 2108 χάρτῃ
1419 2034 1660 2108 γράψῃς,
1696 2034 1726 2089 6
1771 2034 1969 2104 πρότε-

381 2145 477 2199 ρον
508 2126 609 2200 οὐχ
637 2126 836 2200 ἑώρας,
870 2127 1098 2202 ὕστερον
1125 2129 1259 2200 ὁρᾷς
1284 2143 1299 2159 ⁸
1327 2128 1422 2182 καὶ
1453 2127 1592 2200 ὅπερ
1630 2127 1733 2182 οὐκ
1760 2125 1966 2199 ἐψηλά-

380 2236 489 2289 φας
512 2219 780 2292 πρότερον
808 2215 950 2284 εῑδος
970 2218 1065 2274 τοῦ
1101 2218 1284 2289 λόγου,
1311 2216 1473 2274 τοῦτο
1510 2217 1601 2273 διὰ
1632 2216 1727 2273 τοῦ
1763 2217 1964 2289 χάρτου

376 2312 637 2384 ψηλαφᾷς
666 2312 765 2367 καὶ
794 2311 906 2367 τῶν
936 2311 1301 2384 γραμμάτων.
1327 2311 1487 2375 Τίνος
1524 2311 1742 2377 ἓνεκεν;
1785 2310 1905 2364 ’Ότι
1935 2312 1965 2365 ό

377 2402 673 2475 ἀσώματος
699 2402 858 2472 λόγος
879 2402 942 2457 τὸ
972 2402 1134 2475 σῶμα
1171 2400 1268 2458 τοῦ
1305 2403 1531 2474 χάρτου,
1565 2402 1661 2456 καὶ
1688 2400 1749 2455 τὸ
1775 2400 1963 2473 σχῆμα

375 2494 492 2550 τῶν
546 2493 828 2564 στοιχείων
885 2492 1177 2548 ὲνδέδυται.
1209 2491 1419 2546 Οὐκοῦν
1459 2491 1648 2563 ἐπειδὴ
1685 2492 1852 2560 σαφὲς
1901 2491 1963 2546 τὸ

370 2586 691 2656 ὑπόδειγμα
723 2583 939 2655 γέγονε,
967 2584 1063 2638 καὶ
1110 2582 1468 2655 ὑπεμνήσθης
1499 2582 1578 2654 τῷ
1607 2582 1965 2654 ὑποδείγματι

373 2675 457 2747 τῷ
488 2675 770 2747 γενομένῳ
799 2675 943 2730 κατὰ
971 2675 1282 2747 συνήθειαν,
1327 2675 1460 2747 φέρε
1487 2673 1754 2744 δείξωμεν
1790 2672 1910 2736 πῶς
1934 2676 1965 2730 ό

377 2764 677 2837 μονογενὴς
708 2764 836 2828 Υίὸς
862 2763 958 2818 τοῦ
985 2764 1141 2830 Θεοῦ,
1182 2765 1211 2818 6
1242 2763 1377 2827 Θεὸς
1438 2764 1636 2833 Λόγος,
1665 2764 1695 2817 6
1732 2763 1966 2837 προαιώ-

374 2872 492 2921 νιος
526 2855 702 2912 συνὼν
730 2854 809 2928 τῷ
845 2855 1026 2929 Πατρὶ
1063 2856 1199 2929 (46),
1240 2853 1535 2926 ἀσώματος
1565 2853 1643 2910 ὢν
1672 2858 1772 2927 τὴν
1800 2857 1964 2926 φύσιν

373 2948 674 3020 ἀνθρώπου
700 2947 865 3019 φύσιν
896 2949 1321 3019 οἰκειωσάμενος
1356 2947 1606 3019 ὕστερον,
1634 2949 1829 3022 ἐτέχθη
1873 2948 1965 3003 διὰ

373 3041 683 3113 Παρθένου,
741 3041 842 3095 οὐκ
879 3040 1057 3112 ἀρχὴν
1084 3039 1264 3095 λαϐὼν
1312 3038 1408 3095 τοῦ
1468 3035 1619 3095 εἷναί
1657 3040 1811 3105 Θεὸς,
1842 3040 1962 3096 ἀλλ’

369 3133 554 3204 ἀρχὴν
585 3130 765 3186 λασὼν
790 3131 886 3187 τοῦ
906 3132 1143 3202 φανῆναι
1165 3131 1469 3203 ἄνθρωπος.
1504 3132 1597 3202 Μὴ
1624 3132 1733 3205 γὰρ
1763 3133 1922 3206 ετπῃς
1945 3149 1960 3165 .

370 3222 598 3295 ,επευδὴ
635 3222 788 3321 ιιῗαρὰ
826 3222 922 3321 τοῦ
970 3223 1184 3296 Πατρὸς
1229 3222 1522 3294 γεγένηται
1559 3224 1588 3278 6
1628 3224 1963 3321 λξονογενὴς,
1988 3265 2032 3321 C

372 3314 497 3375 πῶς
526 3313 720 3386 ἐτέχθη
755 3313 920 3369 πάλιν
970 3315 1036 3369 ἐκ
1091 3315 1407 3385 Παρθένου;
1446 3315 1543 3369 Ἐκ
1599 3312 1694 3369 τοῦ
1745 3315 1962 3385 Πατρὸς

372 3406 673 3478 γεγένηται
709 3408 776 3478 τῇ
813 3404 995 3476 φύσει,
1027 3407 1094 3461 ὲκ
1125 3405 1406 3477 Παρθένου
1430 3407 1683 3476 γεννᾶται
1714 3407 1782 3460 δι’
1811 3407 1960 3460 οἰκο-

371 3496 572 3568 νομίαν
589 3514 605 3529 ·
641 3497 820 3552 ἐκεῖνο
842 3497 920 3562 ώς
945 3496 1099 3562 Θεὸς,
1125 3496 1286 3552 τοῦτο
1335 3499 1411 3562 ὡς
1446 3497 1754 3569 ἄνθρωπος.
1807 3496 1962 3552 Ἐπεὶ

374 3586 479 3645 καὶ
503 3589 534 3647 6
555 3588 648 3653 σὸς
674 3588 834 3658 λόγος
865 3587 1114 3661 γέννημά
1141 3589 1259 3643 ἐστι
1285 3589 1391 3661 τῆς
1412 3588 1512 3662 σῆς
1531 3588 1795 3653 διανοίας.
1814 3588 1959 3643 Ἀλλ’

372 3679 601 3737 ἐπειδὰν
632 3681 726 3735 τὸν
766 3680 927 3752 λόγον
954 3679 1166 3750 τοῦτον,
1210 3677 1271 3736 δν
1308 3668 1496 3735 ἔτεκεν
1524 3679 1554 3732 ὁ
1584 3681 1677 3744 σὸς
1699 3679 1847 3745 νοῦς,
1875 3680 1961 3734 ὲν-

374 3772 551 3828 θεῖναι
587 3773 824 3848 θελήσῃς
871 3774 969 3829 καὶ
1013 3773 1304 3845 στοιχείοις
1356 3774 1453 3828 καὶ
1499 3771 1815 3845 γράμμασι,
1864 3773 1960 3828 καὶ¹

374 3863 691 3921 ιντυπῶσαι
763 3864 1034 3938 βουληθῇς
1101 3864 1180 3936 τῷ
1231 3864 1408 3937 χάρτῃ
1440 3906 1456 3933 ,
1515 3865 1663 3936 χειρὶ
1725 3864 1960 3938 γράφεις

373 3955 452 4009 τὰ
504 3956 840 4029 γράμματα·
895 3957 993 4011 καὶ
1035 3953 1238 4029 τρόπον
1301 3953 1424 4008 τινὰ
1486 3954 1651 4010 πάλιν
1708 3952 1801 4009 διὰ
1859 3954 1959 4026 τῆς

374 4024 564 4120 χειρὸς
590 4024 801 4113 τ’ίκτεις
829 4047 921 4103 τὸν
946 4024 1127 4119 λόγον,
1156 4024 1221 4102 06‘
1242 4047 1366 4102 τότε
1400 4046 1635 4102 λαϐόντα
1656 4046 1757 4119 τὴν
1781 4024 1960 4119 ἀρχὴν

358 4140 478 4199 ,θεοῦ
504 4136 666 4206 εἶναι,
694 4142 786 4196 ὅτε
816 4140 906 4195 διὰ
938 4141 1121 4213 χειρὸς
1152 4142 1404 4213 ἐγράφη·
1450 4139 1573 4194 οὐδὲ
1606 4139 1727 4194 τότε
1761 4141 1959 4217 προελ-

372 4232 539 4288 θόντα
568 4234 649 4298 είς
675 4232 738 4287 τὸ
759 4228 922 4299 εἶναι,
951 4235 1042 4288 ὅτε
1074 4235 1109 4304 ὴ
1138 4234 1258 4305 χεὶρ
1289 4231 1493 4287 ὲτύπου
1528 4231 1641 4303 (47)
1671 4232 1740 4286 τὰ
1777 4232 1959 4305 γράμ-

375 4339 559 4395 ματα’
592 4323 729 4380 ἀλλὰ
757 4324 820 4377 ὲκ
852 4323 953 4395 μὲν
982 4321 1079 4376 τοῦ
1108 4322 1209 4399 νοῦ
1235 4322 1551 4392 γεγένηται,
1574 4320 1669 4375 τοῦ
1698 4320 1753 4373 δὲ
1781 4321 1957 4392 φανῆ-

371 4433 465 4471 ναι
491 4415 589 4488 τὴν
617 4415 791 4488 ἀρχὴν
816 4418 882 4470 ὲκ
913 4414 1013 4487 τῆς
1035 4413 1219 4487 χειρὸς
1259 4414 1288 4469 6
1308 4412 1466 4484 λόγος
1501 4411 1722 4480 ἐδέξατο
1746 4412 1954 4468 τυπού-

373 4524 478 4578 σης
504 4508 575 4563 τὰ
604 4508 928 4579 γράμματα·

2075 672 2446 741 generationis
2506 673 2969 743 impatibilitatem
3035 676 3278 731 Verbum
3348 677 3652 733 ostendat:

2074 761 2702 819 consubstantialitatem
2727 766 2929 820 Filium
2960 766 3224 822 insinuet.

2145 851 2256 906 Vll.
2311 852 2418 908 Sed
2467 855 2580 924 jam
2620 854 2689 909 ad
2718 855 3033 911 institutum
3062 856 3373 923 redeamus,
3399 863 3456 909 et
3485 855 3654 911 Verbi

2075 942 2341 1000 hodierna
2401 945 2504 1000 dies
2551 946 2667 1001 nati
2713 946 3210 1002 manifestationem
3272 948 3650 1011 ostendamus,

2073 1036 2433 1106 exemploque
2468 1036 2832 1103 declaremus,
2865 1053 2976 1108 quo
3014 1046 3172 1108 pacto
3199 1038 3254 1091 id
3285 1037 3432 1113 quod
3456 1046 3653 1091 natura

2073 1138 2173 1179 sua
2205 1125 2355 1180 cerni
2383 1127 2600 1196 nequit,
2639 1127 2735 1183 ﬁat
2762 1127 3023 1192 visibile;
3062 1126 3319 1197 quodque
3365 1127 3436 1181 ob
3466 1126 3653 1181 incor-

2072 1230 2298 1285 poream
2318 1225 2572 1282 naturam
2594 1218 2867 1288 palpabile
2888 1233 2998 1272 non
3017 1226 3122 1283 est,
3146 1217 3342 1272 evadat
3358 1217 3650 1287 palpabile.

2072 1307 2314 1363 Verbum
2353 1308 2521 1379 igitur
2551 1310 2656 1365 hoc
2676 1309 2825 1380 quod
2857 1309 3212 1380 proferimus,
3238 1325 3348 1379 quo
3368 1310 3426 1362 in
3447 1309 3654 1362 mutuis

2072 1399 2363 1471 colloquiis
2409 1401 2638 1468 utimur,
2688 1403 2923 1458 verbum
2976 1411 3062 1459 est
3111 1403 3515 1471 incorporeum,
3550 1415 3655 1456 nec

2071 1490 2215 1556 visu,
2249 1507 2355 1548 nec
2377 1500 2524 1548 tactu
2551 1494 2765 1565 percipi
2800 1505 3014 1550 natum.
3049 1494 3121 1551 At
3171 1495 3264 1549 ubi
3289 1495 3522 1549 verbum
3548 1495 3654 1548 hoc

2070 1581 2286 1638 litteras
2307 1582 2490 1638 induit
2506 1592 2559 1639 et
2581 1584 2877 1651 elementa,
2898 1601 3027 1641 mox
3046 1585 3264 1640 visibile
3285 1584 3514 1649 factum,
3544 1592 3652 1638 tam

2071 1670 2193 1725 visu
2211 1671 2487 1739 hauritur,
2504 1688 2668 1743 quam
2689 1682 2843 1730 tactu
2861 1674 3315 1746 deprehenditur.
3339 1674 3486 1728 Pone
3507 1673 3654 1727 enim

2072 1762 2387 1833 quempiam
2435 1778 2561 1819 cum
2603 1764 2712 1820 alio
2763 1765 3127 1837 loquentem;
3166 1780 3301 1819 num
3346 1763 3656 1834 procedens

2071 1853 2291 1909 videtur
2326 1854 2606 1911 verbum?
2646 1871 2781 1911 num
2826 1872 2995 1911 manu
3043 1864 3342 1912 tractamus
3378 1854 3654 1925 prolatum

2067 2035 2271 2103 pseris,
2310 2037 2460 2107 quod
2506 2038 2662 2107 prius
2709 2053 2823 2093 non
2861 2037 3109 2102 videbas,
3144 2045 3334 2108 postea
3368 2036 3566 2101 vides;
3596 2043 3654 2090 et

2066 2139 2235 2195 quam
2267 2126 2542 2182 sermonis
2568 2126 2800 2182 formam
2839 2136 3001 2184 antea
3034 2137 3378 2184 contrectare
3410 2143 3521 2182 non
3547 2143 3650 2197 po—

2066 2222 2236 2283 teras,
2264 2233 2386 2273 eam
2429 2233 2529 2289 per
2556 2220 2801 2276 chartam
2840 2228 2896 2276 et
2923 2220 3271 2275 characteres
3295 2221 3405 2291 jam
3434 2230 3652 2275 contm-

2065 2308 2267 2364 ctabis.
2301 2308 2445 2375 Quid
2479 2310 2599 2365 ita?
2628 2310 2767 2379 Quia
2788 2311 3019 2367 verbum
3050 2319 3213 2366 antea
3237 2311 3646 2381 incorporeum,

2064 2412 2266 2470 corpus
2289 2400 2494 2457 charta:
2521 2402 3034 2474 elementorumque
3056 2402 3256 2473 ﬁguras
3287 2401 3488 2456 induit.
3510 2400 3650 2457 Cum

2064 2505 2195 2562 ergo
2218 2492 2531 2562 exemplum
2547 2493 2661 2564 jam
2690 2494 2993 2549 adductum
3020 2493 3325 2548 dilucidum
3349 2493 3440 2557 sit,
3469 2508 3647 2562 coque

2063 2580 2315 2650 exemplo
2344 2582 2478 2637 satis
2518 2582 2721 2638 usitato
2743 2583 2818 2638 sis
2842 2583 3201 2649 admonitus,
3231 2598 3350 2654 age,
3385 2583 3647 2637 ostenda—

2064 2688 2188 2729 mus
2218 2690 2330 2745 quo
2358 2684 2519 2746 pacto
2542 2677 2860 2748 unigenitus
2883 2678 2982 2734 Dei
3010 2660 3204 2743 Filius,
3230 2678 3374 2731 Deus
3403 2676 3647 2732 Verbum

2064 2762 2407 2835 incorporea:
2432 2774 2646 2823 natura:
2686 2768 2917 2838 perinde
2963 2782 3028 2823 ac
3077 2767 3257 2833 Pater,
3290 2774 3417 2821 ante
3462 2766 3646 2820 omnia

2063 2856 2263 2912 saecula
2297 2858 2626 2915 naturaliter
2675 2860 2972 2925 exsistens,
3013 2859 3252 2913 humana
3302 2868 3499 2913 natura
3539 2857 3646 2912 sibi

2062 2955 2254 3016 postea
2286 2949 2480 3017 ascita,
2512 2967 2611 3021 per
2647 2952 2928 3023 Virginem
2956 2961 3112 3008 ortus
3146 2953 3240 3017 sit,
3272 2968 3385 3006 non
3414 2960 3477 3006 ut
3500 2953 3649 3006 Deus

2062 3047 2240 3106 esset,
2300 3041 2398 3096 sed
2456 3048 2519 3097 ut
2566 3043 2732 3098 homo
2771 3053 3081 3115 appareret,
3125 3044 3343 3099 initium
3400 3060 3643 3099 sumens.

2061 3130 2253 3201 Neque
2281 3132 2429 3187 enim
2474 3135 2612 3189 mihi
2643 3134 2796 3191 dicas
2823 3154 2835 3190 :
2871 3135 3010 3192 Cum
3041 3136 3368 3208 Unigenitus
3390 3146 3553 3191 natus
3577 3135 3649 3190 sit

2062 3236 2130 3276 ex
2162 3222 2342 3289 Patre,
2382 3225 2660 3294 quomodo
2686 3241 2882 3282 rursus
2917 3228 3163 3282 nascitur
3188 3242 3259 3282 ex
3279 3227 3546 3298 Virgine?
3568 3227 3646 3282 Ex

2064 3311 2226 3367 Patre
2265 3321 2430 3369 natus
2467 3324 2553 3370 est
2583 3316 2891 3372 secundum
2930 3318 3236 3373 divinitatis
3262 3327 3553 3385 naturam;
3578 3333 3648 3373 ex

2062 3402 2285 3475 Virgine
2321 3406 2571 3460 nascitur
2610 3414 2838 3477 prOpter
2874 3407 3342 3478 dispensationem
3373 3427 3387 3464 :
3422 3410 3553 3463 hinc
3585 3417 3648 3464 ut

2061 3493 2209 3549 Deus
2256 3503 2362 3563 est,
2412 3495 2545 3552 hinc
2582 3498 2830 3552 nascitur
2868 3506 2930 3553 ut
2977 3499 3163 3554 homo.
3217 3498 3354 3554 Nam
3393 3508 3451 3554 et
3486 3508 3643 3553 tuum

2062 3598 2283 3657 quoque
2310 3587 2564 3655 verbum,
2605 3589 2857 3660 quaedam
2899 3590 3103 3646 mentis
3148 3598 3257 3647 tua:
3299 3592 3484 3662 proles
3531 3601 3638 3648 est.

2060 3676 2132 3731 At
2173 3684 2531 3749 posteaquam
2566 3680 2799 3736 verbum
2822 3681 2970 3738 istud
2993 3681 3142 3752 quod
3173 3697 3329 3737 mens
3358 3691 3452 3737 tua
3472 3698 3641 3753 pepe—

2061 3769 2156 3837 rit,
2189 3770 2481 3827 elementis
2522 3779 2580 3827 et
2608 3772 2807 3828 litteris
2849 3773 3095 3829 volueris
3138 3773 3446 3843 exprimere
3494 3781 3553 3828 et
3586 3774 3643 3828 in

2061 3859 2251 3915 charta
2302 3861 2619 3930 etl‘ormare,
2654 3879 2821 3919 manu
2870 3864 3085 3921 litteras
3109 3864 3401 3931 describis,
3433 3873 3488 3921 et
3516 3882 3644 3920 ver-

2060 3950 2195 4007 bum
2229 3961 2384 4008 tuum
2420 3954 2824 4024 quodammodo
2858 3970 2957 4026 per
2980 3971 3202 4010 manum
3229 3956 3413 4011 denuo
3454 3956 3642 4027 paris:

2060 4059 2175 4101 non
2221 4045 2370 4116 quod
2418 4054 2535 4100 tum
2587 4046 2676 4103 sui
2722 4062 2845 4103 esse
2890 4046 3110 4101 initium
3158 4057 3358 4109 sumat,
3392 4064 3517 4102 cum
3546 4064 3646 4117 per

2060 4151 2284 4191 manum
2319 4136 2624 4203 scribitur;
2674 4146 2771 4193 aut
2813 4138 2960 4208 quod
3000 4144 3114 4193 tum
3139 4137 3384 4201 demum,
3420 4137 3641 4208 quando

2059 4244 2257 4285 manus
2279 4227 2494 4284 litteras
2518 4226 2744 4299 etlingit,
2769 4227 3036 4284 exsistere
3076 4228 3305 4299 incipiat
3333 4229 3463 4299 (jam
3492 4228 3643 4282 enim

2058 4326 2187 4373 ante
2215 4333 2284 4373 ex
2308 4326 2493 4374 mente
2532 4324 2723 4391 natum
2752 4316 2918 4386 erat),
2944 4317 3042 4373 sed
3065 4318 3215 4388 quod
3251 4326 3382 4374 tunc
3406 4319 3642 4373 verbum

2056 4423 2157 4479 per
2181 4424 2407 4465 manum
2436 4408 2670 4480 (litteras
2718 4407 3059 4480 ﬁngentem),
3107 4408 3352 4475 initium,
3388 4420 3444 4465 ut
3488 4410 3643 4466 cerni

2055 4509 2243 4572 queat,
2260 4502 2517 4573 accipiat.

447 4600 531 4656 ll'.
574 4599 732 4653 Ἐπεὶ
765 4593 860 4654 οὖν
901 4597 964 4653 τὸ
1010 4596 1316 4668 ὑπόδειγμα
1370 4595 1563 4667 σαφὲς,
1595 4596 1690 4653 καὶ
1721 4599 1755 4669 ἡ
1789 4596 1956 4652 είκὼν

2129 4592 2268 4648 Vlll.
2302 4592 2440 4648 Cum
2475 4606 2608 4662 ergo
2629 4589 2943 4661 exemplum
2992 4589 3100 4647 hoc
3140 4591 3369 4648 evidens
3417 4591 3645 4649 exsistat

371 4691 784 4764 γνωριμωτάτη
812 4690 1130 4762 γεγένηται,
1161 4689 1295 4762 φέρε
1334 4688 1414 4761 τῷ
1461 4689 1820 4762 πρωτοτύπῳ,
1846 4689 1962 4762 (48)

373 4781 784 4854 ὲφαρμόσωμεν
822 4780 922 4852 τὴν
967 4779 1187 4835 είκόνα’
1216 4772 1319 4833 ὧδε
1352 4778 1499 4843 νοῦν,
1534 4779 1653 4832 ἐκεῖ
1691 4780 1803 4835 νόει
1847 4780 1965 4835 Πα-

374 4871 544 4943 τέραο
573 4863 678 4926 ὦδε
711 4869 871 4940 λόγον
913 4869 981 4924 ὲκ
1023 4868 1123 4923 τοῦ
1154 4864 1250 4923 νοῦ
1289 4866 1582 4938 γινώσκεις
1619 4868 1960 4939 τικτόμενον,

377 4963 497 5016 ἐκεῖ
535 4961 711 5031 Λόγον
759 4958 991 5033 οὐσιώδη
1026 4960 1124 5015 κα)⁵
1167 4960 1536 5014 ὲνυπόστατον
1596 4959 1730 5025 νόει,
1762 4961 1828 5014 ὲκ
1863 4960 1960 5016 τοῦ

378 5053 594 5125 Πατρὸς
626 5051 1023 5125 γεγεννημένον
1041 5068 1056 5082 ·
1089 5043 1195 5107 ὧδε
1226 5053 1390 5124 χεῖρα
1419 5050 1638 5121 βλέπεις
1666 5049 1757 5105 διὰ
1787 5068 1965 5124 γραμ-

383 5143 571 5211 μάτων
592 5144 882 5198 τίκτουσαν
914 5142 1097 5213 λόγον,
1131 5144 1250 5196 ἐκεῖ
1289 5141 1401 5196 νόει
1441 5141 1720 5211 Παρθένον
1747 5142 1838 5197 διὰ
1868 5142 1962 5196 τοῦ

382 5230 634 5304 σώματος
659 5234 751 5291 τὸν
778 5234 952 5305 Λόγον
974 5234 1254 5289 όδίνουσαν
1286 5230 1427 5302 ὀὐχὶ
1456 5230 1555 5303 τὴν
1573 5231 1750 5302 ἀρχὴν
1775 5231 1963 5304 θεότη-

379 5341 472 5389 τος
500 5325 614 5398 (49)
649 5324 846 5382 δοῦσαν
868 5326 958 5382 διὰ
989 5324 1085 5381 τοῦ
1112 5324 1275 5379 τόκου
1293 5341 1309 5356 ο
1351 5323 1425 5396 μὴ
1454 5322 1666 5392 γένοιτο
1684 5339 1699 5353 ο
1727 5323 1866 5379 ἀλλὰ
1898 5324 1961 5380 τὸ

380 5416 616 5487 φανῆναι
638 5416 773 5472 Θεὸν
788 5415 1100 5489 ἀνθρώποις
1123 5415 1417 5486 γενόμενον
1437 5412 1747 5484 ἄνθρωπον.
1784 5413 1957 5470 Ἐπει-

380 5505 447 5575 δὴ
476 5505 588 5578 γὰρ
610 5506 829 5576 ἐγένετο
863 5508 1002 5578 ὅπερ
1035 5503 1167 5575 ἐγὼ,
1199 5502 1514 5573 ἀναγκαίως
1553 5502 1750 5573 ἐτέχθη
1786 5504 1957 5561 καθά-

383 5615 487 5668 περ
520 5599 677 5671 κάγὼ
706 5600 841 5665 (50),
873 5598 1010 5670 μετὰ
1038 5598 1138 5664 τῆς
1162 5595 1303 5669 ἐμῆς
1331 5593 1545 5667 φύσεως
1574 5595 1669 5649 κα)⁵
1705 5593 1797 5650 τὸν
1825 5597 1957 5668 ἐμὸν

454 5734 563 5808 (45)
602 5737 676 5790 Οὐ
705 5737 909 5808 τῇηόιφῇ
920 5778 934 5792 .

457 5799 572 5948 ἓίϐ)
597 5808 702 5860 Σὺν
840 5799 1037 5879 Πατρί.

481 5877 568 5948 47)
595 5875 904 5930 Ἐνετύπου.

481 5875 568 5949 47)
595 5875 904 5930 amomo.

2060 4683 2522 4753 notissimamque
2553 4682 2849 4755 imaginem
2909 4683 3127 4751 reddat,
3163 4700 3283 4757 age,
3312 4685 3638 4739 similitudi-

2062 4790 2192 4831 nem
2239 4775 2386 4832 hanc
2427 4775 2533 4846 ipsi
2586 4783 2878 4848 prototypo
2929 4775 3275 4847 adaptemus.
3325 4777 3428 4835 llic
3458 4777 3642 4847 itaque

2060 4866 2249 4923 cernis
2267 4875 2536 4932 mentem,
2565 4867 2645 4923 ibi
2676 4867 2970 4924 considera
3003 4869 3253 4935 Patrem;
3293 4869 3385 4924 hic
3412 4869 3642 4925 verbum

2059 4974 2129 5015 ex
2156 4965 2344 5015 mente
2378 4959 2711 5030 productum
2734 4960 3010 5032 agnoscis,
3042 4960 3120 5015 ibi
3150 4961 3392 5016 Verbum
3450 4974 3643 5013 essen-

2063 5050 2193 5106 tiale
2222 5050 2642 5122 subsistensque
2688 5067 2758 5107 ex
2793 5052 2957 5109 Patre
2996 5060 3190 5106 natum
3227 5049 3636 5118 contemplare;

2060 5140 2155 5197 hic
2178 5157 2403 5198 manum
2425 5158 2526 5213 per
2551 5144 2769 5200 litteras
2807 5144 3042 5200 verbum
3079 5140 3387 5211 parientem
3422 5141 3641 5210 conspi-

2060 5233 2225 5298 caris,
2277 5233 2355 5288 ibi
2396 5234 2642 5305 intellige
2675 5233 2956 5304 Virginem
3009 5246 3108 5301 per
3146 5245 3346 5300 corpus
3394 5230 3638 5285 Verbum

2058 5332 2416 5396 generantem
2442 5367 2457 5392 ,
2485 5340 2598 5380 non
2626 5323 2775 5394 quod
2796 5339 2865 5378 ex
2887 5337 2988 5378 suo
3015 5329 3176 5391 partu
3213 5321 3490 5378 divinitati
3525 5322 3636 5377 ini—

2060 5415 2200 5471 tium
2223 5414 2480 5481 dederit;
2506 5415 2649 5470 absit
2671 5416 2685 5469 ι
2718 5412 2814 5470 sed
2840 5412 2987 5483 quod
3013 5413 3185 5467 Deum
3218 5414 3640 5470 inhumauatum

2060 5507 2320 5562 humanis
2372 5506 2691 5575 aspectibus
2730 5504 3092 5574 conspicuum
3129 5504 3458 5560 reddiderit.
3502 5503 3642 5572 Quia

2062 5597 2211 5652 enim
2236 5597 2293 5652 id
2322 5596 2499 5653 factus
2530 5604 2615 5653 est
2645 5595 2795 5666 quod
2820 5610 2942 5667 ego,
2995 5597 3309 5652 necessario
3349 5604 3513 5652 natus
3555 5602 3643 5653 est

2156 5730 2225 5784 68
2285 5725 2492 5799 Πρώτῳ
2514 5730 2692 5787 τύπω.

2156 5729 2246 5938 ινξ
2279 5798 2528 5869 Θεότητι.
2643 5786 2654 5804 ’

2156 5868 2224 5924 50
2285 5868 2425 5937 Ἐγὼ

2156 5731 2225 5784 48
2285 5731 2528 5799 Πρώτῳπ

2155 5799 2224 5853 49
2279 5798 2528 5869 Θεότητι.

2128 5731 2246 5941 ἔδοξ
2285 5868 2425 5937 Ἐγὼ

2154 5868 2245 5937 50)
2285 5868 2425 5937 Ἐγὼ
