4076 6456
512 457 653 514 1579
1622 448 1970 505 ΤΠΕΟΒΟΤΙ
2008 448 2319 505 EPISCOPI
2351 445 2700 505 ANCYRANI
3642 447 3792 505 1380

507 571 651 626 sicut
673 584 795 640 ego,
819 576 879 623 ut
904 582 1029 624 cum
1060 582 1183 624 mea
1202 577 1399 623 natura
1424 566 1835 638 generationem
1870 579 2089 634 quoque

2191 564 2351 617 τόκον
2398 561 2712 630 ἀναγκαίως
2762 560 3105 632 αἱρούμενος.
3137 560 3236 614 Διά
3261 559 3420 615 τοῦτο
3454 561 3551 615 καὶ
3589 561 3791 633 γέννη·

506 677 687 719 meam
742 670 1151 731 consequenter
1197 659 1535 714 admitteret.
1595 655 1967 724 Quamobrem
2036 662 2094 709 et

2190 674 2275 710 σιν
2315 654 2636 727 ᾠκειώσατο
2670 652 2803 716 Θεὸς
2849 653 3058 721 Λόγος·
3096 653 3191 705 καὶ
3239 650 3455 723 μητέρα
3491 652 3790 722 ἠσπάσατο

505 752 920 827 generationem
947 752 1053 806 sibi
1077 752 1223 806 Deus
1254 750 1497 806 Verbum
1520 747 1737 814 ascivit,
1768 755 1825 803 et
1859 754 2093 800 matrem

2195 748 2295 819 τὴν
2324 746 2620 817 Παρθένον·
2653 745 2747 799 καὶ
2770 744 2859 798 διά
2892 745 3110 827 μήτρας
3134 739 3266 814 ἦλθε
3286 746 3690 817 κοσμουμένης
3713 751 3785 820 τῇ

505 846 716 918 eligens
764 844 1046 916 Virginem
1099 844 1370 915 processit
1398 858 1497 913 per
1519 847 1742 895 uterum
1771 839 2091 909 virginitate

2201 836 2494 909 παρθενίᾳ.
2531 835 2697 890 Οὐδὲν
2738 826 2966 906 γάρ,ὧν
3009 833 3268 898 ἔπλασεν,
3311 835 3340 886 ὁ
3384 832 3520 898 Θεὸς
3550 835 3786 905 βδελύσ-

504 939 848 993 decoratum.
880 937 1031 992 Nihil
1068 937 1217 990 enim
1240 936 1388 990 Deus
1418 933 1581 989 exiis
1614 938 1921 995 aversatur,
1970 944 2094 1000 quae

2194 945 2381 983 σεται·
2430 930 2734 1001 ἐπειδήπερ
2769 928 2926 982 οὐδὲν
2963 926 3183 994 ἀνάξιον
3219 926 3386 981 αὐτοῦ
3430 926 3540 982 τῶν
3598 928 3790 997 ἔργων

503 1030 800 1086 formavit:
832 1028 1286 1100 quandoquidem
1319 1027 1456 1082 nihil
1486 1026 1672 1096 operis
1695 1026 1764 1081 ab
1789 1041 1857 1080 eo
1876 1023 2083 1077 factum

2194 1021 2433 1090 ἐγένετο.
2466 1020 2656 1074 Πάντα
2687 1018 2851 1084 καλά,
2884 1019 2979 1072 καὶ
3002 1017 3142 1073 καλά
3161 1018 3303 1084 λίαν,
3328 1020 3424 1072 ἐάν
3442 1018 3621 1073 ταῦτα
3654 1020 3792 1073 ἴδω-

501 1129 608 1186 est,
635 1119 783 1191 quod
812 1120 933 1190 ipso
954 1127 1245 1174 censeatur
1273 1118 1580 1189 indignum.
1620 1115 1814 1171 Omnia
1847 1126 2084 1183 namque

2195 1128 2297 1182 μεν
2339 1111 2417 1175 ὡς
2471 1111 2500 1165 ὁ
2543 1109 2799 1180 Πλάστης
2842 1104 2950 1163 εἶδε
2997 1107 3360 1178 γεγενημένα.
3412 1102 3577 1161 «Εἱδε
3617 1109 3737 1179 γὰρ
3762 1109 3793 1159 ὁ

501 1211 670 1277 bona,
704 1220 758 1266 et
790 1210 1014 1281 quidem
1069 1211 1231 1266 valde
1258 1211 1422 1274 bona,
1461 1209 1506 1264 si
1536 1224 1601 1264 ea
1643 1208 1980 1270 intueamur,
2024 1213 2087 1260 ut

2194 1203 2329 1267 Θεὸς
2384 1203 2451 1256 τά
2501 1202 2683 1256 πάντα
2720 1202 2824 1255 ὅσα
2860 1201 3107 1268 εποίησε,
3136 1201 3231 1253 καὶ¹
3265 1200 3377 1253 ίδοὺ
3412 1199 3557 1254 καλὰ
3583 1200 3735 1254 λίαν.
3763 1219 3783 1252 ι

502 1303 760 1358 conditor
811 1304 924 1374 jam
955 1302 1098 1358 facta
1145 1302 1379 1357 intuitus
1410 1309 1517 1357 est.
1550 1321 1568 1353 ‹
1597 1299 1911 1356 Viditenim
1941 1298 2089 1353 Deus

2202 1293 2465 1348 Ἀπαθὲσι
2506 1293 2677 1363 βλέπε
2703 1293 2882 1346 πάντα
2925 1293 3039 1356 τοῖς
3081 1291 3401 1362 ὀφθαλμοῖς,
3450 1292 3547 1345 καὶ
3579 1293 3634 1344 εί
3656 1290 3736 1355 ὠς
3759 1294 3790 1344 ὁ

500 1394 688 1449 omnia
714 1410 836 1464 quae
862 1393 1088 1459 fecerat,
1120 1402 1175 1449 et
1198 1410 1327 1449 ecce
1362 1393 1505 1447 bona
1532 1392 1691 1447 valde
1726 1392 1794 1444 π.
1830 1409 1848 1442 ι
1890 1388 2087 1445 Omnia

2223 1387 2321 1451 urbe
2371 1386 2512 1440 αὐτά
2546 1386 2789 1457 βλέπεις,
2816 1385 2945 1439 λίαν
2968 1386 3136 1441 καλὰ.
3180 1384 3454 1455 Ἐξόρισον
3483 1383 3547 1437 τὸ
3576 1382 3784 1447 πάθος,
3823 1458 3833 1466 _

502 1482 737 1552 proinde
759 1498 881 1553 quae
925 1482 1146 1552 aspicis,
1173 1483 1335 1536 oculo
1366 1497 1395 1536 a
1419 1479 1942 1552 perturbationibus
1978 1478 2086 1533 im-

2184 1479 2278 1532 καὶ
2310 1478 2605 1547 γνωρίσεις
2644 1477 2747 1548 τὴν
2781 1475 3064 1545 εὐγένειαν
3101 1476 3201 1530 τοῦ
3231 1476 3528 1546 γενομένου
3547 1491 3560 1505 ·
3584 1476 3643 1529 τί
3685 1470 3787 1529 οὖν

499 1576 656 1630 muni
679 1576 900 1646 aspice;
937 1583 993 1630 et
1017 1575 1061 1631 si
1085 1584 1145 1630 ut
1172 1575 1289 1645 ipse
1323 1575 1470 1630 Deus
1500 1589 1566 1630 ea
1608 1573 1845 1637 videbis,
1897 1570 2086 1626 omnia

2184 1568 2519 1639 θαυμαστὸν,
2538 1568 2587 1621 εί
2610 1568 2670 1622 ἐν
2703 1567 3009 1639 ἰδίῳ-ἔργῳ·
3032 1568 3129 1621 καὶ
3171 1567 3312 1639 οἴκῳ
3346 1566 3786 1637 κατεσκήνωσεν

499 1683 623 1722 esse
646 1667 805 1722 valde
829 1648 1061 1738 pulchra
1091 1666 1496 1735 deprehendes.
1529 1666 1719 1739 Abjice
1747 1664 2083 1736 passionem,
2182 1662 2211 1714 ὁ
2244 1660 2415 1727 Θεός;

499 1762 556 1809 et
586 1770 856 1809 summam
910 1753 965 1807 in
998 1753 1094 1807 Dei
1127 1768 1295 1823 opere
1339 1753 1686 1808 nobilitatem
1742 1751 2069 1821 comperies.
2108 1749 2253 1816 Quid
2289 1765 2421 1817 ergo
2478 1748 2878 1815 mirumest,si
2926 1749 3074 1804 Deus
3118 1747 3185 1803 in
3233 1747 3464 1818 proprie
3493 1761 3667 1817 opere
3721 1755 3786 1800 et

500 1844 664 1898 domo
684 1844 935 1898 habitare
959 1843 1240 1899 voluerit?
3182 1877 3187 1882 -

569 1934 662 1989 IX.
706 1934 813 1989 Sed
866 1935 1024 2001 dicis,
1083 1935 1349 1990 decenter
1395 1934 1549 1989 illum
1579 1933 1801 2004 quidem
1828 1933 1883 1988 in
1926 1933 2081 1988 cazlis
2113 1939 2153 1994 Β

2253 1927 2330 1982 Θί.
2365 1928 2438 1981 Σὺ
2485 1926 2543 1981 δὲ
2592 1926 2794 1995 λέγεις,
2830 1925 2997 1993 ἀξίως
3030 1927 3135 1997 μὲν
3177 1925 3344 1981 αὑτὸν
3391 1928 3452 1979 ὲν
3504 1930 3777 2001 οὐρανοῖς

498 2023 788 2078 habitare:
826 2023 924 2079 sed
951 2024 1231 2078 hominem
1272 2024 1551 2095 indignam
1613 2024 1733 2093 ipso
1776 2024 2079 2079 habitatio-

2176 2019 2458 2073 κατοικεῖν
2481 2034 2495 2049 ⁸
2526 2017 2755 2083 ἀναξίαν
2793 2016 2853 2070 δδ
2908 2016 3081 2087 μονὴν
3119 2016 3288 2071 αὐτοῦ
3339 2017 3437 2072 τὸν
3477 2019 3779 2091 ἄνθρωπον

498 2131 623 2189 nem
647 2123 829 2185 putas,
853 2132 964 2170 non
994 2116 1228 2171 veritate
1251 2117 1551 2182 rationum,
1577 2116 1673 2171 sed
1699 2117 1955 2187 passione
1982 2133 2080 2171 an-

2179 2112 2303 2173 οῐει,
2333 2110 2538 2181 κρίνων
2558 2110 2629 2163 τὰ
2651 2110 2958 2180 πράγματα
2980 2108 3045 2161 οὐ
3070 2111 3135 2180 τῇ
3171 2109 3404 2181 ἀληθείᾳ
3425 2109 3545 2164 τῶν
3569 2112 3775 2180 λόγων,

499 2206 835 2277 ticipataque
889 2207 1149 2277 opinione
1199 2207 1282 2261 rei
1336 2215 1591 2262 naturam
1644 2207 1921 2278 judicans.
1955 2207 2075 2270 Dic,

2180 2203 2319 2258 ἀλλὰ
2339 2203 2419 2273 τῷ
2443 2201 2610 2258 πάθει
2641 2204 2733 2256 καὶ
2754 2205 2822 2274 τῇ
2850 2201 3143 2274 προλήψει.
3172 2202 3239 2256 Τί
3264 2202 3375 2273 γάρ
3402 2201 3772 2275 ὑψηλότερον,

498 2312 704 2367 quaeso,
737 2296 869 2366 quid
907 2296 1223 2364 sublimius,
1278 2298 1572 2365 coelunme,
1626 2312 1698 2352 an
1724 2297 1930 2352 homo?
1957 2297 2078 2352 Non

2178 2295 2301 2348 εἰπέ
2332 2312 2442 2365 μοι,
2467 2294 2717 2366 οὐρανὸς,
2751 2294 2787 2366 ἢ
2818 2293 3141 2365 άνθρωπος;
3170 2293 3263 2365 Μὴ
3296 2294 3408 2365 γάρ
3439 2310 3529 2367 μοι
3559 2299 3632 2367 τῇ
3660 2297 3776 2350 τῶν

499 2386 633 2440 mihi
656 2388 767 2458 jam
791 2387 1194 2442 elementorum
1223 2387 1578 2458 splendorem
1632 2388 1920 2455 attendas;
1965 2402 2078 2443 non

2179 2387 2456 2457 στοιχείων
2478 2386 2724 2458 πρόσχῃς
2741 2385 3110 2458 λαμπρότητι,
3132 2385 3265 2457 μηδὲ
3282 2385 3370 2440 διὰ
3390 2386 3491 2457 τὴν
3508 2386 3775 2459 εὔχροιαν

498 2485 724 2547 propter
749 2477 954 2531 coloris
976 2476 1306 2548 elegantiam
1331 2493 1521 2532 rerum
1535 2486 1763 2533 naturas
1783 2478 2074 2548 praeferas;

2179 2480 2481 2552 προκρίνῃς
2521 2481 2622 2552 τὴν
2663 2480 2847 2549 φύσιν,
2875 2479 3011 2550 μηδὲ
3047 2480 3147 2550 τήν
3174 2477 3500 2548 ὲκπηδῶσαν
3538 2495 3774 2549 μαρμα-

497 2584 606 2623 non
632 2570 978 2624 coruscantis
1018 2566 1167 2625 solis‘
1202 2569 1386 2625 radios
1427 2569 1827 2639 obstupescas;
1881 2584 1992 2624 non
2022 2579 2077 2625 te

2182 2572 2353 2642 ρυγὴν
2403 2570 2499 2623 τοῦ
2529 2570 2684 2640 ἡλίου
2714 2562 3096 2638 καταπλαγῇς,
3122 2567 3276 2637 μηῶ,
3319 2564 3402 2619 ὅτι
3439 2568 3552 2633 ἐγὼ
3585 2566 3776 2636 δέρμα

495 2668 733 2726 moveat,
786 2661 934 2731 quod
970 2674 1094 2733 ego,
1120 2663 1275 2733 juxta
1339 2661 1590 2716 divinum
1612 2661 1714 2717 Job
1738 2662 1805 2727 '",
1830 2661 1975 2732 pelle
2021 2668 2078 2716 et

2176 2680 2237 2717 τε
2273 2663 2368 2716 καὶ
2414 2661 2585 2733 κρέας
2622 2661 2910 2733 ὲνδέδυμαι
2952 2660 3097 2714 κατά
3141 2658 3235 2712 τὸν
3260 2657 3409 2712 θεῖον
3440 2656 3595 2710 ἰὡ6’
3629 2658 3775 2712 ἀλλά

494 2766 663 2806 carne
694 2751 922 2807 indutus
940 2766 1065 2806 sum
1108 2770 1122 2806 :
1149 2753 1246 2809 sed
1273 2752 1561 2808 rationalis
1590 2753 1785 2807 anima:
1808 2753 2079 2808 excellen-

2175 2754 2405 2823 λογικῆς
2432 2753 2611 2825 ψυχῆς
2644 2755 2744 2825 τὴν
2796 2753 3077 2823 εὐγένειαν
3120 2752 3420 2823 σκὸπησον,
3456 2751 3623 2823 βλέπε
3664 2752 3776 2823 τὴν

499 2842 631 2896 tiam
655 2842 965 2909 considera,
995 2844 1237 2899 hominis
1266 2843 1718 2899 constitutionem
1767 2852 2030 2899 contuere
2057 2860 2074 2910 ;

2176 2846 2465 2916 ἀνθρώπου
2498 2845 2866 2916 κατασκευὴν,
2894 2844 2991 2898 καὶ
3029 2843 3313 2914 θαύμασον
3334 2843 3398 2897 τδ
3425 2841 3583 2907 ζῶον.
3617 2843 3774 2899 Νοῦν

498 2930 575 2985 ita
597 2930 703 2985 hoc
726 2931 930 2985 animal
955 2932 1323 2988 admirabere.
1352 2933 1591 2987 Mentem
1622 2934 1806 2997 habet,
1831 2949 1938 3003 qua
1969 2948 2075 2987 cae-

2176 2936 2291 3009 ἐχει
2316 2937 2539 2990 πάντων
2557 2936 2717 3002 ζώων
2745 2918 2971 3009 κρατεῖν
2994 2952 3053 2990 τε
3068 2936 3170 2990 καὶ
3199 2936 3393 3007 ἄρχειν
3413 2935 3726 3005 δυνάμενον
3753 2952 3770 2966 ο

496 3021 630 3076 teris
688 3022 946 3077 omnibus
979 3023 1354 3080 animantibus
1400 3026 1672 3081 dominari
1711 3040 1775 3079 ac
1807 3024 2076 3094 imperare

2175 3030 2369 3100 χεῖρας
2421 3027 2615 3081 ἔλασεν
2676 3027 3127 3099 ὕπηρετουμένας
3167 3026 3263 3080 τοῦ
3310 3026 3405 3081 νοῦ
3457 3030 3525 3098 τῇ
3571 3027 3772 3096 cepis},

495 3121 715 3184 potest:
740 3128 937 3168 manus
965 3115 1196 3169 sortitus
1230 3126 1316 3170 est
1353 3117 1556 3172 mentis
1585 3115 1957 3188 intelligentiae
1981 3115 2077 3169 ad-

2175 3121 2383 3191 ὗργανα
2420 3118 2768 3188 παντοδαπῆς
2807 3120 3007 3190 τέχνης
3044 3118 3373 3193 δημιουργά.
3419 3118 3599 3173 Μάγον
3654 3118 3775 3170 τῶν

498 3203 798 3269 ministras,
826 3205 1030 3275 quibus
1055 3214 1313 3277 tanquam
1336 3208 1722 3263 instrumentis
1765 3223 1928 3262 omne
1979 3222 2073 3261 ar-
2106 3280 2108 3283 ι

2176 3212 2505 3266 κτισθέντων
2536 3212 2755 3267 πάντων
2786 3210 3073 3283 ἐλεύθερον
3104 3212 3352 3281 ἀνάγκης
3393 3210 3586 3279 γᾶγονε
3614 3226 3628 3239 ·
3663 3210 3772 3263 κύ-

497 3296 652 3352 tiiicii
688 3269 862 3369 genus
929 3269 1209 3370 operatur.
1271 3299 1461 3355 Solum
1520 3300 1626 3356 hoc
1666 3300 1869 3355 animal
1929 3282 2107 3354 inter‘

2179 3318 2292 3373 ριον
2327 3302 2555 3375 γνώμης
2604 3302 2743 3367 ιδίας
2789 3302 2951 3373 μόνον
2978 3269 3087 3356 ’τὸν
3472 3269 3699 3355 ἔκτισεν
3740 3302 3775 3354 ὁ

496 3401 691 3446 caetera
719 3392 904 3446 omnia
943 3407 971 3445 a
1007 3391 1293 3447 coactione
1326 3392 1567 3447 liberum
1615 3390 1899 3446 conditum
1933 3399 2019 3445 est
2056 3408 2070 3445 :

2170 3395 2324 3459 Θεός.
2349 3396 2463 3466 οὐχ
2500 3395 2634 3467 ὁρᾷς
2658 3394 2810 3468 ἥλιον
2849 3393 3307 3466 ἠναγκασμένους
3350 3392 3615 3465 τρέχοντα
3640 3391 3773 3461 δρό-

494 3484 672 3537 solum
704 3482 985 3540 hominem
1039 3498 1153 3539 suae
1213 3483 1514 3539 voluntatis
1548 3481 1833 3538 dominum
1868 3483 2077 3538 creavit

2176 3503 2340 3557 μους;
2364 3487 2427 3540 οὺ
2462 3486 2683 3557 eam“;
2718 3485 3164 3558 μονοειδῆναίποῦ
3187 3485 3286 3556 τὴν
3316 3486 3489 3557 φοράν
3509 3500 3524 3551 ;
3547 3485 3649 3537 Διά
3673 3486 3736 3536 τί
3750 3500 3769 3549 ;

494 3570 658 3629 Deus.
692 3574 887 3630 Nonne
916 3575 1101 3630 cernis
1136 3574 1308 3629 solem
1348 3575 1584 3631 naturali
1608 3577 1845 3647 quadam
1874 3592 2074 3633 neces-

2181 3577 2403 3650 Ἐπειόὴ
2455 3577 2683 3650 γνώμης
2725 3579 2886 3680 ἰδίας
2938 3579 2999 3632 οὐ
3055 3579 3250 3649 γέγονε
3315 3577 3539 3649 κύριος’
3586 3576 3657 3630 σὺ
3700 3576 3770 3630 δὲ

494 3665 657 3721 sitate
682 3665 751 3720 ad
787 3675 973 3722 actum
1008 3666 1197 3720 volvi?
1226 3682 1410 3723 nonne
1435 3676 1779 3723 constantem
1827 3683 2074 3741 semper-

2172 3669 2417 3742 προέρχῃ
2472 3665 2792 3741 aedilem?
2840 3671 3102 3743 πράττεις
3145 3671 3175 3724 ὃ
3225 3669 3425 3742 βούλει,
3459 3670 3562 3723 οὐκ
3610 3667 3768 3739 ἔχεις

494 3771 603 3825 que
637 3756 743 3810 sibi
781 3756 1019 3811 similem
1046 3757 1195 3814 illius
1225 3759 1641 3815 conversionem
1664 3760 1938 3817 advertis?
1961 3761 2074 3816 Cur

2173 3762 2423 3832 ἀνάγκην
2452 3759 2705 3816 ὠθοῦσάν
2738 3779 2797 3816 σε
2829 3761 2951 3833 βίᾳ·
2988 3761 3275 3835 ἐλεύθερος
3307 3763 3375 3833 τῇ
3425 3760 3577 3830 ψυχῇ
3623 3775 3766 3813 κατ-

494 3853 680 3900 autem
712 3845 853 3901 hoc?
887 3844 1025 3914 Quia
1061 3864 1173 3904 suae
1209 3851 1511 3907 voluntatis
1550 3866 1661 3908 non
1695 3853 1861 3908 habet
1915 3853 2070 3909 arbi-

2172 3851 2358 3921 ἑστης.
2411 3851 2601 3916 Ἤλιος
2657 3851 2845 3917 δοῦλος
2892 3852 3175 3924 άνάγκηςο
3224 3852 3512 3924 ἄνθρωπος
3558 3850 3625 3903 εδ
3659 3850 3770 3920 τὴν

496 3937 708 3992 trium:
744 3946 802 3993 tu
843 3955 975 3994 vero
1008 3939 1266 4010 procedis
1302 3940 1464 4009 liber,
1503 3941 1638 3997 facis
1671 3943 1819 4013 quod
1876 3941 2065 4011 lubet;

2167 3942 2395 4013 γνώμην
2425 3942 2848 4015 ἐλεύθερος-Τίς
2879 3941 2973 4000 οὖν
2998 3945 3260 4016 ἀμείνων,
3288 3943 3408 4001 sint
3435 3959 3546 4014 μοι,
3571 3944 3603 3996 ι
3631 3941 3764 3995 δοῦ-

492 4030 880 4085 necessitatem
912 4046 1035 4101 quaa
1069 4039 1123 4086 te
1162 4047 1264 4102 per
1295 4033 1408 4087 vim
1439 4030 1705 4103 impellat,
1741 4033 1949 4087 nullam
1970 4048 2070 4104 pa-

2164 4031 2280 4096 λος,
2313 4032 2349 4103 ἢ
2395 4033 2426 4087 ὁ
2470 4034 2796 4107 ἐλεύθερος
2840 4038 2901 4091 '0
2950 4037 3057 4091 ὑπὸ
3105 4035 3272 4105 ζυγὸν
3318 4035 3586 4105 ἀνάγκης,
3638 4034 3675 4105 ἢ
3733 4034 3768 4086 6

493 4118 626 4172 teris
658 4135 671 4170 :
708 4119 897 4173 animo
918 4119 1255 4176 constitutus
1278 4135 1338 4176 es
1378 4121 1577 4176 libero.
1620 4122 1712 4177 Sol
1769 4121 2071 4177 famulatur

2167 4126 2349 4197 πάσης
2395 4126 2643 4199 ἀνάγκης
2689 4129 2958 4194 ἀπόλυτος
3000 4130 3151 4201 (51);
3195 4129 3367 4185 Οὐδὲν
3413 4124 3763 4199 θαυμαστὸν.

491 4209 802 4265 necessitati
841 4228 853 4264 :
881 4210 1048 4265 homo
1068 4210 1404 4267 voluntatem
1434 4213 1666 4267 sortitus
1700 4219 1786 4268 est
1817 4212 2067 4268 liberam.

2168 4215 2323 4270 οὐδὲν
2348 4217 2674 4289 παράδοξον,
2702 4222 2751 4272 εἰ
2796 4220 2857 4273 ἰν
2877 4219 3151 4292 ἀνθρώπῳ
3178 4218 3395 4290 ᾤκησεν
3432 4218 3461 4271 6
3496 4216 3657 4282 Θεὸς,
3685 4214 3755 4270 ὃν

488 4297 626 4364 Quis
659 4316 812 4374 ergo,
850 4302 941 4358 dic
985 4301 1147 4368 mihi,
1187 4303 1537 4373 praestantior
1567 4311 1673 4370 est,
1728 4319 1943 4371 servus,
2000 4318 2071 4365 an

1728 4319 1943 4371 servus,
2000 4318 2071 4365 an
2170 4310 2313 4365 ἰδίαν
2337 4313 2521 4366 εἰκόνα
2547 4313 2711 4379 εὐθὺς
2740 4296 2954 4380 πλάσας
2983 4316 3290 4387 ἠσπάσατο.

488 4389 668 4448 liber?
692 4391 1038 4449 necessitatis
1063 4392 1196 4464 iugo
1231 4392 1535 4466 subjectus,
1571 4410 1642 4450 an
1707 4396 1776 4450 ab
1820 4397 1971 4451 omni
2034 4402 2366 4458 necessitate
2427 4403 2725 4463 immunis?
2762 4406 2910 4461 Nihil
2985 4407 3174 4478 igitur,
3229 4406 3451 4469 mirum,
3490 4404 3631 4460 nihil
3665 4403 3763 4458 in-

486 4479 749 4534 credibile
775 4487 872 4534 aut
903 4493 1130 4544 novum,
1157 4479 1203 4535 si
1264 4481 1320 4535 in
1350 4481 1572 4543 homine
1633 4483 1927 4539 habitavit
1958 4485 2122 4554 Deus,
2162 4505 2328 4560 quem
2386 4492 2455 4549 ad
2512 4509 2667 4549 suam
2722 4495 3018 4567 imaginem
3088 4496 3387 4552 formatum
3433 4496 3481 4528 ⁷⁸
3512 4493 3761 4563 benigne

485 4572 803 4641 complexus
833 4578 938 4626 est.

556 4659 625 4714 Χ.
664 4659 835 4715 Suum
899 4676 1135 4733 namque
1163 4674 1290 4735 erga
1342 4663 1620 4719 hominem
1673 4665 1967 4719 consilium
2002 4665 2057 4719 in
2094 4670 2137 4724 D

2235 4669 2291 4722 l'.
2328 4668 2443 4740 Τὴν
2468 4668 2582 4741 γὰρ
2613 4671 2741 4742 περὶ
2767 4670 2863 4725 τὸν
2909 4671 3195 4744 ἄνθρωπον
3240 4672 3503 4743 πρόθεσιν
3545 4641 3587 4728 ὁ,
3615 4674 3761 4733 Θεὸς

486 4749 606 4820 ipso
640 4750 826 4805 statim
855 4761 1121 4833 creaturae
1143 4753 1449 4824 primordio
1472 4753 1780 4809 declaravit
1807 4772 1822 4807 :
1869 4755 2059 4824 pulve»

2158 4758 2319 4824 εὐθὺς
2358 4762 2416 4814 ὲν
2457 4763 2770 4833 προοιμίοις
2812 4764 2913 4835 τῆς
2962 4764 3196 4829 κτίσεως
3245 4766 3579 4831 ιπεδείξατο,
3619 4769 3761 4839 χοῦν

486 4856 602 4897 rem
641 4842 867 4913 quidem
902 4860 969 4900 ex
1038 4854 1183 4901 terra
1227 4861 1456 4902 sumens
1494 4846 1752 4901 formavit
1795 4861 1944 4907 eum,
2003 4857 2060 4903 et

2162 4850 2262 4919 μὲν
2286 4850 2467 4912 λαϐὼν
2505 4853 2618 4907 ἀπὸ
2663 4854 2765 4923 τῆς
2792 4856 2916 4925 γῆς,
2953 4856 3049 4910 καὶ
3085 4856 3303 4922 πλάσας
3335 4858 3522 4925 αὑτὸν,
3560 4863 3759 4916 εἰκόνα,

484 4933 839 4991 simulacrum
864 4950 977 4990 suae
1000 4935 1307 4991 divinitatis
1340 4936 1545 4991 effecit.
1595 4935 1699 4992 Sed
1732 4951 1851 5000 cur,
1895 4953 2056 5007 quem

2155 4942 2224 4994 δὲ·
2241 4945 2662 5008 κατασκευάσας
2695 4946 2796 5016 τῆς
2845 4947 2982 5011 ίδίας
3030 4948 3308 5021 θεότητος.
3354 4951 3454 5004 Διά
3483 4952 3535 5006 τί
3559 4947 3657 5007 οὖν
3688 4953 3758 5007 ὃν

484 5033 636 5079 tanto
667 5032 868 5081 ornatu
892 5025 1258 5082 deeoraturus
1277 5034 1418 5091 erat,
1447 5041 1513 5080 ex
1544 5034 1656 5081 tam
1690 5026 1784 5081 vili
1804 5028 2059 5083 substam

2159 5031 2353 5104 ἔμελλε
2385 5037 2452 5107 τῇ
2486 5041 2803 5110 κατασκευῇ
2828 5039 3015 5111 τιμᾷν,
3044 5039 3219 5104 οὓτως
3251 5039 3312 5106 ἐξ
3352 5041 3605 5104 εὐτελοῦς
3641 5042 3758 5113 φύ-

485 5117 556 5171 tia
589 5116 884 5173 formavit?
914 5117 1027 5173 Cur
1054 5133 1165 5172 non
1196 5132 1265 5173 ex
1295 5118 1427 5173 solis
1446 5117 1737 5187 splendore
1770 5121 2054 5174 materiam

2162 5137 2303 5186 σεως
2327 5121 2562 5192 Euhoe;
2595 5125 2777 5179 Διάιτί
2824 5128 2899 5199 μὴ
2942 5129 3052 5182 ἀπὸ
3090 5129 3188 5200 τῆς
3223 5130 3610 5202 λαμπρότητος
3648 5132 3752 5185 τοῦ

482 5223 724 5273 sumens,
767 5208 949 5278 ipsum
988 5208 1266 5264 hominem
1301 5209 1578 5276 condidit;
1625 5211 1719 5265 sed
1775 5226 1845 5266 ex
1910 5219 2053 5267 terra

2160 5213 2311 5285 ἡλίου
2338 5215 2540 5283 λαϐὼν,
2570 5219 2827 5290 ἐποίησεν
2866 5221 3029 5274 αὐτὸν
3048 5220 3137 5274 τὸν
3157 5221 3466 5293 άνθρωπον,
3494 5222 3608 5276 ἀλλ’
3634 5225 3754 5277 ἀπὸ

484 5305 752 5364 terraeque
774 5298 1025 5367 pulvere,
1053 5298 1331 5353 elemento
1350 5297 1540 5368 utique
1568 5298 1756 5353 intimo
1777 5300 2054 5356 omnium-

2151 5305 2259 5376 γῆς
2291 5308 2387 5360 καὶ
2430 5309 2555 5379 χοὸς
2581 5309 2746 5363 αὐτὸν
2771 5312 3109 5376 διαπλάττει,
3147 5312 3244 5366 τοῦ
3277 5315 3435 5369 κάτω
3454 5313 3748 5385 κειμένου,

481 5402 588 5456 que
624 5386 862 5456 pedibus
887 5388 1230 5455 conculcato,
1275 5387 1427 5442 illum
1472 5386 1722 5442 θωπιχίιῖ
1755 5390 1853 5445 Vis
1880 5392 2047 5459 seire,

2148 5398 2243 5453 καὶ
2306 5403 2648 5472 πατουμένου
2724 5404 3028 5475 στοιχείου;
3075 5406 3233 5471 Τίνος
3300 5406 3511 5473 ἕνεκεν,
3560 5406 3749 5472 θέλεις

480 5490 643 5545 quam
671 5477 743 5531 ob
778 5477 1040 5532 causam?
1061 5477 1332 5545 Quoniam
1356 5478 1638 5534 hominem
1667 5495 1766 5535 sua
1809 5482 2049 5553 imagine

2149 5488 2373 5559 μαθεῖνς
2420 5491 2640 5567 Ἐπειδὴ
2683 5498 2750 5569 τῇ
2793 5498 2989 5552 ἑαυτοῦ
3022 5500 3192 5554 εἰκόνι
3226 5498 3420 5571 ἔμελλε
3450 5500 3613 5571 τιμᾷν
3646 5498 3746 5554 τὸν

428 5590 434 5595 ·
482 5565 851 5622 honoraturus
893 5573 1035 5633 erat,
1091 5569 1197 5639 ipsi
1230 5570 1399 5626 vilem
1450 5580 1704 5627 naturam
1733 5574 1948 5644 tribuit,
1974 5592 2038 5632 ne

2143 5581 2450 5653 ἄνθρωπον,
2492 5565 2686 5660 εὐτελῆ
2724 5565 2895 5662 ἀὐτῷ
2957 5591 3140 5646 δίδωσι
3185 5565 3287 5665 τὴν
3339 5565 3526 5664 φύσιν,
3559 5565 3651 5644 ἱνα
3700 5593 3745 5664 ἠ

545 5718 595 5750 η
619 5718 758 5773 Gen.
780 5731 819 5783 ι,
844 5718 935 5773 ει.
1008 5721 1054 5753 υ
1094 5722 1299 5787 Job.x,
1348 5724 1433 5778 ιι.
1509 5725 1555 5757 τε
1596 5725 1729 5784 Gen.
1766 5745 1801 5797 ι,
1834 5729 2040 5796 26,97.

518 5846 628 5916 (5i)
662 5846 1004 5918 Ἐλεύθερος.
