4076 6432
312 383 444 442 1581

1245 383 1529 440 IIOMILIA
1567 384 1633 438 ll.
1674 382 1743 438 IN
1782 383 1896 440 DIE
1932 381 2373 440 NATIVITATIS
2407 381 2661 439 DOMINI.

3444 386 3460 438 ἰ
3473 383 3580 440 58Ξ

299 501 589 576 ὑπερϐολὴ
633 503 735 574 τῆς
792 503 960 576 τιμῆς
1015 503 1090 576 μὴ
1137 503 1320 578 ἐπάρῃ
1353 503 1446 559 τὸν
1497 504 1784 576 ἄνθρωπον
1828 506 1898 566 εἰς

2008 504 2150 560 forte
2175 505 2403 562 honoris
2440 503 2763 560 excellentia
2801 502 3040 558 elevaret
3072 501 3352 556 hominem
3385 502 3440 556 in
3481 518 3578 556 su-

309 596 570 651 ὰπόνοιαν
591 611 604 624 ·
641 595 727 649 ἵνα
761 595 891 651 ὅταν
927 595 1068 666 ὑπὲρ
1103 595 1204 666 τὴν
1252 595 1414 666 φύσιν
1440 597 1669 669 τιμήσῃ,
1695 612 1895 649 συστα-

309 690 376 760 λῇ
417 691 484 759 τῇ
521 689 713 760 μνήμῃ
749 690 850 760 τῆς
888 687 1127 756 φύσεως,
1159 687 1256 741 καὶ
1284 687 1528 760 γνωρίσῃ
1562 687 1624 741 τὸ
1668 685 1897 758 μέγεθος

311 780 413 850 τῆς
453 778 644 850 τιμῆς,
693 780 757 833 οὐ
805 779 904 850 τῆς
945 778 1114 834 αὑτοῦ
1161 778 1340 844 ἀξίας,
1378 779 1514 833 ἀλλὰ
1542 779 1643 850 τῆς
1677 779 1898 850 χάριτος

312 869 410 925 τοῦ
440 869 756 934 δεδωκότος.
789 870 1002 926 Οὐκοῦν
1054 872 1148 925 καὶ
1181 871 1342 926 τοῦτο
1390 873 1771 946 φιλανθρωπία
1801 873 1896 927 τοῦ

313 961 826 1026 κατασκευάσαντος
863 957 954 1034 ἢν,
991 963 1052 1016 τὸ
1075 963 1176 1034 τὴν
1197 964 1382 1017 εἰκόνα
1410 963 1504 1018 τοῦ
1531 963 1672 1017 Θεοῦ
1702 966 1768 1018 ὲκ
1794 965 1898 1036 γῆς

312 1055 461 1126 ἔχειν
494 1053 596 1126 τὴν
622 1053 804 1124 φύσιν.
852 1053 1139 1127 Ἐνέχυρον
1169 1056 1278 1127 γὰρ
1333 1052 1448 1128 εἶχε
1483 1055 1585 1128 τὴν
1615 1055 1779 1127 φύσιν
1808 1074 1900 1128 με‹

311 1146 468 1218 τρίου
489 1147 860 1218 φρονήματος.

385 1344 494 1401 IA'.
524 1345 688 1399 Ὥστε
721 1345 942 1416 εὐγενὲς
963 1344 1100 1412 ζῶον
1127 1347 1157 1401 6
1193 1345 1498 1420 ἄνθρωπος,
1536 1351 1584 1402 εἰ
1618 1349 1714 1404 καὶ
1739 1349 1898 1404 ὕστε-

317 1455 414 1510 ρον
438 1436 670 1508 ὑϐρίσθη
694 1440 807 1502 τοῖς
829 1437 1204 1492 ἐπεισελθοῦσι
1239 1440 1545 1511 παθήμασι.
1560 1442 1652 1512 Μὴ
1671 1442 1778 1512 γὰρ
1798 1443 1898 1496 αὑ-

313 1529 409 1581 τὸν
439 1527 556 1600 ἴδῃς
587 1530 1090 1601 προσκεκρουκότα,
1126 1531 1264 1586 ἀλλὰ
1288 1531 1396 1602 πρὸ
1420 1533 1517 1603 τῆς
1537 1533 1899 1604 παραϐάσεως

317 1621 414 1676 τοῦ
442 1623 606 1694 νόμου
635 1624 734 1695 τῆς
772 1623 984 1689 εἰκόνος
1009 1625 1107 1679 τοῦ
1151 1625 1291 1680 Θεοῦ
1317 1625 1416 1698 τὴν
1438 1627 1717 1696 εὐγένειαν
1753 1629 1899 1699 λόγι-

318 1729 434 1770 σαι.
459 1714 528 1768 Τί
557 1711 653 1770 οὖν
684 1714 1043 1782 ὲξευτελίζεις
1075 1717 1167 1770 τὸν
1204 1717 1509 1784 ἐκπτωτον,
1544 1718 1647 1789 τῆς
1672 1719 1898 1790 πρώτης

315 1805 482 1860 αὐτοῦ
519 1805 867 1878 κατασκευῆς
887 1806 1334 1878 ἐπιλελησμένος,
1364 1808 1460 1862 καὶ⁸
1477 1809 1578 1880 τὴν
1606 1810 1770 1882 τιμὴν
1798 1811 1898 1882 τὴν

1997 599 2247 666 perbiam
2284 606 2405 664 :ut,
2431 612 2556 652 cum
2583 612 2751 666 super
2787 606 3040 649 naturam
3079 610 3206 647 eum
3253 593 3576 662 honoraret,

1998 693 2225 764 abiecta:
2251 701 2464 746 naturae
2499 706 2611 745 suae
2645 688 2911 742 memoria
2948 703 2979 741 a
3014 687 3157 742 fastu
3191 701 3578 755 compescere-

1999 791 2126 851 tur,
2172 783 2448 852 simulque
2490 786 2812 851 agnosceret
2873 777 3099 831 honoris
3152 776 3578 846 amplitudinem

1999 891 2110 930 non
2138 875 2224 930 sui
2250 874 2435 930 meriti
2462 890 2607 938 esse,
2633 873 2730 928 sed
2753 871 3032 942 largitoris
3058 871 3266 941 gratiae.
3298 871 3578 926 Pertinuit
3665 885 3685 901 ⁶

1999 965 2186 1035 itaque
2227 971 2284 1019 et
2319 964 2427 1018 hoc
2462 977 2683 1032 quoque
2724 961 2792 1015 ad
2825 960 3104 1015 Creatoris
3154 961 3574 1030 benignitatem,

1999 1063 2060 1110 ut
2078 1055 2194 1125 ipsa
2225 1054 2404 1126 imago
2421 1054 2519 1108 Dei
2540 1069 2608 1107 ex
2629 1059 2774 1106 terra
2789 1051 3028 1105 haberet
3048 1059 3261 1104 natura:
3279 1049 3571 1120 originem.

1997 1147 2260 1203 Naturam
2313 1147 2462 1203 enim
2494 1146 2645 1201 illam
2686 1159 2788 1214 pro
2822 1143 3095 1198 moderati
3139 1142 3308 1196 animi
3347 1142 3576 1212 pignore

1998 1235 2257 1292 habebat.

2072 1325 2166 1383 ΧΓ.
2202 1331 2303 1384 Est
2343 1342 2474 1400 ergo
2529 1324 2713 1381 nobile
2749 1323 2954 1379 animal
2991 1322 3179 1388 homo,
3215 1321 3346 1376 licet
3368 1319 3578 1392 passio-

1999 1419 2166 1476 nibus
2211 1429 2402 1490 postea
2448 1416 2841 1480 subeuntibus,
2902 1428 3100 1483 magna
3155 1410 3456 1481 ignominia
3505 1410 3579 1463 sit

1999 1509 2249 1564 allectus.
2305 1508 2428 1562 Non
2495 1506 2647 1560 enim
2719 1504 2876 1558 illum
2932 1510 3168 1572 spectes,
3223 1508 3579 1570 posteaquam

1999 1599 2258 1665 oﬂ'endit;
2313 1598 2410 1653 sed
2465 1597 2617 1651 illam
2667 1593 2870 1649 divina:
2925 1589 3180 1661 imaginis
3231 1589 3578 1645 nobilitatem

1999 1702 2126 1748 ante
2148 1690 2282 1762 legis
2307 1688 2790 1760 transgressionem
2809 1685 3050 1741 aestimes
3081 1684 3268 1738 velim.
3300 1682 3417 1738 Cur
3449 1697 3580 1751 ergo

2002 1792 2148 1841 statu
2189 1784 2416 1854 lapsum.
2447 1780 2779 1844 contemnis,
2818 1779 3008 1849 prima:
3045 1775 3384 1832 conditionis
3432 1773 3582 1826 illius

313 1896 552 1969 ἀρχαίαν
575 1897 636 1951 οὐ
667 1865 1035 1970 λογιζόμενος,
1067 1865 1502 1970 ¹ἦναύτῷπόιλιν
1531 1865 1676 1970 μετᾶ
1700 1865 1898 1975 πολλάς

2001 1876 2242 1941 oblitus;
2273 1875 2654 1943 honoremque
2687 1887 2797 1942 quo
2821 1870 2983 1924 initio
3013 1867 3329 1922 cumulatus
3374 1865 3575 1926 fuerat,

2084 1965 2138 1975 ι..
2490 1961 2544 1975 ,ιο
2639 1970 2648 1975 .
2860 1974 2866 1975 ,
2917 1973 2925 1975 Α
2979 1956 3054 1975 3n!
3092 1957 3233 1975 n-_-_
3318 1966 3435 1975 ----..
3473 1951 3575 1975 ..2ιά

313 1990 416 2060 τῆς
471 1989 783 2060 φιλοτιμίας
835 1989 1176 2045 ἀποδέδωκεν
1221 1991 1333 2061 (52)
1393 1994 1422 2046 6
1479 1993 1630 2058 Θεὸς,
1689 1995 1897 2060 ὲνὼσας

315 2079 500 2152 ἑαυτῷ
523 2081 623 2152 τὴν
658 2081 794 2135 ἰδίαν
819 2081 1038 2149 εἰκόνας
1079 2081 1246 2136 Οὐδὲν
1273 2078 1369 2136 οὖν
1397 2083 1604 2154 ἀπᾷδον
1628 2084 1726 2154 τῆς
1755 2086 1898 2139 ὲκεί-

314 2188 411 2225 νου
477 2172 890 2243 φιλανθρωπίας
943 2172 1182 2242 ἐγένετο.
1235 2173 1369 2228 Οὐδὲ
1417 2175 1522 2246 γὰρ
1573 2175 1898 2245 ὲφύϐριστον

316 2262 512 2334 ἀγαθῷ
537 2263 798 2335 δεσπότῃ,
828 2265 1154 2335 κοινωνῆσαι
1191 2264 1363 2336 δούλῳ
1388 2265 1495 2319 τῶν
1524 2266 1784 2321 δουλικῶν
1817 2270 1898 2334 είς

313 2352 590 2422 ὠφέλειαν
606 2354 844 2410 οἰκέτου.
884 2354 959 2408 Οὐ
991 2354 1097 2425 γὰρ
1137 2354 1418 2426 ὑϐρίζεται
1445 2355 1656 2420 τούτοις
1693 2360 1720 2412 ό
1757 2361 1897 2428 ἀγα-

315 2445 431 2512 θὸς,
476 2444 593 2500 ἀλλ’
632 2446 770 2516 ὅπερ
803 2447 940 2512 ἐστὶ,
989 2446 1076 2500 διὰ
1107 2447 1218 2500 τῶν
1257 2447 1516 2503 τοιούτων
1549 2450 1894 2522 γνωρίζεται.

317 2537 430 2591 Καὶ
465 2537 540 2610 μὴ
565 2538 854 2612 θαυμάσῃς
881 2538 975 2592 τοῦ
1010 2539 1120 2610 (55)
1140 2541 1492 2612 πράγματος·
1525 2541 1618 2594 καὶ
1647 2545 1756 2614 γὰρ
1780 2543 1896 2610 νῦν,

315 2628 418 2682 ὲάν
454 2628 679 2684 σεαυτὸν
717 2624 866 2683 οἶκον
908 2630 1326 2701 κατασκευάσῃς
1371 2631 1526 2698 Θεοῦ,
1560 2633 1653 2686 καὶ
1708 2636 1766 2687 ὲν
1815 2637 1899 2689 σοὶ

315 2721 585 2784 κατοικεῖ,
624 2721 675 2772 εί
713 2719 811 2773 καὶ
855 2719 930 2792 μὴ
957 2720 1126 2784 οὕτως
1148 2721 1224 2784 ὡς
1256 2723 1314 2775 ὲν
1338 2721 1417 2792 τῷ
1450 2720 1670 2795 Χριστῷ
1690 2741 1706 2756 ο
1751 2743 1768 2776 ι
1811 2727 1899 2779 Ἐν

316 2808 540 2881 Χριστῷ
569 2809 680 2881 γὰρ
704 2811 950 2863 κατοικεῖ
985 2811 1095 2864 πᾶν
1119 2808 1182 2863 τὸ
1213 2809 1486 2882 πλήρωμα
1519 2813 1619 2883 τῆς
1643 2812 1899 2885 θεότητος

316 2900 671 2969 σωματικῶς.
709 2917 729 2951 ›
788 2899 929 2953 Ἀλλ’
969 2898 1015 2953 ὣ
1043 2899 1138 2953 τοῦ
1182 2900 1492 2972 θαύματοςο
1526 2902 1636 2956 πᾶν
1661 2903 1727 2956 τὸ
1764 2904 1902 2977 πλή-

317 3008 485 3064 ρωμα
505 2993 607 3064 τῆς
639 2993 892 3064 θεότητος
924 2994 984 3048 ἐν
1010 2994 1092 3047 ἑνὶ
1127 2995 1456 3065 σωματικῶς
1504 3000 1766 3062 κατοικεῖ,
1805 3000 1901 3054 καὶ

314 3083 500 3137 πάντα
540 3082 760 3154 πληροῖ,
791 3079 888 3138 καὶ
918 3083 1178 3155 ὑπερέχει
1209 3084 1308 3158 τὴν
1353 3085 1551 3152 κτίσιν,
1591 3087 1712 3153 ὅλος
1739 3089 1814 3143 ὢν
1842 3091 1900 3144 ὲν

2001 1965 2212 2020 nullius
2235 1978 2357 2018 esse
2386 1961 2548 2032 pretii
2572 1970 2742 2024 ratus,
2771 1973 2933 2028 quem
2977 1956 3058 2010 illi
3090 1957 3256 2017 Deus,
3313 1966 3438 2007 cum
3472 1951 3578 2005 sibi

2001 2055 2286 2127 propriam
2313 2053 2606 2123 imaginem
2638 2051 2874 2112 nuisset,
2918 2044 3434 2102 munificentissime
3483 2042 3581 2096 de-

1998 2162 2112 2204 nuo
2147 2145 2440 2201 restituit?
2468 2143 2616 2198 Nihil
2647 2141 2881 2212 proinde
2915 2139 2984 2193 ab
3036 2137 3186 2192 illius
3240 2134 3579 2204 benignitate

2000 2239 2241 2293 alienum
2273 2236 2573 2290 admissum
2597 2243 2703 2289 est.
2733 2233 2924 2301 Neque
2953 2230 3103 2284 enim
3131 2237 3292 2298 turpe
3315 2235 3402 2282 est
3432 2226 3578 2280 bono

1999 2329 2248 2393 domino,
2281 2328 2328 2382 si
2357 2329 2413 2382 in
2439 2326 2585 2382 servi
2612 2325 2910 2380 utilitatem
2938 2322 2994 2374 in
3021 2320 3352 2390 quibusdam
3398 2317 3577 2371 servi-

1998 2420 2146 2475 libus
2168 2434 2292 2474 cum
2317 2433 2477 2474 servo
2510 2414 2914 2471 communicet:
2940 2411 3213 2481 siquidem
3263 2409 3355 2478 qui
3399 2408 3581 2462 bonus

1999 2520 2104 2576 est,
2135 2509 2450 2580 hujusmodi
2488 2508 2655 2562 rebus
2697 2505 2848 2559 nulla
2907 2501 3108 2572 injuria
3153 2500 3429 2564 violatur;
3483 2497 3580 2552 sed

2001 2603 2307 2691 quplisnam
2351 2601 2444 2666 sit,
2500 2615 2600 2669 per
2654 2597 2784 2651 talia
2841 2593 3306 2663 deprehenditur.
3351 2591 3465 2645 Nec
3494 2597 3582 2644 est

2001 2682 2150 2764 quod
2175 2708 2292 2748 rem
2321 2691 2563 2746 mireris.
2616 2689 2672 2745 Si
2697 2689 2847 2744 enim
2872 2687 3099 2756 dignum
3146 2686 3259 2738 Deo
3295 2682 3587 2736 habitacu-

2001 2786 2115 2839 lum
2141 2800 2290 2838 nunc
2322 2783 2557 2852 teipsum
2595 2777 2972 2843 constitueris,
3001 2778 3056 2830 in
3086 2783 3139 2831 te
3175 2789 3396 2844 quoque
3429 2770 3586 2825 habi-

2004 2878 2161 2942 tabit,
2188 2876 2540 2934 etiamsinon
2563 2873 2632 2928 ad
2663 2888 2790 2928 eum
2827 2870 3075 2933 modum,
3099 2882 3210 2937 quo
3236 2866 3292 2920 in
3324 2864 3581 2920 Christo:

2010 2989 2030 3022 ι
2065 2970 2126 3024 lu
2153 2968 2376 3025 Christo
2400 2967 2550 3021 enim
2579 2964 2793 3018 habitat
2820 2962 3001 3017 omnis
3050 2958 3338 3030 plenitudo
3379 2954 3585 3010 divini-

2002 3063 2134 3118 tatis
2159 3061 2524 3131 corporaliter
2550 3060 2618 3112 ".
2659 3076 2679 3108 ›
2749 3056 2878 3121 Sed,
2917 3071 2950 3110 ο
2988 3051 3359 3108 miraculum!
3395 3047 3589 3104 Omnis

313 3171 424 3236 ἑνὶ,
464 3172 560 3228 καὶ
746 3141 1333 3245 ’κτισμάτωνηοὺδενὸς
1363 3141 1898 3248 χωριζόμενόςίΚαί

2004 3152 2292 3224 plenitudo
2327 3150 2634 3206 divinitatis
2659 3150 2718 3204 in
2754 3163 2864 3202 uno
2890 3146 3102 3202 habitat
3127 3141 3507 3212 corporaliter,
3531 3149 3588 3192 et

318 3263 400 3334 μὴ
428 3263 491 3335 δή
526 3281 616 3318 σοι
638 3263 702 3318 τὸ
728 3265 1016 3337 εἰρημένον
1048 3266 1323 3336 φαινέσθω
1347 3267 1611 3324 ἀδύνατον
1631 3285 1647 3302 ο
1677 3271 1900 3343 καὶγὰρ

316 3353 476 3425 κάγὼ
503 3355 598 3411 νῦν
625 3356 974 3429 προφέρομαι
1001 3356 1158 3427 λόγον
1177 3374 1194 3392 ·
1231 3351 1387 3424 οὗτος
1419 3361 1449 3414 6
1482 3360 1639 3430 λόγος
1667 3349 1814 3416 ἐστὶν
1841 3364 1899 3418 ἐν

318 3444 424 3512 ὲνὶ,
459 3445 556 3500 καὶ
588 3446 646 3499 ἐν
678 3447 846 3501 πᾶσιν
871 3449 900 3502 ό
925 3447 1086 3516 λόγος
1135 3448 1330 3517 γέγονε
1352 3461 1369 3480 ο
1399 3449 1496 3504 καὶ
1537 3450 1659 3504 ὅλον
1687 3451 1778 3505 τὸν
1811 3452 1898 3506 λό-

314 3551 417 3604 γον
447 3535 728 3609 ἑχώρησεν
760 3532 862 3602 εἷς,
897 3537 992 3592 καὶ
1030 3537 1137 3592 ὑπὸ
1184 3537 1422 3610 πλήθους
1455 3539 1484 3591 ό
1515 3526 1675 3609 λόγος
1710 3542 1770 3594 οὐ
1801 3559 1900 3596 rre-

319 3629 673 3700 ριγράφεται.
712 3631 776 3684 Εἰ
826 3630 1006 3686 τοίνυν
1055 3631 1118 3684 τὸ
1170 3632 1405 3703 πρᾶγμα
1459 3633 1743 3704 γινόμενον
1799 3634 1896 3689 καὶ

317 3719 680 3792 φθειρόμενον
721 3721 818 3776 καὶ
842 3723 902 3776 ὲν
925 3722 1006 3776 ἐνὶ
1033 3721 1154 3777 δλον
1183 3723 1343 3789 οἰκεῖ,
1375 3723 1470 3777 καὶ
1501 3725 1559 3777 ὲν
1585 3725 1721 3777 πᾶσι
1750 3723 1898 3794 γίνε-

315 3825 436 3873 ται,
462 3810 517 3862 τί
551 3809 864 3881 θαυμαστόν
910 3827 993 3864 σοι
1041 3810 1315 3880 φαίνεται,
1358 3813 1407 3865 εἰ
1450 3809 1584 3876 Θεδς
1621 3811 1714 3866 καὶ
1774 3813 1897 3878 ὅλος

316 3900 379 3952 ὲν
407 3899 626 3972 οὐρανῷ
656 3899 862 3972 ῷκησε,
897 3903 992 3955 καὶ
1017 3901 1074 3955 ὲν
1102 3903 1268 3957 πᾶσιν
1291 3901 1608 3975 εὑρίσκεται
1632 3920 1647 3968 ;

1928 3224 1970 3282 C
2011 3252 2193 3300 tamen
2224 3242 2411 3298 omnia
2445 3240 2666 3310 implet,
2721 3247 2780 3294 et
2816 3238 3131 3291 universam
3175 3232 3394 3288 excedit
3430 3245 3585 3284 crea-

2007 3345 2190 3390 turam
2226 3351 2240 3388 :
2282 3342 2432 3388 totus
2483 3330 2702 3386 exsistit
2738 3328 2796 3382 in
2835 3341 2964 3388 uno,
2999 3333 3056 3379 et
3085 3340 3116 3378 a
3151 3323 3300 3377 nulla
3332 3329 3587 3374 creatura

2007 3432 2320 3498 separatur.
2371 3423 2486 3479 Nec
2519 3420 2666 3492 quod
2703 3420 2796 3475 hic
2827 3418 3051 3480 dicitur,
3088 3414 3188 3468 tibi
3243 3409 3584 3480 impossibile

2005 3520 2281 3575 videatur.
2334 3515 2551 3571 Etenim
2598 3527 2701 3582 ego
2750 3524 2970 3581 quoque
2993 3506 3223 3562 verbum
3273 3517 3422 3556 nunc
3460 3515 3589 3569 pro-

2001 3611 2137 3675 fero,
2155 3610 2336 3665 ethoc
2353 3608 2530 3677 ipsum
2549 3605 2782 3660 verbum
2808 3611 2983 3658 totum
3006 3599 3160 3654 estin
3181 3611 3310 3658 uno,
3325 3602 3380 3648 et
3411 3600 3586 3646 totum

2001 3714 2226 3756 rursum
2250 3697 2306 3752 in
2325 3695 2584 3752 omnibus
2614 3693 2821 3748 factum
2851 3698 2938 3745 est
2968 3707 2980 3743 :
3024 3698 3080 3743 et
3109 3694 3283 3741 totum
3317 3684 3424 3737 hoc
3459 3697 3588 3736 ver-

2001 3793 2135 3848 bum
2157 3789 2342 3846 hausit
2365 3802 2531 3851 unus,
2554 3800 2736 3855 neque
2787 3799 2818 3838 a
2847 3779 3202 3837 multitudine
3239 3777 3313 3830 ita
3353 3775 3591 3829 circum-

2003 3883 2269 3940 scribitur
2303 3880 2460 3952 (quin
2512 3877 2715 3949 singuli
2765 3874 3027 3930 hauriant
3046 3869 3265 3939 totum).
3310 3868 3366 3923 Si
3406 3869 3590 3936 itaque

317 4007 414 4050 res
435 3992 583 4047 ortui
626 3992 956 4063 oecasuique
1008 3993 1267 4058 obnoxia,
1321 4000 1435 4048 tota
1482 3992 1698 4048 exsistit
1736 3991 1792 4048 in
1854 4009 1987 4059 uno,
2041 4001 2100 4050 et
2154 4000 2271 4049 tota
2291 3988 2634 4061 comperitur
2671 3985 2729 4041 in
2755 3983 3049 4049 omnibus;
3085 3980 3218 4051 quid
3245 3979 3447 4034 mirum
3489 3977 3588 4030 tibi

320 4083 565 4149 videtur,
603 4083 651 4138 si
677 4083 824 4138 Deus
853 4091 911 4138 et
931 4083 1148 4138 totusin
1197 4083 1338 4139 ctelo
1377 4091 1517 4148 erat,
1570 4092 1629 4139 et
1668 4091 1818 4138 totus
1837 4082 2123 4140 invenitur
2153 4083 2212 4137 in
2250 4077 2547 4137 omnibus?

396 4175 497 4231 IB'.
536 4174 822 4239 ’Υπόθεσις
850 4173 1034 4228 τοίνυν
1082 4176 1182 4246 τῆς
1220 4172 1319 4229 ’νῦν
1355 4173 1468 4246 (54)
1517 4173 1902 4245 πανηγύρεως,

2081 4173 2200 4230 X11.
2224 4172 2517 4228 Hodierna:
2544 4169 2733 4238 itaque
2760 4161 3126 4224 solemuitatis
3154 4175 3320 4216 causa
3351 4166 3409 4214 et
3458 4165 3588 4212 tun-

2008 4265 2330 4322 damentum
2355 4270 2459 4326 est,
2489 4262 2664 4316 Deum
2696 4256 2976 4312 hominem
3031 4251 3236 4306 factum
3279 4248 3588 4318 suscepisse

2008 4360 2270 4422 humana,
2299 4363 2363 4410 ut
2383 4353 2594 4412 tribuat
2614 4349 2838 4414 divina;
2867 4354 2924 4400 et
2945 4343 3197 4415 proprias
3253 4339 3357 4395 sibi
3393 4338 3588 4394 fecisse

320 4454 415 4521 θη,
451 4451 537 4504 ἵνα
564 4449 863 4520 χαρίσηται
919 4448 1020 4518 τὴν
1051 4447 1348 4502 ἀπάθειαν·
1390 4447 1779 4508 ὑπεισελθόντα
1809 4445 1898 4500 θά-

2008 4449 2316 4522 passioues,
2348 4454 2410 4500 ut
2435 4442 2598 4499 nobis
2620 4435 3087 4510 impatibilitatem
3119 4431 3318 4496 donet;
3355 4436 3589 4483 mortem

319 4517 510 4606 νατον,
698 4517 800 4613 την
845 4517 1152 4597 ἀθανασίαν
1183 4541 1534 4612 δωρήσηται·
1565 4538 1662 4592 καὶ
1695 4538 1806 4594 ῐδια
1834 4537 1898 4594 τὰ

2010 4517 2276 4604 subiisse,
2302 4544 2366 4592 ut
2399 4530 2873 4590 immortalitatem
2900 4521 3377 4593 nobisrlargiatur.
3425 4519 3495 4573 Et
3523 4517 3590 4572 n-

316 4629 431 4685 τῶν
456 4612 763 4701 ἀνθρώπων
787 4631 1067 4701 ἐκτήσατο
1117 4629 1290 4699 πάθη,
1321 4627 1381 4682 οὐ
1408 4627 1510 4698 τὴν
1544 4625 1708 4696 φύσιν
1745 4643 1898 4697 μετα·

2013 4639 2101 4690 cet
2124 4631 2380 4686 humanae
2405 4631 2620 4680 naturae
2640 4616 2986 4676 incommoda
3013 4622 3075 4670 ut
3108 4612 3336 4685 propria
3396 4625 3591 4665 susce-

319 4700 672 4792 ϐαλλόμενος,
701 4723 768 4792 τῇ
817 4721 876 4774 δὲ
912 4700 1121 4793 γνώμῃ
1171 4719 1334 4775 τοῦτο
1377 4719 1784 4791 οἰκειούμενος⁹
1812 4721 1898 4774 καί

2006 4725 2109 4796 pit,
2140 4719 2419 4792 propriam
2451 4727 2636 4774 tamen
2659 4722 2921 4770 naturam
2966 4724 3077 4764 non
3126 4704 3453 4767 demutavit,
3492 4700 3590 4756 sed

318 4812 442 4867 λίαν
485 4813 711 4878 εἰκότως
735 4811 908 4866 ταῦτα
932 4815 1098 4878 ποιεῖ,
1129 4810 1221 4866 τὸν
1244 4810 1534 4882 ἄνθρωπον
1564 4790 1742 4866 σῷσαι
1773 4828 1898 4882 προ·

2006 4790 2318 4868 voluntarie
2352 4807 2409 4862 id
2445 4813 2710 4874 tauquam
2734 4817 2897 4856 suum
2935 4798 3043 4854 sibi
3079 4795 3412 4862 vindicavit;
3451 4801 3507 4845 et
3535 4790 3588 4844 id

318 4904 567 4974 υέμενος.
598 4904 696 4957 Διά
727 4902 887 4958 ποίαν
930 4897 1023 4957 οὖν
1073 4902 1253 4957 αἰτίαν
1290 4902 1404 4978 ἴδια,
1427 4901 1496 4956 τὰ
1538 4901 1685 4973 πάθη
1707 4902 1778 4956 τὰ
1800 4881 1898 4954 τῶι

2009 4901 2234 4973 quidem
2261 4897 2558 4954 admodum
2593 4893 2844 4964 apposite
2873 4890 3024 4953 fecit,
3065 4894 3260 4958 postea
3282 4899 3444 4954 quam
3489 4881 3591 4933 hov

319 4994 629 5074 ἀνθρώπων
661 4996 985 5067 πεποίηται;
1030 4994 1250 5064 Ἐπειδὴ
1300 4975 1550 5048 ἐϐούλετο
1594 4993 1766 5057 πάθος
1796 4992 1898 5065 (56]

2009 4994 2216 5050 minem
2255 4990 2466 5045 salvare
2489 4991 2876 5057 proposuerat.
2920 4979 3028 5036 Sed
3052 4993 3215 5047 quam
3243 4975 3315 5028 ob
3365 4985 3587 5026 causam

319 5056 490 5142 πάθἐι
543 5088 813 5158 ἀναιρεῖν,
847 5056 948 5141 καὶ
972 5056 1216 5157 ⁷θανοίτῳ
1238 5056 1622 5157 ’καταργῆσαι
1656 5056 1898 5152 θάνατον,

2006 5084 2262 5139 humanae
2295 5056 2508 5133 naturai
2530 5073 2817 5146 passiones
2840 5069 2945 5124 sibi
2975 5065 3226 5137 preprias
3251 5059 3413 5115 fecit?
3444 5056 3586 5123 Quia

319 5181 416 5236 καὶ
473 5178 562 5234 διὰ
613 5154 722 5235 τῷν
777 5179 1041 5252 ὁμοειδῶν
1098 5179 1167 5234 τὰ
1189 5154 1199 5157 ⁷
1219 5154 1444 5249 ὁμοειδῆ
1501 5154 1898 5232 καταπαλαῖσαι

2003 5174 2294 5246 passiones
2309 5187 2407 5241 per
2422 5167 2734 5239 passionem
2759 5161 3025 5222 adimere,
3043 5163 3390 5222 mortemque
3407 5154 3585 5203 morte

319 5271 608 5344 ἠθέλησεν.
661 5241 973 5327 Οἰκειοῦται
1028 5271 1122 5325 τὸν
1176 5241 1802 5342 σταυρὸνξίδιοποιεῖται
1845 5270 1898 5324 τὸ

2004 5241 2248 5329 abolere,
2275 5278 2341 5318 ac
2363 5259 2565 5317 similia
2589 5254 2862 5312 similibus
2890 5248 3067 5306 voluit
3095 5243 3394 5301 debellare.
3418 5241 3481 5296 lu
3525 5252 3583 5294 se

321 5335 598 5438 ῥάπισμα,
645 5365 736 5420 τὸν
777 5364 978 5436 δεσμὸν
1022 5361 1221 5418 ἑαυτοῦ
1274 5335 1597 5436 πεποίηται’
1646 5362 1737 5418 ἵνα
1765 5359 1898 5415 Θεοῦ

2003 5357 2248 5428 suscepit
2276 5366 2496 5410 crucem
2545 5362 2700 5405 suam
2745 5344 2878 5402 fecit
2910 5342 3146 5412 alapam,
3204 5335 3425 5393 vincula
3473 5344 3576 5388 sua
3637 5371 3650 5384 κ

317 4268 414 4322 τὸν
449 4267 562 4340 (55)
593 4266 724 4321 Θεὸν
757 4266 1015 4337 γενέσθαι
1059 4264 1371 4338 ἄνθρωπον,
1405 4266 1659 4336 ἑλόμενον
1704 4264 1776 4318 τά
1811 4267 1908 4321 ἀν-

319 4357 592 4431 θρώπινα,
613 4355 701 4413 ἵνα
727 4357 802 4429 δῷ
829 4357 898 4412 τὰ
923 4355 1100 4411 θεῖκόι·
1135 4357 1227 4410 καὶ
1255 4357 1677 4426 οἰκειωσάμενον
1705 4355 1776 4409 τὰ
1800 4355 1908 4410 πά-

395 5507 443 5553 "
465 5493 691 5576 'Coloss.
721 5534 779 5585 ιι,
813 5518 870 5576 9.

395 5655 507 5728 (ὅῖ)
538 5654 864 5734 Ἀπέδωκξν.
2229 5639 2323 5691 Τό.

400 5728 512 5783 (55)
551 5727 683 5783 Περὶ
717 5740 832 5779 του.
2101 5711 2168 5766 56
2227 5709 2323 5766 Πάι

551 5707 683 5795 Περὶ
717 5707 860 5779 τοῦζ
2227 5707 2402 5778 Πάθη.

401 5797 513 5870 (δαί)
551 5797 818 5866 Σήμερον.
