4076 6438
488 397 624 453 1535

1566 399 1912 456 TliEODOTl
1955 397 2260 454 EPISCOPI
2300 397 2648 454 ANCYRANI

3611 392 3748 446 ιδει

485 511 650 574 fecit;
683 520 747 567 ut
770 509 867 566 Dei
894 509 1132 583 propriae
1171 511 1383 568 eﬂ‘ecta:
1436 514 1743 582 passiones,
1799 513 2064 567 adversus

2175 513 2438 582 γενόμενα
2485 512 2552 565 τὰ
2596 510 2744 580 πάθη
2785 509 2926 563 κατὰ
2974 507 3162 562 παθῶν
3212 509 3461 573 ἐξουσίαν
3488 510 3750 564 λάϐωσιν.

483 601 770 672 passiones
801 601 1122 672 acciperent
1157 612 1505 672 potestatem.
1534 604 1725 674 Neque
1757 604 1906 658 enim
1967 603 2065 657 Dei

482 702 679 749 natura
711 693 836 747 laesa
864 701 970 758 est,
997 709 1102 748 nec
1121 709 1220 764 per
1250 695 1333 749 sui
1372 695 1738 749 mutationem
1781 695 2066 764 passiones

484 785 540 838 in
566 800 626 839 se
681 785 965 854 suscepit;
1021 785 1116 840 sed
1147 786 1259 840 vim
1309 787 1419 841 illis
1452 786 1698 840 divinam
1733 795 1924 841 contra
1964 786 2067 840 hu—

363 903 366 908 -
479 875 722 946 jusmodi
771 877 1059 946 passiones
1114 878 1331 932 tribuit.
1389 878 1535 933 Mors
1598 894 1838 948 namque
1893 877 2064 932 veluti

483 964 658 1035 ipsius
683 966 782 1021 Dei
818 965 962 1021 facta
983 975 1216 1022 mortem
1239 967 1480 1023 destruit
1513 985 1526 1022 :
1558 978 1615 1023 et
1667 969 1912 1024 moriens
1951 968 2063 1033 ille,

484 1058 683 1112 mortis
709 1059 1057 1129 tyrannidem
1082 1061 1265 1126 solvit,
1291 1061 1552 1130 quoniam
1597 1062 1762 1117 simul
1807 1062 1953 1116 Deus
2010 1069 2068 1116 et

484 1150 652 1206 homo
679 1161 819 1206 erat.
851 1152 1044 1222 Neque
1089 1153 1240 1208 enim
1271 1169 1472 1224 purum
1518 1155 1800 1209 hominem
1847 1153 2068 1208 cruciﬁ-

485 1249 687 1296 xerunt
707 1241 912 1308 Judaai;
947 1258 1128 1314 neque
1151 1260 1273 1299 eam
1301 1245 1478 1300 solum
1525 1255 1780 1301 naturam
1801 1261 1924 1315 qua:
1947 1260 2068 1299 cer-

485 1333 744 1400 nebatur,
761 1335 1159 1390 transﬁxerunt
1177 1354 1192 1402 ;
1211 1338 1308 1392 sed
1324 1337 1379 1392 in
1399 1339 1576 1408 ipsum
1591 1339 1764 1394 Deum
1787 1329 2067 1408 qui°unitae

485 1430 699 1478 natura:
726 1424 1112 1494 perpessiones
1133 1426 1238 1480 sibi
1261 1429 1672 1498 appropriabat,
1703 1427 1856 1498 impii
1895 1435 2067 1481 teme-

484 1514 728 1583 rariique
762 1515 1110 1571 exstiterunt.
1128 1517 1199 1573 Ut
1227 1533 1410 1572 autem
1436 1528 1492 1574 et
1518 1520 1623 1574 hoc
1645 1520 1824 1590 ipsum
1846 1532 2067 1589 quoque

487 1604 583 1658 tibi
608 1607 962 1675 perspicuum
988 1608 1206 1675 evadat,
1247 1609 1316 1664 ad
1369 1612 1685 1681 exemplum
1735 1611 1792 1664 in
1835 1609 2068 1665 exordio

483 1698 833 1767 prepositum
855 1700 1163 1755 orationem
1189 1717 1385 1757 rursus
1419 1702 1775 1757 reducamus.
1997 1701 2000 1703 Α

557 1789 698 1844 Xlll.
736 1791 1032 1862 Fingamus
1068 1792 1256 1863 itaque
1293 1809 1476 1863 regem
1514 1794 1830 1863 quempiam
1861 1809 2070 1848 sermo-

483 1897 612 1937 nem
640 1882 988 1952 depromere,
1023 1886 1116 1955 qui
1140 1886 1410 1941 libertatis
1446 1887 1531 1942 vel
1552 1888 1784 1942 aliorum
1808 1888 2073 1958 regalium
2105 1863 2146 1918 Β

485 1987 781 2028 munerum
812 1975 1014 2044 quibus
1058 1985 1277 2046 oportet
1322 1977 1837 2046 impertiendorum,
1879 1979 2072 2034 decre-

485 2073 602 2118 tum
624 2064 682 2118 in
707 2079 766 2119 se
783 2066 1083 2131 contineat,
1119 2067 1367 2137 illudque
1390 2068 1446 2122 in
1463 2067 1652 2123 charta
1677 2068 1880 2138 aliqua,
1909 2085 2074 2138 quam

484 2157 708 2212 Sacram
734 2165 956 2224 vocant,
977 2159 1180 2214 litteris
1196 2173 1542 2230 expressum,
1561 2160 1628 2214 ad
1650 2161 1791 2215 hanc
1808 2161 1893 2215 vel
1925 2160 2076 2214 illam

483 2248 768 2302 civitatem
795 2249 1014 2304 mittere
1047 2267 1060 2303 :
1088 2249 1133 2304 si
1157 2249 1319 2315 hanc,
1348 2266 1470 2320 quae
1495 2251 1867 2306 Romanorum
1892 2252 2076 2322 lingua

484 2340 692 2395 dicitur
717 2340 904 2406 Sacra,
935 2342 1137 2412 aliquis
1157 2342 1424 2412 perﬁdus,
1461 2352 1516 2398 et
1545 2343 1891 2407 inobediens,
1914 2351 1970 2397 et
1994 2342 2078 2397 ci--

483 2434 674 2489 vitatis
708 2434 988 2500 inimicus,
1030 2450 1095 2490 ac
1137 2436 1284 2506 regis
1325 2437 1501 2491 hostis
1529 2436 1864 2506 intercipiat,
1902 2437 2075 2492 inter-

483 2532 811 2594 ceptamque
847 2525 1149 2592 dilaceret;
1175 2526 1290 2597 jam
1330 2525 1418 2581 die
1458 2527 1614 2592 mihi,
1642 2527 1772 2596 quid
1812 2527 1901 2582 hic
1931 2528 2076 2581 lace-

485 2625 663 2670 ratum
694 2627 816 2681 est,
858 2617 1121 2672 chartane
1171 2619 1306 2683 sola,
1350 2634 1419 2673 an
1464 2619 1632 2673 etiam
1669 2619 1952 2674 decretum
1988 2635 2077 2674 rc-

484 2706 672 2776 gium?
703 2707 869 2776 Atqui
905 2707 952 2762 si
986 2709 1101 2763 sola
1130 2709 1323 2763 charta
1351 2709 1613 2764 dilaniata
1645 2710 1882 2773 dicatur,
1909 2725 2078 2778 parvo

484 2799 784 2854 admodum
824 2801 941 2870 ipsa
971 2801 1236 2857 laceratio
1262 2802 1468 2872 poterit
1499 2801 1695 2856 redimi
1725 2819 1739 2856 :
1771 2801 2080 2856 tenebitur—

483 2908 594 2960 que
638 2892 741 2946 hac
779 2893 994 2947 ratione
1045 2893 1319 2948 lacerator
1363 2901 1458 2947 aut
1503 2894 1662 2958 nulli,
1702 2902 1798 2946 aut
1833 2907 1961 2947 sane
1991 2892 2078 2945 vix

487 2981 734 3051 quinque
762 2981 1053 3035 obolorum
1101 2983 1286 3036 multa:
1327 2981 1619 3037 obnoxius.
1661 2983 1944 3053 Ejusmodi
1977 3000 2078 3038 au-

489 3078 599 3124 tem
631 3085 955 3140 supremum
981 3069 1315 3140 supplicium
1351 3071 1632 3142 dependit,
1667 3087 1938 3142 poenaque
1961 3074 2077 3126 atii-

485 3162 632 3216 citur
658 3161 914 3231 capitali,
949 3170 1007 3216 ut
1036 3163 1132 3232 qui
1176 3179 1288 3218 non
1331 3165 1508 3220 solum
1539 3166 1785 3220 chartam
1817 3164 2075 3235 disrupe—
2103 3209 2149 3270 ϐ

488 3251 580 3316 rit,
603 3252 698 3307 sed
726 3253 937 3323 regium
978 3269 1198 3324 quoque
1232 3255 1518 3312 decretum
1546 3256 1872 3311 laceraverit
1900 3273 1912 3308 :
1947 3272 2074 3311 cum

487 3343 679 3412 utique
715 3343 999 3413 imperiale
1040 3346 1273 3400 verbum
1311 3347 1616 3402 secundum
1652 3363 1710 3402 se
1748 3347 2072 3416 impatibile,

483 3434 703 3503 taleque
737 3433 830 3498 sit,
863 3434 1010 3504 quod
1051 3451 1148 3491 sua
1187 3435 1360 3506 ipsius
1387 3446 1584 3491 natura
1607 3452 1787 3507 neque
1819 3437 2076 3492 manibus

485 3526 836 3588 contrectari,
876 3542 1055 3596 neque
1075 3528 1312 3583 discindi
1352 3529 1544 3598 possit.
1582 3529 1650 3582 Et
1681 3535 1862 3583 tamen
1895 3527 2074 3598 ipsum

481 3632 706 3686 quoque
724 3617 1016 3674 discissum
1041 3618 1264 3682 dicitur,
1294 3619 1424 3687 quia
1445 3619 1650 3673 chartaa
1680 3629 1738 3673 et
1763 3618 2072 3674 litterarum

486 3705 797 3774 passionem
835 3713 1091 3773 tanquam
1120 3706 1398 3774 propriam
1444 3706 1499 3760 in
1540 3721 1598 3761 sc
1631 3705 1908 3761 transfert.
1944 3707 2075 3762 Cer-

489 3796 578 3849 nis
608 3795 736 3849 hinc
770 3810 880 3864 quo
907 3806 1066 3865 pacto
1101 3796 1155 3850 id
1189 3796 1336 3866 quod
1370 3797 1505 3852 nulli
1530 3797 1833 3852 secundum
1868 3813 1926 3853 se
1952 3814 2076 3868 pas-

487 3886 629 3940 sioni
646 3886 946 3940 obnoxium
967 3895 1072 3952 est,
1099 3903 1166 3942 eo
1185 3890 1302 3958 ipso
1330 3887 1570 3957 passioni
1595 3888 1904 3958 subjicitur,
1927 3888 2074 3956 quod

2169 600 2306 655 Οὔτε
2336 602 2445 671 γὰρ
2481 601 2645 671 φύσις
2685 599 2820 653 Θεοῦ
2854 600 3136 670 ἡδίκηταν
3169 599 3288 653 οὐδὲ
3338 601 3447 672 γάρ
3477 603 3752 673 μεταϐολῇ

2171 695 2279 766 ἰδίᾳ
2316 695 2384 748 τὰ
2419 695 2569 764 πάθη
2610 694 2856 758 ἐδέξατοο
2891 694 2983 747 καὶ
3014 693 3112 764 τὴν
3152 695 3306 764 ἰσχὺν
3337 696 3487 764 παρὰ
3517 695 3653 748 Θεοῦ
3686 697 3757 750 τά

2167 787 2314 857 πάθη
2349 787 2489 840 κατὰ
2532 787 2599 840 τὰ
2648 787 2758 838 τῶν
2797 785 3057 855 ὁμοειδῶν
3084 785 3372 855 λαμϐάνει.
3407 786 3608 839 Λοιπὸν
3641 788 3756 858 γάρ

2167 879 2196 930 6
2229 877 2485 943 θάνατος,
2523 877 2599 941 ὡς
2637 876 2783 931 Θεοῦ-
2807 877 3117 946 γενόμενος,
3149 879 3418 946 καταργεῖ
3461 876 3551 930 τὸν
3585 877 3757 930 θάνα-

2167 985 2280 1022 τον’
2316 969 2411 1022 καὶ
2434 967 2722 1023 ἀποθανὼν
2755 968 2871 1020 λύει
2904 968 3004 1037 τὴν
3036 968 3329 1037 τυραννίδα
3359 966 3454 1020 τοῦ
3491 967 3755 1030 θανάτου,

2167 1061 2356 1131 ἐπειδὴ
2393 1061 2488 1114 καὶ
2532 1061 2688 1125 Θεὸς,
2724 1061 2817 1114 καὶ
2846 1059 3134 1129 ἄνθρωπος
3182 1054 3273 1129 ἦν.
3304 1059 3380 1111 Οὐ
3424 1058 3534 1130 γὰρ
3596 1059 3758 1129 ψιλὸν

2167 1153 2454 1226 ἄνθρωπον
2490 1153 2841 1222 ἐσταύρωσαν
2872 1155 2920 1207 οἱ
2970 1151 3234 1216 Ἰουδαῖοι,
3265 1152 3386 1205 οὐδὲ
3406 1152 3506 1222 τὴν
3537 1152 3756 1223 ὁρωμέ-

2168 1259 2267 1312 νην
2298 1243 2465 1313 μόνην
2507 1242 2832 1314 καθήλωσαν
2876 1243 3070 1313 φύσινο
3110 1242 3224 1296 ἀλλ’
3266 1244 3346 1306 εἰς
3384 1242 3474 1296 τὸν
3521 1245 3580 1296 ἐν
3612 1244 3754 1315 αὐτῇ

2169 1331 2302 1386 Θεὸν
2337 1334 2546 1403 ἧγαγον
2593 1333 2662 1387 τά
2710 1333 3058 1405 τολμήματα,
3083 1337 3186 1405 τῆς
3215 1334 3507 1406 ὴνωμένης
3536 1337 3755 1404 φύσεως

2168 1427 2598 1497 οἰκειωσάμενον
2627 1426 2693 1480 τά
2726 1426 2894 1498 πάθη.
2928 1428 3036 1481 Καὶ
3085 1428 3172 1481 ἵνα
3218 1443 3303 1480 σοι
3353 1427 3636 1482 καὶτοῦτο
3661 1429 3755 1498 γέ·

2169 1535 2328 1588 νηται
2378 1518 2568 1588 σαφὲς,
2601 1518 2696 1572 ἐπὶ
2725 1518 2786 1571 τὸ
2823 1519 2882 1571 ἐν
2925 1518 3066 1590 ἀρχῇ
3112 1518 3286 1590 ῥηθὲν,
3325 1519 3632 1591 ὑπόδειγμα
3659 1521 3754 1576 τὸν

2168 1611 2324 1680 λόγον
2360 1612 2677 1682 ἀγάγωμεν.

2248 1786 2348 1842 ΙΓ’.
2367 1787 2585 1841 Κείσθω
2601 1788 2710 1860 γὰρ
2726 1787 2949 1858 βασιλέα
2969 1787 3304 1857 φθέγγεσθαι
3326 1790 3504 1859 λόγον,
3524 1794 3615 1844 καὶ
3633 1793 3728 1845 τοῦ
3742 1823 3759 1833 -

2175 1894 2264 1931 τον
2304 1878 2665 1932 ἐντυποῦσθαι
2713 1878 2802 1932 διὰ
2849 1881 3195 1950 γραμμάτων
3245 1882 3422 1953 χάρτῃ
3472 1884 3609 1948 τινὶ,
3658 1882 3759 1953 τὴν

2176 1967 2480 2038 λεγομένην
2510 1967 2725 2038 Σάκραν
2753 1967 3166 2031 ἐξαποστέλλειν
3192 1971 3311 2033 ταῖς
3356 1970 3561 2032 πόλεσι,
3599 1971 3759 2038 λόγον

2176 2057 2568 2128 ἡμφιεσμένον⁶
2596 2057 2691 2110 καὶ
2739 2056 2916 2128 χάρτῃ
2954 2056 3048 2113 καὶ
3083 2057 3411 2128 γράμμασιν
3442 2057 3758 2126 ἐλευθερίαν

2177 2151 2554 2221 χαριζόμενον,
2587 2151 2618 2220 ἢ
2667 2149 2801 2204 ἄλλα
2851 2149 2998 2221 δῶρα
3027 2151 3282 2219 βασιλικὰ
3318 2154 3432 2215 τοῖς
3479 2151 3758 2222 δεομένοις

2177 2242 2490 2313 κομίζονται
2526 2243 2660 2296 ἀλλὰ
2689 2242 2894 2313 ταύτην
2919 2242 3017 2313 τὴν
3048 2243 3285 2314 Σάκραν,
3321 2243 3419 2314 τὴν
3450 2244 3757 2314 λεγομένην

2176 2336 2243 2403 τῇ
2282 2333 2390 2387 τῶν
2437 2332 2651 2385 Ἰταλῶν
2692 2335 2864 2403 φωνῇ,
2889 2333 3234 2402 ὑποδεχέσθω
3262 2335 3489 2397 ἄπιστός
3521 2353 3628 2398 τις,
3664 2336 3761 2389 καὶ

2178 2425 2432 2496 ἀπειθὴς,
2472 2426 2566 2478 καὶ
2614 2428 2712 2494 τῆς
2743 2425 2948 2487 πόλεως
2982 2424 3192 2494 ἐχθρὸς,
3245 2426 3340 2480 καὶ
3368 2425 3462 2478 τοῦ
3495 2427 3762 2496 βασιλέως

2178 2517 2457 2587 πολέμιος,
2501 2518 2594 2570 καὶ
2633 2515 2811 2569 λαϐὼν
2860 2517 2950 2569 τὸν
3001 2516 3206 2586 χάρτην
3249 2517 3648 2588 διαρρηγνύτω.
3693 2520 3761 2571 Τί

2177 2608 2389 2680 ἐρράγη
2422 2606 2698 2671 ὲνταῦθας
2729 2606 2849 2660 εἰπέ
2886 2624 2998 2677 μοι’
3036 2609 3063 2660 6
3092 2608 3298 2678 χάρτης
3331 2608 3512 2677 μόνος,
3543 2609 3575 2678 ἦ
3615 2609 3710 2661 καὶ
3734 2611 3763 2660 6

2178 2699 2333 2767 λόγος
2365 2699 2394 2751 6
2441 2698 2750 2768 βασιλικός;
2802 2699 2912 2752 Καὶ
2951 2698 3060 2769 μὴν
3101 2699 3150 2750 εἰ
3185 2701 3392 2769 χάρτης
3424 2700 3582 2768 μόνος
3612 2699 3764 2772 διερ-

2167 2791 2342 2864 ῥάγη,
2384 2787 2532 2858 αὐτῷ
2583 2787 2740 2858 μόνον
2771 2787 2971 2840 εὔωνον
2996 2783 3063 2859 ἦν
3097 2787 3156 2840 τὸ
3205 2787 3433 2858 φθαρὲν,
3467 2788 3762 2852 ἀνεύθυνος

2177 2883 2205 2935 6
2232 2883 2424 2954 ῥήξας,
2451 2882 2484 2954 ἢ
2517 2882 2676 2935 πέντε
2701 2880 2904 2944 ὀϐολοῖς
2934 2881 3114 2950 μόνοις
3147 2881 3446 2944 ὑπεύθυνος
3475 2877 3566 2953 ἦν.
3602 2881 3765 2936 Ἀλλά

2176 2976 2361 3030 δίδωσι
2383 2976 2542 3046 δίκην
2579 2975 2676 3045 τὴν
2709 2975 2973 3045 ἐσχάτην,
3009 2975 3102 3028 καὶ
3143 2977 3487 3045 τιμωρεῖται,
3529 2975 3623 3028 καὶ
3661 2975 3764 3046 τὴν

2180 3068 2271 3121 ἐπὶ
2302 3067 2531 3120 Θάνατον
2586 3069 2799 3134 ἄγεται,
2853 3068 2952 3136 οὐχ
2992 3066 3067 3129 ὼς
3123 3067 3331 3136 χάρτην
3380 3065 3764 3136 λυμηνάμενος

2183 3159 2364 3230 μόνον,
2416 3157 2531 3211 ἀλλ’
2567 3159 2642 3222 ὡς
2676 3159 2768 3212 καὶ
2809 3158 2965 3227 λόγον
2997 3159 3292 3232 διαρρήξας
3327 3159 3625 3227 βασιλικόν.
3654 3159 3766 3212 Καὶ

2182 3251 2288 3322 μὴν
2337 3252 2365 3302 6
2399 3250 2491 3303 τοῦ
2535 3249 2796 3319 βασιλέως
2836 3251 2993 3319 λόγος
3025 3239 3175 3304 ἔστὶν
3209 3250 3448 3321 ἀπαθὴς,
3481 3249 3605 3304 οὔτε
3632 3268 3766 3321 χερ-

2175 3345 2228 3394 cl
2265 3342 2375 3410 (57)
2415 3340 2825 3412 λαμϐανόμενος
2881 3345 2949 3412 τῇ
3007 3342 3202 3396 ἑαυτοῦ
3243 3343 3423 3412 φύσει,
3458 3344 3579 3397 οὐδὲ
3611 3345 3766 3415 διαρο

2175 3435 2409 3504 ῥαγῆναι
2477 3433 2773 3502 δυνάμενος
2805 3471 2819 3496 ,
2885 3433 3024 3488 ἀλλὰ
3093 3435 3189 3487 καὶ
3251 3435 3414 3498 αὐτὸς
3471 3437 3762 3507 διερῤάγη,

2173 3524 2269 3577 τοῦ
2365 3524 2570 3593 χάρτου
2656 3524 2750 3577 κοιλ⁵
2826 3524 2934 3577 τῶν
3010 3525 3358 3596 γραμμάτων
3440 3527 3503 3578 τὸ
3590 3527 3766 3591 πάθος

2174 3611 2547 3682 οἰκειὼμενος.
2611 3614 2774 3685 Ὁρᾷς
2809 3613 2927 3677 πῶς
2962 3615 3022 3667 τὸ
3062 3616 3274 3679 ἀπαθὲς
3310 3616 3525 3685 δέχεται
3566 3616 3760 3679 πάθος,

2181 3703 2404 3757 ἐπειδάν
2437 3704 2596 3773 φύσει
2621 3707 2927 3779 κοινωνήσῃ
2961 3706 3274 3777 παθητικῇ;
3312 3707 3448 3760 Οὐδὲ
3475 3707 3582 3778 γὰρ
3621 3710 3649 3760 6
3673 3707 3765 3761 λό-

2182 3811 2279 3863 γος
2320 3798 2387 3866 τῇ
2431 3797 2608 3867 οἰκείᾳ
2645 3796 2806 3866 φύσει
2850 3797 3164 3869 διέρρηκτο·
3220 3799 3316 3851 καὶ
3352 3798 3415 3852 τὸ
3464 3798 3634 3862 πάθος
3668 3799 3763 3852 τοῦ

2186 3885 2410 3956 χάρτου,
2439 3886 2657 3939 καὶτῶν
2681 3887 2961 3958 στοιχείων
2986 3890 3222 3955 ἐδέξατο.

488 3997 612 4037 cum
675 3983 887 4053 patibili
939 3995 1136 4038 natura
1185 3984 1740 4040 communicationem
1775 3984 2078 4038 sortiatur?
2133 3984 2323 4052 Neque
2356 3980 2502 4036 enim
2551 3998 2754 4048 sermo,
2814 3986 2962 4054 quod
3023 3985 3091 4040 ad
3161 3987 3444 4056 propriam
3507 3997 3763 4044 naturam

487 4074 703 4138 attinet,
754 4072 1049 4128 dilaniatus
1098 4081 1213 4138 est;
1267 4080 1324 4128 et
1370 4058 1554 4126 tamen
1603 4072 1806 4127 charta:
1849 4073 2366 4142 elementorumque
2397 4072 2706 4141 passionem
2748 4074 2803 4127 in
2855 4089 2913 4128 se
2939 4076 3176 4145 excepit.

557 4182 695 4238 XIV.
750 4185 827 4239 Ne
881 4183 1049 4254 igitur
1083 4184 1255 4254 jactet
1295 4197 1353 4236 se
1404 4181 1650 4246 Iudaeus,
1677 4191 1936 4252 tanquam
1985 4186 2079 4254 qui

491 4291 693 4344 purum
737 4273 1014 4328 hominem
1051 4274 1202 4329 cruci
1241 4273 1492 4328 allixerit.
1530 4273 1664 4328 Nam
1699 4275 1846 4342 quod
1892 4289 2082 4330 ceme-

488 4366 673 4429 batur,
707 4365 898 4419 charta
932 4364 1156 4433 quidem
1189 4372 1341 4428 erat;
1369 4364 1514 4433 quod
1557 4379 1689 4418 vero
1727 4365 1783 4418 in
1822 4381 1886 4420 ca
1919 4366 2078 4420 abdi-

2251 4187 2348 4240 lA’.
2386 4185 2476 4256 Μὴ
2505 4185 2776 4257 θαρρείτω
2803 4188 3094 4259 τοιγαροῦν
3128 4193 3156 4243 6
3201 4191 3471 4253 Ἰουδαῖος,
3505 4189 3581 4252 (Lg
3608 4187 3765 4256 ψιλὸν

2178 4279 2467 4350 ἄνθρωπον
2512 4279 2857 4350 σταυρώσας*
2913 4283 2972 4335 τὸ
3011 4282 3120 4353 γὰρ
3174 4284 3495 4352 φαινόμενον
3553 4285 3763 4352 χάρτης

2177 4365 2266 4441 ἦν,
2296 4370 2356 4424 τὸ
2383 4371 2441 4424 δὲ
2469 4371 2528 4425 ὲν
2558 4371 2706 4441 αὐτῷ
2741 4374 3138 4444 κρυπτόμενον,
3172 4374 3329 4442 λόγος
3361 4374 3658 4444 βασιλικὸς,
3696 4377 3763 4428 ἐκ

488 4463 606 4508 tum
651 4454 922 4518 Iatitabat,
953 4453 1139 4524 regius
1177 4462 1296 4508 erat
1341 4468 1544 4518 sermo,
1593 4470 1703 4508 non
1741 4455 1947 4525 lingua,
1982 4455 2077 4509 sed

2180 4463 2396 4532 φύσεως
2425 4463 2484 4515 οὑ
2517 4462 2604 4517 διὰ
2636 4462 2882 4534 γλώττης
2917 4465 3284 4535 προενεχθείς.
3319 4465 3491 4533 Λόγος
3522 4466 3620 4535 μὲν
3651 4467 3762 4537 γάρ

487 4554 685 4602 natura
704 4545 1032 4616 productus.
1055 4545 1298 4600 Verbum
1326 4561 1562 4616 namque
1592 4547 2074 4618 Unigenitus-dici-

2175 4556 2204 4607 6
2240 4555 2550 4626 Μονογενὴς
2573 4556 2808 4624 λέγεται,
2831 4557 2890 4610 οὐ
2916 4558 3248 4629 προφορικὸς
3283 4558 3359 4622 δὲ,
3408 4558 3524 4610 ἀλλ’
3565 4559 3763 4610 οὑπιώ-

487 4646 600 4702 tur,
625 4651 738 4690 non
765 4637 1133 4706 prolatitium,
1165 4637 1260 4692 sed
1283 4637 1644 4694 substantiale
1660 4655 1724 4693 ac
1738 4641 2076 4695 subsistens:

2177 4645 2274 4716 δης
2310 4645 2403 4698 καὶ
2451 4646 2837 4710 ένυπόστατοςο
2885 4647 3039 4701 οὐδὲν
3112 4648 3212 4718 μὲν
3259 4651 3325 4718 τῇ
3377 4648 3554 4718 οἰκείᾳ
3601 4648 3761 4717 φύσει

488 4743 671 4798 neque
719 4727 774 4782 in
817 4728 1041 4798 propria
1080 4735 1281 4783 natura
1323 4730 1635 4799 patiebatur
1679 4730 1908 4800 aliquid,
1953 4747 2077 4785 cum

2180 4739 2427 4808 πάσχων,
2472 4737 2549 4791 ὢν
2581 4738 2800 4809 ἀπαθὴς
2841 4739 3043 4808 Λόγος,
3078 4739 3184 4792 ἴδια
3227 4740 3285 4793 δὲ
3337 4739 3659 4808 ποιούμενος
3695 4740 3762 4794 τὰ

488 4829 637 4878 esset
669 4819 978 4889 impatibile
1009 4819 1286 4886 Verbum;
1325 4821 1421 4875 sed
1461 4820 1611 4874 illius
1639 4822 1786 4889 quod
1812 4821 2078 4876 cerneba-

489 4922 580 4968 tur
602 4912 826 4982 patique
855 4918 1092 4982 poterat,
1128 4913 1415 4982 passiones
1441 4913 1611 4967 veluti
1650 4913 1904 4983 proprias
1936 4916 1991 4968 in
2020 4929 2079 4970 se

490 5002 875 5058 transferebat.
904 5002 973 5056 Et
1000 5003 1465 5072 quemadmodum
1487 5018 1673 5058 sermo
1704 5005 1889 5075 regius
1911 5017 1967 5060 et
1988 5006 2078 5060 lit-

489 5103 732 5150 terarum
769 5101 1024 5149 naturam
1062 5094 1119 5147 in
1151 5109 1209 5148 se
1241 5094 1504 5163 suscepit,
1541 5101 1598 5149 et
1625 5095 1830 5150 chartae
1861 5097 2074 5165 passio-

487 5201 612 5238 nem
637 5185 743 5240 sibi
772 5185 876 5256 ipsi
909 5183 1312 5255 appropriavit;
1349 5184 1423 5239 ita
1451 5185 1794 5254 unigenitum
1816 5187 1912 5241 Dei
1935 5189 2075 5244 Ver-

488 5277 619 5331 bum
659 5277 909 5332 cruciﬂxi
939 5277 1191 5346 corporis
1215 5277 1501 5346 passiones
1519 5277 1624 5332 sibi
1647 5277 1776 5332 fecit
1798 5281 2073 5349 proprias.

486 5365 668 5433 Quare
708 5374 770 5420 ut
793 5367 840 5421 is
871 5366 964 5436 qui
989 5367 1213 5422 Sacram
1251 5369 1458 5438 regiam
1494 5368 1737 5432 violavit,
1781 5371 1949 5424 veluti
1981 5371 2077 5441 qui

489 5459 670 5529 ipsum
719 5460 865 5531 regis
910 5461 1144 5516 verbum
1199 5459 1574 5529 discerpserit,
1608 5460 1804 5516 ultimo
1842 5461 2079 5519 aﬂicitur

487 5552 792 5624 supplicio;
825 5551 905 5607 sic
945 5551 1170 5608 Judzeus
1195 5566 1418 5623 quoque
1458 5551 1514 5608 id
1552 5551 1700 5622 quod
1743 5553 2080 5610 cernebatur

562 5730 672 5801 (Et?)
723 5732 810 5782 'l-Iv
839 5731 1016 5801 χερσί.

562 5800 670 5867 (τε)
710 5801 817 5868 Τ
853 5800 1004 5870 ὕλην.

2179 4828 2274 4882 τοῦ
2302 4829 2628 4900 φαινομένου
2679 4829 2997 4902 παθήματα.
3039 4831 3150 4884 Καὶ
3185 4829 3375 4903 ὥσπερ
3422 4835 3448 4884 6
3483 4831 3761 4899 βασιλικὸς

2177 4916 2336 4985 λόγος
2366 4919 2460 4971 καὶ
2489 4919 2600 4971 τῶν
2643 4919 2990 4990 γραμμάτων
3029 4923 3129 4992 τὴν
3163 4921 3328 4990 φύσιν
3384 4921 3496 4991 (58)
3544 4922 3762 4989 ἐδέξατο

2183 5007 2366 5074 αὐτὸς,
2416 5009 2508 5062 καὶ
2536 5007 2594 5062 τὸ
2628 5008 2798 5072 πάθος
2831 5009 2927 5064 τοῦ
2955 5010 3157 5081 χάρτου
3188 5011 3318 5064 ἴδιον
3349 5011 3440 5064 τοῦ
3476 5012 3636 5080 λόγου
3669 5029 3761 5080 γε-

2182 5101 2429 5172 γένηται,
2471 5101 2644 5166 οὕτως
2684 5105 2712 5156 6
2746 5103 3039 5174 μονογενὴς
3071 5103 3204 5167 Θεὸς
3232 5105 3343 5176 (59)
3370 5105 3542 5172 Λόγος
3569 5104 3638 5157 τὰ
3663 5104 3762 5157 τοῦ

2182 5191 2592 5264 καθηλωθέντος
2623 5194 2727 5247 ῐδια
2758 5194 3054 5264 πεποίηται
3089 5194 3256 5265 πάθη.
3275 5195 3373 5248 Διά
3388 5195 3548 5248 τοῦτο
3571 5194 3762 5265 ὥσπερ

2176 5286 2205 5336 6
2241 5285 2457 5356 Σάκραν
2485 5285 2768 5356 βασιλικὴν
2797 5287 3199 5356 λυμηνάμενος,
3249 5287 3326 5351 ὡς
3376 5287 3639 5358 βασιλέως
3665 5289 3767 5358 ῥή-

2179 5375 2277 5442 ξας
2309 5376 2400 5428 τὸν
2437 5375 2615 5447 λόγον,
2673 5377 2770 5446 τὴν
2827 5379 2922 5431 ἐπὶ
2965 5378 3196 5432 θάνατον
3243 5381 3455 5449 ἄγεται’
3510 5379 3684 5443 οὕτως
3734 5382 3769 5435 6

2179 5468 2502 5542 σταυρώσας
2561 5467 2808 5533 Ἰουδαῖος
2851 5471 2912 5522 τὸ
2947 5475 3290 5542 φαινόμενον,
3327 5473 3483 5538 δίκας
3520 5473 3761 5536 δίδωσιν,

2176 5558 2257 5621 εἰς
2306 5558 2468 5612 αὐτὸν
2511 5559 2601 5613 τὸν
2638 5560 2770 5614 Θεὸν
2810 5562 2979 5632 Λόγον
3024 5564 3270 5628 ἐκτείνας
3306 5564 3363 5618 τὸ
3417 5565 3690 5636 τόλμημα·
3737 5566 3768 5618 6

2253 5736 2364 5806 (59)
2404 5736 2508 5790 Τοῦ
2542 5737 2694 5794 Θεοῦ.
