4076 6440
355 283 496 343 13⁸85

1154 286 1441 347 HOMILIA
1472 288 1569 347 ill.
1602 287 1681 345 ‘IN
1715 287 1832 345 DIE
1866 285 1930 344 S.
1968 285 2256 345 JOANNIS
2291 286 2813 349 EVANGELISTE.

3473 295 3610 352 1388

354 401 469 473 7&9
495 400 637 466 Θεὸς
666 399 857 456 λοιπὸν
887 397 961 466 ὡς
993 400 1126 456 ἴδιον
1177 401 1348 466 πάθος
1383 403 1591 457 έκδικεῖ
1620 403 1681 457 τὸ
1710 401 1934 475 γενόμε-

2035 401 2381 473 cruciﬁgens,
2410 404 2639 475 perinde
2676 421 2868 477 pcenas
2896 405 3071 473 dabit,
3095 416 3157 463 ut
3187 408 3282 479 qui
3312 409 3368 465 in
3401 412 3612 483 ipsum.

355 511 467 548 vov.
512 492 653 548 Ἀλλ’
696 492 858 547 ἰκανὰ
904 492 976 548 τά
1006 494 1295 567 εἰρημένα.
1353 494 1576 567 Ἐπειδὴ
1626 493 1935 568 φροντίζειν

354 584 436 638 δεῖ
469 584 565 637 κα)⁵
614 583 718 654 τῆς
755 583 979 655 μνήμης
1024 585 1124 654 τῆς
1160 584 1467 655 ὑμετέρας·
1497 585 1559 639 τὸ
1589 586 1697 657 7&9
1731 585 1936 656 πλῆθος

352 674 463 728 τῶν
492 673 839 745 λεγομένων,
880 673 1218 745 ὑτωρϐλύζον
1261 675 1363 746 τῆς
1402 675 1515 729 τῶν
1567 676 1934 748 ἀκροωμένων

353 764 566 828 ἐννοίας
592 806 608 830 ,
659 764 953 835 ἀμνήμονα
1003 764 1097 819 τὸν
1147 765 1425 838 ἀκροατὴν
1465 766 1573 821 τῶν
1629 768 1935 839 εἰρημένων

353 858 521 921 ποιεῖ.
554 855 770 909 Γένοιτο
793 855 870 922 δὲ,
911 855 1095 933 χάριτι
1123 856 1282 924 θεοῦ,
1324 857 1421 911 καὶ
1463 856 1532 911 τὰ
1560 858 1826 931 εἰρημένα
1865 860 1934 930 τῇ

355 950 546 1019 μνήμῃ
602 946 749 1019 ύμές
798 947 1156 1019 περιλαϐεῖν,
1194 949 1290 1003 καὶ
1345 948 1567 1022 ἑτέρους
1613 950 1678 1002 ἐκ
1730 949 1935 1003 τούτων

349 1038 608 1107 ὠφελεῖν,
654 1038 750 1093 καὶ
780 1038 879 1109 τὴν
911 1038 1189 1109 βασιλείαν
1231 1039 1342 1093 τῶν
1382 1037 1630 1112 οὐρανῶν
1664 1039 1785 1093 ἀντὶ
1813 1038 1936 1092 τούα

350 1145 461 1183 των
501 1130 881 1202 κληρονομεῖν.
927 1125 1037 1193 *Ης
1073 1131 1284 1199 γένοιτο
1331 1131 1539 1196 πάντας
1571 1133 1721 1202 ἡμᾶς
1750 1133 1936 1185 ἐπιτυ-

352 1221 472 1289 χεῖν
524 1220 713 1291 χάριτι
746 1219 838 1273 τοῦ
894 1219 1159 1287 Χριστοῦο
1205 1214 1248 1289 ᾧ
1281 1222 1315 1293 ἡ
1351 1220 1477 1285 δόξα
1523 1221 1617 1276 καὶ
1647 1221 1707 1274 τὸ
1737 1222 1935 1292 κράτος

352 1312 433 1376 εἰς
459 1312 589 1376 τοὺς
616 1310 821 1376 αἰῶνας
845 1312 953 1368 τῶν
988 1311 1219 1367 αἰώνων.
1267 1314 1460 1386 Ἀμήν.

927 1599 1174 1654 ouum
1225 1601 1302 1666 1",

2035 504 2149 550 met
2191 496 2290 552 Dei
2323 497 2563 555 Verbum
2594 499 2795 570 impius
2813 500 3103 558 exstiterit.
3132 502 3253 560 Jam
3286 504 3436 560 enim
3465 508 3614 565 Deus

2036 586 2257 642 illorum
2291 588 2470 645 scelus
2521 598 2777 661 tanquam
2821 608 2975 648 suam
3016 594 3274 666 injuriam
3303 598 3611 657 ulciscitur.

2026 673 2145 729 Sed
2183 675 2317 731 satis
2341 674 2410 731 de
2445 676 2533 731 his
2553 678 2663 748 jam
2697 680 2905 735 dictum
2936 681 3130 739 fuerit.
3160 684 3295 741 Nam
3330 696 3389 742 et
3417 700 3616 746 vestrae

2036 781 2256 838 quoque
2288 770 2568 825 memoriae
2596 772 2864 828 rationem
2900 775 3102 832 habere
3140 789 3397 849 oportet:
3438 784 3614 854 siqui-

2037 857 2163 913 dem
2201 858 2475 915 dictorum
2528 863 2686 934 copia
2727 865 3038 923 auditorum
3081 880 3320 928 mentem
3342 873 3612 943 .obruens,

2028 947 2216 1019 ipsum
2249 949 2578 1017 auditorem,
2606 966 2798 1007 eorum
2824 969 2946 1023 quae.
2977 954 3125 1013 dicta
3146 958 3385 1027 fuerant,
3415 960 3615 1018 imme—

2038 1052 2249 1093 morem
2280 1039 2481 1095 reddit.
2518 1040 2675 1096 Faxit
2701 1042 2877 1115 gratia
2902 1044 3021 1110 Dei,
3052 1054 3114 1100 ut
3139 1047 3229 1103 illa
3254 1064 3376 1119 qua:
3410 1066 3616 1122 propo-

2037 1127 2142 1182 sita
2158 1136 2307 1195 sunt,
2333 1131 2600 1187 memoria
2622 1133 2914 1204 complexi,
2929 1134 3063 1191 .aliis
3090 1153 3309 1209 quoque
3333 1140 3401 1195 de
3416 1141 3616 1201 horum

2026 1221 2194 1291 .copia
2241 1222 2502 1292 prodesse
2540 1224 2785 1294 possitis,
2820 1242 3166 1299 regnumque
3202 1231 3469 1288 caelorum
3513 1250 3617 1305 pro

2034 1313 2124 1370 bis
2151 1313 2507 1381 haereditetis.
2538 1316 2695 1384 Quod
2720 1317 2933 1375 utinam
2951 1335 3054 1376 nos
3073 1337 3269 1379 omnes
3286 1339 3386 1394 per
3408 1325 3616 1382 Christi

2024 1406 2264 1482 gratiam
2300 1406 2721 1478 adipiscamur:
2762 1410 2852 1465 cui
2881 1411 2953 1467 sit
2986 1411 3156 1483 gloria
3197 1424 3254 1470 et
3271 1426 3521 1485 potestas
3556 1418 3616 1475 in

1962 1525 1991 1539 ο
2036 1498 2233 1551 secula
2258 1499 2605 1554 srrculorum.
2641 1500 2837 1559 Amen.

2616 1613 2903 1671 HOMILIA
2941 1617 3030 1672 lli.

350 1713 650 1801 Αεκθεῖσέξ
697 1713 803 1801 ἐξ
819 1714 1048 1801 Τεφέσίέθ
1080 1714 1232 1801 ’Ξείές
1269 1714 1714 1801 Νξσῖέρέογλέν
1745 1714 1937 1785 νηιάδα

2038 1715 2230 1788 Ephesi
2259 1729 2444 1775 contra
2478 1720 2788 1801 Nestorium
2822 1726 3023 1801 habita,
3048 1730 3109 1784 in
3141 1731 3226 1786 die
3248 1735 3419 1789 sancti
3451 1735 3621 1792 Joan-

607 1781 890 1838 Ἰωάννου*
926 1782 1035 1837 τοῦ
1087 1781 1522 1854 εὐαγγελιστοῦ
1561 1782 1695 1855 (61).

422 1902 502 1951 A’.
521 1897 702 1967 Ὅπερ
719 1895 838 1949 ἐστί
848 1898 963 1960 τοῖς
981 1894 1229 1966 σώμασιν
1250 1894 1415 1968 ἡμῶν
1432 1896 1636 1968 ἰατρὸς,
1648 1897 1806 1952 τοῦτο
1816 1900 1936 1963 ταῖς

339 1988 552 2059 ψυχαῖς
602 1987 802 2059 ἱερεύς.
855 1986 1074 2059 Ἐπειδὴ
1102 1987 1212 2057 7&9
1242 1988 1463 2060 νόσημα
1499 1987 1686 2060 ψυχῶν
1716 1990 1865 2043 ἔστιν
1898 1992 1932 2061 ἡ

354 2080 556 2153 πλάνη,
605 2079 702 2134 καὶ
750 2077 1075 2151 χρονίζουσα
1123 2078 1353 2135 θάνατον
1388 2080 1481 2135 τὸν
1521 2080 1627 2151 τῆς
1661 2082 1934 2154 τιμωρίας

363 2173 652 2243 ἐπήγαγεν
683 2169 822 2243 (6‘2),
856 2170 1208 2243 ᾡκονόμησεν
1236 2174 1269 2244 ἡ
1305 2174 1401 2227 τοῦ
1430 2174 1747 2243 Πνεύματος
1774 2176 1935 2246 χάρις

352 2262 597 2334 ἰατρείαν
626 2260 805 2333 ψυχῆς
827 2262 966 2333 (65),
996 2262 1095 2334 τὴν
1114 2264 1398 2336 ἰεροσύνην
1423 2265 1524 2337 τὴν
1554 2263 1852 2334 ἁγίαν,καί
1874 2267 1936 2321 τὸ

348 2352 707 2427 προσληφθὲν
723 2352 838 2427 (64)
856 2353 936 2425 τῷ
953 2353 1116 2408 πάθει
1135 2354 1294 2427 μέλος
1312 2355 1590 2427 ἐξέκοψεν
1608 2358 1709 2411 οὐκ
1723 2357 1934 2411 ἐκείνου

344 2446 607 2516 ἀφειδῶν,
633 2444 771 2499 ἀλλὰ
800 2445 909 2499 τῶν
931 2445 1137 2501 λοιπῶν
1170 2446 1346 2518 μελῶν
1373 2449 1711 2520 φειδόμενος.
1760 2449 1938 2504 Ἐπει-

350 2537 415 2608 δὴ
465 2536 575 2608 7&9
605 2536 666 2591 τὸ
705 2535 926 2607 συνεχὲς
956 2537 1057 2608 τῆς
1106 2539 1323 2610 σήψεως
1367 2539 1469 2611 τῆς
1502 2539 1730 2612 σαθρᾶς,
1766 2541 1935 2613 μετάο

342 2628 499 2682 δοσιν
523 2626 815 2700 εἰργάζετο
846 2628 949 2697 τῆς
991 2627 1215 2697 κακίας,
1255 2629 1512 2700 ἐκτέμνει
1539 2631 1602 2684 τὸ
1636 2631 1816 2703 μέλος,
1849 2633 1937 2686 ἶνα

346 2717 621 2789 ἑπιτέμνῃ
645 2718 747 2788 τὴν
786 2717 1008 2771 κακίαν.
1049 2719 1159 2773 Καὶ
1188 2718 1307 2772 ἐστι
1342 2719 1403 2773 τὸ
1446 2716 1587 2785 εἶδος
1632 2720 1794 2775 τοῦτο
1835 2723 1938 2776 οὐκ

345 2807 599 2879 ὠμότης,
627 2807 765 2861 ἀλλὰ
806 2807 1094 2878 θεραπεία.
1119 2808 1381 2879 Δακρύων
1412 2810 1512 2880 μὲν
1552 2810 1661 2880 γὰρ
1686 2811 1716 2864 ό
1752 2811 1937 2883 ἰατρὸς

344 2898 609 2969 ἐκτέμνει
634 2897 697 2950 τὸ
723 2897 904 2967 μέλος
936 2895 1051 2948 ἀλλ’
1094 2897 1353 2967 ἀφειδῶν,
1393 2897 1492 2970 τὴν
1525 2901 1730 2968 τμῆσιν
1773 2898 1936 2971 θερα-

348 2988 515 3044 πείαν
565 2990 882 3060 εἰργάσατο.
943 2991 1196 3062 Ἀρχαῖον
1227 2987 1386 3043 τοῦτο
1417 2989 1516 3059 τῆς
1553 2989 1851 3063 θεραπείας
1877 2991 1939 3045 τὸ

2596 1795 2676 1848 nis
2707 1797 3056 1868 evangelista.

2109 1901 2159 1956 l.
2188 1902 2345 1970 Quod
2368 1907 2702 1977 corporibus
2726 1909 2932 1964 nostris
2954 1921 3040 1966 est
3067 1913 3335 1977 medicus,
3368 1917 3472 1972 hoc
3494 1921 3618 1974 ani-

2030 1991 2235 2048 mabus
2256 2004 2341 2050 est
2370 1995 2647 2052 sacerdos.
2679 1996 2899 2053 Etenim
2938 2000 3068 2069 quia
3085 2002 3255 2057 animi
3276 2006 3504 2062 morbus
3532 2018 3619 2064 est

2026 2096 2213 2149 error,
2247 2084 2344 2154 qui
2377 2084 2717 2143 inveteratus
2765 2090 2958 2147 mortis
2995 2092 3325 2163 supplicium
3360 2097 3613 2167 inducit;

2035 2172 2276 2242 Spiritus
2304 2176 2477 2231 sancti
2511 2178 2687 2249 gratia
2719 2181 3031 2237 animarum
3073 2185 3402 2242 medicinam
3433 2204 3618 2246 sacer-

2032 2265 2249 2322 dotium
2295 2268 2553 2337 instituit,
2603 2272 3024 2344 membr-umque
3062 2277 3256 2333 morbo
3297 2293 3617 2352 correptum

2035 2358 2214 2414 excidi
2241 2360 2460 2415 curavit
2485 2378 2498 2415 :
2535 2376 2646 2418 non
2670 2364 2827 2434 quod
2850 2366 2985 2422 illud
3017 2369 3340 2441 negligeret,
3366 2373 3463 2428 sed
3484 2376 3618 2430 reli-

2035 2450 2161 2519 quis
2191 2450 2458 2521 membris
2485 2455 2802 2511 consultum
2829 2458 3058 2528 cupiens
3075 2458 3235 2531 (cum
3264 2464 3413 2518 enim
3438 2466 3618 2523 conti—

2035 2556 2175 2596 nens
2196 2541 2292 2598 illa
2313 2543 2490 2610 tabes,
2516 2560 2700 2616 pravae
2721 2550 3098 2619 corruptionis
3128 2553 3466 2612 incrementa
3485 2575 3624 2629 pau-

2027 2630 2189 2686 latim
2206 2638 2544 2707 generaret),
2564 2638 2873 2694 membrum
2897 2642 3180 2711 putridum
3209 2646 3621 2714 praecidendum

2036 2723 2394 2791 existimavit,
2440 2740 2551 2795 quo
2591 2726 2786 2783 vitium
2831 2731 3196 2789 exscinderet.
3240 2735 3458 2807 “Estque
3505 2739 3626 2797 haec

2027 2815 2271 2871 curandi
2310 2815 2454 2872 ratio
2490 2833 2602 2873 non
2642 2820 2972 2890 crudelitas,
3013 2823 3110 2879 sed
3142 2825 3435 2883 medicina.
3472 2828 3626 2886 ‘Sano

2039 2903 2288 2960 medicus
2319 2903 2459 2961 ﬂens
2505 2907 2816 2964 membrum
2865 2912 3216 2981 praescindit;
3256 2931 3450 2972 verum
3492 2918 3624 2975 dum

2030 3009 2153 3050 anon
2178 2997 2377 3067 parcit,
2407 2999 2582 3070 ipsam
2615 3002 2915 3058 sectionem
2941 3004 2998 3059 in
3032 3005 3364 3064 medicinam
3392 3025 3626 3067 convcr-

354 3073 494 3143 εἶδός
540 3079 660 3133 ἐστι
704 3081 800 3132 καὶ
827 3080 1054 3135 ἄνωθενο
1090 3078 1266 3143 οὕτως
1317 3079 1368 3133 οἰ
1403 3079 1550 3148 ἅγιοι
1592 3081 1937 3153 ἐπεμελήθη-

2035 3086 2127 3141 tit.
2164 3087 2355 3159 Neque
2393 3105 2569 3161 genus
2596 3093 2702 3149 hoc
2728 3095 2985 3151 medendi
3024 3112 3229 3153 novum
3257 3108 3362 3166 est,
3397 3103 3494 3158 sed
3525 3119 3627 3158 an-

351 3186 458 3225 σαν
477 3171 578 3242 τῆς
603 3172 918 3243 πανσέμνου
936 3172 1047 3243 (65)
1066 3170 1273 3243 ταύτης
1290 3171 1799 3244 Ἑκκλησίας.έἘχει
1826 3173 1936 3245 γὰρ

349 3264 382 3315 ό
422 3262 603 3332 ἱερεὺς
636 3264 731 3316 καί
758 3262 931 3331 ξίφος,
956 3263 1056 3334 οὐχ
1080 3263 1170 3318 ἵνα
1198 3264 1452 3337 κακώσῃ,
1487 3263 1603 3318 ἀλλ’
1652 3265 1741 3320 ἵνα
1769 3265 1935 3338 θερα-

350 3351 555 3424 πεύσῃ.
593 3354 705 3407 Καὶ
725 3352 883 3407 τοῦτο
912 3353 1148 3425 δηλοῦσα
1170 3353 1379 3409 ἄνωθεν
1428 3355 1462 3424 ἡ
1513 3355 1673 3425 χάρις
1717 3354 1936 3424 πρῶτον

352 3444 434 3514 τῷ
467 3444 716 3516 Ἱερεμίᾳ
736 3446 1008 3516 ἐμήνυσε,
1043 3445 1296 3514 λέγουσα·
1330 3465 1349 3496 ι
1389 3445 1716 3516 Κατέστησά
1744 3462 1804 3499 σε
1834 3447 1934 3516 σή-

357 3550 526 3605 μερον
553 3534 646 3586 ἐπὶ
687 3532 966 3605 βασιλείας
1004 3534 1098 3588 καὶ
1137 3534 1287 3604 ἔθνη,
1321 3534 1594 3606 ὲκριζοῦν,
1636 3536 1732 3591 καὶ
1765 3554 1935 3591 κατα-

351 3628 645 3694 σκάπτειν,
688 3629 783 3682 καὶ
822 3626 1132 3695 ἀπολλύειν,
1167 3629 1262 3681 καὶ
1289 3629 1682 3699 ἀνοικοδομεῖν,
1714 3630 1808 3684 καὶ
1836 3648 1936 3684 κα-

357 3720 709 3789 ταφυτεύειν.
749 3739 767 3773 ι
792 3720 868 3773 Οὐ
904 3719 1199 3789 φυτεύεται
1220 3719 1330 3790 γὰρ
1352 3719 1628 3785 εὐσέϐεια,
1672 3719 1748 3793 μὴ
1778 3722 1937 3775 ὲκκο-

357 3811 558 3882 πείνσης
583 3811 804 3875 κακίας.
840 3809 1078 3879 Εὗλογον
1110 3811 1208 3882 μὲν
1248 3810 1467 3883 πρῶτον
1505 3811 1937 3884 manumissi-

353 3904 553 3977 μελεία
593 3906 876 3975 γεωργικῇ
929 3904 1189 3975 χρῆσθαι,
1244 3903 1439 3972 λόγους
1487 3904 1791 3976 προσάγειν
1823 3904 1937 3976 (66)

350 3997 673 4061 εὐσεϐείας,
712 3996 1039 4069 ἐπιμέλειαν
1078 3997 1339 4051 παντοίαν
1381 3998 1683 4069 προσάγειν
1716 3998 1828 4070 (67)
1861 3997 1939 4069 τῷ

358 4089 535 4160 μέλει.
560 4089 626 4141 Εἰ
675 4088 733 4142 δὲ
777 4089 811 4158 ὴ
842 4088 1010 4142 κακία
1054 4088 1323 4159 κρείττων
1350 4088 1564 4158 γένοιτο
1603 4090 1702 4160 τῆς
1742 4092 1931 4160 ἐπιμε-

353 4177 528 4241 λείας,
553 4178 587 4248 ή
621 4176 831 4248 ἐκκοπὴ
881 4175 1019 4246 ἴαμα
1067 4176 1177 4229 τῶν
1213 4176 1358 4231 οὕτω
1397 4178 1760 4249 διακειμένων
1798 4180 1936 4233 ἐστί.

357 4269 487 4333 Πῶς
510 4269 622 4341 γὰρ
650 4268 716 4324 ἄν
745 4286 830 4332 τις
847 4268 1243 4338 ὲπιμελήσαιτο
1268 4286 1376 4323 των
1398 4269 1543 4324 οὕτω
1555 4270 1936 4340 διακειμένων,

354 4362 464 4414 τῶν
498 4361 867 4426 ὀνειδιζόντων
903 4359 1023 4431 Θεῷ
1053 4359 1125 4414 τὰ
1150 4361 1490 4432 ἀνθρώπινα,
1514 4363 1608 4415 καὶ
1636 4362 1732 4433 τὴν
1776 4363 1936 4437 χάριν

352 4452 416 4504 ἓν
436 4455 603 4526 μέρει
635 4450 871 4515 ὀνείδους
894 4451 1233 4521 ποιουμένων
1246 4469 1267 4514 .;

430 4712 505 4767 B'.
533 4711 606 4765 Ti
635 4711 845 4780 λέγειςς
882 4713 1025 4767 εἰπέ.
1050 4713 1203 4777 Θεὸν,
1229 4715 1414 4785 φησὶν,
1437 4716 1497 4768 ού
1517 4714 1661 4786 λέγω
1680 4718 1947 4773 πεπονθέ-

356 4819 466 4857 ναι.
488 4802 549 4855 Εἰ
572 4803 671 4873 μὲν
692 4804 832 4874 πρὸς
858 4803 959 4874 τὴν
991 4804 1153 4873 φύσιν
1186 4805 1424 4876 βλέπεις,
1448 4808 1627 4873 καλῶς
1644 4810 1795 4882 ὁρᾷς·
1813 4813 1863 4864 εἰ
1891 4811 1949 4867 δὲ

2049 4834 2160 4873 non
2187 4820 2332 4877 dico.
2372 4823 2515 4882 Sane
2538 4828 2583 4881 si
2620 4828 2686 4883 ad
2712 4830 2935 4889 deitatis
2964 4846 3217 4894 naturam

358 4894 644 4957 παντελῶς
672 4895 917 4967 ἀναιρεῖς
955 4895 1016 4948 τὸ
1059 4895 1254 4961 πάθος,
1283 4900 1421 4971 ἀρνῇ
1453 4901 1555 4971 τὴν
1601 4903 1931 4973 οἰκονομίαν.

356 4984 449 5054 Μὴ
478 4984 586 5057 γὰρ
612 4986 878 5060 ὀνειδίσῃς
899 4987 1019 5059 Θεῷ
1043 4987 1288 5054 παθόντι,
1317 4991 1453 5045 ἀλλὰ
1474 4993 1580 5047 τῶν
1602 4994 1940 5066 παθημάτων

359 5075 526 5145 βλέπε
550 5078 620 5131 τά
654 5078 1079 5150 κατορθώματα.
1117 5081 1209 5144 Εἰς
1241 5084 1516 5137 εὐτέλειαν
1547 5087 1753 5155 κατέϐη
1787 5087 1941 5151 Θεὸς,

355 5168 420 5220 ού
448 5170 702 5238 μειωθεὶς
744 5171 844 5242 τὴν
873 5171 1056 5242 φύσιν,
1093 5172 1232 5226 ἀλλὰ
1268 5175 1364 5244 τὴν
1391 5176 1551 5245 χάριν
1578 5177 1943 5250 δωρούμενος,

432 5279 479 5310 ³ο
500 5280 708 5339 Jerem.
737 5301 776 5350 ι,
804 5285 893 5341 10.

737 5418 950 5507 ςοίἰιιιτ
979 5426 1274 5507 naﬁrmeis
1319 5432 1434 5507 ‘die
1469 5433 1538 5489 26
1589 5435 1955 5507 Septembris.

359 5483 679 5569 Tlieodotus
734 5501 916 5569 autem
976 5494 1143 5552 fuisse
1200 5483 1545 5558 Cbalccdone

357 5554 394 5608 4
424 5552 701 5624 Septemb.
738 5559 1060 5620 manemus.

433 5623 543 5702 (.99
580 5626 840 5702 998.23%.
878 5634 1105 5702 ἐπῆγεν-

581 5696 719 5752 lbid.
758 5692 1054 5771 θεραπείαν
1078 5705 1284 5777 ψυχῶν,

677 5790 948 5857 ΡΑτιιοι.
987 5797 1099 5861 Gn.
1129 5801 1403 5866 LXXVII.

2044 3178 2281 3248 tiquum,
2303 3187 2361 3236 et
2381 3182 2495 3253 jam
2528 3182 2658 3239 inde
2692 3186 2762 3241 ab
2792 3187 2954 3243 initio
2973 3201 3318 3262 usurpatum.
3338 3193 3458 3250 'Hac
3476 3197 3625 3252 enim

2044 3266 2259 3322 ratione
2301 3270 2477 3323 sancti
2506 3270 2702 3328 Patres
2733 3275 3105 3330 venerandam
3148 3278 3292 3334 hanc
3314 3281 3625 3339 Ecclesiam

2032 3365 2314 3414 curarunt
2335 3367 2392 3413 et
2413 3370 2829 3417 conservamnt.
2850 3364 3087 3421 Obtinet
3117 3371 3375 3428 sacerdos
3404 3388 3627 3446 quoque

2043 3448 2307 3518 gladium,
2341 3465 2455 3506 non
2479 3463 2541 3506 ut
2571 3452 2753 3520 laedat,
2780 3456 2876 3512 sed
2905 3466 2966 3513 ut
2986 3459 3253 3515 medelam
3281 3462 3497 3521 afferat.
3530 3468 3628 3523 At-

2037 3554 2153 3608 que
2182 3540 2288 3596 hoc
2316 3541 2503 3611 ipsum
2523 3544 2655 3599 olim
2685 3561 2924 3618 superna
2960 3551 3137 3621 gratia
3159 3551 3446 3613 insinuans
3472 3557 3629 3615 .lerc-

2045 3632 2169 3698 mia:
2214 3632 2477 3691 indicavit
2517 3636 2745 3696 dicens:
2789 3658 2808 3691 ι
2836 3639 3109 3699 Constitui
3154 3653 3209 3702 te
3249 3646 3415 3703 hodie
3463 3664 3630 3721 super

2047 3738 2213 3794 regna
2241 3733 2298 3780 et
2322 3734 2536 3797 gentes,
2574 3738 2635 3784 ut
2664 3731 2893 3799 evellas,
2934 3742 2993 3789 et
3026 3734 3299 3804 destruas,
3330 3747 3386 3794 et
3415 3740 3631 3813 disper-

2034 3812 2166 3879 das,
2201 3823 2259 3870 et
2284 3816 2603 3885 reaediliees,
2630 3828 2687 3876 et
2714 3823 2926 3892 plantes
2961 3826 3029 3879 ⁸⁸.
3061 3847 3079 3878 ι
3116 3828 3307 3900 Neque
3338 3833 3487 3889 enim
3504 3812 3630 3906 pie—

2039 3912 2130 3960 tas
2161 3904 2444 3973 inseritur,
2468 3909 2576 3965 nisi
2597 3912 2806 3969 malitia
2836 3924 2964 3973 ante
2982 3916 3150 3975 fuerit
3178 3904 3631 3996 exstirpata—Par

2048 4007 2135 4053 est
2170 3999 2363 4070 utique
2395 4001 2576 4071 primo
2604 4005 2805 4076 rigare,
2830 4008 3061 4067 culturae
3081 4011 3350 4073 industria
3378 4019 3481 4085 uti,
3508 4019 3633 4091 pie-

2049 4090 2176 4144 tatis
2198 4105 2512 4150 sermonem
2536 4095 2825 4165 adhibere,
2854 4110 2908 4157 et
2928 4117 3091 4159 omne
3118 4102 3356 4179 denique
3388 4090 3633 4169 medica--

2036 4182 2219 4237 .menti
2244 4198 2419 4253 genus
2438 4187 2737 4257 applicare.
2769 4192 2974 4248 Verum
3015 4197 3058 4251 si
3084 4198 3238 4256 tabes
3263 4204 3437 4274 major
3466 4203 3635 4262 fuerit

2048 4286 2212 4339 quam
2249 4283 2314 4329 ut.
2337 4277 2679 4334 curationem
2713 4281 2987 4349 admittat,
3019 4294 3151 4342 tunc
3190 4289 3413 4348 demum
3455 4311 3634 4351 mem-

2036 4360 2276 4417 brorum
2320 4364 2399 4420 ita
2444 4367 2767 4426 aﬂ‘ectorum
2815 4376 2988 4431 sectio
3042 4386 3127 4434 est
3172 4382 3464 4440 medicina.
3514 4386 3634 4454 Qua

1971 4449 2198 4509 Denim
2237 4456 2451 4513 ratione
2473 4460 2746 4531 quispiam
2776 4466 2829 4520 ei
2852 4468 3157 4535 medeatur,
3194 4476 3288 4544 qui
3313 4474 3387 4531 ita
3413 4449 3635 4550 compa-

2039 4554 2198 4601 ratus
2239 4554 2343 4612 est,
2376 4558 2439 4602 ut
2455 4550 2575 4606 Deo
2605 4552 2861 4613 humanae
2892 4567 3102 4616 natura:
3134 4566 3482 4625 conditiones
3508 4586 3637 4642 pro-

2046 4635 2148 4690 bro
2168 4645 2368 4702 vertat,
2400 4639 2842 4717 beneﬁciumque
2876 4654 3226 4713 contumeliae
3264 4656 3387 4714 loco
3434 4635 3638 4716 ducat?

2119 4728 2185 4783 ll.
2221 4728 2361 4796 Quid
2390 4732 2571 4789 dicis?
2608 4741 2901 4809 responde.
2944 4743 3140 4811 Deum,
3182 4747 3379 4823 inquit,
3410 4768 3635 4823 passum

3251 4852 3486 4912 spectes,
3520 4862 3636 4901 non

2037 4925 2244 4967 erras:
2280 4915 2365 4969 sin
2412 4933 2544 4973 vero
2592 4925 3003 4991 perpessionem
3042 4930 3367 5001 simpliciter
3404 4935 3481 4989 illi
3512 4937 3635 4991 adi-

2050 5015 2187 5067 mas,
2223 5001 2688 5076 dispensatiimem
2720 5029 3005 5088 pernegas.
3041 5021 3119 5077 Ne
3153 5039 3285 5095 ergo
3323 5030 3635 5098 perpessio-

2050 5107 2153 5149 nes
2186 5095 2298 5151 Deo
2340 5098 2701 5171 improperes,
2745 5107 2841 5163 sed
2883 5114 3300 5181 perpessionum
3326 5095 3632 5175 utilitatem

2048 5185 2333 5258 inspicias.
2377 5191 2437 5244 in
2476 5193 2842 5255 humilitatem
2901 5202 3046 5259 Deus
3099 5220 3157 5262 sc
3212 5207 3465 5276 demisit,
3506 5213 3634 5268 nul-

2143 5446 2253 5529 ίέἓὲ)
2290 5450 2526 5529 iis-.509.
2568 5454 2897 5529 προληφθέν.

2137 5518 2248 5587 (65)
2290 5519 2423 5574 Ibid.
2466 5518 2635 5580 πανσέ
2646 5518 2799 5581 πτὸύ.

2452 5597 2799 5668 προσφέρειν.

2128 5656 2240 5728 (67)
2278 5658 2416 5715 Ibid.
2456 5656 2803 5739 προσξρέρειν.

3134 5844 3212 5907 ﬂ
