4076 6438
451 302 588 358 I387

1524 295 1875 354 THEODOTI
1914 294 2227 353 EPISCOPI
2283 288 2635 348 ANCYRANI

3595 281 3740 338 ιδςε

449 418 558 475 lam
597 415 899 474 secundum
937 419 1220 491 propriam
1257 427 1514 473 naturam
1545 431 1841 486 perpessus
1880 414 2045 468 dimi-

2158 411 2365 482 έμεινεν
2414 409 2441 462 6
2478 403 2580 480 ἦν,
2631 401 2966 475 προσέλαϐεν
2999 402 3027 457 6
3075 402 3175 457 οὐκ
3209 397 3296 474 ἦν.
3346 401 3571 472 Ἔμεινε
3600 400 3739 469 Θεὸς

451 511 775 575 nationem,
824 509 922 566 sed
965 512 1108 566 hanc
1156 509 1322 566 nobis
1372 510 1605 581 gratiam
1650 508 1878 562 faciens.
1929 505 2046 559 Hoc

449 602 598 673 quod
642 612 766 658 erat
814 618 1167 674 permanens,
1199 603 1503 673 assumpsit
1541 599 1692 672 quod
1746 615 1859 654 non
1898 607 2039 654 erat.

451 698 597 754 Deus
625 712 747 753 esse
774 713 885 753 non
921 697 1135 755 destitit
1165 709 1393 770 propter
1431 695 1712 768 propriam
1748 701 2004 750 naturam
2030 710 2043 746 :

451 788 599 859 quod
633 799 819 845 autem
842 800 901 846 tu
933 806 1014 857 es,
1049 791 1104 846 id
1139 790 1317 845 factus
1356 799 1442 845 est
1477 788 1569 844 ille
1615 786 1688 843 ob
1722 801 1876 842 suam
1913 786 1969 839 in
1995 792 2047 840 te

452 880 876 951 benignitatem.
906 882 986 937 Ne
1028 881 1198 953 igitur
1224 880 1531 936 curationis
1561 878 1789 934 modum
1818 876 1885 930 in
1911 889 2048 931 con-

456 970 742 1026 tumeliam
789 981 1010 1037 vertas;
1049 987 1230 1042 neque
1266 971 1608 1041 improperes
1642 968 1882 1032 medico,
1914 966 1958 1020 si
1993 967 2051 1020 in

452 1063 707 1132 corporis
741 1061 1057 1118 humilitate
1094 1062 1453 1125 constitutus,
1484 1069 1637 1116 tuam
1671 1067 1932 1129 operatus
1966 1064 2053 1111 est

454 1155 768 1210 sanitatem.
806 1153 927 1208 Non
965 1162 1051 1209 est
1079 1153 1172 1208 illa
1202 1152 1486 1207 humilitas
1535 1150 1726 1221 probri
1770 1150 1914 1214 loco,
1955 1147 2052 1202 sed

455 1244 818 1301 humanitatis
845 1253 1250 1315 argumentum.
1296 1243 1590 1298 Descendit
1633 1242 1701 1296 ad
1737 1249 1810 1306 te,
1846 1255 1957 1295 non
1991 1248 2051 1292 ut

458 1337 513 1390 in
546 1335 908 1391 inferioribus
948 1336 1174 1401 haereat,
1204 1335 1302 1391 sed
1343 1344 1404 1390 ut
1434 1343 1486 1389 te
1515 1334 1584 1389 ad
1618 1349 1678 1389 se
1709 1332 1890 1404 ipsum
1917 1330 2049 1386 sub-

459 1428 644 1483 vehat.
666 1427 745 1483 Ne
763 1427 1027 1484 inﬁcieris
1042 1427 1394 1493 descensum,
1414 1436 1596 1483 utnon
1612 1426 1834 1482 amittas
1857 1440 2049 1481 ascen-

459 1532 627 1572 sum:
663 1519 993 1588 amplectere
1045 1518 1459 1584 contumeliam,
1518 1534 1643 1589 qute
1685 1527 1835 1573 tuam
1886 1533 2051 1586 pepe—

2140 505 2228 558 διά
2255 502 2354 573 τὴν
2386 500 2584 556 ἑαυτοῦ
2616 498 2801 568 φύσιν·
2840 496 3067 565 γέγονεν
3094 495 3235 565 ὅπερ
3261 495 3325 546 σῖ.
3357 494 3445 548 διὰ
3473 492 3575 564 τὴν
3607 494 3742 565 περὶ

2147 595 2208 649 σὲ
2254 592 2693 665 φιλανθρωπίαν.
2726 589 2820 661 Μὴ
2854 586 2950 643 οῦν
2982 588 3043 642 τὸ
3090 583 3231 650 εἰδος
3270 587 3370 657 τῆς
3413 587 3740 656 ἐπιμελείας

2145 685 2307 757 ὕϐριν
2343 683 2593 757 νομίσῃς·
2648 680 2723 753 μὴ
2758 679 3026 750 ὁνειδίσῃς
3063 676 3145 750 τῷ
3188 677 3380 748 ἰατρῷ,
3420 680 3468 731 εί
3497 679 3556 729 ὲν
3584 678 3744 730 εὑτεο

2151 776 2274 847 λείᾳ
2309 773 2562 845 σώματος
2597 773 2697 844 τὴν
2741 771 2952 841 ὑγίειαν
2984 769 3298 842 εἰργάσατο.
3334 769 3410 822 Οὐ
3437 769 3547 840 γὰρ
3580 770 3743 841 ὕϐρις

2150 867 2301 922 ἐστὶν
2327 869 2361 939 ή
2387 866 2658 931 εὐτέλεια,
2674 863 2810 918 ἀλλά
2824 864 3025 935 δεῖγμα
3046 861 3483 934 φιλανθρωπίας.
3513 861 3746 932 Κατέϐη

2151 961 2288 1033 πρὸς
2318 960 2399 1023 σὲ,
2429 959 2530 1029 οὐχ
2560 957 2651 1013 ἵνα
2697 958 2858 1030 μείνῃ
2892 963 3063 1020 κάτω,
3092 955 3208 1009 ἀλλ’
3234 954 3321 1007 ἵνα
3357 971 3418 1007 σε
3446 953 3581 1024 πρὸς
3613 954 3747 1006 έαυ-

2149 1054 2242 1106 τὸν
2292 1050 2569 1121 ἀναγάγῃ.
2604 1050 2698 1120 Μὴ
2752 1049 2969 1121 ἀρνήσῃ
3017 1048 3118 1118 τὴν
3169 1045 3496 1109 κατάϐασιν,
3539 1044 3627 1097 ἵνα
3667 1043 3747 1113 μὴ

2153 1144 2429 1215 ἀπολέσῃς
2452 1142 2550 1214 τὴν
2575 1141 2839 1197 ἀνάϐασιν
2865 1140 3001 1212 (69)·
3028 1140 3174 1205 δέξαι
3190 1139 3290 1210 τὴν
3321 1137 3503 1208 ὓϐριν,
3524 1137 3623 1208 τὴν
3643 1136 3747 1206 σὴν

2153 1236 2312 1301 δόξαν
2342 1235 2704 1306 γεννήσασαν.
2741 1233 2854 1303 Οὐχ
2884 1231 3138 1303 ὕϐρισται
3164 1230 3347 1299 φύσις,
3373 1227 3490 1282 ἀλλ’
3516 1228 3550 1298 η
3580 1226 3744 1296 χάρις

2156 1328 2409 1400 δωρεῖταί
2444 1342 2528 1378 σοι
2555 1324 2626 1379 τά
2654 1324 2853 1393 ἀγαθά.
2889 1322 2986 1376 Διά
3029 1321 3089 1375 σὲ
3118 1321 3212 1375 τὸν
3244 1318 3568 1392 ὑϐρισμένον
3596 1316 3737 1368 οἰκέ-

2156 1438 2256 1491 την
2287 1421 2316 1473 6
2348 1417 2627 1497 ᾼεσπότης
2666 1415 2968 1484 ὑϐρίζεται.
3002 1414 3084 1467 Τά
3130 1411 3197 1465 σὰ
3226 1409 3512 1473 ἀνέλαϐεν,
3553 1406 3748 1476 ἐπειδὴ

2158 1514 2224 1568 σὺ
2262 1511 2331 1566 τά
2363 1511 2575 1564 ἐκείνου
2612 1507 2925 1569 κατέλιπες.

460 1613 533 1667 rit
561 1613 811 1684 gloriam.
859 1613 1176 1670 Divinitatis
1207 1622 1406 1669 natura
1436 1614 1647 1668 nullam
1693 1613 2049 1684 ignominiam
2087 1618 2172 1666 est
2205 1622 2493 1679 perpessa;
2541 1603 2714 1676 gratia
2746 1609 2932 1657 autem
2976 1599 3096 1653 tibi
3160 1595 3396 1653 contulit
3450 1589 3744 1659 beneficia,

462 1708 693 1777 Propter
728 1716 780 1762 te
803 1722 1027 1762 servum
1065 1708 1423 1778 ignominiam
1476 1707 1862 1779 promeritum,
1930 1703 2225 1776 ignominia
2260 1701 2496 1759 afﬁcitur
2564 1697 2849 1753 Dominus.
2912 1693 3044 1760 Quae
3099 1701 3190 1747 tua
3232 1696 3361 1745 sunt
3393 1687 3483 1741 ille
3532 1697 3753 1766 assum-
3850 1755 3855 1759 _

461 1798 590 1869 psit,
627 1799 888 1868 quoniam
914 1806 972 1852 tu
1000 1813 1124 1868 qua:
1152 1799 1304 1855 illius
1336 1809 1498 1854 erant
1528 1799 1874 1854 deserueras.

531 1890 621 1945 Ill.
645 1865 769 1944 _Nos
797 1906 827 1944 a
847 1889 939 1960 pio
968 1865 1204 1944 Domino
1235 1890 1570 1961 aufugimus,
1614 1890 1957 1962 gratiamque
1988 1888 2055 1943 ab

2235 1884 2310 1937 l".
2353 1878 2769 1951 ’Δπεδράσαμεν
2807 1876 2969 1946 ἡμεῖς
3021 1869 3233 1941 ἀγαθοῦ
3288 1867 3581 1923 Δεσπότου.
3626 1865 3746 1921 Οὐκ

461 1982 655 2037 eodem
689 1981 928 2037 oblatam
967 1996 1082 2036 non
1104 1981 1353 2037 tulimus.
1376 1982 1459 2043 Ad
1492 1996 1655 2037 usum
1694 1982 1922 2037 delicias
1953 1995 2049 2050 pa-

464 2072 629 2128 radisi
665 2087 1088 2144 acceperamus;
1122 2073 1223 2129 sed
1256 2074 1436 2145 legem
1477 2073 1769 2140 violantes,
1810 2088 1913 2129 nec
1936 2087 2049 2127 non

465 2167 519 2221 in
537 2165 906 2237 lcgislatorem
933 2167 1356 2236 pmvarieantes
1377 2173 1434 2227 et
1454 2166 1603 2222 hosti
1622 2180 1837 2221 morem
1856 2179 2050 2235 geren-

466 2266 568 2322 tes,
598 2272 667 2312 ex
689 2256 900 2313 honore
931 2256 1259 2337 excidimus.
1284 2258 1347 2312 ln
1382 2260 1638 2315 terrestri
1666 2259 1773 2314 hoc
1803 2259 1926 2313 loco
1949 2257 2048 2311 de-

463 2349 627 2420 gebat
653 2349 741 2405 ille
762 2349 1046 2419 fugitivus,
1076 2365 1257 2420 neque
1278 2350 1472 2409 oculos
1496 2350 1565 2407 ad
1590 2351 1885 2406 Dominum
1918 2350 2051 2405 sub-

465 2441 713 2505 levabat;
749 2441 1050 2511 voluptatis
1106 2456 1303 2498 sensus
1327 2440 1587 2498 deorsum
1630 2456 1875 2498 mersum
1899 2451 2052 2497 tene-

465 2531 586 2598 bat;
625 2531 745 2602 ipsa
775 2532 858 2587 vis
900 2532 1115 2603 peccati
1147 2533 1399 2589 vinclum
1445 2533 1687 2589 habebat
1722 2533 2048 2605 fugitivum;

465 2623 795 2693 desperabat
822 2640 982 2693 posse
1016 2624 1137 2679 fieri
1182 2634 1246 2679 ut
1280 2626 1522 2681 humana
1549 2634 1708 2681 mens
1730 2626 1904 2681 Deum
1932 2640 2053 2682 sus-

466 2718 694 2787 ciperet.
733 2716 876 2783 Quid
916 2718 1089 2787 ergo?
1123 2717 1402 2788 Numquid
1448 2733 1570 2773 mea
1617 2718 1847 2777 tarditas
1877 2718 2053 2774 Deum

467 2807 855 2876 pulcherrimae
893 2806 1061 2877 hujus
1090 2807 1454 2876 possessionis
1476 2822 1600 2876 qua:
1638 2807 1805 2861 homo
1832 2815 1939 2872 est,
1971 2809 2054 2878 ja-

468 2902 626 2949 ctura
657 2893 894 2950 afﬁciet?
922 2894 1115 2950 Absit:
1145 2910 1493 2966 nequaquam
1512 2896 1736 2951 enimid
1769 2897 2055 2953 universo-

471 2998 591 3037 rum
637 2983 784 3037 Deus
813 2991 899 3037 est
930 2998 1142 3053 passus.
1182 2984 1347 3042 Nefas
1391 2985 1542 3041 enim
1566 2993 1689 3041 erat
1729 2992 1792 3040 ut
1847 2986 2055 3042 invidia

470 3074 701 3146 gratiam
753 3073 972 3129 Domini
1010 3083 1336 3144 superaret:
1378 3076 1477 3132 sed
1514 3092 1696 3147 neque
1730 3076 1962 3133 decebat
1994 3087 2056 3135 ut

472 3168 568 3224 Dei
601 3167 808 3223 donum
845 3166 1061 3222 insidiis
1100 3168 1306 3226 diaboli
1330 3167 1606 3224 devictum
1634 3170 1875 3226 cederet.
1911 3171 2056 3239 Quid

2149 1975 2472 2047 ὴνέγκαμεν
2510 1971 2610 2041 τὴν
2623 1968 2773 2039 παρὰ
2807 1966 2902 2020 τοῦ
2925 1962 3200 2018 Δεσπότου
3227 1957 3518 2030 δεδομένην
3554 1958 3741 2029 χάριν.

2152 2068 2297 2140 Πρὸς
2328 2064 2520 2137 χρείαν
2569 2063 2670 2132 τὴν
2713 2059 3015 2115 ἀπόλαυσιν
3044 2054 3138 2108 τοῦ
3187 2051 3519 2123 παραδείσου
3546 2048 3741 2140 ἐλάϐο-

2153 2138 2274 2230 μεν·
2291 2156 2385 2211 τὸν
2406 2156 2567 2225 νόμον
2590 2148 3050 2223 παρετρώσαμεν·
3067 2145 3160 2199 τὸν
3181 2142 3481 2213 νομοθέτην
3500 2138 3743 2211 παρέϐη-

2153 2266 2273 2321 μεν·
2300 2248 2386 2316 τῷ
2424 2242 2606 2317 ἐχθρῷ
2630 2240 2985 2310 ἐπείσθημεν·
3007 2235 3350 2304 ὲξεπέσαμεν
3384 2231 3498 2302 (70)
3530 2232 3632 2301 τῆς
3661 2248 3740 2284 τι·

2154 2344 2280 2413 μῆς·
2319 2342 2398 2403 είς
2425 2338 2516 2393 τὸν
2541 2336 2821 2408 περίγειον
2845 2331 3010 2385 τόπον
3039 2332 3069 2383 6
3093 2327 3370 2399 δραπέτης
3396 2324 3607 2413 διῆγεν·
3636 2326 3743 2377 οὐκ

2146 2410 2409 2491 ἀνένευσε
2423 2432 2474 2503 (7
2487 2431 2537 2501 ι)
2550 2428 2686 2500 πρὸς
2701 2427 2793 2481 τὸν
2818 2429 2884 2480 Δε
2892 2423 3116 2493 σπότην·
3129 2423 3163 2491 ἡ
3180 2418 3343 2490 ἡδονὴ
3355 2410 3506 2471 κάτω
3517 2416 3742 2484 κατεῖχε

2152 2528 2242 2582 τδν
2272 2523 2488 2594 φυγάδα
2508 2540 2522 2556 ·
2570 2523 2604 2593 ἡ
2632 2519 2880 2592 ἁμαρτία
2924 2512 3215 2585 δεσμώτην
3246 2509 3371 2580 ἔσχε
3401 2507 3492 2561 τὸν
3527 2505 3741 2575 δραπέ-

2151 2633 2271 2687 την·
2328 2614 2551 2683 ἀπέγνω
2598 2612 2698 2683 τῆς
2745 2608 2904 2681 ἡμῶν
2934 2605 3193 2669 διανοίας,
3228 2601 3304 2665 ὼς
3343 2600 3405 2653 οὗ
3435 2597 3743 2668 δυναμένης

2153 2708 2451 2764 ἀνανεῦσαι
2480 2706 2617 2777 πρὸς
2644 2704 2735 2758 τὸν
2759 2701 2912 2755 Θεόν.
2964 2698 3029 2752 Τί
3057 2693 3192 2764 οῦν;
3229 2696 3265 2766 ἡ
3306 2692 3414 2764 ἐμὴ
3466 2688 3741 2761 βραδύτης

2156 2798 2428 2871 ζημιώσει
2462 2797 2598 2851 Θεὸν
2641 2794 2702 2849 τὸ
2734 2792 3023 2848 κάλλιστον
3071 2790 3258 2858 κτῆμα
3281 2785 3375 2839 τὸν
3409 2782 3738 2853 ἀνθρωπονς

2170 2891 2309 2945 Ἀλλ’
2327 2891 2428 2944 οὐκ
2454 2889 2719 2959 ἠνέσχετο
2745 2883 2933 2938 τοῦτον
2969 2880 3079 2952 (72)
3103 2881 3131 2932 6
3156 2877 3264 2932 τῶν
3279 2877 3416 2931 ὅλων
3430 2874 3582 2937 Θεός.
3602 2872 3741 2959 Οὐδὲ

2154 2982 2266 3053 γὰρ
2303 2979 2411 3033 ἔδει
2454 2957 2650 3049 (ρθόνον
2694 2975 2917 3045 κρατεῖν
2965 2964 3309 3034 Δεσποτικῆς
3340 2962 3581 3034 χάριτος·
3615 2957 3742 3053 οὐδὲ

2283 3070 2379 3125 τοῦ
2418 3048 2555 3123 Θεοῦ
2577 3065 2789 3138 δωρεὰν
2818 3064 2925 3118 ἔδει
2954 3058 3212 3115 νικᾶσθαι
3251 3054 3357 3109 ὑπὸ
3384 3054 3482 3123 τῆς
3517 3048 3742 3144 ἐπιϐου-

2156 3140 2254 3237 λης
2282 3164 2376 3218 τοῦ
2409 3159 2679 3215 διαϐόλου.
2707 3156 2773 3209 Τί
2806 3152 2898 3210 οῦν
2921 3155 2951 3207 6
2979 3149 3256 3219 Δεσπότης
3279 3147 3460 3237 ποιεῖς
3490 3140 3741 3237 Παραγε-

473 3256 641 3330 igitur
670 3258 940 3314 Dominus
976 3257 1145 3313 facit?
1177 3259 1338 3315 Venit
1377 3259 1446 3315 ad
1487 3260 1779 3331 fugitivum
1808 3280 1820 3315 :
1862 3235 2055 3319 servus

2159 3235 2309 3315 νεται
2339 3256 2477 3326 πρὸς
2504 3252 2596 3306 τὸν
2621 3248 2917 3322 δραπέτην·
2951 3246 2979 3297 ὀ
3019 3242 3128 3314 γὰρ
3150 3240 3336 3303 δοῦλος
3363 3236 3499 3331 πρὸς
3531 3235 3743 3331 έκεῖνον

473 3351 619 3407 enim
645 3351 713 3406 ad
747 3351 927 3422 ipsum
958 3352 1148 3406 venire
1174 3366 1284 3407 non
1319 3360 1557 3422 poterat.
1590 3351 1822 3409 Accedit
1849 3353 1918 3409 ad
1941 3369 2058 3409 ser-

474 3459 601 3497 vum
623 3459 733 3498 non
763 3444 1048 3514 majestate
1082 3443 1264 3507 herili,
1300 3458 1413 3499 non
1445 3444 1767 3515 angelorum
1800 3445 2058 3502 satellitia

474 3533 812 3603 praemittens
831 3571 845 3597 ,
886 3547 999 3586 non
1040 3518 1495 3602 archangelorum
1540 3532 1840 3605 phalanges
1883 3535 2056 3602 ciens,

475 3638 585 3678 non
622 3622 813 3693 igneos
854 3621 1046 3691 globos
1089 3622 1337 3688 vibrans,
1393 3639 1503 3679 non
1544 3625 1821 3682 elementa
1851 3642 2058 3682 concu-

478 3714 623 3768 tiens
691 3711 820 3783 (hoc
863 3712 1012 3766 enim
1061 3721 1209 3777 erat,
1252 3712 1434 3769 facere
1473 3722 1533 3769 ut
1577 3714 1842 3786 fugitivus
1879 3716 2060 3772 domi-

479 3817 614 3857 num
648 3800 1028 3855 advenientem
1056 3800 1361 3873 fugitaret);
1394 3802 1488 3859 sed
1524 3803 1600 3859 ita
1626 3805 1861 3873 accedit,
1887 3816 1950 3861 ut
1971 3805 2059 3861 fu-

480 3893 710 3966 gitivum
745 3892 942 3963 capiat,
976 3893 1366 3965 propriamque
1394 3896 1802 3965 possessionem
1831 3912 2064 3967 recupe-

481 3992 584 4041 ret.
618 3984 738 4040 Non
775 3983 924 4039 enim
954 3999 1054 4053 per
1081 3984 1355 4042 visibilem
1393 3986 1636 4057 speciem
1672 3987 1827 4043 illum
1853 3988 2059 4059 abigit;

482 4074 578 4129 sed
610 4088 859 4144 persona:
895 4072 1207 4129 humilitate
1242 4073 1309 4129 ad
1338 4074 1772 4132 familiaritatem
1795 4084 1852 4133 et
1874 4077 2065 4134 amici-

485 4165 614 4220 tiam
656 4172 920 4235 provocat
966 4181 978 4216 :
1019 4162 1253 4219 efﬁcitur
1301 4180 1607 4222 conservus
1633 4206 1649 4232 ,
1691 4176 1754 4223 ut
1805 4167 2064 4226 dominus

481 4253 779 4310 declareris
813 4251 947 4325 (68).

553 4345 640 4401 IV.
676 4345 909 4414 Propter
934 4342 1040 4398 hoc
1061 4345 1207 4401 enim
1246 4361 1478 4417 magnus
1512 4346 1603 4401 ille
1648 4348 1944 4418 Apostolus
1975 4349 2062 4405 di-

483 4437 596 4492 cit:
642 4455 659 4486 ι
691 4435 807 4490 Hoc
832 4434 1032 4490 sentite
1068 4435 1123 4490 in
1153 4437 1330 4501 vobis,
1374 4437 1522 4507 quod
1543 4446 1601 4493 et
1632 4439 1689 4495 in
1718 4439 1940 4496 Christo
1968 4441 2064 4498 Je-

484 4545 551 4586 su
581 4527 649 4581 ⁸¹.
686 4547 704 4578 ι
740 4526 925 4581 Jesum
957 4526 1048 4582 hic
1066 4536 1245 4584 vocat.
1273 4527 1392 4593 Dic,
1422 4544 1630 4599 quaeso,
1665 4532 1831 4601 quale
1861 4548 2065 4588 nomen

2161 3349 2299 3403 ίέναι
2324 3325 2427 3400 οὐκ
2458 3342 2721 3415 ἠδύνατο·
2772 3335 3140 3408 παραγίνεται
3174 3331 3311 3403 πρὸς
3354 3328 3446 3382 τὸν
3498 3325 3740 3391 οἰκέτην,

2157 3440 2259 3496 οὐκ
2300 3439 2358 3491 έν
2392 3434 2664 3504 ἀξιώματι
2707 3425 3033 3494 δεσποτικιῖν
3075 3423 3175 3476 οὐκ
3219 3418 3468 3488 ἀγγέλων
3509 3415 3741 3485 δορυφο-

2164 3533 2285 3605 ρίαν
2316 3523 2792 3602 προαποστέλλων·
2817 3521 2919 3575 οὐκ
2942 3513 3297 3589 άρχαγγέλων
3323 3510 3486 3605 stvth
3513 3508 3612 3605 τάς
3639 3506 3745 3605 (ρά-

2160 3595 2391 3693 λαγγας·
2420 3620 2482 3674 οὐ
2513 3616 2623 3689 πῦρ
2651 3614 2836 3670 κινῶν·
2877 3612 2938 3666 οὺ
2977 3610 3221 3679 στοιχεῖα
3267 3601 3512 3693 σαλεύων
3550 3595 3744 3693 (τοῦτο

2161 3688 2270 3786 γὰρ
2281 3688 2354 3784 ἦν
2384 3688 2603 3782 φυγάδα
2623 3708 2847 3778 ποιῆσαι
2873 3702 2964 3756 τὸν
2986 3696 3307 3772 δραπέτην)·
3342 3691 3481 3755 ἀλλὰ
3508 3688 3745 3786 παραγί-

2162 3782 2334 3870 νεται,
2375 3801 2644 3875 ἀγρεῦσαι
2681 3799 2771 3851 τὸν
2818 3793 3031 3866 φυγάδα
3065 3789 3412 3861 βουλόμενος,
3446 3782 3745 3875 κατασχεῖν

2161 3897 2223 3951 τὸ
2250 3897 2381 3950 ἴδιον
2634 3890 2822 3945 θέλων·
2865 3888 2926 3941 οὐ
2967 3883 3116 3939 σοϐεῖ
3139 3880 3217 3951 τῷ
3248 3871 3746 3965 φαινομένῳςάλλά

2164 3989 2301 4058 πρὸς
2338 3963 2560 4057 ὁμιλίαν
2582 3982 2896 4036 ἐκκαλεῖται
2928 3980 2995 4047 τῇ
3029 3971 3277 4044 εὐτελείᾳ
3300 3969 3393 4024 τοῦ

2163 4052 2696 4151 γίνεταινσύνδουλος,
2719 4072 2806 4125 ἵνα
2839 4066 3130 4138 ἀναδειχθῇ
3172 4064 3285 4134 (7'5)
3315 4059 3582 4126 δεσπότης
3604 4052 3745 4126 (74).

2239 4345 2313 4398 Δ’.
2338 4340 2437 4395 Διά
2481 4336 2644 4394 τοῦτο
2666 4334 2775 4406 γὰρ
2803 4333 2899 4387 καί
2940 4331 2970 4384 6
3005 4328 3180 4401 μέγας
3225 4320 3547 4383 ’Δπόστολος
3568 4317 3746 4384 ἔλεγε·

2173 4457 2191 4489 ι
2223 4434 2395 4489 Τοῦτο
2424 4427 2727 4503 φρονείσθω
2750 4427 2807 4479 ὲν
2838 4425 2991 4495 ὑμῖν,
3019 4421 3048 4475 ὃ
3071 4421 3165 4474 καὶ
3192 4420 3250 4471 έν
3272 4413 3493 4487 Χριστῷ
3508 4408 3742 4503 Ἰησοῦ.»

2182 4525 2391 4597 Ἰησοῦν
2431 4498 2667 4578 ένταῦθα
2706 4518 2878 4586 λέγει.
2923 4513 3083 4580 Εἰπὲ,
3123 4509 3248 4563 τίνα
3289 4508 3323 4578 ἡ
3369 4504 3555 4597 μήτηρ
3594 4498 3752 4597 ἔθετο

484 4627 660 4675 mater
712 4617 903 4673 infanti
955 4617 1185 4674 indidit?
1244 4636 1263 4670 ‹
1289 4587 1553 4685 Vocabis,
1590 4587 1772 4692 inquit
1796 4663 1811 4688 ,
1862 4587 2055 4679 nomen

2294 4612 2669 4688 προσηγορίαν
2695 4607 2774 4680 τῷ
2803 4607 3030 4678 βρέφει;
3069 4619 3089 4654 ε
3121 4599 3389 4692 Καλέσεις
3407 4593 3546 4692 γὰρ,
3587 4587 3749 4692 φ-ησὶ.

484 4712 607 4784 ejus
642 4710 830 4767 Jesum
863 4711 930 4764 ⁸³.
960 4728 978 4762 ι
1016 4708 1121 4766 Ubi
1153 4717 1239 4763 est
1271 4709 1366 4779 qui
1400 4709 1681 4767 Christum
1713 4713 1932 4778 dividit,
1969 4714 2064 4783 qui

485 4813 736 4859 nostrum
770 4802 879 4858 hoc
911 4800 1234 4873 mysterium
1271 4802 1339 4856 ad
1380 4802 1789 4876 homonymiam
1821 4804 2068 4875 redegit?

485 4904 676 4968 utpote
720 4910 893 4951 unum
944 4891 1225 4949 Christum
1270 4894 1597 4960 nominans,
1637 4911 1698 4948 re
1732 4895 1849 4965 ipsa
1882 4905 2066 4952 autem

485 4987 626 5043 duos
659 5002 900 5059 ponens;
940 4987 1172 5040 alterum
1207 5000 1449 5051 servum,
1478 4986 1716 5041 alterum
1751 4985 2065 5054 dominum;

488 5079 724 5134 alterum
749 5077 1054 5149 patibilem,
1080 5076 1311 5133 alterum
1338 5076 1738 5148 impatibilem?
1761 5076 1904 5144 Quid
1937 5093 2068 5147 pro-

489 5171 603 5226 iicit
630 5187 738 5227 una
774 5168 1087 5240 appellatio,
1117 5168 1211 5224 ubi
1241 5169 1365 5225 dure
1400 5184 1491 5223 res
1527 5169 1845 5238 portantur?
1876 5188 1895 5221 ε
1930 5169 2066 5234 lloc,

491 5260 690 5333 inquit,
726 5260 928 5315 sentite
964 5259 1022 5317 in
1051 5260 1228 5325 vobis,
1263 5260 1409 5328 quod
1443 5258 1576 5311 etin
1609 5256 1829 5313 Christo
1856 5259 2006 5314 Jcsu.
2047 5280 2064 5312 ι

559 5372 601 5404 ⁸¹
637 5369 873 5439 Philipp.
905 5386 961 5435 ιι,
997 5370 1050 5425 5.
1128 5371 1175 5401 ⁸¹
1210 5368 1343 5421 Luc.
1377 5385 1419 5429 I,
1447 5367 1535 5423 51.

589 5483 677 5543 68)
713 5483 1046 5537 Declaretur.

591 5554 679 5622 69)
718 5552 816 5607 Ms.
842 5552 966 5622 ch.
994 5550 1195 5604 ἄνοδόν.

595 5626 680 5693 ἳίί)
712 5622 1089 5690 Ἐξεπέσομεν.

595 5694 623 5745 7
638 5694 682 5763 ι)
711 5693 980 5746 ’Λνένευε.

2164 4682 2235 4765 τὸ.
2262 4682 2434 4779 δνόμα
2460 4682 2635 4759 *αὐτοῦ
2687 4698 2918 4771 Ἰησοῦν.
2964 4715 2984 4749 ι
3039 4691 3148 4747 Ποῦ
3190 4692 3219 4743 6
3248 4684 3474 4779 διαιρῷν
3496 4683 3587 4779 τὸν
3615 4682 3660 4734 Χ
3670 4697 3754 4779 ρι-

2169 4801 2326 4868 στόν;
2358 4771 2465 4852 ποῦ
2501 4798 2530 4851 6
2553 4793 2614 4848 τὸ
2646 4792 2939 4863 μυστήριον
2966 4784 3122 4857 ἡμῶν
3155 4778 3477 4853 ὁμωνυμίαν
3507 4771 3766 4868 ὲργασάνγ

2171 4865 2367 4965 pavos;
2415 4888 2509 4943 καὶ
2534 4884 2772 4957 Χριστὸν
2810 4882 2909 4953 μὲν
2936 4879 3034 4933 ἕνα
3062 4876 3258 4965 λέγων,
3293 4871 3389 4927 δύο
3498 4865 3751 4965 ὐπρτιοεέ⁴

2172 4953 2469 5052 τὸν
2626 4973 2833 5037 δοῦλον,
2864 4970 2957 5024 τὸν
2995 4967 3053 5022 δὲ
3093 4962 3381 5033 δεσπότην·
3407 4958 3498 5013 τὸν
3514 4955 3627 5052 *μὲν
3650 4953 3757 5052 πά-

2173 5045 2390 5145 σχοντα,
2414 5045 2514 5124 τὸν.
2540 5068 2596 5122 δὲ
2625 5065 2700 5138 μὴ
2730 5063 3040 5132 πάσχοντα;
3072 5056 3166 5120 Τίς
3207 5055 3241 5124 ὴ
3267 5052 3455 5122 ὅνησις
3478 5045 3755 5145 τῆςῇμιᾶς

2173 5138 2578 5236 προσηγορίας,
2622 5159 2718 5215 δύο
2768 5154 3040 5227 κειμένων
3079 5146 3457 5236 πραγμάτωνς
3511 5138 3756 5236 ιῃΤοῦστο

2175 5228 2480 5328 φρονείσθω
2506 5256 2565 5308 έν
2593 5253 2745 5323 ὑμῖν,
2770 5248 2799 5303 ὃ
2816 5248 2911 5303 καὶ
2931 5248 2988 5301 ὲν
3009 5239 3231 5315 Χριστῷ
3259 5232 3457 5309 Ἰησοῦ.
3486 5251 3504 5283 ι
3546 5228 3768 5300 Ἰησοῦν

2247 5477 2359 5545 (7‘2)
2394 5471 2585 5528 Τοῦτο.

2247 5543 2358 5665 575)
2395 5543 2765 5634 ’,Αναδειχθῇφ

2270 5617 2356 5665 74ὶ
2420 5616 2467 5665 ﬂ
2500 5615 2765 5665 δεσποτειε

2270 5617 2356 5671 74ὶ
2403 5615 2467 5669 Ἦ
2500 5615 2805 5667 δεσποτεία.
