4076 6428
469 264 606 322 1589

1351 254 1634 314 HOMILIA
1671 256 1758 314 IV.
1800 255 1868 311 IN
1912 255 1968 310 S.
2008 251 2360 309 DEIPARAM
2397 251 2487 306 ET
2529 246 2902 310 SIMEONEM.

3595 255 3731 311 i390

467 379 616 447 λέγει
647 373 836 429 τοῦτον
870 373 961 428 τὸν
1008 371 1316 445 ὁρώμενον,
1378 373 1438 427 ὃν
1487 373 1659 436 οὕτως
1708 372 1969 426 ἐκάλεσεν
2012 372 2083 440 ἡ,

2164 367 2336 422 Iesum
2358 367 2608 422 nominat
2640 365 2736 437 qui
2765 365 3116 431 cernebatur,
3158 365 3246 421 cui
3268 365 3435 439 Virgo
3465 366 3521 422 id
3555 374 3735 424 nomia

470 469 764 540 Παρθένος.
813 466 984 520 Τοῦτο
1018 465 1283 536 φρονείτω
1329 465 1560 528 ἕκαστος
1611 467 1670 517 ἐν
1700 466 1854 536 ημῖν,
1889 463 1918 514 ὃ
1951 461 2046 516 καὶ

468 561 525 612 ἐν
556 555 776 629 Χριστῷ
823 554 1017 624 Ἰησοῦ.
1055 555 1119 608 Τί
1148 553 1256 624 γὰρ
1282 554 1665 625 ἐφρονήσαμεν
1726 554 1786 605 ἐν
1824 550 2048 622 Χριστῷ

481 648 656 720 Ἰησοῦ
678 667 692 716 ;
731 666 751 698 ι
773 647 871 709 Ὃς
890 649 946 699 ἐν
975 648 1156 716 μορφῇ
1171 643 1307 697 Θεοῦ
1328 644 1608 714 ὑπάρχων,
1631 643 1728 712 οὐχ
1754 641 2048 713 ἁρπαγμὸν

467 742 714 812 ἡγήσατο
742 737 802 791 τὸ
835 733 974 791 εἶναι
1004 736 1091 788 ῐσα
1130 734 1269 806 Θεῷ.
1306 755 1325 786 υ
1359 736 1422 786 Τί
1467 736 1584 786 ἐστι
1624 733 1684 786 τὸ
1713 732 2044 802 λεγόμενον;

478 830 538 884 'O
569 829 631 894 ἐξ
686 828 947 900 ἁρπαγῆς
995 827 1308 897 ἐλευθερίαν
1350 825 1551 889 λαϐὼν,
1601 825 1754 878 οὐδὲν
1802 823 2048 877 δουλικὸν

467 919 754 991 ὑπομένει,
789 919 874 972 ἴνα
907 919 982 989 μὴ
1016 918 1303 988 πρόκριμα
1327 920 1391 987 τῇ
1415 915 1698 985 ἐλευθερίᾳ
1729 916 1952 986 ποιήσῃ.
1982 912 2047 966 Τί

464 1009 561 1067 οὖν
591 1011 782 1076 αὐτός;
828 1009 1044 1077 Ἐπειδὴ
1089 1011 1156 1079 τῇ
1200 1008 1358 1076 φύσει
1393 1008 1668 1076 Δεσπότης
1693 1001 1784 1077 ἦν,
1827 1005 1924 1074 οὐχ
1949 1004 2049 1075 ἁρ-

469 1101 689 1171 παγμὸν
714 1100 961 1171 ἡγήσατο
989 1099 1050 1151 τὸ
1084 1094 1224 1152 εἶναι
1265 1097 1354 1150 ῖσα
1376 1097 1513 1167 Θεῷ.
1547 1096 1620 1148 Τὸ
1647 1095 1754 1167 γὰρ
1787 1097 1886 1166 τῆς
1907 1094 2051 1147 οἱκο-

469 1193 665 1263 νομίας
713 1192 864 1245 οὐδὲν
908 1189 1107 1260 ἔϐλαψε
1148 1189 1248 1260 τὴν
1288 1187 1539 1258 θεότητα.
1579 1205 1599 1239 ι
1633 1188 1730 1250 Ὃς
1767 1188 1826 1242 ὲν
1868 1185 2048 1255 μορφῇ

468 1283 606 1337 Θεοῦ
645 1282 929 1353 ὑπάρχων,
958 1281 1056 1354 οὐχ
1091 1279 1384 1351 ἁρπαγμὸν
1423 1279 1667 1349 ἡγήσατο
1698 1277 1759 1331 τὸ
1787 1271 1928 1330 εἶναι
1959 1277 2051 1330 ἴσα

468 1374 612 1446 Θεῷ,
648 1374 764 1431 ἀλλ’
798 1373 994 1428 ἐαυτὸν
1022 1373 1280 1438 ὲκένωσε,
1313 1370 1526 1443 μορφὴν
1567 1370 1755 1424 δούλου
1787 1367 1986 1423 λαϐών.
2026 1387 2044 1419 ι

543 1648 618 1703 E’.
646 1646 784 1702 Εἰπέ
801 1663 890 1718 μοι
919 1645 1018 1716 τὴν
1039 1644 1136 1700 τοῦ
1161 1643 1500 1714 Μονογενοῦς
1519 1645 1768 1699 κένωσιν.
1787 1644 1849 1696 El
1873 1642 1948 1713 μὴ
1985 1642 2054 1696 τὰ

472 1710 1081 1808 ἀνθρώπιναπέπονθε,
1105 1737 1207 1791 ποῦ
1237 1710 1478 1807 ἐκενώθη
1505 1753 1519 1802 ;
1550 1735 1679 1788 ὃταν
1705 1734 1763 1787 δὲ
1785 1710 2052 1802 λέγω-πε-
2090 1710 2111 1766 ί

470 1829 728 1884 πονθέναι
746 1829 898 1893 Θεὸν,
918 1828 1200 1898 φυλάττων
1215 1829 1312 1897 τὴν
1326 1828 1486 1896 φύσιν
1497 1826 1680 1897 ἀπαθῆ
1699 1825 1862 1893 λέγωο
1881 1824 2056 1888 πάθος

475 1925 585 1996 γὰρ
613 1923 852 1994 περιῆψε
889 1922 1031 1992 Θεῷ,
1068 1923 1130 1976 οὐ
1152 1921 1314 1990 φύσις
1344 1919 1583 1990 παθητὴ,
1604 1919 1740 1972 ἀλλὰ
1775 1919 1908 1990 πρὸς
1943 1917 2056 1989 (75)

472 2013 535 2067 τὸ
598 2012 840 2083 παθητὸν
901 2011 1113 2074 ἓνωσις.
1159 2007 1377 2080 Ἐπειδὴ
1422 2009 1530 2080 γὰρ
1585 2011 1613 2062 ὁ
1675 2007 2058 2079 φιλάνθρωπος

478 2104 754 2175 Δεσπότης
778 2102 1136 2174 συμπαθῆσαι
1162 2100 1459 2172 προσέθετο
1477 2099 1588 2171 (76)
1617 2099 1696 2170 τῷ
1720 2100 1926 2170 οἰκέτῃ,
1943 2096 2057 2170 εἶχε

474 2195 532 2250 δὲ
552 2193 650 2266 τὴν
689 2193 851 2262 φύσιν
877 2192 1086 2262 ἀπαθῆ,
1133 2191 1336 2254 ἐνώσας
1383 2189 1562 2259 ἐαυτῷ
1593 2189 1654 2242 τὸ
1679 2188 1938 2260 παθητὸν,
1969 2190 2060 2243 τὸν

481 2285 684 2340 σκοπὸν
727 2283 1140 2353 ἀνεπλήρωσεν.
1195 2281 1352 2335 Οὕτω
1392 2281 1768 2352 παραγέγονεν
1802 2282 1830 2331 ὁ
1857 2281 2061 2333 Δεσπό-

476 2393 594 2449 της⁶
629 2376 801 2439 οὕτως
840 2377 1042 2442 ἐπέστη
1067 2373 1145 2444 τῷ
1194 2373 1412 2442 φυγάδι·
1457 2373 1532 2437 ὠς
1563 2372 1842 2436 σύνδουλος
1873 2373 2062 2441 φαινό-

483 2485 664 2539 μενος,
696 2468 790 2522 καὶ
834 2467 911 2530 ὡς
961 2465 1233 2534 δεσπότης
1265 2465 1591 2536 εὐεργετῶν
1636 2464 1849 2537 μορφὴν
1874 2465 2060 2518 δούλου

477 2556 715 2622 δεικνὺς,
748 2555 840 2608 καὶ
865 2553 1025 2626 χάριν
1055 2553 1320 2608 δεσπότου
1350 2552 1731 2626 χαριζόμενος·
1763 2553 1965 2608 πεινῶν
1987 2554 2064 2616 ὡς

480 2647 689 2710 δοῦλος,
723 2647 815 2700 καὶ
847 2647 1046 2717 ἄρτους
1097 2644 1362 2716 πηγάζων
1395 2647 1471 2709 ὡς
1527 2646 1678 2709 Θεός·
1729 2646 1938 2700 κοπιῶν
1987 2646 2064 2710 ὡς

481 2739 789 2810 ἄνθρωπος,
816 2739 911 2792 καὶ
925 2739 1017 2791 ἐπὶ
1037 2737 1205 2791 νώτου
1240 2739 1517 2808 θαλάσσης
1549 2738 1778 2808 βαδίζων
1809 2738 1884 2804 ὡς
1911 2739 2062 2802 Θεός·

487 2830 946 2901 ὑποστελλόμενος
979 2830 1071 2883 τὸν
1105 2829 1338 2900 σταυρὸν
1384 2830 1460 2892 ὼς
1488 2829 1793 2899 ἄνθρωπος·
1824 2831 1919 2885 καὶ
1957 2830 2065 2901 γὰρ

484 2924 596 2984 τοῖς
623 2921 851 2976 πάθεσιν
885 2921 1175 2974 ἐπιστοῦτο
1203 2922 1262 2974 τὸ
1302 2921 1646 2992 φαινόμενον,
1676 2922 1771 2975 καὶ
1801 2923 1914 2984 τοῖς
1937 2921 2068 2976 θαύ-

2147 458 2235 514 nis
2261 458 2617 528 imposuerat.
2646 458 2761 512 Hoc
2780 457 2964 528 quivis
3012 457 3068 511 in
3115 472 3174 512 se
3220 459 3442 524 sentiat,
3482 459 3631 530 quod
3655 469 3739 516 est

2150 549 2206 605 in
2241 551 2465 607 Christo
2493 552 2643 607 Jesu.
2690 550 2832 617 Qu—id
2875 565 3009 620 ergo
3044 551 3100 605 in
3133 549 3360 607 Christo
3392 552 3524 608 Jesu
3553 555 3742 610 sensi-

2148 641 2315 698 mus?
2349 642 2556 712 Nempe
2577 641 2746 710 quod,
2795 661 2813 691 ‹
2843 656 2966 695 cum
2994 640 3050 695 in
3082 641 3258 696 forma
3287 642 3383 697 Dei
3421 649 3590 708 esset,
3627 658 3740 698 non

2151 733 2401 804 rapinam
2444 732 2745 788 arbitratus
2788 741 2869 787 est
2910 748 2968 788 se
2996 733 3110 787 Deo
3155 748 3277 788 esse
3321 735 3588 804 aequalem
3610 733 3679 786 ⁸³.
3716 753 3734 784 ι

2149 824 2294 891 Quid
2323 834 2409 880 est
2444 823 2591 894 quod
2625 823 2867 879 dicitur?
2918 822 3059 880 Sane
3106 825 3201 894 qui
3237 840 3337 895 per
3379 824 3630 894 rapinam
3674 824 3744 880 li-

2152 916 2362 972 bertate
2389 918 2623 987 potitur,
2660 917 2799 971 nihil
2821 917 3022 972 servile
3047 918 3160 987 pati
3190 917 3446 984 sustinet,
3479 934 3550 973 ne
3569 919 3745 974 liber-

2155 1007 2251 1062 tati
2287 1007 2511 1078 aliquod
2561 1008 2945 1079 prrejudicium
2981 1018 3225 1079 generet.
3263 1009 3407 1076 Quid
3445 1024 3578 1080 ergo
3610 1009 3737 1064 ille!

2152 1098 2423 1165 Quoniam
2451 1109 2647 1155 natura
2683 1100 2949 1155 Dominus
2982 1107 3119 1162 erat,
3158 1115 3268 1153 non
3303 1100 3550 1169 rapinam
3591 1101 3738 1155 arbi-

2156 1197 2333 1244 tratus
2384 1198 2491 1253 est,
2540 1204 2664 1244 esse
2707 1189 3080 1260 semqualem
3121 1190 3254 1244 Deo.
3301 1191 3740 1260 Dispensationis

2152 1281 2300 1336 enim
2337 1283 2660 1354 mysterium
2697 1281 3040 1337 divinitatem
3086 1297 3198 1336 non
3230 1282 3388 1337 laesit.
3437 1285 3465 1334 ι’
3482 1282 3588 1350 Qui
3611 1299 3738 1338 cum

2154 1375 2212 1427 in
2262 1373 2437 1429 forma
2473 1374 2569 1429 Dei
2619 1382 2786 1439 esset,
2834 1389 2946 1428 non
2993 1373 3240 1444 rapinam
3313 1374 3611 1430 arbitratus
3658 1387 3737 1430 est

2153 1480 2277 1520 esse
2307 1481 2368 1520 se
2402 1467 2668 1535 aequalem
2704 1466 2838 1529 Deo,
2867 1465 2964 1520 sed
3022 1466 3380 1534 semetipsum
3417 1465 3741 1532 exinanivit,

2157 1557 2388 1612 formam
2420 1557 2564 1611 servi
2597 1557 2874 1625 accipiens
2895 1555 2961 1609 “.
2999 1577 3018 1607 »

2229 1647 2292 1701 ν.
2335 1647 2582 1717 Explana
2617 1646 2755 1700 mihi
2796 1647 3078 1717 Unigeniti
3107 1647 3563 1704 exinanitionem.
3599 1648 3747 1714 Que-

2161 1737 2326 1792 modo
2356 1738 2506 1792 enim
2538 1752 2597 1792 se
2632 1737 2955 1801 exinanivit,
3013 1738 3059 1791 si
3099 1737 3340 1791 humana
3371 1751 3483 1792 non
3517 1753 3743 1808 perpes-

2163 1830 2291 1884 sus?
2317 1829 2707 1884 Verumtamen
2731 1843 2856 1882 cum
2883 1829 3054 1883 Deum
3082 1844 3305 1898 passum
3329 1829 3587 1893 dicimus,
3609 1845 3751 1884 sem-

2165 1937 2264 1991 per
2317 1929 2573 1975 naturam
2623 1920 2772 1976 illius
2816 1937 2846 1973 a
2887 1921 3143 1989 passione
3175 1921 3488 1975 eximimus.
3530 1922 3750 1976 Etenim

2164 2030 2275 2068 non
2300 2023 2500 2068 natura
2534 2013 2834 2082 passibilis,
2866 2013 2963 2067 sed
3008 2013 3141 2067 unio
3165 2012 3235 2067 ad
3262 2013 3315 2067 id
3343 2013 3490 2081 quod
3517 2013 3629 2084 pati
3655 2029 3754 2084 po-

2161 2113 2325 2170 terat,
2381 2105 2555 2159 Deum
2597 2104 2883 2174 patibilem
2930 2103 3116 2158 effecit
3175 2103 3254 2172 (in
3301 2112 3555 2158 naturam
3600 2104 3750 2158 enim

2164 2199 2313 2252 illius
2363 2197 2548 2267 passio
2573 2196 2725 2251 nulla
2776 2195 2970 2265 cadit).
3013 2195 3374 2264 Posteaquam
3410 2193 3560 2248 enim
3585 2195 3756 2250 mise-

2163 2291 2338 2345 ricors
2369 2289 2516 2349 Deus
2538 2302 2699 2343 servo
2732 2287 2968 2356 compati
3001 2286 3343 2350 decreverat,
3380 2301 3506 2340 cum
3541 2293 3756 2341 natura:

2163 2390 2312 2437 esset
2341 2379 2681 2452 impatibilis,
2715 2394 2782 2434 eo
2815 2378 2963 2448 quod
3004 2378 3118 2447 pati
3169 2384 3388 2446 poterat
3429 2377 3533 2432 sibi
3572 2377 3752 2442 unito,

2168 2472 2513 2545 propositum
2540 2486 2702 2527 suum
2740 2469 3080 2540 adimplevit.
3107 2468 3186 2523 Ad
3217 2469 3364 2525 hunc
3393 2467 3618 2523 modum
3642 2468 3756 2522 Do-

2167 2566 2351 2621 minus
2384 2565 2452 2620 ad
2477 2579 2577 2619 nos
2605 2562 2860 2626 accessit,
2889 2575 3062 2630 eaque
3089 2561 3305 2615 ratione
3339 2574 3500 2614 servo
3522 2559 3757 2630 fugitivo

2169 2657 2360 2712 astitit.
2400 2657 2471 2712 Ut
2505 2669 2809 2712 conservus
2844 2653 3148 2716 visebatur,
3170 2640 3226 2706 et
3263 2661 3325 2706 ut
3359 2651 3627 2710 Dominus
3654 2650 3756 2704 bc-

2169 2748 2367 2804 neiicia
2384 2746 2805 2818 impertiebatur
2837 2762 2848 2796 :
2876 2743 3022 2799 servi
3040 2743 3272 2796 formam
3299 2757 3414 2812 pra:
3437 2757 3496 2796 se
3521 2739 3757 2803 ferebat,

2169 2851 2227 2896 ct
2259 2841 2489 2911 gratiam
2525 2847 2587 2893 ut
2627 2837 2895 2893 Dominus
2939 2835 3396 2890 subministrabat
3426 2853 3438 2886 :
3482 2833 3762 2888 esuriebat

2174 2943 2237 2988 ut
2269 2947 2481 2996 servus,
2509 2938 2564 2985 et
2601 2944 2774 2999 panes
2809 2926 3210 2996 multiplicabat
3255 2933 3317 2979 ut
3354 2925 3663 2979 Dominus:
3701 2933 3763 2978 ut

490 3029 656 3085 μασιν
696 3013 906 3067 ἐδείκνυ
967 3013 1030 3066 τὸ
1082 3013 1486 3083 κρυπτόμενον.
1527 3011 1686 3066 Οὕτω
1737 3013 1926 3082 φανεὶς
1975 3013 2069 3067 ἄν·-

2173 3024 2341 3077 homo
2375 3019 2795 3090 defatigabatur,
2844 3017 3074 3071 utDeus
3121 3031 3289 3085 super
3335 3015 3562 3070 dorsum
3595 3014 3763 3069 maris

489 3104 727 3175 θρωπος,
753 3105 901 3175 ἡμᾶς
932 3104 1180 3168 ἅπαντας
1223 3106 1304 3167 είς
1336 3103 1434 3174 τὴν
1481 3105 1792 3175 οἰκειότητα
1833 3107 2072 3175 συνήγα-

489 3212 606 3266 γεν.
652 3195 908 3267 Ἰωάννην
961 3196 1094 3266 ἡμῖν
1148 3194 1469 3250 διδάσκαλον
1511 3194 1805 3265 ἐπέστησε,
1835 3195 1928 3251 τὸν
1960 3197 2072 3252 υἱὸν

489 3287 590 3357 τῆς
624 3286 871 3358 βροντῆς,
899 3285 992 3340 τὸν
1024 3287 1425 3358 κεχαρισμένον
1456 3286 1584 3357 τῇδε
1611 3289 1677 3358 τῇ
1717 3287 2069 3358 μητροπόλει,

489 3379 551 3431 τὸ
604 3377 782 3432 κοινὸν
810 3378 912 3448 τῆς
945 3379 1274 3449 οἰκουμένης
1305 3380 1586 3450 κειμήλιον
1607 3420 1622 3445 ,
1673 3380 1764 3432 τὸν
1794 3381 1876 3433 ἐνὶ
1893 3381 2071 3452 στίχῳ

490 3471 671 3525 πᾶσαν
683 3469 808 3524 ὲκθὲ
817 3486 975 3540 μενον
994 3469 1092 3540 τὴν
1119 3470 1423 3525 εὐσέϐειαν.
1449 3489 1466 3521 ι
1489 3471 1548 3522 '0
1564 3471 1759 3537 Λόγος,
1779 3471 1913 3542 φησὶ
1933 3471 2068 3543 (77),

490 3562 628 3632 σὰρξ
666 3561 906 3630 ἐγένετο.
933 3579 952 3613 ι
983 3561 1041 3615 '0
1062 3561 1158 3627 ὢν,
1189 3562 1410 3630 ἐγένετο
1444 3562 1601 3632 σάρξ·
1633 3563 1709 3616 ὢν
1733 3564 1833 3633 μὲν
1861 3564 1950 3619 διὰ
1973 3567 2072 3638 τὴν

490 3653 676 3724 φύσιν,
728 3653 948 3722 ἐγένετο
984 3652 1043 3707 δὲ
1091 3652 1181 3706 διὰ
1231 3656 1330 3722 τὴν
1372 3654 1704 3725 οἰκονομίαν.
1742 3656 1820 3708 Δι’
1845 3650 1926 3721 οὗ,
1978 3659 2073 3711 καὶ

493 3747 614 3818 μεθ’
651 3738 738 3809 οὗ,
764 3744 842 3816 τῷ
891 3745 1066 3816 Πατρὶ
1095 3747 1129 3816 ἡ
1172 3742 1300 3810 δόξα
1353 3745 1449 3798 καὶ
1485 3745 1544 3797 τὸ
1595 3746 1793 3819 κράτος
1843 3748 1941 3801 σὺν
1991 3748 2072 3820 τῷ

489 3838 632 3908 ἁγίῳ
653 3837 956 3908 Πνεύματι,
985 3839 1064 3901 είς
1080 3838 1205 3900 τοὺς
1232 3837 1434 3900 αἰῶνας
1463 3837 1570 3890 τῶν
1597 3837 1830 3894 αἰώνων.
1874 3843 2069 3914 Ἀμήν.

2177 3113 2527 3171 ambulabat:
2558 3125 2782 3166 crucem
2817 3107 3154 3163 formidabat
3184 3115 3247 3161 ut
3292 3106 3460 3161 homo
3499 3107 3652 3177 (nam
3675 3105 3762 3160 vi—

2176 3207 2355 3263 sibilis
2377 3215 2592 3259 naturae
2616 3200 2968 3272 passionibus
2992 3197 3140 3268 quod
3181 3197 3516 3252 cernebatur
3548 3205 3766 3252 astrue-

2173 3298 2312 3367 bat);
2349 3304 2405 3352 et
2433 3293 2717 3348 miraculis
2751 3292 3014 3345 latentem
3045 3297 3299 3343 naturam
3325 3288 3762 3342 demonstrabat.

2175 3385 2291 3442 Hoc
2315 3382 2480 3438 modo
2495 3382 2662 3436 homo
2682 3394 2974 3450 apparens,
3000 3393 3100 3432 nos
3124 3392 3316 3432 omnes
3341 3377 3396 3430 in
3421 3392 3577 3432 suam
3604 3377 3766 3432 fami-

2173 3478 2471 3534 liaritatem
2505 3473 2752 3529 adduxit.
2789 3472 3055 3527 Joannem
3083 3469 3245 3523 nobis
3271 3468 3594 3539 magistrum
3628 3484 3770 3538 prae-

2174 3568 2305 3623 fecit
2333 3563 2564 3620 tonitrui
2591 3561 2786 3624 filium,
2815 3559 2946 3613 huic
2979 3557 3272 3626 metropoli
3301 3556 3588 3621 donatum,
3615 3571 3767 3610 corn-

2176 3673 2398 3714 munem
2434 3665 2708 3710 terrarum
2741 3651 2896 3706 orbis
2923 3649 3278 3713 thesaurum;
3320 3648 3414 3718 qui
3437 3647 3603 3702 unico
3635 3662 3763 3702 ver-

2175 3751 2353 3808 siculo
2393 3749 2709 3803 universam
2754 3744 3014 3815 pietatem
3067 3741 3402 3812 explicavit:
3450 3759 3468 3791 ι
3501 3739 3763 3802 Verbum,

2176 3843 2378 3914 inquit,
2412 3854 2543 3895 caro
2568 3837 2772 3892 factum
2807 3841 2892 3890 est
2915 3834 2984 3886 ⁸⁸.
3020 3853 3037 3884 ι
3074 3832 3230 3899 Quod
3268 3840 3409 3897 erat,
3440 3831 3648 3886 factum
3683 3840 3769 3884 est

489 3948 648 3999 caro;
683 3940 806 3988 erat
838 3933 1060 4003 quidem
1093 3949 1190 4002 per
1229 3942 1505 3997 naturam,
1532 3933 1736 3988 factum
1770 3945 1854 3992 est
1892 3948 2077 3996 autem
2116 3956 2216 4013 per
2248 3934 2736 4008 diSpensationem.
2784 3931 2888 3985 Per
2954 3928 3123 3998 quod,
3164 3936 3220 3982 et
3289 3943 3413 3982 cum
3450 3943 3580 3997 quo,
3619 3927 3764 3982 Patri

490 4023 562 4078 sit
583 4023 752 4094 gloria
777 4033 835 4078 et
859 4023 1152 4093 imperium
1184 4039 1308 4078 cum
1336 4034 1527 4078 sancto
1561 4023 1794 4094 Spiritu,
1837 4037 1893 4083 et
1919 4046 2067 4087 nunc
2091 4041 2147 4089 et
2184 4044 2422 4100 semper,
2449 4023 2581 4078 etin
2609 4021 2808 4076 sarcula
2835 4019 3182 4073 smculorum.
3209 4016 3404 4070 Amen.

1116 4161 1360 4214 OMIAIA
1391 4165 1462 4217 Δ’.

495 4270 598 4336 Είς
614 4267 915 4343 τὴνὰγίαν
943 4275 1239 4329 Θεοτόκον
1267 4275 1366 4327 καὶ
1391 4277 1480 4341 είς
1510 4277 1617 4329 τὸν
1655 4277 1962 4346 Συμεῶνα.

571 4391 654 4442 Δ’.
689 4387 1040 4460 Προφητικὸς
1070 4387 1216 4456 ἡμᾶς
1240 4386 1333 4439 καὶ
1361 4388 1605 4456 τήμερον
1633 4389 1724 4440 ἐπὶ
1751 4388 1820 4440 τὰ
1840 4387 1960 4442 θεῖα
1980 4390 2072 4442 εὐ-

2759 4116 3043 4208 ι-ιόΜιιΑΑ
3087 4149 3178 4206 1v.

2390 4275 2454 4328 In
2480 4278 2720 4326 sanctam
2750 4267 3038 4335 Deiparam
3064 4272 3112 4317 et
3134 4265 3189 4316 in
3227 4261 3545 4317 Simeonem.

2244 4388 2286 4442 ι.
2339 4385 2653 4441 Etiamnum
2705 4377 2871 4433 hodie
2921 4391 3024 4431 nos
3069 4374 3426 4445 propheticus
3477 4387 3661 4428 sermo
3696 4375 3762 4427 ad

491 4483 826 4554 χαριστήρια
855 4480 1116 4551 διεγείρει
1158 4479 1253 4533 καὶ
1283 4479 1516 4532 συνωθεῖ
1557 4479 1736 4546 λόγος.
1776 4500 1794 4530 ι
1824 4481 2070 4549 Εὑαγγευ

2175 4480 2288 4534 Deo
2312 4474 2631 4532 referendas
2656 4471 2858 4543 gratias
2879 4468 3084 4525 excitat
3103 4476 3159 4522 et
3206 4466 3460 4536 impellit.
3487 4465 3767 4520 Mandavit

491 4574 746 4628 λίσασθαι
786 4573 1000 4642 ἡμέραν
1048 4573 1106 4638 ἐξ
1147 4573 1361 4642 ἡμέρας
1410 4573 1470 4624 τὸ
1505 4573 1774 4642 σωτήριον
1812 4572 1906 4626 τοῦ
1936 4573 2070 4626 Θεοῦ

493 4664 673 4735 ἡμῶν,
716 4683 734 4718 ι
768 4664 1160 4735 προσέταττενσ
1198 4684 1214 4715 υ
1242 4663 1595 4732 ἀναγγέλλειν
1618 4666 1732 4743 τοῖς
1767 4664 1946 4719 ἔθνεσι
1976 4665 2074 4736 τὴν

493 4757 651 4823 δόξαν
673 4755 858 4822 αὐτοῦ,
885 4758 944 4809 ἐν
973 4759 1108 4810 πᾶσι
1133 4759 1244 4819 τοῖς
1268 4756 1416 4819 λαοῖς
1444 4757 1511 4810 τὰ
1540 4756 1796 4826 θαύματα
1822 4757 2009 4812 αὑτοῦ.
2049 4776 2067 4808 ι

496 4849 660 4912 Γνοὺς
691 4849 799 4919 γὰρ
826 4849 913 4902 διὰ
936 4847 1251 4918 Πνεῦματος
1281 4848 1309 4899 ὁ
1335 4848 1619 4912 θεσπέσιος
1645 4849 1832 4910 Δαϐὶδ,
1883 4851 2075 4920 ὅτιπερ

495 4939 564 4994 τὰ
627 4940 1010 5011 ἀποκρυϐέντα
1058 4939 1166 4992 ἀπὸ
1205 4939 1444 5009 νομικῶν
1491 4939 1711 5008 σοφῶν,
1759 4939 1856 4992 καὶ
1889 4940 1926 4993 a
1960 4957 2074 4992 συν⁶

2171 4579 2232 4624 ιιι
2269 4589 2286 4621 ι
2323 4568 2392 4623 de
2427 4566 2516 4622 die
2546 4566 2601 4618 in
2637 4563 2783 4617 diem
2827 4559 3221 4615 annuntiemus
3253 4558 3494 4612 salutare
3535 4556 3634 4612 Dei
3662 4572 3764 4609 no-

2171 4662 2272 4717 stri
2312 4679 2324 4715 :
2360 4668 2422 4714 ut
2471 4655 2864 4713 annuntiemus
2912 4651 3170 4723 gentibus
3218 4651 3452 4720 gloriam
3505 4649 3654 4719 ejus,
3709 4647 3765 4702 in

2171 4753 2432 4809 omnibus
2457 4747 2677 4819 pOpulis
2706 4745 2985 4801 mirabilia
3021 4745 3140 4814 ejus
3171 4741 3240 4796 ⁸³.
3283 4762 3300 4793 ι
3330 4741 3466 4796 Cum
3501 4740 3649 4794 enim
3679 4739 3764 4791 vir

2173 4844 2448 4901 mirabilis
2473 4840 2645 4896 David
2684 4854 2782 4909 per
2816 4837 3085 4908 Spiritum
3115 4835 3462 4906 cognovisset
3493 4829 3562 4895 ’",
3599 4829 3765 4882 fuisse

2179 4933 2587 5006 beneplacitum
2613 4947 2797 4988 coram
2819 4929 3168 5001 justojudice
3196 4928 3329 4988 Deo,
3359 4933 3420 4977 ut
3443 4922 3762 4977 abscondita

497 5033 634 5084 ετῶν
669 5009 855 5102 τόμοις
903 5031 1271 5100 ἐγκεκώςρωκε
1307 5030 1420 5100 (78)
1447 5031 1584 5101 πρὸς
1630 5031 1731 5100 τὴν
1773 5031 2070 5097 ἐπίγνωσιν

2179 5045 2209 5083 a
2243 5027 2512 5097 legalibus
2561 5022 2924 5094 sapientibus,
2955 5028 3013 5076 et
3057 5035 3178 5089 quae
3212 5015 3568 5086 prudentium
3605 5009 3764 5066 libris

496 5120 598 5191 τῆς
639 5121 900 5193 ἀληθείας
928 5161 942 5188 ,
973 5120 1190 5191 νηπίοις
1238 5119 1457 5188 γέγονεν
1508 5118 1725 5172 εὐδοκία
1757 5119 2067 5190 ἔμπροσθεν

2179 5121 2245 5176 ad
2278 5119 2527 5176 veritatis
2569 5116 2904 5188 agnitionem
2950 5110 3359 5167 obmutuissent
3388 5105 3523 5178 (78),
3560 5119 3763 5174 parvu-

569 5269 1038 5371 οίριιίιῑρρλμο.
1115 5299 1159 5331 ει
1189 5297 1324 5353 ibid.
1350 5298 1402 5364 ο,
1427 5299 1479 5351 7.
1559 5297 1603 5327 κει
1653 5297 1808 5352 Joan.
1847 5316 1882 5362 ι,
1929 5297 2010 5352 ιι.

2165 5298 2310 5352 Psal.
2344 5312 2467 5360 xcv,
2498 5293 2552 5348 2.
2633 5292 2675 5323 ’τ
2710 5288 2897 5344 Matth.
2928 5303 3000 5351 ιι,
3032 5284 3122 5339 25.

597 5456 686 5522 75)
723 5456 794 5507 Ἣ
819 5454 973 5522 πρός.

2203 5451 2339 5504 ετῶν
2360 5449 2545 5519 τόμοις
2567 5444 2948 5522 ἐγκεκὼφωκε.
2969 5442 3129 5522 \fclut
3153 5440 3412 5495 nimirum
3434 5435 3761 5522 illisjgnota.

729 5507 1017 5594 Προέθεῖτο.
1046 5591 1053 5594 Α
1276 5591 1285 5594 _

2195 5524 2363 5576 Porro
2395 5507 2724 5594 alludit'ad
2750 5507 2956 5594 tornum
2993 5512 3153 5594 illum
3200 5524 3400 5594 novum
3448 5507 3763 5574 scriptionis

602 5579 688 5662 77)
736 5579 974 5659 ’Φλόγιος
998 5591 1126 5662 γὰρ.
1154 5591 1304 5662 φησί.
1482 5661 1487 5662 γ
1888 5660 1895 5662 ἓ
2195 5607 2342 5645 none
2370 5590 2498 5659 (lsa.
2527 5604 2636 5650 \‘Ill,
2680 5586 2753 5652 l),
2793 5585 2858 5639 dc
2884 5600 2993 5653 quo
3031 5583 3192 5653 paulo
3228 5579 3475 5634 inferius.

601 5660 686 5738 78)
724 5663 853 5729 Qua‘
886 5660 1219 5733 prudentium
1261 5661 1400 5717 libris
1439 5661 1832 5727 obnmtuissmzt,
1876 5660 1909 5714 ἃ
1960 5678 2084 5714 συν-

671 5456 688 5662 ἒ
