4076 6492
373 294 505 346 1391

1431 282 1779 340 THEODOTI
1816 281 2127 338 EPISCOPI
2193 282 2540 338 ANCYRANI

3484 284 3631 342 1399

364 405 432 460 lis
463 401 865 464 revelarentur;
910 397 1162 452 hortatur
1193 409 1388 449 omnes
1417 402 1476 448 ut
1509 394 1753 449 laetitiam
1781 393 1946 462 spiri-

2064 393 2151 463 τῆς
2184 394 2338 459 θείας
2369 395 2763 467 δικαιοκρισίας
2794 393 3267 468 ἀποκαλυφθῆναι,
3291 397 3468 452 πάντα
3495 402 3638 472 πρὸς

367 492 529 546 talem
579 487 757 541 fauste
804 485 1152 540 annuntient.
1200 483 1422 538 Creduli
1473 498 1638 552 ergo,
1679 497 1950 551 sacroque

2064 482 2143 534 τὸν
2177 485 2275 553 τῆς
2308 485 2688 554 πνευματικῆς
2732 486 3012 555 χαρμονῆς
3059 486 3459 558 εύαγγελισμὸν
3498 505 3632 558 προ-

365 581 548 636 statim
575 588 632 633 et
674 579 729 631 in
771 576 858 630 via
887 575 1155 630 honorem
1189 575 1457 630 habentes
1488 571 1748 626 mandato
1782 589 1795 624 :
1829 585 1949 641 age,

365 669 653 741 splendido
685 677 740 722 et
772 667 873 736 ipsi
924 665 1148 735 eloquio
1197 666 1376 720 laetam
1419 665 1736 732 claramque
1779 659 1951 716 divini

367 759 562 815 musici
595 758 1094 823 annuntiationem,
1121 758 1362 812 clamore
1382 756 1680 810 efferamus
1719 771 1732 807 :
1771 772 1789 804 ι
1814 752 1950 807 Sus-

366 853 572 920 cipiant
603 860 816 904 montes
837 864 1024 918 pacem
1043 849 1267 919 pepnlo,
1298 857 1355 902 et
1370 848 1538 902 colles
1555 847 1825 918 justitiam
1847 844 1912 908 ⁸³,
1928 864 1945 895 ι

366 942 620 1011 quoniam
657 961 675 991 ι
703 941 970 994 Parvulus
998 949 1161 994 natus
1188 948 1270 994 est
1301 939 1495 1003 nobis;
1518 939 1690 992 Filius
1715 947 1770 991 et
1792 937 1951 991 datus

367 1041 449 1084 est
474 1030 633 1083 nobis
662 1048 674 1082 :
705 1031 863 1100 cujus
893 1029 1186 1098 imperium
1207 1045 1374 1099 super
1397 1030 1688 1084 humerum
1717 1031 1856 1100 ejus.
1883 1029 1948 1082 Et

369 1123 654 1176 vocabitur
686 1136 888 1174 nomen
923 1123 1062 1191 ejus,
1089 1122 1270 1192 magni
1313 1120 1530 1176 consilii
1561 1119 1822 1190 Angelus,
1846 1120 1944 1173 ad-

364 1212 636 1266 mirabilis
678 1211 1044 1274 consiliarius,
1088 1212 1234 1266 Deus
1278 1211 1436 1265 fortis
1455 1209 1751 1273 Dominus,
1782 1210 1941 1264 Prin-

365 1319 496 1372 ceps
523 1301 694 1371 pacis,
714 1301 876 1355 Pater
897 1300 1068 1354 futuri
1086 1299 1352 1355 seaculi”.
1378 1321 1397 1353 ι
1417 1300 1589 1354 Natus
1617 1308 1720 1364 est,
1742 1300 1939 1368 inquit,

363 1401 420 1447 et
450 1401 534 1447 est
579 1392 762 1446 datus.
797 1391 896 1446 Est
927 1399 1090 1446 natus
1121 1391 1345 1460 quidem
1379 1391 1435 1444 in
1465 1390 1686 1456 Iudaea;
1723 1390 1820 1445 sed
1863 1399 1948 1445 est

364 1485 527 1540 datus
567 1484 828 1538 universo
873 1482 1015 1537 orbi.
1067 1482 1159 1537 Sic
1202 1481 1351 1536 enim
1397 1481 1564 1536 etiam
1613 1482 1682 1536 de
1723 1480 1843 1551 ipso
1875 1481 1944 1535 ad

2052 572 2337 642 τρέπεται.
2360 573 2540 644 Πειθῷ
2564 574 2744 630 τοίνυν
2775 575 2867 629 καὶ
2895 577 2951 630 ὲν
2968 576 3073 646 6δῷ
3099 577 3369 646 τιμῶντες
3396 579 3457 632 τὸ
3487 581 3638 650 ἱερὸν

2061 662 2384 732 διάταγμα,
2441 666 2574 735 φέρε
2643 660 2736 718 οὖν
2800 666 2893 718 καὶ
2971 667 3131 736 ἡμεῖς
3200 666 3636 740 λαμπροφήσαν-

2051 769 2141 816 τες
2168 753 2278 823 (80)
2301 757 2417 817 ταῖς
2443 754 2662 825 ψυχαῖς,
2683 754 2781 824 τὴν
2821 755 3113 825 χαροποιὸν
3145 756 3240 808 καὶ
3268 756 3509 827 εὔσημον
3540 757 3637 808 τοῦ

2029 842 2205 894 ιθείου
2231 843 2489 913 Μελῳδοῦ
2517 845 2914 916 ἀναϐοήσωμεν
2941 845 3256 913 διαγγελίαν
3280 862 3292 873 ·
3341 864 3360 895 ι
3403 845 3636 897 Ἀναλα-

2054 933 2300 987 ϐέτωσαν
2351 935 2419 988 τὰ
2451 936 2556 1006 ὅρη
2610 936 2834 1006 εἰρήνην
2879 934 2956 1006 τῷ
3006 935 3119 1006 λαῷ
3148 977 3163 1001 ,
3214 937 3310 988 καὶ
3348 937 3398 987 οἱ
3451 935 3640 1005 βουνοὶ

2059 1023 2430 1096 δικαιοσύνην
2464 1044 2482 1075 ι
2508 1027 2590 1079 ὅτι
2621 1049 2638 1077 ι
2671 1026 2892 1080 Παιδίον
2921 1027 3185 1097 ἐγεννήθη
3207 1029 3366 1097 ἡμῖν,
3395 1027 3510 1088 υἰὸς
3540 1029 3641 1077 καὶ

2060 1111 2218 1184 ὲδόθη
2275 1117 2434 1185 ἡμῖν·
2471 1109 2531 1168 οὗ
2565 1116 2596 1186 ὴ
2637 1116 2778 1186 ἀρχὴ
2821 1116 2915 1169 ἐπὶ
2964 1116 3061 1170 τοῦ
3103 1117 3255 1187 ῶμου
3301 1117 3486 1170 αὐτοῦ.
3524 1119 3641 1171 Καὶ

2057 1205 2302 1259 καλεῖται
2325 1207 2384 1259 τὸ
2415 1207 2585 1277 ὄνομα
2612 1207 2799 1271 αὐτοῦ,
2827 1208 3071 1278 μεγάλης
3101 1208 3296 1279 βουλῆς
3330 1210 3593 1277 Ἀγγελος
3619 1249 3638 1274 ,

2064 1295 2377 1365 Θαυμαστὸς
2413 1297 2718 1368 σύμὸουλος
2744 1338 2758 1363 ,
2804 1299 2936 1361 Θεὸς
2963 1299 3182 1370 ἰσχυρὸς
3236 1301 3590 1370 ὲξουσιαστὴς
3620 1341 3638 1364 .

2066 1385 2285 1455 ’Ἄρχων
2319 1387 2575 1458 εἰρήνης,
2611 1390 2800 1460 Πατὴρ
2850 1389 2946 1444 τοῦ
2997 1392 3282 1461 μέλλοντος
3337 1391 3553 1456 αἰῶνος.
3611 1411 3631 1445 ι

2075 1477 2394 1548 Ἐγεννήθη.
2419 1481 2571 1547 φησί,
2607 1479 2702 1534 καὶ
2735 1481 2914 1552 ἐδόθη.
2955 1482 3252 1553 Ἐγεννήθη
3289 1485 3386 1554 μὲν
3410 1485 3468 1537 ὲν
3504 1484 3641 1536 Ἰου-

368 1575 646 1632 Abraham
675 1574 958 1628 oraculum
1005 1572 1210 1627 habet:
1245 1592 1262 1622 ι
1300 1572 1704 1627 Benedicentur
1741 1573 1797 1627 in
1830 1575 1950 1643 ipso

2064 1569 2178 1641 Ξαίᾳ
2201 1608 2216 1633 ,
2268 1569 2424 1640 ἐδόθη
2465 1571 2521 1623 δὲ
2554 1572 2653 1644 ὅλῃ
2691 1574 2756 1644 τῇ
2787 1574 3102 1646 οἰκουμένῃ.
3137 1574 3294 1628 Οὕτω
3336 1574 3444 1645 γὰρ
3484 1575 3580 1628 καί⁵
3611 1576 3642 1627 ό

369 1681 563 1721 omnes
606 1673 795 1734 gentes
840 1670 1001 1717 terra:
1026 1663 1092 1717 '°.
1147 1681 1165 1712 ι
1203 1661 1506 1726 Caeterum,
1555 1682 1573 1713 ι
1609 1662 1949 1732 principatus

2064 1662 2181 1732 ιιερί
2203 1661 2368 1714 αὐτοῦ
2393 1662 2529 1732 πρὸς
2559 1663 2812 1735 Ἀϐραὰμ
2827 1667 3071 1736 περιεῖχε
3098 1665 3362 1737 χρησμός·
3394 1685 3412 1717 ι
3454 1667 3642 1718 Ἐνευ-

364 1761 486 1828 ejus
523 1772 689 1826 super
717 1758 1008 1812 humerum
1035 1758 1155 1828 ejus
1183 1774 1196 1810 :
1232 1777 1248 1808 ι
1280 1757 1537 1826 quoniam
1566 1765 1809 1826 potestas
1835 1758 1950 1813 sin-

2064 1752 2449 1823 λογηθήσονται
2489 1756 2548 1808 ὲν
2581 1755 2732 1826 αύτῷ
2790 1757 2970 1810 πάντα
3009 1757 3079 1811 τὰ
3127 1757 3257 1828 ἔθνη
3294 1759 3394 1828 τῆς
3445 1758 3572 1828 γῆς.
3614 1777 3634 1810 ι

367 1849 542 1920 gulari
567 1851 693 1920 jure
727 1849 949 1919 propria
993 1857 1111 1914 est,
1145 1863 1255 1902 non
1288 1848 1524 1902 ascititia
1569 1856 1625 1902 et
1659 1864 1782 1918 quae
1825 1860 1954 1904 nato

368 1937 651 1992 advenerit
683 1957 694 1991 :
732 1938 979 1992 naturale
1025 1937 1339 2006 imperium,
1372 1953 1481 1992 non
1522 1946 1897 2007 comparatum
1939 1957 1951 1992 :

368 2029 744 2083 substantialis
784 2027 971 2097 divina
1014 2027 1209 2098 gloria,
1242 2042 1351 2082 non
1383 2028 1674 2099 largitione
1705 2038 1952 2098 accepta.

370 2121 510 2176 [line
535 2121 666 2175 olim
695 2130 749 2174 et
770 2119 892 2175 coeli
925 2135 1024 2188 per
1047 2120 1261 2173 stellam
1289 2119 1462 2190 magis
1489 2120 1958 2174 annuntiaverunt

370 2211 699 2266 miraculum
729 2211 771 2242 ⁹¹
804 2228 816 2262 :
845 2225 911 2265 ex
941 2209 1035 2264 illo
1057 2219 1238 2264 autem
1263 2209 1430 2265 etiam
1453 2209 1490 2264 ii
1517 2209 1725 2264 dictum
1754 2210 1954 2280 Regem

369 2300 836 2353 annuntiaverunt
869 2298 1091 2363 Judacze,
1137 2314 1264 2353 cum
1299 2298 1582 2352 adoraturi
1619 2299 1956 2370 pervestiga-

371 2398 522 2456 rent;
569 2390 1036 2444 annuntiaverunt
1068 2398 1125 2444 et
1171 2391 1486 2460 pastoribus
1518 2392 1634 2446 ruri
1678 2396 1956 2448 excuban-

373 2481 520 2536 tibus
545 2482 721 2552 angeli
753 2481 1091 2536 Salvatorem
1127 2482 1410 2537 Christum
1431 2485 1477 2515 “
1511 2501 1523 2537 :
1553 2484 1621 2538 ad
1651 2494 1956 2541 extremum

371 2587 502 2626 vero
545 2574 711 2626 etiam
762 2572 999 2642 Spiritus
1033 2584 1258 2628 sanctus
1305 2574 1548 2629 Simeoni
1581 2577 1955 2642 annuntiavit,

371 2679 532 2734 quem
562 2665 911 2733 exspectabat
947 2663 1228 2718 Christum
1261 2665 1477 2720 Domini
1510 2666 1576 2718 ".

443 2837 506 2890 ll.
537 2835 646 2889 llos
670 2850 862 2889 omnes
889 2836 1056 2890 etiam
1086 2838 1383 2893 accedente
1419 2839 1676 2896 mandato
1703 2858 1845 2911 pone
1875 2859 1960 2898 se-

371 2933 596 3002 quimur
619 2928 997 2984 annuntiaturi
1017 2929 1275 2984 Ecclesia:
1306 2949 1317 2982 :
1345 2947 1454 2984 non
1480 2933 1629 2986 velut
1659 2934 1833 2989 simus
1858 2950 1956 3004 po-

376 3029 574 3085 tentes,
593 3019 688 3074 sed
707 3028 968 3088 tanquam
993 3018 1250 3088 morigeri
1273 3035 1287 3084 ;
1313 3035 1422 3073 non
1455 3026 1711 3090 tanquam
1735 3023 1956 3089 divites,

373 3111 469 3165 sed
504 3119 563 3165 ut
599 3108 1036 3164 misericordiam
1083 3110 1398 3177 consecuti;
1445 3113 1768 3182 prophetica
1812 3114 1960 3168 cele-
1989 3091 2032 3150 (οἶ

377 3207 621 3265 ιιι-αιιῑοε,
655 3210 712 3256 et
751 3209 1012 3256 canentes
1048 3202 1367 3272 apostolica,
1398 3217 1509 3257 non
1552 3219 1581 3257 a
1625 3204 1785 3259 nobis
1811 3206 1996 3261 velut~

381 3291 738 3347 tumultuario
778 3293 1069 3347 alferentcs
1097 3292 1428 3347 testimonia.
1470 3313 1488 3345 ι
1527 3295 1831 3351 Psallamus
1856 3297 1963 3353 ita-

377 3399 483 3454 que
514 3385 625 3438 Dco
661 3393 872 3448 nostro,
911 3385 1208 3453 psallamus
1239 3386 1283 3416 οδ
1312 3403 1324 3438 :
1360 3404 1378 3436 ›
1411 3385 1671 3454 quoniam
1715 3406 1732 3438 ι
1770 3397 1962 3442 notum

379 3476 509 3529 fecit
542 3476 806 3530 Dominus
832 3476 1069 3530 salutare
1096 3491 1280 3541 suum,
1327 3487 1383 3532 et
1413 3480 1467 3532 in
1508 3490 1806 3549 conspectu
1833 3497 1966 3552 gen-

383 3565 519 3620 tium
549 3566 811 3619 revelavit
832 3565 1116 3636 justitiam
1147 3581 1300 3621 suam
1325 3567 1393 3620 ".
1429 3585 1447 3619 ι
1482 3570 1649 3624 Plane
1673 3572 1820 3626 enim
1845 3584 1964 3628 stu-

379 3674 501 3728 por,
531 3657 916 3725 horrendaque
943 3657 1086 3710 facta
1121 3666 1249 3712 sunt
1288 3659 1344 3712 in
1373 3667 1522 3714 terra
1554 3679 1567 3715 :
1597 3662 1737 3718 vidit
1768 3674 1966 3719 natura

381 3747 648 3802 terribilia
679 3755 737 3800 et
770 3747 988 3800 insolita
1041 3764 1054 3800 :
1097 3766 1116 3798 ι
1157 3748 1328 3802 Deum
1363 3749 1418 3804 in
1469 3761 1616 3807 terra
1660 3755 1874 3820 visum,
1911 3765 1968 3812 et

379 3851 506 3891 cum
555 3835 872 3889 hominibus
917 3847 1301 3892 conversatum
1334 3841 1380 3871 "
1410 3859 1422 3894 :
1457 3851 1643 3896 natum
1674 3845 1846 3900 Deum
1877 3861 1966 3900 se-

380 3927 624 3982 cundum
655 3941 899 3991 carnem,
927 3942 1028 3981 nec
1068 3929 1220 3983 cmlis
1255 3940 1484 3985 motum.
1521 3951 1540 3984 ι
1578 3934 1713 4000 Quis
1741 3952 1874 3990 vero
1899 3936 1967 3990 ad

383 4021 499 4071 hazc
556 4017 787 4070 idoneus
827 4018 910 4071 '7?
969 4018 1100 4083 Quis
1141 4020 1397 4090 loquetur
1426 4026 1702 4092 potentias
1725 4027 1965 4092 Domini,

383 4108 599 4162 auditas
623 4107 786 4163 faciet
811 4126 1003 4164 omnes
1029 4111 1218 4166 laudes
1241 4115 1458 4182 ejus“?
1488 4139 1502 4165 ν
1527 4117 1745 4186 Peperit
1780 4119 1965 4191 Virgo,

383 4198 729 4267 prophetissa
755 4198 846 4253 illa
872 4200 1026 4270 juxta
1059 4201 1253 4256 Isaiam
1290 4204 1359 4269 θ’,
1396 4205 1810 4262 Emmanuelem
1849 4210 1968 4264 sine

2071 1844 2213 1897 Ἀλλ’
2249 1864 2268 1896 ι
2293 1847 2325 1915 ή
2348 1844 2491 1916 ἀρχὴ
2522 1846 2690 1900 αύτοῦ
2716 1849 2808 1901 ἐπὶ
2827 1847 2923 1901 τοῦ
2949 1848 3104 1920 ῶμου
3124 1849 3292 1902 αὐτοῦ
3315 1867 3328 1880 ·
3375 1869 3393 1901 ι
3425 1851 3645 1920 ὲπειδὴηο

2057 1952 2164 2006 περ
2229 1935 2528 2006 ἰδιόκτητος
2553 1939 2587 2009 ὴ
2620 1937 2810 1992 τούτου
2877 1939 3098 2005 ἐξουσία
3119 1979 3134 2003 ,
3171 1942 3264 1992 καὶ
3307 1941 3371 1993 ού
3403 1957 3646 2011 προσγε-

2057 2027 2192 2096 νητή
2216 2042 2230 2057 °
2282 2027 2488 2098 φυσικὴ
2535 2030 2567 2096 ή
2599 2029 2886 2082 δυναστεία
2917 2071 2930 2096 ,
2967 2031 3060 2082 καὶ
3091 2031 3152 2081 οὐ
3210 2031 3596 2101 πεπορισμένη
3626 2047 3641 2058 ·

2057 2117 2321 2188 ούσιώδης
2348 2120 2381 2189 ἡ
2415 2119 2532 2171 θεία
2561 2118 2710 2184 δόξα,
2740 2121 2831 2174 καὶ
2863 2123 2924 2175 ού
2954 2121 3353 2192 κεχαρισμένη.
3389 2121 3643 2189 Εὐαγγεο

2058 2210 2274 2263 λίσαντο
2309 2209 2408 2280 μὲν
2437 2205 2529 2266 οὖν
2563 2211 2731 2265 πάλαι
2763 2213 3003 2284 οὐρανοὶ,
3037 2213 3130 2267 καὶ
3160 2213 3227 2266 δι’
3257 2212 3505 2282 ἀστέρος,
3529 2215 3646 2272 τοῖς

2062 2304 2258 2375 μάγοις
2299 2306 2362 2359 τὸ
2392 2306 2612 2378 θαῦμα·
2646 2307 3077 2377 εύαγγελίσαντο
3111 2309 3168 2362 δὲ
3203 2308 3261 2374 ἐξ
3311 2307 3523 2361 ἐκείνου
3569 2308 3641 2378 τῇ

2075 2393 2302 2466 Ἰουδαίᾳ
2331 2396 2497 2466 μάγοι
2529 2398 2622 2451 τὸν
2667 2399 2926 2468 λεχθέντα
2962 2399 3218 2462 Βασιλέα,
3262 2400 3426 2467 ἡνίκα
3450 2397 3645 2452 τοῦτον

2059 2485 2340 2556 ἀνίχνευον
2376 2488 2794 2560 προσκυνῆσαι·
2835 2489 3261 2558 εύαγγελίσαντο
3296 2489 3350 2542 δὲ
3387 2489 3482 2542 καὶ
3516 2505 3640 2540 ποι-

2043 2579 2220 2653 ,μέσιν
2246 2580 2488 2648 ἄγγελοι,
2517 2583 2611 2634 ἐπὶ
2643 2583 2744 2652 τῆς
2771 2583 3095 2654 ὰγραυλίας,
3120 2583 3211 2635 τὸν
3243 2581 3476 2652 Σωτῆρα
3506 2581 3646 2650 Χρι-

2062 2670 2216 2723 στόν’
2258 2670 2352 2722 ἐπὶ
2385 2673 2528 2724 τέλει
2561 2671 2615 2724 δὲ
2646 2673 3072 2742 εύαγγελίσαντο
3108 2673 3202 2726 καὶ
3233 2673 3294 2725 τὸ
3327 2671 3548 2742 Πνεῦμα
3581 2671 3646 2723 τὸ

2062 2760 2240 2830 ἅγιον,
2277 2763 2524 2832 Συμεὼν,
2551 2763 2640 2816 τὸν
2669 2764 3118 2835 προσδοκώμενον
3151 2766 3386 2835 Χριστὸν
3408 2763 3642 2833 Κυρίου.

2135 2853 2209 2907 B’.
2241 2854 2466 2917 Τούτοις
2505 2855 2635 2923 γοῦν
2677 2857 2809 2910 πᾶσι
2844 2857 2938 2908 καὶ
2973 2855 3429 2926 προσταττόμενοι
3457 2855 3651 2920 ἐξακο-

2063 2943 2359 3016 λουθοῦμεν
2400 2945 2537 3017 πρὸς
2567 2946 2969 3017 εὐαγγελισμὸν
3007 2947 3107 3016 τῆς
3147 2945 3475 3015 Ἐκκλησίας
3497 2963 3511 2977 ·
3545 2945 3651 3016 ούχ

2063 3035 2139 3099 ὡς
2163 3035 2378 3089 δυνατοὶ
2405 3075 2420 3099 ,
2471 3037 2585 3089 ἀλλ’
2634 3037 2710 3100 ώς
2735 3037 3098 3107 εύπειθήνιοι·
3144 3038 3241 3107 οὐχ
3278 3037 3353 3099 ὡς
3383 3035 3604 3109 εὕποροι
3630 3076 3648 3100 ,

2066 3127 2181 3182 ἀλλ’
2215 3128 2291 3191 ὡς
2320 3127 2645 3198 ἠλεημένοι,
2682 3129 2749 3180 τὰ
2784 3128 2891 3180 τῶν
2929 3128 3222 3199 προφητῶν
3256 3127 3648 3196 ἀνυμνοῦντες,

2065 3217 2135 3271 τὰ
2186 3216 2296 3270 τῶν
2341 3216 2656 3270 ἀποστόλων
2704 3217 2922 3288 ᾅδοντες
2953 3257 2967 3282 ,
3027 3217 3120 3270 καὶ
3158 3218 3257 3268 οὐκ
3305 3217 3390 3282 ἐφ’
3439 3216 3655 3268 ἑαυτῶν

2068 3305 2443 3376 σχεδιάζοντες
2483 3305 2554 3358 τὰ
2583 3305 2931 3377 ἑμμάρτυρα.
2975 3323 2994 3356 ι
3045 3305 3323 3376 Ψάλωμεν
3358 3305 3656 3375 τοιγαροῦν

2065 3398 2144 3467 τῷ
2191 3397 2312 3467 Θεῷ
2358 3397 2538 3468 ήμῶν.
2575 3399 2874 3470 ψάλωμεν·
2919 3399 3004 3453 δτι
3048 3397 3312 3468 ἐγνώρισε
3356 3397 3561 3468 Κύριος
3587 3399 3655 3449 τὸ

2069 3489 2336 3560 σωτήριον
2367 3489 2553 3556 αὐτοῦ,
2589 3495 2686 3544 καὶ
2719 3491 2961 3544 ἐναντίον
2989 3489 3098 3543 τῶν
3130 3491 3299 3545 ἐθνῶν
3331 3490 3656 3559 ἀπεκάλυψα

2067 3577 2169 3648 τὴν
2193 3577 2540 3648 δικαιοσύνην
2570 3578 2760 3633 αὑτοῦ.
2816 3596 2832 3631 ι
2868 3580 3166 3643 Ἔκστασις
3192 3579 3299 3651 γάρ
3326 3580 3419 3633 καί
3447 3580 3656 3650 φρικτὰ

2067 3670 2292 3737 γέγονεν
2327 3669 2545 3739 άληθῶς
2584 3670 2679 3722 ἐπὶ
2703 3671 2802 3740 τῆς
2829 3671 2963 3742 γῆς·
3001 3671 3208 3742 φοϐερὰ
3248 3671 3340 3725 καὶ
3372 3671 3656 3742 παράδοξα

2072 3757 2182 3812 ἴδεν
2230 3760 2264 3829 ἡ
2312 3759 2519 3823 κτίσιςο
2562 3780 2580 3812 ι
2625 3761 2760 3814 Θεὸν
2799 3762 2894 3815 ἐπὶ
2936 3762 3039 3832 γῆς
3073 3761 3308 3830 ὀφθέντα
3333 3803 3351 3829 ,
3400 3762 3494 3814 καὶ
3538 3766 3655 3826 τοῖς

2070 3848 2380 3921 ἀνθρώποις
2433 3852 2990 3923 σνναναστραφέντα’
3040 3872 3059 3906 ι
3107 3853 3240 3905 Θεὸν
3275 3853 3416 3906 κατὰ
3470 3854 3653 3923 σάρκα

2069 3939 2353 4008 τεχθέντα,
2388 3941 2482 3994 καί
2513 3941 2622 3994 τῶν
2649 3941 2894 4012 οὐρανῶν
2925 3943 2999 4012 μὴ
3022 3943 3334 3996 διαστάντα.
3377 3961 3396 3994 ι
3429 3942 3540 3995 Καὶ
3569 3944 3657 4005 τίς

2073 4033 2208 4098 πρὸς
2240 4031 2413 4086 ταῦτα
2449 4032 2665 4095 ἰκανός;
2698 4033 2794 4095 Τίς
2827 4033 3052 4101 λαλήσει
3081 4033 3180 4096 τὰς
3211 4032 3526 4096 δυναστείας
3556 4033 3654 4086 τοῦ

2072 4125 2300 4194 Κυρέου,
2327 4126 2599 4187 ἁκουστὰς
2614 4126 2829 4195 ποιήσει
2851 4128 3029 4188 πάσας
3047 4127 3142 4188 τὰς
3161 4125 3392 4188 αἰνέσεις
3414 4125 3602 4190 aii-:06;
3629 4145 3648 4176 ι

2081 4217 2319 4270 Τέτοκεν
2354 4217 2388 4286 ὴ
2416 4214 2712 4285 Παρθένος,
2747 4217 2780 4285 ἡ
2809 4219 2946 4268 κατὰ
2974 4216 3066 4269 τὸν
3107 4216 3329 4268 Ἡσαΐαν
3359 4217 3653 4288 προφῆτις,

385 4290 504 4343 viro
533 4307 545 4341 :
573 4299 763 4343 natum
808 4290 964 4345 ilium
997 4293 1157 4348 nobis
1190 4296 1310 4349 sine
1347 4305 1524 4365 patre,
1556 4299 1650 4368 qui
1695 4299 1809 4370 ipse
1841 4312 1959 4358 ante

2071 4307 2163 4360 τὸν
2207 4307 2582 4378 Ἐμμανουὴλ,
2611 4307 2739 4361 ἄνευ
2767 4306 2991 4377 ἀνδρός·
3029 4306 3118 4358 τὸν
3156 4305 3483 4376 γεννηθέντα
3522 4307 3656 4375 ἡμῖν

383 4381 580 4434 saecula
613 4399 630 4430 ι
661 4381 938 4450 Sapientia
971 4393 1076 4448 est,
1101 4385 1422 4456 justitiaque
1456 4397 1513 4443 et
1534 4391 1894 4449 sanctiﬁcatio
1913 4403 1959 4449 el

2075 4399 2203 4454 ἄνευ
2226 4399 2452 4470 πατρὸς,
2483 4399 2590 4469 πρὸ
2615 4398 2826 4454 αἰώνων
2862 4420 2881 4451 ι
2916 4399 3086 4468 Σοφία
3113 4399 3221 4450 ἀπὸ
3243 4397 3380 4451 Θεοῦ
3411 4398 3655 4469 Πατρὸς,

383 4471 696 4541 redemptio
719 4489 748 4524 a
776 4474 888 4526 Deo
915 4474 1076 4529 Patre
1102 4475 1139 4529 ¹.
1173 4497 1189 4527 ι
1224 4478 1440 4546 Peperit
1465 4482 1830 4552 prophetissa,
1856 4503 1959 4540 non

2075 4493 2388 4563 δικαιοσύνη
2401 4509 2461 4544 τε
2475 4492 2569 4546 καὶ
2592 4491 2882 4562 ἁγιασμὸς,
2899 4493 2996 4544 καὶ
3024 4491 3418 4560 ἀπολύτρωσις.
3437 4509 3454 4542 ι
3486 4491 3654 4543 Τέτοο

386 4562 570 4632 agnito
619 4564 993 4633 coneeptionis
1044 4567 1226 4622 modo.
1282 4569 1494 4626 Novum
1551 4575 1879 4632 miraculum
1915 4589 1959 4632 el

2077 4603 2174 4638 κεν
2201 4586 2234 4654 ἡ
2263 4562 2556 4653 προφῆτις,
2586 4585 2659 4652 μὴ
2681 4581 2977 4650 ἐπιγνοῦσα
3005 4581 3096 4635 τὸν
3122 4581 3324 4652 τρόπον
3345 4582 3440 4650 τῆς
3462 4581 3658 4652 συλλή-

386 4653 770 4721 inexplicabile
790 4655 802 4707 l
828 4653 1094 4726 Concepit
1115 4659 1278 4714 Maria
1300 4665 1642 4734 prephetissa
1663 4684 1730 4722 ex
1753 4671 1959 4735 auditu,

2075 4653 2244 4744 ψεως.
2270 4675 2472 4729 Καινὸν
2493 4675 2552 4728 τὸ
2578 4674 2762 4744 Θαῦμα
2791 4674 2884 4727 καὶ
2911 4674 3339 4744 ἅνερμήνευτον.
3378 4673 3455 4726 Δι’
3481 4674 3656 4743 ἀκοῆς
3692 4733 3702 4754 ⁸

386 4742 559 4796 Deum
605 4744 902 4800 viventem.
938 4746 1141 4804 Auditu
1183 4752 1328 4806 enim
1375 4772 1656 4814 sermones
1695 4761 1959 4830 verbaque

2081 4742 2376 4818 συνέλαΰεν
2390 4766 2424 4835 ἡ
2438 4765 2627 4835 Μαρία
2639 4742 2950 4833 ἡπροφῆτις
2963 4742 3096 4814 Θεὸν
3110 4742 3306 4826 ζῶντα.
3325 4761 3533 4832 ⁴Ιιυσικὴ
3547 4742 3656 4829 γᾶρ
3687 4812 3691 4815 .

389 4834 702 4900 transitum,
726 4845 941 4902 natura,
969 4843 1265 4909 postulant.
1292 4845 1442 4902 Illius
1468 4865 1564 4918 per
1587 4851 1826 4920 linguam
1852 4855 1959 4908 virc

2078 4856 2250 4919 δίοδος
2281 4856 2391 4908 τῶν
2415 4834 2618 4923 λόγων,
2644 4858 2676 4924 ὴ
2717 4855 2876 4925 ἀκοή.
2925 4855 3224 4925 Ἐκείνηςὴ
3253 4853 3536 4923 σύλληψις,
3571 4853 3660 4904 διλ

385 4922 618 4993 impulsa
664 4943 1065 5000 congressaque
1105 4939 1391 5007 conceptio
1436 4942 1570 5009 (79),
1608 4951 1815 4998 natura:
1865 4945 1969 4998 hu-

386 5029 558 5068 mana-
591 5025 848 5072 truncum
893 5036 986 5074 seu
1023 5023 1235 5082 ﬂamma
1267 5029 1532 5083 arefecit:
1578 5032 1750 5102 Hujus
1785 5044 1969 5087 autem

458 5171 503 5202 ”‘
535 5175 674 5228 Psal.
718 5191 858 5239 ιλιι-ι,
887 5178 938 5230 5.

390 5240 437 5271 ⁸⁸
487 5243 626 5317 Psal.
677 5260 816 5317 ιιιλζι,
871 5249 921 5301 7.
1019 5250 1064 5280 ³³⁵
1124 5251 1265 5306 Psal.
1325 5240 1483 5317 icvn,
1520 5255 1572 5308 2.

386 5326 499 5374 vm,
557 5313 608 5364 5.
719 5315 734 5342 ¹
770 5315 787 5367 l
823 5317 948 5372 Cor.
991 5333 1029 5383 ι,
1066 5320 1153 5372 50.

457 5425 568 5496 (79)
606 5425 778 5504 Illius,
817 5447 907 5499 per
935 5431 1192 5504 linguam,
1227 5433 1612 5504 triroiimpulsa
1660 5452 1964 5504 congressa-

389 5507 489 5578 que
537 5496 877 5578 conceptio-.1
913 5496 1212 5578 exaivrjtlj
1259 5496 1517 5578 σύλληψις
1697 5496 1964 5578 γλώσσης

389 5568 811 5683 πεσσενεχθεῖσα
861 5570 950 5620 ἐπὶ
1002 5568 1093 5620 τὸν
1122 5568 1308 5641 ἄνδρα.
1366 5568 1525 5627 velut
1575 5575 1652 5628 illi
1694 5568 1961 5642 insiliens,

389 5645 420 5683 a
494 5635 712 5683 modum
748 5653 858 5683 mm
902 5639 1112 5683 ﬂamma
1163 5640 1326 5683 ineilit
1377 5649 1432 5683 ρι,
1466 5643 1868 5683 ι’ρι-ιηνίιηηιιιη
1909 5647 1961 5683 in

388 5635 457 5684 ad
484 5635 712 5714 modum
748 5653 858 5704 quo
902 5635 1326 5714 llatlirna__iiisilit
1377 5649 1432 5695 et
1463 5643 1638 5714 fertur
1664 5646 1869 5714 impetu
1909 5635 1963 5700 in

392 5707 675 5756 materiam
701 5715 901 5767 aptam.
942 5707 1101 5760 Notat
1129 5709 1350 5775 llevam,
1389 5711 1544 5776 cuius
1577 5707 1864 5782 conceptio
1897 5732 1965 5770 ex

1056 5179 1101 5211 ⁸⁸*
1136 5182 1237 5236 lsa.
1281 5199 1354 5247 Ix,
1391 5185 1442 5237 6.
1521 5187 1566 5216 9°
1602 5188 1737 5242 Gen.
1779 5207 1927 5255 xvm,

1056 5251 1064 5278 '
1124 5251 1265 5306 Psal.
1325 5270 1483 5317 xcvn,
1520 5255 1572 5308 2.
1673 5260 1718 5288 ”
1763 5259 1959 5315 Barucl

2125 5197 2166 5224 ⁹¹
2194 5195 2384 5249 Matth.
2424 5212 2482 5258 ιι,
2535 5194 2587 5248 2.
2670 5197 2714 5226 θ’
2754 5194 2884 5246 Luc.
2953 5209 3009 5252 ιι,
3076 5192 3161 5245 10.

2064 5280 2092 5320 ι.
2131 5265 2218 5320 38.
2305 5268 2349 5296 ’⁷
2386 5267 2428 5319 ll
2454 5265 2578 5319 Cor.
2635 5265 2822 5320 ILIU.
2947 5265 2992 5291 ’³³
3051 5262 3161 5315 Psal

2079 4949 2332 5017 γλώσσης
2350 4949 2774 5018 προσενεχθεῖσα
2801 4948 2892 5000 ἐπὶ
2917 4947 3008 4998 τὸν
3030 4945 3218 5015 ἄνδρα,
3247 4945 3309 4998 τὸ
3327 4945 3422 5013 τῆς
3449 4943 3661 5014 ἀνθρω-

2080 5041 2314 5110 πότητος
2357 5038 2599 5110 πρέμνον
2641 5039 2716 5102 ώς
2759 5037 2890 5107 φλὸξ
2919 5037 3251 5106 ἀπεξήρανε·
3287 5034 3499 5103 Ταύτης
3527 5034 3582 5085 δὲ
3628 5036 3659 5102 ἡ
3729 5038 3734 5041 ’

3274 5191 3320 5223 ’³
3353 5189 3488 5243 ibid.
3528 5189 3617 5241 ‘27.

2305 5268 2349 5296 ’⁷
2386 5267 2428 5319 ll
2454 5265 2578 5319 Cor.
2635 5265 2822 5328 ιι,ἰϋ.
2947 5265 2992 5291 ’³³
3051 5262 3191 5315 Psal.
3233 5261 3396 5324 cv,2.
3483 5260 3656 5314 “isa.

2071 5451 2326 5511 serpente
2380 5442 2502 5504 fuit,
2548 5444 2729 5497 suasio
2786 5443 2874 5497 illa
2913 5443 3013 5496 viri
3050 5443 3115 5495 ad
3155 5443 3300 5510 pomi
3335 5459 3510 5505 esum,
3545 5460 3657 5513 quo

2070 5527 2200 5584 vere
2226 5514 2443 5584 exaruit
2465 5513 2526 5584 τὸ
2550 5515 2648 5582 τῆς
2679 5515 3098 5584 ἀνθρωπότητος
3132 5515 3372 5582 πρέμνον
3391 5531 3402 5542 ο
3432 5531 3655 5584 germen

2070 5581 2203 5702 illuc:
2253 5581 2630 5648 humanitatis,
2657 5597 2721 5636 ex
2758 5581 2864 5652 qua
2903 5581 3012 5635 tota
3049 5581 3288 5635 humana
3339 5581 3532 5638 natura
3562 5599 3656 5640 se-

2072 5665 2187 5703 rem
2210 5667 2238 5704 a
2271 5663 2409 5706 erat.

2072 5665 2238 5704 renda
2271 5665 2409 5705 erat.

2145 5720 2254 5788 (80)
2291 5721 2453 5777 Forte
2487 5721 2551 5775 λα
2561 5738 2777 5794 μπροφο
2785 5722 3068 5792 ρὴσαντες.
