4076 6486
398 549 422 601 Ι
432 545 539 604 393

1212 535 1496 592 llOMiLlA
1534 535 1620 591 ιγ.
1663 533 1730 589 1N
1775 531 1831 586 S.
1866 530 2213 587 DEIPARAM
2251 529 2338 586 ET
2379 530 2746 587 SIMEONEM.

3523 534 3652 591 1596

403 662 625 733 κύησις,
653 657 740 711 διὰ
773 650 1011 723 γαστρὸς
1034 652 1383 715 ἀνατείλασα,
1408 651 1497 703 τὸν
1537 646 1748 719 καρπὸν
1777 647 1871 700 σὺν
1892 646 1969 716 τῷ

2072 653 2268 699 ventre
2311 645 2498 701 oriens
2532 653 2748 714 partus,
2797 658 2921 700 cum
2953 645 3426 712 trun‘cofruetum
3476 649 3654 707 viviti-

393 753 623 825 πρέμνῳ
650 745 1076 815 ἀνεζωοποιησε.

465 842 538 897 Γ’.
579 840 705 904 Διὸ,
737 840 812 902 ὡς
850 836 1124 907 ὀφειλέται
1164 835 1258 889 καὶ
1297 833 1565 888 Θεόδουλοι
1606 830 1965 902 εὐγνώμονες,

391 933 812 1005 ὁμολογήσωμεν
839 927 919 994 τῷ
936 945 997 981 τε
1025 926 1141 996 Θεῷ
1175 925 1352 997 Λόγῳ,
1377 928 1443 995 τῇ
1471 942 1530 977 τε
1553 925 1760 995 Μητρὶ,
1789 923 1853 977 τὸ
1871 925 1966 978 τοῦ

390 1026 549 1093 λόγου
578 1006 751 1093 δῶρον
775 1061 789 1085 ,
823 1022 948 1074 ὅσον
980 1017 1334 1089 ὲπαρκοῦμεν
1360 1035 1372 1048 ³
1413 1017 1488 1088 μὴ
1515 1016 1967 1087 ἑπαισχυνὸμενοι

389 1117 491 1189 τὴν
516 1114 821 1186 μειονεξίαν
846 1114 955 1167 τῶν
977 1111 1311 1182 προσαξιῶνσ
1339 1110 1453 1165 ἀλλ’
1482 1110 1869 1181 ὲφηδυνόμενοι
1897 1113 1963 1182 τῇ

390 1207 636 1279 ἡμετέρᾳ
685 1205 880 1274 φύσει,
939 1201 1401 1274 προσκυνούμενοι
1449 1200 1512 1255 τὸ
1551 1202 1816 1272 ὑπερέχον
1856 1203 1964 1254 τῶν

390 1296 756 1351 Δεσποτικῶν.
793 1295 868 1349 Οὐ
916 1295 1027 1367 γάρ
1054 1293 1391 1365 περιγράψαι
1441 1295 1751 1365 ῥητορικοῖς
1781 1291 1962 1360 λόγοις

388 1389 489 1458 τὴν
538 1384 906 1459 προκειμένην
964 1384 1410 1445 ύπόθεσιν,κατά
1464 1382 1557 1436 τὸν
1622 1381 1962 1454 ἀνθρώπινον

390 1476 923 1550 προσαγωνιζόμενοι
953 1478 1146 1547 νόμον,
1191 1474 1306 1530 ἀλλ’
1331 1473 1712 1545 ἐκλαμφθῆναι
1736 1473 1815 1545 τῷ
1846 1491 1962 1543 φω-

387 1571 568 1640 τισμῷ
588 1569 687 1636 τῆς
708 1568 858 1631 Θείας
893 1568 1134 1639 μνήμης.
1165 1565 1279 1619 Ἀεὶ
1300 1567 1399 1636 μὲν
1415 1567 1526 1635 γὰρ
1546 1565 1608 1619 τὸ
1635 1565 1957 1636 ἡττηθῆναι,

387 1664 498 1724 τοῖς
533 1660 847 1721 ἀντιπάλοις
881 1658 1037 1729 φέρει
1068 1657 1168 1729 τὴν
1205 1657 1452 1722 ἀδοξίαν·
1500 1656 1734 1711 ἐνταῦθα
1761 1656 1819 1710 δὲ
1846 1696 1862 1721 ,
1902 1656 1962 1710 τὸ

389 1749 665 1819 ὑποκύψαι
701 1752 814 1813 τοῖς
858 1750 998 1819 ὑπὲρ
1037 1747 1361 1818 κατάληψιν,
1396 1746 1520 1815 ἀγει
1561 1746 1659 1817 τὴν
1693 1746 1956 1814 εὐδοξίαν.

389 1839 655 1909 Ἦκωμεν
687 1838 976 1910 τοιγαροῦν
1016 1837 1228 1905 εὐαγῶς
1266 1834 1358 1890 ἐπὶ
1382 1837 1475 1889 τὸν
1512 1834 1703 1906 ὕμνον,
1732 1836 1959 1906 ἥκωμεν

389 1930 689 2002 χαίροντες,
705 1927 1164 1999 ἀνευφημοῦντες,
1184 1924 1587 1995 δοξολογοῦντες
1606 1926 1700 1980 καὶ
1718 1925 1957 1997 μεγαλύ-

2072 736 2236 791 cavit.

2141 826 2229 881 lll.
2254 826 2462 882 Idcirco
2489 826 2639 881 velut
2663 826 2943 884 debitores
2966 828 3176 901 Deique
3197 831 3343 887 servi
3372 831 3653 901 benevoli,

2069 924 2185 969 tum
2217 916 2312 972 Dei
2348 916 2559 981 Verbo,
2608 925 2726 971 tum
2776 918 2969 985 Matri,
3021 931 3286 991 quantum
3327 937 3651 992 possumus,

2066 1009 2221 1065 verbi
2264 1009 2469 1065 donum
2517 1011 2864 1067 confessione
2898 1028 3215 1082 promamus
3246 1030 3262 1068 :
3298 1030 3405 1070 non
3449 1017 3651 1071 erube-

2065 1108 2283 1157 scentes
2326 1101 2650 1156 tenuitatem
2695 1102 3072 1168 oblationum;
3118 1105 3214 1160 sed
3249 1114 3458 1162 natura;
3492 1107 3654 1162 bonis

2064 1188 2210 1255 laeti,
2256 1205 2323 1246 ac
2361 1190 2705 1248 Dominicam
2747 1193 3129 1249 excellentiam
3171 1194 3481 1251 adorantes.
3530 1198 3651 1253 Non

2063 1280 2211 1334 enim
2242 1296 2309 1336 eo
2340 1281 2718 1351 praeiudimus,
2753 1290 2815 1337 ut
2838 1285 2992 1355 juxta
3032 1284 3303 1340 humanas
3334 1286 3484 1356 leges
3522 1302 3648 1343 ora-

2066 1372 2223 1427 toriis
2259 1374 2611 1430 sermonibus
2633 1384 3018 1446 argumentum
3063 1376 3374 1447 subjectum
3407 1379 3676 1455 circum-5

2062 1462 2368 1530 cludamus,
2397 1465 2496 1522 sed
2527 1475 2589 1522 ut
2617 1467 2897 1522 memoriae
2923 1466 3124 1523 divina:
3152 1484 3383 1524 corusco
3408 1454 3648 1527 illustre-

2063 1569 2205 1611 mur.
2255 1555 2470 1627 Ubique
2511 1573 2643 1613 sane
2682 1558 2752 1613 ab
2794 1559 3132 1615 adversariis
3171 1560 3422 1631 superari
3471 1562 3648 1634 inglo-

2064 1648 2206 1702 rium
2253 1665 2266 1700 :
2300 1647 2391 1703 hic
2431 1657 2645 1713 autem,
2691 1649 2762 1705 iis
2807 1651 3172 1706 succumbere
3217 1667 3341 1722 quae
3386 1661 3649 1723 superant

2062 1739 2644 1809 comprehensionem,
2696 1740 2858 1810 plane
2900 1741 3222 1812 gloriosum.
3268 1744 3364 1799 Pie
3413 1759 3543 1815 ergo
3590 1753 3648 1800 et

2062 1838 2252 1884 sancte
2274 1828 2342 1883 ad
2364 1830 2639 1885 canticum
2669 1831 3023 1897 accedamus;
3049 1834 3375 1888 accedamus
3395 1834 3653 1904 gauden-

2062 1925 2168 1984 tes,
2203 1919 2351 1975 clara
2383 1920 2726 1977 celebrantes
2750 1920 2927 1988 fama;
2955 1922 3324 1992 gloriﬁcantes
3349 1934 3407 1980 et
3434 1925 3651 1996 magni-

3663 1515 3679 1555 ι

389 1992 566 2084 cevas;
594 1992 657 2073 τδ
680 2019 821 2091 ὑπὲρ
994 2019 1083 2072 καὶ
1111 2018 1266 2087 λόγον
1289 1992 1608 2088 μυστήριον,
1641 1992 1961 2088 ἐξάρχοντες

2072 2008 2297 2065 ficantes
2324 2010 2473 2079 quod
2504 2011 2841 2067 intellectum
2885 2027 3306 2083 sermonemque
3340 1992 3652 2072 sacramen-

385 2109 480 2164 τοῦ
511 2111 924 2182 ούρανοπολίτου
954 2109 1196 2180 Γαϐριὴλ
1216 2107 1325 2161 τῶν
1358 2107 1519 2161 θείων
1540 2106 1963 2178 προσφθεγκτη-

394 2202 543 2273 ρίων,
562 2203 657 2256 καὶ
678 2202 946 2270 λέγοντες·
988 2220 1006 2252 ι
1038 2202 1232 2270 Χαῖρε,
1248 2199 1687 2273 κεχαριτωμένη,
1711 2200 1741 2251 ὁ
1760 2198 1965 2271 Κύριος

393 2293 530 2362 μετὰ
553 2292 669 2347 σοῦ.
708 2311 726 2344 ι
755 2291 890 2346 Μεθ’
919 2282 978 2347 οὗ
1003 2289 1456 2362 δευτερώσωμενο
1489 2291 1682 2361 Χαῖρε,
1706 2290 1768 2343 τὸ
1801 2290 1966 2345 ἐκπό-

390 2387 551 2457 θητον
576 2384 732 2455 ἡμῶν
757 2382 1180 2454 εὐφραντήριοψ
1211 2384 1391 2452 χαῖρε,
1411 2381 1472 2435 τὸ
1510 2380 1965 2445 ἐκκλησιαστικὸν

389 2475 738 2546 ἀγαλλίασμα
764 2490 778 2504 ο
828 2475 1006 2543 χαῖρε,
1058 2472 1120 2525 τὸ
1143 2471 1408 2543 ἡδύπνοον
1451 2471 1651 2542 ὄνομα·
1678 2474 1859 2544 χαῖρε,
1903 2473 1965 2527 τὺ

390 2564 694 2637 θεολαμπὲς
711 2565 803 2618 καὶ
819 2563 1077 2634 περίχαρι
1094 2562 1404 2635 πρόσωπονο
1428 2562 1660 2634 χαίροις,
1681 2563 1743 2616 τδ
1767 2563 1970 2618 πάνσε-

390 2676 525 2713 πτον
561 2658 905 2730 μνημόσυνον
926 2675 941 2690 υ
973 2657 1207 2728 χαίροις,
1237 2659 1271 2726 ἡ
1308 2657 1577 2727 σωτήριος
1601 2656 1694 2710 καὶ
1719 2672 1967 2725 πνευμα-

389 2751 518 2822 τικὴ
567 2750 829 2813 κώδεσις·
862 2748 1094 2821 χαίροις,
1123 2747 1522 2818 φωτοστόλιστε
1552 2749 1727 2819 μῆτερ
1768 2746 1966 2800 ἀδύτου

392 2841 664 2911 φέγγουςο
719 2840 954 2912 χαίροις,
1018 2839 1368 2910 πανάχραντε
1415 2839 1588 2910 μῆτερ
1648 2839 1963 2907 ἁγιότητοςο

397 2929 628 3002 χαίροις,
652 2928 986 3000 διειδεστάτη
1042 2928 1195 2999 πηγὴ
1228 2926 1323 2982 τοῦ
1369 2927 1633 2992 ζωοποιοῦ
1679 2926 1921 2997 νάματος
1950 2944 1964 2959 ·

393 3021 634 3092 χαίροις,
674 3019 773 3073 νέα
808 3019 986 3092 μῆτερ
1029 3018 1126 3072 καὶ
1174 3018 1446 3087 νεογενίας
1486 3018 1543 3072 τὸ
1593 3018 1926 3090 πλαστήριον
1951 3033 1965 3049 ·

394 3112 627 3184 χαίροις,
645 3111 1019 3183 ἀνερμήνευτε
1041 3111 1216 3182 μῆτερ
1241 3108 1621 3180 ἀκαταληψίας
1641 3126 1655 3140 °
1686 3110 1919 3180 χαίροις,
1937 3111 1965 3167 ὁ

394 3199 581 3263 καινὸς
606 3197 749 3252 κατὰ
784 3198 1013 3252 Ἡσαΐαν
1035 3199 1200 3269 τόμος
1229 3199 1328 3269 τῆς
1353 3197 1477 3262 νέας
1506 3200 1830 3270 συγγραφῆς
1855 3238 1869 3262 ,
1899 3193 1969 3270 ἦς

397 3289 671 3358 μάρτυρες
705 3288 905 3353 πιστοὶ,
928 3287 1149 3358 ἄγγελοί
1174 3305 1235 3342 τε
1264 3289 1358 3341 καὶ
1383 3289 1660 3359 ἅνθρωποι
1684 3306 1697 3319 ·
1733 3290 1966 3359 χαίροις,
1998 3337 2041 3394 C

392 3380 457 3432 τὸ
486 3378 828 3449 ἀλάϐαστρον
856 3377 951 3432 τοῦ
989 3378 1310 3447 ἁγιαστικοῦ
1345 3382 1539 3449 μύρου’
1572 3378 1805 3450 χαίροις,
1838 3379 1971 3433 καλ-

391 3469 659 3541 λιέμπορε
706 3469 802 3522 τοῦ
848 3467 1183 3540 παρθενικοῦ
1238 3468 1536 3540 δηναρίου·
1590 3468 1823 3538 χαίροις,
1855 3463 1971 3522 οἷον

394 3560 621 3630 πλάσμα
637 3560 730 3614 καὶ
748 3558 1173 3630 περιδρακτικὸν
1195 3558 1290 3611 τοῦ
1318 3557 1717 3628 πλαστουργοῦα
1733 3558 1966 3629 χαίροις,

394 3651 632 3724 χώρημα
676 3650 956 3723 ἐλάχιστον
968 3636 989 3715 ’,
1031 3651 1330 3721 χωρήσασα
1355 3647 1446 3703 τὸν
1473 3649 1587 3712 τοῖς
1614 3649 1779 3703 πᾶσιν
1826 3649 1973 3720 ἀχώ-

401 3761 580 3816 ρητον.

464 3837 538 3890 Δ’.
561 3835 667 3889 Καὶ
686 3834 768 3899 τίς
786 3834 883 3906 τὴν
898 3833 1090 3901 γενεὰν
1112 3832 1203 3887 τοῦ
1220 3834 1577 3906 ἀρχαιοτέρου
1598 3835 1699 3906 τῆς
1719 3833 1973 3904 γνώσεως

394 3926 717 3997 διηγήσεται
743 3926 833 3991 ςτί
860 3925 1261 3997 θαυμάσωμεν;
1288 3924 1381 3979 τὸν
1403 3924 1546 3980 θεῖον
1573 3927 1667 3981 καὶ
1699 3927 1976 3996 ἀνέκφρα-

398 4035 522 4072 στον
554 4019 735 4081 τόκον,
771 4018 803 4089 ἢ
840 4020 941 4091 τὴν
970 4020 1378 4090 ἀνερμήνευτον
1406 4018 1659 4089 λοχείαν;
1694 4021 1770 4073 Ού
1810 4036 1971 4092 περι-

394 4114 867 4185 δράττεταιλόγῳ,
885 4114 954 4168 τὰ
972 4114 1114 4184 ὑπὲρ
1132 4114 1312 4183 λόγον’
1354 4115 1416 4167 ού
1447 4114 1851 4185 περιγράφεται
1877 4114 1975 4184 νῷ,

395 4206 464 4258 τά
489 4205 629 4275 ὑπὲρ
652 4204 882 4258 ἔννοιαν.
908 4205 970 4257 Ei
1000 4204 1109 4275 γὰρ
1128 4203 1219 4257 καὶ
1241 4203 1560 4274 κατατολμᾷ
1581 4205 1829 4275 γραφεὺς
1850 4220 1975 4275 γρα-

398 4295 511 4359 φίδι
525 4288 849 4367 διἀχαράξαι
860 4295 959 4366 τὴν
976 4294 1187 4364 μητέρα
1200 4294 1300 4365 τῆς
1313 4294 1647 4359 οἰκονομίας,
1670 4294 1788 4348 ἀλλ’
1802 4294 1979 4348 οὐδενὶ

396 4385 540 4456 λόγῳ
565 4387 837 4457 ἐκφράσαι
865 4385 1154 4455 δυνήσεται
1185 4384 1277 4437 τὸν
1302 4385 1504 4456 τρόπον
1529 4385 1627 4456 τῆς
1656 4385 1976 4458 κυοφορίας.

407 4478 472 4530 Τί
517 4474 652 4544 οὗν;
691 4478 869 4549 ἀρχὴν
907 4474 1186 4546 ἐπιθῶμεν
1237 4473 1316 4546 τῷ
1359 4474 1532 4545 τόκῳ;
1577 4473 1692 4528 ἀλλ’
1727 4472 1827 4545 οὔχ
1876 4475 1980 4545 ὑφ-

400 4569 650 4640 έστηκεν.
681 4570 1005 4639 Ἀτρεπτον,
1040 4568 1297 4637 ἄναρχον,
1317 4564 1486 4620 ἀΐδιον
1508 4563 1865 4638 ὀνομάζωμεν
1887 4566 1980 4621 τὸν

2072 2106 2189 2154 tum
2214 2109 2510 2171 exsuperat
2535 2119 2549 2155 :
2580 2111 2744 2172 atque
2768 2118 2799 2156 a
2825 2103 3037 2159 cmlesti
3074 2104 3224 2160 illius
3254 2105 3392 2160 civis
3425 2105 3651 2161 Gabriel

2071 2191 2400 2249 salutatione
2438 2193 2600 2249 initio
2659 2194 2860 2260 ducto,
2920 2194 3168 2251 dicamus
3208 2214 3221 2250 :
3265 2216 3282 2248 ι
3332 2197 3465 2262 Ave,
3522 2211 3648 2269 gra-

2072 2281 2213 2337 tiosa
2244 2282 2378 2353 (81),
2406 2283 2673 2339 Dominus
2696 2291 2876 2340 tecum
2907 2287 2949 2339 ³.
2989 2305 3009 2337 i
3037 2285 3311 2357 Cum'quo
3342 2287 3542 2342 iterum
3567 2302 3655 2344 re-

2072 2387 2353 2428 sumamus
2388 2390 2401 2427 :
2443 2389 2564 2440 ave,
2596 2374 2905 2431 desiderata
2942 2375 3107 2432 nobis
3136 2377 3352 2445 laetitia;
3387 2393 3508 2444 ave,
3531 2380 3651 2450 gloo

2072 2462 2236 2518 riatio
2263 2463 2547 2530 Ecclesiae;
2576 2479 2696 2530 ave,
2718 2481 2921 2521 nomen
2942 2467 3102 2522 dulce
3127 2467 3371 2538 spirans;
3405 2483 3525 2535 ave,
3561 2469 3647 2524 di-

2070 2554 2197 2610 vine
2221 2554 2436 2626 fulgens
2461 2557 2867 2628 admodumque
2889 2560 3126 2630 gratiosa
3151 2558 3350 2626 facies;
3388 2575 3508 2626 ave,
3526 2577 3654 2632 per-

2073 2661 2237 2716 quam
2263 2646 2574 2702 venerabile
2601 2648 3031 2718 monimentum;
3060 2666 3182 2719 ave,
3207 2653 3384 2709 vellus
3413 2654 3652 2710 salutare

2072 2744 2130 2792 et
2171 2737 2450 2807 spiritale;
2494 2752 2615 2803 ave,
2644 2738 2832 2794 lumen
2855 2740 3046 2796 induta
3068 2781 3083 2807 ,
3125 2750 3302 2797 mater
3337 2744 3649 2813 splendoris

2072 2828 2370 2884 nescientis
2390 2844 2675 2895 occasum;
2699 2846 2819 2895 ave,
2839 2832 3321 2889 intemeratissima
3338 2843 3513 2889 mater
3531 2850 3657 2890 san-

2074 2920 2310 2986 ctitatis;
2336 2935 2457 2987 ave,
2476 2923 2903 2991 pellucidissime
2924 2924 3045 2980 fons
3068 2924 3272 2981 vivifici
3293 2926 3504 2993 laticis;
3555 2942 3656 2982 ave

2074 3010 2172 3076 sis,
2196 3026 2338 3067 nova
2360 3020 2555 3078 mater,
2605 3024 2663 3069 et
2703 3014 2831 3069 novi
2881 3024 3039 3070 ortus
3080 3015 3368 3084 ﬁctilium;
3415 3032 3516 3073 ave
3557 3016 3655 3082 sis,

2077 3102 2645 3173 incomprehensionis
2676 3112 2853 3160 mater
2879 3105 3306 3175 inexplicabilis;
3335 3121 3457 3170 ave,
3480 3121 3659 3161 novus

2077 3190 2169 3245 ille
2189 3190 2345 3262 juxta
2364 3191 2561 3247 Isaiam
2585 3192 2605 3224 ³
2632 3200 2813 3247 tomus
2848 3193 3165 3263 scriptionis
3192 3210 3365 3260 novae,
3382 3196 3541 3266 cujus
3562 3192 3656 3249 ﬁdi

2079 3287 2265 3346 testes,
2290 3282 2466 3351 angeli
2490 3289 2656 3351 atque
2682 3282 2964 3349 homines;
3001 3299 3121 3347 ave,
3157 3284 3492 3339 alabastrum
3521 3285 3656 3339 illud

2074 3370 2339 3441 unguenti
2384 3370 2865 3438 sanctiﬁcationis;
2910 3388 3010 3428 ave
3044 3373 3137 3437 sis,
3161 3373 3305 3429 bona
3356 3374 3651 3429 mercatrix

2073 3463 2288 3518 denarii
2318 3462 2679 3533 virginitatis;
2711 3478 2832 3529 ave,
2869 3478 2970 3519 ceu
3010 3463 3353 3535 ﬁgmentum,
3385 3465 3482 3520 sed
3509 3466 3657 3535 quod

2073 3550 2320 3607 ﬁctorem
2338 3552 2539 3608 habeat
2566 3552 2972 3622 circumplecti;
3000 3568 3099 3607 ave
3118 3552 3215 3618 sis,
3249 3553 3475 3609 minima
3500 3569 3661 3625 capa-

2076 3643 2232 3709 citas,
2262 3641 2420 3699 illum
2449 3643 2675 3713 capiens
2700 3658 2871 3716 quem
2911 3643 3073 3699 nulla
3094 3658 3182 3700 res
3211 3643 3409 3714 capiat.

2148 3844 2237 3900 ιν.
2264 3844 2398 3911 Quis
2437 3859 2603 3914 porro
2643 3844 2792 3900 illius
2827 3844 2922 3914 qui
2967 3843 3197 3899 scientia
3231 3852 3318 3900 est
3345 3844 3660 3914 antiquior,

2078 3936 2487 4007 generationem
2531 3935 2811 3991 enarrabit
2842 3936 2901 3989 ‘?
2930 3934 3073 4002 Quid
3118 3934 3485 4001 admiremur;
3518 3935 3661 3990 divi-

2079 4043 2285 4084 numne
2313 4037 2370 4082 et
2408 4026 2741 4082 ineli‘abilem
2776 4036 2994 4097 partum
3014 4068 3029 4093 ,
3056 4042 3124 4081 an
3151 4034 3477 4095 conceptam
3512 4027 3664 4081 inex-

2082 4120 2432 4190 plicabilem?
2453 4119 2573 4174 Non
2598 4127 2783 4189 potest
2806 4119 2987 4174 oratio
3039 4118 3329 4188 complecti
3351 4133 3473 4189 quae
3497 4133 3665 4188 supc—

2083 4220 2208 4266 rant
2229 4211 2522 4266 rationem.
2548 4210 2668 4265 Non
2693 4209 3105 4266 circumscribit
3150 4209 3370 4264 animus
3390 4223 3511 4279 quae
3535 4217 3667 4264 sunt

2083 4317 2251 4372 supra
2277 4302 2637 4358 intellectum.
2663 4301 2985 4372 Quanquam
3017 4300 3166 4356 enim
3198 4300 3482 4371 praesumit
3522 4301 3665 4357 scri-

2083 4400 2209 4463 ptor
2228 4393 2370 4464 style
2392 4406 2620 4448 exarare
2642 4399 2874 4447 matrem
2899 4390 3326 4461 dispensationis
3350 4389 3487 4463 (82),
3514 4391 3667 4446 nulla

2084 4490 2270 4537 tamen
2318 4482 2534 4539 ratione
2585 4480 2809 4537 modum
2855 4490 3046 4551 partus
3090 4480 3400 4538 edisserere
3442 4481 3667 4552 poterit.

2083 4571 2228 4640 Quid
2260 4587 2393 4645 ergo
2434 4573 2658 4628 initium
2704 4571 2886 4643 partui
2932 4571 3396 4642 imposuerimus?
3446 4573 3517 4628 At
3560 4586 3670 4628 non

399 4661 691 4732 τεχθέντα;
726 4660 841 4715 ἀλλ’
876 4659 1053 4731 ἀρχὴν
1092 4658 1414 4729 ύποχρόνιον
1455 4658 1732 4713 δείκνυσιν
1763 4660 1798 4730 ἡ
1832 4658 1978 4714 κατά

2083 4664 2357 4729 consistit,
2374 4665 2526 4720 velut
2548 4663 3095 4729 immutabilis,velut
3116 4664 3388 4734 principio
3410 4664 3668 4719 carentis.

404 4752 586 4822 σάρκα
633 4751 906 4821 γέννησις.
936 4750 1146 4823 Βρέφος
1174 4745 1268 4803 οὖν
1292 4748 1614 4819 καλέσωμεν
1648 4748 1741 4803 τὸν
1783 4766 1980 4820 γεννη-

2081 4755 2501 4811 Nominabimus
2518 4763 2810 4821 aeternum,
2838 4765 3028 4810 natum
3060 4756 3326 4825 puerum?
3349 4763 3405 4810 at
3431 4755 3674 4811 ostendit

294 5324 303 5329 ν
402 5295 842 5363 ἀφαντασίαστον
891 5299 990 5368 τῆς
1046 5298 1251 5369 σαρκός
1275 5314 1289 5329 ·

402 4842 585 4910 θέντα;
614 4842 751 4898 ἀλλά
778 4841 1014 4898 Παλαιὸν
1039 4843 1204 4897 αὑτὸν
1224 4842 1335 4895 τῶν
1357 4841 1582 4914 ἡμερῶν
1615 4843 1707 4897 καὶ
1731 4843 1972 4915 Ποιητὴν

2078 4846 2342 4902 nativitas
2387 4845 2624 4902 carnalis
2674 4856 3042 4916 temporanea
3082 4846 3393 4903 (iurationis
3427 4845 3668 4901 initium.

401 4933 512 4988 τῶν
544 4934 758 4989 αἰώνων
786 4934 1149 5006 γνωρίζομεν.
1183 4934 1384 5006 Θαῦμα
1412 4935 1476 4987 τὸ
1519 4936 1648 4990 πᾶν.
1676 4936 1846 4989 Ὅταν
1879 4936 1979 5007 μὲν

2079 4938 2337 4994 Dicemus
2357 4953 2488 5009 ergo
2519 4938 2785 4994 infantem
2816 4946 2976 5007 partu
3015 4938 3227 4995 editum
3254 4937 3407 4992 illum
3423 4936 3449 4989 ?
3467 4935 3539 4990 At
3560 4934 3671 4990 sci-

401 5026 513 5096 γὰρ
543 5026 679 5098 πρὸς
707 5028 806 5099 τὴν
839 5026 1033 5095 ὕφεσιν
1064 5027 1246 5099 βλέπω
1274 5028 1376 5098 τῆς
1411 5027 1633 5099 σαρκὸς,
1665 5027 1882 5083 ἀνέλκει
1915 5044 1984 5096 με

2080 5042 2204 5084 mus
2230 5027 2531 5098 Antiquum
2567 5028 2784 5083 dierum
2812 5029 2856 5093 ⁸,
2883 5037 2942 5083 et
2974 5027 3239 5083 factorem
3264 5020 3599 5082 saeculorum
3624 5026 3667 5079 ‘.

400 5117 500 5187 τῆς
529 5117 836 5189 θεότητοςή
866 5118 1150 5182 ἐπίστασις
1173 5135 1187 5150 ’
1215 5120 1345 5172 ὅταν
1377 5118 1435 5172 δὲ
1465 5118 1629 5171 πάλιν
1658 5118 1984 5189 ἀναχθῶμεν

2086 5119 2416 5176 Universum
2448 5120 2795 5176 miraculum.
2825 5119 2975 5175 Sane
3000 5133 3127 5173 cum
3151 5117 3219 5172 ad
3253 5116 3438 5172 carnis
3468 5116 3669 5172 demis-

405 5205 541 5277 (80‘)
575 5208 674 5276 τῆς
707 5207 990 5280 Θεότητος,
1033 5208 1291 5262 καθέλκει
1320 5225 1386 5279 με
1405 5204 1562 5272 αὖθις
1580 5208 1643 5261 τὸ
1667 5209 1864 5280 μέτρον
1891 5211 1986 5263 καὶ

2087 5212 2299 5267 sionem
2340 5211 2566 5282 aspicio,
2602 5226 2689 5265 me
2718 5209 2978 5267 subvehit
3013 5207 3318 5264 divinitatis
3356 5208 3675 5264 considera-

1341 5299 1436 5351 καὶ
1489 5298 1552 5351 τὺ
1592 5298 1836 5370 ἄρρητον
1882 5302 1983 5371 τῆς

2089 5302 2167 5357 tio
2199 5320 2212 5355 :
2247 5318 2372 5358 cum
2403 5310 2587 5357 autem
2622 5302 2679 5355 in
2706 5300 3050 5356 divinitatem
3089 5297 3361 5357 fuerimus
3397 5299 3669 5361 subvecti,

405 5388 713 5459 ἀσυγχύτου
759 5390 1006 5455 ὲνώσεως
1039 5391 1147 5446 τῶν
1188 5389 1426 5461 φύσεων,
1472 5390 1856 5463 παιδευτήριόν
1889 5409 1982 5462 μοι

2087 5394 2260 5449 trahit
2298 5408 2385 5449 me
2412 5408 2606 5449 rursus
2646 5401 2703 5448 et
2742 5390 2986 5448 demittit
3015 5391 3214 5447 modus
3248 5398 3412 5461 atque
3441 5390 3671 5446 veritate

472 5526 494 5557 ²
519 5524 654 5580 Luc.
691 5540 729 5590 ι,
763 5522 855 5581 27.
933 5526 954 5557 '
987 5526 1090 5581 Isa.
1126 5539 1240 5586 vm,
1279 5524 1331 5579 l.
1403 5522 1426 5555 ⁵
1450 5522 1551 5578 Isa.
1592 5539 1703 5586 LIII,
1739 5522 1790 5579 8.
1867 5524 1889 5556 ⁸
1919 5525 1988 5579 Da

2093 5543 2189 5592 vn,
2224 5528 2308 5583 l3.
2381 5527 2402 5558 ⁶
2426 5526 2592 5581 Hebr.
2617 5541 2656 5591 ι,
2679 5525 2745 5586 2.,

648 5640 712 5716 .
748 5640 968 5716 évaXO-tb
992 5640 1147 5709 μετά.
1181 5640 1332 5694 Εῡιτ.
1434 5708 1446 5716 _
1661 5706 1678 5716 _
1900 5708 1948 5716 Μ

2167 5641 2278 5716 (82)
2312 5641 2543 5716 ﬁnirent
2562 5638 2967 5710 dispensationis
2993 5655 3011 5692 :
3040 5636 3382 5716 μητέρα
3404 5633 3501 5716 τῆς
3532 5635 3674 5716 ορκο-

477 5703 751 5789 (81)_Ai_:e,
786 5703 1020 5789 gratiosa
1048 5728 1065 5765 :
1103 5708 1515 5789 κεχαριτωμένη
1544 5725 1558 5739 ο
1593 5706 1986 5789 velut‘gratifl-

2093 5703 2510 5789 νομιμτηνει-ιμι
2544 5703 2774 5789 matrem
2810 5703 3391 5789 assumpti_'oiic9§ioji€9
3420 5714 3477 5759 et
3501 5703 3677 5759 admi-

477 5729 590 5781 (δι)
623 5729 751 5776 ave,
786 5729 1065 5782 gratiosa:
1103 5729 1515 5781 κεχαριτωμενη
1544 5729 1558 5739 ·
1594 5729 1744 5763 γειυι
1777 5729 1986 5778 grauu-
2093 5729 2153 5763 νο
2203 5729 2306 5774 iac.
2356 5729 2510 5771 νειιη
2544 5729 2774 5765 mairem
2810 5729 3075 5777 assumpu
3112 5729 3391 5786 ominong
3420 5729 3477 5759 ei.
3501 5729 3677 5759 auun-

405 5788 527 5835 cata
554 5781 830 5864 :"habens‘
848 5782 1098 5864 gratiam,
1137 5780 1585 5864 sed_acclepta.m;
1614 5777 1771 5864 lquod
1808 5778 1975 5848 passi-
2093 5729 2250 5864 {agili
2294 5783 2395 5864 illa
2422 5781 2851 5864 diSpcnsatione,
2891 5775 3513 5864 homi‘nis..ALatIss1mus
3545 5789 3678 5831 usus

400 5865 535 5905 vum
555 5849 710 5974 dillud
747 5847 1058 5907 subindicat
1103 5868 1118 5905 :
1166 5851 1313 5921 vulg.
1352 5849 1539 5905 Gratia
1568 5847 1726 5920 plena
1764 5866 1781 5904 :
1816 5847 1981 5908 ScnSU
2093 5850 2242 5909 illius
2275 5853 2426 5913 vocis
2461 5847 2525 5913 in
2551 5851 2776 5907 materia
2803 5847 3217 5905 incarnationis.

409 5934 521 5974 non
593 5936 796 5974 iverso.

409 5934 521 5977 non
555 5934 796 5976 UlVOl‘SO.
