4076 6464
384 516 520 571 i395

1479 510 1828 566 TliEODOTl
1868 509 2173 566 EPiSCOPI
2214 511 2559 570 ANCYRANI

3500 517 3642 576 1396

376 631 682 686 subsistens
702 627 883 684 carnis
903 628 1044 686 ratio
1070 646 1082 680 :
1109 627 1352 696 mihique
1377 641 1638 680 arcanum
1658 622 1956 679 inconfusae

2070 628 2266 694 γίνεται
2305 629 2399 696 τῆς
2433 629 2583 691 θείας
2627 628 2928 699 δυνάμεως.
2961 628 3196 682 Τοιαῦτα
3233 629 3514 702 παράδοξα
3547 629 3636 684 ἀεὶ

378 720 597 776 unionis
633 729 979 785 naturarum,
1016 719 1243 775 virtutis
1272 718 1474 781 divina:
1498 719 1684 772 schola
1707 716 1958 772 ellicitur.

376 811 766 884 Hujuscemodi
813 811 978 868 nobis
1027 811 1339 875 mirabilia,
1384 811 1500 866 suis
1543 825 1759 880 semper
1792 808 1965 863 sacris

374 902 829 958 illucescentibus
850 902 1160 974 fulgoribus
1179 943 1192 969 ,
1221 902 1349 958 diva
1371 902 1542 958 Mater
1590 901 1755 971 Virgo
1780 900 1959 956 affert.

372 992 509 1047 Nam
541 1013 560 1046 ι
587 994 752 1064 Apud
785 1010 908 1050 eam
939 1003 1025 1050 est
1049 995 1172 1050 fons
1193 995 1318 1050 vitae
1346 995 1404 1062 ’ς
1453 1013 1472 1047 ›
1503 993 1787 1063 uberaque
1823 1011 1841 1044 ι
1876 1005 1965 1046 ra-

376 1083 656 1140 tionabilis
689 1084 850 1141 lactis
878 1095 936 1140 et
967 1085 1088 1141 sine
1122 1086 1252 1142 dolo
1291 1086 1314 1119 ⁵
1343 1101 1358 1139 :
1405 1103 1423 1138 ι
1454 1100 1486 1141 a
1519 1086 1723 1156 quibus
1762 1084 1958 1148 modo,

373 1172 632 1244 sugendae
659 1173 972 1230 dulcedinis
1001 1175 1196 1247 gratia,
1225 1175 1410 1231 studio
1437 1176 1811 1242 accurrimus;
1849 1190 1960 1229 non

370 1265 526 1319 velut
551 1265 803 1336 priorum
839 1267 1020 1333 obliti,
1047 1268 1143 1323 sed
1170 1267 1472 1339 cupiditate
1504 1265 1836 1322 futurorum.
1862 1266 1958 1320 Ni-

373 1354 452 1410 hil
487 1356 634 1412 enim
693 1359 897 1428 saepius
945 1357 1215 1414 beneficio
1255 1358 1513 1415 affectum
1554 1374 1710 1426 esse,
1764 1359 1960 1430 majori

374 1460 622 1515 unquam
647 1446 926 1504 desiderio
959 1448 1229 1504 bonorum
1251 1450 1524 1516 vetuerit;
1556 1450 1690 1520 quin
1713 1449 1958 1520 priorum

373 1535 682 1604 donorum,
731 1553 1035 1609 eorumque
1069 1541 1272 1610 quibus
1323 1541 1541 1597 animus
1572 1541 1816 1597 latitiam
1859 1542 1958 1594 ha-

374 1622 520 1690 buit,
550 1633 848 1696 sequentes
881 1627 1172 1683 illecebras
1202 1626 1546 1689 succendens
1587 1625 1846 1696 splendor
1881 1626 1958 1680 si-

375 1718 474 1772 tim
507 1718 660 1775 facit.
689 1720 1048 1792 Nequaquam
1072 1722 1220 1778 enim
1254 1721 1492 1776 sustinet
1517 1735 1693 1785 amor,
1721 1727 1781 1773 ut
1805 1734 1872 1773 ne
1903 1719 1958 1772 in

374 1806 578 1863 divinis
602 1819 854 1881 assurgat
882 1811 1226 1882 sublimeque
1251 1818 1403 1881 petat
1438 1811 1568 1883 (85).

446 1898 510 1952 ν.
559 1898 718 1966 Quod
761 1901 808 1956 si
853 1901 978 1972 quis
1023 1909 1283 1958 censetur
1329 1903 1551 1957 nomine
1588 1901 1953 1967 Christianus,

2072 721 2200 789 ἡμῖν
2223 722 2253 788 ή
2277 719 2396 772 θεία
2423 719 2890 790 Μητροπάρθενος
2913 721 2972 772 ἐν
2999 721 3184 789 ἁγίαις
3210 723 3380 792 αὐτῆς
3406 722 3642 794 ἐπιλάμ..

2067 808 2191 876 ψεσι
2219 810 2669 880 προσκομίςεται.
2713 829 2731 860 ι
2755 810 2893 880 Παρ¹
2919 812 3054 882 αὐτῇ
3090 811 3198 881 γὰρ
3233 814 3385 883 πηγὴ
3419 813 3583 884 ζωῆς·
3616 833 3636 866 ι

2069 899 2162 953 καὶ
2193 901 2388 969 μαστοὶ
2411 919 2429 954 ι
2451 899 2546 953 τοῦ
2576 899 2799 968 λογικοῦ
2821 901 2913 953 καὶ
2942 901 3132 954 ἀδόλου
3162 903 3464 970 γάλακτοςο
3493 924 3512 956 ο
3548 905 3645 974 ἀφ’

2066 985 2140 1045 ὦν
2173 993 2267 1046 καὶ
2305 991 2400 1045 νῦν
2446 993 2756 1056 σπουδαίως
2794 992 3363 1063 προσδεδραμήκαμεν
3409 993 3646 1062 θηλάσαι

2065 1078 2400 1148 γλυκασμὺν,
2433 1079 2493 1133 οὐ
2523 1078 2660 1151 λήθῃ
2681 1080 2788 1132 τῶν
2811 1080 3210 1152 προλαϐόντων,
3241 1081 3353 1134 ἀλλ’
3379 1083 3647 1152 ἐπιθυμίᾳ.

2063 1169 2174 1222 τῶν
2206 1168 2528 1239 μελλόντων.
2566 1171 2640 1224 Οὐ
2677 1171 2786 1241 γὰρ
2806 1171 2866 1224 τὺ
2889 1171 3151 1234 πολλάκις
3175 1172 3604 1243 εὐεργετηθῆναι
3632 1213 3646 1235 ,

2062 1260 2172 1315 τῶν
2217 1261 2440 1329 ἀγαθῶν
2466 1263 2566 1332 τῆς
2613 1261 2858 1326 πλείονος
2909 1263 3149 1331 ἐφέσεως
3203 1265 3352 1334 ἡμᾶς
3409 1264 3646 1335 διείργει

2062 1354 2226 1406 ποτέ·
2261 1353 2398 1406 ἀλλὰ
2448 1353 2544 1407 καὶ
2575 1352 2900 1425 λαμπρότης
2948 1354 3057 1424 τῶν
3106 1354 3646 1425 προσδεδωρημένων

2064 1446 2157 1499 καὶ
2189 1445 2620 1515 φαιδρυνάντων,
2659 1445 2833 1514 δίψεις
2877 1445 3236 1510 καθίσταται,
3279 1445 3647 1513 ὐπεκκαυμεί-

2067 1554 2164 1604 ρας
2208 1537 2320 1605 (85)
2348 1536 2416 1590 τά
2448 1535 2742 1606 μετέπειτα
2794 1536 3208 1607 ἐντρυφήματα.
3245 1537 3320 1589 Οὐ
3364 1537 3651 1606 προσίεται

2061 1626 2170 1696 γὰρ
2200 1625 2451 1696 οὐδαμῶς
2483 1625 2609 1698 [μὴ]
2642 1625 3014 1696 κορυφοῦσθαι
3037 1626 3172 1698 πρὸς
3211 1627 3279 1681 τὰ
3331 1627 3450 1682 θεῖα
3485 1627 3648 1698 ἔρως.

2137 1898 2213 1951 Ε’.
2257 1895 2320 1951 Εἰ
2353 1895 2410 1950 δέ
2440 1913 2524 1959 τις
2566 1896 2894 1968 Χριστιανὸς
2939 1898 3301 1969 χρηματίζειν
3344 1899 3510 1966 δοκεῖ,
3553 1901 3651 1954 καὶ

373 1985 593 2058 fertque
635 1990 865 2046 moleste
893 2001 952 2048 et
975 1992 1128 2048 velut
1153 1993 1426 2062 vertigine
1459 2000 1749 2064 correptus
1776 1993 1956 2058 dolet,

2070 1989 2206 2058 πρὸς
2222 1987 2321 2058 τὴν
2337 1987 2618 2055 Θεοτόκον,
2635 1987 2734 2058 τῆς
2755 1987 2940 2041 ἐνθέου
2960 1987 3258 2060 Παρθένου,
3280 1988 3534 2058 ἀσχάλλει
3552 1990 3650 2041 καὶ

374 2077 445 2135 ad
483 2079 626 2136 divae
651 2081 893 2153 Virginis
932 2083 1256 2156 dignitatem
1302 2084 1452 2141 illam
1486 2085 1960 2155 clarissimumque

373 2177 432 2224 et
473 2172 761 2242 proprium
790 2173 1040 2246 Deiparaa
1085 2190 1321 2243 nomen;
1352 2191 1491 2232 vane
1525 2176 1572 2232 is
1603 2185 1658 2231 et
1696 2178 1960 2232 ementite

373 2262 683 2320 sanctitatis
712 2265 818 2320 sibi
849 2267 1291 2337 appellationem,
1325 2269 1421 2339 qui
1456 2269 1724 2339 dogmatis
1751 2269 1963 2328 dissen-

376 2350 498 2417 tiat,
518 2351 830 2418 eblanditur.
855 2355 1004 2409 Nihil
1034 2356 1184 2411 enim
1216 2357 1320 2427 ipsi
1355 2374 1421 2412 ex
1455 2358 1615 2413 titulo
1641 2366 1698 2412 et
1725 2358 1959 2428 quadam

374 2441 530 2496 velut
556 2443 779 2513 pietatis
807 2445 1217 2513 informatione,
1245 2449 1543 2511 commodi,
1573 2456 1636 2502 ut
1672 2468 1690 2500 ι
1724 2449 1818 2519 qui
1841 2451 1962 2518 ejus

375 2534 611 2607 abneget
631 2535 898 2594 virtutem
924 2541 946 2572 ο
975 2556 988 2592 :
1021 2557 1041 2590 ι
1073 2539 1296 2609 quando
1323 2559 1341 2593 ι
1373 2541 1470 2596 Dei
1499 2555 1748 2612 regnum,
1771 2557 1882 2596 non
1906 2543 1959 2596 in

377 2642 654 2694 sermone,
689 2629 786 2684 sed
836 2630 893 2684 in
936 2630 1148 2686 virtute
1189 2633 1265 2697 ¹⁰,
1316 2650 1336 2684 ι
1376 2647 1608 2703 magnus
1640 2633 1732 2687 ille
1779 2649 1962 2702 praeco

374 2720 779 2786 pronuntiavit.
807 2719 946 2776 Nam
968 2736 1096 2776 cum
1123 2731 1271 2777 esset
1306 2740 1326 2775 ι
1359 2723 1530 2779 falsus
1553 2723 1726 2779 frater
1750 2732 1807 2779 et
1834 2725 1964 2778 sub—

377 2808 732 2867 introductus
765 2811 828 2876 “,
861 2831 879 2864 ι
908 2813 1062 2883 juxta
1103 2812 1253 2883 quod
1284 2815 1550 2884 scriptum
1598 2823 1700 2880 est,
1733 2833 1754 2867 ‹
1797 2824 1962 2885 atque

376 2899 653 2957 libertatis
684 2903 1022 2972 explorator,
1060 2923 1079 2955 ι
1110 2920 1289 2976 neque
1320 2907 1678 2976 praceptoris
1704 2906 1854 2962 illius
1880 2907 1963 2960 di-

376 2989 516 3054 vini,
546 2990 825 3046 suasibilis
849 2992 1069 3048 auditor
1090 2993 1215 3061 fuit,
1243 2995 1530 3050 docentis:
1554 3012 1663 3052 non
1689 2998 1806 3067 lege
1833 3013 1962 3052 san-

377 3080 496 3136 cire
530 3100 550 3135 ι
599 3082 866 3139 adversus
906 3085 1224 3152 veritatem,
1275 3086 1372 3141 sed
1419 3102 1520 3156 pro
1565 3089 1796 3144 veritate
1827 3091 1890 3144 “.
1937 3109 1956 3142 ι

380 3171 570 3228 Fuerit
592 3173 760 3243 igitur
780 3175 914 3230 utile
935 3175 1004 3230 ad
1025 3176 1147 3246 pios
1169 3185 1225 3232 et
1256 3177 1534 3248 simplices
1556 3179 1965 3237 conﬁrmandos

379 3265 536 3320 brevi
564 3266 800 3336 quadam
834 3267 1137 3336 quaestione
1166 3283 1293 3323 cum
1325 3268 1642 3324 adulterino
1671 3279 1727 3326 et
1752 3271 1964 3327 factitio

383 3355 481 3425 (sic
512 3357 662 3412 enim
691 3365 876 3412 mente
917 3358 1178 3428 profanos
1205 3360 1539 3429 compellare
1571 3361 1721 3432 licet)
1751 3365 1967 3418 exerci-

384 3447 588 3504 tatione
606 3463 921 3505 conserere.
943 3449 1093 3506 Cedo
1111 3450 1279 3521 igitur
1295 3453 1753 3522 percontantibus
1774 3456 1932 3510 nobis
1951 3473 1964 3510 :

380 3546 660 3606 utrumne,
697 3541 784 3596 vel
816 3555 980 3596 sensu
1013 3541 1263 3609 Iudaico,
1305 3551 1367 3598 ut
1398 3545 1604 3611 virum,
1650 3545 1725 3601 ita
1757 3554 1814 3602 et
1839 3548 1969 3603 Adae

382 3631 670 3701 conjugem
711 3631 1056 3687 intemeratis
1096 3633 1310 3703 opiﬁcis
1341 3635 1597 3692 manibus
1641 3636 1846 3705 ﬁctam,
1881 3639 1969 3694 di-

381 3722 530 3777 centi
555 3721 662 3794 legi
695 3721 916 3790 divinae,
951 3726 1271 3782 assenti-ris?
1296 3728 1365 3782 Et
1394 3728 1441 3782 si
1466 3729 1690 3798 quidem
1733 3746 1968 3802 negave-

383 3812 462 3866 ris
489 3829 504 3866 :
529 3828 715 3869 nonne
761 3817 1044 3885 propalam
1089 3834 1121 3873 a
1152 3818 1312 3875 nobis
1355 3827 1412 3876 et
1441 3819 1742 3892 Scripturis
1783 3831 1968 3878 extra-

383 3917 524 3958 neus
550 3903 804 3962 exsistis?
847 3907 904 3962 Si
949 3916 1134 3965 autem
1162 3909 1540 3976 allirmaveris,
1576 3915 1711 3983 quid
1740 3915 1908 3970 stulte
1939 3929 1970 3969 a

383 3997 620 4052 veritate
656 3995 940 4065 dissentis,
988 4001 1197 4071 Deique
1239 4002 1506 4072 placitum
1540 4003 1593 4058 in
1623 4004 1970 4060 sanctissima

387 4085 607 4159 Virgine
639 4088 708 4144 ad
737 4105 1083 4147 communem
1111 4094 1348 4149 salutem
1377 4095 1610 4164 provide
1642 4094 1971 4165 dispositum

384 4178 660 4238 detractas
690 4193 869 4254 atque
912 4186 1134 4241 renuis?
1164 4186 1267 4254 Qui
1309 4189 1459 4243 enim
1507 4188 1790 4259 antiquam
1821 4189 1971 4246 illam

385 4270 667 4345 Virginem
697 4275 818 4332 sine
861 4277 1066 4347 probro
1108 4279 1393 4347 condidit,
1423 4280 1540 4350 ipse
1573 4288 1631 4335 et
1671 4281 1971 4336 secundam

385 4363 506 4419 sine
523 4373 655 4420 nota
677 4374 734 4421 et
753 4365 985 4423 crimine
1009 4368 1314 4426 fabricatus
1336 4381 1421 4426 est
1444 4389 1459 4438 ;
1486 4372 1692 4444 quique
1715 4374 1862 4444 quod
1887 4381 1973 4430 est

386 4452 614 4520 deforis,
645 4456 878 4526 pulchre
911 4458 1069 4525 fecit,
1104 4461 1274 4516 etiam
1307 4463 1456 4533 quod
1473 4463 1634 4521 intus
1651 4475 1758 4535 est,
1781 4467 1849 4523 ad
1869 4469 1972 4523 do-

387 4545 655 4601 micilium
697 4548 923 4616 animat,
965 4562 1155 4609 sancte
1199 4557 1538 4624 peramavit.
1585 4559 1744 4626 Quod
1785 4561 1972 4630 itaque

2069 2077 2456 2148 προσιλιγγιᾷ,
2488 2075 2706 2146 ἀξίωμά
2735 2093 2789 2130 τι
2834 2077 2930 2130 καὶ
2981 2077 3364 2146 ἐνεργέστατον
3403 2079 3499 2130 καὶ
3549 2079 3652 2130 κὺ-

2073 2185 2188 2238 ριον
2223 2167 2418 2239 δνομα,
2471 2167 2717 2238 ματαίως
2743 2167 2838 2221 καὶ
2868 2167 3140 2238 κιϐδήλως
3171 2167 3651 2234 ἐγκαλλωπίζεται

2066 2261 2134 2330 τῇ
2179 2257 2523 2330 προσηγορίᾳ
2553 2257 2654 2327 τῆς
2679 2256 2960 2326 ὁσιότητος
2982 2295 2997 2318 ,
3032 2257 3144 2318 τοῖς
3179 2255 3412 2326 δόγμασι
3441 2257 3653 2325 διαφω-

2068 2350 2195 2405 νῶν.
2222 2349 2392 2405 Οὐδὲν
2421 2348 2530 2418 γὰρ
2559 2347 2708 2417 αὐτῷ
2728 2349 2789 2400 τὸ
2815 2347 3095 2416 ἐναίσιμον
3121 2349 3186 2401 ἐκ
3213 2348 3310 2418 τῆς
3338 2348 3654 2418 ἐπιγραφῆς

2070 2442 2164 2495 xal.
2192 2439 2626 2511 ἐπιμορφώσεως
2651 2439 2749 2508 τῆς
2775 2438 3081 2501 εὐσεϐείας,
3113 2457 3131 2490 ι
3167 2439 3266 2508 τὴν
3298 2437 3528 2506 δύναμιν
3552 2441 3658 2492 αὐ-

2071 2532 2166 2586 τοῦ
2191 2531 2602 2602 ἐξαρνουμένῳ·
2635 2550 2653 2582 ι
2688 2529 2809 2583 ἐπεὶ
2840 2531 2946 2600 «μὴ
2969 2531 3028 2582 ἐν
3053 2530 3217 2601 λόγῳ,
3243 2529 3380 2583 ἀλλά
3402 2531 3458 2582 ἐν
3489 2528 3654 2582 δυνά⁴

2075 2635 2164 2687 μει
2193 2617 2291 2687 τὴν
2325 2615 2420 2669 τοῦ
2450 2616 2586 2668 Θεοῦ
2623 2615 2902 2685 βασιλείαν
2927 2609 3089 2679 εἶναι,
3122 2634 3138 2665 ι
3175 2615 3203 2667 ὁ
3234 2613 3408 2685 μέγας
3437 2613 3655 2684 ἀπεφή-

2071 2729 2199 2764 νατο
2227 2707 2422 2780 κήρυξ.
2456 2727 2474 2760 ι
2501 2707 2881 2774 Ψευδάδελφος
2907 2705 3016 2774 γὰρ
3055 2705 3150 2757 καὶ
3188 2704 3577 2774 παρείσακτος,
3625 2723 3646 2756 ι

2071 2803 2213 2857 κατά
2244 2803 2342 2873 τὴν
2393 2800 2636 2872 Γραφὴν,
2671 2798 2766 2853 καὶ
2809 2797 2906 2867 τῆς
2953 2795 3266 2865 ἐλευθερίας
3304 2796 3654 2859 κατάσκοπος

2073 2897 2354 2966 ὑπάρχων,
2384 2892 2508 2946 οὐτε
2541 2891 2765 2958 γέγονεν
2795 2889 3053 2959 εὐπειθὴς
3076 2887 3350 2958 ἀκουστὴς
3375 2887 3469 2940 τοῦ
3505 2886 3655 2939 θείου

2071 2985 2392 3040 διδασκάλου
2441 2982 2888 3044 ἐκπαιδεύοντος·
2932 2981 2993 3033 οὐ
3049 2978 3364 3049 νομοθετεῖν
3423 2994 3441 3029 ι
3506 2977 3655 3031 κατὰ

2070 3079 2171 3147 τῆς
2209 3075 2490 3145 ἀληθείας,
2523 3073 2637 3128 ἀλλ’
2689 3071 2832 3142 ὑπὲρ
2860 3071 2959 3140 τῆς
2992 3069 3271 3138 ἀληθείας.
3321 3088 3339 3120 ι
3368 3068 3659 3137 Χρήσιμον

2071 3168 2136 3237 δὴ
2178 3161 2291 3229 οὖν,
2342 3163 2483 3233 ὑπὲρ
2532 3158 2838 3232 στηριγμοῦ
2889 3157 2997 3209 τῶν
3052 3156 3220 3210 ὄντων
3269 3153 3510 3207 εὐσεϐῶν
3559 3153 3659 3206 καὶ

2073 3255 2370 3326 ἀκεραίων,
2421 3252 2684 3323 βραχεῖάν
2734 3267 2856 3302 τινα
2905 3247 3098 3301 πεῦσιν
3147 3243 3529 3313 συγγυμνάσαι
3577 3241 3662 3311 τῷ

1995 3323 2036 3380 c
2072 3323 2386 3415 παρασήμῳ
2409 3343 2503 3396 καὶ
2536 3344 2948 3410 παρεγγράπτῳ
2970 3355 2983 3369 ·
3018 3338 3163 3391 οὕτω
3188 3337 3298 3408 γὰρ
3326 3335 3486 3405 θέμις
3519 3335 3658 3386 ἀνα-

2069 3435 2321 3508 γορεύειν
2370 3433 2498 3496 τούς
2545 3432 2807 3502 βεϐήλους
2855 3430 2952 3500 τὴν
3004 3429 3253 3498 γνώμην.
3295 3427 3436 3494 Λέγε
3480 3425 3662 3477 τοίνυν

2070 3533 2201 3602 ἡμῖν
2226 3525 2670 3594 πυνθανομένοις,
2699 3517 2838 3576 οὔτω
2869 3521 2924 3574 δὲ
2959 3521 3188 3589 πότερον
3215 3515 3528 3569 συντίθεσαι
3550 3512 3660 3566 κᾶν

2083 3617 2388 3681 Ἰουδαϊκῶς
2427 3620 2493 3686 τῇ
2537 3617 2656 3686 ἱερᾷ
2699 3611 3014 3682 νομοθεσίᾳ,
3065 3609 3360 3681 ἀχράντοις
3407 3603 3501 3657 τοῦ
3549 3605 3662 3673 Δη-

2075 3709 2334 3783 μιουργοῦ
2393 3708 2550 3778 χερσὶ
2603 3702 3010 3758 διαπεπλάσθαι
3089 3700 3188 3770 τὴν
3239 3696 3510 3770 ὁμόζυγον
3560 3693 3662 3746 τοῦ

2083 3803 2255 3872 ’Δδάμ
2275 3799 2582 3870 φασκούσῃ,
2608 3795 2860 3865 καθάπερ
2884 3793 2975 3844 τὸν
3011 3789 3178 3861 ἄνδρα
3199 3806 3213 3853 ;
3242 3787 3356 3845 Καὶ
3375 3788 3422 3838 εί
3457 3785 3555 3854 μὲν
3573 3783 3661 3848 τὸ,

2071 3893 2156 3956 οὒ,
2207 3893 2348 3960 φής,
2389 3889 2450 3941 οὐ
2492 3886 2668 3957 δήλως
2711 3883 2977 3952 ὑπάρχεις
3024 3878 3177 3945 ξένος
3215 3874 3372 3947 ήμῶν
3405 3873 3500 3927 καὶ
3548 3873 3666 3926 τῶν

2072 3986 2112 4038 Γ
2117 3982 2302 4056 ραφῶν
2331 3979 2638 4049 ἀλλότριος;
2669 3977 2717 4028 εί
2743 3975 2799 4027 δὲ
2823 3974 2901 4037 τὸ,
2919 3972 3026 4034 ναὶ,
3051 3969 3313 4040 συμφίῃς·
3342 3966 3394 4018 τί
3414 3966 3666 4034 ἀνοήτως

2073 4076 2308 4147 διαφέρῃ
2355 4073 2494 4144 πρὸς
2540 4069 2638 4141 τὴν
2695 4067 2989 4136 ἀλήθειαν,
3035 4064 3132 4116 καὶ
3183 4060 3505 4131 ἀφηνιάζεις
3561 4058 3667 4111 καὶ

2073 4169 2348 4238 ἀπαναίνῃ
2400 4167 2498 4236 τὴν
2531 4161 2781 4216 εὐδοκίαν
2831 4158 2926 4211 τοῦ
2963 4154 3124 4219 Θεοῦ,
3157 4154 3255 4226 τὴν
3309 4155 3366 4206 ἐν
3412 4150 3667 4218 παναγίᾳ

2079 4259 2341 4334 Παρθένῳ
2380 4256 2476 4309 ἐπὶ
2523 4252 2708 4322 κοινὴν
2751 4247 3028 4318 σωτηρίαν
3063 4245 3556 4334 οἱκονομηθεῖσανς
3599 4241 3663 4294 ’0

2074 4353 2185 4425 γὰρ
2210 4347 2626 4422 δημιουργήσας
2655 4342 2753 4412 τὴν
2790 4339 2956 4393 πάλαι
2986 4335 3264 4408 Παρθένον
3293 4333 3660 4425 ἀνυϐρίστως,

2074 4424 2238 4508 αὐτὸς
2271 4443 2366 4497 καὶ
2397 4439 2496 4510 τὴν
2535 4437 2614 4500 είς
2653 4433 2906 4502 δεύτερον
2937 4430 3267 4499 ἐτεκτήνατο
3297 4424 3616 4495 ἀναμώμως
3643 4440 3660 4454 ο

2077 4541 2173 4596 καὶ
2203 4539 2231 4592 ό
2256 4535 2488 4605 ποιήσας
2519 4528 2580 4581 τὸ
2608 4525 2805 4590 ἔξωθεν
2833 4521 3050 4591 ὡραίως
3072 4562 3088 4585 ,
3124 4519 3285 4581 αὐτὸς
3311 4517 3406 4570 καὶ
3435 4518 3496 4602 τὸ
3526 4514 3666 4605 ἔσω..

906 4608 918 4616 ,
1083 4608 1088 4609 ,
1139 4608 1147 4609 ,
1203 4608 1260 4624 τ-
1595 4608 1744 4626 ι---
1785 4608 1965 4630 ψη--

385 4638 777 4695 suavissimum
805 4642 1460 4720 delectabilissimumque
1494 4652 1608 4708 Deo
1643 4652 1824 4707 visum
1853 4661 1965 4719 est,

2081 4635 2170 4688 θεν
2199 4625 2619 4722 κατεκόσμησεν
2649 4620 2728 4681 εἰς
2757 4615 3175 4722 κατοικητήριον
3200 4609 3381 4722 ψρχῆς
3420 4608 3663 4722 εὐαγῗέ

386 4730 482 4800 qui
515 4738 574 4787 tu
604 4730 849 4790 Iudaicae
898 4739 1162 4796 vanitatis
1186 4744 1558 4808 sermonibus,
1586 4758 1687 4799 ceu
1717 4743 1974 4813 turpissi-

387 4838 562 4889 mum,
603 4824 992 4884 universorum
1030 4831 1149 4901 ipse
1189 4834 1622 4904 praeturpissime
1650 4831 1965 4889 subvertere

2070 4827 2149 4898 τῷ
2169 4818 2310 4890 Θεῷ,
2338 4811 2457 4874 πῶς
2487 4807 2562 4869 ὡς
2587 4804 2652 4904 ay

387 4912 710 4982 praesumis?
732 4913 875 4973 Sane
891 4933 1044 4985 vero,
1065 4935 1098 4974 o
1119 4923 1351 4978 attonite
1372 4921 1972 4992 insipientissimeque:

393 5019 414 5052 ι
436 5001 521 5058 Τιι
543 5003 670 5073 quis
695 5019 758 5061 es
785 5006 881 5076 qui
911 5009 1250 5079 respondeas
1275 5009 1391 5064 Deo
1418 5008 1500 5063 "?
1519 5026 1539 5060 ι
1567 5007 1703 5063 Nam
1731 5007 1778 5064 si
1806 5008 1976 5070 etiam

386 5091 577 5148 decori
601 5095 714 5152 Deo
737 5106 822 5154 est
845 5107 904 5154 ut
931 5099 1173 5166 ﬁnxerit,
1215 5099 1680 5170 quemadmodum
1711 5112 1775 5158 ut
1813 5110 1870 5158 et
1918 5103 1972 5157 in

389 5186 618 5256 proprio
649 5187 912 5262 figmento
944 5192 1292 5259 inhabitarit,
1315 5193 1461 5249 sicut
1503 5203 1563 5252 tu
1606 5195 1779 5264 dicis;
1805 5196 1973 5252 etiam

389 5274 559 5334 fuerit
593 5282 742 5352 quod
765 5299 992 5340 manere
1020 5283 1172 5340 visus
1195 5283 1267 5339 sit
1296 5285 1433 5357 (84).

2071 4733 2147 4790 Τὸ
2174 4721 2358 4777 τοίνυν
2381 4709 2822 4785 προσηνέστατον
2855 4704 2950 4756 καὶ
2994 4699 3462 4772 περιχαρέστατον
3494 4695 3666 4764 όφθὲν

2680 4800 2977 4870 αἴσχιστον,
3009 4794 3384 4865 αίσχιστότατε
3418 4791 3664 4853 πάντων,

2075 4880 2505 4979 σύνανατρέπειν
2566 4893 2774 4962 τολμᾷς
2843 4887 3189 4979 Ἰουδαῖκαῖς
3222 4880 3665 4979 είκαιολογίαις;

2073 4972 2353 5066 Μενοῦνγε
2375 4991 2510 5062 γὰρ,
2559 4979 2605 5039 ὦ
2657 4975 3070 5054 φρενόὸλα6ε[ς]
3109 4975 3204 5038 καὶ
3247 4972 3665 5066 ἀφρονέστατε,

2088 5118 2106 5150 ι
2152 5063 2327 5153 Σὺτίς
2352 5081 2404 5140 εἴ
2431 5086 2459 5136 ὁ
2488 5075 2920 5148 ἀποκρινόμενος
2938 5070 3016 5142 τῷ
3041 5068 3194 5140 Θεῷς
3219 5086 3240 5120 ι
3262 5067 3326 5120 Ei
3346 5064 3454 5136 γὰρ
3481 5063 3576 5118 καὶ
3602 5065 3670 5117 τὸ

2081 5189 2286 5243 πλάσαι
2338 5176 2660 5246 ἀνύϐριστον
2689 5168 2808 5237 Θεῷ
2838 5206 2854 5231 ,
2886 5163 3073 5229 καθὼς
3102 5164 3198 5219 καὶ
3226 5162 3289 5216 τὺ
3331 5157 3669 5231 ἐνο[ι]κῆσαι

2080 5283 2139 5334 ἐν
2171 5278 2250 5349 τῷ
2279 5275 2395 5343 ίδίῳ
2426 5269 2739 5338 πλάσματι,
2774 5260 2965 5329 ὥσπερ
3008 5257 3074 5310 σὺ
3116 5252 3243 5326 φής,
3276 5253 3373 5306 καὶ
3403 5250 3464 5304 τὸ
3488 5266 3668 5304 κατα-

2085 5370 2365 5442 σκηνῶσαι
2393 5363 2572 5426 δόξαν.

476 5482 678 5558 "_Psal.
713 5498 876 5558 xxxv,
905 5483 990 5540 lO.
1031 5487 1052 5519 ⁸
1085 5486 1269 5542 IPetr.
1309 5503 1367 5552 ιι,
1400 5487 1453 5542 2.
1519 5488 1539 5520 θ
1567 5487 1610 5541 ll
1640 5485 1882 5540 Timoth.
1908 5501 1964 5539 tn

2070 5523 2075 5536 ,
2130 5485 2175 5516 ³ο
2203 5483 2225 5538 l
2258 5480 2386 5537 Cor.
2422 5491 2495 5541 IV,
2521 5471 2612 5528 20.
2679 5469 2719 5501 “
2754 5466 2929 5524 Galat.
2963 5479 3025 5532 ll,
3050 5463 3104 5537 4,
3149 5460 3193 5493 ⁸³
3225 5457 3276 5515 ll
3301 5456 3431 5515 Cor.
3460 5470 3576 5520 nu,
3609 5455 3664 5513 8.
3703 5535 3730 5558 Ι

431 5553 476 5586 ⁵³
506 5554 666 5608 Rom.
697 5570 772 5618 rx,
809 5553 899 5606 20.
1600 5580 1604 5584 -

470 5665 585 5736 (8'5)
625 5666 690 5722 Ut
720 5666 875 5736 inegin
907 5665 1095 5720 divinis
1123 5661 1796 5736 _assurgat,_snbliptequ_e
1832 5669 1974 5730 petat

405 5730 892 5810 gregesque“
913 5735 1050 5810 προς
1079 5734 1149 5810 τὰ
1193 5730 1334 5810 θεῖα.
1359 5733 1572 5810 ,γοιυι
1591 5730 1979 5810 humiliusac:

405 5799 673 5871 cipiendo'
691 5803 834 5856 dicta
879 5799 1208 5857 in'Mariam
1262 5799 1449 5856 divina
1491 5801 1793 5871 privilegia,
1836 5799 1978 5855 illud

405 5817 658 5870 etplenﬂo
691 5817 834 5856 dicta
879 5819 938 5857 m
981 5817 1208 5857 martam
1262 5817 1449 5856 amna
1485 5817 1793 5924 gguvnegna,
1836 5817 1978 5855 muu

404 5868 642 5989 ξίἓῖῐιρο
685 5871 979 5942 singulare,
1013 5881 1076 5927 ut
1115 5871 1187 5926 sit
1228 5871 1451 5928 veritate
1565 5869 1735 5940 ipara,
1771 5871 1838 5925 de
1869 5885 1980 5941 quo

407 5945 490 5990 $1.3
497 5945 613 5989 tim.

2093 5658 2149 5729 (8
2164 5659 2208 5726 ί)
2251 5656 2433 5730 Etia_m
2512 5654 2692 5730 fuerit,
2729 5649 3119 5730 qﬂuqddntanere
3151 5645 3291 5730 visits
3327 5651 3395 5730 sit
3422 5639 3670 5730 εᾼκαὶιτδ

2083 5718 2712 5797 κατασκηνῶσαι’δόξαν.
2742 5718 2956 5776 Subtile
2980 5723 3364 5789 argumentum
3391 5731 3405 5767 :
3438 5725 3548 5782 quo
3574 5718 3666 5764 ta-

2151 5813 2508 5951 iggi'tene.
2567 5862 2722 5951 δίδως.
2777 5860 2898 5919 καθ’
2972 5847 3672 5951 ὑπελκκσξῖξιξξξαεξξι...ίίξ¹ὀ

2083 5917 2596 6006 δίῷηξκαθίσταται
2621 5917 2954 6001 ὐπέκκαυμα
2985 5929 3120 6000 πρὸς
3159 5917 3242 5981 vel
3270 5917 3365 5988 είς.
3411 5917 3588 5991 Emi]
