4076 6428
339 456 471 514 i397

1227 453 1511 512 llOMiLiA
1550 453 1636 510 iV.
1679 452 1747 509 ΙΝ
1791 449 1845 508 S.
1890 450 2240 508 DEIPARAM
2276 452 2365 508 ET
2408 451 2776 509 SIMEONEM.

3478 452 3613 507 1308

405 575 494 639 Ci".
528 571 741 645 Καίπερ
767 571 859 626 καὶ
878 570 938 626 τὸ
966 570 1308 632 πλάσεως,αἱ
1331 571 1472 626 θεῖαι
1486 568 1914 640 διαλαμϐάνουσι

2098 570 2185 623 Vl.
2221 568 2544 639 Quanquam
2587 568 2733 637 quod
2776 576 2985 638 spectat
3030 568 3096 622 ad
3129 569 3428 632 ﬁctionem,
3455 584 3611 623 com-

336 661 569 733 Γραῳαί.
602 663 767 715 Οὐδὲν
796 664 904 734 γὰρ
927 662 1005 729 τῷ
1027 662 1145 732 Θεῴ
1188 661 1343 732 φίλον
1364 701 1378 724 ,
1438 662 1632 731 ἄτιμον
1688 662 1782 715 καὶ
1821 664 1918 730 ἑφ-

338 754 597 825 ύῆριστον
624 770 638 783 ·
670 756 886 824 ἄπαγει
927 756 1397 826 ιΙῈξομολόγησις
1424 754 1533 827 γὰρ
1554 754 1651 808 καὶ
1684 754 1918 825 μεγαλοα

338 848 596 916 πρέπεια,
616 846 834 900 τὸθεῖω
866 848 1030 901 αὐτοῦ
1060 850 1156 902 καὶ
1191 848 1567 919 πολυύμνητον
1592 847 1776 916 ἔργον,
1801 864 1819 897 ι
1841 845 1916 908 ὡς

336 938 669 1007 γέγραπται.
698 939 790 990 Δεῖ
810 937 990 992 τοίνυν
1018 938 1271 1009 θάτερον·
1301 939 1357 1009 ἦ,
1391 938 1468 1001 ὡς
1500 936 1598 1009 τὴν
1630 935 1917 991 διάπλασιν

336 1033 437 1098 τῆς
476 1029 622 1093 Εὔας
646 1029 787 1100 πρὸς
810 1030 906 1083 τοῦ
936 1030 1076 1084 Θεοῦ
1118 1029 1447 1101 γεγενῆσθαι
1479 1028 1757 1099 ὁμολογῶν
1784 1044 1918 1097 προ-

314 1119 528 1189 ,θύμως
581 1120 677 1173 καὶ
719 1121 1082 1190 εὐγνωμόνως
1102 1162 1116 1187 ,
1165 1124 1261 1176 καὶ
1308 1124 1407 1193 τὴν
1459 1122 1716 1193 ῥηθεῖσαν
1768 1118 1917 1190 αὐτῷ

338 1211 631 1279 πανσόφως
652 1213 716 1264 ὲκ
738 1212 1019 1282 Παρθένου
1034 1213 1310 1284 σάρκωσιν
1329 1213 1599 1283 ἀποδέχου
1625 1213 1720 1266 καὶ
1744 1227 1915 1284 προσ-

337 1300 495 1354 κύνει
554 1301 616 1354 δν
655 1302 861 1373 τρόπον
902 1305 952 1358 oi
983 1304 1264 1370 εὐσεϐεῖς,
1305 1305 1465 1375 εἰπερ
1504 1303 1670 1377 βούλῃ
1708 1302 1916 1357 τούτων

343 1391 568 1462 μέτοχος
612 1387 770 1445 εἶναι’
827 1394 947 1465 ’ήτοι
999 1395 1289 1449 Ἰουδαϊκὸν
1347 1395 1573 1465 περίθου
1594 1396 1790 1468 ,σαυτῷ
1820 1398 1915 1451 καὶ

340 1478 568 1533 ἄπιστον
596 1480 788 1551 ὄνομα,
816 1482 893 1546 ὡς
921 1484 980 1536 ὲν
1003 1482 1232 1546 ἐκείνοις
1258 1483 1449 1555 τελῶν..
1498 1483 1781 1554 Ἀμφίὸιον
1806 1486 1914 1556 γὰρ

339 1568 440 1622 οὐκ
472 1569 628 1624 εῐωθε
664 1574 1004 1640 τεκνογονεῖν
1033 1574 1066 1643 ή
1101 1573 1396 1644 Ἐκκλησία
1415 1588 1428 1605 ο
1465 1575 1782 1643 Χριστιανοὶ
1808 1576 1917 1647 γὰρ

342 1659 612 1728 πειθηνιοι
650 1661 729 1732 τῷ
759 1662 881 1733 Θεῷ
914 1664 1292 1735 τυγχάνοντες,
1329 1667 1449 1727 ταῖς
1477 1664 1586 1718 τῶν
1623 1666 1918 1736 προφητῶν

342 1749 602 1803 ἀκούουσι
631 1738 1010 1818 θεοπνεύστοις
1042 1756 1434 1826 προρρήσεσιν,
1471 1754 1615 1809 οὕτω
1652 1758 1781 1826 περὶ
1817 1756 1920 1827 τῆς

344 1844 695 1913 πανυμνήτου
712 1844 990 1915 Παρθένου
1015 1846 1297 1917 πανταχοῦ
1324 1846 1562 1917 βοώσαις
1580 1866 1596 1880 ο
1629 1866 1648 1900 ‹
1688 1848 1916 1917 Ἠγίασε

340 1932 405 1985 τὸ
427 1934 694 2005 σκήνωμα
729 1936 894 1990 αὑτοῦ
931 1915 1231 2008 "romae?
1249 1942 1278 1993 ό
1307 1915 1442 2004 Θεὸς
1468 1941 1526 1993 ὲν
1547 1940 1698 2012 μέσῳ
1725 1915 1918 2011 αὖτῆς,
1951 1915 1994 1972 Β

343 2024 440 2076 καὶ
477 2026 538 2078 οὺ
592 2026 1001 2098 σαλευθήσεται.
1053 2048 1073 2083 ι
1132 2031 1240 2085 Καὶ
1270 2026 1464 2095 αὖθις*
1525 2051 1544 2085 ι
1600 2032 1921 2103 Ἀνθρωπος

339 2112 607 2184 ἐγεννήθη
640 2117 700 2169 ὲν
729 2118 901 2188 αὐτῇ,
964 2119 1060 2173 καὶ
1097 2121 1262 2184 αὐτὸς
1291 2120 1653 2192 ἐθεμελίωσεν
1690 2125 1861 2194 αὐτὴν
1891 2127 1921 2180 ὁ

345 2203 629 2275 Ὕψιστος.
678 2227 697 2259 ι
738 2210 803 2262 Οί
831 2210 888 2263 δὲ
917 2212 1018 2281 τῆς
1050 2212 1310 2283 ἀληθείας
1337 2214 1636 2283 ἀντίδικοι,
1669 2219 1921 2289 σαρκικοὶ

339 2296 717 2367 τυγχάνοντες,
777 2302 868 2355 καλΙ
932 2322 950 2354 ι
999 2304 1134 2358 Θεοῦ
1191 2306 1415 2377 Πνεῦμα
1444 2307 1520 2379 μὴ
1578 2308 1792 2380 ἔχοντες
1818 2351 1832 2375 ,
1894 2329 1914 2363 ι

341 2389 621 2457 σαρκικῶς
654 2393 781 2463 περὶ
816 2396 1165 2465 πνευματικὰ
1200 2400 1632 2470 πεφρονήκασιν.
1677 2401 1919 2472 Ἀληθῶς

338 2480 448 2548 γὰρ
477 2480 540 2533 τὸ
574 2482 752 2551 σοφῶς
797 2487 1089 2556 εἰρημένον
1117 2506 1130 2520 ·
1183 2508 1200 2540 ι
1241 2490 1486 2559 Ψυχικδς
1527 2492 1816 2563 ἄνθρωπος
1857 2494 1918 2547 οὐ

339 2567 553 2640 δέχεται
584 2574 653 2627 τὰ
677 2574 770 2628 τοῦ
802 2577 1119 2648 Πνεύματος
1140 2580 1233 2634 τοῦ
1254 2581 1412 2636 Θεοῦ.
1455 2606 1472 2635 ο
1506 2583 1605 2637 Διὰ
1635 2584 1796 2638 τοῦτο
1819 2586 1920 2655 μὲν

340 2658 407 2711 ὲκ
438 2660 631 2715 πολλοῦ
663 2668 1137 2738 φωταγωγηθῆναι
1187 2670 1400 2726 εἵλαντο
1442 2674 1765 2742 μαρτύριον,
1796 2674 1920 2729 οὔτε

340 2747 400 2802 δὲ
443 2752 508 2805 ἐκ
536 2752 645 2806 τῶν
697 2758 819 2810 καθ’
859 2761 1040 2829 ἡμᾶς,
1071 2762 1173 2833 τὴν
1202 2765 1283 2829 είς
1315 2766 1588 2837 ἁγιασμδν
1635 2768 1924 2824 ἀλλοίωσιν

339 2841 439 2910 τῆς
474 2844 749 2913 Παρθένου
789 2850 1167 2924 ἠϐουλήθησαν
1201 2857 1463 2911 συνιέναι.
1498 2860 1664 2929 Ὄψις
1705 2860 1762 2914 δὲ
1789 2861 1924 2931 ἁδή-

339 2933 539 2992 λων.τὰ
554 2944 977 3010 προφανέστατα
992 2948 1225 3017 πέφυκε.
1251 2952 1314 3003 Εἰ
1337 2952 1449 3023 γὰρ
1467 2953 1532 3023 δὴ
1550 2955 1669 3025 σίδη
1680 2972 1771 3023 ρος
1789 2957 1924 3028 πυρὶ

343 3038 733 3110 συνομιλήσας,
755 3037 785 3089 ὁ
811 3037 981 3107 μέλας
1004 3039 1096 3092 καὶ
1118 3040 1349 3113 γεώδης,
1375 3046 1775 3114 παραστάμενά
1807 3052 1939 3109 πως⁵

342 3133 645 3203 κορακίζει,
661 3132 760 3195 τὰς
777 3130 887 3200 (86)
916 3132 1067 3202 παρὰ
1084 3132 1247 3200 φύσιν
1281 3134 1525 3203 κηλῖδας,
1543 3137 1638 3189 καὶ
1652 3138 1709 3190 ὲν
1724 3135 1921 3208 καιρῷ,

2021 661 2340 729 plectuntur
2356 667 2411 713 et
2431 659 2656 714 tradunt
2669 658 2870 713 divina:
2885 659 3206 730 Scriptura).
3220 659 3363 715 Nihil
3384 661 3609 730 quippe,

2018 751 2167 821 quod
2214 753 2330 806 Deo
2373 751 2447 806 sit
2498 750 2772 815 amicum,
2813 750 3166 821 ignominiam
3203 761 3299 807 aut
3347 753 3610 822 probrum

2018 843 2209 897 habet.
2237 842 2421 912 Apage
2456 860 2467 895 :
2510 862 2526 893 ι
2555 841 2841 898 Confessio
2870 844 3017 898 enim
3039 851 3096 899 et
3123 844 3552 915 magniﬁcentia,
3585 866 3605 898 ι

2018 934 2164 988 sicut
2215 933 2485 1002 scriptum
2536 942 2622 988 est
2670 936 2732 997 ",
2768 932 3017 989 divinum
3053 937 3174 1006 ejus
3203 945 3261 991 et
3291 938 3610 991 laudatissi-

2022 1038 2175 1077 mum
2227 1038 2386 1093 opus.
2430 1024 2674 1078 Duorum
2713 1023 2882 1095 igitur
2932 1025 3168 1080 alterum
3216 1041 3439 1082 necesse
3482 1034 3610 1082 est:

2017 1124 2134 1177 aut,
2185 1116 2343 1171 velut
2377 1117 2473 1186 qui
2524 1117 2651 1171 Evae
2686 1133 2715 1172 a
2767 1118 2882 1174 Deo
2920 1117 3307 1175 formationem
3358 1130 3612 1191 prompte

2019 1208 2310 1278 probeque
2351 1208 2700 1276 conﬁtearis;
2732 1211 2900 1266 etiam
2934 1226 3057 1282 quae
3092 1212 3161 1269 de
3189 1213 3284 1267 illo
3318 1213 3610 1282 sapientis-

2018 1298 2156 1353 sime
2185 1299 2335 1355 dicta
2368 1309 2454 1356 est
2485 1316 2552 1357 ex
2590 1302 2811 1374 Virgine
2843 1302 3309 1371 incarnationem;
3344 1320 3474 1375 qua,
3511 1305 3608 1375 pii,

2018 1391 2265 1458 ratione;
2294 1392 2513 1462 suscipe
2540 1393 2842 1465 adoraque,
2869 1396 2915 1449 si
2943 1396 3107 1452 modo
3136 1397 3356 1452 illorum
3383 1398 3469 1452 vis
3489 1413 3609 1452 esse

2022 1482 2307 1552 particeps
2339 1500 2353 1538 :
2392 1492 2489 1539 aut
2510 1484 2587 1539 ibi
2622 1484 2739 1555 ipse
2777 1485 2950 1542 Judaei
2974 1496 3031 1542 et
3057 1487 3315 1553 inﬁdelis,
3342 1489 3495 1544 velut
3515 1476 3610 1559 qui

2017 1572 2131 1628 illis
2167 1576 2533 1641 aceensearis,
2560 1590 2765 1632 nomen
2808 1577 3050 1647 impone.
3076 1579 3195 1634 Non
3225 1579 3373 1634 enim
3406 1580 3613 1635 habent

2019 1678 2204 1718 mores
2226 1663 2507 1730 Ecclesiae,
2530 1674 2591 1720 ut
2615 1668 2728 1722 vita
2750 1668 2974 1738 ancipiti
2999 1669 3199 1723 animal
3219 1671 3610 1740 generet.Nam

2021 1749 2347 1816 Christiani,
2385 1753 2540 1809 velut
2571 1754 2668 1824 qui
2698 1756 2812 1811 Deo
2848 1756 3109 1827 morigeri
3149 1758 3261 1813 sint
3286 1767 3342 1813 ct
3372 1760 3610 1814 suasibi-

2019 1842 2139 1909 les,
2190 1843 2501 1900 obaudiunt
2551 1845 2822 1902 divinitus
2868 1848 3163 1917 inspiratas
3218 1850 3609 1919 prophetarum

2022 1934 2446 2003 praedictiones,
2498 1936 2573 1991 ita
2627 1937 2832 2008 ubique
2872 1938 2940 1992 de
2978 1938 3354 1994 laudatissima
3387 1939 3609 2009 Virgine

2020 2026 2365 2082 clamantes:
2402 2045 2419 2079 ι
2455 2027 2831 2084 Sanctiﬁcavit
2862 2030 3275 2086 tabernaculum
3321 2045 3478 2085 suum
3514 2030 3606 2085 ΑΙο

2020 2119 2272 2175 tissimus
2301 2138 2314 2173 :
2342 2122 2490 2176 Deus
2516 2120 2570 2175 in
2611 2121 2794 2176 medio
2826 2122 2968 2192 ejus,
2994 2130 3050 2177 et
3083 2137 3195 2177 non
3233 2124 3606 2179 commovebi-

2021 2221 2112 2265 tur
2139 2211 2202 2265 ⁸⁸.
2240 2232 2258 2263 ι
2287 2212 2355 2267 Ει
2381 2211 2618 2267 iterum:
2653 2231 2672 2264 ι
2705 2212 2880 2267 Homo
2902 2222 3066 2268 natus
3087 2223 3172 2269 est
3201 2213 3256 2268 in
3283 2228 3368 2281 ea,
3402 2223 3459 2270 et
3494 2214 3606 2285 ipse

2021 2305 2273 2361 fundavit
2301 2321 2422 2361 eam
2450 2304 2766 2361 Altissimus
2802 2307 2866 2361 ".
2909 2326 2925 2358 ι
2955 2307 3269 2363 Adversarii
3301 2316 3485 2363 autem
3511 2323 3606 2363 vc-

2022 2398 2224 2462 ritatis,
2259 2412 2385 2453 cum
2421 2398 2670 2453 carnales
2700 2398 2830 2461 sint,
2868 2414 2971 2453 nec
3010 2420 3027 2449 ι
3063 2399 3300 2455 habeant
3340 2399 3607 2469 Spiritum

2020 2489 2121 2544 Dei
2167 2490 2239 2553 ιτ,
2298 2507 2317 2541 ι
2378 2490 2675 2546 carnaliter
2719 2491 2990 2561 spiritalia
3035 2502 3359 2563 sapuerunt.
3404 2495 3606 2550 Verum

2022 2580 2171 2635 enim
2197 2580 2385 2645 habet,
2416 2581 2563 2650 quod
2592 2581 2871 2651 sapienter
2895 2582 3033 2637 dixit
3055 2584 3351 2653 Apostolus
3382 2603 3395 2639 :
3428 2603 3446 2635 ι
3478 2584 3610 2640 Ani-

2022 2672 2181 2726 malis
2197 2672 2364 2727 homo
2378 2686 2489 2728 non
2506 2673 2740 2743 percipit
2755 2689 2818 2729 ea
2834 2691 2956 2743 qua:
2972 2684 3102 2730 sunt
3117 2675 3354 2745 Spiritus
3371 2676 3467 2730 Dei
3489 2677 3553 2729 ⁸⁸.
3585 2695 3602 2727 ι

2020 2762 2233 2819 Idcirco
2252 2773 2514 2834 optarunt
2533 2781 2563 2819 a
2586 2765 2812 2820 remotis
2836 2765 3024 2819 doceri
3052 2767 3429 2823 testimonium
3453 2766 3607 2838 (86'),

2024 2871 2133 2910 non
2165 2871 2231 2909 ex
2271 2855 2478 2911 nostris
2501 2866 2557 2911 et
2590 2856 2892 2922 consuetis,
2925 2858 3202 2927 Virginem
3244 2857 3314 2913 ad
3345 2859 3609 2914 sanctita-

2026 2954 2134 3001 tem
2180 2955 2468 3011 mutatam,
2514 2946 2821 3017 intelligere
2853 2948 3169 3005 voluerunt.
3200 2948 3364 3020 Atqui
3408 2950 3613 3006 habent

2026 3054 2117 3092 res
2152 3037 2649 3104 manifestissimae,
2704 3048 2764 3095 ut
2811 3039 3078 3095 obscuras
3117 3041 3269 3097 velut
3319 3041 3615 3112 subjiciant

2027 3129 2222 3183 oculis.
2249 3128 2386 3184 Cum
2421 3145 2556 3200 ergo
2579 3130 2809 3195 ferrum,
2837 3130 3054 3202 nigrum
3086 3131 3221 3186 illud
3253 3138 3310 3187 et
3341 3144 3607 3198 terreum,

342 3222 441 3291 τῆς
467 3224 685 3291 φύσεως
711 3222 1031 3276 καθίσταται
1055 3240 1069 3254 ο
1102 3224 1336 3294 τάχιστα
1356 3226 1433 3289 δὲ,
1463 3226 1599 3297 πρὸς
1624 3226 1724 3298 τὴν
1754 3229 1924 3282 ἐκπυ-

2026 3220 2172 3288 quod
2220 3235 2347 3275 suas
2394 3220 2513 3275 illas
2547 3234 2578 3275 a
2631 3228 2828 3275 natura
2880 3223 3123 3277 maculas
3164 3232 3221 3278 et
3266 3224 3606 3295 nigredinem

343 3312 599 3383 ρώσασαν
615 3313 943 3382 δραστήριον
968 3312 1141 3382 φλόγα
1165 3315 1532 3385 ἁφομοιότητα
1563 3317 1922 3384 προσκτᾶται,

343 3401 441 3455 καὶ
474 3402 751 3471 ἀνέπαφος
788 3403 883 3456 καὶ
912 3404 1352 3471 καταφλεκτικὸς
1399 3404 1581 3475 πάσης
1611 3404 1746 3476 ῦλης
1773 3406 1925 3475 γίνε-

342 3506 435 3545 ται
461 3509 474 3522 ·
504 3491 771 3555 ποταπὸν,
812 3494 861 3546 εἰ
888 3492 1267 3563 πανάχραντος
1295 3492 1574 3564 Παρθένος
1603 3494 1924 3566 ὲξεπυρώθη
1970 3526 1979 3535 -

342 3576 431 3631 διὰ
458 3580 557 3649 τῆς
585 3579 680 3634 τοῦ
713 3579 857 3634 θείου
888 3581 980 3634 καὶ
1003 3580 1166 3634 ἀῢλου
1194 3580 1365 3652 πυρὸς
1390 3582 1627 3653 ἐμϐολῆς
1656 3585 1736 3647 είς
1766 3584 1929 3638 καθα-

346 3669 442 3741 ρόν
468 3687 481 3699 ⁸
504 3670 602 3724 καὶ
645 3670 994 3744 ἀπε[σ]μήχη
1031 3672 1131 3743 μὲν
1155 3673 1263 3727 τῶν
1296 3673 1498 3727 ὑλικῶν
1546 3675 1801 3730 ἁπάντων
1830 3678 1928 3730 καὶ

344 3760 455 3814 τῶν
480 3762 633 3833 παρὰ
670 3762 868 3832 φύσιν,
899 3763 1137 3835 κατέστη
1188 3765 1246 3819 δὲ
1286 3764 1527 3833 διαυγῶς
1558 3768 1617 3820 ἐν
1650 3766 1801 3837 καλῷ
1826 3767 1927 3835 τῆς

345 3851 597 3921 φύσεως,
641 3853 718 3919 ὡς
752 3850 891 3909 εἶναι
932 3856 1118 3910 λοιπὸν
1144 3856 1432 3911 ἀδιάϐατον
1466 3858 1560 3911 καὶ
1590 3859 1809 3914 ἄθικτον
1832 3860 1929 3913 καὶ

346 3942 762 4013 ἀπρόσδλεπτον
802 3947 915 4010 τοῖς
959 3950 1245 4017 σαρκικοῖς
1293 3947 1747 4019 παρανοθεύμασι
1773 3967 1788 4016 ;
1817 3951 1930 4004 Καὶ

346 4032 408 4086 ὃν
434 4033 671 4105 τρόπον,
711 4036 742 4089 ὁ
772 4035 834 4089 τὸ
868 4036 1219 4108 ἐπιχεόμενον
1256 4039 1400 4093 κατά
1446 4041 1693 4111 κορυφῆς
1740 4040 1931 4094 ὑποδεε-

347 4125 575 4195 χόμενος
609 4125 776 4198 ὕδωρ,
801 4127 909 4198 ὅλῳ
940 4128 1019 4198 τῷ
1049 4127 1264 4200 σώματι
1289 4130 1389 4202 τὴν
1430 4132 1603 4202 ὑγρὰν
1655 4132 1818 4203 φύσιν
1850 4133 1931 4186 δι-

348 4215 662 4286 ηθουμένην
693 4216 1125 4289 φέρειὲξεᾶκρων
1145 4221 1226 4283 είς
1251 4221 1398 4291 ἄκρα
1416 4238 1431 4255 ’
1454 4222 1598 4276 οὕτω
1621 4222 1685 4293 δὴ
1716 4224 1810 4277 καὶ
1830 4224 1932 4296 τὴν

349 4303 501 4358 θείαν
531 4304 763 4377 Μητέρα
785 4306 880 4360 καὶ
913 4306 1014 4376 τήν
1052 4307 1328 4378 Παρθένον
1358 4310 1793 4382 κατακεχρϊσθαι
1834 4329 1932 4365 πε-

350 4398 625 4468 πείσμεθα
655 4397 964 4470 ὁλοκλήρως
987 4401 1055 4471 τῇ
1082 4400 1332 4471 ἁγιότητι
1360 4401 1454 4456 τοῦ
1477 4404 1932 4475 ἐπιφοιτήσαντος

350 4486 499 4541 θείου
533 4488 851 4561 Πνεύματος
874 4506 890 4522 ο
926 4486 1027 4559 εῖθῖ
1058 4491 1233 4558 οὕτως
1260 4493 1602 4566 εἰσδέχεσθαι
1624 4494 1718 4549 τὸν
1751 4495 1932 4561 ζῶντα

2022 3312 2176 3380 juxta
2216 3310 2411 3379 positis
2454 3318 2511 3365 et
2560 3312 2910 3382 tangentibus
2954 3313 3285 3383 corporibus
3327 3323 3608 3386 aspergat,

2028 3399 2120 3452 ubi
2154 3400 2544 3454 commercium
2569 3415 2694 3455 cum
2722 3401 2847 3473 igne
2868 3402 3086 3468 habuit,
3122 3405 3333 3474 subque
3354 3405 3473 3474 ipso
3495 3421 3611 3460 mo-

2026 3496 2232 3551 mento,
2265 3490 2520 3558 superius
2546 3499 2743 3545 natura
2772 3492 3099 3562 meliorique
3134 3494 3448 3549 conditione
3473 3494 3593 3549 οπερ

2027 3592 2197 3646 ctum,
2230 3582 2649 3639 similitudinem
2686 3601 2812 3641 cum
2859 3585 3079 3641 ﬁamma
3121 3603 3243 3657 qua:
3267 3586 3453 3641 efﬁcax
3482 3602 3608 3643 suc-

2027 3673 2235 3740 cendit,
2260 3675 2554 3731 celerrime
2577 3689 2917 3748 comparata,
2946 3687 3096 3733 tactu
3115 3679 3456 3735 inaccessum
3484 3682 3609 3737 red-

2028 3766 2209 3832 datur,
2241 3775 2297 3821 et
2325 3766 2472 3837 quod
2514 3769 2802 3823 materiam
2828 3770 3133 3839 quamlibet
3162 3770 3320 3827 facile
3348 3771 3612 3828 incende-

2028 3858 2145 3912 rit:
2184 3858 2318 3927 quid
2356 3859 2558 3913 mirum
2601 3859 2884 3927 videatur,
2931 3871 2992 3917 ut
3030 3862 3352 3919 intemerata
3389 3878 3616 3933 prorsus

2031 3951 2218 4022 Virgo,
2243 3951 2415 4006 divini
2440 3951 2748 4023 secretique
2788 3969 2818 4008 a
2852 3955 3080 4010 materia
3103 3955 3245 4026 ignis
3273 3969 3518 4019 accessu,
3545 3956 3612 4010 ad

2030 4057 2232 4113 purum
2261 4042 2535 4097 exarserit
2559 4060 2573 4096 :
2603 4052 2770 4114 utque
2792 4044 3050 4099 omnibus
3073 4045 3347 4101 concretis
3372 4048 3616 4103 materia:

2032 4141 2090 4190 et
2112 4143 2312 4203 praeter
2332 4143 2587 4189 naturam
2617 4135 2872 4200 detersis,
2899 4136 2952 4190 in
2976 4144 3188 4190 natura:
3208 4135 3409 4191 decore
3432 4136 3616 4207 splen-

2032 4222 2161 4278 dide
2193 4225 2505 4280 constiterit
2532 4243 2543 4278 :
2572 4225 2647 4279 ita
2696 4241 2828 4280 sane
2856 4234 2919 4280 ut
2952 4226 3214 4296 deinceps
3244 4226 3523 4283 inaccessa
3558 4236 3616 4282 et

2031 4315 2399 4385 importabilis
2422 4317 2961 4387 inaspectabilisque,
2984 4318 3190 4373 carnali
3218 4318 3428 4373 vilitate
3453 4318 3615 4389 dege-

2031 4408 2288 4471 neribus,
2336 4407 2426 4465 ﬁt?
2455 4409 2534 4465 Ac
2582 4409 2730 4464 velut
2758 4411 2852 4481 qui
2898 4409 3134 4465 infusam
3178 4410 3370 4466 vertici
3417 4425 3615 4481 aquam

2033 4499 2286 4569 suscipit,
2317 4508 2431 4555 toto
2475 4516 2705 4570 corpore
2746 4516 2776 4556 a
2818 4503 3027 4557 vertice
3068 4502 3139 4557 ad
3170 4503 3280 4558 ima
3321 4502 3617 4559 stillantem

426 4643 472 4675 “
501 4643 645 4700 Psal.
684 4661 771 4712 cx,
808 4648 862 4703 5.
942 4647 984 4680 ¹⁸
1012 4647 1157 4703 Psal.
1194 4664 1315 4713 ην,
1350 4649 1404 4715 5,
1439 4649 1491 4704 6.
1572 4650 1615 4682 “
1646 4650 1788 4706 Psal.
1827 4666 1944 4705 LXX}

2025 4691 2041 4708 .
2067 4652 2118 4706 ξ’).
2198 4653 2239 4684 ⁸⁷
2264 4612 2420 4708 dudre
2446 4652 2531 4708 l9.
2612 4654 2655 4685 ¹⁸
2684 4652 2703 4706 1
2729 4652 2854 4707 Cor.
2883 4670 2941 4715 ιι,
2976 4655 3062 4708 Li».

352 4761 527 4836 magis
579 4763 1018 4836 perstringuntur
1064 4763 1368 4831 Manichtei,
1416 4776 1683 4836 ponentes
1735 4784 1941 4836 φανταο

352 4831 445 4901 σίᾳ
482 4841 538 4886 ct
579 4831 897 4901 apparentia
954 4831 1604 4906 incarnationem—quam
1657 4831 1941 4892 Nestorius

350 4908 411 4978 et
458 4916 751 4978 sequaces,
797 4918 1113 4978 quanquam
1140 4906 1329 4978 _et_iam
1381 4905 1421 4961 ii
1458 4905 1938 4978 perstringuntur,

351 4970 492 5058 Nam
531 4970 661 5058 unio
686 4971 775 5058 illa
801 4970 1023 5058 σχετικὴ
1053 4980 1110 5058 et
1140 4970 1549 5058 habitatquam
1575 4991 1676 5058 pro
1704 4970 1939 5058 tiatur-ali

351 5048 413 5113 et
450 5040 791 5113 lippostatica
826 5040 1122 5113 ponebant,
1160 5058 1227 5098 eo
1258 5040 1421 5108 erat,’
1442 5053 1503 5099 ut
1536 5040 1819 5101 videretur
1854 5045 1943 5100 Fi-

353 5109 466 5197 lri‘tl's
494 5109 595 5164 Dei
648 5109 867 5197 natura,
910 5114 1003 5197 qui
1050 5113 1338 5169 excellenti
1360 5123 1602 5197 "tantum
1641 5115 1935 5197 adoptione

353 5178 530 5252 gilius
562 5190 708 5234 esset
735 5197 748 5233 :
783 5178 1106 5252 alius'plane
1137 5199 1169 5238 a
1193 5199 1325 5239 vero
1359 5184 1451 5239 illo
1483 5194 1677 5240 natura
1705 5178 1844 5240 Filio
1877 5195 1937 5242 et

354 5247 559 5325 Verbo,
622 5258 881 5320 tanquam
916 5247 1023 5307 alia
1072 5252 1377 5325 hypostasis
1414 5270 1426 5307 :
1466 5254 1579 5325 Deo
1623 5263 1805 5325 autem
1841 5258 1937 5325 qui

352 5319 565 5374 veritas
619 5319 757 5396 εει-,ς’
788 5330 898 5396 tam
936 5330 1024 5377 est
1071 5319 1229 5393 turpe
1273 5324 1413 5379 velle
1474 5324 1651 5380 videri
1705 5319 1936 5396 aliquid,

354 5401 522 5457 quam
556 5404 677 5444 csse
703 5390 860 5445 illud.

432 5457 580 5544 t86')‘
606 5458 1188 5544 Cort"..1tapau'ciitév
1231 5461 1668 5535 ἁποσκορακίζει
1714 5464 1835 5531 τάς,
1881 5472 1939 5523 ει

357 5539 517 5601 mox},
534 5531 629 5601 eg
658 5530 812 5601 καλῴ
843 5530 945 5601 τῆς
970 5549 1029 5599 φ.
1069 5530 1220 5586 Ευιτ.

433 5596 824 5682 (88⁸),1ι1είι-σέ)⁸
852 5596 1104 5681 optarunt
1139 5619 1173 5656 a
1216 5602 1429 5682 νςιεφιὶς
1485 5604 1660 5682 doceri
1707 5606 1940 5682 testimo-

359 5664 510 5744 νέκυι
536 5664 556 5721 ἐ
587 5664 899 5744 ἐκλπολλοῦ
946 5664 1565 5744 φωταγωγηθῆῖθαιμτὴν
1610 5676 1937 5744 μαρτυρίαν.

361 5733 457 5797 Τὸ,
486 5737 551 5787 ἐκ
584 5736 819 5814 πολλοῦ,
853 5733 1084 5814 opponit
1112 5733 1254 5814 τῷ(
1396 5741 1501 5814 τῶν
1521 5733 1655 5814 ’καθ’
1679 5733 1826 5814 ἡμᾶς
1846 5760 1860 5775 ο
1909 5764 1942 5801 a

361 5808 621 5860 consuetis
654 5816 700 5861 et
737 5808 1027 5864 humanis:
1062 5808 1214 5865 velu‘t
1267 5812 1473 5867 alludat
1523 5813 1587 5866 ad
1643 5808 1945 5870 Pharisreos

362 5872 553 5929 Matth.
584 5893 674 5932 xu.
712 5878 799 5942 38,
839 5886 1089 5949 petentes
1126 5881 1340 5950 signum
1377 5884 1446 5937 de
1479 5884 1618 5938 cmlo
1648 5900 1659 5936 :
1699 5880 1944 5940 Volumus

2037 4785 2069 4821 a
2106 4778 2155 4822 te
2196 4771 2405 4840 signum
2425 4770 2615 4840 yidere
2638 4784 2657 4823 :
2692 4770 2841 4840 velut
2873 4771 3087 4840 quibus
3125 4773 3616 4840 consuetasanita-

2038 4841 2154 4908 tum
2193 4831 2348 4903 signa
2387 4831 2716 4908 vilescerent
2745 4853 2768 4908 ε,
2800 4838 2863 4886 ἐκ
2892 4831 3088 4908 ἒπολλοῦ
3113 4853 3280 4908 ergo;
3317 4853 3348 4908 a_
3383 4839 3621 4908 divinio-

2042 4900 2195 4952 ribus
2209 4896 2270 4951 ei
2282 4896 2670 4964 remotioribus
2685 4896 2980 4951 voluerunt
2991 4896 3210 4953 discere
3223 4896 3617 4964 testimonium,

2037 4967 2377 5035 exemplum;
2425 4962 2571 5031 quod
2611 4972 2814 5027 tamen,
2863 4973 2924 5019 ut
2956 4967 3323 5031 notissimum,
3369 4962 3618 5026 obscurae

2028 5038 2277 5092 veritatis
2292 5036 2679 5110 conceptionis
2711 5038 2959 5110 Deiparze
2982 5046 3260 5108 optarunt,
3286 5053 3396 5094 non
3421 5043 3612 5096 usualo

2029 5124 2139 5179 non
2174 5110 2241 5164 ab
2266 5109 2334 5164 iis
2356 5106 2487 5179 quasi
2510 5106 2764 5164 familiari
2789 5106 2891 5166 risu
2926 5106 3056 5165 nota
3090 5119 3239 5165 sunt.
3264 5110 3360 5165 Vel
3394 5110 3460 5163 ὲκ
3482 5111 3610 5164 πολ-

2029 5178 2119 5251 λοῦ
2159 5178 2432 5251 ειῴιιυᾶῦ
2455 5178 2653 5251 χρόνου
2677 5195 2691 5209 ο
2720 5188 2899 5251 Ανειιιε
2942 5178 3162 5250 aliquod
3208 5179 3606 5251 testimonium.

2026 5248 2121 5331 rei
2143 5247 2968 5331 declarandaé'sit‘aptissimpm
2991 5247 3252 5331 {nempe
3284 5249 3362 5304 illi
3404 5252 3609 5331 sancti-

2025 5318 2121 5391 tati
2156 5317 2337 5391 Mariae
2370 5333 2492 5391 quae
2513 5318 2618 5374 fuit
2658 5317 2832 5391 ipsius
2862 5318 2963 5391 Dei
2991 5318 3153 5391 Verbi
3185 5317 3489 5391 congruum
3515 5322 3611 5391 ha-

2026 5389 2353 5461 bitaculum,
2387 5387 2508 5461 ejus
2548 5387 2917 5461 susceptione,
2950 5390 3007 5444 in
3041 5389 3163 5461 ejus
3204 5387 3610 5460 quodammodo

2027 5460 2289 5531 translata
2320 5458 2662 5531 qualitatem,
2700 5458 2769 5531 eo
2793 5458 3090 5531 modoquo
3121 5458 3329 5531 ferrum
3352 5468 3609 5531 suscepto

2028 5527 2355 5602 iguetotuni
2384 5527 2709 5602 transfertur
2739 5528 2797 5583 in
2828 5527 3341 5602 qualitatemignis,
3376 5537 3438 5585 ut
3466 5527 3610 5602 ig'nis

2034 5596 2437 5671 quodammodo
2490 5597 2778 5664 videatur,
2841 5596 3091 5671 nihilque
3153 5596 3437 5671 indignum
3489 5596 3609 5671 ejus

2035 5668 2388 5741 commercio.
2448 5682 2762 5741 quanquam
2814 5669 2965 5725 salva
2999 5668 3462 5741 ‘ejusuessentia;
3497 5668 3609 5739 quo

2036 5739 2288 5823 ex'emplo
2323 5745 2558 5823 utuntur
2597 5739 2968 5823 Damaspenns
2997 5739 3204 5823 eimali‘i,
3240 5740 3368 5823 περὶ
3400 5740 3609 5823 erg???

2043 5806 2276 5881 μίαςίοῑ
2298 5817 2358 5863 ιιι
2381 5808 2562 5881 carnis
2605 5806 2657 5881 in
2682 5806 2857 5867 Verbo
2882 5817 2940 5865 ct
2958 5825 3028 5866 ex
3051 5809 3255 5881 Verbo,
3283 5806 3607 5881 dignitatem

2041 5878 2347 5950 explicent;
2393 5879 2508 5949 ipsa
2547 5890 2601 5936 re
2628 5878 2744 5951 ipsa
2779 5889 3039 5938 manente
3059 5880 3206 5951 quod
3225 5878 3408 5938 creata
3433 5889 3544 5938 eat.
