4076 6440
485 441 626 499 1599

476 558 619 626 gerit
670 558 1028 614 substantiam
1077 560 1359 616 humidam

477 655 706 702 matrem
755 650 1165 721 virginemque,
1206 652 1378 707 divini
1427 653 1668 724 Spiritus
1715 653 2064 709 adventantis

1565 444 1912 504 THEODOTI
1950 443 2266 501 EPISCOPI
2307 445 2654 505 ANCYRANI

3611 457 3762 516 “00'

1411 581 1422 614 :
1467 563 1546 617 sic
1591 579 1722 618 sane
1775 570 1831 618 et
1878 561 2059 616 divam

2163 561 2296 614 Θεὸν
2322 563 2517 633 Λόγον,
2550 567 2611 618 ἑν
2646 569 2759 630 τοῖς
2788 567 2899 620 τῶν
2927 567 3280 640 παρθενικῶν
3302 569 3395 623 καὶ
3431 589 3751 643 καταμεμυο

2173 653 2448 723 ρισμένων
2477 656 2751 728 θαλάμων.

476 740 836 795 sanctimonia
881 744 1032 797 omni
1077 753 1232 814 parte
1278 744 1612 812 delibutam;
1665 754 1782 800 tum
1833 745 2057 800 demum
2097 743 2208 814 (87)
2241 746 2519 802 viventem
2586 749 2761 805 Deum
2824 749 3100 815 Verbum,
3144 749 3393 822 virginali
3440 766 3752 821 unguenta-

474 847 582 900 que
612 833 944 902 perspiranti
975 834 1214 890 thalamo
1241 835 1550 905 suscepisse
1579 835 1879 890 credi-mus.

549 921 661 975 Vll.
687 923 897 978 Rursus
920 939 1118 993 porro,
1137 925 1346 990 dilecti,
1378 927 1433 980 in
1459 942 1517 982 se
1544 927 1723 997 ipsum
1753 939 2064 981 sermonem

2239 929 2316 980 Z'.
2370 929 2487 998 Ἐφ’
2521 931 2682 983 αὑτὸν
2712 931 2766 983 δὲ
2816 930 2904 983 τὸν
2947 929 3105 999 λόγον
3154 930 3318 984 πάλιν
3363 931 3750 1002 ἑπανάξωμεν,

475 1013 838 1080 reducamus;
869 1030 936 1068 eo
973 1015 1192 1069 interim
1226 1019 1412 1072 valere
1451 1018 1626 1088 jusso,
1664 1016 1758 1087 qui
1801 1015 2059 1070 adversus

2163 1019 2467 1091 ἀγαπητοὶ,
2493 1021 2703 1092 χαίρειν
2733 1023 3015 1092 φράσαντα
3045 1023 3183 1091 πρὸς
3217 1022 3278 1076 τὸ
3307 1023 3483 1094 παρὸν
3507 1023 3585 1094 τῷ
3607 1024 3753 1076 κατά

474 1105 774 1160 nefandum
807 1107 1123 1161 Nestorium
1147 1149 1160 1173 ,
1194 1118 1250 1163 et
1299 1110 1495 1165 iisdem
1539 1125 1664 1164 cum
1695 1125 1776 1164 eo
1817 1108 2059 1163 moribus

2163 1113 2253 1166 τοῦ
2275 1112 2596 1182 δυσωνύμου
2614 1112 2910 1183 Νεστορίου
2934 1113 3027 1164 καὶ
3042 1113 3149 1166 τῶν
3165 1113 3534 1185 ὁμοιοτρόπων
3558 1115 3750 1170 αὐτοῦ.

473 1197 772 1267 depugnat.
819 1199 927 1253 Vos
968 1209 1173 1266 autem,
1220 1201 1586 1264 dilectissimi,
1625 1202 1831 1272 optime
1864 1216 2065 1256 convc-

471 1288 655 1354 nistis,
684 1299 743 1344 ut
774 1297 830 1344 et
859 1290 1126 1346 hodierna
1149 1292 1238 1347 die
1260 1293 1356 1347 Dei
1389 1301 1730 1348 sacramenta
1753 1290 2059 1354 bonoretis,

474 1389 646 1451 utque
676 1381 880 1435 divinis
905 1382 1206 1452 Scripturis
1247 1384 1612 1454 praenuntiata
1651 1382 2014 1438 consideretis
2043 1399 2057 1434 :

474 1487 672 1541 nempe
709 1472 985 1542 Virginem
1021 1475 1160 1531 mire
1189 1475 1478 1531 excellenti
1513 1475 1808 1544 divineque
1841 1473 2060 1529 decenti

474 1565 684 1619 ratione
704 1603 719 1629 ,
750 1566 1092 1622 intemeratis
1137 1568 1287 1622 ulnis
1333 1575 1638 1638 gestantem
1666 1567 1852 1631 illum,
1910 1583 1928 1616 ι
1957 1564 2060 1631 Qui

468 1657 646 1711 verbo
680 1662 866 1712 omnia
905 1669 1088 1730 portat
1112 1661 1153 1692 ¹⁹
1182 1682 1194 1713 .-
1226 1680 1244 1711 ι
1285 1660 1487 1715 Senem
1539 1674 1673 1714 vero
1718 1656 2058 1713 sacerdotem

470 1747 715 1816 cupienti
748 1750 932 1804 animo
965 1750 1337 1815 accedentem,
1369 1765 1479 1819 quo
1508 1758 1883 1819 exspectatum
1916 1749 2059 1803 Pon-

472 1841 673 1894 titicem
718 1842 1121 1913 Dominumque
1167 1842 1435 1912 suscipiat
1479 1859 1490 1895 :
1534 1842 1774 1896 vetulam
1819 1840 2058 1908 denique

470 1934 896 2002 prophetissam,
929 1951 1056 1990 eum
1085 1936 1442 2005 recipientem
1479 1937 1571 2006 qui
1610 1934 1788 1989 fuerat
1813 1933 2057 2004 prophe-

2172 1204 2362 1273 Ὑμεῖς
2393 1203 2472 1268 δὲ,
2504 1198 2549 1258 ὦ
2571 1204 3046 1275 προσφιλέστατοι,
3080 1204 3345 1260 κάλλιστα
3375 1207 3751 1278 συνδεδραμή-

2161 1312 2319 1360 κατε,
2344 1297 2438 1349 καλ⁸
2459 1297 2696 1368 τήμερον
2721 1297 2953 1367 τιμῆσαι
2977 1297 3116 1351 Θεοῦ
3146 1300 3446 1370 μυστήρια,
3475 1300 3568 1352 καὶ
3585 1318 3756 1353 κατα-

2161 1387 2351 1458 νοῆσαι
2372 1388 2480 1441 τῶν
2507 1388 2666 1442 θείων
2692 1389 2925 1458 Γραφῶν
2957 1390 3028 1444 τὰ
3057 1391 3532 1461 προμεμηνυμένα
3555 1409 3568 1423 ο
3600 1392 3750 1462 Παρ-

2162 1477 2314 1532 θένον
2347 1479 2446 1548 μὲν
2481 1479 2777 1548 ὑπερφυῶς
2820 1479 2936 1549 ἅμα
2967 1481 3062 1534 καὶ
3105 1480 3426 1551 θεοπρεπῶς
3455 1480 3754 1551 ἀκράντοις

2161 1569 2430 1636 ἀγκάλαις
2452 1569 2726 1640 φέρουσαν
2747 1587 2763 1620 ι
2791 1571 2883 1623 τὸν
2909 1569 3147 1640 φέροντα
3173 1572 3382 1641 ῥήματι
3402 1570 3470 1623 τὰ
3497 1571 3677 1624 πάντα
3697 1587 3746 1620 ὀ

2167 1662 2484 1732 πρεσϐύτην
2508 1663 2564 1716 δὲ
2592 1662 2761 1734 ἱερέα,
2786 1663 3204 1735 ἐπιθυμητικῶς
3233 1664 3526 1746 προσιόντα
3558 1663 3756 1717 ὑποδέ-

2166 1753 2361 1820 ξασθαι
2385 1754 2478 1807 τὸν
2517 1754 2962 1825 καραδοκηθέντα
3004 1755 3293 1827 Ἀρχιερέα
3315 1755 3409 1809 καὶ
3445 1756 3750 1825 Δεσπότηνο

2165 1861 2234 1914 γη
2246 1845 2403 1916 patth
2434 1863 2493 1899 τε
2522 1846 2792 1917 προφῆτιν
2824 1847 3324 1918 ἀπολαμϐάνουσαν
3342 1847 3436 1900 τὸν
3462 1863 3753 1918 πεπροφη-

2163 1938 2448 2007 τευμένον.
2483 1939 2634 1992 Ἔδει
2665 1937 2775 2010 γὰρ
2803 1938 3080 2011 ἑκατέρων
3112 1939 3221 1993 τῶν
3253 1938 3626 2010 πραγμάτων,
3651 1937 3750 1990 τοῦ

472 2032 636 2080 tatus.
677 2025 937 2096 Utrisque
966 2027 1114 2082 enim
1141 2041 1280 2097 opus
1302 2035 1420 2082 erat
1447 2045 1458 2079 :
1489 2035 1550 2080 ut
1589 2035 1644 2080 et
1681 2025 1972 2080 masculini
2005 2033 2059 2080 et

2163 2047 2221 2083 τε
2253 2030 2506 2101 ἄρρενος,
2535 2029 2628 2084 τοῦ
2656 2047 2717 2083 τε
2755 2030 2965 2101 θήλεως
2999 2031 3066 2083 τὰ
3099 2029 3237 2102 πρὸς
3264 2029 3551 2082 εὐσέϐειαν
3581 2029 3752 2098 ἀκροα

471 2115 696 2172 fcminei
732 2132 896 2172 sex-us
939 2118 1196 2188 primitiae
1229 2118 1296 2172 ad
1331 2118 1592 2189 pietatem
1625 2124 1682 2172 et
1714 2117 2058 2188 religionem,

473 2207 762 2277 utriusque
788 2207 1145 2278 Redemptori
1185 2217 1565 2274 occurrerent,
1596 2218 1761 2278 atque
1797 2224 1866 2263 ex
1896 2207 2064 2264 utris-

472 2318 580 2371 que
620 2302 839 2357 futuros
879 2310 1067 2358 sancte
1100 2303 1422 2358 adoratores
1450 2303 1506 2356 in
1547 2317 1606 2356 se
1633 2302 1778 2371 ipsis
1811 2300 2064 2371 designa-

473 2392 1130 2461 rentzquemadmodum
1172 2393 1337 2448 etiam
1389 2393 1782 2464 pramuntiavit
1831 2391 2060 2462 patriar.

470 2484 574 2539 cha
617 2484 800 2550 Isaac,
848 2501 975 2541 eum
1029 2486 1200 2540 lilium
1250 2502 1411 2541 suum
1451 2485 1620 2541 Jacob
1664 2483 2059 2555 patriarcham,

469 2578 824 2633 commutatis
862 2579 1344 2634 benedictionibus
1379 2588 1710 2649 prosecutus
1733 2586 1816 2632 est
1845 2575 1978 2648 (88),
2007 2576 2060 2630 in

469 2669 754 2741 mysticam
809 2670 1124 2726 futurorum
1179 2671 1596 2742 intelligentiam
1640 2670 1933 2736 abductus,
1979 2669 2064 2722 di-

470 2776 711 2831 censque
739 2779 752 2814 :
787 2783 803 2813 ι
829 2763 896 2817 Ει
929 2763 1238 2818 adorabunt
1272 2773 1324 2817 te
1361 2763 1455 2816 ﬁlii
1497 2762 1670 2832 patris
1693 2762 1771 2816 tui
1796 2763 1862 2816 '°.
1892 2783 1910 2813 ι
1939 2762 2061 2816 Non

469 2854 761 2908 nesciebat"
799 2864 982 2909 autem
1028 2857 1115 2910 vir
1150 2857 1361 2926 justus,
1398 2855 1549 2909 velut
1583 2854 1638 2907 in
1686 2853 1891 2923 duplici
1938 2854 2062 2924 biga

471 2953 640 3000 totam
669 2947 844 3015 ipsius
871 2948 1324 3017 comprehensam
1353 2945 1690 3016 progeniem.
1722 2945 1971 3014 Suntque
1999 2960 2062 3000 ea

471 3052 598 3108 qua;
639 3049 978 3109 sequuntur,
1008 3038 1173 3093 dictis
1215 3035 1555 3092 testimonio.
1607 3035 1742 3091 Nam
1772 3046 2062 3106 postquam

471 3133 702 3188 dixisset
761 3151 773 3185 :
843 3153 860 3184 ι
904 3133 1028 3187 Fi’as
1100 3131 1359 3186 dominus
1424 3130 1612 3185 fratris
1674 3129 1789 3194 tui;
1859 3148 1877 3180 ›
1929 3138 2062 3184 tunc

471 3224 756 3295 subjunxit
772 3241 784 3278 :
802 3224 1154 3279 «Adorabunt
1180 3232 1230 3278 te
1251 3222 1348 3276 lilii
1368 3223 1540 3293 patris
1568 3221 1648 3276 tui
1664 3222 1738 3287 ²¹;
1767 3241 1783 3273 ι
1806 3236 1836 3276 a
1853 3221 2061 3276 carnali

467 3316 537 3370 ad
573 3317 877 3387 spiritalem
918 3315 1088 3372 Jacob
1129 3315 1426 3370 transiens.
1477 3313 1567 3368 Sic
1614 3327 1745 3368 sane
1777 3312 1946 3367 etiam
1989 3311 2059 3366 ad

467 3407 612 3463 Esau
645 3409 862 3463 locutus
889 3417 972 3462 est
1002 3429 1014 3460 :
1051 3427 1068 3458 ι
1101 3407 1169 3461 Et
1190 3406 1476 3462 dominum
1518 3404 1676 3459 illum
1711 3403 1818 3460 feci
1861 3413 2014 3458 tuum
2043 3423 2056 3459 :

467 3508 524 3554 et
556 3515 748 3556 omnes
775 3500 974 3555 fratres
1007 3497 1168 3570 (ejus)
1209 3496 1316 3552 feci
1347 3497 1467 3566 ejus
1499 3493 1749 3549 famulos.
1787 3494 1910 3549 Tibi
1958 3510 2060 3549 au-

468 3602 578 3646 tem
606 3591 740 3662 quid
782 3587 1000 3655 faciam,
1049 3588 1124 3644 ﬁli
1151 3589 1237 3641 “?
1286 3606 1304 3638 ι
1341 3586 1521 3652 Quare
1551 3593 1636 3640 est
1677 3585 2061 3655 plenissimum

466 3683 732 3754 mysterio
777 3681 951 3751 patris
993 3680 1224 3752 aenigma
1271 3691 1560 3751 canusque
1587 3679 1858 3744 ﬁliorum;
1895 3685 2062 3748 atque

467 3775 610 3845 ejus,
637 3773 732 3844 qui
777 3783 828 3827 te
871 3772 964 3828 tali
1003 3781 1149 3828 coetu
1194 3773 1477 3829 adoratur.
1509 3771 1665 3840 Quod
1695 3771 1879 3826 divina
1910 3769 2059 3825 docti

468 3863 730 3934 mysteria
753 3863 991 3918 JOannes
1021 3876 1077 3917 et
1109 3863 1330 3927 Paulus,
1354 3863 1539 3917 divina
1562 3862 1932 3917 edisserentes
1968 3877 2061 3914 ex-

467 3964 774 4026 posuerunt
800 3974 812 4009 :
840 3955 929 4012 ille
952 3955 1196 4026 quidem,
1221 3971 1346 4011 cum
1369 3955 1446 4009 ait
1477 3974 1488 4008 :
1525 3974 1543 4004 ι
1573 3954 1854 4023 Quotquot
1875 3961 2059 4008 autem

467 4056 798 4119 receperunt
819 4063 969 4114 eum,
989 4047 1141 4102 dedit
1162 4048 1243 4102 eis
1265 4054 1594 4118 potestatem
1614 4046 1755 4101 filios
1777 4046 1874 4101 Dei
1901 4045 2018 4101 fieri
2042 4064 2057 4100 :

469 4140 539 4194 iis
570 4139 666 4210 qui
688 4139 923 4195 credunt
947 4140 1003 4194 in
1033 4139 1256 4195 nomine
1289 4141 1409 4210 ejus
1439 4157 1451 4193 :
1478 4138 1573 4209 qui
1601 4155 1712 4194 non
1747 4154 1813 4193 ex
1839 4139 2061 4210 sangui-

469 4231 655 4295 iribus,
674 4244 854 4300 neque
872 4246 936 4284 ex
957 4231 1238 4287 voluntate
1258 4230 1460 4295 carnis,
1485 4244 1664 4300 neque
1686 4245 1754 4285 ex
1776 4229 2059 4286 voluntate

467 4323 593 4388 viri,
620 4323 717 4377 sed
739 4337 808 4376 ex
846 4323 960 4376 Deo
985 4322 1099 4375 nati
1141 4332 1271 4378 sunt
1298 4323 1366 4375 ”.
1416 4340 1434 4373 ι
1466 4321 1569 4376 Hic
1604 4331 1786 4376 autem
1824 4321 2014 4377 dicens
2041 4339 2054 4375 :

477 4433 496 4463 ε
542 4412 823 4479 Quoniam
845 4420 1027 4467 autem
1060 4414 1195 4468 estis
1238 4411 1356 4478 filii,
1405 4412 1556 4467 misit
1604 4413 1748 4468 Deus
1791 4413 2057 4483 Spiritum

469 4505 594 4559 Filii
660 4505 748 4559 sui
814 4503 871 4558 in
930 4504 1096 4558 corda
1159 4513 1373 4570 vestra,
1428 4505 1754 4561 clamantem
1807 4524 1819 4560 :
1863 4506 2053 4572 Abba,

470 4596 632 4650 Pater
657 4597 721 4647 ³⁵.
759 4615 777 4646 ι

2163 2123 2309 2177 θίνια
2361 2121 2820 2193 προσυπαντῆσαι
2857 2120 2935 2193 τῷ
2972 2122 3300 2193 ἀμφοτέρων
3333 2121 3620 2190 Λυτρωτῇ,
3655 2120 3751 2172 καὶ

2159 2217 2290 2279 τοὺς
2329 2215 2609 2285 ἑκατέρων
2639 2213 2999 2287 προτυπῶσαι
3031 2217 3087 2266 ἑν
3115 2214 3328 2276 ἑαυτοῖς
3371 2212 3534 2274 ὁσίως
3571 2229 3748 2283 προσ-

2161 2303 2420 2372 κυνητάς.
2461 2304 2675 2374 Ὥσπερ
2706 2305 2800 2356 καὶ
2834 2302 3182 2374 πατριάρχης
3225 2301 3416 2355 Ἰσαὰκ
3458 2303 3753 2372 προμεμή-

2162 2415 2346 2461 νυκεν,
2383 2397 2545 2468 ήνίκα
2571 2398 2692 2460 ταῖς
2724 2395 3000 2464 εὐλογίαις
3032 2395 3403 2466 κατέστρεψεν
3431 2395 3523 2448 τὸν
3553 2393 3614 2458 ἑξ
3645 2395 3752 2448 αὐ·-

2161 2491 2258 2543 τοῦ
2285 2491 2632 2561 πατριάρχην
2671 2486 2890 2553 Ἰακὼϐ,
2919 2487 3014 2542 ἐπὶ
3043 2487 3275 2558 θεωρίαν
3300 2486 3410 2539 τῶν
3439 2485 3752 2556 μελλόντων

2164 2583 2512 2654 ἀπαγόμενος
2543 2583 2637 2635 καὶ
2663 2581 2868 2648 λέγων·
2899 2599 2917 2630 ι
2957 2582 3070 2634 Kal
3108 2577 3551 2651 προσκυνήσουσί
3583 2595 3668 2631 σοι
3697 2580 3750 2631 οἱ

2165 2677 2270 2728 υίοὶ
2302 2675 2398 2728 τοῦ
2435 2673 2640 2745 πατρός
2692 2687 2785 2726 σου
2816 2689 2830 2704 ·
2871 2691 2890 2724 ι
2929 2673 3032 2725 οὐκ
3073 2671 3353 2742 ἀγνοήσας
3386 2670 3432 2722 δ’
3475 2669 3679 2724 ἔπαθεν
3719 2671 3752 2721 ὁ

2163 2768 2402 2832 δίκαιος,
2436 2766 2630 2834 ὅτιπερ
2671 2767 2729 2818 ὲν
2774 2763 2982 2834 διδύμῳ
3025 2762 3346 2835 ξυνωρίδιή
3388 2763 3537 2815 πᾶσα
3580 2763 3751 2815 αὐτοῦ

2163 2860 2627 2932 ὲμπεριείληπται
2661 2858 2816 2927 γονή.
2851 2858 2960 2910 Καὶ
2994 2857 3262 2926 μαρτυρεῖ
3289 2854 3398 2906 τῶν
3437 2853 3631 2907 τούτου
3655 2854 3753 2906 λό-

2161 2971 2273 3021 γων
2316 2954 2348 3022 ή
2389 2949 2702 3005 ἀκολουθία.
2743 2949 2900 3002 Μετὰ
2927 2947 3037 3018 γὰρ
3066 2947 3126 2999 τὸ
3161 2946 3480 3016 εἰρηκέναιο
3532 2964 3550 2996 ε
3585 2945 3751 2998 Γίνου

2163 3045 2352 3116 κύριος
2382 3041 2477 3097 τοῦ
2528 3039 2761 3110 ἀδελφοῦ
2792 3057 2886 3093 σου
2913 3054 2926 3067 ⁸
2972 3058 2990 3090 ι
3024 3038 3087 3091 τὸ
3111 3037 3413 3108 τηνικαῦτα
3449 3039 3704 3107 ἐπήγαγε
3733 3053 3750 3066 ο

2171 3154 2190 3181 ι
2228 3131 2678 3205 Προσκυνήσουσί
2712 3147 2794 3183 σοι
2823 3131 2872 3182 οἱ
2897 3129 3003 3181 υἱοὶ
3034 3127 3127 3180 τοῦ
3153 3127 3358 3198 πατρός
3378 3143 3526 3180 σου·»
3556 3129 3620 3180 ἑκ
3650 3126 3752 3179 τοῦ

2165 3224 2431 3296 σαρκικοῦ
2457 3223 2550 3275 ἐπὶ
2578 3222 2670 3276 τὸν
2705 3220 2893 3292 νοητὸν
2929 3219 3302 3288 μεταγόμενος
3341 3217 3554 3272 Ἰακώϐ.
3587 3215 3753 3269 Οῦτω

2163 3317 2294 3387 γοῦν
2341 3316 2433 3370 καὶ
2484 3314 2622 3385 πρὸς
2672 3312 2762 3366 τὸν
2819 3310 2990 3365 Ἡσαῦ
3037 3309 3278 3380 ἔφασκεο
3344 3327 3363 3359 ι
3404 3309 3516 3361 Καὶ
3554 3306 3752 3377 κύριον

2163 3410 2326 3465 αὑτὸν
2351 3409 2583 3478 ἐποίησά
2610 3422 2725 3467 σου,
2768 3404 2864 3457 καὶ
2899 3403 3108 3466 πάντας
3139 3402 3268 3466 τοὺς
3295 3401 3556 3468 ἀδελφοὺς
3580 3398 3750 3452 αὑτοῦ

2163 3503 2398 3564 οἰκέτας.
2456 3501 2548 3552 Σο)⁵
2585 3498 2643 3550 δὲ
2685 3496 2737 3548 τί
2781 3495 3028 3565 ποιήσω,
3065 3493 3298 3559 τέκνον;
3339 3511 3356 3541 ι
3416 3491 3581 3542 Ὥστε
3642 3506 3749 3558 μυ-

2166 3591 2496 3649 στικώτατον
2540 3589 2636 3643 τοῦ
2656 3586 2863 3658 πατρὸς
2901 3587 2996 3639 καὶ
3036 3585 3138 3654 τῆς
3169 3583 3412 3655 πληθύος
3457 3581 3568 3634 τῶν
3606 3580 3754 3632 υἱῶν

2163 3686 2393 3754 αἴνιγμα
2416 3723 2430 3744 ,
2460 3682 2554 3734 καὶ
2600 3679 2695 3732 τοῦ
2730 3679 2788 3745 ἑξ
2824 3679 2996 3747 αὐτῆς
3025 3673 3527 3746 προσκυνουμένου.
3563 3671 3749 3739 Ὅπερ

2161 3779 2211 3830 οἱ
2261 3775 2330 3829 τὰ
2378 3774 2498 3827 θεῖα
2541 3769 2947 3840 πεφωτισμένοι
3007 3767 3285 3837 μυστήρια
3335 3761 3591 3830 Ἰωάννης
3649 3760 3752 3812 καὶ

2163 3867 2379 3930 Παῦλος
2424 3863 2803 3933 θεολογοῦντες
2844 3860 3184 3932 ἑρμήνευον·
3222 3858 3250 3908 ὁ
3301 3855 3400 3924 μὲν
3426 3893 3441 3916 ,
3517 3871 3536 3904 ‹
3586 3852 3750 3903 Ὅσοι

2163 3959 2357 4014 ἔλαϐον
2379 3957 2562 4020 αὐτὸν,
2593 3955 2789 4021 λέγων,
2826 3952 3026 4005 ἑδωκεν
3059 3949 3246 4011 αὐτοῖς
3287 3943 3537 4010 ἐξουσίαν
3575 3943 3750 3994 τέκνα

2161 4050 2297 4105 Θεοῦ
2325 4049 2604 4118 γενέσθαι’
2633 4049 2746 4110 τοῖς
2776 4042 3125 4098 πιστεύουσιν
3151 4041 3231 4104 εἰς
3254 4037 3315 4091 τὸ
3337 4037 3508 4107 ὄνομα
3541 4033 3710 4088 αὑτοῦ
3731 4049 3747 4062 ⁸

2161 4143 2211 4196 οἳ
2239 4141 2340 4195 οὐκ
2382 4140 2442 4204 ἑξ
2466 4138 2741 4210 αἱμάτων,
2774 4136 2894 4188 οὐδὲ
2918 4136 2984 4188 ἑκ
3021 4132 3332 4202 θελήματος
3361 4127 3585 4199 σαρκὸς.
3621 4123 3752 4177 οὐδὲ

2161 4235 2227 4288 ἑκ
2258 4233 2566 4305 θελήματος
2593 4230 2815 4302 ἀνδρὸς,
2857 4225 2973 4281 ἀλλ’
3003 4226 3069 4280 ἑκ
3100 4222 3236 4278 Θεοῦ
3276 4220 3671 4291 ἐγεννήθησαν·
3720 4235 3742 4266 ι

2160 4327 2190 4380 ὁ
2237 4326 2294 4380 δὲ
2339 4325 2597 4395 φάσκωνο
2635 4341 2654 4374 ι
2688 4322 2813 4375 Ὅτι
2872 4319 2929 4372 δέ
2969 4318 3094 4370 ἑστε
3136 4315 3274 4379 υῑοὶ,
3310 4309 3691 4379 ἐξαπέστειλεν
3718 4309 3750 4360 ὀ

2162 4416 2295 4481 Θεὸς
2335 4416 2397 4470 τὸ
2441 4413 2668 4485 Πνεῦμα
2709 4412 2805 4466 τοῦ
2852 4408 2988 4464 Υἶοῦ
3031 4408 3197 4461 αὑτοῦ
3243 4408 3324 4470 είς
3372 4404 3470 4467 τὰς
3513 4401 3751 4475 καρδίας

2164 4509 2340 4582 ὑμῶν,
2373 4509 2577 4581 κράξον
2603 4525 2616 4538 ·
2667 4505 2858 4570 Ἀϐϐἇ,
2887 4505 2917 4556 ὁ
2936 4502 3150 4572 Πατήρ.
3182 4517 3200 4551 ι

536 4686 676 4750 Vlll,
718 4686 948 4752 Videtis,
980 4686 1348 4752 dilectissimi,
1374 4688 1776 4744 lucidissimam
1809 4706 2048 4745 consen-

2232 4685 2316 4738 H'.
2367 4683 2561 4754 Ὁρᾶτε
2579 4720 2594 4745 ,
2619 4676 3073 4751 προσφιλέστατοι
3093 4712 3108 4735 ,
3143 4669 3461 4742 συμφωνίαν
3484 4666 3760 4738 τηλαυγέ-

471 4778 685 4834 sionem
718 4779 934 4834 Veteris
959 4780 1164 4835 etNovi
1206 4781 1579 4836 Testamenti?
1620 4780 1828 4836 Videtis
1855 4789 1916 4836 ut
1945 4797 2046 4836 nos

2159 4778 2364 4850 στάτην
2411 4775 2656 4837 Παλαιᾶς
2719 4772 2814 4824 καὶ
2876 4765 3087 4838 Καινῆς
3139 4763 3454 4834 Διαθήκης;
3511 4759 3760 4811 Βλέπετε

546 4938 588 4972 ¹⁹
631 4938 796 4994 llebr.
833 4953 873 5003 ι,
905 4934 957 4991 5.
1037 4937 1081 4969 ²⁰
1114 4937 1250 4992 Gen.
1286 4952 1449 5002 xxv",
1476 4936 1564 4991 29.
1642 4936 1685 4967 ’ί
1721 4935 1856 4991 ibid.
1936 4937 1982 4968 "
2015 4937 2149 4993 ibid.
2178 4938 2268 4993 57.
2345 4937 2390 4969 "
2415 4936 2571 4991 Joan.
2603 4948 2640 5000 ι,
2670 4933 2759 4997 l2,
2791 4929 2875 4983 l3.
2955 4927 2999 4958 “
3031 4924 3206 4980 Galat.
3238 4937 3310 4988 IV,
3339 4919 3396 4976 6.

541 5080 655 5148 (8'7)
710 5074 843 5148 Tum
886 5075 1152 5148 _dcmum_:
1185 5068 1315 5148 εἷθ’..
1338 5070 1535 5148 οὕτως.
1569 5068 1908 5148 εἰσδέχεσθαι
1962 5067 2054 5148 τὴν

471 5139 650 5214 ζῶντα
697 5147 832 5200 Θεὸν
869 5146 1061 5210 Λόγον.
1098 5145 1228 5199 Post
1262 5141 1410 5195 illam
1445 5139 1698 5214 Spiritus
1732 5139 1906 5193 sancti
1961 5139 2058 5214 ad-

472 5208 637 5274 ventu
697 5208 1209 5276 sanctificationem,
1265 5227 1428 5280 quam
1475 5208 1772 5280 Gregorius
1815 5216 1955 5280 orat.
2002 5208 2055 5262 in

470 5284 678 5344 Christi
715 5286 973 5363 natalem,
1024 5278 1400 5363 προκάθαρσιν
1438 5280 1594 5363 dicit,
1633 5279 1763 5363 dum
1811 5278 1888 5363 ait
1921 5293 2054 5363 con-

475 5365 694 5431 ceptum
733 5347 1131 5431 Dominunréi
1147 5347 1389 5431 Virgine,
1427 5351 1520 5404 καὶ
1552 5349 1728 5431 ψυχὴν
1755 5349 1846 5431 καὶ
1877 5347 2056 5417 σάρκα

482 5419 953 5495 προκαθαρθείσης
979 5424 1057 5494 τῷ
1086 5419 1384 5495 Πνεύματι,
1432 5436 1554 5491 quae
1585 5419 1778 5474 fuisset
1810 5433 2056 5488 pracpur-

474 5492 592 5568 gata
641 5492 874 5566 Spiritu,
913 5492 1040 5568 tum
1085 5492 1286 5556 anima,
1328 5500 1442 5545 tum
1491 5506 1697 5568 carne:
1745 5503 2062 5568 non_tnun-

477 5558 700 5624 dationé
743 5581 773 5619 a
809 5564 1066 5619 sordibus
1100 5577 1220 5632 qua:
1255 5568 1461 5632 essent,
1501 5560 1597 5615 sed
1635 5558 1990 5632 translatione
2029 5573 2060 5611 a

480 5635 681 5693 minori
731 5634 800 5688 ad
851 5627 1132 5702 majorem"
1157 5631 1525 5702 sanctitatem,
1582 5639 1797 5702 etquae
1842 5627 2061 5682 deceret

483 5709 576 5761 Dei
615 5713 884 5758 matrem:
921 5699 1026 5756 ἔδει
1055 5703 1182 5773 γὰρ,
1219 5701 1552 5773 ἱιιςιιιὶινμκαὶ
1597 5699 1851 5773 γέννησιν
1897 5714 2060 5773 τιμητ

485 5776 672 5844 θῆναι,
691 5773 784 5823 καὶ
811 5768 1103 5844 παρθενίαν
1118 5768 1563 5844 προτιμηθῆναι,
1590 5770 1787 5844 prmvig
1798 5768 2060 5844 _I_z_o_rtorari

484 5837 836 5909 virginitgtem
873 5837 902 5893 ε’
925 5840 1019 5908 qui
1044 5837 1261 5892 videtur
1287 5837 1479 5909 sensus
1503 5837 1717 5908 planus.
1753 5837 1944 5892 Billius
1975 5845 2058 5909 ta-

486 5904 615 5965 men
649 5925 663 5960 :
698 5904 768 5960 Et
810 5904 1161 5981 virgihitatcm
1203 5908 1444 5980 μηνίειν-ἱ
1499 5904 1808 5981 oportebat;
1848 5923 1949 5964 nec
1981 5906 2060 5963 vi-

2163 5070 2268 5125 deo
2303 5067 2436 5139 quid
2471 5065 2672 5139 habeat
2698 5056 3148 5139 consequentur},
3188 5051 3761 5139 nisil’o_rte_eo_

2164 5126 2336 5195 latam'
2365 5137 2636 5206 intelligat.
2660 5126 3028 5206 virginitatem
3063 5126 3162 5189 illi,
3201 5126 3329 5206 quia
3372 5126 3761 5206 propterlearn

2163 5189 2778 5275 noni—fueritnEglecta:
2823 5199 3184 5264 videaturque
3214 5189 3380 5275 Virgo
3417 5189 3554 5275 ipsa
3570 5189 3764 5275 pluria

2163 5277 2566 5350 quodammodo
2585 5269 2824 5350 'l'ecisse,
2882 5275 2944 5322 ut
2989 5271 3235 5350 maneret
3268 5269 3444 5350 virgo,
3469 5272 3651 5350 cquam
3693 5269 3766 5350 ut

2502 5326 2688 5406 fieret,
2743 5326 2854 5396 illis
2894 5337 3081 5408 verbis
3098 5353 3121 5408 _:
3157 5326 3427 5408 Quomodo
3461 5326 3552 5394 [iet
3585 5328 3758 5408 istud,

2165 5402 2638 5490 quoniajnilvirum,
2657 5402 2787 5490 etc._,
2815 5424 2990 5477 eoque
3026 5402 3765 5490 debueritLpraEp-urgaritEa}

2166 5475 2604 5559 copiosissimum
2630 5475 2823 5554 gratiae
2855 5475 3054 5559 munus
3090 5475 3361 5543 accipere,
3397 5482 3506 5538 quo
3537 5475 3759 5537 integra

2166 5557 2574 5615 efconcineret
2606 5563 2662 5608 et
2698 5557 2931 5615 pareret.

2241 5629 2352 5700 (88)
2372 5614 2738 5700 iCongmutatt’s
2763 5614 3242 5700 ‘benedictionibus‘
3273 5615 3576 5700 prouertu?

2165 5671 3031 5815 miEVéoiS'y'iéiE'Zcekéscpegev.
3081 5671 3378 5764 Attributis
3413 5675 3592 5758 alteri,
3626 5691 3768 5759 qua?

2167 5769 2394 5815 alim-ius
2419 5765 2766 5815 videbantur.
2792 5775 2854 5815 ac
2879 5774 2909 5813 a
2950 5758 3316 5814 olescenttore
3352 5750 3510 5805 fratrt
3543 5761 3766 5803 semen

2167 5750 2394 5825 alterius
2419 5750 2766 5828 videbantur,
2792 5750 2861 5816 ac'
2879 5750 3316 5815 adolescentiore
3352 5750 3510 5805 fratri
3543 5750 3766 5803 seniori

2167 5838 2410 5911 praelato.
