  <div class='ocr_page' id='page_1' title='image "/cluster/home/n/w/nwhite01/storage/ocr_20150623/77:no.10/coo.31924054869783/709.png"; bbox 0 0 4076 6466; ppageno 0'>
   <div class='ocr_carea' id='block_1_1' title="bbox 392 465 534 523">
    <p class='ocr_par' dir='ltr' id='par_1_1' title="bbox 392 465 534 523">
     <span class='ocr_line' id='line_1_1' title="bbox 392 465 534 523; baseline -0.014 0"><span class='ocrx_word' id='word_1_1' title='bbox 392 465 534 523; x_wconf 65' lang='lat' dir='ltr'><strong>M05</strong></span> 
     </span>
    </p>
   </div>
   <div class='ocr_carea' id='block_1_2' title="bbox 1450 460 2535 522">
    <p class='ocr_par' dir='ltr' id='par_1_2' title="bbox 1450 460 2535 522">
     <span class='ocr_line' id='line_1_2' title="bbox 1450 460 2535 522; baseline 0.005 -7"><span class='ocrx_word' id='word_1_2' title='bbox 1450 460 1798 517; x_wconf 79' lang='lat' dir='ltr'><strong>THEODOTI</strong></span> <span class='ocrx_word' id='word_1_3' title='bbox 1840 461 2149 520; x_wconf 81' lang='lat' dir='ltr'><strong>EPISCOPI</strong></span> <span class='ocrx_word' id='word_1_4' title='bbox 2191 464 2535 522; x_wconf 72' lang='lat' dir='ltr'><strong>ANCYRAM</strong></span> 
     </span>
    </p>
   </div>
   <div class='ocr_carea' id='block_1_3' title="bbox 3524 463 3667 521">
    <p class='ocr_par' dir='ltr' id='par_1_3' title="bbox 3524 463 3667 521">
     <span class='ocr_line' id='line_1_3' title="bbox 3524 463 3667 521; baseline 0.042 -6"><span class='ocrx_word' id='word_1_5' title='bbox 3524 463 3667 521; x_wconf 63' lang='lat' dir='ltr'><strong>HM</strong></span> 
     </span>
    </p>
   </div>
   <div class='ocr_carea' id='block_1_4' title="bbox 389 567 1974 647">
    <p class='ocr_par' dir='ltr' id='par_1_4' title="bbox 389 567 1972 647">
     <span class='ocr_line' id='line_1_4' title="bbox 389 567 1972 647; baseline -0.004 -16"><span class='ocrx_word' id='word_1_6' title='bbox 389 572 579 647; x_wconf 85' lang='lat' dir='ltr'><strong>posuit</strong></span> <span class='ocrx_word' id='word_1_7' title='bbox 607 570 704 641; x_wconf 85' lang='lat' dir='ltr'><strong>qui</strong></span> <span class='ocrx_word' id='word_1_8' title='bbox 728 585 839 624; x_wconf 90' lang='lat' dir='ltr'><strong>non</strong></span> <span class='ocrx_word' id='word_1_9' title='bbox 869 577 997 625; x_wconf 85' lang='lat' dir='ltr'><strong>sunt</strong></span> <span class='ocrx_word' id='word_1_10' title='bbox 1021 568 1255 639; x_wconf 87' lang='lat' dir='ltr'><strong>aliquid,</strong></span> <span class='ocrx_word' id='word_1_11' title='bbox 1294 567 1392 623; x_wconf 84' lang='lat' dir='ltr'><strong>sed</strong></span> <span class='ocrx_word' id='word_1_12' title='bbox 1419 583 1519 624; x_wconf 91' lang='lat' dir='ltr'><strong>eos</strong></span> <span class='ocrx_word' id='word_1_13' title='bbox 1560 570 1656 639; x_wconf 99' lang='lat' dir='ltr'><strong>qui</strong></span> <span class='ocrx_word' id='word_1_14' title='bbox 1713 589 1731 620; x_wconf 80' lang='grc' dir='ltr'><strong>ι</strong></span> <span class='ocrx_word' id='word_1_15' title='bbox 1758 569 1972 640; x_wconf 77' lang='lat' dir='ltr'><strong>Spiritu</strong></span> 
     </span>
    </p>
   </div>
   <div class='ocr_carea' id='block_1_5' title="bbox 2077 567 3664 647">
    <p class='ocr_par' dir='ltr' id='par_1_5' title="bbox 2077 573 3664 644">
     <span class='ocr_line' id='line_1_5' title="bbox 2077 573 3664 644; baseline 0.001 -17"><span class='ocrx_word' id='word_1_16' title='bbox 2077 573 2213 629; x_wconf 86' lang='grc' dir='ltr'><strong>ἀλλά</strong></span> <span class='ocrx_word' id='word_1_17' title='bbox 2242 576 2367 640; x_wconf 78' lang='grc' dir='ltr'>τοὺς</span> <span class='ocrx_word' id='word_1_18' title='bbox 2409 594 2428 627; x_wconf 78' lang='grc' dir='ltr'><strong>ι</strong></span> <span class='ocrx_word' id='word_1_19' title='bbox 2461 576 2738 644; x_wconf 84' lang='grc' dir='ltr'>Πνεύματι</span> <span class='ocrx_word' id='word_1_20' title='bbox 2772 574 2908 628; x_wconf 76' lang='grc' dir='ltr'>Θεοῦ</span> <span class='ocrx_word' id='word_1_21' title='bbox 2941 574 3264 644; x_wconf 76' lang='grc' dir='ltr'>ἀγομένους,</span> <span class='ocrx_word' id='word_1_22' title='bbox 3302 591 3319 625; x_wconf 72' lang='grc' dir='ltr'><strong>ι</strong></span> <span class='ocrx_word' id='word_1_23' title='bbox 3346 575 3492 637; x_wconf 78' lang='grc' dir='ltr'>υἱοὺς</span> <span class='ocrx_word' id='word_1_24' title='bbox 3523 575 3664 629; x_wconf 83' lang='grc' dir='ltr'><strong>Θεοῦ</strong></span> 
     </span>
    </p>
   </div>
   <div class='ocr_carea' id='block_1_6' title="bbox 389 657 1968 733">
    <p class='ocr_par' dir='ltr' id='par_1_6' title="bbox 389 657 1968 733">
     <span class='ocr_line' id='line_1_6' title="bbox 389 657 1968 733; baseline -0.004 -13"><span class='ocrx_word' id='word_1_25' title='bbox 389 663 488 720; x_wconf 86' lang='lat' dir='ltr'><strong>Dei</strong></span> <span class='ocrx_word' id='word_1_26' title='bbox 545 672 789 733; x_wconf 90' lang='lat' dir='ltr'><strong>aguntur</strong></span> <span class='ocrx_word' id='word_1_27' title='bbox 832 661 939 725; x_wconf 74' lang='grc' dir='ltr'><strong>³⁷,ι</strong></span> <span class='ocrx_word' id='word_1_28' title='bbox 992 660 1090 714; x_wconf 88' lang='lat' dir='ltr'><strong>Dei</strong></span> <span class='ocrx_word' id='word_1_29' title='bbox 1124 658 1269 714; x_wconf 85' lang='lat' dir='ltr'><strong>ﬁlios</strong></span> <span class='ocrx_word' id='word_1_30' title='bbox 1305 666 1362 713; x_wconf 92' lang='lat' dir='ltr'><strong>et</strong></span> <span class='ocrx_word' id='word_1_31' title='bbox 1396 657 1534 713; x_wconf 90' lang='lat' dir='ltr'><strong>deos</strong></span> <span class='ocrx_word' id='word_1_32' title='bbox 1585 660 1968 715; x_wconf 90' lang='lat' dir='ltr'><strong>renuntiavit:</strong></span> 
     </span>
    </p>
   </div>
   <div class='ocr_carea' id='block_1_7' title="bbox 385 749 1975 827">
    <p class='ocr_par' dir='ltr' id='par_1_7' title="bbox 385 749 1975 827">
     <span class='ocr_line' id='line_1_7' title="bbox 385 749 1975 827; baseline -0.004 -15"><span class='ocrx_word' id='word_1_33' title='bbox 385 753 856 827; x_wconf 83' lang='lat' dir='ltr'><strong>quemadmodum</strong></span> <span class='ocrx_word' id='word_1_34' title='bbox 884 752 1051 807; x_wconf 89' lang='lat' dir='ltr'><strong>etiam</strong></span> <span class='ocrx_word' id='word_1_35' title='bbox 1078 750 1281 806; x_wconf 85' lang='lat' dir='ltr'><strong>Paulus</strong></span> <span class='ocrx_word' id='word_1_36' title='bbox 1300 751 1547 822; x_wconf 76' lang='lat' dir='ltr'><strong>scripsit.</strong></span> <span class='ocrx_word' id='word_1_37' title='bbox 1572 749 1829 806; x_wconf 77' lang='lat' dir='ltr'><strong>Christus</strong></span> <span class='ocrx_word' id='word_1_38' title='bbox 1865 753 1975 807; x_wconf 86' lang='lat' dir='ltr'><strong>ita--</strong></span> 
     </span>
    </p>
   </div>
   <div class='ocr_carea' id='block_1_8' title="bbox 385 843 1968 917">
    <p class='ocr_par' dir='ltr' id='par_1_8' title="bbox 385 843 1968 917">
     <span class='ocr_line' id='line_1_8' title="bbox 385 843 1968 917; baseline -0.003 -15"><span class='ocrx_word' id='word_1_39' title='bbox 385 844 783 917; x_wconf 76' lang='lat' dir='ltr'><strong>queiDominus</strong></span> <span class='ocrx_word' id='word_1_40' title='bbox 815 851 1026 908; x_wconf 88' lang='lat' dir='ltr'><strong>noster,</strong></span> <span class='ocrx_word' id='word_1_41' title='bbox 1072 858 1185 897; x_wconf 89' lang='lat' dir='ltr'><strong>non</strong></span> <span class='ocrx_word' id='word_1_42' title='bbox 1216 858 1283 898; x_wconf 93' lang='lat' dir='ltr'><strong>ea</strong></span> <span class='ocrx_word' id='word_1_43' title='bbox 1334 852 1551 897; x_wconf 90' lang='lat' dir='ltr'><strong>tantum</strong></span> <span class='ocrx_word' id='word_1_44' title='bbox 1598 843 1810 897; x_wconf 91' lang='lat' dir='ltr'><strong>ratione</strong></span> <span class='ocrx_word' id='word_1_45' title='bbox 1856 859 1968 913; x_wconf 90' lang='lat' dir='ltr'><strong>qua</strong></span> 
     </span>
    </p>
   </div>
   <div class='ocr_carea' id='block_1_9' title="bbox 387 934 1972 1004">
    <p class='ocr_par' dir='ltr' id='par_1_9' title="bbox 387 934 1972 1004">
     <span class='ocr_line' id='line_1_9' title="bbox 387 934 1972 1004; baseline -0.003 -11"><span class='ocrx_word' id='word_1_46' title='bbox 387 946 472 993; x_wconf 89' lang='lat' dir='ltr'><strong>est</strong></span> <span class='ocrx_word' id='word_1_47' title='bbox 498 938 663 1001; x_wconf 87' lang='lat' dir='ltr'><strong>Deus,</strong></span> <span class='ocrx_word' id='word_1_48' title='bbox 682 935 941 990; x_wconf 88' lang='lat' dir='ltr'><strong>omnibus</strong></span> <span class='ocrx_word' id='word_1_49' title='bbox 971 935 1366 1004; x_wconf 83' lang='lat' dir='ltr'><strong>supereminet,</strong></span> <span class='ocrx_word' id='word_1_50' title='bbox 1403 934 1498 990; x_wconf 91' lang='lat' dir='ltr'><strong>sed</strong></span> <span class='ocrx_word' id='word_1_51' title='bbox 1524 950 1632 1004; x_wconf 86' lang='lat' dir='ltr'><strong>qua</strong></span> <span class='ocrx_word' id='word_1_52' title='bbox 1667 935 1838 990; x_wconf 90' lang='lat' dir='ltr'><strong>etiam</strong></span> <span class='ocrx_word' id='word_1_53' title='bbox 1869 935 1972 989; x_wconf 84' lang='lat' dir='ltr'><strong>ho-</strong></span> 
     </span>
    </p>
   </div>
   <div class='ocr_carea' id='block_1_10' title="bbox 385 1026 1975 1097">
    <p class='ocr_par' dir='ltr' id='par_1_10' title="bbox 385 1026 1975 1097">
     <span class='ocr_line' id='line_1_10' title="bbox 385 1026 1975 1097; baseline -0.001 -14"><span class='ocrx_word' id='word_1_54' title='bbox 385 1046 477 1085; x_wconf 91' lang='lat' dir='ltr'><strong>mo</strong></span> <span class='ocrx_word' id='word_1_55' title='bbox 512 1028 693 1084; x_wconf 79' lang='lat' dir='ltr'><strong>factus</strong></span> <span class='ocrx_word' id='word_1_56' title='bbox 727 1036 833 1083; x_wconf 89' lang='lat' dir='ltr'><strong>est.</strong></span> <span class='ocrx_word' id='word_1_57' title='bbox 860 1026 1073 1082; x_wconf 86' lang='lat' dir='ltr'><strong>Idcirco</strong></span> <span class='ocrx_word' id='word_1_58' title='bbox 1098 1035 1157 1082; x_wconf 89' lang='lat' dir='ltr'><strong>et</strong></span> <span class='ocrx_word' id='word_1_59' title='bbox 1178 1026 1315 1081; x_wconf 90' lang='lat' dir='ltr'><strong>illud</strong></span> <span class='ocrx_word' id='word_1_60' title='bbox 1337 1026 1611 1097; x_wconf 90' lang='lat' dir='ltr'><strong>scriptum</strong></span> <span class='ocrx_word' id='word_1_61' title='bbox 1634 1036 1720 1082; x_wconf 89' lang='lat' dir='ltr'><strong>est</strong></span> <span class='ocrx_word' id='word_1_62' title='bbox 1747 1045 1760 1081; x_wconf 89' lang='lat'><strong>:</strong></span> <span class='ocrx_word' id='word_1_63' title='bbox 1795 1045 1813 1079; x_wconf 76' lang='grc' dir='ltr'><strong>ι</strong></span> <span class='ocrx_word' id='word_1_64' title='bbox 1836 1026 1975 1093; x_wconf 84' lang='lat' dir='ltr'><strong>Quis</strong></span> 
     </span>
    </p>
   </div>
   <div class='ocr_carea' id='block_1_11' title="bbox 384 1117 1975 1188">
    <p class='ocr_par' dir='ltr' id='par_1_11' title="bbox 384 1117 1975 1188">
     <span class='ocr_line' id='line_1_11' title="bbox 384 1117 1975 1188; baseline -0.003 -11"><span class='ocrx_word' id='word_1_65' title='bbox 384 1121 585 1177; x_wconf 79' lang='lat' dir='ltr'><strong>similis</strong></span> <span class='ocrx_word' id='word_1_66' title='bbox 611 1120 712 1176; x_wconf 85' lang='lat' dir='ltr'><strong>tibi</strong></span> <span class='ocrx_word' id='word_1_67' title='bbox 735 1121 793 1174; x_wconf 88' lang='lat' dir='ltr'><strong>in</strong></span> <span class='ocrx_word' id='word_1_68' title='bbox 823 1119 952 1185; x_wconf 91' lang='lat' dir='ltr'><strong>diis,</strong></span> <span class='ocrx_word' id='word_1_69' title='bbox 996 1119 1226 1173; x_wconf 87' lang='lat' dir='ltr'><strong>Domine</strong></span> <span class='ocrx_word' id='word_1_70' title='bbox 1266 1119 1354 1172; x_wconf 58' lang='lat'><strong>&#39;3?</strong></span> <span class='ocrx_word' id='word_1_71' title='bbox 1392 1137 1410 1170; x_wconf 76' lang='grc' dir='ltr'><strong>ι</strong></span> <span class='ocrx_word' id='word_1_72' title='bbox 1438 1117 1541 1185; x_wconf 92' lang='lat' dir='ltr'><strong>Qui</strong></span> <span class='ocrx_word' id='word_1_73' title='bbox 1566 1117 1738 1184; x_wconf 90' lang='lat' dir='ltr'><strong>enim,</strong></span> <span class='ocrx_word' id='word_1_74' title='bbox 1778 1117 1876 1188; x_wconf 86' lang='lat' dir='ltr'><strong>qui</strong></span> <span class='ocrx_word' id='word_1_75' title='bbox 1906 1134 1975 1173; x_wconf 77' lang='lat' dir='ltr'><strong>ex</strong></span> 
     </span>
    </p>
   </div>
   <div class='ocr_carea' id='block_1_12' title="bbox 385 1209 1973 1284">
    <p class='ocr_par' dir='ltr' id='par_1_12' title="bbox 385 1209 1973 1284">
     <span class='ocr_line' id='line_1_12' title="bbox 385 1209 1973 1284; baseline -0.003 -16"><span class='ocrx_word' id='word_1_76' title='bbox 385 1213 586 1283; x_wconf 89' lang='lat' dir='ltr'><strong>copula</strong></span> <span class='ocrx_word' id='word_1_77' title='bbox 611 1221 807 1282; x_wconf 90' lang='lat' dir='ltr'><strong>partus</strong></span> <span class='ocrx_word' id='word_1_78' title='bbox 830 1217 939 1277; x_wconf 89' lang='lat' dir='ltr'><strong>est,</strong></span> <span class='ocrx_word' id='word_1_79' title='bbox 964 1210 1222 1284; x_wconf 75' lang='lat' dir='ltr'><strong>virginali</strong></span> <span class='ocrx_word' id='word_1_80' title='bbox 1246 1210 1430 1281; x_wconf 87' lang='lat' dir='ltr'><strong>partui</strong></span> <span class='ocrx_word' id='word_1_81' title='bbox 1454 1209 1626 1265; x_wconf 84' lang='lat' dir='ltr'><strong>fuerit</strong></span> <span class='ocrx_word' id='word_1_82' title='bbox 1680 1224 1973 1280; x_wconf 90' lang='lat' dir='ltr'><strong>compara-</strong></span> 
     </span>
    </p>
   </div>
   <div class='ocr_carea' id='block_1_13' title="bbox 386 1300 1975 1374">
    <p class='ocr_par' dir='ltr' id='par_1_13' title="bbox 386 1300 1975 1374">
     <span class='ocr_line' id='line_1_13' title="bbox 386 1300 1975 1374; baseline -0.002 -16"><span class='ocrx_word' id='word_1_83' title='bbox 386 1300 690 1359; x_wconf 81' lang='lat' dir='ltr'><strong>bilis?Aut</strong></span> <span class='ocrx_word' id='word_1_84' title='bbox 712 1302 809 1374; x_wconf 92' lang='lat' dir='ltr'><strong>qui</strong></span> <span class='ocrx_word' id='word_1_85' title='bbox 833 1302 1069 1372; x_wconf 82' lang='lat' dir='ltr'><strong>simplex</strong></span> <span class='ocrx_word' id='word_1_86' title='bbox 1095 1309 1153 1356; x_wconf 91' lang='lat' dir='ltr'><strong>et</strong></span> <span class='ocrx_word' id='word_1_87' title='bbox 1201 1316 1377 1372; x_wconf 91' lang='lat' dir='ltr'><strong>purus</strong></span> <span class='ocrx_word' id='word_1_88' title='bbox 1432 1302 1620 1367; x_wconf 89' lang='lat' dir='ltr'><strong>homo,</strong></span> <span class='ocrx_word' id='word_1_89' title='bbox 1668 1301 1757 1356; x_wconf 90' lang='lat' dir='ltr'><strong>vel</strong></span> <span class='ocrx_word' id='word_1_90' title='bbox 1804 1300 1975 1356; x_wconf 84' lang='lat' dir='ltr'><strong>etiam</strong></span> 
     </span>
    </p>
   </div>
   <div class='ocr_carea' id='block_1_14' title="bbox 388 1393 1975 1466">
    <p class='ocr_par' dir='ltr' id='par_1_14' title="bbox 388 1393 1975 1466">
     <span class='ocr_line' id='line_1_14' title="bbox 388 1393 1975 1466; baseline -0.001 -16"><span class='ocrx_word' id='word_1_91' title='bbox 388 1396 527 1451; x_wconf 90' lang='lat' dir='ltr'><strong>deus</strong></span> <span class='ocrx_word' id='word_1_92' title='bbox 550 1404 780 1466; x_wconf 84' lang='lat' dir='ltr'><strong>propter</strong></span> <span class='ocrx_word' id='word_1_93' title='bbox 805 1394 1070 1449; x_wconf 81' lang='lat' dir='ltr'><strong>virtutem</strong></span> <span class='ocrx_word' id='word_1_94' title='bbox 1085 1393 1390 1449; x_wconf 88' lang='lat' dir='ltr'><strong>secundum</strong></span> <span class='ocrx_word' id='word_1_95' title='bbox 1413 1393 1675 1465; x_wconf 76' lang='lat' dir='ltr'><strong>gratiam,</strong></span> <span class='ocrx_word' id='word_1_96' title='bbox 1693 1393 1975 1463; x_wconf 89' lang='lat' dir='ltr'><strong>quomodo</strong></span> 
     </span>
    </p>
   </div>
   <div class='ocr_carea' id='block_1_15' title="bbox 390 1484 1974 1559">
    <p class='ocr_par' dir='ltr' id='par_1_15' title="bbox 390 1484 1974 1559">
     <span class='ocr_line' id='line_1_15' title="bbox 390 1484 1974 1559; baseline -0.002 -18"><span class='ocrx_word' id='word_1_97' title='bbox 390 1488 615 1559; x_wconf 86' lang='lat' dir='ltr'><strong>Moysen</strong></span> <span class='ocrx_word' id='word_1_98' title='bbox 650 1487 971 1541; x_wconf 88' lang='lat' dir='ltr'><strong>nominatus</strong></span> <span class='ocrx_word' id='word_1_99' title='bbox 1001 1494 1087 1541; x_wconf 91' lang='lat' dir='ltr'><strong>est</strong></span> <span class='ocrx_word' id='word_1_100' title='bbox 1104 1486 1169 1551; x_wconf 86' lang='grc'><strong>³⁹,</strong></span> <span class='ocrx_word' id='word_1_101' title='bbox 1203 1485 1312 1540; x_wconf 89' lang='lat' dir='ltr'><strong>Deo</strong></span> <span class='ocrx_word' id='word_1_102' title='bbox 1356 1499 1493 1540; x_wconf 86' lang='lat' dir='ltr'><strong>vero</strong></span> <span class='ocrx_word' id='word_1_103' title='bbox 1543 1484 1870 1555; x_wconf 77' lang='lat' dir='ltr'><strong>dignatione</strong></span> <span class='ocrx_word' id='word_1_104' title='bbox 1915 1490 1974 1538; x_wconf 90' lang='lat' dir='ltr'><strong>et</strong></span> 
     </span>
    </p>
   </div>
   <div class='ocr_carea' id='block_1_16' title="bbox 387 1576 1966 1647">
    <p class='ocr_par' dir='ltr' id='par_1_16' title="bbox 387 1576 1966 1647">
     <span class='ocr_line' id='line_1_16' title="bbox 387 1576 1966 1647; baseline 0.001 -14"><span class='ocrx_word' id='word_1_105' title='bbox 387 1579 683 1634; x_wconf 88' lang='lat' dir='ltr'><strong>clementia</strong></span> <span class='ocrx_word' id='word_1_106' title='bbox 704 1578 826 1632; x_wconf 90' lang='lat' dir='ltr'><strong>sine</strong></span> <span class='ocrx_word' id='word_1_107' title='bbox 858 1577 1165 1633; x_wconf 80' lang='lat' dir='ltr'><strong>mutatione</strong></span> <span class='ocrx_word' id='word_1_108' title='bbox 1196 1576 1505 1642; x_wconf 85' lang='lat' dir='ltr'><strong>incnrnato,</strong></span> <span class='ocrx_word' id='word_1_109' title='bbox 1552 1592 1653 1632; x_wconf 90' lang='lat' dir='ltr'><strong>seu</strong></span> <span class='ocrx_word' id='word_1_110' title='bbox 1697 1592 1966 1647; x_wconf 84' lang='lat' dir='ltr'><strong>expresso</strong></span> 
     </span>
    </p>
   </div>
   <div class='ocr_carea' id='block_1_17' title="bbox 388 1666 1975 1740">
    <p class='ocr_par' dir='ltr' id='par_1_17' title="bbox 388 1666 1975 1740">
     <span class='ocr_line' id='line_1_17' title="bbox 388 1666 1975 1740; baseline -0.001 -15"><span class='ocrx_word' id='word_1_111' title='bbox 388 1670 732 1734; x_wconf 84' lang='lat' dir='ltr'><strong>charactere,</strong></span> <span class='ocrx_word' id='word_1_112' title='bbox 762 1668 1151 1738; x_wconf 84' lang='lat' dir='ltr'><strong>responderit?</strong></span> <span class='ocrx_word' id='word_1_113' title='bbox 1178 1666 1337 1734; x_wconf 87' lang='lat' dir='ltr'><strong>Quod</strong></span> <span class='ocrx_word' id='word_1_114' title='bbox 1362 1683 1498 1723; x_wconf 87' lang='lat' dir='ltr'><strong>sane</strong></span> <span class='ocrx_word' id='word_1_115' title='bbox 1516 1676 1576 1724; x_wconf 88' lang='lat' dir='ltr'><strong>et</strong></span> <span class='ocrx_word' id='word_1_116' title='bbox 1596 1683 1699 1738; x_wconf 89' lang='lat' dir='ltr'><strong>per</strong></span> <span class='ocrx_word' id='word_1_117' title='bbox 1727 1669 1975 1740; x_wconf 87' lang='lat' dir='ltr'><strong>prophe-</strong></span> 
     </span>
    </p>
   </div>
   <div class='ocr_carea' id='block_1_18' title="bbox 390 1757 1978 1816">
    <p class='ocr_par' dir='ltr' id='par_1_18' title="bbox 390 1757 1978 1816">
     <span class='ocr_line' id='line_1_18' title="bbox 390 1757 1978 1816; baseline -0.001 -1"><span class='ocrx_word' id='word_1_118' title='bbox 390 1769 502 1815; x_wconf 85' lang='lat' dir='ltr'><strong>tam</strong></span> <span class='ocrx_word' id='word_1_119' title='bbox 524 1761 640 1816; x_wconf 87' lang='lat' dir='ltr'><strong>ait:</strong></span> <span class='ocrx_word' id='word_1_120' title='bbox 682 1779 700 1812; x_wconf 79' lang='grc' dir='ltr'><strong>ι</strong></span> <span class='ocrx_word' id='word_1_121' title='bbox 725 1758 880 1815; x_wconf 87' lang='lat' dir='ltr'><strong>Sicut</strong></span> <span class='ocrx_word' id='word_1_122' title='bbox 922 1757 1094 1814; x_wconf 86' lang='lat' dir='ltr'><strong>distat</strong></span> <span class='ocrx_word' id='word_1_123' title='bbox 1136 1758 1338 1814; x_wconf 73' lang='lat' dir='ltr'><strong>ccelum</strong></span> <span class='ocrx_word' id='word_1_124' title='bbox 1365 1773 1393 1813; x_wconf 87' lang='lat' dir='ltr'><strong>a</strong></span> <span class='ocrx_word' id='word_1_125' title='bbox 1432 1766 1612 1814; x_wconf 89' lang='lat' dir='ltr'><strong>terra:</strong></span> <span class='ocrx_word' id='word_1_126' title='bbox 1668 1757 1750 1812; x_wconf 92' lang='lat' dir='ltr'><strong>sic</strong></span> <span class='ocrx_word' id='word_1_127' title='bbox 1770 1757 1978 1813; x_wconf 85' lang='lat' dir='ltr'><strong>distant</strong></span> 
     </span>
    </p>
   </div>
   <div class='ocr_carea' id='block_1_19' title="bbox 389 1848 1972 1920">
    <p class='ocr_par' dir='ltr' id='par_1_19' title="bbox 389 1848 1972 1920">
     <span class='ocr_line' id='line_1_19' title="bbox 389 1848 1972 1920; baseline 0 -15"><span class='ocrx_word' id='word_1_128' title='bbox 389 1851 495 1906; x_wconf 69' lang='lat' dir='ltr'><strong>via:</strong></span> <span class='ocrx_word' id='word_1_129' title='bbox 517 1866 653 1906; x_wconf 77' lang='lat' dir='ltr'><strong>meae</strong></span> <span class='ocrx_word' id='word_1_130' title='bbox 672 1865 704 1906; x_wconf 89' lang='lat' dir='ltr'><strong>a</strong></span> <span class='ocrx_word' id='word_1_131' title='bbox 752 1850 860 1905; x_wconf 85' lang='lat' dir='ltr'><strong>viis</strong></span> <span class='ocrx_word' id='word_1_132' title='bbox 886 1849 1088 1906; x_wconf 86' lang='lat' dir='ltr'><strong>vestris</strong></span> <span class='ocrx_word' id='word_1_133' title='bbox 1114 1849 1183 1904; x_wconf 74' lang='grc' dir='ltr'><strong>⁸ο.</strong></span> <span class='ocrx_word' id='word_1_134' title='bbox 1206 1862 1290 1903; x_wconf 60' lang='grc' dir='ltr'><strong>δέ(</strong></span> <span class='ocrx_word' id='word_1_135' title='bbox 1311 1848 1492 1920; x_wconf 86' lang='lat' dir='ltr'><strong>Caput</strong></span> <span class='ocrx_word' id='word_1_136' title='bbox 1544 1856 1731 1905; x_wconf 90' lang='lat' dir='ltr'><strong>autem</strong></span> <span class='ocrx_word' id='word_1_137' title='bbox 1779 1864 1972 1905; x_wconf 89' lang='lat' dir='ltr'><strong>eorum</strong></span> 
     </span>
    </p>
   </div>
   <div class='ocr_carea' id='block_1_20' title="bbox 390 1938 1976 2010">
    <p class='ocr_par' dir='ltr' id='par_1_20' title="bbox 390 1938 1976 2010">
     <span class='ocr_line' id='line_1_20' title="bbox 390 1938 1976 2010; baseline 0 -17"><span class='ocrx_word' id='word_1_138' title='bbox 390 1954 515 2009; x_wconf 68' lang='lat' dir='ltr'><strong>quae</strong></span> <span class='ocrx_word' id='word_1_139' title='bbox 544 1939 810 1994; x_wconf 89' lang='lat' dir='ltr'><strong>dicuntur</strong></span> <span class='ocrx_word' id='word_1_140' title='bbox 837 1938 906 2003; x_wconf 79' lang='lat'><strong>“,</strong></span> <span class='ocrx_word' id='word_1_141' title='bbox 930 1956 951 1990; x_wconf 78' lang='grc' dir='ltr'><strong>ι</strong></span> <span class='ocrx_word' id='word_1_142' title='bbox 992 1946 1113 1993; x_wconf 90' lang='lat' dir='ltr'><strong>tum</strong></span> <span class='ocrx_word' id='word_1_143' title='bbox 1134 1938 1305 2005; x_wconf 87' lang='lat' dir='ltr'><strong>istud,</strong></span> <span class='ocrx_word' id='word_1_144' title='bbox 1340 1946 1461 1994; x_wconf 87' lang='lat' dir='ltr'><strong>tum</strong></span> <span class='ocrx_word' id='word_1_145' title='bbox 1503 1938 1761 2010; x_wconf 67' lang='lat' dir='ltr'><strong>Baptistae</strong></span> <span class='ocrx_word' id='word_1_146' title='bbox 1814 1939 1976 1995; x_wconf 89' lang='lat' dir='ltr'><strong>testi-</strong></span> 
     </span>
    </p>
   </div>
   <div class='ocr_carea' id='block_1_21' title="bbox 309 2027 1977 2100">
    <p class='ocr_par' dir='ltr' id='par_1_21' title="bbox 309 2027 1977 2100">
     <span class='ocr_line' id='line_1_21' title="bbox 309 2027 1977 2100; baseline 0.001 -17"><span class='ocrx_word' id='word_1_147' title='bbox 309 2093 316 2098; x_wconf 86' lang='lat'><em>_</em></span> <span class='ocrx_word' id='word_1_148' title='bbox 391 2030 577 2085; x_wconf 88' lang='lat' dir='ltr'><strong>monia</strong></span> <span class='ocrx_word' id='word_1_149' title='bbox 599 2029 668 2085; x_wconf 91' lang='lat' dir='ltr'><strong>de</strong></span> <span class='ocrx_word' id='word_1_150' title='bbox 694 2028 1002 2093; x_wconf 87' lang='lat' dir='ltr'><strong>Salvatore,</strong></span> <span class='ocrx_word' id='word_1_151' title='bbox 1037 2043 1165 2084; x_wconf 92' lang='lat' dir='ltr'><strong>cum</strong></span> <span class='ocrx_word' id='word_1_152' title='bbox 1196 2028 1372 2083; x_wconf 76' lang='lat' dir='ltr'><strong>dixit:</strong></span> <span class='ocrx_word' id='word_1_153' title='bbox 1408 2047 1428 2080; x_wconf 80' lang='grc' dir='ltr'><strong>ι</strong></span> <span class='ocrx_word' id='word_1_154' title='bbox 1449 2027 1573 2084; x_wconf 87' lang='lat' dir='ltr'><strong>Non</strong></span> <span class='ocrx_word' id='word_1_155' title='bbox 1596 2043 1722 2084; x_wconf 90' lang='lat' dir='ltr'><strong>sum</strong></span> <span class='ocrx_word' id='word_1_156' title='bbox 1772 2028 1977 2100; x_wconf 90' lang='lat' dir='ltr'><strong>dignus</strong></span> 
     </span>
    </p>
   </div>
   <div class='ocr_carea' id='block_1_22' title="bbox 391 2118 1975 2191">
    <p class='ocr_par' dir='ltr' id='par_1_22' title="bbox 391 2118 1975 2191">
     <span class='ocr_line' id='line_1_22' title="bbox 391 2118 1975 2191; baseline 0 -17"><span class='ocrx_word' id='word_1_157' title='bbox 391 2122 787 2191; x_wconf 86' lang='lat' dir='ltr'><strong>procumbens,</strong></span> <span class='ocrx_word' id='word_1_158' title='bbox 847 2121 1067 2175; x_wconf 90' lang='lat' dir='ltr'><strong>solvere</strong></span> <span class='ocrx_word' id='word_1_159' title='bbox 1114 2118 1411 2191; x_wconf 79' lang='lat' dir='ltr'><strong>corrigiam</strong></span> <span class='ocrx_word' id='word_1_160' title='bbox 1464 2120 1975 2177; x_wconf 86' lang='lat' dir='ltr'><strong>calceamentorum</strong></span> 
     </span>
    </p>
   </div>
   <div class='ocr_carea' id='block_1_23' title="bbox 391 2210 1978 2285">
    <p class='ocr_par' dir='ltr' id='par_1_23' title="bbox 391 2210 1978 2285">
     <span class='ocr_line' id='line_1_23' title="bbox 391 2210 1978 2285; baseline -0.002 -16"><span class='ocrx_word' id='word_1_161' title='bbox 391 2215 509 2285; x_wconf 88' lang='lat' dir='ltr'><strong>ejus</strong></span> <span class='ocrx_word' id='word_1_162' title='bbox 538 2213 603 2267; x_wconf 72' lang='lat'><strong>“.</strong></span> <span class='ocrx_word' id='word_1_163' title='bbox 631 2231 649 2264; x_wconf 74' lang='grc' dir='ltr'><strong>ι</strong></span> <span class='ocrx_word' id='word_1_164' title='bbox 680 2212 912 2280; x_wconf 91' lang='lat' dir='ltr'><strong>Quando</strong></span> <span class='ocrx_word' id='word_1_165' title='bbox 951 2231 970 2264; x_wconf 77' lang='grc' dir='ltr'><strong>ι</strong></span> <span class='ocrx_word' id='word_1_166' title='bbox 988 2211 1057 2266; x_wconf 84' lang='grc' dir='ltr'>Ει</span> <span class='ocrx_word' id='word_1_167' title='bbox 1089 2211 1158 2267; x_wconf 89' lang='lat' dir='ltr'><strong>de</strong></span> <span class='ocrx_word' id='word_1_168' title='bbox 1193 2210 1546 2281; x_wconf 88' lang='lat' dir='ltr'><strong>plenitudine</strong></span> <span class='ocrx_word' id='word_1_169' title='bbox 1574 2213 1696 2282; x_wconf 87' lang='lat' dir='ltr'><strong>ejus</strong></span> <span class='ocrx_word' id='word_1_170' title='bbox 1726 2227 1829 2266; x_wconf 90' lang='lat' dir='ltr'><strong>nos</strong></span> <span class='ocrx_word' id='word_1_171' title='bbox 1857 2226 1978 2266; x_wconf 89' lang='lat' dir='ltr'><strong>om-</strong></span> 
     </span>
    </p>
   </div>
   <div class='ocr_carea' id='block_1_24' title="bbox 390 2301 1974 2373">
    <p class='ocr_par' dir='ltr' id='par_1_24' title="bbox 390 2301 1974 2373">
     <span class='ocr_line' id='line_1_24' title="bbox 390 2301 1974 2373; baseline -0.001 -15"><span class='ocrx_word' id='word_1_172' title='bbox 390 2318 492 2359; x_wconf 89' lang='lat' dir='ltr'><strong>nes</strong></span> <span class='ocrx_word' id='word_1_173' title='bbox 512 2303 829 2373; x_wconf 88' lang='lat' dir='ltr'><strong>accepimus</strong></span> <span class='ocrx_word' id='word_1_174' title='bbox 852 2303 919 2357; x_wconf 77' lang='lat'><strong>&quot;.</strong></span> <span class='ocrx_word' id='word_1_175' title='bbox 947 2322 965 2354; x_wconf 72' lang='grc' dir='ltr'><strong>ι</strong></span> <span class='ocrx_word' id='word_1_176' title='bbox 1001 2303 1302 2371; x_wconf 85' lang='lat' dir='ltr'><strong>Postquam</strong></span> <span class='ocrx_word' id='word_1_177' title='bbox 1335 2301 1507 2372; x_wconf 90' lang='lat' dir='ltr'><strong>igitur</strong></span> <span class='ocrx_word' id='word_1_178' title='bbox 1531 2310 1588 2357; x_wconf 88' lang='lat' dir='ltr'><strong>et</strong></span> <span class='ocrx_word' id='word_1_179' title='bbox 1636 2302 1809 2358; x_wconf 90' lang='lat' dir='ltr'><strong>David</strong></span> <span class='ocrx_word' id='word_1_180' title='bbox 1842 2317 1974 2372; x_wconf 90' lang='lat' dir='ltr'><strong>pro-</strong></span> 
     </span>
    </p>
   </div>
   <div class='ocr_carea' id='block_1_25' title="bbox 389 2392 1972 2465">
    <p class='ocr_par' dir='ltr' id='par_1_25' title="bbox 389 2392 1972 2465">
     <span class='ocr_line' id='line_1_25' title="bbox 389 2392 1972 2465; baseline -0.002 -16"><span class='ocrx_word' id='word_1_181' title='bbox 389 2394 577 2465; x_wconf 87' lang='lat' dir='ltr'><strong>pheta,</strong></span> <span class='ocrx_word' id='word_1_182' title='bbox 600 2402 658 2449; x_wconf 90' lang='lat' dir='ltr'><strong>et</strong></span> <span class='ocrx_word' id='word_1_183' title='bbox 686 2394 928 2450; x_wconf 89' lang='lat' dir='ltr'><strong>Joannes</strong></span> <span class='ocrx_word' id='word_1_184' title='bbox 960 2394 1100 2463; x_wconf 90' lang='lat' dir='ltr'><strong>ipse,</strong></span> <span class='ocrx_word' id='word_1_185' title='bbox 1136 2393 1550 2463; x_wconf 88' lang='lat' dir='ltr'><strong>comparatione</strong></span> <span class='ocrx_word' id='word_1_186' title='bbox 1579 2393 1775 2465; x_wconf 82' lang='lat' dir='ltr'><strong>majori</strong></span> <span class='ocrx_word' id='word_1_187' title='bbox 1816 2392 1972 2448; x_wconf 82' lang='lat' dir='ltr'><strong>&#39;divi-</strong></span> 
     </span>
    </p>
   </div>
   <div class='ocr_carea' id='block_1_26' title="bbox 384 2484 1974 2557">
    <p class='ocr_par' dir='ltr' id='par_1_26' title="bbox 384 2484 1974 2557">
     <span class='ocr_line' id='line_1_26' title="bbox 384 2484 1974 2557; baseline -0.001 -16"><span class='ocrx_word' id='word_1_188' title='bbox 384 2501 580 2557; x_wconf 65' lang='lat' dir='ltr'><strong>nasque</strong></span> <span class='ocrx_word' id='word_1_189' title='bbox 633 2485 840 2542; x_wconf 89' lang='lat' dir='ltr'><strong>Christi</strong></span> <span class='ocrx_word' id='word_1_190' title='bbox 901 2484 1178 2556; x_wconf 89' lang='lat' dir='ltr'><strong>majestati</strong></span> <span class='ocrx_word' id='word_1_191' title='bbox 1229 2485 1615 2540; x_wconf 89' lang='lat' dir='ltr'><strong>testimonium</strong></span> <span class='ocrx_word' id='word_1_192' title='bbox 1666 2484 1974 2556; x_wconf 87' lang='lat' dir='ltr'><strong>perhibue-</strong></span> 
     </span>
    </p>
   </div>
   <div class='ocr_carea' id='block_1_27' title="bbox 386 2576 1975 2650">
    <p class='ocr_par' dir='ltr' id='par_1_27' title="bbox 386 2576 1975 2650">
     <span class='ocr_line' id='line_1_27' title="bbox 386 2576 1975 2650; baseline -0.001 -17"><span class='ocrx_word' id='word_1_193' title='bbox 386 2586 546 2645; x_wconf 89' lang='lat' dir='ltr'><strong>runt;</strong></span> <span class='ocrx_word' id='word_1_194' title='bbox 590 2579 716 2650; x_wconf 87' lang='lat' dir='ltr'><strong>quis</strong></span> <span class='ocrx_word' id='word_1_195' title='bbox 743 2579 819 2633; x_wconf 86' lang='lat' dir='ltr'><strong>ita</strong></span> <span class='ocrx_word' id='word_1_196' title='bbox 847 2576 1056 2642; x_wconf 83' lang='lat' dir='ltr'><strong>fatuus,</strong></span> <span class='ocrx_word' id='word_1_197' title='bbox 1091 2583 1154 2631; x_wconf 89' lang='lat' dir='ltr'><strong>ut</strong></span> <span class='ocrx_word' id='word_1_198' title='bbox 1205 2576 1476 2631; x_wconf 88' lang='lat' dir='ltr'><strong>adversus</strong></span> <span class='ocrx_word' id='word_1_199' title='bbox 1524 2576 1817 2633; x_wconf 78' lang='lat' dir='ltr'><strong>manifesta</strong></span> <span class='ocrx_word' id='word_1_200' title='bbox 1866 2592 1975 2646; x_wconf 84' lang='lat' dir='ltr'><strong>pu-</strong></span> 
     </span>
    </p>
   </div>
   <div class='ocr_carea' id='block_1_28' title="bbox 383 2667 1978 2741">
    <p class='ocr_par' dir='ltr' id='par_1_28' title="bbox 383 2667 1978 2741">
     <span class='ocr_line' id='line_1_28' title="bbox 383 2667 1978 2741; baseline -0.001 -18"><span class='ocrx_word' id='word_1_201' title='bbox 383 2685 546 2741; x_wconf 82' lang='lat' dir='ltr'><strong>gnam</strong></span> <span class='ocrx_word' id='word_1_202' title='bbox 580 2670 687 2725; x_wconf 89' lang='lat' dir='ltr'><strong>sibi</strong></span> <span class='ocrx_word' id='word_1_203' title='bbox 723 2676 1002 2733; x_wconf 87' lang='lat' dir='ltr'><strong>assumat;</strong></span> <span class='ocrx_word' id='word_1_204' title='bbox 1024 2682 1285 2738; x_wconf 88' lang='lat' dir='ltr'><strong>eumque,</strong></span> <span class='ocrx_word' id='word_1_205' title='bbox 1315 2667 1411 2738; x_wconf 93' lang='lat' dir='ltr'><strong>qui</strong></span> <span class='ocrx_word' id='word_1_206' title='bbox 1450 2667 1603 2723; x_wconf 89' lang='lat' dir='ltr'><strong>velut</strong></span> <span class='ocrx_word' id='word_1_207' title='bbox 1630 2667 1747 2722; x_wconf 81' lang='lat' dir='ltr'><strong>Rex</strong></span> <span class='ocrx_word' id='word_1_208' title='bbox 1789 2673 1848 2721; x_wconf 90' lang='lat' dir='ltr'><strong>et</strong></span> <span class='ocrx_word' id='word_1_209' title='bbox 1876 2682 1978 2721; x_wconf 88' lang='lat' dir='ltr'><strong>au-</strong></span> 
     </span>
    </p>
   </div>
   <div class='ocr_carea' id='block_1_29' title="bbox 383 2758 1974 2829">
    <p class='ocr_par' dir='ltr' id='par_1_29' title="bbox 383 2758 1974 2829">
     <span class='ocr_line' id='line_1_29' title="bbox 383 2758 1974 2829; baseline -0.003 -11"><span class='ocrx_word' id='word_1_210' title='bbox 383 2761 665 2825; x_wconf 84' lang='lat' dir='ltr'><strong>ctoritate,</strong></span> <span class='ocrx_word' id='word_1_211' title='bbox 704 2760 761 2815; x_wconf 92' lang='lat' dir='ltr'><strong>in</strong></span> <span class='ocrx_word' id='word_1_212' title='bbox 795 2774 897 2815; x_wconf 94' lang='lat' dir='ltr'><strong>suo</strong></span> <span class='ocrx_word' id='word_1_213' title='bbox 923 2759 1099 2829; x_wconf 90' lang='lat' dir='ltr'><strong>ipsius</strong></span> <span class='ocrx_word' id='word_1_214' title='bbox 1145 2774 1319 2829; x_wconf 81' lang='lat' dir='ltr'><strong>regno</strong></span> <span class='ocrx_word' id='word_1_215' title='bbox 1362 2758 1661 2815; x_wconf 85' lang='lat' dir='ltr'><strong>stationem</strong></span> <span class='ocrx_word' id='word_1_216' title='bbox 1707 2758 1974 2827; x_wconf 69' lang='lat' dir='ltr'><strong>praebeat,</strong></span> 
     </span>
    </p>
   </div>
   <div class='ocr_carea' id='block_1_30' title="bbox 384 2846 1977 2920">
    <p class='ocr_par' dir='ltr' id='par_1_30' title="bbox 384 2846 1977 2920">
     <span class='ocr_line' id='line_1_30' title="bbox 384 2846 1977 2920; baseline -0.001 -15"><span class='ocrx_word' id='word_1_217' title='bbox 384 2849 795 2920; x_wconf 87' lang='lat' dir='ltr'><strong>accipientibus</strong></span> <span class='ocrx_word' id='word_1_218' title='bbox 823 2855 1076 2919; x_wconf 66' lang='lat' dir='ltr'><strong>exaequet</strong></span> <span class='ocrx_word' id='word_1_219' title='bbox 1108 2856 1274 2919; x_wconf 85' lang='lat' dir='ltr'><strong>atque</strong></span> <span class='ocrx_word' id='word_1_220' title='bbox 1308 2848 1643 2917; x_wconf 78' lang='lat' dir='ltr'><strong>componat?</strong></span> <span class='ocrx_word' id='word_1_221' title='bbox 1700 2846 1977 2904; x_wconf 77' lang='lat' dir='ltr'><strong>Caeterum</strong></span> 
     </span>
    </p>
   </div>
   <div class='ocr_carea' id='block_1_31' title="bbox 381 2937 1957 3009">
    <p class='ocr_par' dir='ltr' id='par_1_31' title="bbox 381 2937 1957 3009">
     <span class='ocr_line' id='line_1_31' title="bbox 381 2937 1957 3009; baseline -0.002 -13"><span class='ocrx_word' id='word_1_222' title='bbox 381 2939 876 2996; x_wconf 88' lang='lat' dir='ltr'><strong>Christianissimis</strong></span> <span class='ocrx_word' id='word_1_223' title='bbox 903 2938 1225 2993; x_wconf 90' lang='lat' dir='ltr'><strong>hominibus</strong></span> <span class='ocrx_word' id='word_1_224' title='bbox 1244 2938 1458 3004; x_wconf 89' lang='lat' dir='ltr'><strong>dico,ut</strong></span> <span class='ocrx_word' id='word_1_225' title='bbox 1482 2937 1552 2992; x_wconf 92' lang='lat' dir='ltr'><strong>de</strong></span> <span class='ocrx_word' id='word_1_226' title='bbox 1587 2938 1655 2994; x_wconf 90' lang='lat' dir='ltr'><strong>iis</strong></span> <span class='ocrx_word' id='word_1_227' title='bbox 1680 2954 1804 3009; x_wconf 70' lang='lat' dir='ltr'><strong>qua:</strong></span> <span class='ocrx_word' id='word_1_228' title='bbox 1827 2940 1957 2994; x_wconf 83' lang='lat' dir='ltr'><strong>uni-</strong></span> 
     </span>
    </p>
   </div>
   <div class='ocr_carea' id='block_1_32' title="bbox 385 3030 1982 3100">
    <p class='ocr_par' dir='ltr' id='par_1_32' title="bbox 385 3030 1982 3100">
     <span class='ocr_line' id='line_1_32' title="bbox 385 3030 1982 3100; baseline 0.001 -15"><span class='ocrx_word' id='word_1_229' title='bbox 385 3047 548 3087; x_wconf 88' lang='lat' dir='ltr'><strong>versa</strong></span> <span class='ocrx_word' id='word_1_230' title='bbox 566 3039 906 3100; x_wconf 78' lang='lat' dir='ltr'><strong>exsuperant</strong></span> <span class='ocrx_word' id='word_1_231' title='bbox 929 3038 987 3086; x_wconf 90' lang='lat' dir='ltr'><strong>et</strong></span> <span class='ocrx_word' id='word_1_232' title='bbox 1013 3042 1140 3085; x_wconf 92' lang='lat' dir='ltr'><strong>sunt</strong></span> <span class='ocrx_word' id='word_1_233' title='bbox 1162 3030 1581 3095; x_wconf 89' lang='lat' dir='ltr'><strong>incnarrabilia,</strong></span> <span class='ocrx_word' id='word_1_234' title='bbox 1609 3030 1740 3085; x_wconf 89' lang='lat' dir='ltr'><strong>talia</strong></span> <span class='ocrx_word' id='word_1_235' title='bbox 1762 3031 1982 3100; x_wconf 88' lang='lat' dir='ltr'><strong>sapiant</strong></span> 
     </span>
    </p>
   </div>
   <div class='ocr_carea' id='block_1_33' title="bbox 385 3121 1983 3193">
    <p class='ocr_par' dir='ltr' id='par_1_33' title="bbox 385 3121 1983 3193">
     <span class='ocr_line' id='line_1_33' title="bbox 385 3121 1983 3193; baseline 0.001 -16"><span class='ocrx_word' id='word_1_236' title='bbox 385 3122 762 3191; x_wconf 88' lang='lat' dir='ltr'><strong>sentiantque.</strong></span> <span class='ocrx_word' id='word_1_237' title='bbox 803 3140 821 3173; x_wconf 78' lang='grc' dir='ltr'><strong>ι</strong></span> <span class='ocrx_word' id='word_1_238' title='bbox 843 3121 984 3177; x_wconf 87' lang='lat' dir='ltr'><strong>Nam</strong></span> <span class='ocrx_word' id='word_1_239' title='bbox 1009 3136 1113 3176; x_wconf 91' lang='lat' dir='ltr'><strong>nec</strong></span> <span class='ocrx_word' id='word_1_240' title='bbox 1132 3121 1503 3193; x_wconf 83' lang='lat' dir='ltr'><strong>gloriﬁcalum</strong></span> <span class='ocrx_word' id='word_1_241' title='bbox 1554 3130 1661 3187; x_wconf 89' lang='lat' dir='ltr'><strong>est,</strong></span> <span class='ocrx_word' id='word_1_242' title='bbox 1695 3124 1843 3193; x_wconf 88' lang='lat' dir='ltr'><strong>quod</strong></span> <span class='ocrx_word' id='word_1_243' title='bbox 1872 3124 1983 3179; x_wconf 91' lang='lat' dir='ltr'><strong>cla-</strong></span> 
     </span>
    </p>
   </div>
   <div class='ocr_carea' id='block_1_34' title="bbox 2079 664 3662 738">
    <p class='ocr_par' dir='ltr' id='par_1_34' title="bbox 2079 664 3662 738">
     <span class='ocr_line' id='line_1_34' title="bbox 2079 664 3662 738; baseline 0.001 -18"><span class='ocrx_word' id='word_1_244' title='bbox 2079 668 2168 720; x_wconf 77' lang='grc' dir='ltr'>καὶ</span> <span class='ocrx_word' id='word_1_245' title='bbox 2197 667 2352 731; x_wconf 72' lang='grc' dir='ltr'>θεοὺς</span> <span class='ocrx_word' id='word_1_246' title='bbox 2391 666 2754 738; x_wconf 81' lang='grc' dir='ltr'>ἀνεκήρυξεν·</span> <span class='ocrx_word' id='word_1_247' title='bbox 2797 666 2873 728; x_wconf 81' lang='grc' dir='ltr'>ὼς</span> <span class='ocrx_word' id='word_1_248' title='bbox 2917 665 3011 720; x_wconf 75' lang='grc' dir='ltr'>καὶ</span> <span class='ocrx_word' id='word_1_249' title='bbox 3064 664 3274 728; x_wconf 81' lang='grc' dir='ltr'>Παῦλος</span> <span class='ocrx_word' id='word_1_250' title='bbox 3316 666 3662 737; x_wconf 79' lang='grc' dir='ltr'>γεγράφηκε.</span> 
     </span>
    </p>
   </div>
   <div class='ocr_carea' id='block_1_35' title="bbox 2075 755 3663 829">
    <p class='ocr_par' dir='ltr' id='par_1_35' title="bbox 2075 755 3663 829">
     <span class='ocr_line' id='line_1_35' title="bbox 2075 755 3663 829; baseline -0.001 -17"><span class='ocrx_word' id='word_1_251' title='bbox 2075 759 2313 828; x_wconf 79' lang='grc' dir='ltr'>Χριστὸς</span> <span class='ocrx_word' id='word_1_252' title='bbox 2362 761 2545 813; x_wconf 79' lang='grc' dir='ltr'><strong>τοίνυν</strong></span> <span class='ocrx_word' id='word_1_253' title='bbox 2595 762 2624 813; x_wconf 89' lang='grc' dir='ltr'>ὁ</span> <span class='ocrx_word' id='word_1_254' title='bbox 2662 757 2864 829; x_wconf 82' lang='grc' dir='ltr'>Κύριος</span> <span class='ocrx_word' id='word_1_255' title='bbox 2910 756 3100 828; x_wconf 80' lang='grc' dir='ltr'>ἡμῶν,</span> <span class='ocrx_word' id='word_1_256' title='bbox 3152 756 3215 810; x_wconf 74' lang='grc' dir='ltr'>οὐ</span> <span class='ocrx_word' id='word_1_257' title='bbox 3272 755 3431 827; x_wconf 89' lang='grc' dir='ltr'>μόνον</span> <span class='ocrx_word' id='word_1_258' title='bbox 3477 757 3663 823; x_wconf 70' lang='grc' dir='ltr'>καθὼ(</span> 
     </span>
    </p>
   </div>
   <div class='ocr_carea' id='block_1_36' title="bbox 2075 844 3652 919">
    <p class='ocr_par' dir='ltr' id='par_1_36' title="bbox 2075 844 3652 919">
     <span class='ocr_line' id='line_1_36' title="bbox 2075 844 3652 919; baseline -0.003 -15"><span class='ocrx_word' id='word_1_259' title='bbox 2075 850 2208 913; x_wconf 90' lang='grc' dir='ltr'>Θεός</span> <span class='ocrx_word' id='word_1_260' title='bbox 2247 852 2385 916; x_wconf 79' lang='grc' dir='ltr'>ἐστι,</span> <span class='ocrx_word' id='word_1_261' title='bbox 2419 848 2638 905; x_wconf 83' lang='grc' dir='ltr'>πάντων</span> <span class='ocrx_word' id='word_1_262' title='bbox 2670 848 3013 919; x_wconf 73' lang='grc' dir='ltr'><strong>ὑπέρκειται,</strong></span> <span class='ocrx_word' id='word_1_263' title='bbox 3053 846 3190 899; x_wconf 87' lang='grc' dir='ltr'><strong>ἀλλά</strong></span> <span class='ocrx_word' id='word_1_264' title='bbox 3229 845 3325 898; x_wconf 80' lang='grc' dir='ltr'>καὶ</span> <span class='ocrx_word' id='word_1_265' title='bbox 3356 844 3538 909; x_wconf 79' lang='grc' dir='ltr'>καθὼς</span> <span class='ocrx_word' id='word_1_266' title='bbox 3565 846 3652 900; x_wconf 79' lang='grc' dir='ltr'><strong>ἄν·</strong></span> 
     </span>
    </p>
   </div>
   <div class='ocr_carea' id='block_1_37' title="bbox 2076 936 3663 1016">
    <p class='ocr_par' dir='ltr' id='par_1_37' title="bbox 2076 936 3663 1016">
     <span class='ocr_line' id='line_1_37' title="bbox 2076 936 3663 1016; baseline -0.006 -19"><span class='ocrx_word' id='word_1_267' title='bbox 2076 943 2293 1016; x_wconf 80' lang='grc' dir='ltr'>Θρωπος</span> <span class='ocrx_word' id='word_1_268' title='bbox 2353 941 2568 1012; x_wconf 82' lang='grc' dir='ltr'>γέγονε.</span> <span class='ocrx_word' id='word_1_269' title='bbox 2618 940 2710 994; x_wconf 84' lang='grc' dir='ltr'><strong>Διὸ</strong></span> <span class='ocrx_word' id='word_1_270' title='bbox 2758 940 3071 1010; x_wconf 87' lang='grc' dir='ltr'>γέγραπται</span> <span class='ocrx_word' id='word_1_271' title='bbox 3125 936 3220 990; x_wconf 79' lang='grc' dir='ltr'>καὶ</span> <span class='ocrx_word' id='word_1_272' title='bbox 3263 936 3443 989; x_wconf 78' lang='grc' dir='ltr'>τοῦτο’</span> <span class='ocrx_word' id='word_1_273' title='bbox 3505 956 3525 990; x_wconf 81' lang='grc' dir='ltr'><strong>ι</strong></span> <span class='ocrx_word' id='word_1_274' title='bbox 3564 938 3663 1001; x_wconf 89' lang='grc' dir='ltr'>Τίς</span> 
     </span>
    </p>
   </div>
   <div class='ocr_carea' id='block_1_38' title="bbox 2075 1028 3667 1105">
    <p class='ocr_par' dir='ltr' id='par_1_38' title="bbox 2075 1028 3667 1105">
     <span class='ocr_line' id='line_1_38' title="bbox 2075 1028 3667 1105; baseline -0.005 -16"><span class='ocrx_word' id='word_1_275' title='bbox 2075 1036 2258 1105; x_wconf 76' lang='grc' dir='ltr'>ὅμοιός</span> <span class='ocrx_word' id='word_1_276' title='bbox 2294 1051 2379 1089; x_wconf 90' lang='grc' dir='ltr'><strong>σοι</strong></span> <span class='ocrx_word' id='word_1_277' title='bbox 2410 1036 2469 1089; x_wconf 72' lang='grc' dir='ltr'><strong>ιν</strong></span> <span class='ocrx_word' id='word_1_278' title='bbox 2497 1033 2660 1097; x_wconf 82' lang='grc' dir='ltr'>θεοῖς,</span> <span class='ocrx_word' id='word_1_279' title='bbox 2679 1031 2910 1102; x_wconf 75' lang='grc' dir='ltr'>Κύριε.»</span> <span class='ocrx_word' id='word_1_280' title='bbox 2932 1029 3055 1094; x_wconf 88' lang='grc' dir='ltr'>Πῶς</span> <span class='ocrx_word' id='word_1_281' title='bbox 3085 1028 3195 1100; x_wconf 83' lang='grc' dir='ltr'><strong>γὰρ</strong></span> <span class='ocrx_word' id='word_1_282' title='bbox 3223 1028 3667 1094; x_wconf 81' lang='grc' dir='ltr'>συνουσιαστικὺς</span> 
     </span>
    </p>
   </div>
   <div class='ocr_carea' id='block_1_39' title="bbox 2074 1118 3667 1197">
    <p class='ocr_par' dir='ltr' id='par_1_39' title="bbox 2074 1118 3667 1197">
     <span class='ocr_line' id='line_1_39' title="bbox 2074 1118 3667 1197; baseline -0.005 -17"><span class='ocrx_word' id='word_1_283' title='bbox 2074 1126 2235 1190; x_wconf 80' lang='grc' dir='ltr'><strong><em>τόκος</em></strong></span> <span class='ocrx_word' id='word_1_284' title='bbox 2265 1123 2584 1197; x_wconf 85' lang='grc' dir='ltr'>παρθενικῷ</span> <span class='ocrx_word' id='word_1_285' title='bbox 2619 1120 3048 1192; x_wconf 81' lang='grc' dir='ltr'>συγκριοήσεται</span> <span class='ocrx_word' id='word_1_286' title='bbox 3076 1119 3257 1190; x_wconf 85' lang='grc' dir='ltr'>τόκῳ;</span> <span class='ocrx_word' id='word_1_287' title='bbox 3301 1118 3397 1174; x_wconf 81' lang='grc' dir='ltr'>καὶ</span> <span class='ocrx_word' id='word_1_288' title='bbox 3425 1119 3543 1183; x_wconf 89' lang='grc' dir='ltr'><strong>πῶς</strong></span> <span class='ocrx_word' id='word_1_289' title='bbox 3567 1120 3667 1174; x_wconf 79' lang='grc' dir='ltr'><strong>ἄν·</strong></span> 
     </span>
    </p>
   </div>
   <div class='ocr_carea' id='block_1_40' title="bbox 2078 1209 3669 1289">
    <p class='ocr_par' dir='ltr' id='par_1_40' title="bbox 2078 1209 3669 1289">
     <span class='ocr_line' id='line_1_40' title="bbox 2078 1209 3669 1289; baseline -0.005 -18"><span class='ocrx_word' id='word_1_290' title='bbox 2078 1218 2296 1289; x_wconf 87' lang='grc' dir='ltr'>θρωπος</span> <span class='ocrx_word' id='word_1_291' title='bbox 2324 1218 2500 1288; x_wconf 75' lang='grc' dir='ltr'>ψιλὸς,</span> <span class='ocrx_word' id='word_1_292' title='bbox 2524 1218 2559 1289; x_wconf 85' lang='grc' dir='ltr'>ἦ</span> <span class='ocrx_word' id='word_1_293' title='bbox 2596 1216 2692 1271; x_wconf 71' lang='grc' dir='ltr'>καὶ</span> <span class='ocrx_word' id='word_1_294' title='bbox 2727 1214 2849 1278; x_wconf 78' lang='grc' dir='ltr'>θεὸς</span> <span class='ocrx_word' id='word_1_295' title='bbox 2870 1213 2938 1267; x_wconf 81' lang='grc' dir='ltr'>δι’</span> <span class='ocrx_word' id='word_1_296' title='bbox 2969 1212 3178 1284; x_wconf 85' lang='grc' dir='ltr'>ἀρετὴν</span> <span class='ocrx_word' id='word_1_297' title='bbox 3203 1211 3348 1266; x_wconf 89' lang='grc' dir='ltr'><strong>κατά</strong></span> <span class='ocrx_word' id='word_1_298' title='bbox 3375 1210 3556 1282; x_wconf 83' lang='grc' dir='ltr'>χάριν,</span> <span class='ocrx_word' id='word_1_299' title='bbox 3585 1209 3669 1274; x_wconf 80' lang='grc' dir='ltr'><strong>ὡς</strong></span> 
     </span>
    </p>
   </div>
   <div class='ocr_carea' id='block_1_41' title="bbox 2076 1302 3667 1381">
    <p class='ocr_par' dir='ltr' id='par_1_41' title="bbox 2076 1302 3667 1381">
     <span class='ocr_line' id='line_1_41' title="bbox 2076 1302 3667 1381; baseline -0.009 -14"><span class='ocrx_word' id='word_1_300' title='bbox 2076 1311 2320 1381; x_wconf 84' lang='grc' dir='ltr'><strong>Μωῦσῆς</strong></span> <span class='ocrx_word' id='word_1_301' title='bbox 2350 1311 2465 1381; x_wconf 88' lang='grc'><strong>(90)</strong></span> <span class='ocrx_word' id='word_1_302' title='bbox 2495 1310 2771 1380; x_wconf 76' lang='grc' dir='ltr'>ὠνόμασε,</span> <span class='ocrx_word' id='word_1_303' title='bbox 2809 1307 2930 1378; x_wconf 84' lang='grc' dir='ltr'><strong>Θεῷ</strong></span> <span class='ocrx_word' id='word_1_304' title='bbox 2955 1303 3200 1377; x_wconf 68' lang='grc' dir='ltr'>ἀληθινῷ</span> <span class='ocrx_word' id='word_1_305' title='bbox 3237 1303 3328 1358; x_wconf 78' lang='grc' dir='ltr'>διὰ</span> <span class='ocrx_word' id='word_1_306' title='bbox 3355 1302 3667 1374; x_wconf 83' lang='grc' dir='ltr'>φιλανθρω-</span> 
     </span>
    </p>
   </div>
   <div class='ocr_carea' id='block_1_42' title="bbox 2078 1393 3669 1474">
    <p class='ocr_par' dir='ltr' id='par_1_42' title="bbox 2078 1393 3669 1474">
     <span class='ocr_line' id='line_1_42' title="bbox 2078 1393 3669 1474; baseline -0.007 -17"><span class='ocrx_word' id='word_1_307' title='bbox 2078 1404 2208 1457; x_wconf 87' lang='grc' dir='ltr'>πίαν</span> <span class='ocrx_word' id='word_1_308' title='bbox 2251 1401 2590 1474; x_wconf 83' lang='grc' dir='ltr'>σαρκωθέντι</span> <span class='ocrx_word' id='word_1_309' title='bbox 2621 1399 2973 1471; x_wconf 79' lang='grc' dir='ltr'>ἀμεταδόλως</span> <span class='ocrx_word' id='word_1_310' title='bbox 3006 1398 3116 1468; x_wconf 77' lang='lat' dir='ltr'><strong>(9i)</strong></span> <span class='ocrx_word' id='word_1_311' title='bbox 3150 1393 3669 1467; x_wconf 75' lang='grc' dir='ltr'>συγχαρακτηρίζε-</span> 
     </span>
    </p>
   </div>
   <div class='ocr_carea' id='block_1_43' title="bbox 2076 1487 3669 1564">
    <p class='ocr_par' dir='ltr' id='par_1_43' title="bbox 2076 1487 3669 1564">
     <span class='ocr_line' id='line_1_43' title="bbox 2076 1487 3669 1564; baseline -0.005 -16"><span class='ocrx_word' id='word_1_312' title='bbox 2076 1510 2203 1559; x_wconf 87' lang='grc' dir='ltr'>ται;</span> <span class='ocrx_word' id='word_1_313' title='bbox 2234 1496 2300 1547; x_wconf 88' lang='grc' dir='ltr'><em>Ὃ</em></span> <span class='ocrx_word' id='word_1_314' title='bbox 2333 1493 2399 1562; x_wconf 87' lang='grc' dir='ltr'>δὴ</span> <span class='ocrx_word' id='word_1_315' title='bbox 2430 1492 2524 1547; x_wconf 84' lang='grc' dir='ltr'><strong>καί</strong></span> <span class='ocrx_word' id='word_1_316' title='bbox 2551 1509 2686 1564; x_wconf 88' lang='grc' dir='ltr'>φησι</span> <span class='ocrx_word' id='word_1_317' title='bbox 2713 1491 2801 1545; x_wconf 88' lang='grc' dir='ltr'><strong>διά</strong></span> <span class='ocrx_word' id='word_1_318' title='bbox 2835 1490 2930 1545; x_wconf 89' lang='grc' dir='ltr'>τοῦ</span> <span class='ocrx_word' id='word_1_319' title='bbox 2956 1490 3262 1562; x_wconf 86' lang='grc' dir='ltr'>προφήτου·</span> <span class='ocrx_word' id='word_1_320' title='bbox 3294 1508 3313 1541; x_wconf 84' lang='grc' dir='ltr'><strong>ι</strong></span> <span class='ocrx_word' id='word_1_321' title='bbox 3361 1488 3451 1551; x_wconf 79' lang='grc' dir='ltr'>Ὦς</span> <span class='ocrx_word' id='word_1_322' title='bbox 3470 1487 3669 1557; x_wconf 77' lang='grc' dir='ltr'><strong>ἀπέχει</strong></span> 
     </span>
    </p>
   </div>
   <div class='ocr_carea' id='block_1_44' title="bbox 2077 1577 3668 1655">
    <p class='ocr_par' dir='ltr' id='par_1_44' title="bbox 2077 1577 3668 1655">
     <span class='ocr_line' id='line_1_44' title="bbox 2077 1577 3668 1655; baseline -0.006 -17"><span class='ocrx_word' id='word_1_323' title='bbox 2077 1587 2107 1639; x_wconf 97' lang='lat'><strong>6</strong></span> <span class='ocrx_word' id='word_1_324' title='bbox 2137 1583 2367 1655; x_wconf 78' lang='grc' dir='ltr'>οὐρανὸς</span> <span class='ocrx_word' id='word_1_325' title='bbox 2393 1583 2504 1637; x_wconf 82' lang='grc' dir='ltr'>ἀπὸ</span> <span class='ocrx_word' id='word_1_326' title='bbox 2531 1585 2630 1654; x_wconf 83' lang='grc' dir='ltr'><strong>τῆς</strong></span> <span class='ocrx_word' id='word_1_327' title='bbox 2650 1585 2775 1653; x_wconf 76' lang='grc' dir='ltr'><strong>γῆς,</strong></span> <span class='ocrx_word' id='word_1_328' title='bbox 2799 1579 2974 1644; x_wconf 79' lang='grc' dir='ltr'>οὕτως</span> <span class='ocrx_word' id='word_1_329' title='bbox 2996 1582 3292 1648; x_wconf 81' lang='grc' dir='ltr'><strong>ἀπέχουσιν</strong></span> <span class='ocrx_word' id='word_1_330' title='bbox 3326 1579 3384 1631; x_wconf 77' lang='lat' dir='ltr'><strong>ai</strong></span> <span class='ocrx_word' id='word_1_331' title='bbox 3414 1577 3526 1630; x_wconf 86' lang='grc' dir='ltr'>ὁδοί</span> <span class='ocrx_word' id='word_1_332' title='bbox 3560 1594 3668 1646; x_wconf 87' lang='grc' dir='ltr'><strong>μου</strong></span> 
     </span>
    </p>
   </div>
   <div class='ocr_carea' id='block_1_45' title="bbox 2079 1667 3671 1744">
    <p class='ocr_par' dir='ltr' id='par_1_45' title="bbox 2079 1667 3671 1744">
     <span class='ocr_line' id='line_1_45' title="bbox 2079 1667 3671 1744; baseline -0.007 -14"><span class='ocrx_word' id='word_1_333' title='bbox 2079 1675 2189 1730; x_wconf 78' lang='grc' dir='ltr'>ἀπὸ</span> <span class='ocrx_word' id='word_1_334' title='bbox 2217 1674 2325 1729; x_wconf 85' lang='grc' dir='ltr'>τῶν</span> <span class='ocrx_word' id='word_1_335' title='bbox 2345 1673 2480 1728; x_wconf 83' lang='grc' dir='ltr'>ὁδῶν</span> <span class='ocrx_word' id='word_1_336' title='bbox 2500 1673 2675 1744; x_wconf 82' lang='grc' dir='ltr'>ὑμῶν.</span> <span class='ocrx_word' id='word_1_337' title='bbox 2703 1692 2824 1726; x_wconf 68' lang='grc' dir='ltr'>ι-ι</span> <span class='ocrx_word' id='word_1_338' title='bbox 2858 1672 3170 1739; x_wconf 74' lang='grc' dir='ltr'><strong>Κεφάλαιον</strong></span> <span class='ocrx_word' id='word_1_339' title='bbox 3191 1670 3246 1723; x_wconf 80' lang='grc' dir='ltr'>δὲ</span> <span class='ocrx_word' id='word_1_340' title='bbox 3273 1670 3367 1723; x_wconf 86' lang='grc' dir='ltr'>καὶ</span> <span class='ocrx_word' id='word_1_341' title='bbox 3385 1667 3547 1721; x_wconf 85' lang='grc' dir='ltr'>τοῦτο</span> <span class='ocrx_word' id='word_1_342' title='bbox 3570 1667 3671 1719; x_wconf 73' lang='grc' dir='ltr'><strong>ἐπὶ</strong></span> 
     </span>
    </p>
   </div>
   <div class='ocr_carea' id='block_1_46' title="bbox 2077 1756 3669 1836">
    <p class='ocr_par' dir='ltr' id='par_1_46' title="bbox 2077 1756 3669 1836">
     <span class='ocr_line' id='line_1_46' title="bbox 2077 1756 3669 1836; baseline -0.006 -17"><span class='ocrx_word' id='word_1_343' title='bbox 2077 1769 2191 1830; x_wconf 87' lang='grc' dir='ltr'>τοῖς</span> <span class='ocrx_word' id='word_1_344' title='bbox 2216 1766 2550 1836; x_wconf 77' lang='grc' dir='ltr'><strong>λεγομένοις·</strong></span> <span class='ocrx_word' id='word_1_345' title='bbox 2591 1780 2614 1817; x_wconf 73' lang='grc' dir='ltr'><strong>ι</strong></span> <span class='ocrx_word' id='word_1_346' title='bbox 2665 1764 2762 1817; x_wconf 75' lang='grc' dir='ltr'>καὶ</span> <span class='ocrx_word' id='word_1_347' title='bbox 2807 1763 2862 1816; x_wconf 88' lang='grc' dir='ltr'><strong>αί</strong></span> <span class='ocrx_word' id='word_1_348' title='bbox 2910 1762 3004 1814; x_wconf 84' lang='grc' dir='ltr'><strong>τοῦ</strong></span> <span class='ocrx_word' id='word_1_349' title='bbox 3060 1758 3366 1815; x_wconf 85' lang='grc' dir='ltr'>Βαπτιστοῦ</span> <span class='ocrx_word' id='word_1_350' title='bbox 3401 1757 3526 1829; x_wconf 77' lang='grc' dir='ltr'>περὶ</span> <span class='ocrx_word' id='word_1_351' title='bbox 3572 1756 3669 1810; x_wconf 91' lang='grc' dir='ltr'>τοῦ</span> 
     </span>
    </p>
   </div>
   <div class='ocr_carea' id='block_1_47' title="bbox 2081 1848 3671 1929">
    <p class='ocr_par' dir='ltr' id='par_1_47' title="bbox 2081 1848 3671 1929">
     <span class='ocr_line' id='line_1_47' title="bbox 2081 1848 3671 1929; baseline -0.007 -18"><span class='ocrx_word' id='word_1_352' title='bbox 2081 1860 2332 1929; x_wconf 79' lang='grc' dir='ltr'>Σωτῆρος</span> <span class='ocrx_word' id='word_1_353' title='bbox 2379 1856 2719 1927; x_wconf 78' lang='grc' dir='ltr'><strong>μαρτυρίαι,</strong></span> <span class='ocrx_word' id='word_1_354' title='bbox 2767 1856 2824 1908; x_wconf 83' lang='grc' dir='ltr'><strong>ὲν</strong></span> <span class='ocrx_word' id='word_1_355' title='bbox 2875 1848 2963 1916; x_wconf 72' lang='grc' dir='ltr'>αἷς</span> <span class='ocrx_word' id='word_1_356' title='bbox 3017 1852 3262 1922; x_wconf 60' lang='grc' dir='ltr'>εἴρηκεν</span> <span class='ocrx_word' id='word_1_357' title='bbox 3306 1868 3326 1901; x_wconf 79' lang='grc' dir='ltr'><strong>ι</strong></span> <span class='ocrx_word' id='word_1_358' title='bbox 3385 1851 3501 1901; x_wconf 79' lang='grc' dir='ltr'><strong>Οὐκ</strong></span> <span class='ocrx_word' id='word_1_359' title='bbox 3550 1848 3671 1918; x_wconf 80' lang='grc' dir='ltr'>είμὶ</span> 
     </span>
    </p>
   </div>
   <div class='ocr_carea' id='block_1_48' title="bbox 2008 1926 3666 2014">
    <p class='ocr_par' dir='ltr' id='par_1_48' title="bbox 2008 1926 3666 2014">
     <span class='ocr_line' id='line_1_48' title="bbox 2008 1926 3666 2014; baseline -0.005 -15"><span class='ocrx_word' id='word_1_360' title='bbox 2008 1926 2049 1980; x_wconf 69' lang='grc' dir='ltr'><strong>Β</strong></span> <span class='ocrx_word' id='word_1_361' title='bbox 2074 1926 2258 2009; x_wconf 56' lang='grc' dir='ltr'>ἱκανός</span> <span class='ocrx_word' id='word_1_362' title='bbox 2297 1926 2497 2014; x_wconf 77' lang='grc' dir='ltr'>κύψας,</span> <span class='ocrx_word' id='word_1_363' title='bbox 2527 1944 2617 1998; x_wconf 75' lang='grc' dir='ltr'><strong>τὸν</strong></span> <span class='ocrx_word' id='word_1_364' title='bbox 2654 1944 2853 2014; x_wconf 76' lang='grc' dir='ltr'>ἱμάντα</span> <span class='ocrx_word' id='word_1_365' title='bbox 2902 1942 2997 1996; x_wconf 81' lang='grc' dir='ltr'><strong>τοῦ</strong></span> <span class='ocrx_word' id='word_1_366' title='bbox 3037 1940 3382 2010; x_wconf 74' lang='grc' dir='ltr'><strong>ὑποδήματος</strong></span> <span class='ocrx_word' id='word_1_367' title='bbox 3432 1937 3618 1990; x_wconf 84' lang='grc' dir='ltr'>λῦσαι.</span> <span class='ocrx_word' id='word_1_368' title='bbox 3646 1958 3666 1990; x_wconf 78' lang='grc' dir='ltr'><strong>ι</strong></span> 
     </span>
    </p>
   </div>
   <div class='ocr_carea' id='block_1_49' title="bbox 2094 2031 3672 2105">
    <p class='ocr_par' dir='ltr' id='par_1_49' title="bbox 2094 2031 3672 2105">
     <span class='ocr_line' id='line_1_49' title="bbox 2094 2031 3672 2105; baseline -0.005 -16"><span class='ocrx_word' id='word_1_369' title='bbox 2094 2035 2247 2089; x_wconf 78' lang='grc' dir='ltr'>Ἐπεὶ</span> <span class='ocrx_word' id='word_1_370' title='bbox 2292 2036 2350 2089; x_wconf 79' lang='grc' dir='ltr'>δὲ</span> <span class='ocrx_word' id='word_1_371' title='bbox 2396 2056 2415 2087; x_wconf 86' lang='grc'><strong>‹</strong></span> <span class='ocrx_word' id='word_1_372' title='bbox 2446 2038 2511 2090; x_wconf 84' lang='grc' dir='ltr'>ὲκ</span> <span class='ocrx_word' id='word_1_373' title='bbox 2540 2035 2634 2089; x_wconf 88' lang='grc' dir='ltr'><strong>τοῦ</strong></span> <span class='ocrx_word' id='word_1_374' title='bbox 2682 2033 3049 2105; x_wconf 80' lang='grc' dir='ltr'><strong>πληρώματος</strong></span> <span class='ocrx_word' id='word_1_375' title='bbox 3083 2031 3247 2086; x_wconf 78' lang='grc' dir='ltr'>αὑτοῦ</span> <span class='ocrx_word' id='word_1_376' title='bbox 3279 2033 3439 2102; x_wconf 81' lang='grc' dir='ltr'><strong>ἡμεῖς</strong></span> <span class='ocrx_word' id='word_1_377' title='bbox 3472 2031 3672 2091; x_wconf 80' lang='grc' dir='ltr'>πάντες</span> 
     </span>
    </p>
   </div>
   <div class='ocr_carea' id='block_1_50' title="bbox 2082 2120 3676 2198">
    <p class='ocr_par' dir='ltr' id='par_1_50' title="bbox 2082 2120 3676 2198">
     <span class='ocr_line' id='line_1_50' title="bbox 2082 2120 3676 2198; baseline -0.003 -19"><span class='ocrx_word' id='word_1_378' title='bbox 2082 2126 2368 2198; x_wconf 75' lang='grc' dir='ltr'>ἐλάϐομεν·</span> <span class='ocrx_word' id='word_1_379' title='bbox 2408 2144 2428 2178; x_wconf 74' lang='grc' dir='ltr'><strong>ι</strong></span> <span class='ocrx_word' id='word_1_380' title='bbox 2457 2127 2619 2180; x_wconf 82' lang='grc' dir='ltr'><strong>ὁπότε</strong></span> <span class='ocrx_word' id='word_1_381' title='bbox 2647 2127 2777 2195; x_wconf 85' lang='grc' dir='ltr'>γοῦν</span> <span class='ocrx_word' id='word_1_382' title='bbox 2827 2126 2922 2179; x_wconf 79' lang='grc' dir='ltr'>καὶ</span> <span class='ocrx_word' id='word_1_383' title='bbox 2986 2123 3152 2177; x_wconf 77' lang='grc' dir='ltr'>Δαϐὶδ</span> <span class='ocrx_word' id='word_1_384' title='bbox 3187 2126 3216 2178; x_wconf 83' lang='grc' dir='ltr'>ὁ</span> <span class='ocrx_word' id='word_1_385' title='bbox 3259 2124 3548 2194; x_wconf 79' lang='grc' dir='ltr'><strong>προφήτης</strong></span> <span class='ocrx_word' id='word_1_386' title='bbox 3576 2120 3676 2174; x_wconf 74' lang='grc' dir='ltr'>καὶ</span> 
     </span>
    </p>
   </div>
   <div class='ocr_carea' id='block_1_51' title="bbox 2082 2213 3675 2291">
    <p class='ocr_par' dir='ltr' id='par_1_51' title="bbox 2082 2213 3675 2291">
     <span class='ocr_line' id='line_1_51' title="bbox 2082 2213 3675 2291; baseline -0.004 -19"><span class='ocrx_word' id='word_1_387' title='bbox 2082 2218 2243 2280; x_wconf 73' lang='grc' dir='ltr'>αὐτὸς</span> <span class='ocrx_word' id='word_1_388' title='bbox 2299 2219 2549 2289; x_wconf 86' lang='grc' dir='ltr'><strong>Ἰωάννης</strong></span> <span class='ocrx_word' id='word_1_389' title='bbox 2583 2220 3044 2291; x_wconf 87' lang='grc' dir='ltr'>μεμαρτυρήκασι</span> <span class='ocrx_word' id='word_1_390' title='bbox 3104 2219 3169 2287; x_wconf 75' lang='grc' dir='ltr'><strong>τῇ</strong></span> <span class='ocrx_word' id='word_1_391' title='bbox 3214 2214 3533 2286; x_wconf 82' lang='grc' dir='ltr'>ἀσυγκρίτῳ</span> <span class='ocrx_word' id='word_1_392' title='bbox 3575 2213 3675 2266; x_wconf 76' lang='grc' dir='ltr'>καὶ</span> 
     </span>
    </p>
   </div>
   <div class='ocr_carea' id='block_1_52' title="bbox 2084 2304 3673 2382">
    <p class='ocr_par' dir='ltr' id='par_1_52' title="bbox 2084 2304 3673 2382">
     <span class='ocr_line' id='line_1_52' title="bbox 2084 2304 3673 2382; baseline -0.006 -18"><span class='ocrx_word' id='word_1_393' title='bbox 2084 2310 2242 2382; x_wconf 82' lang='grc' dir='ltr'>Θεῖκῇ</span> <span class='ocrx_word' id='word_1_394' title='bbox 2289 2309 2383 2364; x_wconf 88' lang='grc' dir='ltr'><strong>τοῦ</strong></span> <span class='ocrx_word' id='word_1_395' title='bbox 2442 2310 2684 2381; x_wconf 80' lang='grc' dir='ltr'>Χριστοῦ</span> <span class='ocrx_word' id='word_1_396' title='bbox 2746 2308 3149 2381; x_wconf 84' lang='grc' dir='ltr'><strong>μεγαλειότητι·</strong></span> <span class='ocrx_word' id='word_1_397' title='bbox 3213 2306 3299 2369; x_wconf 85' lang='grc' dir='ltr'><strong>τίς</strong></span> <span class='ocrx_word' id='word_1_398' title='bbox 3350 2304 3491 2358; x_wconf 77' lang='grc' dir='ltr'>οὕτω</span> <span class='ocrx_word' id='word_1_399' title='bbox 3550 2304 3673 2374; x_wconf 75' lang='grc' dir='ltr'>ὴλί-</span> 
     </span>
    </p>
   </div>
   <div class='ocr_carea' id='block_1_53' title="bbox 2084 2394 3676 2469">
    <p class='ocr_par' dir='ltr' id='par_1_53' title="bbox 2084 2394 3676 2469">
     <span class='ocr_line' id='line_1_53' title="bbox 2084 2394 3676 2469; baseline -0.004 -17"><span class='ocrx_word' id='word_1_400' title='bbox 2084 2399 2198 2462; x_wconf 84' lang='grc' dir='ltr'>θιος</span> <span class='ocrx_word' id='word_1_401' title='bbox 2239 2402 2355 2462; x_wconf 88' lang='grc' dir='ltr'><strong>τοίς</strong></span> <span class='ocrx_word' id='word_1_402' title='bbox 2388 2402 2644 2468; x_wconf 81' lang='grc' dir='ltr'>φανεροῖς</span> <span class='ocrx_word' id='word_1_403' title='bbox 2678 2398 3074 2469; x_wconf 70' lang='grc' dir='ltr'>ἀπιμαχῆσαι,</span> <span class='ocrx_word' id='word_1_404' title='bbox 3117 2397 3213 2451; x_wconf 77' lang='grc' dir='ltr'>καὶ</span> <span class='ocrx_word' id='word_1_405' title='bbox 3241 2395 3332 2448; x_wconf 79' lang='grc' dir='ltr'><strong>τὸν</strong></span> <span class='ocrx_word' id='word_1_406' title='bbox 3361 2394 3676 2465; x_wconf 83' lang='grc' dir='ltr'>παρέχοντα</span> 
     </span>
    </p>
   </div>
   <div class='ocr_carea' id='block_1_54' title="bbox 2082 2484 3679 2560">
    <p class='ocr_par' dir='ltr' id='par_1_54' title="bbox 2082 2484 3679 2560">
     <span class='ocr_line' id='line_1_54' title="bbox 2082 2484 3679 2560; baseline -0.006 -16"><span class='ocrx_word' id='word_1_407' title='bbox 2082 2489 2378 2560; x_wconf 85' lang='grc' dir='ltr'>βασιλικῶς</span> <span class='ocrx_word' id='word_1_408' title='bbox 2402 2491 2499 2543; x_wconf 72' lang='grc' dir='ltr'>καὶ</span> <span class='ocrx_word' id='word_1_409' title='bbox 2524 2491 2860 2551; x_wconf 81' lang='grc' dir='ltr'>αὐθεντικῶς</span> <span class='ocrx_word' id='word_1_410' title='bbox 2894 2490 2993 2560; x_wconf 83' lang='grc' dir='ltr'><strong>τὴν</strong></span> <span class='ocrx_word' id='word_1_411' title='bbox 3024 2491 3081 2542; x_wconf 84' lang='grc' dir='ltr'><strong>ὲν</strong></span> <span class='ocrx_word' id='word_1_412' title='bbox 3117 2491 3185 2559; x_wconf 81' lang='grc' dir='ltr'>τῇ</span> <span class='ocrx_word' id='word_1_413' title='bbox 3225 2486 3393 2540; x_wconf 81' lang='grc' dir='ltr'>αὑτοῦ</span> <span class='ocrx_word' id='word_1_414' title='bbox 3428 2484 3679 2556; x_wconf 74' lang='grc' dir='ltr'>βασιλείᾳ</span> 
     </span>
    </p>
   </div>
   <div class='ocr_carea' id='block_1_55' title="bbox 2079 2577 3675 2652">
    <p class='ocr_par' dir='ltr' id='par_1_55' title="bbox 2079 2577 3675 2652">
     <span class='ocr_line' id='line_1_55' title="bbox 2079 2577 3675 2652; baseline -0.004 -17"><span class='ocrx_word' id='word_1_415' title='bbox 2079 2580 2378 2652; x_wconf 84' lang='grc' dir='ltr'>διαγωγὴν,</span> <span class='ocrx_word' id='word_1_416' title='bbox 2403 2584 2514 2645; x_wconf 81' lang='grc' dir='ltr'>τοῖς</span> <span class='ocrx_word' id='word_1_417' title='bbox 2537 2580 2910 2652; x_wconf 78' lang='grc' dir='ltr'>λαμϐάνουσιν</span> <span class='ocrx_word' id='word_1_418' title='bbox 2929 2578 3187 2643; x_wconf 80' lang='grc' dir='ltr'>ἐξισῶσαι</span> <span class='ocrx_word' id='word_1_419' title='bbox 3225 2578 3317 2631; x_wconf 68' lang='grc' dir='ltr'>καὶ</span> <span class='ocrx_word' id='word_1_420' title='bbox 3347 2577 3675 2647; x_wconf 73' lang='grc' dir='ltr'>συγκρῖναις</span> 
     </span>
    </p>
   </div>
   <div class='ocr_carea' id='block_1_56' title="bbox 2095 2666 3679 2744">
    <p class='ocr_par' dir='ltr' id='par_1_56' title="bbox 2095 2666 3679 2744">
     <span class='ocr_line' id='line_1_56' title="bbox 2095 2666 3679 2744; baseline -0.003 -18"><span class='ocrx_word' id='word_1_421' title='bbox 2095 2673 2255 2726; x_wconf 85' lang='grc' dir='ltr'><strong>Ἀλλὰ</strong></span> <span class='ocrx_word' id='word_1_422' title='bbox 2283 2673 2429 2743; x_wconf 81' lang='grc' dir='ltr'>λέγω</span> <span class='ocrx_word' id='word_1_423' title='bbox 2465 2675 2581 2737; x_wconf 84' lang='grc' dir='ltr'>τοῖς</span> <span class='ocrx_word' id='word_1_424' title='bbox 2609 2674 3157 2744; x_wconf 80' lang='grc' dir='ltr'>χριστιανικωτάτοις</span> <span class='ocrx_word' id='word_1_425' title='bbox 3194 2670 3373 2724; x_wconf 80' lang='grc' dir='ltr'>τοιάδε</span> <span class='ocrx_word' id='word_1_426' title='bbox 3406 2671 3534 2740; x_wconf 70' lang='grc' dir='ltr'>περὶ</span> <span class='ocrx_word' id='word_1_427' title='bbox 3562 2666 3679 2722; x_wconf 87' lang='grc' dir='ltr'><strong>τῶν</strong></span> 
     </span>
    </p>
   </div>
   <div class='ocr_carea' id='block_1_57' title="bbox 2080 2757 3679 2833">
    <p class='ocr_par' dir='ltr' id='par_1_57' title="bbox 2080 2757 3679 2833">
     <span class='ocr_line' id='line_1_57' title="bbox 2080 2757 3679 2833; baseline -0.005 -19"><span class='ocrx_word' id='word_1_428' title='bbox 2080 2762 2673 2833; x_wconf 85' lang='grc' dir='ltr'>ὑπερανεστηκοτάτων</span> <span class='ocrx_word' id='word_1_429' title='bbox 2741 2762 3001 2816; x_wconf 72' lang='grc' dir='ltr'>ἁπάντων</span> <span class='ocrx_word' id='word_1_430' title='bbox 3057 2760 3153 2814; x_wconf 80' lang='grc' dir='ltr'>καὶ</span> <span class='ocrx_word' id='word_1_431' title='bbox 3229 2757 3679 2829; x_wconf 82' lang='grc' dir='ltr'>ὑπεραφράστων</span> 
     </span>
    </p>
   </div>
   <div class='ocr_carea' id='block_1_58' title="bbox 2079 2850 3669 2925">
    <p class='ocr_par' dir='ltr' id='par_1_58' title="bbox 2079 2850 3669 2925">
     <span class='ocr_line' id='line_1_58' title="bbox 2079 2850 3669 2925; baseline -0.004 -19"><span class='ocrx_word' id='word_1_432' title='bbox 2079 2857 2319 2923; x_wconf 85' lang='grc' dir='ltr'>φρονεῖν.</span> <span class='ocrx_word' id='word_1_433' title='bbox 2367 2874 2385 2907; x_wconf 81' lang='grc' dir='ltr'><strong>ι</strong></span> <span class='ocrx_word' id='word_1_434' title='bbox 2432 2854 2570 2907; x_wconf 76' lang='grc' dir='ltr'><strong>Οὐδὲ</strong></span> <span class='ocrx_word' id='word_1_435' title='bbox 2602 2854 2712 2925; x_wconf 84' lang='grc' dir='ltr'>γὰρ</span> <span class='ocrx_word' id='word_1_436' title='bbox 2745 2854 3058 2918; x_wconf 77' lang='grc' dir='ltr'>δεδόξασται</span> <span class='ocrx_word' id='word_1_437' title='bbox 3091 2853 3151 2906; x_wconf 76' lang='grc' dir='ltr'>τὸ</span> <span class='ocrx_word' id='word_1_438' title='bbox 3180 2851 3572 2919; x_wconf 83' lang='grc' dir='ltr'>δεδοξασμένον</span> <span class='ocrx_word' id='word_1_439' title='bbox 3611 2850 3669 2900; x_wconf 79' lang='grc' dir='ltr'><strong>ὲν</strong></span> 
     </span>
    </p>
   </div>
   <div class='ocr_carea' id='block_1_59' title="bbox 2077 2942 3680 3018">
    <p class='ocr_par' dir='ltr' id='par_1_59' title="bbox 2077 2942 3680 3018">
     <span class='ocr_line' id='line_1_59' title="bbox 2077 2942 3680 3018; baseline 0.001 -21"><span class='ocrx_word' id='word_1_440' title='bbox 2077 2945 2252 3016; x_wconf 80' lang='grc' dir='ltr'>τούτῳ</span> <span class='ocrx_word' id='word_1_441' title='bbox 2278 2945 2354 3015; x_wconf 83' lang='grc' dir='ltr'>τῷ</span> <span class='ocrx_word' id='word_1_442' title='bbox 2392 2947 2565 3017; x_wconf 82' lang='grc' dir='ltr'>μέρει,</span> <span class='ocrx_word' id='word_1_443' title='bbox 2598 2966 2616 2997; x_wconf 72' lang='grc' dir='ltr'><strong>ι</strong></span> <span class='ocrx_word' id='word_1_444' title='bbox 2646 2947 2812 3018; x_wconf 79' lang='grc' dir='ltr'>φησὶν</span> <span class='ocrx_word' id='word_1_445' title='bbox 2838 2949 2867 2999; x_wconf 90' lang='grc' dir='ltr'><strong>ό</strong></span> <span class='ocrx_word' id='word_1_446' title='bbox 2898 2946 3079 3015; x_wconf 85' lang='grc' dir='ltr'>λόγος,</span> <span class='ocrx_word' id='word_1_447' title='bbox 3115 2946 3328 2999; x_wconf 75' lang='grc' dir='ltr'>ἕνεκεν</span> <span class='ocrx_word' id='word_1_448' title='bbox 3350 2942 3463 3012; x_wconf 74' lang='grc' dir='ltr'>τῆς</span> <span class='ocrx_word' id='word_1_449' title='bbox 3490 2945 3680 3007; x_wconf 75' lang='grc' dir='ltr'>ὑπερ-</span> 
     </span>
    </p>
   </div>
   <div class='ocr_carea' id='block_1_60' title="bbox 2079 3032 3682 3105">
    <p class='ocr_par' dir='ltr' id='par_1_60' title="bbox 2079 3032 3682 3105">
     <span class='ocr_line' id='line_1_60' title="bbox 2079 3032 3682 3105; baseline -0.001 -17"><span class='ocrx_word' id='word_1_450' title='bbox 2079 3038 2429 3104; x_wconf 69' lang='grc' dir='ltr'>ϐαλλούσης</span> <span class='ocrx_word' id='word_1_451' title='bbox 2446 3037 2655 3105; x_wconf 79' lang='grc' dir='ltr'>δόξης.</span> <span class='ocrx_word' id='word_1_452' title='bbox 2679 3036 2772 3089; x_wconf 80' lang='grc' dir='ltr'><strong>Διὸ</strong></span> <span class='ocrx_word' id='word_1_453' title='bbox 2792 3037 2885 3090; x_wconf 62' lang='grc' dir='ltr'><strong>καὶ¹</strong></span> <span class='ocrx_word' id='word_1_454' title='bbox 2902 3036 3108 3104; x_wconf 75' lang='grc' dir='ltr'>ἔλεγεν·</span> <span class='ocrx_word' id='word_1_455' title='bbox 3143 3054 3161 3087; x_wconf 78' lang='grc' dir='ltr'><strong>ι</strong></span> <span class='ocrx_word' id='word_1_456' title='bbox 3185 3036 3311 3088; x_wconf 70' lang='grc' dir='ltr'><strong>Ἐὰν</strong></span> <span class='ocrx_word' id='word_1_457' title='bbox 3339 3032 3452 3103; x_wconf 78' lang='grc' dir='ltr'><strong>ἐγὼ</strong></span> <span class='ocrx_word' id='word_1_458' title='bbox 3465 3032 3682 3097; x_wconf 68' lang='grc' dir='ltr'>δοξάζω</span> 
     </span>
    </p>
   </div>
   <div class='ocr_carea' id='block_1_61' title="bbox 2080 3126 3144 3198">
    <p class='ocr_par' dir='ltr' id='par_1_61' title="bbox 2080 3126 3144 3198">
     <span class='ocr_line' id='line_1_61' title="bbox 2080 3126 3144 3198; baseline 0.001 -20"><span class='ocrx_word' id='word_1_459' title='bbox 2080 3126 2341 3196; x_wconf 78' lang='grc' dir='ltr'>ἐμαυτὸν,</span> <span class='ocrx_word' id='word_1_460' title='bbox 2373 3128 2524 3182; x_wconf 80' lang='grc' dir='ltr'>οὐδέν</span> <span class='ocrx_word' id='word_1_461' title='bbox 2556 3130 2707 3182; x_wconf 77' lang='grc' dir='ltr'>ἐστιν</span> <span class='ocrx_word' id='word_1_462' title='bbox 2736 3130 2768 3198; x_wconf 79' lang='grc' dir='ltr'>ἡ</span> <span class='ocrx_word' id='word_1_463' title='bbox 2797 3128 2926 3194; x_wconf 82' lang='grc' dir='ltr'>δόξα</span> <span class='ocrx_word' id='word_1_464' title='bbox 2958 3145 3081 3197; x_wconf 88' lang='grc' dir='ltr'>μου.</span> <span class='ocrx_word' id='word_1_465' title='bbox 3126 3146 3144 3179; x_wconf 72' lang='grc' dir='ltr'><strong>ι</strong></span> 
     </span>
    </p>
   </div>
   <div class='ocr_carea' id='block_1_62' title="bbox 386 3212 3683 3291">
    <p class='ocr_par' dir='ltr' id='par_1_62' title="bbox 386 3212 3683 3291">
     <span class='ocr_line' id='line_1_62' title="bbox 386 3212 3683 3291; baseline 0.001 -25"><span class='ocrx_word' id='word_1_466' title='bbox 386 3212 504 3267; x_wconf 86' lang='lat' dir='ltr'><strong>ruit</strong></span> <span class='ocrx_word' id='word_1_467' title='bbox 539 3212 595 3267; x_wconf 90' lang='lat' dir='ltr'><strong>in</strong></span> <span class='ocrx_word' id='word_1_468' title='bbox 661 3212 767 3267; x_wconf 87' lang='lat' dir='ltr'><strong>hac</strong></span> <span class='ocrx_word' id='word_1_469' title='bbox 816 3224 995 3284; x_wconf 89' lang='lat' dir='ltr'><strong>parte,</strong></span> <span class='ocrx_word' id='word_1_470' title='bbox 1025 3233 1043 3265; x_wconf 77' lang='grc' dir='ltr'><strong>ι</strong></span> <span class='ocrx_word' id='word_1_471' title='bbox 1081 3214 1159 3269; x_wconf 89' lang='lat' dir='ltr'><strong>ait</strong></span> <span class='ocrx_word' id='word_1_472' title='bbox 1205 3229 1364 3270; x_wconf 88' lang='lat' dir='ltr'><strong>sacer</strong></span> <span class='ocrx_word' id='word_1_473' title='bbox 1418 3229 1624 3281; x_wconf 86' lang='lat' dir='ltr'><strong>sermo,</strong></span> <span class='ocrx_word' id='word_1_474' title='bbox 1666 3224 1883 3286; x_wconf 84' lang='lat' dir='ltr'><strong>propter</strong></span> <span class='ocrx_word' id='word_1_475' title='bbox 1919 3217 2261 3275; x_wconf 70' lang='lat' dir='ltr'><strong>arcellentem</strong></span> <span class='ocrx_word' id='word_1_476' title='bbox 2327 3219 2558 3291; x_wconf 78' lang='lat' dir='ltr'><strong>gloriam</strong></span> <span class='ocrx_word' id='word_1_477' title='bbox 2622 3220 2687 3276; x_wconf 75' lang='lat'><strong>“.</strong></span> <span class='ocrx_word' id='word_1_478' title='bbox 2751 3221 2966 3277; x_wconf 84' lang='lat' dir='ltr'><strong>Idcirco</strong></span> <span class='ocrx_word' id='word_1_479' title='bbox 2996 3221 3166 3276; x_wconf 86' lang='lat' dir='ltr'><strong>etiam</strong></span> <span class='ocrx_word' id='word_1_480' title='bbox 3225 3218 3395 3275; x_wconf 72' lang='lat' dir='ltr'><strong>dixit:</strong></span> <span class='ocrx_word' id='word_1_481' title='bbox 3435 3216 3533 3272; x_wconf 66' lang='lat' dir='ltr'><strong>«Si</strong></span> <span class='ocrx_word' id='word_1_482' title='bbox 3573 3231 3683 3287; x_wconf 86' lang='lat' dir='ltr'><strong>ego</strong></span> 
     </span>
    </p>
   </div>
   <div class='ocr_carea' id='block_1_63' title="bbox 385 3306 1781 3382">
    <p class='ocr_par' dir='ltr' id='par_1_63' title="bbox 385 3306 1781 3382">
     <span class='ocr_line' id='line_1_63' title="bbox 385 3306 1781 3382; baseline 0.004 -22"><span class='ocrx_word' id='word_1_483' title='bbox 385 3306 636 3379; x_wconf 84' lang='lat' dir='ltr'><strong>gloriﬁco</strong></span> <span class='ocrx_word' id='word_1_484' title='bbox 660 3322 748 3362; x_wconf 93' lang='lat' dir='ltr'><strong>me</strong></span> <span class='ocrx_word' id='word_1_485' title='bbox 771 3308 974 3378; x_wconf 92' lang='lat' dir='ltr'><strong>ipsum,</strong></span> <span class='ocrx_word' id='word_1_486' title='bbox 996 3310 1175 3382; x_wconf 87' lang='lat' dir='ltr'><strong>gloria</strong></span> <span class='ocrx_word' id='word_1_487' title='bbox 1215 3325 1337 3367; x_wconf 88' lang='lat' dir='ltr'><strong>mea</strong></span> <span class='ocrx_word' id='word_1_488' title='bbox 1374 3312 1517 3370; x_wconf 92' lang='lat' dir='ltr'><strong>nihil</strong></span> <span class='ocrx_word' id='word_1_489' title='bbox 1556 3323 1643 3370; x_wconf 89' lang='lat' dir='ltr'><strong>est</strong></span> <span class='ocrx_word' id='word_1_490' title='bbox 1671 3314 1738 3369; x_wconf 78' lang='lat'><strong>&quot;.</strong></span> <span class='ocrx_word' id='word_1_491' title='bbox 1763 3333 1781 3366; x_wconf 77' lang='grc' dir='ltr'><strong>ι</strong></span> 
     </span>
    </p>
   </div>
   <div class='ocr_carea' id='block_1_64' title="bbox 457 3399 1974 3478">
    <p class='ocr_par' dir='ltr' id='par_1_64' title="bbox 457 3399 1974 3478">
     <span class='ocr_line' id='line_1_64' title="bbox 457 3399 1974 3478; baseline 0.007 -25"><span class='ocrx_word' id='word_1_492' title='bbox 457 3399 524 3453; x_wconf 82' lang='grc' dir='ltr'><strong>Χ.</strong></span> <span class='ocrx_word' id='word_1_493' title='bbox 559 3400 764 3456; x_wconf 77' lang='lat' dir='ltr'><strong>Verum</strong></span> <span class='ocrx_word' id='word_1_494' title='bbox 792 3401 927 3458; x_wconf 87' lang='lat' dir='ltr'><strong>satis</strong></span> <span class='ocrx_word' id='word_1_495' title='bbox 976 3403 1185 3460; x_wconf 78' lang='lat' dir='ltr'><strong>fuerint</strong></span> <span class='ocrx_word' id='word_1_496' title='bbox 1210 3405 1381 3474; x_wconf 87' lang='lat' dir='ltr'><strong>dicta,</strong></span> <span class='ocrx_word' id='word_1_497' title='bbox 1406 3420 1469 3464; x_wconf 90' lang='lat' dir='ltr'><strong>ut</strong></span> <span class='ocrx_word' id='word_1_498' title='bbox 1500 3408 1598 3478; x_wconf 91' lang='lat' dir='ltr'><strong>qui</strong></span> <span class='ocrx_word' id='word_1_499' title='bbox 1651 3417 1782 3465; x_wconf 90' lang='lat' dir='ltr'><strong>sunt</strong></span> <span class='ocrx_word' id='word_1_500' title='bbox 1825 3422 1974 3466; x_wconf 81' lang='lat' dir='ltr'><strong>same</strong></span> 
     </span>
    </p>
   </div>
   <div class='ocr_carea' id='block_1_65' title="bbox 2077 3399 3681 3478">
    <p class='ocr_par' dir='ltr' id='par_1_65' title="bbox 2151 3403 3681 3478">
     <span class='ocr_line' id='line_1_65' title="bbox 2151 3403 3681 3478; baseline 0 -17"><span class='ocrx_word' id='word_1_501' title='bbox 2151 3411 2209 3461; x_wconf 86' lang='lat' dir='ltr'><strong>l&#39;.</strong></span> <span class='ocrx_word' id='word_1_502' title='bbox 2258 3407 2424 3462; x_wconf 79' lang='grc' dir='ltr'><strong>Ἀλλά</strong></span> <span class='ocrx_word' id='word_1_503' title='bbox 2445 3408 2702 3477; x_wconf 86' lang='grc' dir='ltr'>ἀποχρῶν</span> <span class='ocrx_word' id='word_1_504' title='bbox 2729 3406 2866 3478; x_wconf 69' lang='grc' dir='ltr'>πρὸς</span> <span class='ocrx_word' id='word_1_505' title='bbox 2889 3406 3106 3476; x_wconf 79' lang='grc' dir='ltr'>ἀποπλη</span> <span class='ocrx_word' id='word_1_506' title='bbox 3116 3403 3372 3476; x_wconf 77' lang='grc' dir='ltr'>ροφορίαν</span> <span class='ocrx_word' id='word_1_507' title='bbox 3391 3408 3504 3470; x_wconf 73' lang='grc' dir='ltr'>τοῖς</span> <span class='ocrx_word' id='word_1_508' title='bbox 3519 3408 3681 3478; x_wconf 79' lang='grc' dir='ltr'>ἀρτι-</span> 
     </span>
    </p>
   </div>
   <div class='ocr_carea' id='block_1_66' title="bbox 385 3492 1975 3571">
    <p class='ocr_par' dir='ltr' id='par_1_66' title="bbox 385 3492 1975 3571">
     <span class='ocr_line' id='line_1_66' title="bbox 385 3492 1975 3571; baseline 0.006 -25"><span class='ocrx_word' id='word_1_509' title='bbox 385 3492 590 3547; x_wconf 80' lang='lat' dir='ltr'><strong>tnentis</strong></span> <span class='ocrx_word' id='word_1_510' title='bbox 622 3501 775 3548; x_wconf 86' lang='lat' dir='ltr'><strong>certo</strong></span> <span class='ocrx_word' id='word_1_511' title='bbox 800 3496 1263 3564; x_wconf 89' lang='lat' dir='ltr'><strong>persuadeantur,</strong></span> <span class='ocrx_word' id='word_1_512' title='bbox 1324 3516 1437 3569; x_wconf 90' lang='lat' dir='ltr'><strong>quo</strong></span> <span class='ocrx_word' id='word_1_513' title='bbox 1478 3500 1762 3571; x_wconf 61' lang='lat' dir='ltr'><strong>praecipua</strong></span> <span class='ocrx_word' id='word_1_514' title='bbox 1812 3500 1975 3556; x_wconf 89' lang='lat' dir='ltr'><strong>nobis</strong></span> 
     </span>
    </p>
   </div>
   <div class='ocr_carea' id='block_1_67' title="bbox 386 3582 1976 3660">
    <p class='ocr_par' dir='ltr' id='par_1_67' title="bbox 386 3582 1976 3660">
     <span class='ocr_line' id='line_1_67' title="bbox 386 3582 1976 3660; baseline 0.004 -22"><span class='ocrx_word' id='word_1_515' title='bbox 386 3582 749 3639; x_wconf 88' lang='lat' dir='ltr'><strong>mediocritas</strong></span> <span class='ocrx_word' id='word_1_516' title='bbox 785 3586 1121 3640; x_wconf 88' lang='lat' dir='ltr'><strong>constiterit.</strong></span> <span class='ocrx_word' id='word_1_517' title='bbox 1160 3588 1375 3643; x_wconf 82' lang='lat' dir='ltr'><strong>Rursus</strong></span> <span class='ocrx_word' id='word_1_518' title='bbox 1427 3598 1611 3644; x_wconf 88' lang='lat' dir='ltr'><strong>autem</strong></span> <span class='ocrx_word' id='word_1_519' title='bbox 1639 3590 1705 3644; x_wconf 91' lang='lat' dir='ltr'><strong>ad</strong></span> <span class='ocrx_word' id='word_1_520' title='bbox 1746 3604 1976 3660; x_wconf 88' lang='lat' dir='ltr'><strong>scopum</strong></span> 
     </span>
    </p>
   </div>
   <div class='ocr_carea' id='block_1_68' title="bbox 387 3677 1975 3752">
    <p class='ocr_par' dir='ltr' id='par_1_68' title="bbox 387 3677 1975 3752">
     <span class='ocr_line' id='line_1_68' title="bbox 387 3677 1975 3752; baseline 0.006 -25"><span class='ocrx_word' id='word_1_521' title='bbox 387 3677 736 3747; x_wconf 87' lang='lat' dir='ltr'><strong>propositum</strong></span> <span class='ocrx_word' id='word_1_522' title='bbox 764 3685 1147 3731; x_wconf 87' lang='lat' dir='ltr'><strong>revertamur:</strong></span> <span class='ocrx_word' id='word_1_523' title='bbox 1184 3679 1359 3734; x_wconf 90' lang='lat' dir='ltr'><strong>verbo</strong></span> <span class='ocrx_word' id='word_1_524' title='bbox 1373 3680 1661 3746; x_wconf 87' lang='lat' dir='ltr'><strong>mirantes,</strong></span> <span class='ocrx_word' id='word_1_525' title='bbox 1686 3680 1975 3752; x_wconf 88' lang='lat' dir='ltr'><strong>probeque</strong></span> 
     </span>
    </p>
   </div>
   <div class='ocr_carea' id='block_1_69' title="bbox 385 3766 1978 3839">
    <p class='ocr_par' dir='ltr' id='par_1_69' title="bbox 385 3766 1978 3839">
     <span class='ocr_line' id='line_1_69' title="bbox 385 3766 1978 3839; baseline 0.004 -19"><span class='ocrx_word' id='word_1_526' title='bbox 385 3766 745 3835; x_wconf 80' lang='lat' dir='ltr'><strong>exquirentes</strong></span> <span class='ocrx_word' id='word_1_527' title='bbox 768 3767 1115 3836; x_wconf 89' lang='lat' dir='ltr'><strong>spiritualcm</strong></span> <span class='ocrx_word' id='word_1_528' title='bbox 1129 3769 1407 3839; x_wconf 88' lang='lat' dir='ltr'><strong>justorum</strong></span> <span class='ocrx_word' id='word_1_529' title='bbox 1427 3772 1797 3827; x_wconf 84' lang='lat' dir='ltr'><strong>reverentiam</strong></span> <span class='ocrx_word' id='word_1_530' title='bbox 1822 3772 1978 3827; x_wconf 84' lang='lat' dir='ltr'><strong>theo—</strong></span> 
     </span>
    </p>
   </div>
   <div class='ocr_carea' id='block_1_70' title="bbox 386 3854 1974 3932">
    <p class='ocr_par' dir='ltr' id='par_1_70' title="bbox 386 3854 1974 3932">
     <span class='ocr_line' id='line_1_70' title="bbox 386 3854 1974 3932; baseline 0.003 -23"><span class='ocrx_word' id='word_1_531' title='bbox 386 3854 720 3925; x_wconf 78' lang='lat' dir='ltr'><strong>iogiamque,</strong></span> <span class='ocrx_word' id='word_1_532' title='bbox 753 3854 1067 3922; x_wconf 89' lang='lat' dir='ltr'><strong>Simeonis,</strong></span> <span class='ocrx_word' id='word_1_533' title='bbox 1126 3859 1376 3929; x_wconf 86' lang='lat' dir='ltr'><strong>inquam,</strong></span> <span class='ocrx_word' id='word_1_534' title='bbox 1418 3868 1475 3915; x_wconf 90' lang='lat' dir='ltr'><strong>et</strong></span> <span class='ocrx_word' id='word_1_535' title='bbox 1508 3860 1716 3917; x_wconf 65' lang='lat' dir='ltr'><strong>Anum:</strong></span> <span class='ocrx_word' id='word_1_536' title='bbox 1781 3871 1974 3932; x_wconf 79' lang='lat' dir='ltr'><strong>utque,</strong></span> 
     </span>
    </p>
   </div>
   <div class='ocr_carea' id='block_1_71' title="bbox 385 3943 1975 4015">
    <p class='ocr_par' dir='ltr' id='par_1_71' title="bbox 385 3943 1975 4015">
     <span class='ocr_line' id='line_1_71' title="bbox 385 3943 1975 4015; baseline 0.004 -17"><span class='ocrx_word' id='word_1_537' title='bbox 385 3958 558 3998; x_wconf 84' lang='lat' dir='ltr'><strong>senex</strong></span> <span class='ocrx_word' id='word_1_538' title='bbox 588 3943 838 4013; x_wconf 89' lang='lat' dir='ltr'><strong>quidem,</strong></span> <span class='ocrx_word' id='word_1_539' title='bbox 883 3945 1040 4002; x_wconf 88' lang='lat' dir='ltr'><strong>sinus</strong></span> <span class='ocrx_word' id='word_1_540' title='bbox 1091 3948 1158 4003; x_wconf 88' lang='lat' dir='ltr'><strong>ad</strong></span> <span class='ocrx_word' id='word_1_541' title='bbox 1219 3949 1697 4015; x_wconf 88' lang='lat' dir='ltr'><strong>conscensionem,</strong></span> <span class='ocrx_word' id='word_1_542' title='bbox 1748 3949 1975 4005; x_wconf 88' lang='lat' dir='ltr'><strong>habenti</strong></span> 
     </span>
    </p>
   </div>
   <div class='ocr_carea' id='block_1_72' title="bbox 270 4036 1976 4111">
    <p class='ocr_par' dir='ltr' id='par_1_72' title="bbox 270 4036 1976 4111">
     <span class='ocr_line' id='line_1_72' title="bbox 270 4036 1976 4111; baseline 0.002 -19"><span class='ocrx_word' id='word_1_543' title='bbox 270 4050 285 4059; x_wconf 83' lang='lat'><strong><em>‘</em></strong></span> <span class='ocrx_word' id='word_1_544' title='bbox 382 4036 589 4092; x_wconf 62' lang='lat' dir='ltr'><strong>malum</strong></span> <span class='ocrx_word' id='word_1_545' title='bbox 644 4036 857 4102; x_wconf 88' lang='lat' dir='ltr'><strong>sedem,</strong></span> <span class='ocrx_word' id='word_1_546' title='bbox 924 4048 1240 4109; x_wconf 86' lang='lat' dir='ltr'><strong>terramque</strong></span> <span class='ocrx_word' id='word_1_547' title='bbox 1329 4042 1535 4111; x_wconf 85' lang='lat' dir='ltr'><strong>pedum</strong></span> <span class='ocrx_word' id='word_1_548' title='bbox 1588 4041 1894 4097; x_wconf 87' lang='lat' dir='ltr'><strong>scabellum</strong></span> <span class='ocrx_word' id='word_1_549' title='bbox 1930 4042 1976 4075; x_wconf 73' lang='lat'>&quot;</span> 
     </span>
    </p>
   </div>
   <div class='ocr_carea' id='block_1_73' title="bbox 385 4126 1977 4203">
    <p class='ocr_par' dir='ltr' id='par_1_73' title="bbox 385 4126 1977 4203">
     <span class='ocr_line' id='line_1_73' title="bbox 385 4126 1977 4203; baseline 0.004 -23"><span class='ocrx_word' id='word_1_550' title='bbox 385 4126 715 4196; x_wconf 82' lang='lat' dir='ltr'><strong>explicaret:</strong></span> <span class='ocrx_word' id='word_1_551' title='bbox 745 4129 932 4183; x_wconf 84' lang='lat' dir='ltr'><strong>vetula</strong></span> <span class='ocrx_word' id='word_1_552' title='bbox 961 4137 1146 4185; x_wconf 87' lang='lat' dir='ltr'><strong>autem</strong></span> <span class='ocrx_word' id='word_1_553' title='bbox 1165 4171 1178 4195; x_wconf 91' lang='lat'><strong>,</strong></span> <span class='ocrx_word' id='word_1_554' title='bbox 1205 4147 1329 4201; x_wconf 66' lang='lat' dir='ltr'><strong>quae</strong></span> <span class='ocrx_word' id='word_1_555' title='bbox 1376 4131 1446 4187; x_wconf 89' lang='lat' dir='ltr'><strong>de</strong></span> <span class='ocrx_word' id='word_1_556' title='bbox 1496 4133 1618 4202; x_wconf 90' lang='lat' dir='ltr'><strong>ipso</strong></span> <span class='ocrx_word' id='word_1_557' title='bbox 1654 4138 1818 4188; x_wconf 87' lang='lat' dir='ltr'><strong>erant</strong></span> <span class='ocrx_word' id='word_1_558' title='bbox 1848 4146 1977 4203; x_wconf 87' lang='lat' dir='ltr'><strong>pro-</strong></span> 
     </span>
    </p>
   </div>
   <div class='ocr_carea' id='block_1_74' title="bbox 386 4212 1976 4294">
    <p class='ocr_par' dir='ltr' id='par_1_74' title="bbox 386 4212 1976 4294">
     <span class='ocr_line' id='line_1_74' title="bbox 386 4212 1976 4294; baseline 0.004 -23"><span class='ocrx_word' id='word_1_559' title='bbox 386 4218 624 4289; x_wconf 60' lang='lat' dir='ltr'><strong>phetiae,</strong></span> <span class='ocrx_word' id='word_1_560' title='bbox 672 4222 1129 4291; x_wconf 80' lang='lat' dir='ltr'><strong>exspectantibus</strong></span> <span class='ocrx_word' id='word_1_561' title='bbox 1175 4222 1618 4294; x_wconf 89' lang='lat' dir='ltr'><strong>redemptionem</strong></span> <span class='ocrx_word' id='word_1_562' title='bbox 1647 4212 1976 4279; x_wconf 74' lang='lat' dir='ltr'><strong>edisserue-</strong></span> 
     </span>
    </p>
   </div>
   <div class='ocr_carea' id='block_1_75' title="bbox 386 4310 1975 4386">
    <p class='ocr_par' dir='ltr' id='par_1_75' title="bbox 386 4310 1975 4386">
     <span class='ocr_line' id='line_1_75' title="bbox 386 4310 1975 4386; baseline 0.005 -23"><span class='ocrx_word' id='word_1_563' title='bbox 386 4310 483 4364; x_wconf 89' lang='lat' dir='ltr'><strong>rit.</strong></span> <span class='ocrx_word' id='word_1_564' title='bbox 513 4311 673 4381; x_wconf 64' lang='lat' dir='ltr'><strong>Papa:</strong></span> <span class='ocrx_word' id='word_1_565' title='bbox 703 4312 1008 4369; x_wconf 78' lang='lat' dir='ltr'><strong>miracula!</strong></span> <span class='ocrx_word' id='word_1_566' title='bbox 1036 4314 1250 4386; x_wconf 87' lang='lat' dir='ltr'><strong>Moyses</strong></span> <span class='ocrx_word' id='word_1_567' title='bbox 1278 4316 1334 4370; x_wconf 89' lang='lat' dir='ltr'><strong>in</strong></span> <span class='ocrx_word' id='word_1_568' title='bbox 1388 4316 1543 4381; x_wconf 90' lang='lat' dir='ltr'><strong>Sina,</strong></span> <span class='ocrx_word' id='word_1_569' title='bbox 1610 4325 1765 4373; x_wconf 88' lang='lat' dir='ltr'><strong>metu</strong></span> <span class='ocrx_word' id='word_1_570' title='bbox 1815 4331 1975 4372; x_wconf 87' lang='lat' dir='ltr'><strong>coar-</strong></span> 
     </span>
    </p>
   </div>
   <div class='ocr_carea' id='block_1_76' title="bbox 387 4397 1978 4477">
    <p class='ocr_par' dir='ltr' id='par_1_76' title="bbox 387 4397 1978 4477">
     <span class='ocr_line' id='line_1_76' title="bbox 387 4397 1978 4477; baseline 0.007 -26"><span class='ocrx_word' id='word_1_571' title='bbox 387 4397 669 4465; x_wconf 86' lang='lat' dir='ltr'><strong>ctabatur,</strong></span> <span class='ocrx_word' id='word_1_572' title='bbox 725 4400 1043 4471; x_wconf 87' lang='lat' dir='ltr'><strong>timensque</strong></span> <span class='ocrx_word' id='word_1_573' title='bbox 1078 4417 1144 4457; x_wconf 84' lang='lat' dir='ltr'><strong>ac</strong></span> <span class='ocrx_word' id='word_1_574' title='bbox 1200 4412 1446 4461; x_wconf 86' lang='lat' dir='ltr'><strong>tremens</strong></span> <span class='ocrx_word' id='word_1_575' title='bbox 1490 4404 1681 4461; x_wconf 88' lang='lat' dir='ltr'><strong>adibat</strong></span> <span class='ocrx_word' id='word_1_576' title='bbox 1743 4406 1978 4477; x_wconf 90' lang='lat' dir='ltr'><strong>loquen-</strong></span> 
     </span>
    </p>
   </div>
   <div class='ocr_carea' id='block_1_77' title="bbox 387 4489 1976 4567">
    <p class='ocr_par' dir='ltr' id='par_1_77' title="bbox 387 4489 1976 4567">
     <span class='ocr_line' id='line_1_77' title="bbox 387 4489 1976 4567; baseline 0.008 -25"><span class='ocrx_word' id='word_1_577' title='bbox 387 4496 503 4542; x_wconf 86' lang='lat' dir='ltr'><strong>tem</strong></span> <span class='ocrx_word' id='word_1_578' title='bbox 525 4489 606 4543; x_wconf 66' lang='lat'><strong>‘7:</strong></span> <span class='ocrx_word' id='word_1_579' title='bbox 635 4509 655 4541; x_wconf 77' lang='grc' dir='ltr'><strong>ι</strong></span> <span class='ocrx_word' id='word_1_580' title='bbox 674 4489 902 4548; x_wconf 91' lang='lat' dir='ltr'><strong>Simeon</strong></span> <span class='ocrx_word' id='word_1_581' title='bbox 928 4508 1097 4559; x_wconf 87' lang='lat' dir='ltr'><strong>vero,</strong></span> <span class='ocrx_word' id='word_1_582' title='bbox 1128 4509 1285 4551; x_wconf 84' lang='lat' dir='ltr'><strong>sacra</strong></span> <span class='ocrx_word' id='word_1_583' title='bbox 1326 4506 1608 4567; x_wconf 85' lang='lat' dir='ltr'><strong>assumpta</strong></span> <span class='ocrx_word' id='word_1_584' title='bbox 1651 4498 1851 4556; x_wconf 76' lang='lat' dir='ltr'><strong>fiducia</strong></span> <span class='ocrx_word' id='word_1_585' title='bbox 1885 4500 1976 4555; x_wconf 85' lang='lat' dir='ltr'><strong>ni-</strong></span> 
     </span>
    </p>
   </div>
   <div class='ocr_carea' id='block_1_78' title="bbox 384 4575 1974 4663">
    <p class='ocr_par' dir='ltr' id='par_1_78' title="bbox 384 4575 1974 4663">
     <span class='ocr_line' id='line_1_78' title="bbox 384 4575 1974 4663; baseline 0.009 -31"><span class='ocrx_word' id='word_1_586' title='bbox 384 4575 578 4647; x_wconf 85' lang='lat' dir='ltr'><strong>hilque</strong></span> <span class='ocrx_word' id='word_1_587' title='bbox 594 4578 878 4648; x_wconf 87' lang='lat' dir='ltr'><strong>dubitans,</strong></span> <span class='ocrx_word' id='word_1_588' title='bbox 908 4581 978 4637; x_wconf 91' lang='lat' dir='ltr'><strong>ad</strong></span> <span class='ocrx_word' id='word_1_589' title='bbox 1000 4598 1127 4638; x_wconf 88' lang='lat' dir='ltr'><strong>eum</strong></span> <span class='ocrx_word' id='word_1_590' title='bbox 1158 4584 1256 4654; x_wconf 87' lang='lat' dir='ltr'><strong>qui</strong></span> <span class='ocrx_word' id='word_1_591' title='bbox 1289 4588 1515 4642; x_wconf 87' lang='lat' dir='ltr'><strong>oracula</strong></span> <span class='ocrx_word' id='word_1_592' title='bbox 1536 4589 1706 4663; x_wconf 75' lang='lat' dir='ltr'><strong>Moysi</strong></span> <span class='ocrx_word' id='word_1_593' title='bbox 1751 4591 1974 4658; x_wconf 85' lang='lat' dir='ltr'><strong>edebat,</strong></span> 
     </span>
    </p>
   </div>
   <div class='ocr_carea' id='block_1_79' title="bbox 352 4670 1974 4754">
    <p class='ocr_par' dir='ltr' id='par_1_79' title="bbox 352 4670 1974 4754">
     <span class='ocr_line' id='line_1_79' title="bbox 352 4670 1974 4754; baseline 0.011 -33"><span class='ocrx_word' id='word_1_594' title='bbox 352 4692 356 4695; x_wconf 55' lang='grc' dir='ltr'><strong>ν</strong></span> <span class='ocrx_word' id='word_1_595' title='bbox 384 4670 627 4734; x_wconf 88' lang='lat' dir='ltr'><strong>accedit,</strong></span> <span class='ocrx_word' id='word_1_596' title='bbox 660 4672 1006 4745; x_wconf 84' lang='lat' dir='ltr'><strong>suscipitque</strong></span> <span class='ocrx_word' id='word_1_597' title='bbox 1024 4675 1081 4730; x_wconf 93' lang='lat' dir='ltr'><strong>in</strong></span> <span class='ocrx_word' id='word_1_598' title='bbox 1100 4677 1281 4743; x_wconf 89' lang='lat' dir='ltr'><strong>ulnas,</strong></span> <span class='ocrx_word' id='word_1_599' title='bbox 1313 4687 1371 4735; x_wconf 86' lang='lat' dir='ltr'><strong>et</strong></span> <span class='ocrx_word' id='word_1_600' title='bbox 1423 4681 1815 4754; x_wconf 85' lang='lat' dir='ltr'><strong>circumgestat</strong></span> <span class='ocrx_word' id='word_1_601' title='bbox 1835 4698 1974 4752; x_wconf 87' lang='lat' dir='ltr'><strong>ope-</strong></span> 
     </span>
    </p>
   </div>
   <div class='ocr_carea' id='block_1_80' title="bbox 2084 3494 3681 3570">
    <p class='ocr_par' dir='ltr' id='par_1_80' title="bbox 2084 3494 3681 3570">
     <span class='ocr_line' id='line_1_80' title="bbox 2084 3494 3681 3570; baseline -0.002 -18"><span class='ocrx_word' id='word_1_602' title='bbox 2084 3498 2369 3570; x_wconf 83' lang='grc' dir='ltr'>φρονοῦσι,</span> <span class='ocrx_word' id='word_1_603' title='bbox 2394 3498 2484 3551; x_wconf 85' lang='grc' dir='ltr'><strong>διὰ</strong></span> <span class='ocrx_word' id='word_1_604' title='bbox 2523 3498 2583 3551; x_wconf 77' lang='grc' dir='ltr'>τὸ</span> <span class='ocrx_word' id='word_1_605' title='bbox 2611 3501 2710 3567; x_wconf 83' lang='grc' dir='ltr'>τῆς</span> <span class='ocrx_word' id='word_1_606' title='bbox 2738 3497 3087 3568; x_wconf 78' lang='grc' dir='ltr'>συμμετρίας</span> <span class='ocrx_word' id='word_1_607' title='bbox 3113 3495 3358 3566; x_wconf 82' lang='grc' dir='ltr'>ἄριστον,</span> <span class='ocrx_word' id='word_1_608' title='bbox 3399 3495 3469 3549; x_wconf 81' lang='grc' dir='ltr'><strong>τὰ</strong></span> <span class='ocrx_word' id='word_1_609' title='bbox 3516 3494 3681 3566; x_wconf 77' lang='grc' dir='ltr'>λεγόο</span> 
     </span>
    </p>
   </div>
   <div class='ocr_carea' id='block_1_81' title="bbox 2082 3584 3681 3660">
    <p class='ocr_par' dir='ltr' id='par_1_81' title="bbox 2082 3584 3681 3660">
     <span class='ocr_line' id='line_1_81' title="bbox 2082 3584 3681 3660; baseline -0.001 -18"><span class='ocrx_word' id='word_1_610' title='bbox 2082 3606 2241 3660; x_wconf 76' lang='grc' dir='ltr'>μεναο</span> <span class='ocrx_word' id='word_1_611' title='bbox 2270 3584 2429 3651; x_wconf 82' lang='grc' dir='ltr'>αὖθις</span> <span class='ocrx_word' id='word_1_612' title='bbox 2458 3588 2514 3642; x_wconf 80' lang='grc' dir='ltr'>δὲ</span> <span class='ocrx_word' id='word_1_613' title='bbox 2545 3588 2638 3642; x_wconf 68' lang='grc' dir='ltr'><strong>ἐπὶ</strong></span> <span class='ocrx_word' id='word_1_614' title='bbox 2687 3587 2779 3641; x_wconf 84' lang='grc' dir='ltr'>τδν</span> <span class='ocrx_word' id='word_1_615' title='bbox 2809 3585 3171 3657; x_wconf 86' lang='grc' dir='ltr'>προκείμενον</span> <span class='ocrx_word' id='word_1_616' title='bbox 3222 3584 3426 3639; x_wconf 78' lang='grc' dir='ltr'>σκοπὸν</span> <span class='ocrx_word' id='word_1_617' title='bbox 3478 3588 3681 3640; x_wconf 76' lang='grc' dir='ltr'>παλιν-</span> 
     </span>
    </p>
   </div>
   <div class='ocr_carea' id='block_1_82' title="bbox 2077 3673 3682 3751">
    <p class='ocr_par' dir='ltr' id='par_1_82' title="bbox 2077 3673 3682 3751">
     <span class='ocr_line' id='line_1_82' title="bbox 2077 3673 3682 3751; baseline -0.001 -18"><span class='ocrx_word' id='word_1_618' title='bbox 2077 3679 2463 3751; x_wconf 85' lang='grc' dir='ltr'>δρομήσωμεν,</span> <span class='ocrx_word' id='word_1_619' title='bbox 2490 3677 2569 3747; x_wconf 84' lang='grc' dir='ltr'><strong>τῷ</strong></span> <span class='ocrx_word' id='word_1_620' title='bbox 2602 3677 2747 3745; x_wconf 83' lang='grc' dir='ltr'>λόγῳ</span> <span class='ocrx_word' id='word_1_621' title='bbox 2776 3677 2875 3746; x_wconf 80' lang='grc' dir='ltr'><strong>τὴν</strong></span> <span class='ocrx_word' id='word_1_622' title='bbox 2902 3673 3279 3744; x_wconf 83' lang='grc' dir='ltr'>πνευματικὴν</span> <span class='ocrx_word' id='word_1_623' title='bbox 3314 3675 3421 3729; x_wconf 90' lang='grc' dir='ltr'><strong>τῶν</strong></span> <span class='ocrx_word' id='word_1_624' title='bbox 3447 3676 3682 3733; x_wconf 83' lang='grc' dir='ltr'>δικαίων</span> 
     </span>
    </p>
   </div>
   <div class='ocr_carea' id='block_1_83' title="bbox 2077 3756 3677 3838">
    <p class='ocr_par' dir='ltr' id='par_1_83' title="bbox 2077 3756 3677 3838">
     <span class='ocr_line' id='line_1_83' title="bbox 2077 3756 3677 3838; baseline -0.001 -14"><span class='ocrx_word' id='word_1_625' title='bbox 2077 3756 2367 3826; x_wconf 79' lang='grc' dir='ltr'>εὐλάϐειαν</span> <span class='ocrx_word' id='word_1_626' title='bbox 2392 3770 2487 3824; x_wconf 82' lang='grc' dir='ltr'>καὶ</span> <span class='ocrx_word' id='word_1_627' title='bbox 2519 3769 2799 3838; x_wconf 78' lang='grc' dir='ltr'>οεολογίαν</span> <span class='ocrx_word' id='word_1_628' title='bbox 2818 3811 2833 3835; x_wconf 88' lang='grc'><em>,</em></span> <span class='ocrx_word' id='word_1_629' title='bbox 2879 3767 3164 3838; x_wconf 87' lang='grc' dir='ltr'>Συμεῶνός</span> <span class='ocrx_word' id='word_1_630' title='bbox 3209 3782 3270 3819; x_wconf 81' lang='grc' dir='ltr'>τε</span> <span class='ocrx_word' id='word_1_631' title='bbox 3321 3768 3415 3822; x_wconf 80' lang='grc' dir='ltr'>καὶ</span> <span class='ocrx_word' id='word_1_632' title='bbox 3447 3770 3677 3838; x_wconf 80' lang='grc' dir='ltr'>’Δννης,</span> 
     </span>
    </p>
   </div>
   <div class='ocr_carea' id='block_1_84' title="bbox 2079 3858 3681 3934">
    <p class='ocr_par' dir='ltr' id='par_1_84' title="bbox 2079 3858 3681 3934">
     <span class='ocr_line' id='line_1_84' title="bbox 2079 3858 3681 3934; baseline -0.001 -18"><span class='ocrx_word' id='word_1_633' title='bbox 2079 3862 2455 3934; x_wconf 78' lang='grc' dir='ltr'>θαυμάζοντες</span> <span class='ocrx_word' id='word_1_634' title='bbox 2515 3862 2611 3916; x_wconf 68' lang='grc' dir='ltr'>καὶ</span> <span class='ocrx_word' id='word_1_635' title='bbox 2643 3862 2933 3932; x_wconf 81' lang='grc' dir='ltr'>ζητοῦντες</span> <span class='ocrx_word' id='word_1_636' title='bbox 2975 3862 3035 3913; x_wconf 80' lang='grc' dir='ltr'><strong>ἐν</strong></span> <span class='ocrx_word' id='word_1_637' title='bbox 3083 3858 3255 3930; x_wconf 71' lang='grc' dir='ltr'>καλεῖν</span> <span class='ocrx_word' id='word_1_638' title='bbox 3302 3861 3397 3914; x_wconf 78' lang='grc' dir='ltr'>καὶ</span> <span class='ocrx_word' id='word_1_639' title='bbox 3445 3860 3528 3924; x_wconf 86' lang='grc' dir='ltr'><strong>τὸ,</strong></span> <span class='ocrx_word' id='word_1_640' title='bbox 3559 3862 3681 3926; x_wconf 86' lang='grc' dir='ltr'><strong>πῶς</strong></span> 
     </span>
    </p>
   </div>
   <div class='ocr_carea' id='block_1_85' title="bbox 2077 3951 3668 4025">
    <p class='ocr_par' dir='ltr' id='par_1_85' title="bbox 2077 3951 3668 4025">
     <span class='ocr_line' id='line_1_85' title="bbox 2077 3951 3668 4025; baseline -0.001 -16"><span class='ocrx_word' id='word_1_641' title='bbox 2077 3958 2106 4008; x_wconf 91' lang='lat'><strong>6</strong></span> <span class='ocrx_word' id='word_1_642' title='bbox 2139 3956 2236 4023; x_wconf 81' lang='grc' dir='ltr'>μὲν</span> <span class='ocrx_word' id='word_1_643' title='bbox 2259 3955 2493 4025; x_wconf 78' lang='grc' dir='ltr'>γηραιὸς</span> <span class='ocrx_word' id='word_1_644' title='bbox 2516 3954 2645 4017; x_wconf 84' lang='grc' dir='ltr'>τοὺς</span> <span class='ocrx_word' id='word_1_645' title='bbox 2678 3953 2913 4015; x_wconf 83' lang='grc' dir='ltr'>κόλπους</span> <span class='ocrx_word' id='word_1_646' title='bbox 2945 3952 3083 4023; x_wconf 78' lang='grc' dir='ltr'>πρὸς</span> <span class='ocrx_word' id='word_1_647' title='bbox 3109 3951 3367 4006; x_wconf 77' lang='grc' dir='ltr'>ἐπίϐασιν</span> <span class='ocrx_word' id='word_1_648' title='bbox 3415 3952 3668 4023; x_wconf 77' lang='grc' dir='ltr'>ὲφὴπλου</span> 
     </span>
    </p>
   </div>
   <div class='ocr_carea' id='block_1_86' title="bbox 2078 4036 3677 4117">
    <p class='ocr_par' dir='ltr' id='par_1_86' title="bbox 2078 4036 3677 4117">
     <span class='ocr_line' id='line_1_86' title="bbox 2078 4036 3677 4117; baseline -0.001 -18"><span class='ocrx_word' id='word_1_649' title='bbox 2078 4046 2156 4117; x_wconf 83' lang='grc' dir='ltr'><strong>τῷ</strong></span> <span class='ocrx_word' id='word_1_650' title='bbox 2177 4046 2269 4100; x_wconf 81' lang='grc' dir='ltr'><strong>τὸν</strong></span> <span class='ocrx_word' id='word_1_651' title='bbox 2290 4045 2519 4117; x_wconf 80' lang='grc' dir='ltr'>οὐρανὸν</span> <span class='ocrx_word' id='word_1_652' title='bbox 2540 4044 2718 4115; x_wconf 78' lang='grc' dir='ltr'>ἔχοντι</span> <span class='ocrx_word' id='word_1_653' title='bbox 2749 4043 2938 4115; x_wconf 82' lang='grc' dir='ltr'>θρόνον</span> <span class='ocrx_word' id='word_1_654' title='bbox 2977 4044 3073 4096; x_wconf 80' lang='grc' dir='ltr'>καὶ</span> <span class='ocrx_word' id='word_1_655' title='bbox 3108 4043 3207 4112; x_wconf 85' lang='grc' dir='ltr'><strong>τὴν</strong></span> <span class='ocrx_word' id='word_1_656' title='bbox 3229 4043 3336 4112; x_wconf 85' lang='grc' dir='ltr'><strong>γῆν</strong></span> <span class='ocrx_word' id='word_1_657' title='bbox 3354 4036 3677 4098; x_wconf 80' lang='grc' dir='ltr'>ὑποπόδιονο</span> 
     </span>
    </p>
   </div>
   <div class='ocr_carea' id='block_1_87' title="bbox 2079 4134 3677 4210">
    <p class='ocr_par' dir='ltr' id='par_1_87' title="bbox 2079 4134 3677 4210">
     <span class='ocr_line' id='line_1_87' title="bbox 2079 4134 3677 4210; baseline -0.003 -18"><span class='ocrx_word' id='word_1_658' title='bbox 2079 4141 2112 4210; x_wconf 83' lang='grc' dir='ltr'>ἡ</span> <span class='ocrx_word' id='word_1_659' title='bbox 2148 4139 2206 4192; x_wconf 84' lang='grc' dir='ltr'>δὲ</span> <span class='ocrx_word' id='word_1_660' title='bbox 2243 4137 2541 4210; x_wconf 80' lang='grc' dir='ltr'>πρεσϐῦτις</span> <span class='ocrx_word' id='word_1_661' title='bbox 2579 4136 2680 4199; x_wconf 85' lang='grc' dir='ltr'><strong>τάς</strong></span> <span class='ocrx_word' id='word_1_662' title='bbox 2709 4134 2839 4205; x_wconf 78' lang='grc' dir='ltr'>περὶ</span> <span class='ocrx_word' id='word_1_663' title='bbox 2886 4134 3052 4189; x_wconf 85' lang='grc' dir='ltr'>αὐτοῦ</span> <span class='ocrx_word' id='word_1_664' title='bbox 3083 4134 3420 4205; x_wconf 80' lang='grc' dir='ltr'>προφητείας</span> <span class='ocrx_word' id='word_1_665' title='bbox 3464 4134 3677 4199; x_wconf 81' lang='grc' dir='ltr'>διεξίει.</span> 
     </span>
    </p>
   </div>
   <div class='ocr_carea' id='block_1_88' title="bbox 2078 4225 3679 4300">
    <p class='ocr_par' dir='ltr' id='par_1_88' title="bbox 2078 4225 3679 4300">
     <span class='ocr_line' id='line_1_88' title="bbox 2078 4225 3679 4300; baseline -0.002 -15"><span class='ocrx_word' id='word_1_666' title='bbox 2078 4235 2193 4295; x_wconf 77' lang='grc' dir='ltr'>τοῖς</span> <span class='ocrx_word' id='word_1_667' title='bbox 2221 4230 2318 4300; x_wconf 78' lang='grc' dir='ltr'>τὴν</span> <span class='ocrx_word' id='word_1_668' title='bbox 2350 4228 2621 4298; x_wconf 83' lang='grc' dir='ltr'>λύτρωσιν</span> <span class='ocrx_word' id='word_1_669' title='bbox 2652 4226 3129 4295; x_wconf 82' lang='grc' dir='ltr'>ἀπεκδεχομένοις.</span> <span class='ocrx_word' id='word_1_670' title='bbox 3168 4225 3345 4279; x_wconf 70' lang='grc' dir='ltr'>Βαὸαὶ</span> <span class='ocrx_word' id='word_1_671' title='bbox 3389 4226 3499 4280; x_wconf 91' lang='grc' dir='ltr'>τῶν</span> <span class='ocrx_word' id='word_1_672' title='bbox 3544 4227 3679 4281; x_wconf 85' lang='grc' dir='ltr'>θαυ-</span> 
     </span>
    </p>
   </div>
   <div class='ocr_carea' id='block_1_89' title="bbox 2081 4312 3679 4388">
    <p class='ocr_par' dir='ltr' id='par_1_89' title="bbox 2081 4312 3679 4388">
     <span class='ocr_line' id='line_1_89' title="bbox 2081 4312 3679 4388; baseline -0.001 -20"><span class='ocrx_word' id='word_1_673' title='bbox 2081 4317 2288 4388; x_wconf 82' lang='grc' dir='ltr'>μάτωνῑ</span> <span class='ocrx_word' id='word_1_674' title='bbox 2316 4315 2553 4383; x_wconf 79' lang='grc' dir='ltr'>Μωῦσῆς</span> <span class='ocrx_word' id='word_1_675' title='bbox 2584 4316 2640 4367; x_wconf 79' lang='grc' dir='ltr'>ὲν</span> <span class='ocrx_word' id='word_1_676' title='bbox 2670 4312 2748 4385; x_wconf 80' lang='grc' dir='ltr'><strong>τῷ</strong></span> <span class='ocrx_word' id='word_1_677' title='bbox 2777 4314 2908 4366; x_wconf 88' lang='grc' dir='ltr'><strong>Σινᾶ</strong></span> <span class='ocrx_word' id='word_1_678' title='bbox 2936 4312 3044 4366; x_wconf 86' lang='grc' dir='ltr'>δέει</span> <span class='ocrx_word' id='word_1_679' title='bbox 3073 4312 3369 4383; x_wconf 83' lang='grc' dir='ltr'>συνείχετο.</span> <span class='ocrx_word' id='word_1_680' title='bbox 3393 4314 3491 4368; x_wconf 78' lang='grc' dir='ltr'>καὶ</span> <span class='ocrx_word' id='word_1_681' title='bbox 3522 4315 3679 4385; x_wconf 80' lang='grc' dir='ltr'>φόϐῳ</span> 
     </span>
    </p>
   </div>
   <div class='ocr_carea' id='block_1_90' title="bbox 2080 4402 3678 4479">
    <p class='ocr_par' dir='ltr' id='par_1_90' title="bbox 2080 4402 3678 4479">
     <span class='ocr_line' id='line_1_90' title="bbox 2080 4402 3678 4479; baseline -0.002 -18"><span class='ocrx_word' id='word_1_682' title='bbox 2080 4407 2172 4461; x_wconf 73' lang='grc' dir='ltr'>καὶ</span> <span class='ocrx_word' id='word_1_683' title='bbox 2190 4407 2381 4479; x_wconf 83' lang='grc' dir='ltr'>τρόμῳ</span> <span class='ocrx_word' id='word_1_684' title='bbox 2394 4404 2649 4474; x_wconf 85' lang='grc' dir='ltr'>προσίετο</span> <span class='ocrx_word' id='word_1_685' title='bbox 2667 4402 2913 4457; x_wconf 86' lang='grc' dir='ltr'>λαλοῦντι</span> <span class='ocrx_word' id='word_1_686' title='bbox 2927 4402 3079 4473; x_wconf 81' lang='grc'><strong>(91“)·</strong></span> <span class='ocrx_word' id='word_1_687' title='bbox 3104 4403 3328 4474; x_wconf 85' lang='grc' dir='ltr'>Συμεὼν</span> <span class='ocrx_word' id='word_1_688' title='bbox 3345 4405 3401 4457; x_wconf 82' lang='grc' dir='ltr'>δὲ</span> <span class='ocrx_word' id='word_1_689' title='bbox 3431 4405 3611 4476; x_wconf 79' lang='grc' dir='ltr'>ίεροθα</span> <span class='ocrx_word' id='word_1_690' title='bbox 3621 4423 3678 4475; x_wconf 80' lang='grc' dir='ltr'>ρ-</span> 
     </span>
    </p>
   </div>
   <div class='ocr_carea' id='block_1_91' title="bbox 2081 4492 3677 4566">
    <p class='ocr_par' dir='ltr' id='par_1_91' title="bbox 2081 4492 3677 4566">
     <span class='ocr_line' id='line_1_91' title="bbox 2081 4492 3677 4566; baseline -0.001 -17"><span class='ocrx_word' id='word_1_691' title='bbox 2081 4495 2288 4558; x_wconf 84' lang='grc' dir='ltr'>σαλέως</span> <span class='ocrx_word' id='word_1_692' title='bbox 2327 4494 2420 4548; x_wconf 81' lang='grc' dir='ltr'>καὶ</span> <span class='ocrx_word' id='word_1_693' title='bbox 2446 4493 2785 4556; x_wconf 82' lang='grc' dir='ltr'>ἀδιστάκτως</span> <span class='ocrx_word' id='word_1_694' title='bbox 2823 4492 3099 4562; x_wconf 90' lang='grc' dir='ltr'>προσίεισι</span> <span class='ocrx_word' id='word_1_695' title='bbox 3156 4492 3232 4563; x_wconf 88' lang='grc' dir='ltr'>τῷ</span> <span class='ocrx_word' id='word_1_696' title='bbox 3254 4494 3450 4564; x_wconf 82' lang='grc' dir='ltr'>ἐκείνῳ</span> <span class='ocrx_word' id='word_1_697' title='bbox 3473 4512 3677 4566; x_wconf 83' lang='grc' dir='ltr'>κεχρη-</span> 
     </span>
    </p>
   </div>
   <div class='ocr_carea' id='block_1_92' title="bbox 2082 4581 3677 4659">
    <p class='ocr_par' dir='ltr' id='par_1_92' title="bbox 2082 4581 3677 4659">
     <span class='ocr_line' id='line_1_92' title="bbox 2082 4581 3677 4659; baseline -0.002 -17"><span class='ocrx_word' id='word_1_698' title='bbox 2082 4586 2357 4659; x_wconf 80' lang='grc' dir='ltr'>ματικότι,</span> <span class='ocrx_word' id='word_1_699' title='bbox 2393 4584 2489 4638; x_wconf 79' lang='grc' dir='ltr'>καὶ</span> <span class='ocrx_word' id='word_1_700' title='bbox 2515 4587 2633 4647; x_wconf 83' lang='grc' dir='ltr'>ταῖς</span> <span class='ocrx_word' id='word_1_701' title='bbox 2685 4583 2953 4651; x_wconf 80' lang='grc' dir='ltr'>ἀγκάλαις</span> <span class='ocrx_word' id='word_1_702' title='bbox 2990 4581 3338 4654; x_wconf 80' lang='grc' dir='ltr'>ὑποδέχεται,</span> <span class='ocrx_word' id='word_1_703' title='bbox 3390 4588 3484 4638; x_wconf 73' lang='grc' dir='ltr'>καὶ</span> <span class='ocrx_word' id='word_1_704' title='bbox 3521 4604 3677 4656; x_wconf 60' lang='grc' dir='ltr'>περι.</span> 
     </span>
    </p>
   </div>
   <div class='ocr_carea' id='block_1_93' title="bbox 2079 4671 3677 4748">
    <p class='ocr_par' dir='ltr' id='par_1_93' title="bbox 2079 4671 3677 4748">
     <span class='ocr_line' id='line_1_93' title="bbox 2079 4671 3677 4748; baseline 0 -18"><span class='ocrx_word' id='word_1_705' title='bbox 2079 4676 2236 4748; x_wconf 78' lang='grc' dir='ltr'>φέρει</span> <span class='ocrx_word' id='word_1_706' title='bbox 2274 4675 2553 4746; x_wconf 77' lang='grc' dir='ltr'>φιλεργοῖς</span> <span class='ocrx_word' id='word_1_707' title='bbox 2586 4672 2814 4744; x_wconf 79' lang='grc' dir='ltr'>πτέρυξι</span> <span class='ocrx_word' id='word_1_708' title='bbox 2860 4673 2951 4727; x_wconf 80' lang='grc' dir='ltr'><strong>τὸν</strong></span> <span class='ocrx_word' id='word_1_709' title='bbox 2992 4671 3303 4744; x_wconf 85' lang='grc' dir='ltr'>καθήμενον</span> <span class='ocrx_word' id='word_1_710' title='bbox 3345 4674 3439 4727; x_wconf 82' lang='grc' dir='ltr'><strong>ἐπὶ</strong></span> <span class='ocrx_word' id='word_1_711' title='bbox 3481 4674 3677 4744; x_wconf 86' lang='grc' dir='ltr'>θρόνου</span> 
     </span>
    </p>
   </div>
   <div class='ocr_carea' id='block_1_94' title="bbox 384 4750 1974 4840">
    <p class='ocr_par' dir='ltr' id='par_1_94' title="bbox 384 4750 1974 4840">
     <span class='ocr_line' id='line_1_94' title="bbox 384 4750 1974 4840; baseline 0.008 -23"><span class='ocrx_word' id='word_1_712' title='bbox 384 4762 532 4817; x_wconf 85' lang='lat' dir='ltr'><strong>rosis</strong></span> <span class='ocrx_word' id='word_1_713' title='bbox 557 4764 756 4833; x_wconf 88' lang='lat' dir='ltr'><strong>pennis</strong></span> <span class='ocrx_word' id='word_1_714' title='bbox 789 4766 1077 4823; x_wconf 88' lang='lat' dir='ltr'><strong>sedentem</strong></span> <span class='ocrx_word' id='word_1_715' title='bbox 1111 4768 1168 4823; x_wconf 93' lang='lat' dir='ltr'><strong>in</strong></span> <span class='ocrx_word' id='word_1_716' title='bbox 1230 4771 1431 4827; x_wconf 91' lang='lat' dir='ltr'><strong>throno</strong></span> <span class='ocrx_word' id='word_1_717' title='bbox 1470 4750 1810 4840; x_wconf 77' lang='lat' dir='ltr'><strong>cheruhico,</strong></span> <span class='ocrx_word' id='word_1_718' title='bbox 1841 4750 1974 4829; x_wconf 76' lang='lat' dir='ltr'><strong>sub-</strong></span> 
     </span>
    </p>
   </div>
   <div class='ocr_carea' id='block_1_95' title="bbox 2077 4750 3673 4840">
    <p class='ocr_par' dir='ltr' id='par_1_95' title="bbox 2085 4764 3673 4839">
     <span class='ocr_line' id='line_1_95' title="bbox 2085 4764 3673 4839; baseline -0.001 -16"><span class='ocrx_word' id='word_1_719' title='bbox 2085 4766 2446 4839; x_wconf 81' lang='grc' dir='ltr'>Χερουϐικοῦ,</span> <span class='ocrx_word' id='word_1_720' title='bbox 2497 4765 2594 4820; x_wconf 75' lang='grc' dir='ltr'>καὶ</span> <span class='ocrx_word' id='word_1_721' title='bbox 2640 4765 2770 4829; x_wconf 83' lang='grc' dir='ltr'>τοὺς</span> <span class='ocrx_word' id='word_1_722' title='bbox 2808 4764 3019 4827; x_wconf 80' lang='grc' dir='ltr'>διττοὺς</span> <span class='ocrx_word' id='word_1_723' title='bbox 3066 4765 3388 4836; x_wconf 82' lang='grc' dir='ltr'>ἀναπέμπει</span> <span class='ocrx_word' id='word_1_724' title='bbox 3423 4765 3628 4837; x_wconf 77' lang='grc' dir='ltr'>ὕμνους</span> <span class='ocrx_word' id='word_1_725' title='bbox 3655 4786 3673 4804; x_wconf 80' lang='grc' dir='ltr'><strong><em>ο</em></strong></span> 
     </span>
    </p>
   </div>
   <div class='ocr_carea' id='block_1_96' title="bbox 388 4852 1976 4928">
    <p class='ocr_par' dir='ltr' id='par_1_96' title="bbox 388 4852 1976 4928">
     <span class='ocr_line' id='line_1_96' title="bbox 388 4852 1976 4928; baseline 0.007 -21"><span class='ocrx_word' id='word_1_726' title='bbox 388 4852 670 4925; x_wconf 87' lang='lat' dir='ltr'><strong>mittitque</strong></span> <span class='ocrx_word' id='word_1_727' title='bbox 696 4855 901 4928; x_wconf 83' lang='lat' dir='ltr'><strong>duplex</strong></span> <span class='ocrx_word' id='word_1_728' title='bbox 919 4860 1197 4915; x_wconf 89' lang='lat' dir='ltr'><strong>canticum</strong></span> <span class='ocrx_word' id='word_1_729' title='bbox 1225 4878 1238 4915; x_wconf 91' lang='lat'><strong>:</strong></span> <span class='ocrx_word' id='word_1_730' title='bbox 1266 4881 1285 4913; x_wconf 78' lang='grc' dir='ltr'><strong>ι</strong></span> <span class='ocrx_word' id='word_1_731' title='bbox 1308 4862 1469 4919; x_wconf 88' lang='lat' dir='ltr'><strong>Nunc</strong></span> <span class='ocrx_word' id='word_1_732' title='bbox 1485 4863 1723 4918; x_wconf 89' lang='lat' dir='ltr'><strong>dimittis</strong></span> <span class='ocrx_word' id='word_1_733' title='bbox 1749 4879 1976 4919; x_wconf 88' lang='lat' dir='ltr'><strong>servum</strong></span> 
     </span>
    </p>
   </div>
   <div class='ocr_carea' id='block_1_97' title="bbox 392 4947 1973 5026">
    <p class='ocr_par' dir='ltr' id='par_1_97' title="bbox 392 4947 1973 5026">
     <span class='ocr_line' id='line_1_97' title="bbox 392 4947 1973 5026; baseline 0.009 -29"><span class='ocrx_word' id='word_1_734' title='bbox 392 4953 571 5009; x_wconf 90' lang='lat' dir='ltr'><strong>tuum,</strong></span> <span class='ocrx_word' id='word_1_735' title='bbox 609 4947 868 5016; x_wconf 89' lang='lat' dir='ltr'><strong>Domine,</strong></span> <span class='ocrx_word' id='word_1_736' title='bbox 904 4951 1212 5008; x_wconf 88' lang='lat' dir='ltr'><strong>secundum</strong></span> <span class='ocrx_word' id='word_1_737' title='bbox 1228 4955 1463 5010; x_wconf 90' lang='lat' dir='ltr'><strong>verbum</strong></span> <span class='ocrx_word' id='word_1_738' title='bbox 1514 4963 1697 5021; x_wconf 90' lang='lat' dir='ltr'><strong>tuum,</strong></span> <span class='ocrx_word' id='word_1_739' title='bbox 1721 4956 1777 5011; x_wconf 91' lang='lat' dir='ltr'><strong>in</strong></span> <span class='ocrx_word' id='word_1_740' title='bbox 1807 4971 1973 5026; x_wconf 85' lang='lat' dir='ltr'><strong>pace:</strong></span> 
     </span>
    </p>
   </div>
   <div class='ocr_carea' id='block_1_98' title="bbox 387 5034 1974 5119">
    <p class='ocr_par' dir='ltr' id='par_1_98' title="bbox 387 5034 1974 5119">
     <span class='ocr_line' id='line_1_98' title="bbox 387 5034 1974 5119; baseline 0.012 -33"><span class='ocrx_word' id='word_1_741' title='bbox 387 5034 528 5100; x_wconf 87' lang='lat' dir='ltr'><strong>Quia</strong></span> <span class='ocrx_word' id='word_1_742' title='bbox 544 5037 807 5094; x_wconf 90' lang='lat' dir='ltr'><strong>viderunt</strong></span> <span class='ocrx_word' id='word_1_743' title='bbox 830 5043 978 5098; x_wconf 90' lang='lat' dir='ltr'><strong>oeuli</strong></span> <span class='ocrx_word' id='word_1_744' title='bbox 1027 5045 1135 5100; x_wconf 91' lang='lat' dir='ltr'><strong>mei</strong></span> <span class='ocrx_word' id='word_1_745' title='bbox 1176 5046 1419 5100; x_wconf 89' lang='lat' dir='ltr'><strong>salutare</strong></span> <span class='ocrx_word' id='word_1_746' title='bbox 1460 5056 1640 5113; x_wconf 89' lang='lat' dir='ltr'><strong>tuum,</strong></span> <span class='ocrx_word' id='word_1_747' title='bbox 1693 5049 1844 5117; x_wconf 91' lang='lat' dir='ltr'><strong>quod</strong></span> <span class='ocrx_word' id='word_1_748' title='bbox 1876 5063 1974 5119; x_wconf 89' lang='lat' dir='ltr'><strong>pa-</strong></span> 
     </span>
    </p>
   </div>
   <div class='ocr_carea' id='block_1_99' title="bbox 387 5129 1969 5207">
    <p class='ocr_par' dir='ltr' id='par_1_99' title="bbox 387 5129 1969 5207">
     <span class='ocr_line' id='line_1_99' title="bbox 387 5129 1969 5207; baseline 0.011 -27"><span class='ocrx_word' id='word_1_749' title='bbox 387 5129 523 5183; x_wconf 73' lang='grc' dir='ltr'><strong>ηειί</strong></span> <span class='ocrx_word' id='word_1_750' title='bbox 547 5138 673 5186; x_wconf 90' lang='lat' dir='ltr'><strong>ante</strong></span> <span class='ocrx_word' id='word_1_751' title='bbox 690 5132 887 5188; x_wconf 82' lang='lat' dir='ltr'><strong>faciem</strong></span> <span class='ocrx_word' id='word_1_752' title='bbox 930 5138 1183 5192; x_wconf 89' lang='lat' dir='ltr'><strong>omnium</strong></span> <span class='ocrx_word' id='word_1_753' title='bbox 1229 5137 1603 5207; x_wconf 86' lang='lat' dir='ltr'><strong>populorum;</strong></span> <span class='ocrx_word' id='word_1_754' title='bbox 1649 5139 1844 5195; x_wconf 91' lang='lat' dir='ltr'><strong>lumen</strong></span> <span class='ocrx_word' id='word_1_755' title='bbox 1898 5141 1969 5197; x_wconf 85' lang='lat' dir='ltr'><strong>ad</strong></span> 
     </span>
    </p>
   </div>
   <div class='ocr_carea' id='block_1_100' title="bbox 388 5220 1975 5298">
    <p class='ocr_par' dir='ltr' id='par_1_100' title="bbox 388 5220 1975 5298">
     <span class='ocr_line' id='line_1_100' title="bbox 388 5220 1975 5298; baseline 0.009 -26"><span class='ocrx_word' id='word_1_756' title='bbox 388 5220 784 5278; x_wconf 86' lang='lat' dir='ltr'><strong>revelationem</strong></span> <span class='ocrx_word' id='word_1_757' title='bbox 838 5228 1123 5298; x_wconf 86' lang='lat' dir='ltr'><strong>gentium,</strong></span> <span class='ocrx_word' id='word_1_758' title='bbox 1191 5236 1249 5284; x_wconf 90' lang='lat' dir='ltr'><strong>et</strong></span> <span class='ocrx_word' id='word_1_759' title='bbox 1313 5227 1544 5298; x_wconf 88' lang='lat' dir='ltr'><strong>gloriam</strong></span> <span class='ocrx_word' id='word_1_760' title='bbox 1615 5228 1796 5297; x_wconf 90' lang='lat' dir='ltr'><strong>plebis</strong></span> <span class='ocrx_word' id='word_1_761' title='bbox 1867 5238 1975 5287; x_wconf 66' lang='lat' dir='ltr'><strong>ture</strong></span> 
     </span>
    </p>
   </div>
   <div class='ocr_carea' id='block_1_101' title="bbox 386 5310 1975 5391">
    <p class='ocr_par' dir='ltr' id='par_1_101' title="bbox 386 5310 1975 5391">
     <span class='ocr_line' id='line_1_101' title="bbox 386 5310 1975 5391; baseline 0.008 -26"><span class='ocrx_word' id='word_1_762' title='bbox 386 5310 554 5366; x_wconf 81' lang='lat' dir='ltr'><strong>Israel</strong></span> <span class='ocrx_word' id='word_1_763' title='bbox 594 5313 659 5367; x_wconf 69' lang='grc'><strong>⁸⁸.</strong></span> <span class='ocrx_word' id='word_1_764' title='bbox 686 5334 704 5367; x_wconf 71' lang='grc' dir='ltr'><strong>ι</strong></span> <span class='ocrx_word' id='word_1_765' title='bbox 744 5316 893 5373; x_wconf 86' lang='lat' dir='ltr'><strong>Bene</strong></span> <span class='ocrx_word' id='word_1_766' title='bbox 915 5320 1002 5374; x_wconf 91' lang='lat' dir='ltr'><strong>vir</strong></span> <span class='ocrx_word' id='word_1_767' title='bbox 1030 5318 1305 5390; x_wconf 88' lang='lat' dir='ltr'><strong>spiritalis</strong></span> <span class='ocrx_word' id='word_1_768' title='bbox 1327 5319 1691 5387; x_wconf 83' lang='lat' dir='ltr'><strong>renuntiavit,</strong></span> <span class='ocrx_word' id='word_1_769' title='bbox 1725 5321 1975 5391; x_wconf 86' lang='lat' dir='ltr'><strong>spiritale</strong></span> 
     </span>
    </p>
   </div>
   <div class='ocr_carea' id='block_1_102' title="bbox 386 5405 1974 5485">
    <p class='ocr_par' dir='ltr' id='par_1_102' title="bbox 386 5405 1974 5485">
     <span class='ocr_line' id='line_1_102' title="bbox 386 5405 1974 5485; baseline 0.008 -28"><span class='ocrx_word' id='word_1_770' title='bbox 386 5405 581 5461; x_wconf 89' lang='lat' dir='ltr'><strong>mundi</strong></span> <span class='ocrx_word' id='word_1_771' title='bbox 613 5406 805 5464; x_wconf 89' lang='lat' dir='ltr'><strong>lumen</strong></span> <span class='ocrx_word' id='word_1_772' title='bbox 831 5409 1105 5467; x_wconf 86' lang='lat' dir='ltr'><strong>inducens</strong></span> <span class='ocrx_word' id='word_1_773' title='bbox 1160 5409 1596 5482; x_wconf 88' lang='lat' dir='ltr'><strong>conciliansque.</strong></span> <span class='ocrx_word' id='word_1_774' title='bbox 1649 5412 1974 5485; x_wconf 90' lang='lat' dir='ltr'><strong>lndigcbant</strong></span> 
     </span>
    </p>
   </div>
   <div class='ocr_carea' id='block_1_103' title="bbox 386 5493 1971 5570">
    <p class='ocr_par' dir='ltr' id='par_1_103' title="bbox 386 5493 1971 5570">
     <span class='ocr_line' id='line_1_103' title="bbox 386 5493 1971 5570; baseline 0.008 -24"><span class='ocrx_word' id='word_1_775' title='bbox 386 5493 560 5559; x_wconf 87' lang='lat' dir='ltr'><strong>enim,</strong></span> <span class='ocrx_word' id='word_1_776' title='bbox 599 5514 618 5546; x_wconf 76' lang='grc' dir='ltr'><strong>ι</strong></span> <span class='ocrx_word' id='word_1_777' title='bbox 644 5498 739 5568; x_wconf 92' lang='lat' dir='ltr'><strong>qui</strong></span> <span class='ocrx_word' id='word_1_778' title='bbox 794 5499 851 5553; x_wconf 91' lang='lat' dir='ltr'><strong>in</strong></span> <span class='ocrx_word' id='word_1_779' title='bbox 884 5499 1134 5555; x_wconf 87' lang='lat' dir='ltr'><strong>tenebris</strong></span> <span class='ocrx_word' id='word_1_780' title='bbox 1164 5507 1222 5554; x_wconf 88' lang='lat' dir='ltr'><strong>et</strong></span> <span class='ocrx_word' id='word_1_781' title='bbox 1276 5499 1472 5556; x_wconf 87' lang='lat' dir='ltr'><strong>umbra</strong></span> <span class='ocrx_word' id='word_1_782' title='bbox 1524 5503 1721 5559; x_wconf 89' lang='lat' dir='ltr'><strong>mortis</strong></span> <span class='ocrx_word' id='word_1_783' title='bbox 1751 5506 1820 5570; x_wconf 78' lang='lat'><strong>&quot;,</strong></span> <span class='ocrx_word' id='word_1_784' title='bbox 1859 5503 1971 5559; x_wconf 92' lang='lat' dir='ltr'><strong>diei</strong></span> 
     </span>
    </p>
   </div>
   <div class='ocr_carea' id='block_1_104' title="bbox 2091 4854 3679 4922">
    <p class='ocr_par' dir='ltr' id='par_1_104' title="bbox 2091 4854 3679 4922">
     <span class='ocr_line' id='line_1_104' title="bbox 2091 4854 3679 4922; baseline 0.002 -11"><span class='ocrx_word' id='word_1_785' title='bbox 2091 4878 2110 4912; x_wconf 82' lang='grc' dir='ltr'><strong>ι</strong></span> <span class='ocrx_word' id='word_1_786' title='bbox 2147 4858 2262 4911; x_wconf 85' lang='grc' dir='ltr'>Νῦν</span> <span class='ocrx_word' id='word_1_787' title='bbox 2295 4856 2548 4919; x_wconf 80' lang='grc' dir='ltr'>ἀπολύεις</span> <span class='ocrx_word' id='word_1_788' title='bbox 2582 4855 2671 4909; x_wconf 76' lang='grc' dir='ltr'><strong>τὸν</strong></span> <span class='ocrx_word' id='word_1_789' title='bbox 2711 4854 2896 4909; x_wconf 85' lang='grc' dir='ltr'>δοῦλόν</span> <span class='ocrx_word' id='word_1_790' title='bbox 2932 4871 3024 4908; x_wconf 91' lang='grc' dir='ltr'><strong>σου</strong></span> <span class='ocrx_word' id='word_1_791' title='bbox 3048 4895 3063 4920; x_wconf 90' lang='grc'><em>,</em></span> <span class='ocrx_word' id='word_1_792' title='bbox 3097 4856 3376 4922; x_wconf 81' lang='grc' dir='ltr'>Δέσποτα,</span> <span class='ocrx_word' id='word_1_793' title='bbox 3421 4860 3564 4912; x_wconf 86' lang='grc' dir='ltr'><strong>κατά</strong></span> <span class='ocrx_word' id='word_1_794' title='bbox 3610 4860 3679 4915; x_wconf 79' lang='grc' dir='ltr'><strong>τὺ</strong></span> 
     </span>
    </p>
   </div>
   <div class='ocr_carea' id='block_1_105' title="bbox 2083 4942 3679 5023">
    <p class='ocr_par' dir='ltr' id='par_1_105' title="bbox 2083 4942 3679 5023">
     <span class='ocr_line' id='line_1_105' title="bbox 2083 4942 3679 5023; baseline -0.004 -17"><span class='ocrx_word' id='word_1_795' title='bbox 2083 4950 2238 5023; x_wconf 77' lang='grc' dir='ltr'><strong>ῥῆμά</strong></span> <span class='ocrx_word' id='word_1_796' title='bbox 2270 4966 2386 5014; x_wconf 89' lang='grc' dir='ltr'>σου,</span> <span class='ocrx_word' id='word_1_797' title='bbox 2425 4950 2483 5002; x_wconf 80' lang='grc' dir='ltr'><strong>ὲν</strong></span> <span class='ocrx_word' id='word_1_798' title='bbox 2510 4948 2721 5019; x_wconf 76' lang='grc' dir='ltr'><strong>εἰρήνῃ·</strong></span> <span class='ocrx_word' id='word_1_799' title='bbox 2748 4947 2831 5001; x_wconf 84' lang='grc' dir='ltr'>ὅτι</span> <span class='ocrx_word' id='word_1_800' title='bbox 2870 4942 3010 5002; x_wconf 82' lang='grc' dir='ltr'>εἶδον</span> <span class='ocrx_word' id='word_1_801' title='bbox 3058 4948 3110 5000; x_wconf 76' lang='grc' dir='ltr'><strong>οἱ</strong></span> <span class='ocrx_word' id='word_1_802' title='bbox 3155 4947 3426 5020; x_wconf 82' lang='grc' dir='ltr'>ὀφθαλμοί</span> <span class='ocrx_word' id='word_1_803' title='bbox 3465 4966 3566 5021; x_wconf 89' lang='grc' dir='ltr'><strong>μου</strong></span> <span class='ocrx_word' id='word_1_804' title='bbox 3612 4952 3679 5007; x_wconf 74' lang='grc' dir='ltr'><strong>τὸ</strong></span> 
     </span>
    </p>
   </div>
   <div class='ocr_carea' id='block_1_106' title="bbox 2084 5037 3680 5114">
    <p class='ocr_par' dir='ltr' id='par_1_106' title="bbox 2084 5037 3680 5114">
     <span class='ocr_line' id='line_1_106' title="bbox 2084 5037 3680 5114; baseline 0 -19"><span class='ocrx_word' id='word_1_805' title='bbox 2084 5042 2349 5114; x_wconf 79' lang='grc' dir='ltr'>σωτήριόν</span> <span class='ocrx_word' id='word_1_806' title='bbox 2372 5058 2485 5097; x_wconf 90' lang='grc' dir='ltr'>σου.</span> <span class='ocrx_word' id='word_1_807' title='bbox 2520 5040 2549 5094; x_wconf 84' lang='grc' dir='ltr'><strong>ὃ</strong></span> <span class='ocrx_word' id='word_1_808' title='bbox 2591 5038 2899 5111; x_wconf 81' lang='grc' dir='ltr'>ἡτοίμασας</span> <span class='ocrx_word' id='word_1_809' title='bbox 2945 5037 3087 5092; x_wconf 87' lang='grc' dir='ltr'><strong>κατά</strong></span> <span class='ocrx_word' id='word_1_810' title='bbox 3125 5038 3422 5109; x_wconf 86' lang='grc' dir='ltr'>πρόσωπον</span> <span class='ocrx_word' id='word_1_811' title='bbox 3454 5042 3680 5095; x_wconf 83' lang='grc' dir='ltr'>πάντων</span> 
     </span>
    </p>
   </div>
   <div class='ocr_carea' id='block_1_107' title="bbox 2065 5127 3677 5221">
    <p class='ocr_par' dir='ltr' id='par_1_107' title="bbox 2065 5127 3677 5221">
     <span class='ocr_line' id='line_1_107' title="bbox 2065 5127 3677 5221; baseline -0.004 -30"><span class='ocrx_word' id='word_1_812' title='bbox 2065 5136 2177 5191; x_wconf 88' lang='grc' dir='ltr'><strong>τῶν</strong></span> <span class='ocrx_word' id='word_1_813' title='bbox 2196 5133 2362 5189; x_wconf 89' lang='grc' dir='ltr'>λαῶν·</span> <span class='ocrx_word' id='word_1_814' title='bbox 2388 5132 2505 5203; x_wconf 88' lang='grc' dir='ltr'><strong>φῶς</strong></span> <span class='ocrx_word' id='word_1_815' title='bbox 2532 5132 2613 5193; x_wconf 86' lang='grc' dir='ltr'>εἰς</span> <span class='ocrx_word' id='word_1_816' title='bbox 2638 5128 2982 5197; x_wconf 80' lang='grc' dir='ltr'>ἀποκάλυψιν</span> <span class='ocrx_word' id='word_1_817' title='bbox 3007 5127 3180 5221; x_wconf 72' lang='grc' dir='ltr'><strong>ἐθνῶν</strong></span> <span class='ocrx_word' id='word_1_818' title='bbox 3229 5130 3326 5221; x_wconf 62' lang='grc' dir='ltr'>καὶ</span> <span class='ocrx_word' id='word_1_819' title='bbox 3361 5130 3518 5196; x_wconf 82' lang='grc' dir='ltr'>δόξαν</span> <span class='ocrx_word' id='word_1_820' title='bbox 3541 5132 3677 5186; x_wconf 87' lang='grc' dir='ltr'>λαοῦ</span> 
     </span>
    </p>
   </div>
   <div class='ocr_carea' id='block_1_108' title="bbox 2070 5220 3677 5298">
    <p class='ocr_par' dir='ltr' id='par_1_108' title="bbox 2070 5220 3677 5298">
     <span class='ocr_line' id='line_1_108' title="bbox 2070 5220 3677 5298; baseline -0.004 -16"><span class='ocrx_word' id='word_1_821' title='bbox 2070 5246 2164 5282; x_wconf 84' lang='grc' dir='ltr'><strong>σου</strong></span> <span class='ocrx_word' id='word_1_822' title='bbox 2198 5225 2433 5298; x_wconf 83' lang='grc' dir='ltr'>Ἰσραήλ.</span> <span class='ocrx_word' id='word_1_823' title='bbox 2454 5221 2682 5286; x_wconf 68' lang='grc' dir='ltr'>»Καλῶς</span> <span class='ocrx_word' id='word_1_824' title='bbox 2718 5222 2747 5274; x_wconf 93' lang='lat'><strong>6</strong></span> <span class='ocrx_word' id='word_1_825' title='bbox 2774 5220 3165 5290; x_wconf 80' lang='grc' dir='ltr'>πνευματικὸς,</span> <span class='ocrx_word' id='word_1_826' title='bbox 3196 5221 3258 5275; x_wconf 80' lang='grc' dir='ltr'><strong>τὸ</strong></span> <span class='ocrx_word' id='word_1_827' title='bbox 3280 5220 3677 5293; x_wconf 79' lang='grc' dir='ltr'>πνευματικὸν</span> 
     </span>
    </p>
   </div>
   <div class='ocr_carea' id='block_1_109' title="bbox 2067 5311 3677 5388">
    <p class='ocr_par' dir='ltr' id='par_1_109' title="bbox 2067 5311 3677 5388">
     <span class='ocr_line' id='line_1_109' title="bbox 2067 5311 3677 5388; baseline -0.003 -14"><span class='ocrx_word' id='word_1_828' title='bbox 2067 5321 2159 5375; x_wconf 81' lang='grc' dir='ltr'>τοῦ</span> <span class='ocrx_word' id='word_1_829' title='bbox 2187 5320 2390 5388; x_wconf 79' lang='grc' dir='ltr'>κόσμου</span> <span class='ocrx_word' id='word_1_830' title='bbox 2423 5313 2780 5385; x_wconf 80' lang='grc' dir='ltr'>φωταγωγῶν</span> <span class='ocrx_word' id='word_1_831' title='bbox 2803 5311 2922 5381; x_wconf 86' lang='grc' dir='ltr'><strong>φῶς</strong></span> <span class='ocrx_word' id='word_1_832' title='bbox 2972 5312 3364 5383; x_wconf 79' lang='grc' dir='ltr'>ἀνηγόρευσεν.</span> <span class='ocrx_word' id='word_1_833' title='bbox 3433 5313 3677 5369; x_wconf 78' lang='grc' dir='ltr'>Ἐδέοντο</span> 
     </span>
    </p>
   </div>
   <div class='ocr_carea' id='block_1_110' title="bbox 2067 5402 3666 5483">
    <p class='ocr_par' dir='ltr' id='par_1_110' title="bbox 2067 5402 3666 5483">
     <span class='ocr_line' id='line_1_110' title="bbox 2067 5402 3666 5483; baseline -0.006 -19"><span class='ocrx_word' id='word_1_834' title='bbox 2067 5413 2195 5483; x_wconf 72' lang='grc' dir='ltr'>γὰρ,</span> <span class='ocrx_word' id='word_1_835' title='bbox 2224 5429 2243 5462; x_wconf 77' lang='grc' dir='ltr'><strong>ι</strong></span> <span class='ocrx_word' id='word_1_836' title='bbox 2291 5411 2342 5464; x_wconf 76' lang='grc' dir='ltr'>οἱ</span> <span class='ocrx_word' id='word_1_837' title='bbox 2368 5412 2424 5464; x_wconf 77' lang='grc' dir='ltr'><strong>ὲν</strong></span> <span class='ocrx_word' id='word_1_838' title='bbox 2465 5408 2651 5462; x_wconf 87' lang='grc' dir='ltr'>σκότει</span> <span class='ocrx_word' id='word_1_839' title='bbox 2700 5405 2797 5460; x_wconf 73' lang='grc' dir='ltr'>καὶ</span> <span class='ocrx_word' id='word_1_840' title='bbox 2832 5405 2962 5475; x_wconf 82' lang='grc' dir='ltr'>σκιᾷ</span> <span class='ocrx_word' id='word_1_841' title='bbox 2998 5402 3233 5457; x_wconf 84' lang='grc' dir='ltr'>θανάτου</span> <span class='ocrx_word' id='word_1_842' title='bbox 3268 5403 3666 5475; x_wconf 70' lang='grc' dir='ltr'>καθήμενοι,,›</span> 
     </span>
    </p>
   </div>
   <div class='ocr_carea' id='block_1_111' title="bbox 2067 5493 3672 5571">
    <p class='ocr_par' dir='ltr' id='par_1_111' title="bbox 2067 5493 3672 5571">
     <span class='ocr_line' id='line_1_111' title="bbox 2067 5493 3672 5571; baseline -0.006 -16"><span class='ocrx_word' id='word_1_843' title='bbox 2067 5503 2167 5571; x_wconf 87' lang='grc' dir='ltr'><strong>τῆς</strong></span> <span class='ocrx_word' id='word_1_844' title='bbox 2200 5498 2554 5570; x_wconf 85' lang='grc' dir='ltr'>δωδεκαώρου</span> <span class='ocrx_word' id='word_1_845' title='bbox 2582 5497 2679 5553; x_wconf 74' lang='grc' dir='ltr'>καὶ</span> <span class='ocrx_word' id='word_1_846' title='bbox 2701 5498 2904 5565; x_wconf 77' lang='grc' dir='ltr'>νεκρᾶς</span> <span class='ocrx_word' id='word_1_847' title='bbox 2934 5493 3169 5566; x_wconf 83' lang='grc' dir='ltr'>ἡμέρας.</span> <span class='ocrx_word' id='word_1_848' title='bbox 3200 5494 3345 5547; x_wconf 91' lang='grc' dir='ltr'>Διότι</span> <span class='ocrx_word' id='word_1_849' title='bbox 3367 5494 3672 5547; x_wconf 53' lang='grc' dir='ltr'>ἐπεσκότει-</span> 
     </span>
    </p>
   </div>
   <div class='ocr_carea' id='block_1_112' title="bbox 460 5584 1974 5657">
    <p class='ocr_par' dir='ltr' id='par_1_112' title="bbox 460 5584 1965 5657">
     <span class='ocr_line' id='line_1_112' title="bbox 460 5584 1965 5657; baseline 0.003 -15"><span class='ocrx_word' id='word_1_850' title='bbox 460 5584 503 5657; x_wconf 62' lang='lat'><strong>{7</strong></span> <span class='ocrx_word' id='word_1_851' title='bbox 538 5586 697 5642; x_wconf 85' lang='lat' dir='ltr'><strong>Rom.</strong></span> <span class='ocrx_word' id='word_1_852' title='bbox 737 5605 848 5656; x_wconf 78' lang='grc' dir='ltr'><strong>νηί,</strong></span> <span class='ocrx_word' id='word_1_853' title='bbox 881 5590 967 5645; x_wconf 71' lang='grc'><strong>14.</strong></span> <span class='ocrx_word' id='word_1_854' title='bbox 1042 5589 1087 5622; x_wconf 80' lang='grc'><strong>³⁸</strong></span> <span class='ocrx_word' id='word_1_855' title='bbox 1120 5591 1263 5646; x_wconf 88' lang='lat' dir='ltr'><strong>Psal.</strong></span> <span class='ocrx_word' id='word_1_856' title='bbox 1342 5606 1535 5656; x_wconf 76' lang='lat' dir='ltr'><strong>Lxxxv,</strong></span> <span class='ocrx_word' id='word_1_857' title='bbox 1578 5593 1631 5648; x_wconf 91' lang='lat'><strong>8.</strong></span> <span class='ocrx_word' id='word_1_858' title='bbox 1708 5596 1755 5628; x_wconf 78' lang='lat'><strong>&quot;</strong></span> <span class='ocrx_word' id='word_1_859' title='bbox 1791 5595 1965 5651; x_wconf 75' lang='lat' dir='ltr'><strong>Exod.</strong></span> 
     </span>
    </p>
   </div>
   <div class='ocr_carea' id='block_1_113' title="bbox 2077 5584 3667 5657">
    <p class='ocr_par' dir='ltr' id='par_1_113' title="bbox 2078 5584 3667 5657">
     <span class='ocr_line' id='line_1_113' title="bbox 2078 5584 3667 5657; baseline -0.004 -10"><span class='ocrx_word' id='word_1_860' title='bbox 2078 5634 2092 5657; x_wconf 95' lang='lat'><strong>,</strong></span> <span class='ocrx_word' id='word_1_861' title='bbox 2120 5594 2176 5647; x_wconf 66' lang='grc' dir='ltr'><strong>(Ξ.</strong></span> <span class='ocrx_word' id='word_1_862' title='bbox 2251 5593 2297 5625; x_wconf 67' lang='grc'><strong>⁸⁸³</strong></span> <span class='ocrx_word' id='word_1_863' title='bbox 2324 5591 2428 5646; x_wconf 84' lang='lat' dir='ltr'><strong>Isa.</strong></span> <span class='ocrx_word' id='word_1_864' title='bbox 2458 5605 2542 5656; x_wconf 73' lang='grc' dir='ltr'>ιν,</span> <span class='ocrx_word' id='word_1_865' title='bbox 2579 5589 2634 5645; x_wconf 87' lang='grc'><strong>9.</strong></span> <span class='ocrx_word' id='word_1_866' title='bbox 2712 5589 2758 5622; x_wconf 66' lang='grc' dir='ltr'>δι</span> <span class='ocrx_word' id='word_1_867' title='bbox 2799 5587 2968 5642; x_wconf 84' lang='lat' dir='ltr'><strong>Hebr.</strong></span> <span class='ocrx_word' id='word_1_868' title='bbox 2995 5599 3112 5657; x_wconf 50' lang='lat' dir='ltr'><strong>vin,</strong></span> <span class='ocrx_word' id='word_1_869' title='bbox 3142 5584 3199 5657; x_wconf 62' lang='grc' dir='ltr'><strong>ί.</strong></span> <span class='ocrx_word' id='word_1_870' title='bbox 3230 5653 3252 5657; x_wconf 93' lang='lat'>_</span> <span class='ocrx_word' id='word_1_871' title='bbox 3273 5586 3319 5615; x_wconf 77' lang='lat'><strong>&quot;</strong></span> <span class='ocrx_word' id='word_1_872' title='bbox 3344 5585 3510 5641; x_wconf 82' lang='lat' dir='ltr'><strong>Marc.</strong></span> <span class='ocrx_word' id='word_1_873' title='bbox 3539 5602 3576 5647; x_wconf 87' lang='grc' dir='ltr'>ι,</span> <span class='ocrx_word' id='word_1_874' title='bbox 3610 5587 3667 5641; x_wconf 87' lang='grc'>7.</span> 
     </span>
    </p>
   </div>
   <div class='ocr_carea' id='block_1_114' title="bbox 388 5651 1974 5731">
    <p class='ocr_par' dir='ltr' id='par_1_114' title="bbox 388 5651 1966 5731">
     <span class='ocr_line' id='line_1_114' title="bbox 388 5651 1966 5731; baseline 0.007 -21"><span class='ocrx_word' id='word_1_875' title='bbox 388 5651 436 5731; x_wconf 62' lang='lat' dir='ltr'>ff</span> <span class='ocrx_word' id='word_1_876' title='bbox 461 5654 617 5731; x_wconf 79' lang='lat' dir='ltr'><strong>J_oan.</strong></span> <span class='ocrx_word' id='word_1_877' title='bbox 646 5672 684 5720; x_wconf 80' lang='grc' dir='ltr'>ι,</span> <span class='ocrx_word' id='word_1_878' title='bbox 714 5658 801 5731; x_wconf 57' lang='grc'>16.</span> <span class='ocrx_word' id='word_1_879' title='bbox 817 5651 845 5731; x_wconf 63' lang='grc' dir='ltr'><strong>ς</strong></span> <span class='ocrx_word' id='word_1_880' title='bbox 880 5659 927 5692; x_wconf 70' lang='grc'>⁸⁸</span> <span class='ocrx_word' id='word_1_881' title='bbox 953 5659 1000 5714; x_wconf 91' lang='lat' dir='ltr'>II</span> <span class='ocrx_word' id='word_1_882' title='bbox 1026 5658 1152 5731; x_wconf 91' lang='lat' dir='ltr'><strong>Cor.</strong></span> <span class='ocrx_word' id='word_1_883' title='bbox 1189 5677 1267 5731; x_wconf 83' lang='lat' dir='ltr'><strong>ut,</strong></span> <span class='ocrx_word' id='word_1_884' title='bbox 1303 5659 1389 5731; x_wconf 58' lang='lat'><strong>{0.</strong></span> <span class='ocrx_word' id='word_1_885' title='bbox 1465 5651 1692 5720; x_wconf 51' lang='lat' dir='ltr'><strong>&quot;&#39;Joan.</strong></span> <span class='ocrx_word' id='word_1_886' title='bbox 1725 5682 1839 5731; x_wconf 78' lang='lat' dir='ltr'><strong>vui,</strong></span> <span class='ocrx_word' id='word_1_887' title='bbox 1877 5666 1966 5722; x_wconf 73' lang='lat'><strong>54.</strong></span> 
     </span>
    </p>
   </div>
   <div class='ocr_carea' id='block_1_115' title="bbox 2077 5651 2487 5731">
    <p class='ocr_par' dir='ltr' id='par_1_115' title="bbox 2077 5651 2487 5727">
     <span class='ocr_line' id='line_1_115' title="bbox 2077 5651 2487 5727; baseline -0.015 -7"><span class='ocrx_word' id='word_1_888' title='bbox 2077 5651 2090 5697; x_wconf 61' lang='grc' dir='ltr'><strong>ί</strong></span> <span class='ocrx_word' id='word_1_889' title='bbox 2116 5663 2220 5719; x_wconf 90' lang='lat' dir='ltr'><strong>Isa.</strong></span> <span class='ocrx_word' id='word_1_890' title='bbox 2258 5677 2402 5727; x_wconf 75' lang='lat' dir='ltr'><strong>vat,</strong></span> <span class='ocrx_word' id='word_1_891' title='bbox 2434 5660 2487 5714; x_wconf 81' lang='lat' dir='ltr'><strong>l.</strong></span> 
     </span>
    </p>
   </div>
   <div class='ocr_carea' id='block_1_116' title="bbox 388 5718 1586 5797">
    <p class='ocr_par' dir='ltr' id='par_1_116' title="bbox 388 5718 1586 5797">
     <span class='ocr_line' id='line_1_116' title="bbox 388 5718 1586 5797; baseline 0.008 -21"><span class='ocrx_word' id='word_1_892' title='bbox 388 5718 437 5754; x_wconf 68' lang='grc' dir='ltr'><strong>δ’</strong></span> <span class='ocrx_word' id='word_1_893' title='bbox 484 5725 583 5778; x_wconf 87' lang='lat' dir='ltr'><strong>Isa.</strong></span> <span class='ocrx_word' id='word_1_894' title='bbox 618 5718 691 5789; x_wconf 56' lang='grc' dir='ltr'>ιι.</span> <span class='ocrx_word' id='word_1_895' title='bbox 716 5727 784 5793; x_wconf 71' lang='lat'><strong>2;</strong></span> <span class='ocrx_word' id='word_1_896' title='bbox 813 5727 948 5783; x_wconf 88' lang='lat' dir='ltr'><strong>Luc.</strong></span> <span class='ocrx_word' id='word_1_897' title='bbox 979 5745 1019 5794; x_wconf 86' lang='grc' dir='ltr'>ι,</span> <span class='ocrx_word' id='word_1_898' title='bbox 1058 5730 1158 5797; x_wconf 85' lang='grc'><strong>79;</strong></span> <span class='ocrx_word' id='word_1_899' title='bbox 1193 5718 1389 5785; x_wconf 81' lang='lat' dir='ltr'><strong>Matth.</strong></span> <span class='ocrx_word' id='word_1_900' title='bbox 1414 5745 1505 5797; x_wconf 78' lang='lat' dir='ltr'><strong>xx,</strong></span> <span class='ocrx_word' id='word_1_901' title='bbox 1533 5731 1586 5786; x_wconf 86' lang='lat'>6.</span> 
     </span>
    </p>
   </div>
   <div class='ocr_carea' id='block_1_117' title="bbox 461 5812 1153 5948">
    <p class='ocr_par' dir='ltr' id='par_1_117' title="bbox 461 5812 1153 5948">
     <span class='ocr_line' id='line_1_117' title="bbox 461 5812 1153 5948; baseline 0.013 -85"><span class='ocrx_word' id='word_1_902' title='bbox 461 5812 578 5948; x_wconf 67' lang='grc' dir='ltr'><strong>(9οζ</strong></span> <span class='ocrx_word' id='word_1_903' title='bbox 607 5815 879 5877; x_wconf 83' lang='lat' dir='ltr'><strong>Fortasse.</strong></span> <span class='ocrx_word' id='word_1_904' title='bbox 913 5819 1153 5888; x_wconf 84' lang='grc' dir='ltr'>Μωῦσῆν</span> 
     </span>
     <span class='ocr_line' id='line_1_118' title="bbox 470 5881 1121 5948; baseline 0.012 -16"><span class='ocrx_word' id='word_1_905' title='bbox 470 5882 551 5942; x_wconf 69' lang='lat'><strong>(‘31</strong></span> <span class='ocrx_word' id='word_1_906' title='bbox 612 5881 763 5946; x_wconf 84' lang='lat' dir='ltr'><strong>Erat,</strong></span> <span class='ocrx_word' id='word_1_907' title='bbox 793 5886 1121 5948; x_wconf 74' lang='grc' dir='ltr'>μεταϐόλως.</span> 
     </span>
    </p>
   </div>
   <div class='ocr_carea' id='block_1_118' title="bbox 470 5881 1121 5955">
    <p class='ocr_par' dir='ltr' id='par_1_118' title="bbox 470 5881 1121 5955">
     <span class='ocr_line' id='line_1_119' title="bbox 470 5881 1121 5955; baseline 0.012 -23"><span class='ocrx_word' id='word_1_908' title='bbox 470 5881 578 5948; x_wconf 69' lang='lat'><strong>(‘31)</strong></span> <span class='ocrx_word' id='word_1_909' title='bbox 612 5881 763 5955; x_wconf 76' lang='lat' dir='ltr'><strong>Erat,</strong></span> <span class='ocrx_word' id='word_1_910' title='bbox 793 5881 1121 5954; x_wconf 67' lang='grc' dir='ltr'>μεταϐόλωςξ</span> 
     </span>
    </p>
   </div>
   <div class='ocr_carea' id='block_1_119' title="bbox 2600 5653 3671 5725">
    <p class='ocr_par' dir='ltr' id='par_1_119' title="bbox 2600 5653 3671 5725">
     <span class='ocr_line' id='line_1_120' title="bbox 2600 5653 3671 5725; baseline -0.005 -9"><span class='ocrx_word' id='word_1_911' title='bbox 2600 5660 2646 5692; x_wconf 75' lang='grc' dir='ltr'>δ’</span> <span class='ocrx_word' id='word_1_912' title='bbox 2672 5658 2845 5716; x_wconf 75' lang='lat' dir='ltr'><strong>Exod.</strong></span> <span class='ocrx_word' id='word_1_913' title='bbox 2882 5673 2992 5725; x_wconf 76' lang='lat' dir='ltr'><strong>xix,</strong></span> <span class='ocrx_word' id='word_1_914' title='bbox 3025 5654 3079 5709; x_wconf 80' lang='lat'><strong>&#39;5.</strong></span> <span class='ocrx_word' id='word_1_915' title='bbox 3158 5654 3203 5687; x_wconf 75' lang='grc'><strong>⁸⁸</strong></span> <span class='ocrx_word' id='word_1_916' title='bbox 3230 5653 3366 5709; x_wconf 89' lang='lat' dir='ltr'><strong>Luc.</strong></span> <span class='ocrx_word' id='word_1_917' title='bbox 3397 5672 3456 5722; x_wconf 81' lang='grc' dir='ltr'>ιι,</span> <span class='ocrx_word' id='word_1_918' title='bbox 3479 5656 3671 5713; x_wconf 52' lang='grc'><strong>2932.</strong></span> 
     </span>
    </p>
   </div>
   <div class='ocr_carea' id='block_1_120' title="bbox 2126 5813 3100 5887">
    <p class='ocr_par' dir='ltr' id='par_1_120' title="bbox 2126 5813 3100 5887">
     <span class='ocr_line' id='line_1_121' title="bbox 2126 5813 3100 5887; baseline -0.005 -15"><span class='ocrx_word' id='word_1_919' title='bbox 2126 5815 2260 5887; x_wconf 77' lang='grc'><strong>(91⁸)</strong></span> <span class='ocrx_word' id='word_1_920' title='bbox 2293 5814 2354 5869; x_wconf 78' lang='lat' dir='ltr'><strong>F.</strong></span> <span class='ocrx_word' id='word_1_921' title='bbox 2383 5815 2599 5886; x_wconf 84' lang='grc' dir='ltr'>προσίει</span> <span class='ocrx_word' id='word_1_922' title='bbox 2647 5813 2727 5886; x_wconf 80' lang='grc' dir='ltr'>τῷ</span> <span class='ocrx_word' id='word_1_923' title='bbox 2787 5814 2909 5868; x_wconf 84' lang='grc' dir='ltr'>λαλ.</span> <span class='ocrx_word' id='word_1_924' title='bbox 2947 5814 3100 5871; x_wconf 81' lang='lat' dir='ltr'><strong>Ent&#39;r.</strong></span> 
     </span>
    </p>
   </div>
  </div>
