4076 6514
454 510 475 562 ί
492 500 585 562 ιοτ

1553 499 1900 559 THEODOTI
1939 495 2242 556 EPISCOPI
2280 499 2624 556 ANCYRANI

3572 494 3719 550 “03

451 621 688 682 ltitiam,
717 639 735 672 ι
768 622 926 693 juxta
974 621 1317 691 Scripturam
1342 620 1386 650 ”
1414 636 1427 685 ;
1457 619 1667 689 galeam
1701 631 1833 672 vero
1871 614 2021 687 judi-
2055 661 2060 675 ,

2158 633 2236 681 ος,
2292 614 2433 669 κατά
2482 615 2582 684 τὴν
2637 611 2880 683 Γραφὴν.
2932 610 3296 681 δικαιοσύνην·
3338 627 3356 660 ι
3392 609 3598 679 κόρυθα
3625 612 3719 677 δὲ,

448 712 598 765 cium
624 711 743 765 sine
765 711 1159 766 simulatione:
1204 726 1362 781 spem
1391 718 1597 774 autem,
1632 704 2025 777 inexpugnabi-

450 802 561 855 lem
583 801 960 857 sanctitatem:
993 802 1161 872 idque
1202 801 1385 870 ipsum
1423 799 1571 870 quod
1597 799 1666 853 ab
1694 795 2026 853 adversariis

452 907 620 947 carne
671 901 964 963 superatus
1000 893 1178 948 teneri
1215 892 1523 957 videretur,
1556 905 1653 944 eos
1693 888 1790 958 qui
1815 887 2029 944 detine-

451 991 579 1036 rent
609 982 802 1038 inaues
833 982 1166 1052 viribusque
1196 998 1400 1037 vacuos
1430 981 1709 1051 triumpho
1736 979 1867 1050 egit.

532 1071 647 1127 Xll.
678 1074 1003 1143 Huiusmodi
1035 1081 1142 1139 est,
1179 1088 1212 1129 ο
1246 1074 1445 1138 Judaei,
1483 1073 1631 1143 regis
1663 1071 1838 1126 nostri
1870 1069 2030 1125 Chri-

455 1163 526 1218 sti
584 1163 756 1222 acies.
814 1165 1034 1219 tametsi
1085 1180 1187 1220 vos
1246 1165 1739 1234 reprehensionem
1791 1160 2026 1231 parctis.

457 1252 631 1308 Porro
657 1255 824 1309 etiam
855 1255 1227 1310 destinavitin
1250 1256 1439 1310 orbem
1472 1262 1655 1319 teme,
1684 1252 1778 1323 qui
1806 1250 2029 1305 convel-

459 1340 642 1395 lerent
660 1356 947 1396 errorem:
1002 1344 1246 1398 inermes
1286 1342 1477 1406 duces,
1514 1342 1635 1396 sine
1676 1342 1779 1404 ira,
1824 1339 2030 1407 absque

463 1431 761 1501 sanguine;
802 1433 898 1502 qui
920 1433 1143 1503 quidem
1192 1448 1303 1487 uno
1332 1432 1556 1502 pietatis
1578 1429 1878 1501 praeconio,
1910 1444 2033 1482 om-

463 1535 595 1574 nem
623 1521 1019 1576 sublimitatem
1044 1522 1365 1576 etl'erentem
1388 1536 1447 1576 se
1465 1520 1730 1575 adversus
1749 1520 1869 1589 ejus
1900 1516 2035 1572 divi-

473 1625 601 1665 nam
624 1611 882 1667 unionem
917 1613 1327 1679 convellerent;
1374 1627 1539 1667 omne
1564 1625 1698 1665 vero
1736 1625 1908 1680 genus
1929 1608 2030 1662 hu-

465 1717 691 1756 manum
724 1703 1125 1767 illuminarent,
1154 1701 1627 1773 quemadmodum
1650 1702 1727 1755 ait
1745 1700 2032 1770 propheta:

472 1812 492 1844 ‹
511 1793 572 1846 In
594 1793 718 1848 luce
766 1795 977 1864 sagittae
1001 1802 1109 1849 tua:
1130 1794 1310 1858 ibunt,
1331 1794 1386 1847 in
1408 1793 1622 1863 fulgure
1636 1789 2039 1847 coruscationis

470 1898 754 1937 armorum
786 1892 1008 1939 tuorum
1039 1887 1106 1939 ⁸’.
1132 1905 1149 1936 ι
1196 1886 1408 1941 Idcirco
1454 1885 1622 1939 etiam
1665 1884 1863 1939 clamat
1900 1880 2040 1937 divi-

2125 704 2308 775 κρίσιν
2335 702 2725 772 ἀνυπόκριτονο
2747 699 2937 753 ἐλπίδα
2978 699 3058 763 δὲ,
3102 697 3528 767 ἀκαταμάχητον
3555 699 3717 751 ὁσιό-

2123 811 2281 865 τητα,
2327 794 2422 847 καὶ
2448 792 2528 863 τῷ
2555 791 2871 861 κρατεῖσθαι
2894 791 3071 844 δοκεῖν
3096 789 3187 843 διὰ
3229 789 3327 859 τῆς
3359 788 3565 860 σαρκὸς
3594 791 3721 853 τοῖς

2124 883 2464 946 ἀντιπάλοις,
2491 881 2690 946 ἑώλους
2716 882 2809 935 καί
2830 879 3021 950 ἀνισχύ
3031 896 3156 950 ρους
3191 880 3319 942 τοὺς
3352 880 3719 948 κατέχοντας,

2125 972 2547 1043 τεθριάμϐευκε.

2202 1065 2301 1118 ΙΒ’.
2334 1062 2593 1132 Τοιαύτη,
2611 1055 2656 1115 ὦ
2691 1060 2953 1125 Ἰουδαῖοι,
2972 1059 3065 1114 τοῦ
3100 1057 3365 1129 βασιλέως
3392 1058 3551 1129 ἡμῶν
3575 1060 3726 1130 Χρι-

2133 1156 2262 1209 στοῦ
2289 1157 2323 1226 ἡ
2351 1153 2677 1226 παράταξις,
2704 1153 2809 1207 κᾶν
2828 1153 2984 1223 ὑμεῖς
3003 1152 3094 1206 τὸν
3115 1152 3313 1205 οἰκεῖον
3333 1149 3724 1221 ταμιεύσησθε

2129 1248 2373 1316 ἔλεγχον.
2417 1247 2800 1313 Ἐξαπέστειλε
2841 1245 2899 1298 δὲ
2925 1245 3020 1299 καὶ
3061 1244 3394 1315 καθαιρετας
3438 1243 3540 1313 τῆς
3574 1243 3725 1296 πλά-

2130 1358 2228 1409 νης
2260 1341 2341 1403 είς
2386 1338 2483 1411 τὴν
2519 1339 2871 1409 οἰκουμένην,
2907 1338 3246 1409 στρατηγοὺς
3276 1337 3533 1399 ἀόπλους,
3583 1337 3727 1407 ἀορ-

2132 1433 2362 1500 γήτους,
2416 1431 2820 1500 ἀναιμάκτους,
2862 1428 3176 1500 κηρύγματι
3231 1427 3517 1491 εὐσεϐείας
3549 1430 3724 1498 μόνον

2134 1520 2557 1591 ἐξαφανίζοντας
2607 1521 2707 1591 μὲν
2744 1522 2854 1574 πᾶν
2905 1520 3106 1590 ὕψωμα
3156 1519 3521 1589 ἐπαιρόμενον
3571 1518 3727 1571 κατὰ

2133 1612 2233 1683 τῆς
2273 1612 2425 1674 θείας
2452 1611 2618 1667 αὐτοῦ
2652 1613 2917 1678 ὲνὼσεως,
2953 1609 3292 1680 φωτίζοντας
3320 1608 3379 1663 δὲ
3420 1610 3533 1663 πᾶν
3556 1609 3728 1678 γένος

2135 1702 2462 1775 ἀνθρώπων,
2493 1703 2569 1767 ὥς
2593 1719 2759 1772 φησιν
2793 1705 2822 1758 ὁ
2850 1704 3158 1775 προφήτηςο
3195 1720 3215 1753 ι
3249 1702 3343 1765 Et;
3375 1701 3490 1770 φῶς
3511 1701 3732 1771 βολίδες

2140 1813 2234 1849 σου
2261 1793 2637 1866 πορεύσονται,
2659 1796 2739 1858 είς
2774 1794 2978 1864 φέγγος
3007 1795 3294 1863 ἀστραπῆς
3321 1793 3501 1847 ὅπλων
3541 1809 3662 1847 σου.
3702 1811 3725 1844 ι

2140 1885 2239 1939 Διά
2266 1884 2422 1938 τοῦτο
2448 1885 2549 1938 καὶ.
2571 1887 2601 1937 ὁ
2620 1884 2893 1949 θειότατος
2936 1883 3257 1948 Ἀπόστολος
3280 1883 3398 1954 βοᾷ·
3441 1903 3460 1936 ι
3495 1883 3581 1937 Τά
3613 1884 3733 1954 γὰρ

468 1975 740 2030 nissimus
755 1975 1080 2045 Apostolus:
1113 1994 1130 2025 ι
1154 1975 1288 2029 Nam
1307 1991 1456 2030 arma
1476 1976 1686 2030 militia:
1701 1983 1900 2029 nostra:
1928 1989 2039 2028 non

2156 1976 2282 2030 5πλα
2319 1976 2417 2044 τῆς
2446 1977 2736 2047 στρατείας
2761 1976 2940 2047 ἡμῶν,
2966 1976 3027 2030 οὐ
3064 1952 3324 2047 σαρκικά,
3352 1952 3489 2028 ἀλλά
3518 1952 3734 2029 δυνατά

469 2063 712 2117 carnalia
745 2070 895 2127 sunt,
918 2063 1014 2117 sed
1044 2063 1292 2132 potentia
1344 2064 1457 2119 Deo
1503 2063 1572 2118 ad
1607 2063 2040 2118 destructionem

470 2152 841 2207 munitionum
866 2170 879 2208 :
904 2153 1139 2209 consilia
1171 2154 1541 2218 destruentes,
1574 2162 1631 2208 et
1675 2167 1894 2209 omnem
1921 2153 2044 2207 alti-

471 2242 722 2298 tudinem
743 2244 1101 2299 extollentem
1144 2259 1203 2298 se
1238 2243 1506 2299 adversus
1538 2244 1734 2310 Deum,
1763 2253 1819 2299 et
1860 2244 1915 2298 in
1949 2259 2044 2299 ca—

471 2333 782 2402 ptivitatem
807 2335 1119 2405 redigentes
1140 2350 1362 2389 omnem
1405 2334 1750 2390 intellectum
1786 2335 1845 2390 in
1885 2335 2047 2390 obse-

471 2424 669 2492 quium
700 2424 907 2481 Christi
936 2427 1005 2480 "‘.
1026 2445 1044 2477 ι
1077 2424 1122 2481 Ο
1152 2427 1516 2483 miraculum!
1556 2443 1591 2483 ο
1634 2427 1970 2483 ineﬂ‘abilem
1991 2435 2049 2483 et

474 2515 810 2571 adorandam
859 2516 1191 2573 bonitateml
1235 2534 1269 2574 ο
1320 2519 1570 2575 divinum
1614 2528 1672 2574 et
1709 2518 2052 2575 inenarrabi-

475 2607 605 2664 lem.
634 2616 923 2676 paternum
956 2609 1014 2663 in
1034 2625 1136 2664 nos
1158 2610 1376 2666 Domini
1401 2613 1680 2667 amorem!
1706 2612 1777 2668 Ut
1805 2611 2051 2682 legitimo

470 2700 693 2762 ordine,
738 2715 850 2754 non
880 2701 1131 2770 potentia
1160 2702 1271 2756 vim
1301 2702 1560 2770 faciente,
1584 2719 1779 2759 eorum
1820 2703 2052 2774 provide

476 2791 714 2849 salutem
743 2792 977 2862 peregit,
1011 2807 1153 2863 quos
1191 2794 1471 2865 colloquio
1504 2795 1934 2866 inductioneque
1964 2794 2054 2850 fur

482 2883 578 2937 ille
601 2883 819 2953 generis
862 2884 1028 2939 avita
1051 2883 1387 2942 abduxerat:
1434 2893 1599 2956 atque
1644 2886 1794 2942 unde
1837 2888 2055 2957 primus

480 2988 686 3041 parens
709 2974 1068 3041 abstraxerat,
1109 2992 1375 3048 prospere
1398 2977 1653 3043 reduxit;
1691 2976 1787 3032 ubi
1813 2993 2057 3033 exsecra-

483 3062 614 3118 bilis
666 3064 890 3134 quidem
938 3065 1115 3121 hostis
1180 3067 1499 3121 irrisionem
1558 3082 1951 3137 erroremque,
1999 3068 2056 3123 in

482 3154 714 3210 scientia
745 3155 1098 3225 despuissent
1128 3198 1143 3223 ,
1179 3173 1245 3212 ac
1284 3173 1387 3212 ceu
1438 3157 1640 3228 capitis
1672 3157 1926 3214 ardorem
1955 3159 2055 3215 de-

2139 2067 2219 2138 τῷ
2258 2067 2379 2138 Θεῷ
2431 2068 2571 2139 πρὸς
2618 2067 2941 2139 καθαίρεσιν
2977 2067 3351 2138 ὀχυρωμάτων
3374 2105 3390 2130 ,
3427 2067 3735 2137 λογισμοὺς

2141 2156 2471 2228 καθαίροντα
2515 2157 2629 2210 καὶ·
2669 2159 2780 2211 πᾶν
2825 2156 3028 2227 ὕψωμα
3061 2156 3422 2227 ἐπαιρόμενον
3457 2158 3602 2211 κατά
3630 2155 3735 2211 τοῦ

2145 2248 2303 2314 Θεοῦ,
2345 2250 2442 2303 καὶ
2467 2247 2963 2319 αἰχμαλωτίζοντες
3000 2250 3112 2303 πᾶν
3141 2249 3323 2320 νόημα
3352 2250 3434 2312 εἰς
3481 2247 3584 2319 τὴν
3623 2248 3737 2302 ὐπ-

2146 2341 2318 2411 ακοὴν
2349 2340 2444 2395 τοῦ
2483 2340 2741 2412 Χριστοῦ.
2804 2360 2824 2394 ι
2878 2342 2943 2395 '0
2991 2341 3089 2394 τοῦ
3145 2340 3450 2412 θαύματοςῑ
3507 2340 3554 2393 ὢ
3628 2341 3736 2411 τῆς

2147 2431 2357 2500 ἀφάτου
2382 2431 2477 2485 καὶ
2511 2431 2893 2503 προσκυνητῆς
2935 2430 3314 2501 ἀγαθότητοςί
3350 2430 3397 2484 ὣ
3426 2433 3527 2502 τῆς
3574 2430 3736 2495 θείας

2149 2523 2246 2576 καὶ
2272 2522 2662 2594 ἀνεκδιηγήτου
2686 2523 2820 2595 περὶ
2851 2524 3002 2593 ἡμᾶς
3033 2522 3129 2577 τοῦ
3151 2523 3428 2576 Δεσπότου
3463 2521 3734 2593 στοργῆς.

2152 2614 2278 2677 Πῶς
2295 2614 2515 2684 νομίμῳ
2544 2612 2718 2681 τάξει,
2751 2614 2844 2667 καὶ
2882 2613 2943 2665 οὐ
2973 2612 3292 2677 δυναστείας
3324 2613 3562 2683 ἀνάγκη,
3596 2611 3737 2665 συλ-

2151 2704 2295 2774 λόγῳ
2311 2702 2445 2773 (97')
2459 2720 2519 2756 τε
2536 2703 2631 2756 καὶ
2645 2700 2818 2771 πειθῷ
2828 2702 2998 2755 ἀποϐο
3011 2700 3085 2773 [υ]
3106 2701 3461 2756 κολισθέντων
3474 2702 3573 2769 τῆς
3588 2700 3742 2768 ζωῆς

2155 2793 2262 2846 ὐπὸ
2274 2792 2368 2846 τοῦ
2384 2792 2707 2863 κλεψογόνου
2732 2791 3052 2863 ᾠκονόμηκε
3068 2792 3362 2862 σωτηρίαν
3381 2791 3474 2844 καὶ
3492 2790 3590 2860 τὴν
3611 2790 3743 2844 ὅθεν

2154 2882 2415 2952 ἀφείλατο
2458 2884 2488 2935 ό
2543 2882 2984 2954 πρωτόπλαστος,
3034 2880 3281 2950 ὲπανόδῳ
3320 2879 3743 2940 κατευὼδωκεν,

2169 2973 2609 3037 Ἀποπτύσαντες
2640 2973 2737 3045 μὲν
2766 2972 2862 3028 καὶ
2901 2973 3391 3044 ἀποσειριάσαντες
3439 2973 3499 3025 ὲν
3530 2971 3741 3041 γνώσει

2155 3065 2251 3120 τοῦ
2279 3064 2516 3137 μυσεροῦ
2547 3067 2847 3136 δυσμενοῦς
2888 3064 2989 3137 τὴν
3017 3064 3217 3135 χλεύην
3247 3066 3342 3118 καὶ
3373 3064 3607 3134 πλάνην,
3643 3064 3746 3117 ἕνα

2156 3156 2215 3209 δὲ
2250 3157 2375 3228 ὅρον
2407 3156 2781 3225 ἐπεγνωκότες
2826 3155 3108 3227 λυσιτελῆ,
3140 3156 3202 3208 τὸ
3257 3153 3426 3227 μηδὲν
3454 3154 3556 3225 τῆς
3584 3155 3751 3207 εὐσε-

484 3245 755 3316 pulissent
776 3246 908 3317 (96);
942 3262 1111 3302 unam
1137 3263 1270 3301 vero
1297 3246 1491 3303 utilem
1520 3249 1787 3320 regulam,
1804 3256 1869 3303 ut
1895 3248 2059 3303 nimi-

2162 3246 2315 3310 ϐείας
2355 3246 2692 3317 προκρίνειν·
2724 3246 2977 3300 ἐντεῦθεν
3014 3247 3115 3317 τῆς
3149 3246 3249 3315 μὲν
3289 3245 3611 3315 Ἑλληνικῆς
3646 3262 3753 3315 μυ·-

485 3352 607 3390 rum
632 3336 771 3391 nihil
790 3337 986 3408 pietati
1014 3343 1073 3397 et
1096 3337 1353 3408 religioni
1395 3338 1746 3409 praeferrent,
1800 3339 2056 3411 agnovis-

2163 3337 2546 3410 θοθρησκείας,
2583 3338 2659 3401 ὡς
2688 3339 2748 3392 ὲν
2771 3339 2984 3408 νεκροῖς
3013 3336 3430 3409 προσοχθήμασι
3467 3334 3566 3399 τὰς
3599 3335 3753 3389 ὲλπίο

483 3431 643 3478 sent:
679 3426 886 3480 sensim
912 3426 1043 3482 inde
1065 3441 1131 3482 ac
1156 3427 1312 3482 velut
1343 3426 1466 3484 sine
1516 3443 1708 3495 sensu,
1752 3445 1783 3485 a
1810 3428 2062 3485 fabuloso

492 3514 784 3586 gentilium
834 3518 987 3573 cultu
1020 3533 1175 3589 spem
1206 3518 1445 3575 habente
1472 3519 1531 3575 in
1558 3520 1796 3576 mortuis
1846 3521 2062 3577 abomi-

482 3606 810 3663 nationibus
846 3608 1142 3679 idolisque,
1165 3609 1513 3666 resilierunt:
1536 3627 1568 3666 a
1596 3611 1826 3667 Judaica
1879 3621 2060 3669 autem

490 3697 834 3768 insipientia,
856 3699 1012 3754 velut
1038 3699 1337 3757 conﬁtente
1378 3708 1648 3757 aeternum
1695 3703 1833 3758 vivae
1855 3712 1912 3759 et
1964 3704 2067 3758 im-

491 3789 716 3844 mobilis
725 3790 925 3844 divina:
941 3790 1262 3846 substantiae
1273 3793 1476 3863 justam
1496 3793 2067 3867 dilucidissimamque

490 3882 804 3947 notionem;
836 3880 1166 3949 subsistens,
1209 3884 1458 3954 inquam,
1488 3884 1665 3956 ipsius
1689 3886 1933 3942 Verbum
1973 3886 2067 3941 Fi-

492 3972 743 4043 liumque
770 3974 1303 4043 manifestissimum,
1331 3977 1554 4049 longius
1578 3986 1963 4034 recesserunt:
2005 3993 2071 4034 ac

494 4074 702 4121 rectam
732 4067 1058 4138 ﬁrmamque
1099 4068 1197 4123 Dei
1227 4069 1347 4124 veri
1396 4069 1655 4125 notitiam
1695 4076 2066 4139 receperunt:

494 4160 669 4214 Deum
697 4159 1025 4229 conﬁtentes
1048 4162 1257 4227 vivum,
1288 4162 1383 4232 qui
1412 4162 1468 4217 in
1504 4162 1729 4217 vivente
1753 4161 2068 4227 simulDeo,

492 4249 767 4319 simulque
791 4249 930 4305 Filio
953 4251 1122 4317 bono,
1150 4252 1454 4323 divinoque
1473 4262 1531 4308 et
1551 4252 1801 4323 ejusdem
1817 4253 2074 4308 substan-

495 4340 588 4394 tiae
611 4338 844 4409 Spiritu,
869 4355 1025 4395 suam
1051 4340 1214 4395 nobis
1241 4340 1534 4397 indivisam
1565 4342 1892 4399 Trinitatem
1917 4360 2075 4400 reve-

494 4432 659 4487 lavit:
688 4432 786 4501 qui
813 4432 870 4485 in
895 4431 1145 4501 ejusdem
1176 4446 1367 4487 secum
1404 4431 1729 4488 substantiae
1756 4441 1814 4489 et
1857 4432 2072 4490 incom-

2157 3428 2252 3492 δας
2286 3428 2652 3499 κεκτημένης,
2700 3427 3117 3499 ἀνεπαισθήτως
3146 3426 3532 3497 ἀπεπήδησανο
3560 3426 3663 3496 τῆς
3687 3425 3749 3478 δὲ

2173 3517 2470 3588 Ἰουδαϊκῆς
2504 3516 2816 3583 ἀξυνεσίας,
2844 3516 2922 3580 ὡς
2958 3516 3033 3587 μὴ
3080 3515 3454 3588 ὁμολογούσης
3477 3516 3575 3585 τῆς
3628 3516 3750 3568 ἀει-

2161 3607 2303 3673 ζώου
2327 3610 2422 3662 καὶ
2442 3608 2700 3679 ἀκινήτου
2731 3607 2881 3671 θείας
2906 3607 3095 3671 οὐσίας
3138 3608 3200 3661 τὸ
3240 3607 3447 3662 ἔνδικον
3478 3606 3576 3661 καὶ
3606 3606 3747 3677 τηλ-

2162 3700 2499 3769 αυγέστατον
2538 3699 2854 3770 γνώρισμα,
2880 3698 2972 3752 τδν
2994 3700 3362 3754 ὲνυπόστατον
3379 3699 3551 3770 αὐτῆς
3573 3699 3753 3767 Λόγον

2163 3795 2257 3849 καὶ
2282 3793 2688 3865 ὲμφανέστατον
2718 3792 2866 3858 Υίὺν,
2891 3792 3336 3863 ὲμακρύνθησαν·
3358 3790 3460 3862 τῆς
3496 3792 3555 3845 δὲ
3581 3772 3752 3862 ὀρθῆς

2162 3887 2263 3940 καὶ
2312 3885 2534 3954 βεϐαίας
2568 3885 2698 3956 περὶ
2736 3884 2827 3937 τὸν
2868 3882 3039 3947 ὅντως
3110 3883 3241 3937 δντα
3293 3882 3429 3937 Θεὸν
3492 3882 3753 3951 γνώσεως

2166 3975 2511 4032 ἐπελάϐοντο·
2566 3974 2748 4041 ζῶντα
2792 3973 2925 4029 Θεὸν
2967 3973 3386 4045 ὁμολογοῦντες,
3430 3972 3525 4027 τὸν
3564 3975 3625 4026 ὲν
3673 3973 3754 4045 τῷ

2169 4066 2332 4133 ζῶντι
2376 4068 2494 4136 ἀμα
2524 4066 2643 4136 Θεῷ
2688 4063 2783 4118 καὶ
2814 4064 2932 4136 ἅμα
2963 4058 3155 4134 ἀγαθῷ
3184 4063 3321 4135 Υῑῷ,
3365 4064 3460 4117 καὶ
3501 4063 3581 4134 τῷ
3621 4063 3758 4134 θείῳ

2170 4160 2267 4214 καὶ
2294 4158 2568 4230 ὁμοουσίῳ
2586 4156 2891 4228 Πνεύματι,
2912 4156 3011 4228 τὴν
3031 4156 3327 4228 ἀμέριστον
3348 4154 3515 4209 αὐτοῦ
3546 4154 3757 4227 Τριάδα

2171 4253 2303 4325 ἡμῖν
2323 4249 2770 4320 ἀποκαλύψαντα,
2791 4250 2882 4303 τὸν
2904 4252 2963 4302 ἐν
2983 4248 3064 4320 τῷ
3096 4247 3364 4319 ὁμοουσίῳ
3388 4247 3484 4301 καὶ⁸
3504 4247 3758 4319 ἀπαραλ-

2174 4344 2359 4415 λάκτῳ
2385 4342 2549 4398 αὐτοῦ
2595 4341 2710 4412 Υἰῷ
2736 4339 3241 4413 μεμαρτυρημένῳ,
3265 4340 3327 4393 τὺ
3357 4340 3457 4411 τῆς
3481 4339 3757 4410 πατρικῆς

2173 4434 2539 4506 κρυφυότητος
2566 4431 2856 4504 γνώρισμα
2885 4432 3192 4503 προάγοντα
3213 4470 3230 4498 ,
3268 4428 3361 4484 τὸν
3401 4428 3757 4494 ἀναδείξαντα

500 4523 751 4578 mutabili
792 4523 1086 4578 testiﬁcata
1138 4524 1183 4556 ”
1222 4524 1363 4579 Filio
1427 4537 1529 4579 suo
1585 4523 1742 4597 (97),
1793 4526 2060 4581 occultam

2175 4527 2308 4598 ἡμῖν
2339 4525 2520 4596 πάσης
2569 4522 2721 4587 θείας
2771 4522 3111 4593 προφητείας
3155 4522 3247 4577 τὸν
3290 4520 3505 4593 καρπὸν
3546 4519 3760 4591 Ἰησοῦν

495 4619 785 4682 paternam
838 4613 1110 4668 rationem
1142 4622 1443 4683 notamque
1491 4614 1751 4684 producit
1786 4632 1852 4673 ac
1891 4618 2060 4687 palam

2180 4615 2417 4689 Χριστὸν
2463 4613 2557 4667 τὸν
2597 4612 2802 4685 Κύρων
2845 4611 3027 4683 ἡμῶν,
3077 4612 3264 4682 άρτιον
3293 4612 3352 4664 ἐν
3398 4608 3637 4675 θεότητι,
3666 4608 3760 4661 καὶ

499 4703 723 4758 statuit:
781 4702 875 4772 qui
931 4704 1095 4760 nobis
1149 4704 1423 4761 universas
1469 4707 1774 4777 prophetiae.
1826 4707 2070 4763 fructum

502 4794 756 4848 exhibuit
778 4794 965 4849 Jesum
984 4795 1269 4851 Christum
1294 4796 1591 4853 Dominum
1633 4807 1919 4865 nostrum;
1956 4814 2084 4869 per-

498 4885 707 4941 fectum
761 4887 816 4940 in
862 4886 1088 4953 deitate,
1131 4898 1190 4944 et
1236 4888 1295 4943 in
1351 4888 1696 4945 humanitate
1737 4889 2079 4974 perfectum;

495 4987 663 5048 atque
690 4978 745 5032 in
785 4985 929 5034 terra
982 4979 1127 5035 sicut
1149 4980 1202 5035 in
1232 4981 1389 5037 caelis
1419 4983 1488 5037 ab
1529 4982 1737 5052 angelis
1769 4982 2081 5049 adoratum,

493 5069 650 5138 juxta
684 5086 813 5126 cum
841 5070 936 5141 qui
968 5070 1145 5127 dixit:
1184 5091 1204 5124 ς
1229 5072 1299 5128 Et
1345 5088 1472 5128 cum
1509 5074 1617 5127 iter
1632 5088 1725 5127 um
1776 5072 2083 5131 introducit

570 5231 616 5262 ⁵⁸
639 5232 841 5301 Ephes.
875 5248 949 5296 vr,
984 5234 1071 5289 15.
1149 5234 1195 5267 ⁸⁷
1230 5233 1435 5289 Hahae.
1460 5249 1541 5300 ιιι,
1570 5233 1658 5288 Η.
1733 5232 1780 5265 ⁸⁸
1805 5230 1851 5288 ll
1875 5231 2001 5288 Cor.
2028 5249 2084 5299 x,
2111 5231 2168 5300 6,
2199 5232 2253 5289 5.

574 5346 685 5418 (96)
721 5345 797 5399 Ac
832 5348 1140 5418 qqupapitis
1181 5343 1776 5418 ardorcmdepulisseut
1802 5361 1821 5400 :
1852 5344 2076 5418 ἀποσει-

507 5413 806 5486 ριάσαντες.
842 5413 1211 5486 ΜιιιῑιιίΤΙιεεΪ
1249 5424 1306 5469 et
1353 5415 1443 5468 alii
1497 5413 1553 5469 in
1589 5414 1821 5486 simplex
1856 5413 2079 5482 σειριάω

503 5484 560 5540 ct
594 5484 1132 5565 cstptactcxﬂquibus
1182 5484 1534 5565 designatur_
1561 5484 1739 5565 morbi
1778 5498 1959 5565 genus
2011 5498 2080 5537 ex

505 5552 736 5624 quadam
775 5552 971 5624 capitis
1005 5552 1431 5624 inﬂammatione
1460 5572 1472 5607 :
1508 5553 1649 5609 forte
1688 5552 1810 5624 ἀπδ
1840 5552 1935 5605 τοῦ
1969 5567 2080 5624 σει.-

510 5621 646 5695 ρίου,
694 5621 856 5693 quod
879 5623 1464 5695 tempore_canicul_:e,
1518 5624 1651 5695 solis
1695 5623 1864 5695 ardor
1907 5621 2085 5691 majus

507 5691 814 5816 irrisui—um
847 5691 1181 5763 ejuscemodi
1219 5693 1398 5749 morbi
1421 5703 1591 5751 creet.
1611 5693 1707 5748 Est
1729 5694 1949 5764 elegans
1974 5704 2089 5743 ma—

569 5779 603 5816 n
647 5777 763 5816 ora.

569 5777 763 5831 ρηοτδς

583 5826 792 5898 (οτγει
813 5830 1229 5898 incommutabili
1249 5831 1526 5897 testiﬁcata
1545 5828 1677 5883 Filio
1703 5845 1818 5885 suo.
1843 5836 1975 5883 etc.:
1995 5826 2087 5898 xu}

2177 4708 2383 4762 τέλειον
2441 4706 2499 4759 ιν
2551 4702 2953 4776 ἀνθρωπότητι,
3001 4704 3096 4756 καὶ
3149 4700 3626 4773 προσκυνούμενον
3666 4699 3760 4752 ὐπ’

2177 4796 2430 4868 ἀγγέλων
2458 4796 2553 4850 ἐπὶ
2580 4795 2684 4866 γῆς
2730 4795 2806 4859 ὡς
2837 4796 2896 4848 ὲν
2928 4793 3200 4864 οὐρανοῖς,
3234 4790 3375 4845 κατὰ
3418 4790 3511 4843 τὸν
3543 4789 3766 4860 εἰρηκό-

2176 4906 2265 4943 ταο
2325 4907 2345 4941 ς
2410 4888 2579 4942 Ὅταν
2623 4885 2682 4939 δὲ
2719 4884 2992 4957 εἰσαγάγῃ
3018 4882 3110 4937 τὸν
3152 4880 3496 4953 πρωτότοκον
3551 4880 3631 4941 εἰς
3662 4878 3767 4948 τὴν

2177 4981 2525 5051 οἰκουμένην,
2553 4978 2723 5046 λέγει.
2742 4977 2853 5030 Καὶ
2884 4975 3422 5047 προσκυνησάτωσαν
3448 4971 3598 5043 αὐτῷ
3631 4972 3768 5025 πάν-

2179 5088 2272 5137 τες
2331 5074 2381 5126 ot
2425 5068 2649 5140 ἄγγελοι
2695 5066 2857 5123 Θεοῦ.
2894 5084 2916 5120 ›
2970 5064 3518 5139 Προσκυνησάτωσαν
3558 5062 3765 5133 δηλαδὴ

2327 5231 2374 5264 ⁸⁹
2408 5229 2600 5286 Matth.
2630 5244 2712 5293 nr,
2754 5226 2855 5292 l7;
2889 5239 3021 5289 xvu,
3047 5224 3099 5279 5.

2182 5342 2288 5411 Qui
2326 5339 2672 5398 testiﬁcando
2706 5337 2906 5413 Eilium
2956 5349 3123 5391 suum
3153 5347 3267 5413 per
3294 5328 3480 5413 omnia
3528 5328 3759 5413 similem

2183 5403 2241 5468 Et
2292 5413 2543 5484 ejusdem
2600 5409 2826 5484 omliino
2878 5420 3065 5464 secum
3091 5403 3455 5484 _substantiae‘,
3495 5403 3659 5484 etiam
3702 5413 3761 5484 se

2186 5468 2366 5554 ipsum
2397 5490 2453 5537 et
2486 5479 2632 5552 quod
2672 5479 2865 5554 Pater;
2880 5484 2986 5539 est,
3038 5473 3207 5554 edicit
3240 5468 3760 5554 _p_roditque;'quod

2186 5538 2375 5607 nclatis
2396 5559 2479 5606 est
2499 5538 2805 5621 proprium.
2824 5547 2955 5601 Erat
2974 5538 3215 5615 paternae
3239 5538 3386 5596 illius
3405 5538 3761 5621 κρυφιότηξος

2185 5606 2471 5692 γνώρισμα
2504 5606 2671 5692 "valde
2711 5606 3030 5692 obscurum,
3058 5622 3369 5692 antequam
3403 5606 3758 5692 solemni‘illa

2188 5676 2569 5749 testiﬁcatione
2602 5686 2668 5741 ad
2711 5701 2876 5762 quam
2921 5676 3119 5740 alludit
3151 5676 3363 5745 auctor,
3413 5678 3470 5733 in
3525 5676 3758 5731 Iordane

2188 5762 2559 5816 detegeretur.

2263 5823 2352 5895 (97
2416 5823 2474 5881 Ρ.
2507 5825 2606 5880 sitv
2632 5823 2796 5894 λόγῳ.
2823 5824 2972 5880 Eon.

513 5896 917 5966 ἀπαραλλάκτῳ
949 5896 1062 5967 Υἱῷ
1104 5898 1268 5951 αὐτοῦ
1315 5896 1808 5969 μεμαρτυρημένῳ,
1844 5915 1898 5951 κ.
1930 5916 1981 5951 τ.
2008 5897 2091 5960 ἐξ.
2200 5940 2205 5943 .
