4076 6438
308 212 444 268 Hm

1186 207 1470 265 llOleA
1507 209 1593 265 IV.
1635 207 1709 266 IN
1762 210 1818 267 S.
1860 207 2210 268 DEIPARAM
2243 211 2331 268 ET
2373 209 2737 269 SIMEONEM.

310 321 550 395 πρώτοις
561 320 675 385 τοῖς
689 319 802 391 (98)
825 319 918 374 hri.
934 319 1161 391 φάτνηςο
1175 321 1399 393 Συμεὼν
1410 322 1467 376 δὲ
1483 324 1577 379 καὶ
1584 325 1750 379 ’Δννα
1761 325 1884 379 δευ-

1989 327 2411 398 primogenitum
2449 330 2506 384 in
2552 329 2746 384 orbem
2791 338 2971 397 terrae,
3002 329 3170 386 dicit:
3213 330 3283 386 Et
3322 331 3555 390 adorent

300 411 525 485 τερεύει
554 413 614 465 έν
634 411 715 481 τῷ
743 410 879 475 ναῷ*
913 411 1083 479 μάγοι
1115 410 1174 465 δὲ
1207 412 1501 487 μετέπειτα
1526 415 1584 468 ὲν
1612 415 1879 486 Βηθλεέμ-

306 503 403 557 καὶ
436 500 671 570 καθεξῆς
714 499 819 553 ἀνὰ
855 501 1036 553 πᾶσαν
1074 499 1174 569 τὴν
1206 501 1552 572 οἰκουμένην,
1585 504 1635 555 οἱ
1660 505 1739 567 είς
1768 505 1882 557 υίο-

305 595 496 648 θεσίαν
549 592 1020 661 είσπεποιημένοι,
1078 591 1221 645 κατά
1275 592 1376 663 τὴν
1413 592 1509 647 τοῦ
1564 594 1743 649 Ἰσαὰκ
1790 596 1883 648 ἐπὶ

319 683 516 738 Ἰακὼὸ
577 684 941 754 προμήνυσιν·
1009 680 1140 752 περὶ
1201 674 1277 736 ὧν
1327 684 1355 737 ό
1405 684 1616 748 Παῦλός
1677 702 1880 755 φησιν·

311 793 335 827 ι
356 774 656 845 Ἐλάϐομεν
674 771 891 842 πνεῦμα
909 770 1181 836 υἱοθεσίας
1199 772 1259 825 έν
1286 765 1332 841 ᾧ
1359 772 1652 845 κράζομεν·
1690 774 1876 840 Ἀϐϐἄ,

300 870 335 923 ὁ
364 869 577 938 Πατήρ.
616 884 637 919 ι

1982 434 2110 475 eum
2140 436 2332 478 omnes
2357 423 2537 494 angeli
2562 423 2660 479 Dei
2685 424 2733 456 ‘°
2752 442 2768 492 ;
2787 444 2805 477 ι
2842 425 3095 493 adorent,
3126 428 3340 484 scilicet
3386 429 3554 499 primi

1982 508 2064 563 illi
2093 510 2162 565 ad
2210 527 2450 582 praesepe
2472 514 2672 583 positi;
2719 523 2843 585 post
2878 515 3008 571 illos
3056 532 3194 573 vero
3251 518 3473 575 Simeon
3498 529 3558 575 et

1982 598 2138 653 Anna
2184 601 2454 657 secundas
2500 603 2888 673 suscipiuntin
2915 607 3155 676 templo;
3195 616 3384 678 postea
3409 611 3554 681 magi

1987 688 2043 743 in
2067 689 2381 759 Bethleem;
2413 707 2478 748 ac
2524 694 2786 764 deinceps
2824 712 2924 765 per
2963 700 3155 753 orbem
3207 700 3553 763 universum,

1985 780 2079 849 qui
2107 781 2165 836 in
2184 782 2327 837 ﬁlios
2346 783 2645 853 adoptione
2659 785 2816 840 asciti
2845 796 2993 851 sunt,
3015 788 3172 858 juxta
3224 790 3371 859 quod
3401 791 3558 846 Isaac

1986 872 2379 940 praenuntiavit
2402 872 2459 927 in
2483 874 2654 929 Jacob
2696 875 2740 906 °'
2763 893 2775 929 :
2802 875 2858 929 in
2890 892 3010 947 quae
3035 879 3113 934 ait
3140 880 3375 935 Paulus:
3409 901 3427 933 ι
3448 881 3558 935 Ao-

299 961 550 1031 eepimus
601 958 855 1029 spiritum
897 959 1217 1029 adoptionis
1272 957 1327 1012 in
1372 972 1484 1026 quo
1529 958 1865 1014 clamamus:
1905 958 2077 1025 Abba,
2109 963 2274 1017 Pater
2307 964 2414 1018 θ’.)

388 1057 491 1110 II".
535 1055 697 1109 Ἀλλὰ
723 1055 777 1108 τί
804 1056 941 1126 πρὸς
967 1055 1036 1108 τὰ
1070 1054 1366 1125 τελούμενα
1394 1055 1426 1122 ἡ
1450 1052 1569 1108 θεία
1596 1054 1691 1107 καὶ
1714 1053 1885 1107 πανύ-

306 1161 513 1218 μνητος
548 1146 851 1218 παρθενικὴ
877 1147 1093 1216 μήτηρ,
1128 1143 1431 1217 Ἐθαύμαζε
1457 1143 1556 1214 μὲν
1575 1143 1800 1206 εἰκότως
1818 1143 1888 1196 τὰ

301 1235 595 1304 λεγόμενα.
635 1253 654 1284 ι
691 1235 938 1303 Διετὴρει
972 1233 1030 1286 δὲ
1075 1235 1225 1304 ὅμως
1272 1231 1407 1301 μετὰ
1449 1231 1558 1285 τῶν
1592 1231 1886 1303 προλαὸόν-

301 1343 412 1380 των
441 1325 729 1378 καὶταῦτα
758 1326 817 1377 έν
845 1327 912 1396 τῇ
938 1323 1194 1395 καρδίᾳ».
1214 1323 1358 1393 Πρὸς
1387 1323 1454 1393 ἢν
1476 1323 1505 1375 ό
1525 1320 1749 1393 Συμεὼν
1778 1321 1883 1374 ὑπ-

299 1415 534 1486 αγορίαν
555 1412 824 1466 έντίθεται
852 1413 1101 1482 φάσκων⁹
1125 1407 1197 1465 Ὦ
1223 1412 1522 1483 περιστερὰ
1545 1410 1878 1482 λελευκαμέ-

301 1522 369 1574 νη
392 1504 488 1558 καὶ
517 1503 764 1575 ἀκέραιε.
782 1498 853 1556 Ὦ
883 1502 1150 1573 σκήνωμα
1167 1501 1322 1570 ἅγιον
1346 1502 1446 1573 τῆς
1463 1501 1677 1565 ἐλπίδος
1698 1500 1876 1571 ἡμῶν,

2056 1055 2196 1110 Xlll.
2236 1057 2508 1113 Ceterum
2556 1059 2691 1130 quid
2736 1060 2860 1116 diva
2905 1077 3225 1133 summeque
3268 1064 3559 1122 laudabilis

1984 1146 2150 1217 Virgo
2173 1156 2350 1203 mater
2402 1150 2471 1205 ad
2500 1166 2566 1205 ea
2588 1167 2710 1221 quae
2731 1154 3169 1224 peragebantur?
3192 1156 3333 1210 Sane
3362 1158 3558 1213 merito
3656 1172 3663 1181 ‘

1984 1252 2268 1294 sermones
2294 1241 2620 1298 mirabatur.
2652 1264 2671 1296 ι
2704 1245 3076 1302 Conservabat
3103 1263 3234 1302 vero
3257 1249 3422 1303 etiam
3456 1250 3561 1307 ista

1982 1343 2108 1384 cum
2132 1330 2413 1401 prioribus
2434 1333 2677 1390 in'corde
2706 1351 2806 1390 suo
2827 1336 2964 1390 “J‘.
2989 1356 3007 1387 ι
3034 1336 3116 1391 Ad
3139 1353 3300 1407 quam
3338 1338 3557 1396 Simeon

1985 1422 2358 1490 pmnuntians
2384 1423 2463 1479 ait
2488 1443 2500 1478 :
2527 1424 2572 1480 Ο
2597 1427 2852 1482 columba
2894 1428 3146 1484 dealbata
3177 1438 3234 1484 et
3262 1430 3556 1488 innocens!

1980 1508 2031 1564 Ο
2064 1512 2181 1581 spei
2213 1519 2419 1568 nostra).
2455 1524 2703 1571 sanctum
2745 1518 3032 1588 templum,
3073 1519 3130 1574 in
3161 1534 3271 1589 quo
3303 1522 3563 1579 sanctitas

300 1596 364 1649 ὲν
394 1588 441 1660 ᾧ
465 1593 724 1664 ἁγιοσύνη
761 1594 860 1647 καὶ
886 1591 1337 1664 μεγαλοπρέπεια
1367 1593 1518 1647 πᾶσα
1555 1589 1876 1680 ὲνιδρύεται.

1989 1602 2164 1659 omnis
2188 1609 2246 1658 et
2271 1604 2671 1675 magniﬁcentia
2692 1607 2896 1663 residet
2913 1610 2960 1662 lc
2984 1609 3104 1675 Hic,
3126 1628 3145 1662 ›
3171 1588 3336 1680 quem
3364 1627 3564 1668 arcana

307 1702 331 1737 ι
377 1679 565 1747 Οὗτος,
607 1701 626 1735 ι
668 1682 727 1736 δν
766 1683 832 1735 σὺ
875 1681 1099 1743 τέτοκας
1129 1680 1477 1752 ἀπορρήτως,
1533 1699 1552 1733 ι
1583 1672 1736 1743 οὗτος
1775 1682 1887 1734 κεῖ-

300 1793 394 1831 ται
428 1778 509 1840 εἰς
562 1773 771 1828 πτῶσιν
817 1773 915 1827 καὶ
951 1772 1249 1827 ἀνάστασιν
1298 1772 1508 1828 πολλῶν
1552 1776 1611 1827 ὲν
1652 1774 1732 1844 τῷ
1788 1775 1883 1827 ἰσο

303 1867 452 1938 ραὴλ
480 1907 495 1931 ,
537 1867 631 1920 καὶ
669 1866 750 1929 είς
805 1865 1033 1935 σημεῖον
1072 1863 1509 1934 ἀντιλεγόμενον.
1549 1865 1660 1918 Καὶ
1692 1863 1786 1918 σοῦ
1828 1865 1887 1918 δὲ

300 1956 479 2025 αὐτῆς
523 1956 621 2027 τὴν
668 1953 847 2025 ψυχὴν
902 1951 1235 2006 διελεύσεται
1289 1953 1555 2024 ῥομφαία,
1607 1954 1754 2018 ὅπως
1816 1953 1884 2007 ἂν

299 2047 769 2117 ἀποκαλυφθῶσιν
808 2050 873 2101 ὲκ
919 2047 1132 2103 πολλῶν
1179 2044 1419 2119 καρδιῶν
1465 2043 1826 2114 διαλογισμοί.
1852 2062 1878 2095 ο

314 2139 480 2192 Ἀλλὰ
521 2139 573 2192 τί
596 2142 713 2202 τοῖς
740 2139 985 2211 φαιδροῖς
1025 2136 1326 2210 σκυθρωπὰ
1356 2135 1756 2207 καταμιγνύεις
1779 2175 1795 2199 ,
1840 2129 1885 2188 ὦ

304 2232 609 2304 πρεσϐῦτα.
644 2232 826 2304 Μέχρι
867 2232 969 2303 τῆς
1013 2232 1192 2302 δεῦρο,
1219 2229 1346 2301 φῶς
1395 2229 1488 2284 καὶ
1526 2228 1715 2292 δόξαν
1755 2229 1886 2296 ἀγο-

306 2322 508 2393 ρεύεις,
560 2323 657 2377 καὶ
706 2323 803 2375 νῦν
828 2323 1065 2379 πτῶσιν.
1083 2323 1444 2391 διαγγέλλεις,
1466 2322 1562 2374 καὶ
1578 2320 1887 2389 ῥομφαίαν

298 2417 370 2486 τῇ
403 2413 741 2486 συλλαϐούσῃ
782 2413 1138 2487 διαγράφεις;
1162 2414 1291 2478 Ναὶ,
1324 2412 1479 2484 φησί’
1511 2413 1691 2467 πάντα
1722 2412 1886 2482 γενή-

305 2521 462 2558 σεται
483 2506 539 2558 έν
565 2505 742 2575 καιρῷ
771 2504 973 2557 αὐτῶν·
1003 2503 1211 2568 πτῶσις
1240 2506 1358 2574 μὲν,
1389 2506 1501 2566 τοῖς
1534 2501 1882 2556 ἀπιστοῦσινο

301 2594 606 2658 ἀνάστασις
637 2593 715 2657 δὲ,
767 2596 879 2657 τοῖς
923 2593 1264 2647 πιστεύουσι.
1302 2613 1320 2645 ι
1376 2594 1487 2646 Καὶ
1532 2594 1611 2653 είς
1662 2593 1885 2663 σημεῖον

302 2684 636 2753 ἀντιλογίας.
679 2704 698 2736 ι
732 2685 851 2738 Ἵνα
883 2684 995 2756 τὴν
1021 2683 1348 2755 οἰκουμένην
1389 2683 1499 2736 ἀπὸ
1529 2681 1747 2747 δείξεων
1791 2681 1885 2735 καὶ

301 2776 589 2847 δυνάμεων
632 2775 1164 2847 παραδειχθήσωμεν
1226 2775 1332 2829 ὑπὸ
1400 2773 1512 2828 τῶν
1560 2771 1884 2843 ἀνθρώπων.

308 2866 422 2920 Καὶ
453 2868 553 2938 τῆς
597 2868 936 2938 παρθενικῆς
979 2867 1038 2920 δὲ
1066 2866 1247 2937 ψυχῆς
1290 2865 1440 2918 ἔσται
1485 2863 1617 2917 ποτὲ
1657 2862 1889 2932 βάσανος

1984 1701 2046 1747 tu
2074 1695 2287 1749 ratione
2311 1696 2596 1766 peperisti,
2632 1716 2651 1749 ι
2679 1697 2770 1753 hic
2794 1699 2910 1768 ipse
2929 1700 3144 1769 positus
3162 1709 3247 1756 est
3272 1701 3330 1757 in
3348 1703 3563 1758 ruinam

1985 1791 2043 1838 et
2069 1786 2530 1841 resurrectionem
2554 1788 2861 1843 multorum
2885 1791 2941 1844 in
2967 1790 3154 1855 Israel,
3176 1799 3235 1847 et
3263 1792 3320 1847 in
3347 1794 3565 1864 signum

1986 1874 2077 1928 cui
2106 1876 2515 1931 contradicatur
2536 1894 2550 1931 :
2572 1884 2629 1932 et
2650 1888 2795 1933 tuam
2822 1878 2996 1949 ipsius
3017 1882 3252 1937 animam
3279 1894 3563 1953 pertrans-

1980 1963 2090 2018 ibit
2129 1965 2365 2035 gladius,
2398 1976 2461 2020 ut
2494 1969 2811 2023 revelentur
2841 1984 2909 2023 ex
2943 1971 3132 2026 multis
3174 1973 3435 2029 cordibus
3466 1989 3564 2031 co-

1984 2053 2279 2124 gitationes
2305 2057 2370 2109 ⁸⁸.
2402 2076 2421 2108 ι
2459 2057 2775 2124 Enimvero,
2804 2059 2936 2129 quid
2966 2061 3105 2117 laetis
3135 2063 3308 2119 tristia
3342 2065 3560 2131 misces,

1985 2159 2018 2199 ο
2045 2146 2246 2201 senex?
2278 2147 2554 2205 Hactenus
2578 2150 2756 2205 lumen
2776 2161 2832 2207 et
2858 2152 3085 2223 gloriam
3109 2156 3383 2226 loqueris;
3416 2173 3567 2214 nunc

1982 2250 2117 2290 vero
2165 2239 2377 2292 ruinam
2427 2240 2753 2307 armuntias,
2802 2244 3072 2313 matrique
3119 2261 3244 2316 qua:
3291 2250 3563 2319 concepit,

1984 2323 2225 2394 gladium
2268 2326 2577 2385 describis?
2622 2330 2883 2398 Maxime,
2928 2334 3136 2404 inquit,
3176 2346 3342 2394 erunt
3381 2343 3567 2397 omnia

1985 2429 2086 2469 suo
2135 2424 2418 2487 tempore;
2466 2418 2626 2474 ruina
2673 2421 2895 2491 quidem
2935 2423 3268 2494 inﬁdelibus,
3313 2428 3567 2485 ﬁdelibus

1984 2517 2170 2564 autem
2216 2510 2550 2565 resurrectio
2585 2528 2598 2564 :
2642 2529 2661 2561 ι
2695 2511 2764 2566 Et
2804 2513 2861 2567 in
2902 2512 3119 2584 signum
3170 2517 3567 2574 contradictio—

1985 2598 2101 2665 nis;
2128 2617 2145 2650 ι
2172 2607 2235 2652 ut
2256 2598 2478 2654 indiciis
2498 2601 2909 2673 virtutibusque
2926 2604 3060 2675 (99),
3080 2613 3354 2661 terrarum
3377 2609 3569 2663 orbem

1988 2690 2057 2744 ab
2090 2691 2410 2746 hominibus
2442 2692 2790 2749 conferamus
2830 2696 3357 2768 contendamusque.
3392 2698 3570 2753 Caete-

1988 2795 2112 2834 rum
2140 2780 2339 2836 animae
2379 2797 2597 2853 quoque
2625 2782 2864 2853 Virginis
2901 2785 3009 2839 erit
3046 2786 3372 2856 quandoque
3409 2802 3573 2844 suum

1991 2878 2325 2925 tormentum
2352 2886 2384 2925 a
2412 2872 2581 2926 variis
2605 2872 3029 2942 cogitationibus
3059 2875 3495 2944 ingredientibus
3517 2887 3576 2932 et

305 2958 414 3011 ὑπὸ
448 2958 711 3011 ποικίλων
744 2958 1021 3011 εἰσιόντων
1069 2958 1163 3010 καὶ
1205 2957 1456 3023 ἐξιόντων
1488 2955 1783 3025 λογισμῶν.
1815 2953 1890 3007 Οὐ

1993 2961 2424 3033 egredientibus.
2467 2962 2657 3031 Neque
2690 2963 2841 3018 enim
2871 2962 2940 3018 de
2968 2964 3214 3020 minimis
3238 2975 3323 3021 est
3355 2983 3536 3023 sermo
3556 3008 3571 3034 ,

307 3045 419 3116 γὰρ
453 3045 582 3115 περὶ
611 3044 910 3115 ἐλαχίστων
940 3047 969 3098 ὁ
996 3045 1176 3113 λόγος,
1234 3044 1371 3098 ἀλλὰ
1404 3045 1535 3115 περὶ
1562 3042 1700 3096 Θεοῦ
1723 3086 1738 3109 ,
1767 3043 1897 3114 περὶ

309 3135 657 3207 μεταθέσεως
682 3135 829 3206 ἠθῶν
850 3137 944 3188 καὶ
970 3136 1173 3207 νόμων,
1204 3137 1333 3207 περὶ
1362 3135 1667 3207 μεταϐολῆς
1690 3134 1898 3206 ἀνθρώ-

304 3243 447 3291 ποιν,
480 3226 612 3298 περὶ
633 3225 879 3291 ένώσεως
905 3226 1075 3293 λαῶν,
1109 3228 1238 3299 περὶ
1258 3228 1510 3299 ὁμονοίας
1534 3209 1728 3293 ἐθνῶν,
1769 3228 1898 3299 περὶ

306 3317 606 3387 συναφείας
622 3318 906 3393 γλωσσῶν,
931 3321 1058 3391 περὶ
1082 3319 1387 3390 ἀδιαιρέτου
1412 3319 1729 3391 θρησκείας,
1764 3320 1893 3390 περὶ

306 3409 687 3482 καθαιρέσεως
721 3411 1010 3483 τυράννου.
1043 3413 1153 3464 Καὶ
1185 3419 1304 3474 πῶς
1336 3412 1536 3465 οίονται
1558 3411 1731 3463 ταῦτα
1758 3412 1893 3463 πάν-

304 3518 378 3555 τα
407 3501 648 3571 ἀψοφητὶ
675 3501 1155 3573 κατεργασθῆναις
1204 3502 1302 3554 Διὰ
1349 3501 1529 3566 τοῦτο,
1558 3503 1606 3554 οί
1644 3501 1740 3571 μὲν
1789 3516 1891 3553 πε-

1994 3051 2092 3105 sed
2131 3051 2200 3106 de
2230 3052 2364 3117 Deo,
2398 3052 2467 3107 de
2511 3053 2972 3109 consuetudinum
3008 3055 3299 3127 legumque
3338 3060 3576 3114 transla-

1990 3139 2165 3205 tione,
2203 3142 2272 3197 de
2313 3142 2617 3197 mutatione
2660 3143 2967 3209 hominum,
3003 3144 3071 3200 de
3107 3146 3311 3201 unione
3343 3149 3577 3218 p0pulo-

1992 3247 2141 3298 rum,
2166 3233 2234 3287 de
2272 3233 2565 3288 concordia
2596 3234 2862 3303 gentium,
2894 3235 2963 3288 de
3001 3235 3331 3291 adunatione
3360 3238 3576 3309 lingua-

1994 3338 2141 3387 rum,
2164 3323 2233 3377 de
2256 3322 2493 3377 indiviso
2522 3325 2801 3396 religionis
2824 3326 2996 3392 cultu,
3023 3327 3093 3382 de
3119 3330 3333 3399 tyranni
3359 3328 3578 3384 destru-

1996 3416 2201 3469 ctione.
2248 3414 2359 3479 Qui
2405 3430 2541 3469 vero
2598 3416 2936 3485 putandum,
2990 3419 3173 3473 omnia
3222 3420 3339 3475 hwc
3382 3421 3576 3491 perﬁci

1994 3518 2161 3575 posse
2211 3504 2332 3560 sine
2385 3504 2624 3576 strepitu
2660 3514 2717 3562 et
2749 3508 3208 3564 conturbatione?
3240 3511 3450 3567 Idcirco
3483 3512 3578 3567 alii

308 3584 549 3647 σοῦνταιο
579 3594 628 3646 ol
645 3594 723 3657 δὲ,
753 3594 1208 3666 νεκρωθήσονται’
1237 3594 1395 3646 καὶοὶ
1424 3594 1541 3663 μὲν,
1566 3592 1892 3664 τῷξενισμῷ

1997 3596 2221 3667 quidem
2279 3596 2496 3654 ruinam
2553 3599 2857 3668 patientur,
2910 3600 3393 3656 mortiﬁcabuntur
3431 3601 3576 3657 alii:

305 3685 405 3739 τοῦ
441 3686 670 3756 σημείου
698 3686 1055 3750 ἁντιλέξουσιο
1092 3688 1140 3739 oi
1174 3686 1251 3750 δὲ,
1280 3688 1347 3757 τῇ
1381 3686 1692 3756 δραστηρίῳ
1724 3685 1890 3738 αὐτοῦ

1998 3695 2163 3756 atque
2188 3686 2437 3753 futurum
2470 3694 2575 3752 est,
2603 3696 2666 3743 ut
2687 3688 2745 3742 bi
2772 3689 2997 3759 quidem
3031 3690 3410 3746 contradicant
3436 3706 3580 3746 novo

310 3776 566 3846 ἐνεργείᾳ
592 3777 952 3845 ὑποκύψουσι.
987 3778 1311 3846 Σαφέστατα
1350 3777 1530 3831 τοίνυν
1557 3776 1653 3830 τοῦ
1681 3776 1890 3830 δικαίου

1999 3777 2183 3848 signo;
2215 3776 2274 3831 hi
2307 3786 2489 3831 autem
2521 3777 2725 3834 elﬁcaci
2760 3780 2881 3850 ejus
2907 3779 3100 3834 virtuti
3135 3781 3496 3837 succumbant
3525 3790 3584 3837 et

307 3864 383 3919 τὰ
410 3866 748 3937 διηγήματα,
793 3867 941 3939 ἔργῳ
966 3869 1067 3937 τὴν
1107 3867 1387 3933 ἀπόδειξιν
1416 3869 1752 3939 κεκτημένα.
1784 3869 1893 3922 Καὶ

2001 3868 2219 3923 cedant.
2244 3867 2381 3923 Sunt
2408 3868 2576 3939 igitur
2601 3884 2630 3923 a
2656 3869 2807 3940 justo
2829 3870 3019 3934 relata,
3042 3871 3224 3939 operis
3244 3870 3587 3926 demonstra-

308 3956 587 4010 δείκνυται
613 3957 774 4010 τοῦτο
834 3957 1055 4029 πρῶτον
1104 3959 1171 4011 ὲκ
1216 3958 1327 4011 τῶν
1372 3957 1910 4030 ὴμετέρωνεὺσεδῶν

2005 3959 2157 4014 tione
2185 3960 2436 4029 probata,
2471 3975 2684 4015 summe
2716 3960 3031 4031 conSpicua.
3080 3962 3156 4015 Ac
3186 3961 3426 4031 primum
3464 3978 3584 4017 rem

382 4073 524 4148 XIII.
550 4076 768 4148 _Verum
803 4076 876 4147 (-I)
903 4076 1033 4147 quid
1063 4077 1130 4132 ad
1161 4078 1275 4131 haec
1303 4092 1426 4146 qua:
1457 4077 1863 4148 peragebantur
1889 4075 2012 4131 diva
2048 4077 2311 4147 omnique
2340 4077 2503 4148 laude
2531 4077 2857 4148 celebranda
2889 4094 3086 4148 parens
3114 4078 3318 4148 Virgo?
3348 4078 3583 4134 Miraba-

314 4153 408 4199 tur
433 4144 658 4217 quidem
686 4161 751 4200 ea
774 4144 1266 4217 iquaz'dicebantur
1295 4144 1568 4216 {haecine
1593 4144 1731 4201 adeo
1758 4162 1866 4217 una
1904 4161 2031 4217 eum
2068 4144 2453 4217 superioribus
2479 4148 2533 4201 in
2564 4147 2732 4202 corde
2763 4144 3141 4202 conservabat.
3178 4144 3256 4202 Ad
3288 4163 3450 4216 quam
3494 4147 3583 4202 Si-

316 4230 481 4287 meon
515 4215 572 4269 in
610 4216 726 4287 haec
764 4216 879 4271 fere
911 4218 1078 4271 verba
1122 4217 1416 4271 consilium
1467 4215 1713 4287 exponit.
1759 4215 1804 4287 Ο
1841 4216 2097 4287 columba
2136 4215 2398 4287 'dealbata
2431 4225 2488 4271 et
2520 4217 2807 4287 innocens!
2847 4231 2882 4270 ο
2923 4217 3041 4287 spei
3078 4224 3281 4287 nostrae
3310 4215 3577 4287 sanctum

319 4285 605 4357 templum,
635 4284 690 4339 in
706 4302 829 4357 quo
861 4288 1125 4341 sanctitas
1148 4287 1329 4357 omnis
1352 4293 1409 4339 et
1439 4276 1843 4357 magniﬁcentia
1873 4286 2108 4357 residet!
2144 4305 2162 4337 ι
2193 4286 2368 4357 Ηίοκι
2396 4302 2561 4356 quem
2587 4293 2642 4357 tu
2670 4276 2938 4357 peperisti
2953 4276 3214 4357 '(nescis),
3255 4304 3274 4337 ι
3308 4285 3583 4357 llicposi-

319 4360 410 4426 tus
436 4353 522 4409 est
548 4355 604 4409 in
634 4353 851 4410 ruinam
895 4364 951 4410 et
991 4353 1791 4426 resurrectionemem‘ultorum
1826 4353 1893 4426 in_
1912 4354 2189 4426 I_srael,_et
2215 4356 2271 4409 in
2296 4353 2513 4426 signum
2546 4355 2638 4410 cui
2668 4353 3116 4426 contradieetur:
3148 4353 3209 4426 et
3230 4363 3383 4426 tuam
3414 4353 3588 4426 ipsius

226 4468 251 4480 -
317 4423 553 4496 animam
589 4426 945 4496 pertransibit
982 4424 1216 4496 gladius,
1250 4432 1312 4480 ut
1340 4424 1656 4496 revelentur
1697 4423 1981 4496 eximultis
1996 4424 2261 4479 cordibus
2297 4423 2678 4495 cogitationes.
2702 4444 2721 4476 ι
2760 4424 2831 4479 At
2850 4425 3036 4496 enim,
3064 4424 3197 4495 quid
3226 4424 3367 4496 laetis
3390 4423 3585 4496 tristia

320 4493 538 4566 misces,
566 4493 613 4566 o_
629 4495 837 4566 senex?
879 4493 1154 4550 Hactenus
1193 4493 1372 4549 lumen
1406 4502 1462 4549 et
1500 4494 1728 4566 gloriam
1770 4494 2037 4563 loqueris,
2069 4508 2345 4566 nuncque_
2374 4493 2595 4566 ruinam
2633 4494 2953 4566 annuntias,
2984 4510 3047 4549 ac
3084 4493 3303 4566 parenti
3345 4493 3588 4565 gladium

316 4564 500 4636 palam
551 4564 1054 4636 edicis?Maxime,
1090 4566 1272 4636 inquit
1303 4581 1317 4617 :
1351 4562 1741 4636 eruntgomnia
1786 4562 1887 4636 suo
1927 4570 2176 4636 tempore
2212 4581 2225 4616 :
2265 4563 2424 4618 ruina
2464 4562 2688 4636 quidem
2728 4564 3064 4636 inﬁdelibus,
3090 4562 3590 4636 ‘ﬁdelibusﬂautem

320 4632 676 4705 resurrectio.
714 4654 732 4685 ι
767 4635 836 4690 Et
864 4636 921 4690 in
947 4632 1295 4705 signumjcuir
1320 4632 1729 4705 contradicetur
1758 4652 1775 4705 ξ
1810 4632 2061 4705 late_perj
2079 4633 2300 4705 orbem;
2334 4632 2497 4705 quod:
2528 4632 2789 4705 nimirum
2817 4633 3033 4705 apertis
3070 4633 3490 4705 probationibus
3526 4648 3592 4688 ac

323 4704 642 4769 virtutibus,
672 4719 785 4760 non
808 4702 1030 4760 levitate
1053 4705 1123 4760 ab
1153 4703 1472 4760 hominibus
1491 4702 1874 4774 recipiendum
1903 4702 1993 4774 sit.
2026 4702 2217 4774 Sedet
2243 4702 2530 4773 virginalis
2555 4703 2723 4774 animi
2754 4703 2830 4774 tui
2857 4704 2963 4757 erit
2984 4702 3317 4774 quandoque
3345 4710 3593 4774 ιρι-πιθα.

327 4783 440 4847 tum
473 4790 541 4828 ex
567 4774 737 4847 variis
777 4775 1204 4847 cogitationibus
1226 4772 1715 4847 subeuntibus'ac
1746 4772 2096 4847 exeuntibus.
2135 4773 2325 4847 Neque
2338 4772 2512 4847 "enim
2543 4773 2611 4827 de
2650 4772 3017 4847 minimisres
3039 4774 3179 4839 erit;
3214 4772 3316 4847 sed
3354 4773 3423 4828 de
3449 4773 3588 4847 _Deo,

321 4844 394 4923 de
422 4857 643 4923 m_orum_
670 4841 961 4923 legumque
995 4844 1370 4923 translatione,
1394 4843 1471 4923 _de
1501 4843 1806 4923 mutatione
1834 4841 2151 4923 hominum,
2163 4841 2247 4923 _de
2274 4843 2479 4923 unione
2508 4842 2962 4923 populorum,_de
2991 4842 3285 4923 coneordia
3317 4843 3583 4923 gentium.

327 4912 400 4966 de
422 4910 756 4990 adunatjené
780 4910 1206 4990 linguarum,_de
1238 4913 1472 4990 indivisa
1500 4913 1789 4990 religione,
1815 4911 1885 4990 d_e
1910 4910 2286 4990 destructione
2317 4910 2554 4990 tyranni.
2581 4910 2689 4979 Qui
2714 4928 2848 4990 vero
2874 4915 3075 4990 isthaec
3097 4913 3214 4967 ﬁeri
3242 4910 3453 4990 queant
3469 4910 3589 4990 sine

323 4983 595 5051 strepitu?
625 4978 1062 5049 Idcircojzadent
1086 4983 1201 5048 alii,
1225 4984 1318 5039 alii
1345 4978 1663 5053 resurgent;
1688 4981 1782 5036 alii
1808 4982 1918 5036 vita
1945 4980 2318 5048 donabuntur,
2342 4978 2432 5036 alii
2464 4978 2699 5037 mortem
2721 4983 3020 5039 incurrent.
3051 4981 3225 5050 Atque
3246 4978 3338 5033 alii
3362 4978 3588 5048 quidem

399 5119 445 5152 ‘°
486 5120 652 5177 Hebr.
683 5138 722 5187 ι,
748 5122 810 5190 6;
838 5123 979 5178 Psal.
1023 5138 1163 5185 xcvr,
1200 5123 1253 5177 8.
1331 5123 1372 5154 ⁶¹
1399 5120 1536 5177 Gen.
1564 5137 1731 5187 XXVII,
1758 5122 1849 5177 29.
1926 5122 1972 5154 “
1994 5122 2155 5176 Rom.
2189 5137 2304 5186 vm,
2368 5122 2455 5178 15.
2533 5124 2655 5165 “-“
2697 5124 2833 5178 Luc.
2868 5121 3042 5186 11,19.
3120 5120 3167 5151 "
3205 5117 3338 5172 ibid.
3375 5117 3465 5180 54,
3497 5116 3593 5172 55.

422 5232 513 5306 98)
544 5233 826 5306 ﬂoruisse.
857 5234 1067 5306 πρῶτοι
1096 5238 1169 5306 οε·

424 5303 513 5374 99)
546 5303 623 5376 AUt
640 5304 855 5376 iudieiis
888 5303 1283 5376 virtutibusque,
1325 5314 1457 5371 etc.,
1485 5305 1571 5360 ἵνα
1598 5306 1697 5376 τὴν
1729 5306 1908 5358 οίκου-

376 5373 641 5446 manu
667 5373 892 5446 δείξεων
931 5376 1050 5446 και
1073 5373 1356 5446 δυνᾶμεων
1381 5373 1906 5446 παραδειχθήσωμεν

376 5391 502 5441 ενην
535 5391 641 5426 απο
674 5391 892 5436 οειςεων
931 5391 1024 5427 και
1073 5391 1356 5446 ουναμεων
1381 5391 1906 5446 παρασειχυησωμεν

329 5391 437 5496 ςπὸ
460 5442 569 5515 τῶν
593 5442 693 5515 ἀνθ
700 5442 913 5515 ρώπων.
945 5444 1016 5498 Ut
1041 5445 1219 5515 ipsum
1244 5460 1433 5500 secum
1460 5446 1726 5501 mundum
1747 5460 1910 5515 argu-

331 5512 533 5586 mentis
567 5520 623 5567 et
645 5512 941 5586 virtutibus
963 5514 1030 5568 ab
1044 5512 1367 5586 hominibus
1391 5524 1447 5570 et
1468 5532 1635 5586 penes
1658 5512 1907 5586 homines

332 5581 699 5636 conferamus.
722 5580 927 5636 Sensus
963 5584 1184 5652 quidem
1216 5601 1326 5639 non
1351 5586 1426 5639 ita
1455 5580 1758 5649 obscurus;
1798 5585 1905 5638 mi-

329 5666 440 5706 nus
462 5660 642 5706 tamen
670 5652 809 5706 forte
855 5668 984 5706 sana
1041 5653 1243 5709 littera.
1279 5656 1405 5711 Vult
1450 5670 1580 5727 ergo
1614 5671 1733 5712 esse
1770 5653 1905 5709 illud

2012 5237 2464 5318 contradictionis
2510 5238 2750 5308 signum,
2812 5246 2871 5291 ut
2929 5235 3162 5318 quisque
3200 5231 3405 5318 Δοοιιιιτιι
3445 5235 3592 5318 ,οιιεο

2013 5322 2137 5361 rum
2166 5308 2317 5362 velut
2364 5318 2736 5377 comparetur,
2784 5320 3014 5377 suaeque
3041 5308 3269 5377 virtutis
3309 5308 3593 5375 specimen

2011 5379 2097 5432 vel
2122 5377 2369 5439 adorato,
2400 5375 2500 5432 vel
2517 5377 2836 5445 blaspheme
2864 5375 3105 5445 repulso,
3131 5375 3278 5445 edat.

2085 5447 2163 5518 (l)
2196 5447 2321 5518 Haec
2359 5461 2532 5518 usque
2569 5442 2653 5499 ad'
2692 5444 2856 5518 ﬁnem
2904 5442 2972 5518 ex
3023 5443 3388 5518 luculentiore
3441 5442 3591 5518 eard.

2012 5512 2153 5571 Ma‘z.
2174 5516 2363 5570 codice
2395 5512 2587 5569 Latine
2631 5514 2868 5576 reddita,
2907 5512 2981 5567 ita
3021 5513 3192 5567 refert
3227 5512 3594 5568 Combeﬁsius

2013 5586 2071 5639 in
2124 5601 2223 5640 sua
2281 5584 2415 5637 Bibl.
2457 5585 2683 5639 Patrum
2717 5584 2951 5637 concion.
2979 5590 3111 5636 tom.
3155 5584 3199 5649 l,
3239 5598 3293 5652 p.
3339 5582 3465 5646 475,
3494 5581 3589 5636 ubi

2012 5655 2168 5710 locus
2202 5656 2276 5708 ita
2309 5654 2542 5727 incipit:
2585 5653 2773 5707 Verum
2805 5653 2949 5728 quid,
2984 5659 3093 5707 etc.
