4076 6436
588 214 722 272 iiii

1631 212 1979 270 THEODOTI
2017 211 2324 271 EPISCOPI
2354 210 2702 269 ANCYRANI

3710 196 3853 256 ωε

584 327 785 398 probat
834 327 1124 385 doctorum
1172 336 1490 385 nostrorum
1539 331 1734 400 pietas.
1777 329 1897 398 Qua
1935 347 2067 387 vero
2109 332 2148 387 it

2268 330 2621 386 διδασκάλων.
2654 326 2766 382 Καὶ
2802 325 2971 393 πῶςς-
2998 324 3186 380 ἄκουε⁸
3241 322 3538 391 Ἡπῑστησε
3584 320 3856 392 πρότερον

586 420 839 474 ratione?
883 420 1049 475 Audi.
1101 420 1229 475 Fuit
1273 420 1429 490 prius
1479 420 1681 476 Paulus
1740 421 2060 477 incredulus
2106 423 2165 478 in

584 510 924 581 ignorantia;
955 510 1309 581 demumque,
1328 512 1510 583 agnita
1530 511 1736 568 Christi
1764 513 1986 578 virtute,
2010 514 2163 584 inge-

581 614 692 654 nue
732 600 1050 669 prazdicavit
1080 620 1092 655 :
1134 621 1151 653 σ
1187 602 1310 657 Non
1342 617 1463 657 sum
1499 603 1700 675 dignus
1728 604 1914 659 vocari
1941 613 2163 675 aposto-

581 692 702 756 lus,
744 691 874 760 quia
919 704 1247 762 persecutus
1300 709 1421 749 sum
1467 695 1769 750 Ecclesiam
1804 695 2009 751 Christi
2036 696 2101 751 “.
2137 717 2155 747 ι

584 781 798 834 Rursus
823 780 1097 837 dubitavit
1120 783 1360 837 Thomas
1390 782 1480 837 ille
1502 782 1576 848 ⁶⁷;
1613 797 1848 852 cumque
1870 783 2160 853 palpasset,

581 868 842 941 deinceps
873 871 1249 927 desideratum
1280 873 1567 928 confessus
1604 883 1689 929 est
1728 892 1745 924 ι
1775 875 2066 928 Dominum
2106 884 2163 929 et

578 962 753 1017 Deum
797 978 977 1019 suum.
1016 984 1035 1014 ι
1077 964 1184 1019 Sed
1230 972 1287 1019 et
1331 964 1429 1018 ﬁlii
1477 965 1680 1035 Ioseph
1718 965 1792 1036 (2)
1834 966 2162 1037 quandoque

567 1050 853 1107 increduli
891 1053 1139 1121 fuerunt,
1165 1056 1312 1112 sicut
1338 1057 1671 1130 evangelista
1698 1064 1933 1113 testatur
1951 1056 1998 1090 “
2025 1075 2040 1111 :
2064 1074 2162 1113 ex-

574 1141 888 1211 perimento
940 1151 1127 1200 autem
1177 1156 1460 1217 comperta
1501 1147 1732 1203 veritate
1786 1147 2158 1217 scripserunt,

574 1232 820 1288 Iacobus
850 1234 1115 1290 nimirum
1148 1244 1207 1292 et
1228 1238 1418 1303 Iudas,
1446 1238 1543 1293 toti
1575 1237 1803 1304 mundo,
1845 1257 1864 1289 ι
1894 1237 1992 1292 Dei
2019 1252 2079 1293 se
2107 1244 2163 1292 et

579 1324 798 1380 Domini
831 1326 962 1383 Iesu
995 1326 1200 1384 Christi
1239 1345 1362 1384 esse
1405 1345 1594 1386 servos
1618 1330 1695 1396 ⁶⁹;
1727 1348 1745 1380 ι
1784 1343 2021 1399 quorum
2059 1342 2162 1384 nos

579 1430 774 1472 omnes
802 1418 1013 1472 utinam
1043 1417 1345 1475 eiilciamur
1374 1421 1692 1491 participes,
1718 1421 1837 1491 ejus
1867 1420 2041 1491 gratia
2067 1419 2161 1489 qui

578 1519 677 1560 eos
711 1506 875 1577 elegit
904 1507 958 1561 in
999 1510 1298 1578 apostolos,
1322 1511 1453 1567 Iesu
1487 1510 1692 1567 Christi
1725 1510 1943 1566 Domini
1973 1518 2031 1565 et
2063 1510 2161 1565 Dei

577 1595 798 1651 nostri:
830 1612 955 1652 cum
994 1614 1105 1669 quo
1147 1599 1295 1655 Patri
1340 1609 1397 1655 et
1441 1600 1672 1671 Spiritui
1719 1610 1929 1666 sancto,
1963 1602 2159 1672 gloria,

2269 423 2299 475 δ
2354 419 2567 485 Παῦλος
2619 421 2680 472 ὲν
2716 417 2930 488 ἀγνοίᾳ³
2968 417 3060 470 καὶ
3114 414 3345 484 ἔσχατον
3390 409 3580 483 μαθὼν
3610 410 3716 481 τὴν
3756 409 3854 463 τοῦ

2269 510 2508 584 Χριστοῦ
2539 509 2789 580 δύναμιν,
2822 506 3181 578 εὐγνωμόνως
3223 502 3510 575 ἐκήρυξενο
3542 519 3562 554 ι
3585 503 3702 555 Οὐκ
3736 501 3857 571 ειμι

2273 603 2455 666 ἱκανὸς
2503 601 2784 655 καλεῖσθαι
2819 597 3136 660 ἀπόστολος,
3168 595 3303 649 διότι
3334 592 3529 658 ἐδίωξα
3571 591 3673 662 τὴν
3724 591 3856 646 Ἐκ·-

2270 691 2498 765 κλησῐαν
2535 691 2629 745 τοῦ
2674 687 2932 762 Χριστοῦ.
2974 707 2993 739 ι
3026 687 3195 741 Πάλιν
3219 683 3537 756 ἀμφέϐαλεν
3566 682 3596 735 ὁ
3625 681 3855 751 Θωμᾶς,

2270 786 2364 839 καὶ
2395 784 2687 855 γενόμενος
2715 778 3063 853 ψηλαφητὴς,
3102 777 3328 847 ὕστερον
3368 776 3463 829 τὸν
3513 773 3857 845 ποθούμενον

2275 893 2293 925 ι
2324 874 2529 945 Κύριον
2554 874 2646 928 καὶ
2675 873 2805 927 Θεὸν
2834 870 3026 925 ἑαυτοῦ
3052 889 3071 923 ι
3098 868 3471 940 ὡμολόγησεν.
3512 866 3858 934 Ἥπιστησαν

2268 967 2327 1020 δέ
2364 983 2495 1019 ποτε
2547 966 2641 1019 καὶ
2673 966 2723 1019 οἱ
2771 964 2865 1018 τοῦ
2909 962 3109 1034 Ἰωσὴφ
3131 960 3261 1024 υἱοὶ,
3292 957 3476 1023 καθὼς
3516 958 3800 1028 μαρτυρεί
3830 957 3858 1008 δ

2270 1056 2684 1128 εὐαγγελιστήςο
2716 1055 2811 1109 καὶ
2854 1057 2921 1126 τῇ
2954 1053 3122 1125 πείρᾳ
3152 1049 3495 1121 διδαχθέντες
3526 1047 3597 1101 ’τὸ
3629 1045 3851 1114 ἀληθὲς,

2268 1150 2687 1221 γεγραφήκασιν
2741 1145 2995 1209 Ἰάκωϐος
3046 1144 3143 1198 καὶ
3202 1141 3405 1205 Ἰούδας
3448 1139 3617 1193 παντὶ
3648 1134 3733 1206 τῷ
3770 1135 3858 1188 κό-

2271 1255 2412 1309 σμῳ,
2466 1258 2485 1291 ι
2543 1237 2679 1291 Θεοῦ
2714 1238 2811 1291 καὶ
2853 1235 3061 1306 Κυρίου
3113 1233 3291 1305 Ἰησοῦ
3336 1228 3577 1303 Χριστοῦ
3627 1226 3854 1289 δούλους

2268 1329 2497 1392 ἑαυτοὺς
2523 1324 2682 1380 εἶναι·
2727 1345 2746 1376 ι
2778 1319 2855 1380 ὧν
2897 1324 3116 1396 μέτοχοι
3136 1322 3394 1392 γένοιμεν
3429 1320 3635 1381 πάντες
3665 1317 3856 1386 ἡμεῖς,

2266 1422 2327 1474 ὲν
2352 1420 2536 1491 χάριτι
2568 1416 2661 1472 τοῦ
2695 1416 3062 1487 ὲκλεξαμένου
3115 1413 3315 1476 αὐτοὺς
3355 1411 3437 1474 εις
3489 1407 3855 1491 ἀποστόλους.

2279 1490 2454 1580 Ἰησοῦ
2490 1506 2728 1579 Χριστοῦ
2767 1505 2860 1560 τοῦ
2890 1504 3097 1579 Κυρίου
3133 1504 3229 1557 καὶ
3257 1501 3394 1556 Θεοῦ
3428 1499 3608 1571 ἡμῶν·
3641 1497 3767 1570 μεθ’
3793 1490 3857 1550 οὗ

2266 1599 2345 1671 τῷ
2377 1600 2574 1670 Πατρὶ,
2623 1598 2721 1652 σὺν
2761 1596 2841 1667 τῷ
2871 1597 3010 1667 ἁγιῳ
3058 1595 3361 1666 Πνεύματι,
3415 1589 3731 1663 δόξαητιμὴ
3759 1586 3859 1643 καὶ

577 1686 759 1742 honor
786 1696 841 1745 et
870 1688 1141 1755 adoratio,
1174 1690 1320 1746 sicut
1341 1698 1460 1747 erat
1486 1708 1518 1746 a
1547 1692 1840 1762 principio,
1855 1699 1911 1747 et
1936 1706 2086 1746 nunc
2109 1705 2148 1747 et

2269 1689 2659 1762 προσκύνησις,
2696 1689 2772 1752 ὡς
2807 1684 2876 1760 ἦν
2926 1686 3022 1741 ἀπ’
3082 1686 3281 1756 ἀρχῆς,
3322 1685 3420 1737 καὶ
3443 1683 3562 1746 νῦν,
3594 1680 3695 1736 καὶ
3741 1680 3854 1744 ἀεὶ,

575 1791 815 1848 semper,
838 1786 895 1834 et
922 1779 980 1834 in
1007 1781 1208 1836 saecula
1236 1781 1584 1837 saeculorum.
1611 1781 1805 1838 Amen.

2271 1782 2367 1835 καὶ
2404 1782 2486 1845 εἰς
2505 1781 2633 1844 τοὺς
2662 1780 2866 1843 αἰῶνας
2889 1778 2998 1832 τῶν
3022 1778 3255 1833 αἰώνων.
3293 1777 3488 1846 Ἀμήν.

573 1977 729 2047 signo
764 1975 1145 2053 contradicent
1175 1990 1275 2045 pro
1309 1978 1428 2053 ejus
1465 1976 1731 2042 novitate,
1766 1976 1860 2053 alii
1892 1975 2306 2053 efﬁcaciaejus
2346 1976 2539 2032 virtuti
2581 1974 2963 2053 succumbent.
3006 1972 3148 2053 Sunt
3195 1973 3364 2044 igitur
3405 1986 3462 2052 a_
3489 1969 3849 2053 justonrelata

571 2040 1132 2125 suvmmehconspicua‘,
1160 2040 1361 2125 eventu
1403 2040 1946 2125 ipso_comprobata._
1976 2047 2053 2125 ᾼο
2091 2040 2271 2125 primo
2314 2046 2707 2125 rem_ostendit
2736 2056 3053 2125 nostrorum
3086 2040 3620 2125 doctorum-pietas:
3642 2040 3765 2107 Qua
3794 2043 3847 2097 id

572 2115 819 2195 ratione?
845 2113 1071 2195 accipe:
1090 2115 1216 2170 Fuit
1234 2113 1507 2195 quondam
1534 2113 1738 2195 Paulus
1761 2113 2161 2195 incredulus'in
2182 2117 2523 2195 ignorantia;
2548 2114 3093 2195 demumqueagnita
3105 2113 3848 2195 Christinvirtute,ingenue

612 2184 891 2261 raadicavit
920 2201 933 2236 :
974 2180 993 2234 ἆ
1027 2182 1145 2238 Νοη
1180 2180 1299 2261 sum
1331 2185 1528 2261 dignus
1557 2187 1741 2240 vocari
1765 2187 2078 2261 apostolus,
2103 2180 2234 2261 quia
2260 2195 2585 2261 persecutus
2620 2202 2740 2241 sum
2771 2180 3075 2261 Ecclesiam
3105 2183 3220 2237 Dei.
3257 2180 3850 2261 iARursusdubitavit

612 2201 891 2239 mulcavit
920 2201 933 2236 :
974 2203 993 2234 ‹
1027 2201 1145 2238 non
1180 2201 1299 2238 sum
1331 2201 1528 2255 mgnus
1557 2201 1741 2240 vocari
1773 2201 2078 2255 aposwtus,
2103 2203 2234 2257 qma
2260 2201 2585 2256 persecutus
2620 2202 2740 2241 sum
2771 2201 3075 2240 nccnesnam
3105 2201 3220 2237 Del.
3257 2202 3276 2234 ι
3320 2201 3533 2237 nursus
3568 2201 3847 2236 uumtavu

562 2201 833 2317 Ii‘homas,
866 2253 1399 2325 iterumque__dilecti
1434 2256 1685 2325 palpator
1721 2256 1973 2318 eﬂectus,
2009 2256 2302 2311 Dominum
2334 2257 2488 2311 illum
2522 2257 2805 2325 Deumque
2837 2253 3120 2325 confessus
3147 2262 3250 2307 est.
3287 2250 3479 2325 Sedet
3508 2248 3606 2325 ﬁlii
3640 2251 3847 2325 Ioseph

571 2324 900 2401 quandoque
947 2320 1214 2401 increduli
1261 2320 1688 2401 fueruntL'sicut
1727 2327 2071 2401 evangelista
2105 2325 2670 2401 testatur;_periculo
2716 2320 2902 2379 tamen
2939 2322 3231 2379 veritatem
3277 2321 3448 2385 docti,
3492 2320 3596 2401 toti
3634 2320 3851 2401 mundo

570 2390 1181 2473 s'cripserunt__Iacobus
1200 2401 1255 2473 et
1280 2393 1469 2473 Iudas,
1494 2394 1769 2473 Dci_sc__et
1797 2390 2013 2473 Domini
2043 2396 2174 2473 Iesu
2199 2395 2409 2473 Christi
2422 2390 2570 2473 '_esse
2591 2406 2791 2473 servos
2820 2408 3097 2473 :_quo_rum
3133 2407 3240 2473 nos
3257 2406 3451 2447 omnes
3480 2390 3849 2473 utina‘mAeoiiif

564 2460 1130 2536 eiamurparticipes,
1162 2462 1485 2536 ejusgratia
1523 2464 1620 2533 qui
1643 2464 1792 2536 illos
1815 2466 1880 2536 in,
1908 2467 2189 2536 apostolos
2213 2466 2400 2535 elegit,
2427 2467 2558 2521 Iesu
2582 2465 2788 2521 Christi
2822 2460 3040 2519 Domini
3070 2462 3244 2518 nostri
3272 2479 3286 2516 :
3312 2476 3440 2516 cum
3471 2476 3581 2531 quo
3615 2460 3769 2516 Patri
3794 2468 3851 2516 ct

561 2530 1046 2611 Spiritui’sancto,
1075 2533 1268 2603 gloria,
1299 2530 1477 2587 honor
1502 2530 1561 2589 ei
1588 2534 1839 2590 adoratio
1868 2535 1926 2589 in
1943 2530 2159 2591 saecula
2190 2530 2541 2591 saeculorum.
2580 2536 2775 2590 Amen.

1148 2752 1433 2810 HOMILIA
1465 2755 1532 2811 ν.

664 2843 732 2900 In
756 2843 968 2901 Domini
993 2846 1158 2900 nostri
1181 2845 1307 2900 Iesu
1330 2845 1526 2902 Christi
1547 2846 1685 2901 diem
1710 2846 1947 2902 natalem
1980 2846 2080 2919 (3).

637 2934 681 2989 1.
722 2933 1000 2990 Hodierna
1046 2936 1366 2991 solemnitas
1409 2952 1614 3008 parens
1653 2946 1739 2991 est
1774 2937 2022 2992 omnium
2060 2952 2153 2993 so-

561 3030 933 3086 iemnitatum.
975 3030 1052 3086 Ex
1077 3032 1182 3086 hac
1210 3045 1449 3100 namque
1475 3030 1669 3085 festiva
1691 3031 1782 3086 die
1794 3032 2152 3087 festivitatum

562 3120 818 3178 circulus
844 3122 1027 3177 omnis
1056 3123 1324 3177 exoritur.
1355 3121 1481 3176 Sive
1516 3137 1666 3177 enim
1700 3132 2000 3196 martyrum
2032 3140 2152 3179 me-

567 3212 796 3266 moriam
840 3211 1095 3276 colimus,
1124 3211 1173 3266 is
1213 3211 1379 3265 hodie
1418 3220 1583 3267 natus
1620 3220 1705 3268 est
1740 3214 1830 3269 cui
1867 3214 1945 3271 illi
1983 3223 2153 3272 testes

562 3301 934 3366 exstiterunt,
973 3300 1123 3356 istud
1161 3300 1553 3357 festivitatibus
1592 3302 1703 3357 illis
1746 3303 1997 3373 praebens
2041 3304 2150 3358 ini-

566 3393 745 3459 tium;
780 3394 896 3448 sive
930 3391 1137 3448 Christi
1170 3392 1454 3462 passiones
1487 3392 1831 3449 celebramus
1854 3410 1921 3449 ex
1948 3395 2151 3466 quibus

566 3484 837 3541 medelam
864 3483 1026 3539 nobis
1050 3482 1400 3549 asciscimus;
1430 3484 1595 3540 hodie
1617 3485 1712 3555 qui
1736 3500 1831 3541 eas
1855 3502 2151 3557 perpessus

565 3584 672 3641 est,
700 3575 756 3628 in
801 3574 952 3628 hunc
987 3572 1252 3628 mundum
1290 3574 1458 3629 homo
1494 3572 1671 3630 factus
1701 3575 1944 3642 advenit,
1969 3584 2031 3631 ut
2052 3593 2149 3634 ea-

567 3677 692 3717 rum
720 3661 886 3717 nobis
919 3659 1228 3717 eiﬁceretur
1264 3664 1469 3721 socius.
1500 3665 1636 3719 Erat
1671 3665 1896 3735 quidem
1930 3674 1988 3722 et
2019 3679 2148 3725 ante

566 3761 783 3824 partum
798 3754 962 3819 Deus,
983 3762 1041 3808 et
1057 3754 1201 3825 apud
1216 3770 1317 3810 nos
1341 3764 1481 3823 erat,
1502 3757 1598 3813 sed
1617 3773 1728 3813 non
1750 3745 2150 3831 nobis'conspi-

565 3857 725 3897 cuus.
748 3842 1042 3899 Nobiscum
1075 3854 1213 3912 erat,
1238 3846 1336 3902 sed
1366 3863 1467 3902 nos
1494 3864 1623 3903 eum
1656 3864 1770 3904 non
1798 3849 2143 3909 videbamus.

572 3952 591 4015 ε
621 3933 679 3989 in
706 3936 909 3991 mundo
936 3937 1106 4003 enim,
1148 3938 1350 4008 inquit,
1374 3947 1515 4005 erat,
1540 3947 1597 3996 et
1624 3941 1864 3997 mundus
1885 3958 2013 3998 eum
2036 3960 2147 3999 non

564 4027 906 4096 cognovit".
940 4047 957 4080 ι
1001 4028 1369 4095 Quamobrem
1407 4040 1529 4087 erat
1569 4031 1792 4101 quidem
1832 4033 1977 4104 apud
2018 4050 2140 4099 nos,

2179 2762 2224 2819 ο
2255 2756 2406 2812 circo
2425 2771 2545 2827 ejus
2567 2756 2862 2812 adventum
2889 2754 3388 2811 manifestationem
3413 2753 3672 2810 dicimus.
3705 2756 3849 2811 ham

2256 2847 2419 2903 nobis
2440 2862 2661 2917 quoque
2692 2855 2823 2901 tunc
2852 2846 3062 2911 aderat,
3086 2861 3211 2900 cum
3240 2860 3368 2900 eum
3391 2845 3581 2900 videre
3611 2845 3850 2904 minime

2254 2949 2596 3010 poteramus.
2635 2940 2709 2994 Iis
2746 2938 2843 3009 qui
2894 2937 3222 3007 ignorabant
3254 2947 3387 2993 tunc
3425 2936 3672 3003 advenit,
3714 2953 3849 2994 eum

2255 3032 2368 3087 illis
2412 3039 2499 3087 est
2544 3031 2816 3102 cognitus.
2868 3030 3015 3086 Belle
3065 3044 3218 3085 sane.
3261 3018 3693 3099 Prius'quidem
3748 3047 3849 3086 sua

2253 3136 2497 3192 praesens
2545 3127 2742 3176 natura
2795 3127 2949 3188 erat;
3002 3121 3139 3175 mihi
3191 3127 3375 3176 tamen
3422 3127 3483 3175 ut
3533 3119 3848 3187 videretur,

2252 3205 2496 3282 praesens
2532 3226 2643 3267 non
2684 3219 2825 3266 erat.
2862 3211 3020 3267 Nunc
3059 3218 3245 3267 autem
3277 3226 3403 3267 cum
3436 3225 3469 3266 a
3495 3209 3661 3265 nobis
3691 3211 3851 3266 visus

2252 3312 2358 3369 cst,
2399 3304 2569 3358 etiam
2613 3303 2777 3359 nobis
2826 3303 3072 3368 advenit,
3109 3303 3206 3373 qui
3253 3312 3310 3359 et
3348 3303 3506 3373 prius
3548 3303 3845 3359 uobiscum

2250 3402 2391 3449 erat.
2426 3392 2566 3460 Quia
2595 3394 2745 3449 enim
2777 3396 2899 3465 ejus
2931 3394 3275 3465 ignoratione
3302 3403 3578 3458 tenemur,
3607 3393 3707 3464 qui
3743 3395 3847 3448 mi-

2250 3486 2402 3540 nime
2439 3486 2602 3542 nobis
2635 3489 2973 3556 conspicuus
3014 3485 3254 3552 exsistit,
3293 3494 3357 3540 ut
3390 3485 3569 3556 ipsum
3609 3485 3740 3556 quis
3773 3485 3846 3541 sit

2250 3572 2471 3647 assequi
2515 3592 2626 3631 non
2659 3577 2957 3643 valeamus,
2991 3576 3055 3631 ﬁt
3093 3576 3279 3641 homo,
3313 3576 3411 3646 qui
3449 3591 3552 3646 per
3582 3584 3843 3631 naturam

2249 3669 2453 3724 mansit
2483 3668 2798 3723 invisibilis.
2835 3668 3016 3737 Atque
3054 3667 3103 3724 is
3134 3669 3232 3738 qui
3268 3675 3355 3723 est
3395 3682 3640 3738 semper,
3675 3676 3843 3737 partu

2249 3759 2415 3815 hodie
2449 3759 2655 3824 editur,
2685 3767 2748 3813 ut
2772 3767 2831 3813 tu
2857 3774 2980 3814 esse
3006 3773 3137 3815 eum
3163 3773 3481 3829 cognoscas,
3514 3774 3631 3812 non
3658 3766 3722 3813 ut
3751 3757 3843 3813 ille

2248 3866 2436 3907 rerum
2467 3851 2771 3922 productus
2801 3862 3058 3906 naturam
3092 3864 3216 3905 esse
3256 3850 3503 3920 incipiat.
3545 3849 3676 3905 Sive
3707 3863 3844 3920 ergo

2250 3950 2551 4014 martyrum
2582 3941 2905 3997 memoriam
2935 3941 3189 4006 colimus,
3216 3940 3486 3996 hodierna
3517 3941 3843 3995 solemnitas

2249 4031 2519 4101 ejusmodi
2548 4045 2752 4101 parens
2789 4040 2874 4086 est
2904 4031 3335 4087 solemnitatum.
3378 4030 3506 4086 Sive
3544 4030 3670 4100 ejus
3697 4030 3843 4084 cele-

563 4123 621 4170 at
651 4131 760 4171 non
786 4117 1078 4176 videbatur
1104 4136 1134 4176 a
1160 4121 1321 4177 nobis
1346 4140 1358 4174 :
1382 4128 1507 4191 post
1533 4130 1753 4193 partum
1778 4133 1963 4179 autem
1992 4124 2147 4185 adest
2176 4118 2225 4179 D
2252 4125 2477 4179 bramus
2502 4124 2786 4194 passiones
2807 4124 2899 4195 qui
2924 4123 3098 4180 nostri
3123 4140 3290 4181 causa
3313 4123 3427 4195 pati
3451 4122 3714 4195 dignatus
3734 4131 3839 4185 est,

561 4202 613 4261 is
640 4205 758 4278 ipse
792 4217 851 4264 ut
889 4226 1108 4281 semper
1147 4218 1286 4279 erat,
1324 4227 1535 4282 nosque
1573 4227 1702 4269 eum
1740 4213 2014 4270 videmus.
2046 4215 2137 4270 ld-

2244 4217 2340 4286 qui
2360 4216 2537 4271 voluit
2564 4216 2676 4286 pati
2702 4216 2870 4273 hodie
2898 4218 2955 4271 in
2980 4217 3249 4272 mundum
3276 4217 3451 4282 venit,
3477 4215 3841 4271 hodiernam-

644 4437 691 4473 ’⁵⁸
716 4438 739 4492 Ι
768 4437 1010 4492 Timoth.
1042 4455 1081 4499 ι,
1108 4438 1195 4493 i5.
1272 4441 1317 4472 ⁸⁷
1343 4441 1502 4499 Ioan.
1543 4459 1643 4510 xx,
1683 4442 1772 4501 95.
1850 4445 1897 4479 ⁸⁸
1942 4443 2097 4499 Ioan.
2128 4461 2148 4499 ι

2256 4445 2306 4498 5.
2370 4444 2416 4476 ⁸³
2443 4443 2556 4499 Iac.
2588 4459 2626 4508 ι,
2656 4443 2709 4511 i;
2751 4444 2924 4510 Iudae,
2954 4446 3003 4499 l.
3079 4446 3127 4477 7°
3161 4445 3317 4501 Ioan.
3346 4463 3383 4512 ι,
3424 4448 3510 4502 it).

635 4616 712 4689 (2)
760 4614 863 4689 Sey
891 4626 940 4669 et
965 4615 1067 4689 ﬁlii
1093 4616 1330 4689 Ioseph;
1359 4619 1452 4672 καὶ
1475 4618 1638 4689 οἱίτοῦ
1656 4621 1852 4689 Ἰωσὴφ
1885 4620 2011 4674 υἱοί.
2045 4621 2137 4677 Sic

561 4684 783 4759 qucque
803 4684 1120 4759 Gregorius,
1148 4684 1709 4759 Epiphaniusaliique
1730 4684 1904 4743 Graeci
1926 4690 2137 4759 opinati

561 4753 716 4826 έιιηιί
730 4753 798 4809 de
838 4753 935 4826 λῖθ’
966 4757 1155 4811 uxoria
1192 4753 1503 4812 beatissimi
1546 4753 1772 4826 Ioseph,
1805 4766 1933 4812 ante
1956 4753 2140 4817 Mariae

560 4824 803 4892 nuptias.
836 4824 973 4896 Nec,
995 4840 1112 4880 rem
1163 4826 1233 4881 ita
1265 4827 1529 4881 abhorret
1559 4824 1753 4896 pietas
1780 4826 2092 4883 Christiana
2119 4849 2133 4882 :
2170 4838 2175 4839 '

562 4909 890 4967 quanquam
916 4894 1233 4967 Hieronymi
1262 4898 1452 4967 opinio
1488 4894 1680 4951 contra
1714 4895 2045 4963 Helvidium,
2077 4910 2139 4954 ut

564 4963 716 5039 firgo
748 4963 952 5039 Virgini
982 4963 1331 5039 junctussif,
1356 4967 1577 5039 iuturus
1608 4967 1728 5039 loco
1747 4967 1918 5034 patris
1940 4968 2137 5039 virgini

559 5034 710 5106 Iesu,
760 5034 910 5106 velut
956 5036 1151 5106 majori
1174 5036 1393 5104 pietate,
1443 5035 1500 5089 in
1525 5050 1584 5088 re
1614 5034 1798 5089 minus
1821 5034 2129 5106 perspecta,

560 5105 938 5174 amplectenda
952 5105 1239 5174 videatur;
1263 5106 1414 5159 nullo
1440 5111 1623 5174 tamen
1640 5105 1961 5174 praejudicio
1973 5108 2134 5163 aliter

561 5172 1186 5245 sentientiumyossius
1230 5175 1460 5245 abrogat
1505 5172 1893 5245 Chrysostomo
1929 5178 2135 5231 oratio-

560 5254 687 5294 nem
713 5243 793 5304 εἰς
827 5243 918 5295 τὸν
954 5242 1393 5314 Εὐαγγελισμόνξ
1409 5245 1529 5314 ejus
1554 5242 1754 5313 satpius
1774 5244 1994 5301 nomine
2015 5248 2134 5301 edi-

565 5316 693 5370 tam,
716 5312 1111 5383 eo_pra:s_ertim
1147 5312 1328 5377 titulo,
1366 5312 1511 5383 quod
1557 5312 1955 5382 complectatur
1984 5316 2131 5371 illam

563 5379 891 5454 sententiam
921 5379 991 5454 de
1008 5395 1066 5434 re
1088 5382 1288 5454 Ioseph
1314 5379 1611 5454 uxoria,et
1627 5379 1746 5454 ejus
1765 5385 1972 5454 duplici
1996 5402 2131 5442 con-

559 5444 746 5523 jygio;
772 5448 1084 5523 tribuitque
1112 5467 1180 5506 ex
1212 5444 1443 5523 Romani
1464 5444 1746 5523 cujusdam
1772 5444 1979 5510 codicis
1999 5455 2126 5522 ﬁde,

562 5512 825 5591 Gregorio
839 5512 1248 5591 Thauinaturgo
1268 5539 1282 5591 ;
1301 5522 1452 5576 velut
1474 5512 1638 5589 feius,
1659 5524 1841 5578 minus
1863 5539 2007 5579 sanae
2033 5512 2130 5580 do;

2236 4640 2350 4701 ξτῳ
2394 4630 2451 4678 et
2500 4623 2851 4701 evangelista;
2900 4625 3129 4701 Ioannis
3157 4625 3475 4701 discipulo,
3524 4628 3827 4701 Gregorio.

2235 4693 2849 4766 Quarenonimmerito
2876 4696 3199 4766 perstringit
3243 4693 3530 4765 prtiafatum
3569 4693 3837 4757 Vossium

2236 4762 2348 4841 ilco
2399 4762 2646 4841 Allatius
2674 4764 2740 4841 _i_n
2775 4762 3199 4841 suo—Eustatliio
3225 4762 3684 4841 {quanquamet
3720 4772 3844 4841 ipse

2234 4833 2419 4904 forsan
2457 4834 2709 4904 nonnihil
2742 4835 2918 4889 videri
2950 4836 3125 4904 possit
3161 4833 3506 4892 zelo—Graeco
3534 4833 3836 4896 calenti'or.

2235 4902 2512 4980 liabemus
2536 4903 2686 4980 illam
2717 4902 3021 4960 orationem
3045 4906 3308 4980 egitegio
3347 4906 3562 4980 codice,
3604 4909 3839 4980 duplam

2236 4972 2468 5046 circiter
2483 4988 2646 5046 quam
2665 4975 2934 5046 hactenus
2959 4976 3187 5044 prodiit,
3217 4972 3500 5046 totamque
3528 4972 3835 5037 Donti'nicm

2239 5041 2676 5123 annuntia’tionis
2725 5041 3036 5127 historiam2
3076 5041 3503 5130 continuaofere
3556 5063 3835 5131 prosopoa

2239 5112 2379 5186 pteia
2420 5123 2792 5179 enarrantem,
2825 5129 2990 5183 quam
3019 5115 3286 5186 impressa
3322 5112 3840 5175 circiter-mediam

2238 5180 2614 5264 abrumpunt}
2646 5180 2931 5264 Aquostylo
2952 5180 3171 5241 exstant
3204 5203 3320 5264 non
3346 5202 3522 5264 pauca
3542 5190 3842 5264 encomia-

2239 5250 2376 5329 stica
2430 5250 2693 5329 inscripta
2738 5250 3161 5329 Chr'ysostomo,
3194 5265 3255 5311 ut
3305 5250 3365 5311 in
3411 5256 3721 5329 Abraham,
3777 5261 3843 5316 in

2227 5318 2492 5399 ἔρρει-ηοω
2512 5318 3020 5399 Βοῂιίειαῳξοιο..
3050 5318 3267 5399 quibus
3284 5342 3482 5399 magna
3525 5318 3843 5399 aliquando

2226 5387 2743 5470 iuitlf‘rontonianae
2766 5387 3147 5466 Chrysostoini
3182 5387 3440 5458 editionvi,
3467 5411 3573 5452 nec
3596 5387 3845 5470 prorsus

2226 5460 2459 5523 inutilis,
2488 5465 2752 5519 accessio.

2299 5528 2376 5597 (ὅ)
2402 5529 2749 5609 Εχβὶριξοτίι.
2783 5533 3012 5591 Patrum
3039 5538 3298 5605 conciam,
3339 5538 3652 5609 COIiBEFlS.,
3693 5548 3844 5597 tom.

562 5583 752 5639 ctrina:
765 5583 1315 5656 Chrysostomoﬁatis
1331 5607 1473 5647 sanae
1488 5583 1664 5648 videri
1679 5594 1875 5650 debeat
1888 5595 2130 5649 Θεοδιδά-

2256 5638 2268 5660 ,
2294 5583 2452 5671 pagg.
2469 5583 2739 5657 mali.
