4076 6432
368 241 506 303 1413

1354 234 1639 292 HOMILIA
1674 235 1738 288 Ἴ.
1782 228 1849 288 IN
1887 227 2000 284 DIE
2032 227 2469 293 NAT'thtATlS
2502 228 2758 288 DOMINI.

3485 238 3631 297 “l4

365 376 473 432 que
499 357 849 413 festivitatem
873 354 1221 425 passionluus
1245 350 1614 420 antiquiorem
1642 345 1788 403 facit.
1817 344 1944 401 Sive
1972 346 2018 404 Α
2047 340 2203 408 Quod
2237 344 2384 398 enim
2424 345 2598 401 oculis
2625 346 2983 415 conspicuum
3022 356 3126 414 est,
3155 349 3274 420 ejus
3310 357 3395 405 est
3424 352 3631 422 proba-

366 444 640 505 vivifleam
669 445 790 514 ejus
815 449 1050 496 mortem
1081 440 1396 503 recolimus,
1421 455 1571 495 nunc
1602 437 1827 493 advenit
1851 435 1947 506 qui

367 554 428 595 se
453 551 554 607 pro
589 534 751 590 nobis
786 533 843 588 in
872 541 1106 588 mortem
1135 539 1256 587 erat
1289 532 1612 587 traditurus.
1638 529 1766 586 Sive
1794 529 1949 585 deni-

363 642 472 697 que
514 638 765 695 magnam
790 622 1235 679 ‘resurrectionis
1273 623 1393 693 ejus
1435 620 1788 677 festivitatem
1829 619 1947 690 agi-

363 731 509 779 mus,
546 728 710 784 quam
756 713 917 767 nobis
959 712 1008 767 is
1049 711 1303 782 przebuit,
1351 725 1410 765 se
1457 710 1633 780 ipsum
1676 708 1949 780 primitias

363 806 609 861 efﬁciens
641 820 835 859 eorum
875 804 969 873 qui
1011 811 1142 858 sunt
1189 801 1556 857 resurrecturi
1593 800 1672 872 (in
1705 816 1763 855 se
1795 815 1949 854 nam-

366 913 476 967 que
503 897 825 952 universum
848 896 1137 951 suscitavit
1157 895 1459 949 humanum
1479 909 1672 964 genus,
1701 908 1949 948 commu-

364 1002 491 1043 nem
509 987 755 1042 universi
774 985 921 1041 illius
933 986 1231 1041 suscitandi
1250 986 1670 1054 promissionem
1694 983 1945 1052 faciens);

364 1079 636 1134 hodierna
671 1078 943 1133 festivitas
973 1079 1063 1134 illa
1090 1079 1255 1132 etiam
1282 1077 1499 1133 exsistit
1526 1077 1825 1147 antiquior.
1857 1078 1950 1131 Et-

364 1173 516 1227 enim
559 1171 849 1227 triduanus
891 1188 923 1226 e
963 1172 1216 1242 sepulcro
1258 1170 1498 1226 surrexit
1531 1170 1802 1234 Salvator,
1839 1185 1949 1224 non

365 1279 529 1319 suum
566 1263 833 1319 duntaxat
863 1262 1179 1332 sepulcrum
1217 1262 1490 1332 aperiens,
1524 1262 1620 1317 sed
1653 1270 1710 1316 et
1743 1261 1949 1315 multo-

365 1368 492 1407 rum
514 1352 767 1423 sepulcra
788 1360 1100 1406 sanctorum
1133 1367 1385 1407 reserans
1415 1351 1480 1405 ".
1514 1350 1650 1406 Cum
1676 1365 1777 1406 suo
1799 1350 1950 1406 enim

365 1444 535 1499 etiam
567 1451 885 1498 sanctorum
920 1444 1171 1513 sepulcra
1205 1444 1444 1514 aperuit,
1480 1443 1947 1499 resurrectionem

367 1547 528 1590 suam
575 1534 949 1589 arrhabonem
989 1549 1053 1590 ac
1098 1535 1295 1605 pignus
1341 1534 1595 1605 praebens
1642 1535 1951 1590 communis

369 1625 813 1681 resurrectionis.
848 1625 1159 1711 Resurgens
1184 1641 1215 1681 e
1248 1626 1505 1696 sepulcro
1535 1626 1788 1696 sepulcra
1816 1640 1949 1695 ape-

370 1714 517 1780 ruit;
560 1722 837 1785 natusque
876 1729 907 1769 e
954 1690 1116 1768 vulva
1165 1690 1384 1767 vulvam
1431 1728 1543 1766 non
1586 1690 1820 1781 aperuit.
1850 1690 1948 1765 Ἐκ
1983 1690 2027 1746 Β

368 1811 548 1859 morte
594 1803 742 1857 enim
789 1818 854 1858 ac
896 1809 1056 1857 terra:
1098 1802 1221 1855 sinu
1263 1814 1554 1870 emergens
1597 1803 1952 1852 monumenta

369 1894 582 1965 aperit;
616 1907 851 1948 nascens
890 1907 1023 1947 vero
1060 1907 1128 1947 ex
1164 1891 1387 1960 Virgine
1424 1897 1640 1943 uterum
1676 1902 1785 1942 non
1818 1902 1951 1957 ape-

370 1985 486 2039 ruit
517 2002 531 2039 :
558 1984 655 2040 sed
699 1992 755 2039 et
793 1983 1060 2048 nascitur,
1101 1990 1159 2038 et
1196 1982 1436 2052 Virginis
1476 1980 1658 2035 sinum
1704 1979 1952 2034 clausum

372 2073 655 2144 relinquit.
697 2074 1089 2140 Quamobrem,
1121 2072 1346 2141 quaeso?
1392 2069 1555 2125 video
1602 2068 1749 2123 enim
1798 2075 1855 2122 et
1901 2075 1953 2121 te

372 2167 493 2234 ejus
532 2165 742 2220 sciendi
775 2163 1051 2218 desiderio
1084 2162 1283 2218 teneri.
1314 2162 1455 2215 Num
1491 2160 1608 2213 haec
1642 2171 1807 2211 causa
1848 2156 1952 2210 rite

373 2256 591 2311 dicatur
639 2255 711 2309 ob
765 2269 928 2324 quam
989 2259 1343 2307 monumenta
1398 2248 1744 2320 aperiuntur,
1791 2246 1954 2301 vulva

371 2346 660 2417 virginalis
693 2354 884 2415 aperta
923 2359 1033 2398 non
1074 2342 1210 2397 fuit?
1233 2342 1379 2412 quod
1409 2340 1673 2395 nimirum
1713 2341 1834 2411 ejus
1870 2355 1956 2394 re-

371 2437 650 2493 surrectio
670 2436 1054 2492 universorum
1079 2433 1505 2489 resurrectionis
1526 2448 1690 2489 causa
1712 2432 1952 2496 exstitit;

374 2538 572 2598 partus
598 2542 735 2582 vero
763 2526 1091 2581 miraculum
1134 2526 1253 2594 ejus
1292 2524 1467 2578 solum
1505 2522 1599 2593 qui
1640 2522 1736 2576 illo
1773 2520 1958 2576 editus

371 2626 461 2673 est
494 2617 685 2683 fuerit,
710 2632 823 2672 non
849 2624 912 2670 ut
936 2616 1226 2685 quisquam
1257 2614 1398 2670 alius
1432 2615 1527 2669 tali
1558 2613 1722 2668 modo
1754 2611 1958 2667 nativi-

375 2710 507 2764 tatis
541 2709 609 2774 jn
651 2724 839 2764 rerum
884 2714 1140 2762 naturam
1182 2706 1432 2761 edendus
1474 2706 1566 2760 sit.
1610 2703 1774 2759 Solus
1810 2703 1959 2758 enim

377 2814 504 2854 cum
538 2808 707 2863 esset,
733 2813 796 2853 ac
829 2811 1071 2868 prteSens
1109 2804 1275 2859 esset,
1301 2802 1464 2850 natus
1497 2804 1613 2861 CSl;
1645 2808 1746 2848 nos
1774 2802 1958 2847 autem

378 2899 506 2962 post
526 2898 754 2960 partum
787 2889 845 2943 in
877 2889 1027 2944 hunc
1063 2887 1333 2943 mundum
1370 2886 1730 2944 advenimus:
1761 2900 1825 2939 ac
1859 2898 1962 2939 nos

378 2982 603 3053 quidem
634 2988 748 3036 tum
772 2981 1012 3051 primum
1031 2994 1243 3045 sumus,
1269 2992 1394 3034 cum
1420 2985 1581 3047 partu
1603 2975 1959 3041 eﬂ‘undimur;

381 3074 499 3144 ipse
535 3088 671 3128 vero
703 3088 829 3128 cum
870 3080 1034 3127 natus
1075 3078 1180 3137 est,
1205 3079 1323 3125 tum
1360 3069 1597 3140 primum
1629 3067 1808 3123 oculis
1833 3082 1965 3122 con-

380 3165 608 3235 spicuus
639 3163 764 3219 fuit.
801 3163 939 3231 Quia
966 3178 1098 3235 ergo
1124 3160 1461 3218 resurrectio
1485 3160 1795 3215 communis
1822 3166 1961 3223 erat,

380 3265 574 3328 partus
605 3271 740 3311 vero
772 3258 892 3328 ejus
924 3256 1137 3311 exstitit
1174 3254 1503 3325 singularis;
1538 3252 1814 3308 universis
1839 3264 1965 3319 ape-

374 3348 605 3403 riuntur
643 3348 918 3417 sepulcra,
951 3356 1145 3402 uterus
1183 3353 1366 3401 autem
1409 3361 1521 3400 non
1564 3345 1826 3414 aperitur,
1862 3339 1965 3395 soli

381 3441 606 3497 Christo
643 3456 872 3497 servans
899 3440 1207 3495 mirabilem
1240 3440 1392 3493 illum
1427 3436 1677 3508 pariendi
1714 3434 1960 3489 modum.

383 3534 597 3588 Idcirco
642 3533 799 3604 virgo
846 3533 1049 3586 mansit
1093 3532 1293 3603 Virgo,
1341 3529 1556 3586 tametsi
1595 3544 1724 3583 vere
1770 3526 1965 3582 matris

384 3636 589 3679 nomen
620 3624 883 3679 obtinuit.
917 3623 1090 3677 Mater
1128 3636 1365 3692 namque
1404 3621 1599 3676 eﬂ'ecta
1631 3628 1717 3675 est
1753 3620 1965 3674 lacten-

384 3722 497 3770 tem
555 3716 778 3787 pariens
828 3730 1094 3786 puerum;
1150 3714 1354 3769 mansit
1400 3712 1762 3767 nihilominus
1813 3711 1965 3782 virgo

384 3808 628 3865 Verbum
658 3808 831 3864 edens
859 3822 1082 3863 carnem
1110 3806 1335 3862 factum.
1365 3805 1504 3860 Eum
1532 3805 1717 3874 itaque
1744 3805 1839 3874 qui
1865 3820 1965 3859 na-

384 3907 479 3955 tus
501 3906 628 3964 est,
660 3906 719 3955 et
757 3898 1036 3956 hominem
1069 3898 1237 3968 Virgo
1278 3895 1523 3951 ostendit
1577 3902 1635 3950 et
1671 3894 1914 3949 Verbum
1950 3912 1964 3949 :

387 3989 672 4046 hominem
713 3990 959 4045 ostendit
997 3988 1194 4044 eﬂ'ecta
1234 3994 1439 4054 mater;
1480 3986 1577 4043 sed
1621 3995 1679 4041 et
1723 3985 1969 4042 Verbum

385 4082 644 4138 eumdem
682 4081 930 4152 prodidit
957 4081 1115 4152 virgo
1146 4094 1529 4151 perseverans,
1554 4077 1701 4149 quod
1734 4087 1791 4133 et
1814 4077 1970 4148 prius

387 4173 514 4230 fuit.
557 4174 749 4244 Neque
786 4173 936 4228 enim
982 4172 1120 4227 illud
1157 4170 1359 4235 amisit,
1392 4171 1609 4241 hocque
1648 4168 1967 4239 assumpsit;

388 4262 589 4317 Mansit
617 4277 749 4333 ergo
771 4258 946 4332 virgo,
973 4260 1121 4331 quod
1150 4265 1299 4326 erat;
1340 4274 1406 4314 ac
1431 4267 1607 4313 mater
1639 4256 1835 4313 effecta
1863 4267 1968 4322 est,

1990 3023 2036 3087 C

2050 435 2129 489 tio
2153 436 2299 504 quod
2325 436 2684 505 conspicuum
2714 452 2824 492 non
2861 439 3097 494 exsistit.
3127 440 3329 496 Verum
3358 442 3426 496 ad
3462 459 3631 501 evan-

2048 527 2283 597 gelicum
2322 542 2634 583 sermonem
2677 529 2921 584 animum
2957 531 3309 592 reducamus.
3351 549 3462 603 quo
3500 534 3635 591 inde

2047 617 2240 687 petitis
2270 617 2680 673 narrationibus
2700 620 2944 689 jucunde
2971 636 3070 676 vos
3094 621 3451 691 excipiamus.

2118 708 2207 763 lli.
2259 727 2276 760 ι
2306 708 2432 765 Jesu
2463 708 2690 777 Christi,
2716 711 2912 781 inquit,
2942 713 3220 781 generatio
3252 714 3332 769 sic
3361 723 3480 770 erat
3504 715 3572 771 ⁷³.
3602 734 3630 769 ι

2049 796 2177 853 Haec
2225 799 2303 854 ait
2351 799 2639 856 Matthaeus
2692 803 3059 871 evangelista,
3106 804 3201 873 qui
3252 813 3308 859 et
3351 803 3631 862 Christum

2049 890 2221 945 Deum
2261 891 2399 946 sciat
2431 893 2644 949 sarculis
2676 896 3033 959 anteriorem,
3068 904 3124 950 et
3162 898 3283 967 ejus
3316 913 3463 952 nunc
3500 914 3631 953 nar-

2049 987 2134 1034 ret
2169 982 2605 1050 generationem.
2644 984 2769 1039 Htec
2801 1000 2955 1055 ergo,
2988 985 3084 1051 ait,
3120 1002 3284 1043 nosce
3320 1006 3333 1041 :
3370 1004 3497 1043 eum
3542 1005 3633 1046 me

2050 1085 2303 1125 sermone
2335 1071 2654 1128 describere
2675 1074 2770 1143 qui
2794 1082 2850 1129 et
2873 1090 3092 1145 semper
3113 1084 3220 1142 est,
3244 1086 3300 1132 et
3321 1077 3498 1134 factus
3526 1089 3632 1135 est.

2048 1161 2201 1232 Ejus,
2232 1163 2429 1233 inquit,
2462 1165 2877 1234 generationem
2923 1182 3110 1233 narro,
3135 1168 3231 1238 qui
3255 1177 3340 1224 est
3375 1185 3632 1240 semper:

2048 1255 2170 1324 ejus
2197 1264 2436 1325 partum,
2475 1257 2571 1326 qui
2593 1257 2751 1327 .Patri
2785 1268 3097 1315 coaeternus
3125 1260 3361 1315 exsistit.
3392 1260 3634 1317 Genera-

2048 1346 2254 1401 tionem
2299 1348 2446 1414 dico,
2475 1363 2587 1403 non
2627 1365 2737 1421 qua
2782 1350 2995 1407 ratione
3025 1359 3166 1418 erat,
3198 1353 3296 1408 sed
3333 1369 3441 1423 qua
3480 1362 3634 1424 post-

2050 1440 2275 1495 modum
2315 1441 2543 1497 exstitit.
2577 1441 2750 1496 Meam
2794 1442 2979 1514 itaque
3019 1443 3120 1498 tibi
3160 1443 3288 1499 dico
3322 1445 3635 1515 generatio-

2049 1546 2200 1597 nem,
2240 1548 2404 1602 quam
2448 1532 2702 1588 conditor
2750 1549 2908 1589 meus
2954 1535 3255 1605 amplexus
3284 1544 3389 1590 est.
3450 1554 3469 1588 ‹
3498 1535 3637 1592 Cum

2052 1621 2201 1675 enim
2240 1629 2387 1676 esset
2430 1622 2759 1693 desponsata
2808 1631 2985 1679 mater
3026 1624 3149 1695 ejus
3199 1626 3369 1680 Maria
3408 1625 3634 1697 Joseph,

2057 1717 2349 1780 antequam
2378 1713 2760 1778 convenirent,
2791 1712 3013 1769 inventa
3041 1723 3127 1769 est
3154 1714 3209 1768 in
3243 1723 3401 1770 utero
3429 1716 3640 1773 habens

2058 1800 2127 1855 de
2172 1798 2378 1870 Spiritu
2424 1810 2615 1856 sancto
2648 1801 2714 1856 ⁷³.
2751 1821 2772 1854 ι
2823 1800 3097 1869 Quorsum
3137 1819 3272 1859 vero
3313 1818 3382 1859 ex
3420 1804 3641 1877 Virgine

2059 1891 2372 1947 nasciturus
2396 1892 2681 1957 Dominus,
2702 1909 2813 1948 non
2833 1909 2899 1949 ex
2919 1910 2982 1949 ea
3006 1910 3129 1964 quae
3148 1911 3260 1950 non
3282 1895 3638 1966 desponsata;

2057 1982 2155 2037 sed
2200 1996 2323 2052 qua:
2365 1982 2485 2036 viro
2536 1981 2863 2052 desponsata
2907 1992 3072 2050 esset,
3116 1993 3407 2052 nascatur,
3459 2001 3643 2055 opera:

2058 2073 2301 2143 pretium
2347 2088 2660 2128 noscamus.
2710 2074 2904 2130 Plures
2949 2076 3097 2130 enim
3139 2076 3255 2131 limo
3294 2076 3456 2133 nobis
3496 2077 3641 2149 obji-

2059 2165 2235 2229 ciunt,
2267 2164 2362 2233 qui
2396 2164 2662 2234 sapientis
2696 2165 2815 2236 ejus
2856 2166 3073 2220 consilii
3112 2167 3405 2222 utilitatem
3438 2168 3642 2237 oppido

2060 2269 2390 2326 cognoscere
2430 2255 2623 2311 velint.
2668 2254 2869 2322 Quidni
2914 2272 2980 2311 ex
3019 2257 3233 2329 virgine
3263 2273 3373 2312 non
3404 2258 3643 2327 despon-

2062 2353 2180 2399 sata
2226 2356 2388 2400 natus
2438 2346 2563 2400 est?
2613 2345 2811 2412 Quidni
2866 2348 3015 2402 omni
3070 2363 3260 2403 exsors
3314 2348 3645 2417 suspicionis

2061 2426 2264 2491 mansit
2290 2436 2596 2507 virginitas,
2626 2452 2749 2507 quae
2789 2438 3020 2492 Domino
3049 2439 3330 2492 nascituro
3365 2438 3645 2493 ministra-

2063 2532 2187 2579 tura
2213 2526 2372 2579 erat?
2400 2525 2571 2580 Secus
2596 2526 2756 2596 plane
2782 2542 2840 2582 se
2864 2543 2952 2582 res
2975 2527 3144 2582 habet
3168 2544 3181 2580 :
3208 2537 3460 2596 suspecta
3485 2542 3645 2581 nam-

2064 2630 2172 2684 que
2199 2614 2365 2684 Virgo
2395 2614 2580 2669 futura
2608 2623 2748 2681 erat,
2771 2616 2880 2671 nisi
2913 2617 3115 2687 Ioseph
3156 2619 3252 2687 qui
3279 2618 3650 2687 desponderat

2065 2705 2347 2760 custodem
2392 2705 2695 2760 habuisset.
2745 2707 2950 2761 Verum
3000 2723 3256 2777 sponsam
3301 2724 3422 2762 eam
3463 2709 3650 2779 justus

2067 2795 2283 2865 accipit,
2330 2803 2390 2849 ut
2431 2795 2764 2866 virginitatis
2810 2804 2999 2851 custos
3047 2797 3306 2862 exsistat,
3347 2813 3410 2852 ac
3456 2808 3649 2868 partus

2070 2887 2245 2941 testis.
2294 2884 2661 2952 Quamobrem
2709 2886 2872 2941 etiam
2918 2895 3105 2941 custos
3152 2886 3209 2941 in
3257 2888 3378 2959 ejus
3422 2889 3651 2943 veniens

2070 2975 2460 3046 suspicionem,
2490 2991 2801 3045 quanquam
2836 2983 3126 3045 putaverat
3171 2975 3312 3031 bene
3348 2976 3653 3031 custodisse

2068 3068 2172 3122 sibi
2196 3067 2604 3137 desponsatam,
2635 3085 2653 3118 ς
2682 3065 2857 3120 voluit
2881 3066 3093 3121 occulte
3118 3065 3396 3122 dimittere
3410 3083 3529 3122 eam
3547 3068 3644 3122 ⁷⁸.»

2067 3158 2365 3214 Enimvero
2407 3156 2562 3211 testis
2594 3156 2711 3226 ipse
2734 3156 2971 3225 Virginis
2995 3155 3249 3221 edicitur,
3286 3157 3380 3226 qui
3418 3158 3653 3227 sapienti

2066 3246 2297 3301 consilio
2326 3244 2567 3313 disponit
2599 3243 2945 3297 miraculum.
2989 3260 3008 3293 ‹
3041 3241 3133 3295 Ait
3169 3242 3316 3297 enim
3351 3242 3408 3296 in
3447 3245 3654 3298 somnis

2064 3336 2266 3406 Joseph
2301 3353 2314 3389 :
2354 3335 2477 3395 Noli
2525 3333 2719 3388 timere
2771 3332 3022 3401 accipere
3075 3331 3300 3385 Mariam
3360 3322 3651 3403 conjuger'n

2066 3434 2217 3482 tuam
2242 3444 2255 3480 :
2279 3425 2427 3496 quod
2450 3425 2599 3481 enim
2626 3424 2679 3478 in
2707 3439 2771 3479 ca
2795 3432 2984 3477 natum
3008 3430 3112 3487 est,
3138 3422 3205 3477 de
3230 3421 3438 3493 Spiritu
3463 3434 3653 3479 sancto

2064 3527 2152 3575 est
2172 3518 2238 3571 ⁷⁸.
2271 3536 2289 3568 ι
2324 3516 2485 3571 Nulla
2520 3515 2622 3569 tibi
2660 3514 2808 3569 fraus
2843 3511 3073 3581 contigit
3105 3511 3439 3567 custodienti
3468 3511 3652 3583 Virgi-

2066 3626 2193 3665 nem
2235 3626 2250 3663 :
2290 3617 2485 3679 partus
2540 3606 2688 3662 enim
2737 3605 3060 3677 mysterium
3102 3603 3170 3658 de
3217 3603 3423 3674 Spiritu
3461 3612 3655 3659 sancto

2067 3701 2302 3757 exsistit.
2341 3699 2463 3754 Non
2505 3697 2837 3753 adulterium
2880 3702 2965 3750 est
3004 3695 3151 3765 quod
3191 3694 3264 3749 ita
3300 3701 3513 3765 gestum
3548 3701 3654 3759 est,

2068 3793 2165 3849 sed
2194 3790 2449 3847 adulterii
2484 3788 2745 3845 sublatio.
2782 3787 2969 3858 Virgo,
3010 3787 3164 3857 virgo
3199 3793 3303 3840 est.
3347 3785 3493 3839 Deus
3526 3784 3658 3838 Ver-

2067 3884 2202 3939 bum
2239 3882 2446 3953 estqui
2480 3881 2538 3936 in
2577 3880 2669 3934 illa
2695 3883 2958 3950 tgestatur
2989 3894 3004 3931 :
3037 3877 3132 3947 qui
3165 3883 3222 3930 et
3256 3876 3301 3930 si
3342 3875 3658 3929 nasciturus

2070 3987 2177 4043 est,
2217 3976 2492 4047 siquidem
2532 3980 2621 4029 est
2657 3971 2835 4027 factus
2871 3984 3030 4036 caro,
3065 3967 3202 4021 nihil
3236 3972 3415 4020 tamen
3444 3979 3658 4035 sponsae

2070 4080 2181 4124 tua:
2203 4067 2571 4138 virginitatem
2597 4063 2777 4119 lzedet.
2809 4061 3009 4117 Custos
3041 4074 3172 4129 ergo
3195 4056 3395 4127 Ioseph
3426 4057 3659 4111 effectus

2074 4170 2159 4216 est
2198 4159 2401 4224 Mariae,
2433 4173 2499 4213 ac
2537 4157 2658 4227 ejus
2702 4151 3036 4224 virginitatis
3079 4149 3234 4204 testis
3283 4148 3435 4203 omni
3483 4149 3659 4218 major

2074 4252 2419 4323 exceptione.
2470 4249 2682 4304 Idcirco
2728 4246 2896 4316 igitur
2942 4259 3009 4299 ex
3063 4242 3389 4311 desponsata
3431 4238 3658 4310 Virgine

389 4354 538 4423 quod
564 4328 825 4409 nonvel'at
852 4328 1096 4423 {quippe
1117 4366 1240 4422 quae
1270 4366 1400 4407 eum
1433 4360 1552 4407 erat
1578 4352 1847 4422 paritura,
1873 4352 1967 4423 qui
2000 4349 2046 4404 D
2073 4341 2321 4398 nascitur
2393 4336 2691 4401 Dominus,
2755 4347 3019 4405 sponsum
3080 4338 3274 4386 testem
3325 4328 3659 4400 virginitatis

388 4445 558 4500 homo
585 4444 783 4510 factus,
812 4446 960 4501 Deus
990 4443 1383 4515 perseveravit.

462 4538 528 4593 ll.
556 4538 635 4593 Ne
654 4538 768 4609 jam
798 4553 931 4608 ergo
955 4537 1318 4608 quaestionum
1347 4535 1522 4591 nodos
1552 4535 1650 4590 Dei
1680 4543 1838 4591 necte
1866 4535 1973 4591 mi-

389 4629 625 4695 raculis,
666 4643 847 4699 neque
889 4626 1267 4683 admirandam
1309 4625 1775 4696 dispensationem
1814 4625 1976 4681 dubi-

393 4720 714 4776 tatiuneulis
742 4719 927 4790 fatiga,
966 4734 1103 4789 quas
1147 4728 1206 4773 tu
1243 4727 1468 4775 secutus
1511 4718 1567 4772 in
1605 4717 1713 4773 fide
1754 4717 1975 4773 naufra-

391 4811 551 4883 gasti.
583 4809 930 4866 Ratiuneulis
965 4810 1114 4863 enim
1152 4808 1388 4879 teipsum
1423 4808 1679 4875 credens,
1711 4810 1973 4879 velutque

396 4917 590 4958 navem
612 4902 938 4957 tutissimam
962 4898 1124 4955 fidem
1148 4900 1488 4969 relinquens,
1506 4915 1569 4955 ac
1587 4900 1699 4955 tuis
1719 4900 1975 4969 quaestio-

398 4992 561 5046 nibus
595 4991 693 5046 Dei
722 4990 1003 5061 signorum
1036 4990 1261 5060 pelagus
1300 4987 1554 5057 trajicere
1586 4987 1835 5057 cupiens,
1871 5002 1973 5041 ne-

394 5083 637 5139 cessario
666 5081 1011 5152 naufragium
1044 5079 1212 5145 facis;
1243 5064 1337 5148 qui
1371 5085 1429 5133 et
1459 5077 1608 5147 quod
1643 5084 1822 5131 tutum
1855 5085 1977 5131 erat

397 5171 710 5242 reliqueris,
735 5186 838 5226 nec
867 5170 1090 5241 pelagus
1120 5174 1384 5238 quantum
1420 5174 1507 5221 est
1542 5180 1807 5235 superare
1841 5179 1972 5234 pos-

394 5261 490 5317 sis.
524 5261 605 5315 Ex
633 5276 721 5316 me
756 5260 978 5331 quaeris,
1014 5258 1292 5330 quomodo
1324 5258 1468 5312 Deus
1505 5255 1845 5326 permansit?
1877 5256 1973 5312 Vi-

393 5355 578 5411 cissim
623 5359 683 5408 et
716 5367 819 5423 ego
850 5366 1037 5422 quaero
1073 5349 1350 5420 quomodo
1392 5350 1593 5406 mansit
1627 5350 1783 5420 virgo
1824 5349 1972 5420 quod

393 5452 513 5501 erat
556 5443 730 5514 virgo,
753 5451 810 5499 et
829 5453 1006 5499 mater
1024 5441 1267 5499 exstitit?
1290 5443 1416 5499 Haec
1440 5442 1624 5509 vides;
1653 5442 1745 5498 illa
1770 5443 1970 5498 credis.

492 5623 535 5654 "
562 5620 754 5677 Matth.
796 5634 960 5684 xxvn,
990 5617 1075 5675 52.
1149 5619 1195 5651 ⁷²
1220 5617 1406 5673 Matth.
1438 5633 1475 5682 ι,
1516 5617 1602 5673 l8.
1682 5619 1727 5650 ⁷³
1754 5618 1888 5672 ibid.

1967 5614 2015 5648 ”
2041 5612 2232 5670 Matth.
2283 5625 2321 5675 ι,
2362 5608 2448 5663 19.

2078 4433 2307 4489 faciens.

2144 4525 2233 4580 1V.
2274 4524 2451 4579 Porro
2475 4508 2600 4576 cum
2625 4513 2948 4588 mysterium
2980 4510 3211 4583 mystice
3245 4525 3309 4565 ae
3336 4521 3533 4564 arcana
3566 4520 3661 4560 ra-

2073 4619 2226 4674 tione
2261 4614 2382 4671 fieri
2418 4617 2691 4684 oporteat,
2721 4606 2967 4678 oportuit
2996 4600 3394 4659 incarnationis
3427 4597 3666 4653 miracu-

2070 4709 2188 4765 lum
2247 4721 2389 4761 nova
2438 4701 2674 4774 quadam
2726 4714 2793 4753 ac
2846 4695 3069 4751 insolita
3121 4692 3373 4749 exhiberi
3427 4690 3663 4745 ratione.

2070 4799 2274 4858 Debuit
2315 4796 2486 4869 gratia
2529 4789 2850 4847 hominibus
2889 4802 2953 4842 ea
2998 4785 3232 4841 salutem
3281 4780 3665 4838 consecuturis

2074 4892 2193 4949 fieri
2239 4886 2551 4949 manifesta,
2584 4882 2886 4950 eademque
2933 4876 3156 4932 diabolo
3194 4874 3479 4929 hominum
3524 4885 3667 4925 sem-

2073 4999 2174 5054 per
2206 4980 2370 5035 bonis
2412 4973 2729 5032 insidiantis
2768 4968 2925 5025 reddi
2972 4969 3228 5022 ohscura.
3273 4965 3405 5023 Erat
3440 4960 3664 5030 quidem

2077 5051 2261 5131 Mariae
2298 5068 2608 5141 virginitas,
2637 5065 2707 5119 iis
2742 5061 2838 5133 qui
2881 5059 3085 5114 vellent
3118 5054 3266 5126 quod
3301 5067 3391 5108 res
3436 5051 3665 5105 haberet

2075 5164 2450 5227 considerare,
2492 5156 2815 5230 perspicua;
2859 5146 3208 5218 desponsatio
3246 5153 3428 5199 autem
3469 5140 3663 5195 diabo-

2074 5259 2189 5314 lum
2228 5256 2542 5323 deceperat,
2571 5255 2830 5316 tanquam
2870 5237 3120 5309 corporis
3163 5234 3469 5290 exstitisset
3512 5244 3655 5285 emn-

2075 5348 2284 5411 mistio,
2313 5359 2379 5399 ac
2428 5339 2664 5396 necdum
2712 5330 3036 5389 Emmanuel
3079 5335 3243 5383 natus
3288 5332 3456 5388 esset,
3494 5333 3659 5411 quem

2073 5441 2245 5497 Isaias
2287 5436 2551 5507 propheta
2598 5443 2668 5485 ex
2713 5425 2940 5496 Virgine
2979 5421 3320 5478 nasciturum
3367 5410 3663 5472 annuntia-

2523 5605 2567 5637 ⁷³
2604 5601 2737 5656 ibid.
2771 5599 2860 5653 20.
