4076 6438
492 217 630 273 HIS

1548 214 1898 273 TIIEODOTI
1931 215 2243 272 ‘EPISCOPI
2283 217 2634 275 ANCYRANI

3595 221 3738 278 HIG

489 339 662 396 verat,
694 332 746 386 in
770 331 885 386 inec
909 331 1077 386 verba
1105 329 1336 400 loquens
1368 347 1381 383 :
1417 348 1434 382 α
1463 330 1603 386 Ecce
1633 331 1787 401 virgo
1817 332 1872 386 in
1901 341 2061 386 utero
2088 335 2134 390 Α
2163 339 2285 395 tur;
2328 331 2446 395 sed,
2488 350 2504 381 ι
2545 331 2771 387 inventa
2814 339 2899 386 est
2945 330 3002 385 in
3041 339 3199 387 utero
3244 332 3473 388 habens.
3512 353 3528 386 ι
3571 336 3738 393 Plane

489 425 735 488 habebit,
771 433 827 478 et
867 424 1045 494 pariet
1083 422 1278 486 ﬁlium,
1311 430 1367 476 et
1397 422 1674 477 vocabunt
1707 439 1909 477 nomen
1939 425 2059 494 ejus

488 515 811 569 Emmanuel
845 531 858 566 :
889 514 1037 582 quod
1070 513 1451 583 interpreteris
1477 512 1756 567 Nobiscum
1777 513 1916 567 Deus
1941 513 2008 567 ⁷⁸.
2031 532 2051 563 ›

484 604 642 670 Quod
679 605 922 659 audisset
947 605 1200 658 diabolus
1223 619 1568 658 communem
1595 604 1822 674 gratiam
1848 619 1914 658 ex
1936 603 2059 658 Vir-

477 697 609 765 gine
650 697 1004 760 nascituram,
1038 695 1400 750 insidiabatur
1433 694 1762 764 virginitati,
1791 709 2059 763 nusquam

485 801 604 838 eam
634 785 933 840 consistere
966 787 1169 839 sinens.
1203 785 1314 839 Nec
1341 799 1469 840 sane
1496 785 1638 854 apud
1667 785 1884 839 Iudaeos
1911 785 2062 854 virgo

487 878 596 930 ulla
630 887 768 942 erat,
809 894 912 933 nec
947 877 1155 931 ethnici
1200 893 1314 931 rem
1350 878 1546 931 honori
1593 877 1889 941 habebant,
1927 893 2060 931 con—

487 969 747 1023 tendente
777 970 1023 1024 dzemone
1063 978 1124 1023 ut
1162 970 1303 1022 hanc
1337 969 1480 1038 apud
1521 969 1773 1024 homines
1802 971 2060 1024 virtutem

485 1062 876 1130 exstingueret.
908 1060 1045 1127 Quia
1069 1076 1201 1131 ergo
1229 1061 1512 1131 virginitas
1537 1060 1750 1114 insidiis
1768 1075 1797 1113 a
1819 1060 2061 1114 dtemone

487 1153 868 1221 appetebatur,
899 1168 1022 1206 cum
1059 1159 1114 1206 et
1147 1153 1237 1206 ille
1271 1159 1385 1204 tum
1418 1151 1678 1205 virtutem
1712 1151 1839 1205 odio
1871 1165 2060 1220 prose-

488 1254 770 1313 queretur,
808 1252 922 1297 tum
965 1243 1130 1298 etiam
1178 1259 1378 1298 munus
1418 1243 1658 1296 humano
1689 1243 1874 1312 generi
1914 1244 2062 1297 salu-

492 1344 607 1389 tare
651 1335 901 1400 timeret;
936 1334 1229 1405 desponsat
1263 1335 1484 1388 Mariam
1526 1333 1748 1402 Ioseph,
1773 1349 1839 1388 ac
1874 1333 2064 1388 matri-

489 1425 660 1480 monii
709 1425 1000 1480 exhibetur
1042 1426 1280 1494 species,
1325 1433 1388 1477 ut
1425 1423 1588 1494 Virgo
1629 1424 1803 1479 inscio
1843 1424 2062 1479 diabolo

488 1516 644 1586 virgo
685 1525 1034 1586 perseveret,
1078 1516 1447 1585 virginitatem
1488 1514 1684 1569 divina:
1727 1515 2059 1570 ordinationi

487 1622 745 1672 servans;
778 1605 978 1677 ﬁatque
1006 1607 1169 1677 Virgo
1193 1622 1260 1661 ex
1290 1622 1346 1662 se
1375 1606 1637 1661 nascituri
1664 1606 1878 1660 Domini
1901 1621 2060 1675 orga-

490 1711 640 1758 num,
678 1694 1116 1764 desponsationis
1156 1695 1248 1749 illo
1294 1695 1475 1749 colore
1525 1695 1789 1750 da-monis
1834 1695 2061 1750 insidias

488 1785 683 1838 latens.
716 1785 924 1839 Idcirco
959 1785 1124 1854 igitur
1147 1785 1346 1855 Ioseph
1383 1785 1436 1838 in
1472 1799 1727 1853 sponsam
1759 1786 1986 1854 accepit.

557 1875 620 1928 V.
663 1875 862 1927 Verum
896 1892 912 1922 ‹
949 1874 1024 1928 ait
1049 1873 1274 1942 angelus
1311 1872 1513 1942 Ioseph
1545 1889 1558 1924 :
1591 1873 1708 1926 Noli
1746 1872 1940 1927 timere
1967 1889 2060 1928 ae-

487 1964 669 2033 eipere
703 1964 926 2016 Mariam
974 1963 1257 2033 conjugem
1303 1971 1450 2016 tuam
1483 1980 1496 2014 :
1532 1962 1678 2032 quod
1711 1963 1859 2017 enim
1903 1964 1955 2016 in
1997 1979 2060 2017 ea

474 2063 674 2110 natum
708 2062 814 2117 est,
845 2053 913 2108 de
943 2053 1150 2123 Spiritu
1185 2062 1374 2108 sancto
1406 2062 1509 2108 est.
1547 2073 1564 2104 ι
1608 2051 1707 2107 Hic
1736 2054 1908 2107 sancti
1933 2053 2059 2122 Spi-

490 2142 626 2196 ritus
663 2141 900 2212 dignitas
932 2141 1262 2206 ostenditur,
1297 2144 1523 2214 ejusque
1553 2143 1789 2197 creatrix
1821 2151 2060 2211 potestas

488 2233 666 2304 palam
721 2232 1013 2285 evincitur.
1068 2231 1295 2286 Creator
1352 2233 1556 2301 quippe
1616 2232 1763 2287 fetus
1822 2232 2060 2301 Spiritus

477 2329 709 2375 sanctus
736 2321 912 2390 angeli
936 2336 1186 2376 sermone
1217 2322 1574 2392 signiﬁcatur,
1597 2337 1772 2392 exque
1790 2337 1857 2376 eo
1886 2322 2060 2377 factus

486 2427 622 2480 puer
647 2412 715 2464 ab
741 2413 934 2482 angelo
962 2413 1238 2482 proditur.
1278 2413 1382 2480 Qui
1413 2429 1565 2479 vero,
1591 2429 1654 2468 ac
1681 2430 1786 2483 qua
1813 2415 2062 2469 ratione?

483 2501 622 2567 Quia
671 2504 816 2556 enim
877 2503 1130 2558 Christus
1191 2505 1366 2559 factus
1413 2514 1497 2559 est
1549 2505 1823 2560 secundus
1862 2505 2056 2569 Adam,

483 2593 809 2648 emendante
858 2595 968 2648 Deo
1015 2596 1214 2664 prioris
1267 2596 1754 2666 transgressionem
1805 2597 2060 2667 (vocatur

483 2679 630 2734 enim
660 2679 913 2737 Christus
951 2684 1282 2739 novissimus
1311 2685 1503 2749 Adam,
1535 2686 1614 2740 sic
1641 2686 1899 2756 Apostolo
1933 2703 2057 2742 eum

483 2773 813 2840 appellante.
851 2793 868 2824 ι
905 2775 1100 2830 Factus
1130 2786 1213 2830 est
1233 2777 1402 2841 enim,
1427 2777 1623 2846 inquit,
1655 2779 1864 2847 primus
1887 2779 2057 2834 Adam

486 2861 543 2913 in
578 2862 814 2915 animam
857 2862 1163 2927 viventem;
1207 2863 1539 2918 novissimus
1575 2864 1744 2918 Adam
1795 2865 1850 2919 in
1892 2866 2057 2934 spiri-

2159 421 2430 492 siquidem
2461 431 2579 476 erat
2601 423 2694 490 qui
2721 421 2896 477 factus
2915 431 3018 486 est,
3044 423 3283 478 salutare
3307 424 3741 494 dispensationis

2159 509 2462 566 inventum.
2509 509 2598 564 Ait
2637 525 2893 579 namque,
2930 528 2948 561 σ
2975 510 3202 565 Inventa
3229 520 3313 566 est
3353 511 3411 565 in
3443 521 3604 568 utero
3636 515 3739 570 ba-

2161 603 2300 658 bens
2330 603 2397 658 de
2434 601 2645 672 Spiritu
2685 612 2892 657 sancto.
2927 622 2945 654 ι
2986 603 3248 658 Inventus
3278 615 3363 660 est
3393 605 3480 671 iis,
3505 608 3600 676 qui
3631 607 3742 665 ﬁde

2163 704 2491 763 receperunt
2531 693 2924 748 incarnationis
2964 693 3312 748 miraculum.
3354 696 3616 753 Inventus
3654 709 3742 754 est

2163 787 2392 840 salutem
2439 786 2824 840 consecuturis
2881 785 3157 851 ﬁdelibus,
3205 802 3274 842 ac
3323 787 3392 842 iis
3431 788 3525 857 qui
3576 789 3632 842 in
3672 804 3743 843 eo

2162 875 2308 945 quod
2346 886 2466 930 erat
2499 876 2883 946 conspicuum,
2923 891 3034 930 non
3072 877 3439 932 oﬂ‘enderunt.
3478 879 3742 933 Inventus

2163 977 2246 1021 est
2275 983 2384 1021 non
2407 983 2474 1022 ex
2499 967 2721 1022 homine
2750 967 3048 1022 exsistendi
3079 977 3295 1038 sumpto
3324 969 3615 1040 principio,
3641 971 3739 1024 sed

2162 1072 2301 1112 nova
2327 1057 2563 1126 quadam
2594 1073 2658 1111 ac
2690 1057 2911 1111 insolita
2957 1057 3167 1112 ratione
3195 1074 3269 1112 ex
3309 1058 3518 1128 Spiritu
3546 1068 3744 1115 sancto

2163 1149 2365 1204 editus.
2392 1148 2592 1203 Fuerat
2617 1163 2747 1202 sane
2773 1164 2840 1202 ex
2865 1149 3076 1219 virgine
3102 1158 3349 1204 aratrum
3379 1166 3487 1205 non
3514 1161 3743 1221 experta

2162 1247 2310 1294 terra
2340 1240 2554 1309 primus
2589 1238 2762 1292 Adam
2793 1237 3093 1305 formatus;
3124 1255 3301 1310 exque
3332 1242 3491 1294 vulva
3524 1241 3743 1311 virgine

2162 1331 2432 1384 formatur
2470 1329 2822 1392 novissimus,
2854 1345 2964 1398 quo
2995 1329 3096 1384 hac
3122 1345 3340 1399 quoque
3371 1339 3522 1399 parte
3549 1331 3740 1385 Domi-

2163 1435 2268 1474 nus
2301 1420 2474 1474 Adam
2501 1419 2742 1473 'eﬂ‘eetus
2773 1417 3049 1481 ﬁdelibus,
3089 1417 3219 1472 Adae
3246 1419 3431 1486 lapsus
3457 1417 3740 1472 emendet.

2235 1510 2346 1564 Vll.
2386 1528 2402 1559 ι
2437 1508 2639 1577 Ioseph
2683 1516 2869 1564 autem
2902 1509 2988 1562 vir
3018 1509 3160 1578 ejus,
3191 1522 3316 1561 cum
3353 1515 3502 1562 esset
3531 1507 3740 1578 justus,

2163 1607 2220 1653 et
2266 1599 2436 1652 nollet
2473 1613 2595 1652 eam
2634 1597 2942 1662 traducere,
2984 1597 3158 1652 voluit
3195 1597 3413 1652 occulte
3457 1597 3742 1653 dimittere

2162 1703 2304 1743 eam.
2346 1708 2364 1739 ι
2392 1689 2566 1743 Solvit
2587 1689 2870 1758 paululum
2890 1689 3211 1743 memoriam
3229 1689 3476 1759 mysterii
3499 1689 3738 1744 novitas.

2162 1781 2284 1834 Non
2306 1780 2453 1834 enim
2477 1779 2677 1848 Ioseph
2701 1779 2954 1834 miraculi
2980 1779 3258 1848 reputavit
3280 1779 3738 1850 magnitudinem.

2162 1870 2282 1924 Non
2323 1885 2423 1940 pro
2464 1885 2531 1925 eo
2572 1885 2637 1925 ac
2680 1869 2912 1925 decebat
2957 1869 3348 1934 consideravit,
3380 1870 3526 1940 quod
3567 1871 3741 1926 etiam

2162 1968 2413 2015 naturam
2467 1961 2764 2030 superabat
2813 1972 2869 2016 et
2923 1962 3227 2028 rationem;
3282 1962 3379 2018 sed
3427 1972 3740 2032 suspectam

2164 2051 2400 2105 habebat
2450 2051 2759 2122 Virginem,
2807 2053 2945 2106 clam
2994 2068 3054 2108 se
3099 2053 3429 2123 virginitatis
3462 2054 3741 2124 jacturam

2162 2156 2375 2210 passam
2413 2155 2534 2195 eam
2573 2141 2910 2197 existimans.
2954 2143 3314 2198 Existimabat
3352 2144 3586 2198 solutam
3628 2146 3745 2198 vir-

2160 2231 2467 2302 ginitatem,
2500 2232 2806 2288 mirabilem
2833 2233 3005 2288 fetum
3035 2234 3092 2287 in
3121 2241 3278 2288 utero
3300 2234 3514 2288 videns.
3547 2234 3743 2289 Incau-

2162 2329 2272 2374 tam
2321 2320 2706 2389 suspicabatur
2744 2322 3077 2392 virginitatis
3116 2324 3412 2393 jacturam,
3451 2311 3740 2386 admiran-

2161 2409 2286 2464 dam
2337 2410 2723 2466 (economiam.
2778 2412 3021 2467 Nescivit
3077 2413 3279 2482 Ioseph
3335 2414 3481 2482 quod
3529 2430 3739 2469 novum

2159 2501 2365 2557 factum
2397 2511 2538 2568 erat,
2564 2513 2620 2558 et
2654 2503 2829 2558 voluit
2873 2504 3089 2558 occulte
3121 2503 3398 2559 dimittere
3430 2505 3736 2576 Virginem,

2160 2609 2370 2650 morem
2405 2597 2580 2651 veteri
2612 2595 2717 2666 legi
2745 2609 2964 2664 gerens.
2999 2596 3201 2652 Verum
3242 2597 3470 2668 corrigit
3507 2598 3742 2668 angelus

2159 2685 2305 2754 quod
2340 2686 2415 2741 ita
2454 2685 2857 2757 suspicabatur,
2890 2686 2942 2741 ei
2977 2687 3074 2756 qui
3107 2687 3370 2758 deceptus
3402 2698 3549 2744 esset
3583 2689 3742 2759 igno-

2160 2791 2338 2831 scens.
2375 2775 2686 2847 Suspicioni
2719 2777 2812 2831 dat
2842 2777 3080 2832 veniam.
3115 2779 3236 2832 Non
3271 2780 3420 2834 enim
3461 2781 3739 2850 ejusmodi

2149 2876 2280 2921 erat
2301 2867 2642 2938 mysterium,
2673 2875 2733 2922 ut
2759 2867 3014 2923 humanis
3033 2869 3167 2923 illud
3189 2870 3492 2928 rationibus
3516 2871 3740 2940 assequi

487 2963 605 3005 tum
641 2953 1005 3006 viviﬁcantem
1038 2955 1104 3006 ⁷⁷.
1147 2973 1164 3004 ι
1216 2955 1328 3008 Nec
1363 2955 1496 3009 dicit
1543 2957 1816 3012 secundus
1859 2958 2053 3020 Adam,
2083 2983 2126 3040 Ε
2160 2967 2363 3027 posset.
2411 2957 2779 3024 Quamobrem
2832 2975 2944 3014 non
2991 2960 3236 3030 increpat
3284 2962 3484 3030 Ioseph
3528 2970 3588 3015 ut
3639 2963 3737 3032 qui

472 3055 797 3110 quanquam
866 3059 974 3097 non
1027 3044 1312 3112 ignorabat
1363 3047 1662 3102 secundum
1712 3064 1778 3101 ex
1830 3051 2057 3102 adverso

485 3133 690 3202 prioris
714 3133 972 3205 distingui
1005 3153 1018 3188 :
1048 3135 1143 3190 sed
1177 3138 1511 3190 novissimum
1542 3154 1666 3192 eum
1699 3138 1831 3192 dicit
1860 3139 2054 3203 Adam,

485 3238 555 3276 ne
581 3226 800 3277 tertium
829 3232 1152 3293 quartumve
1193 3226 1359 3279 alium
1393 3227 1740 3296 speraveris).
1772 3229 1901 3281 Erat
1926 3244 2056 3297 ergo

484 3312 748 3367 Dominus
777 3313 1107 3369 novissimus
1130 3315 1336 3381 Adam;
1369 3317 1625 3386 quodque
1659 3317 1810 3386 prior
1840 3333 1869 3370 a
1895 3318 2056 3372 Patre

484 3403 750 3456 formatus
777 3403 866 3467 sit,
893 3404 1224 3460 novissimus
1248 3421 1277 3459 a
1305 3405 1513 3475 Spiritu
1545 3415 1734 3461 sancto
1769 3407 2052 3472 formatur,

479 3508 592 3562 quo
637 3494 901 3562 :equalem
953 3494 1190 3563 Spiritus
1241 3499 1415 3552 saneti
1463 3515 1527 3554 ac
1573 3482 1753 3554 Patris
1796 3501 2055 3556 virtutem

477 3582 772 3651 signiﬁcet.
821 3584 1009 3652 Neque
1067 3591 1245 3640 tamen
1294 3589 1504 3656 primus
1548 3589 1666 3643 sine
1708 3588 1916 3659 Spiritu
1961 3600 2056 3645 aut

484 3669 778 3743 Unigenito
821 3689 931 3727 non
978 3686 1306 3745 c00perante
1345 3679 1600 3733 conditus
1627 3687 1731 3743 est,
1761 3680 1844 3734 vel
1878 3696 1908 3735 a
1937 3682 2055 3736 solo

484 3762 647 3817 Patre
681 3771 897 3818 creatus
925 3782 937 3817 :
971 3774 1155 3820 sancta
1183 3768 1328 3821 enim
1360 3769 1600 3824 Trinitas
1630 3779 1748 3824 erat
1776 3786 1898 3839 qua:
1926 3786 2056 3825 con-

483 3852 650 3906 debat
680 3853 976 3920 hominem,
1005 3873 1180 3928 eoque
1216 3860 1382 3914 etiam
1421 3860 1637 3916 dicebat
1674 3863 1871 3915 Pater:
1906 3882 1923 3912 ι
1952 3865 2054 3917 Fa-

481 3941 689 3995 ciamus
744 3943 1019 4000 hominem
1068 3949 1136 4002 ad
1189 3949 1479 4017 imaginem
1531 3959 1587 4004 et
1637 3951 2054 4006 similitudinem

482 4039 721 4083 nostram
755 4032 834 4099 ⁷⁸;
877 4054 894 4085 ι
953 4036 1246 4106 Unigenito
1298 4052 1436 4101 suo,
1491 4048 1789 4109 sanctoque
1847 4041 2054 4109 Spiritu

480 4119 728 4190 adjutore
765 4140 828 4178 ac
863 4128 1176 4181 consultore
1217 4138 1376 4182 utens
1405 4146 1416 4182 :
1444 4129 1549 4183 hoc
1583 4138 1684 4194 est,
1723 4131 1838 4200 ipse
1866 4147 2053 4187 secum

480 4226 605 4265 cum
654 4230 752 4272 sua
790 4217 1056 4285 sapientia
1097 4235 1158 4275 ac
1202 4220 1254 4274 vi
1297 4221 1672 4276 sanctiﬁcante
1719 4224 2050 4294 colloquium

2159 3049 2488 3104 calumniam
2539 3059 2735 3117 struat,
2768 3052 2865 3107 sed
2909 3053 3070 3108 docet
3105 3054 3237 3122 quid
3273 3070 3362 3109 res
3388 3055 3605 3120 habeat,
3636 3072 3740 3110 ve-

2158 3139 2304 3193 niam
2354 3141 2674 3210 ignorantia:
2716 3143 2986 3212 praebens.
3029 3145 3120 3199 Ait
3154 3161 3389 3215 namque
3417 3147 3495 3200 illi
3528 3165 3539 3199 :
3578 3165 3597 3198 ι
3637 3147 3736 3201 Io-

2158 3230 2291 3300 seph
2325 3231 2400 3284 ﬁli
2424 3233 2612 3286 David.
2646 3252 2663 3284 »
2702 3234 2879 3289 Etiam
2911 3235 3254 3291 nobilitatem
3287 3237 3562 3292 honorans
3584 3253 3739 3293 com-

2158 3331 2447 3388 memorat,
2475 3323 2843 3393 suspicionem
2877 3342 3096 3382 curans.
3148 3347 3165 3378 ι
3197 3327 3397 3398 Ioseph
3430 3329 3504 3384 ﬁli
3535 3330 3740 3396 David,

2158 3412 2270 3466 noli
2298 3413 2492 3469 timere
2521 3416 2770 3485 accipere
2799 3416 3022 3471 Mariam
3054 3419 3339 3490 conjugem
3365 3430 3511 3476 tuam
3540 3439 3552 3476 :
3584 3423 3734 3492 quod

2158 3504 2305 3557 enim
2340 3505 2393 3558 in
2427 3521 2492 3574 ea
2517 3515 2706 3561 natum
2734 3516 2836 3573 est,
2863 3507 2930 3563 de
2962 3507 3169 3578 Spiritu
3206 3520 3395 3567 sancto
3431 3523 3533 3568 est.
3571 3533 3590 3564 ι
3623 3515 3734 3569 Co—

2159 3596 2309 3666 gnito
2337 3612 2467 3667 ergo
2503 3597 2702 3668 Ioseph
2746 3602 3025 3671 mysterio,
3067 3602 3288 3672 citoque
3329 3603 3491 3660 ﬁdem
3539 3608 3738 3676 angelo

2156 3687 2386 3754 habens,
2415 3689 2618 3745 factum
2643 3706 2707 3746 ex
2731 3691 2952 3763 Virgine
2980 3693 3387 3749 Emmanuelem
3420 3705 3572 3752 certo
3595 3713 3736 3752 con-

2152 3776 2378 3847 jiciens,
2427 3794 2491 3834 ac
2538 3781 2906 3851 legislatorem
2952 3795 3236 3852 sequestra
3273 3785 3492 3856 Virgine
3538 3787 3737 3844 adesse

2155 3872 2500 3944 intelligens,
2544 3875 2718 3947 legem
2757 3879 3002 3949 reliquit,
3030 3895 3131 3934 nec
3162 3880 3599 3949 desponsatiouis
3631 3897 3736 3935 ne-

2157 3965 2546 4021 cessitudinem
2585 3967 2766 4033 solvit,
2797 3970 2890 4038 qui
2920 3981 2976 4026 et
3007 3971 3122 4040 ipse
3163 3971 3424 4040 mysterio
3463 3971 3591 4026 huic
3626 3972 3734 4025 mi-

2155 4053 2329 4108 nister
2365 4055 2544 4112 libens
2593 4058 2898 4113 accederet.
2954 4061 3167 4131 Accipit
3208 4063 3391 4130 itaque
3425 4062 3733 4132 Virginem,

2157 4160 2267 4198 non
2311 4146 2422 4217 jam
2476 4156 2536 4201 ut
2572 4150 2878 4219 coniugem,
2912 4152 3007 4205 sed
3044 4159 3104 4205 ut
3143 4167 3355 4218 arcam;
3390 4169 3500 4206 non
3530 4152 3731 4225 legem,

2157 4237 2253 4290 sed
2298 4237 2474 4306 ipsum
2526 4239 2889 4309 legislatorem
2940 4242 3225 4298 ferentem.
3267 4243 3513 4298 Habebat
3565 4243 3734 4314 igitur

474 4301 710 4402 habens.
805 4306 1086 4402 Christus
1113 4309 1357 4379 quidem,
1399 4311 1492 4365 Dei
1526 4311 1707 4366 virtus
1747 4323 1849 4378 est,
1879 4324 1933 4369 et
1959 4316 2054 4370 Dei
2087 4309 2132 4367 Ι)
2155 4301 2356 4396 Ioseph
2375 4301 2654 4398 Virginem
2683 4332 2942 4402 mysterio
2969 4333 3233 4394 serviens.
3259 4301 3733 4402 servansquevvir—

480 4395 743 4460 sapientia
770 4397 846 4462 7”;
890 4417 908 4448 ι
946 4398 1185 4467 Spiritus
1225 4411 1408 4457 autem
1443 4412 1666 4459 sanctus
1705 4407 2054 4462 sanctiﬁcans

479 4485 793 4541 Conditoris
819 4488 900 4541 vis
918 4489 1150 4544 exsistit.
1175 4491 1296 4545 Non
1318 4508 1450 4563 ergo
1471 4493 1612 4550 alius
1637 4511 1759 4550 cum
1781 4497 1888 4551 alio
1915 4514 2050 4552 eon-

479 4576 663 4631 silium
695 4577 942 4631 habitum
974 4588 1078 4643 est,
1106 4581 1200 4634 sed
1238 4583 1351 4652 ipse
1383 4599 1534 4638 suam
1567 4587 1888 4656 sapientiam
1919 4604 2052 4643 con-

477 4667 587 4719 silii
635 4667 838 4720 sociam
886 4684 949 4722 ac
987 4669 1312 4739 adjutricem
1353 4677 1592 4745 accepit;
1639 4678 1858 4746 vimque
1904 4678 2053 4733 illam

477 4755 910 4811 sanctiﬁcantem
949 4759 1016 4812 ad
1051 4761 1345 4817 creationis
1373 4779 1512 4833 Opus
1543 4767 1856 4835 assumpsit,
1890 4771 2049 4838 cujus

479 4846 626 4901 illius
678 4863 875 4903 munus
912 4859 976 4903 ut
1023 4862 1206 4907 creata
1248 4865 1447 4920 servet,
1474 4857 1663 4925 eisque
1702 4859 2047 4915 sanctitatem

477 4940 772 5008 impertiat.

543 5032 630 5086 Vl.
667 5052 686 5084 ‹
721 5032 849 5088 Iesu
892 5033 1097 5090 Christi
1140 5051 1272 5106 ergo
1304 5037 1583 5106 generatio
1621 5038 1699 5091 sic
1731 5049 1868 5093 erat.
1909 5041 2046 5095 Cum

475 5123 622 5178 enim
667 5135 812 5179 esset
859 5125 1184 5196 desponsata
1233 5136 1410 5180 mater
1451 5128 1570 5196 ejus
1619 5128 1784 5183 Maria
1823 5130 2047 5201 Ioseph,

476 5225 769 5281 antequam
795 5219 1174 5290 convenirent,
1223 5218 1442 5271 inventa
1470 5227 1554 5271 est
1581 5219 1634 5272 in
1662 5229 1816 5275 utero
1845 5222 2054 5278 habens

477 5302 543 5356 de
568 5302 775 5371 Spiritu
800 5316 1006 5360 sancto.
1033 5327 1051 5358 ι
1086 5307 1272 5375 Neque
1301 5307 1458 5372 dixit,
1481 5311 1754 5378 accepisse
1782 5312 1834 5365 in
1857 5321 2048 5368 utero:

474 5409 586 5449 non
613 5397 758 5450 enim
795 5414 860 5452 ex
900 5403 1041 5455 virili
1077 5402 1286 5456 semine
1318 5412 1454 5466 erat,
1492 5405 1638 5472 quod
1668 5406 1760 5458 illo
1797 5407 2050 5475 gestaba-

2154 4417 2459 4488 ginitatem.
2513 4419 2780 4490 Cognovit
2834 4438 2956 4491 quae
3009 4424 3163 4492 prius
3217 4425 3498 4493 prophetas
3558 4425 3730 4480 locuti

2156 4518 2331 4562 erant.
2385 4509 2656 4566 lntcllexit
2707 4513 3100 4583 prophetarum
3147 4529 3429 4571 sermones
3468 4533 3482 4569 :
3525 4518 3734 4587 quippe

2152 4599 2334 4668 justus
2380 4609 2519 4666 erat,
2548 4618 2752 4673 eosque
2797 4619 3080 4659 sermones
3129 4607 3384 4661 meditari
3429 4623 3531 4662 usu
3582 4607 3735 4661 didi-

2157 4700 2327 4743 cerat.

2230 4780 2364 4833 Vlll.
2405 4781 2604 4836 Verum
2639 4785 2923 4840 videamus
2941 4796 2996 4841 et
3021 4789 3388 4858 prophetiam,
3427 4800 3488 4844 ut
3521 4791 3736 4843 miran-

2159 4868 2290 4922 dum
2318 4871 2464 4926 hunc
2504 4873 2745 4943 signaret
2779 4888 3014 4944 partum.
3056 4879 3115 4932 ln
3143 4880 3382 4933 medium
3408 4881 3739 4949 prophetam

2159 4961 2514 5026 adducamus,
2574 4965 2668 5019 Dei
2705 4969 3064 5036 explicantem
3101 4980 3316 5038 partum
3341 5011 3356 5035 ,
3402 4973 3576 5026 salute
3625 4973 3741 5026 bu-

2159 5066 2380 5104 manum
2418 5068 2589 5122 genus
2617 5055 2968 5112 donaturum.
3003 5059 3182 5114 Altius
3221 5062 3404 5130 itaque
3447 5062 3740 5131 propheti-

2151 5158 2275 5196 cum
2301 5159 2613 5201 sermonem
2638 5159 2968 5217 repetamus,
3009 5167 3073 5205 ae
3113 5152 3269 5206 vobis
3289 5153 3633 5222 prophetiam
3668 5172 3740 5209 ex

2147 5234 2451 5290 abundanti
2487 5239 2844 5307 explicemus.
2896 5242 2984 5296 Ait
3029 5257 3161 5312 ergo
3200 5244 3365 5298 Isaias
3413 5245 3681 5314 propheta
3719 5263 3736 5298 :

2158 5320 2191 5372 ‹’
2217 5322 2363 5377 Dixit
2401 5327 2662 5384 Dominus
2715 5331 2783 5384 ad
2833 5331 3015 5388 Achaz
3061 5335 3232 5389 :Pete
3284 5335 3382 5388 tibi
3433 5335 3652 5405 signum
3703 5351 3739 5391 a

2150 5413 2265 5468 Deo
2302 5425 2394 5471 tuo
2431 5417 2483 5471 in
2509 5421 2810 5485 excelsum,
2843 5423 2956 5478 sive
2986 5425 3039 5478 in
3071 5425 3403 5494 profundum
3431 5424 3498 5480 ⁸ο.
3526 5445 3546 5478 ι
3573 5427 3740 5496 Pete,

547 5570 594 5602 ⁷⁵
631 5573 731 5625 lsa.
771 5589 860 5632 vn.
899 5577 990 5638 H;
1025 5577 1211 5632 Matth.
1245 5596 1281 5645 ι,
1315 5581 1400 5634 25.
1480 5583 1521 5614 ⁷⁷
1551 5583 1569 5636 l
1594 5583 1718 5637 Cor.
1751 5600 1838 5649 xv,
1871 5585 1957 5639 43.
2035 5588 2055 5618 τ

2160 5606 2246 5642 en.
2282 5609 2317 5653 ι,
2344 5594 2430 5646 9.6.
2509 5598 2553 5632 τ’
2584 5599 2598 5650 l
2633 5599 2755 5652 Cor.
2794 5617 2829 5662 ι,
2862 5601 2948 5654 “lt.
3029 5604 3073 5633 ⁸ο
3107 5603 3207 5657 lsa.
3235 5620 3330 5667 vn,
3364 5604 3446 5658 l0.
