4076 6430
336 345 501 407 1417

918 340 1199 399 ηοωιιΑ
1238 340 1303 396 Vl
1342 338 1407 395 IN
1450 337 1508 393 S.
1547 334 1899 392 DEIPARAM
1938 333 2024 389 ET
2064 334 2130 389 ῐΝ
2171 333 2643 389 NATIVITATEM
2681 331 2935 391 DOMTNI.

3466 336 3606 394 MlB

383 458 560 531 nquit,
598 472 631 511 a
654 455 767 510 Deo
789 455 1115 511 miraculum
1143 466 1209 510 ac
1237 456 1475 527 signum,
1500 451 1649 522 quod
1675 448 1931 506 ostendat
1965 453 2005 507 Α
2033 447 2347 504 Judteorum
2378 446 2884 518 reprehensionem,
2919 446 3014 517 qui
3044 448 3388 517 prophetiam
3412 449 3612 522 depra-

358 552 746 606 univcrsorum
783 547 979 618 ipsumo
1000 560 1125 603 esse
1168 544 1443 616 opiﬁcem.
1475 542 1668 610 Quaere
1699 540 1934 594 miracu-

356 644 503 707 lum,
539 649 601 696 ut
626 638 905 696 Creatoris
924 638 1224 709 potentiam
1252 634 1493 691 noveris.
1523 634 1655 689 Pete
1679 646 1798 687 rem
1831 644 1932 684 no-

357 746 482 786 vam
519 739 577 786 et
625 729 922 795 insolitam,
955 743 1078 800 quae
1126 727 1198 784 de
1247 728 1361 783 Deo
1402 725 1599 781 doceat
1648 724 1930 785 virtutem,

356 836 693 893 servumque
713 830 766 877 te
800 820 1017 877 ﬁdelem
1042 820 1139 876 Dei
1168 819 1387 876 eﬁlciat.
1415 817 1562 885 Quid
1583 831 1715 886 ergo
1757 813 1935 870 ﬁdelis

355 912 580 968 Achaz?
610 912 764 978 Mihi,
802 912 999 983 inquit,
1039 912 1176 967 ﬁdes
1196 911 1414 967 suﬁicit.
1440 910 1524 965 Ad
1550 924 1671 964 eam
1707 906 1934 962 minime

357 1004 583 1075 requiro
635 1005 1042 1075 probationem,
1086 1019 1210 1073 quae
1254 1003 1311 1057 in
1363 1006 1547 1058 rerum
1590 999 1934 1055 exhibitione

357 1096 632 1151 consistit.
696 1095 870 1150 Filius
912 1109 1034 1150 sum
1064 1094 1298 1149 Abrahae
1331 1093 1427 1163 qui
1454 1091 1562 1146 ﬁde
1604 1088 1936 1162 justiﬁcatus

355 1194 462 1251 est,
490 1199 594 1240 nec
620 1185 884 1241 miracula
908 1184 1219 1254 requisivit.
1244 1184 1363 1239 Non
1399 1181 1635 1252 indiguit
1662 1179 1934 1235 Abraham

357 1277 753 1333 miraculorum
775 1277 1122 1348 probatione,
1154 1283 1217 1330 ut
1250 1275 1424 1330 Deum
1450 1272 1765 1329 doceretur.
1814 1271 1933 1325 Non

356 1383 498 1439 opus
526 1368 721 1424 habuit
745 1367 1031 1439 prodigiis,
1055 1367 1259 1438 quibus
1286 1365 1363 1421 illi
1398 1365 1779 1420 universorum
1818 1362 1933 1431 opi-

356 1459 445 1514 fex
461 1459 859 1515 declararctur.
888 1458 1020 1514 Mihi
1046 1472 1200 1530 ergo,
1232 1456 1430 1526 inquit,
1448 1455 1583 1510 satis
1607 1463 1692 1510 est
1713 1463 1935 1523 paterna

358 1550 673 1606 haereditas.
709 1550 916 1605 Fidelis
953 1564 1075 1606 esse
1100 1549 1227 1605 volo
1262 1547 1410 1603 ﬁlius
1447 1546 1625 1601 ﬁdelis
1677 1543 1930 1610 Abrahae.

357 1641 624 1712 Majorum
673 1640 837 1696 ﬁdem
888 1640 1152 1711 suscipio,
1195 1654 1306 1695 non
1366 1638 1642 1694 curiosius
1692 1637 1932 1708 inquiro.

365 1751 384 1782 ι
418 1733 539 1787 Non
563 1742 767 1803 petam,
816 1731 1016 1801 inquit,
1056 1739 1115 1786 et
1153 1745 1267 1786 non
1306 1729 1529 1785 tentabo
1557 1727 1870 1791 Dominum.
1907 1744 1929 1778 ι

356 1824 477 1879 Non
530 1825 642 1895 jam
683 1823 882 1879 divinae
930 1823 1154 1879 virtutis
1208 1821 1645 1891 experimentum
1698 1818 1928 1889 capiam.

356 1914 528 1970 Docet
570 1929 659 1969 me
697 1913 853 1980 ﬁdes,
885 1922 1092 1984 quanta
1132 1913 1280 1968 Deus
1316 1911 1515 1966 valeat.
1548 1910 1675 1965 Haec
1711 1907 1934 1977 quidem

356 2022 456 2061 rex
485 2005 686 2061 Aehaz.
717 2004 856 2072 Quia
901 2020 1032 2060 vero
1061 2003 1285 2059 Davidis
1330 2002 1583 2073 cognatio
1614 2000 1683 2055 ad
1712 1999 1933 2056 Iudaeos

357 2094 595 2151 deducta
617 2094 864 2165 quotidie
887 2094 1040 2165 signa
1060 2101 1120 2150 et
1142 2091 1408 2148 miracula
1432 2098 1598 2161 atque
1622 2097 1878 2160 portenta
1902 2104 1933 2144 a

357 2187 472 2242 Deo
496 2186 799 2258 flagitabat,
827 2185 1335 2256 miraeulorumque
1355 2183 1715 2255 probationes
1741 2181 1809 2238 ad
1836 2182 1934 2238 Dei

356 2277 725 2346 praestandam
775 2276 1166 2348 cognitionem,
1205 2275 1284 2330 ait
1318 2273 1589 2345 propheta
1616 2272 1805 2329 domui
1836 2272 1940 2328 Da—

357 2369 449 2424 vid
471 2385 594 2439 qua:
640 2384 736 2425 rex
775 2368 1006 2424 dixerat.
1048 2366 1270 2433 Audite,
1302 2366 1504 2437 inquit,
1537 2379 1707 2429 nunc,
1741 2363 1939 2420 domus

357 2462 553 2530 David,
583 2462 717 2532 quid
748 2461 895 2518 dicat
919 2461 1122 2527 Achaz,
1152 2475 1262 2516 non
1287 2474 1535 2530 quaerere
1560 2473 1618 2515 se
1640 2458 1858 2529 signum
1878 2465 1942 2513 ut

357 2554 523 2610 ﬁdem
547 2554 663 2610 Deo
687 2553 891 2609 habeat
932 2571 946 2607 :
993 2567 1091 2609 vos
1133 2559 1318 2608 autem
1354 2550 1588 2607 Domino
1638 2549 1939 2606 certamina

356 2648 611 2712 movetis,
647 2646 1035 2702 miraculorum
1066 2660 1135 2702 ex
1157 2659 1227 2701 eo
1252 2644 1532 2716 exigentes
1561 2643 1935 2714 probationes,

356 2739 618 2808 velutque
639 2737 697 2793 in
728 2736 966 2793 stadium
989 2750 1055 2792 ac
1073 2742 1353 2791 certamen
1371 2735 1544 2791 Deum
1580 2733 1818 2800 trahitis,
1841 2749 1941 2805 po—

358 2829 545 2886 tentiae
564 2844 732 2900 opera
762 2828 1139 2899 exquirentes,
1163 2841 1344 2897 neque
1379 2826 1672 2883 credentes
1694 2826 1804 2882 nisi
1850 2826 1936 2881 vi-

269 2934 285 2951 ‘
357 2922 558 2979 deritis
611 2922 789 2995 signa.
837 2921 997 2988 Quod
1033 2928 1092 2976 et
1138 2919 1406 2976 Dominus
1465 2918 1534 2975 de
1570 2918 1776 2975 Iudaeis
1813 2918 1933 2974 ait:

364 3032 387 3066 ι
421 3013 538 3070 Nisi
565 3014 721 3086 signa
753 3022 812 3069 et
839 3012 1087 3084 prodigia
1107 3010 1379 3079 videritis,
1418 3026 1529 3067 non
1565 3010 1792 3068 creditis
1812 3010 1881 3065 ⁸⁸.
1911 3029 1931 3063 θ

358 3106 475 3165 Hoc
497 3104 826 3177 signiﬁcavit
864 3104 1052 3170 Isaias,
1084 3103 1308 3160 Davidis
1336 3102 1599 3160 familiam
1626 3103 1937 3174 increpans.

356 3194 452 3250 Ait
487 3208 764 3264 namque:
798 3211 817 3244 σ
846 3193 1050 3249 Audite
1079 3208 1262 3259 nunc,
1295 3192 1494 3250 domus
1521 3192 1695 3250 David
1725 3211 1739 3248 :
1780 3194 1937 3250 Nun-

356 3285 490 3355 quid
521 3299 716 3355 parum
736 3284 894 3341 vobis
913 3293 998 3341 est
1022 3295 1299 3342 certamen
1319 3284 1567 3355 praebere
1600 3285 1932 3351 hominibus,

355 3384 415 3431 et
463 3373 744 3445 quomodo
792 3375 1025 3430 Domino
1057 3376 1314 3445 praebetis
1343 3387 1623 3433 certamen
1642 3377 1758 3431 ⁸νῖ
1789 3397 1809 3429 ι
1842 3378 1937 3433 Ju-

357 3463 604 3519 daeorum
650 3463 1059 3534 improbitatem
1114 3464 1327 3535 arguit,
1363 3479 1665 3535 eorumque
1706 3465 1932 3521 demen-

358 3553 492 3610 tiam
523 3554 620 3625 qui
647 3554 915 3610 miracula
947 3563 1201 3625 peterent
1241 3555 1309 3611 ad
1342 3555 1505 3612 ﬁdem
1539 3557 1755 3613 veritati
1790 3573 1933 3628 prae—

355 3643 627 3699 standam.
645 3643 785 3711 Quia
814 3658 948 3700 vero
966 3658 1085 3710 vos,
1111 3643 1309 3714 inquit,
1339 3645 1513 3701 stadia
1547 3661 1612 3701 ac
1633 3647 1932 3702 certamina

355 3734 605 3807 quotidie
622 3735 738 3792 Deo
760 3734 1101 3807 pratenditis
1115 3735 1379 3791 miracula
1403 3737 1772 3807 exquirentes,
1800 3757 1819 3790 ι
1841 3738 1935 3794 da-

354 3824 442 3881 bit
459 3824 731 3881 Dominus
748 3825 865 3896 ipse
886 3825 1045 3881 vobis
1072 3826 1308 3897 signum.
1338 3845 1357 3878 »
1386 3827 1503 3883 Hoc
1517 3827 1686 3895 dicto,
1708 3829 1934 3902 subjun-

353 3912 436 3985 git
461 3911 691 3971 dicens:
724 3932 744 3966 t
776 3914 919 3971 Ecce
942 3914 1097 3986 virgo
1122 3915 1178 3970 in
1211 3924 1370 3972 utero
1405 3917 1652 3984 habebit,
1677 3928 1733 3974 et
1756 3921 1934 3990 pariet

355 4003 553 4071 lilium,
582 4015 640 4062 et
664 4005 943 4062 vocabunt
960 4021 1162 4062 nomen
1176 4008 1296 4079 ejus
1313 4008 1639 4066 Emmanuel
1660 4008 1725 4064 ⁸³.
1768 4030 1785 4061 ι
1819 4011 1933 4067 lloc

353 4094 510 4151 dabit
545 4095 761 4168 signum
781 4137 797 4162 ,
833 4096 922 4152 cui
947 4098 1189 4154 mundus
1212 4099 1436 4169 quidem
1466 4101 1690 4167 credet,
1720 4103 1931 4173 solique

352 4187 580 4245 omnino
622 4187 796 4245 Judaei
842 4190 1121 4260 negabunt
1149 4190 1347 4257 ﬁdem;
1381 4193 1527 4262 quod
1562 4202 1751 4264 gentes
1787 4197 1930 4251 reci-

352 4277 530 4350 pient,
574 4280 994 4351 repudiabitque
1044 4297 1219 4352 genus
1268 4282 1456 4339 Israel.
1512 4285 1672 4341 Dabit
1714 4286 1929 4357 signum

351 4371 610 4441 gentibus
636 4372 861 4443 quidem
892 4373 1153 4439 salutare,
1185 4380 1242 4429 at
1268 4375 1415 4445 quod
1446 4375 1653 4432 Judaeis
1676 4377 1931 4434 incredu-

2033 548 2182 593 vent.
2216 538 2353 594 Vide
2373 553 2558 595 veram
2589 537 2933 609 prophetiam
2951 537 3294 594 cavillantes.
3312 539 3607 610 Postquam

2033 630 2180 684 enim
2217 629 2567 686 manifestum
2590 638 2678 686 est
2696 628 2905 686 Christi
2939 630 3262 702 mysterium
3304 629 3607 703 (signiﬁca-

2038 722 2130 777 bat
2145 723 2292 777 enim
2314 730 2532 792 partum
2553 722 2873 794 virginalem
2894 723 3186 780 ducentem
3203 740 3307 782 nos
3325 725 3394 782 ad
3414 726 3610 784 Deum.

2036 813 2358 869 Emmanuel
2382 828 2641 882 namque,
2670 814 2717 868 is
2748 813 2842 884 qui
2878 823 3037 869 utero
3065 824 3311 883 gestetur
3347 832 3412 873 ac
3447 829 3607 888 partu

2036 905 2240 970 editur,
2295 904 2752 974 interpretatione
2804 906 2949 960 valet
3000 906 3281 962 Nobiscum
3327 908 3513 981 Deus),
3540 911 3612 966 ab

2037 997 2142 1050 hoc
2162 995 2337 1052 Judaei
2369 1010 2535 1050 sensu
2573 995 2920 1065 prophetiam
2958 995 3354 1066 deturquentes
3380 1038 3396 1065 ,
3444 1008 3613 1071 atque

2037 1104 2066 1142 a
2089 1088 2295 1143 Christi
2321 1088 2561 1143 adventu
2608 1102 2922 1143 sermonem
2944 1088 3348 1155 abstrahentes,
3375 1107 3484 1155 non
3513 1109 3614 1150 au-

2036 1179 2216 1243 diunt,
2249 1198 2269 1232 ι
2308 1180 2452 1236 Ecce
2485 1180 2645 1250 virgo
2690 1179 2749 1234 in
2781 1188 2941 1235 utero
2964 1180 3214 1248 habebit,
3257 1201 3276 1234 ι
3309 1183 3431 1247 sed,
3470 1185 3613 1241 Ecce

2031 1270 2330 1341 juvencula
2358 1272 2415 1326 in
2446 1279 2606 1328 utero
2628 1271 2876 1337 habebit,
2914 1273 3261 1343 prophetiam
3296 1275 3614 1332 adulteran-

2040 1369 2123 1415 tes
2171 1370 2231 1415 nt
2275 1361 2482 1418 Christi
2532 1362 2906 1418 testimonium
2950 1363 3270 1420 obscurent.
3325 1365 3463 1422 Nam
3522 1367 3614 1423 alii

2036 1455 2259 1523 quidem
2289 1455 2483 1512 dicunt
2514 1474 2528 1509 :
2559 1456 2701 1512 Ecce
2735 1456 3031 1527 juvencula
3064 1457 3123 1511 in
3158 1465 3321 1513 utero
3352 1458 3615 1527 habebit;

2036 1545 2151 1608 alii,
2181 1530 2329 1603 Ecce!
2363 1546 2773 1603 adolescentula
2796 1587 2813 1613 ,
2856 1547 3062 1604 Christi
3103 1557 3324 1620 partum
3367 1551 3620 1609 volentes

2038 1654 2299 1709 separare
2331 1654 2362 1693 a
2392 1639 2703 1709 prophetia.
2728 1639 2933 1695 Verum
2960 1641 3039 1697 ait
3068 1642 3341 1713 propheta
3370 1662 3383 1698 :
3429 1664 3448 1697 ‹
3476 1646 3620 1704 Ecce

2039 1730 2197 1801 virgo
2230 1730 2288 1785 in
2322 1738 2483 1787 utero
2520 1730 2769 1797 habebit,
2801 1740 2858 1787 et
2908 1733 3088 1803 pariet
3130 1732 3327 1799 ﬁlium,
3354 1744 3412 1791 et
3451 1752 3619 1794 vora—

2038 1821 2177 1876 bunt
2203 1836 2405 1877 nomen
2442 1823 2564 1893 ejus
2602 1822 2950 1888 Emmanuel,
3000 1825 3149 1894 quod
3173 1833 3258 1880 est
3290 1826 3623 1898 interpreta-

2039 1920 2179 1979 tum,
2205 1912 2487 1969 Nobiscum
2511 1914 2669 1969 Deus.
2715 1933 2734 1966 ι
2768 1915 2851 1971 Tu
2878 1930 3013 1970 vero
3065 1916 3122 1970 id
3151 1932 3373 1987 quoque
3401 1919 3458 1974 in
3486 1936 3620 1990 pro-

2036 2005 2224 2075 phetia
2262 2004 2575 2060 considera.
2613 2005 2784 2070 Ecce,
2831 2006 3012 2075 inquit
3036 2006 3328 2077 propheta,
3370 2009 3619 2066 futurum

2036 2095 2170 2167 quid
2191 2096 2544 2151 annuntians.
2568 2096 2723 2162 Ecce,
2747 2096 2948 2166 inquit,
2980 2106 3043 2152 ut
3073 2097 3268 2155 videns
3296 2101 3443 2171 quod
3465 2112 3619 2172 post-

2037 2203 2104 2243 ea
2145 2195 2269 2243 erat
2314 2187 2583 2243 futurum.
2615 2188 2747 2245 Tale
2781 2189 2915 2260 quid
2952 2191 3101 2246 enim
3131 2200 3219 2248 est
3263 2194 3621 2265 propheticus

2038 2279 2255 2346 oculus,
2283 2279 2341 2335 id
2362 2277 2511 2350 q'uod
2540 2290 2627 2337 est
2655 2280 2903 2337 futurum
2946 2281 3143 2339 videns
3185 2298 3252 2340 ac
3296 2285 3343 2341 si
3378 2286 3437 2342 in
3477 2304 3621 2358 pra:-

2039 2371 2214 2428 sentia
2241 2379 2548 2442 gereretur.
2582 2371 2675 2429 Sic
2706 2372 2922 2439 videns,
2943 2375 3025 2430 sic
3052 2374 3317 2446 loquitur.
3342 2377 3496 2443 Ecce,
3520 2394 3623 2451 pro

2039 2481 2107 2522 eo
2154 2480 2220 2522 ac
2284 2471 2399 2530 est,
2435 2464 2551 2536 Ego
2607 2463 2772 2519 video
2821 2464 2971 2534 quod
3028 2479 3127 2521 vos
3174 2465 3344 2522 hodie
3392 2467 3621 2525 auditis.

2049 2576 2068 2607 ι
2112 2556 2254 2613 Ecce
2284 2556 2439 2628 virgo
2469 2557 2527 2611 in
2563 2566 2726 2611 utero
2758 2554 3011 2622 habebit,
3037 2565 3094 2613 et
3125 2557 3306 2628 pariet
3326 2557 3523 2627 ﬁlium,
3564 2572 3623 2617 et

2040 2648 2321 2705 vocabunt
2359 2662 2563 2704 nomen
2603 2647 2723 2720 ejus
2768 2647 3113 2704 Emmanuel.
3156 2668 3176 2701 ι
3226 2649 3351 2706 Νοιι
3401 2653 3624 2709 vocabit

2040 2740 2265 2812 Ioseph,
2324 2747 2489 2796 autve
2518 2748 2740 2796 mater:
2781 2754 2892 2796 non
2934 2740 3016 2797 sic
3050 2741 3330 2799 vocabunt
3370 2745 3467 2816 qui
3503 2747 3625 2818 ejus

2040 2832 2241 2889 fratres
2302 2831 2676 2888 videbantur:
2707 2847 2836 2887 nam
2879 2842 2935 2889 et
2990 2833 3072 2889 illi
3108 2833 3536 2895 oﬁ‘endebantur
3550 2837 3620 2906 “;

2042 2926 2138 2982 sed
2184 2925 2466 2982 vocabunt
2506 2924 2742 2996 gentiles
2766 2965 2783 2990 ,
2817 2926 2914 2997 qui
2958 2927 3223 2985 nimirum
3267 2930 3375 2988 ﬁde
3405 2932 3625 2990 Iudaeos

2040 3018 2400 3090 praevenient.
2431 3017 2722 3075 Vocabunt
2747 3017 2786 3073 ii
2814 3019 2911 3090 qui
2949 3034 3076 3076 cum
3107 3021 3428 3095 longissime
3461 3026 3623 3085 abes-

1966 3131 2010 3191 c
2043 3119 2201 3173 sent,
2256 3123 2429 3179 prope
2483 3108 2717 3180 gratiam
2766 3120 3075 3177 venerunt,
3135 3113 3204 3169 ad
3253 3130 3394 3185 quos
3456 3118 3624 3176 etiam

2044 3202 2249 3257 Paulus
2293 3202 2513 3257 aiebat:
2544 3220 2564 3253 ‹
2595 3203 2725 3268 Vos,
2748 3202 2845 3273 qui
2890 3203 3192 3274 aliquando
3212 3208 3388 3265 cratis
3434 3211 3621 3285 longe,

2006 3354 2011 3359 α
2044 3291 2171 3347 facti
2209 3290 2344 3346 estis
2379 3305 2551 3361 prope
2579 3290 2635 3345 in
2663 3290 2930 3362 sanguine
2951 3291 3160 3350 Christi
3178 3294 3243 3349 “.
3286 3315 3305 3349 ι
3337 3298 3625 3357 Vocabunt

2041 3395 2175 3452 ergo
2218 3379 2308 3434 isti
2358 3379 2622 3435 infantem
2670 3380 2998 3437 Emmanuel
3032 3382 3247 3452 priores
3292 3386 3517 3455 Iudaeis,
3559 3406 3625 3446 ac

2043 3486 2170 3525 eum
2202 3470 2301 3541 qui
2332 3479 2493 3525 natus
2515 3478 2601 3526 est
2636 3471 2807 3526 Deum
2836 3471 3126 3528 nobiseum
3157 3489 3513 3547 cognoscent.

2111 3563 2203 3618 IX.
2232 3563 2360 3618 Haec
2379 3561 2604 3633 quidem
2620 3562 2888 3633 propheta
2916 3564 3015 3631 ait,
3039 3581 3150 3622 non
3177 3567 3252 3624 ita
3279 3569 3501 3638 Paulus,
3524 3576 3623 3631 sed

2041 3655 2157 3711 ait:
2202 3674 2220 3706 ι
2257 3653 2405 3711 Misit
2434 3654 2606 3720 enim,
2643 3654 2845 3725 inquit,
2875 3656 3073 3712 Filium
3112 3673 3274 3715 suum
3321 3661 3526 3721 factum
3555 3682 3627 3724 ex

2044 3748 2274 3804 muliere
2296 3746 2364 3801 ³⁵.
2399 3766 2416 3798 ι
2450 3746 2595 3815 Quid
2633 3747 2736 3814 ais,
2757 3748 2973 3804 Paule?
3007 3749 3284 3822 Propheta
3311 3771 3379 3810 ex
3406 3758 3622 3831 virgine

2042 3840 2216 3905 dicit,
2248 3849 2421 3910 tuque
2477 3855 2544 3894 ex
2596 3839 2833 3895 muliere
2878 3849 3098 3910 partum
3141 3857 3264 3900 esse
3316 3849 3625 3917 praedicas?

2041 3932 2229 3997 Plane,
2267 3930 2446 4001 inquit
2477 3948 2489 3984 :
2527 3930 2973 3987 benedictionem
3018 3946 3371 3991 communem
3425 3941 3618 4008 reddo,

2045 4022 2216 4078 totius
2235 4036 2358 4077 eam
2387 4035 2508 4077 esse
2543 4020 2736 4076 volens
2764 4020 2988 4076 feminei
3020 4036 3202 4079 sexus.
3240 4024 3359 4081 Non
3394 4027 3521 4084 dico
3552 4047 3622 4087 ex

2044 4115 2276 4187 virgine,
2309 4129 2381 4169 ne
2424 4113 2869 4169 benedictionem
2911 4113 3055 4169 intra
3080 4113 3224 4170 solas
3252 4115 3496 4189 virgines
3527 4138 3617 4177 rc-

2040 4208 2327 4279 stringam.
2342 4206 2477 4262 Dico
2497 4221 2566 4262 ex
2588 4205 2842 4270 muliere,
2864 4218 2932 4259 ex
2954 4220 3087 4261 sexu
3113 4207 3376 4266 universo
3388 4213 3619 4282 gratiam

2038 4312 2160 4354 esse
2193 4298 2501 4363 declarans,
2551 4311 2663 4366 quo
2687 4310 2849 4352 sexus
2874 4297 3057 4353 omnis
3088 4297 3362 4361 femineus
3388 4302 3619 4360 benedi-

2039 4389 2277 4445 ctionem
2312 4388 2593 4459 decerpat,
2619 4402 2798 4458 exque
2830 4387 2939 4444 illis
2956 4388 3012 4444 in
3046 4390 3196 4448 viros
3233 4394 3404 4464 gratia
3432 4404 3617 4455 trans-

353 4461 423 4517 lis
449 4477 616 4518 causa
646 4464 755 4519 erit
786 4474 850 4520 ut
888 4463 1298 4537 disperguntur.
1342 4466 1503 4522 Dabit
1540 4468 1756 4538 signum
1780 4471 1928 4541 quod
1962 4486 2008 4543 ι)
2034 4489 2125 4536 eat
2152 4497 2165 4534 :
2194 4490 2259 4535 ut
2293 4495 2361 4535 ex
2400 4495 2508 4551 qua
2539 4479 2922 4550 praevaricatio
2950 4481 3173 4549 accidit,
3193 4461 3261 4539 ex
3292 4485 3406 4557 ipsa
3424 4504 3619 4559 prove-

352 4552 392 4606 ii
422 4560 673 4622 quaerant
702 4554 798 4625 qui
826 4565 1080 4626 pereunt,
1124 4558 1382 4629 quodque
1411 4558 1641 4617 credant
1669 4564 1764 4632 qui
1795 4563 1929 4619 salvi

350 4643 512 4699 ﬁunt.
563 4644 721 4711 Quod
752 4660 885 4702 sane
920 4657 978 4703 et
1004 4662 1236 4719 magnus
1267 4650 1470 4706 Paulus
1501 4650 1569 4707 de
1595 4666 1762 4709 cruce
1799 4655 1875 4709 ait
1916 4673 1927 4708 :

357 4753 379 4787 ι
410 4734 654 4791 Verbum
681 4738 865 4793 erucis
891 4739 1256 4808 pereuntibus
1272 4741 1494 4810 quidem
1523 4742 1756 4799 stultitia
1791 4754 1878 4801 est
1914 4765 1925 4801 :

350 4825 423 4881 iis
465 4834 650 4883 autem
682 4829 779 4898 qui
809 4830 942 4884 salvi
986 4829 1145 4897 ﬁunt,
1192 4833 1246 4887 id
1289 4842 1374 4890 est
1393 4834 1587 4901 nobis,
1618 4835 1797 4893 virtus
1833 4838 1928 4893 Dei

347 4916 547 4973 est'“.
586 4937 605 4970 ι
663 4919 778 4975 Hoc
826 4936 930 4978 nos
957 4937 1174 4994 quoque
1208 4924 1476 4994 dicemus,
1528 4944 1733 4985 novum
1774 4930 1924 4987 illum

348 5017 688 5077 exponentes
712 5020 951 5080 partum.
975 5013 1217 5085 Virginis
1244 5017 1392 5072 enim
1418 5019 1785 5088 praedicamus
1804 5038 1915 5092 par-

304 5113 311 5119 ‘
348 5106 467 5154 tum
495 5119 508 5153 :
544 5098 748 5159 Iudaeis
772 5104 997 5173 quidem
1027 5107 1365 5174 scandalum,
1400 5109 1657 5168 ﬁdelibus
1686 5128 1819 5169 vero
1840 5129 1927 5168 sa-

344 5190 540 5246 lutem.
571 5191 734 5248 Dabit
770 5194 939 5265 igitur
979 5195 1140 5253 vobis
1182 5199 1484 5267 Dominus,
1523 5201 1599 5258 ait
1632 5204 1921 5274 prepbeta,

345 5281 617 5351 ejusmodi
650 5285 898 5356 signum;
952 5288 1099 5357 quod
1130 5291 1385 5360 gentibus
1428 5292 1652 5363 quidem
1695 5295 1925 5352 salutem

349 5371 630 5443 importet,
692 5376 897 5433 Judaeis
952 5387 1135 5434 autem
1192 5391 1343 5438 creet
1389 5386 1728 5443 scandalum.
1758 5390 1925 5445 Vides

348 5461 517 5519 fuisse
548 5473 765 5535 partum
782 5467 920 5537 signi
938 5470 1375 5528 exhibitionem?
1400 5476 1477 5530 Ex
1508 5477 1595 5531 his
1617 5495 1748 5549 ergo
1772 5481 1922 5536 disce

421 5667 464 5699 ’ί
487 5668 642 5726 Joan.
668 5686 742 5735 IV,
771 5671 859 5727 48.

349 5731 399 5768 ⁸⁸
430 5735 601 5800 Galat.
638 5756 713 5804 ιν,
731 5731 792 5795 ⁷4.

686 5830 953 5892 Panos.
1003 5830 1122 5894 Gn.
1169 5832 1478 5896 LXXVII.

971 5672 1040 5704 ⁸¹⁶
1063 5674 1163 5729 lsa.
1188 5691 1281 5743 vn,
1312 5679 1393 5733 15.
1507 5680 1553 5714 ⁸³
1575 5682 1710 5738 Ibid.
1744 5684 1825 5739 14.

1941 5684 2005 5719 θ’·
2065 5685 2085 5741 l
2110 5686 2237 5744 Cor.
2262 5705 2301 5746 ι.
2329 5688 2417 5743 l8.

2032 4570 2148 4625 niat
2170 4569 2339 4626 etiam
2372 4568 2570 4640 gratia,
2612 4569 2854 4626 humano
2884 4571 3072 4641 generi
3093 4586 3321 4643 regnum
3349 4578 3617 4637 caelorum

2034 4667 2339 4729 praestans:
2376 4660 2525 4730 quod
2576 4661 2787 4716 utinam
2829 4676 2932 4717 nos
2966 4678 3161 4720 omnes
3214 4681 3620 4739 consequamur

2031 4750 2207 4821 gratia
2255 4760 2312 4807 et
2345 4750 2687 4823 benignitate
2716 4753 2934 4809 Domini
2976 4757 3151 4811 nostri
3192 4758 3324 4815 Jesu
3350 4760 3558 4817 Christi
3601 4784 3612 4817 :

2034 4844 2161 4897 cum
2203 4858 2314 4913 quo
2343 4843 2491 4898 Patri
2530 4852 2587 4898 et
2635 4842 2869 4915 Spiritui
2913 4857 3106 4905 sancto
3151 4850 3325 4921 gloria
3349 4860 3406 4909 et
3439 4854 3614 4923 impc-

2038 4933 2180 4988 rium
2195 4935 2270 4989 -in
2301 4934 2496 4990 saecula
2525 4935 2874 4992 saeculorum.
2902 4938 3095 4995 Amen.

2605 5094 2889 5153 HOMILIA
2921 5097 3008 5154 Vl.

2032 5209 2096 5263 In
2138 5219 2383 5265 sanctam
2432 5207 2668 5281 Mariam
2698 5209 2795 5281 Dei
2837 5210 3162 5281 genitricem,
3200 5219 3248 5263 et
3282 5212 3336 5265 in
3369 5223 3611 5273 sanctam

2521 5278 2715 5335 Christi
2746 5278 3095 5334 nativitatem.

2100 5392 2139 5445 l.
2176 5391 2425 5449 Oblectat
2456 5407 2586 5447 sane
2618 5406 2681 5447 ac
2713 5402 2928 5449 recreat
2978 5395 3200 5461 oculos,
3246 5415 3370 5455 cum
3417 5417 3611 5458 recens

2027 5483 2096 5539 ab
2134 5485 2346 5539 oriente
2380 5497 2669 5553 emergens
2697 5484 2776 5538 sol
2810 5485 2912 5539 iste
2946 5486 3269 5545 snblnnaria
3314 5493 3605 5563 inspectet,

2529 5687 2575 5720 ⁸³
2602 5687 2757 5745 Joan.
2799 5705 2894 5755 vn,
2932 5691 2983 5745 5.
3099 5689 3144 5721 ”
3177 5691 3377 5760 Ephes.
3421 5710 3478 5757 ιι,
3517 5695 3605 5751 l5.

3208 5854 3281 5915 45
