4076 6436
535 348 562 402 1
573 346 678 403 “9

1617 336 1969 394 THEODOTI
2009 336 2318 394 EPISCOPI
2359 336 2707 395 ANCYRANI

3653 332 3785 395 ΝΜ

536 462 814 532 radiisque
830 472 1129 517 conservos
1154 458 1516 520 convenlens,
1557 469 1906 512 communem
1924 454 2112 509 Domi-
2142 465 2182 516 Α
2212 454 2351 509 Cum
2389 470 2628 525 namque
2651 454 2784 508 olim
2820 453 2933 524 jam
2959 450 3107 506 Deus
3129 447 3502 518 omnipotens,
3536 461 3647 502 una
3665 464 3788 506 cum

524 569 665 610 num
689 567 790 623 pro
824 565 895 606 eo
921 565 985 606 ac
1021 549 1194 606 debiti
1224 549 1367 605 ratio
1400 548 1663 619 postulat,
1683 546 1908 602 laudum
1932 545 2107 601 canti-

530 647 612 702 cis
640 643 923 701 celebrare
946 641 1237 708 admonet;
1269 639 1365 695 sed
1387 647 1444 693 et
1471 637 1681 708 pariter
1707 645 1869 692 terrae
1891 634 2108 699 faciem,

531 752 697 810 quam
745 735 930 808 pluvia
979 733 1190 789 ebriam
1238 746 1304 787 ac
1334 745 1462 786 rore
1515 728 1752 785 infusam
1796 727 2009 783 invenit
2049 741 2113 781 ac

532 829 869 902 pinguedine
912 824 1135 881 imbuit.
1181 820 1467 894 Ejusmodi
1507 829 1564 876 et
1595 819 1909 876 veneranda
1948 817 2114 873 festo-

535 937 656 977 rum
688 919 959 976 solemnia
1002 915 1163 972 nobis
1217 913 1503 971 illuoentia
1532 912 1823 968 exsistunt.
1888 911 2110 967 Piorum

533 1028 774 1084 namque
827 1018 1044 1068 mentes
1074 1007 1311 1079 spiritali
1341 1006 1552 1063 lumine
1589 1004 1995 1067 collustrantes,
2043 1000 2113 1056 ad

526 1104 761 1160 laudum
790 1101 1007 1157 cantica
1022 1098 1302 1164 excitant;
1330 1097 1631 1166 divinoque
1652 1093 2026 1166 apostolorum
2050 1106 2115 1147 ac

534 1194 995 1266 evangelistarum
1021 1205 1150 1246 rore
1193 1188 1585 1250 refocillantes,
1628 1185 1759 1241 boni
1787 1183 1973 1254 operis
2000 1181 2116 1237 fru-

533 1299 685 1345 ctum
711 1289 861 1359 large
880 1283 1199 1343 conciliant.
1223 1281 1363 1338 Cum
1376 1293 1509 1335 vero
1530 1278 1648 1334 hac
1663 1277 1744 1334 sic
1759 1276 1832 1332 ita
1853 1275 2111 1340 habeant,

533 1389 793 1451 vetetque
826 1378 917 1434 lex
957 1373 1261 1432 Mosaica“
1304 1386 1511 1427 vacuos
1556 1384 1825 1441 apparere
1870 1376 1998 1423 ante
2029 1364 2113 1421 fa-

534 1475 677 1529 ciem
727 1469 978 1535 Domini,
1032 1465 1167 1538 quid
1223 1479 1328 1520 nos
1378 1460 1581 1519 dicturi
1625 1474 1853 1525 sumus,
1911 1456 2115 1529 quidve

535 1564 734 1629 acturi,
763 1561 858 1632 qui
891 1560 1054 1629 longe
1094 1552 1603 1612 insuﬂlcientissimi
1637 1552 1830 1615 simus,
1868 1549 2115 1620 nihilque

536 1658 761 1728 dignum
787 1651 1089 1713 habeamus
1116 1645 1265 1716 quod
1300 1657 1459 1699 sacro
1490 1641 1602 1697 diei
1627 1646 1952 1712 argumento
1978 1652 2114 1694 con-

536 1747 821 1806 feramus?
846 1745 1011 1808 Num,
1038 1755 1241 1813 quaeso,
1269 1752 1451 1810 opera:
1472 1733 1734 1807 pretium,
1759 1741 1821 1787 ut
1840 1732 1934 1801 qui
1957 1729 2115 1802 egeni

2217 545 2537 601 cmlestibus
2567 543 2824 599 thalamis
2849 550 3125 598 terrenam
3154 554 3379 611 quoque
3399 553 3587 594 rerum
3613 541 3787 597 varie-

2219 645 2384 691 tatem
2428 635 2662 706 pulchre
2706 633 3000 689 admodum
3037 649 3102 689 ac
3131 630 3466 703 composite,
3506 630 3621 685 vivi
3677 632 3788 697 sui,

2218 727 2732 793 consubstantialis,
2768 725 3150 790 subsistentis,
3179 723 3301 795 pari
3336 722 3541 778 robore
3577 722 3788 793 prcditi

2218 831 2285 872 ac
2315 816 2576 872 coaeterni
2603 815 2728 872 Filii
2758 830 2822 872 ac
2843 814 3034 880 Verbi,
3052 823 3218 884 atque
3244 812 3313 868 ab
3343 812 3468 884 ejus
3491 820 3691 867 natura
3710 813 3791 867 in-

2218 907 2381 964 divisi
2401 948 2415 973 ,
2451 923 2621 979 opera
2664 907 2944 969 communi
2977 905 3210 962 consilio
3244 903 3621 963 distinxisset.
3668 919 3781 959 san-

2219 1000 2576 1070 ctissimeque
2614 1015 2678 1056 ac
2707 998 3161 1056 consubstantiali
3195 998 3405 1069 Spiritu
3439 1013 3544 1063 suo
3589 998 3794 1053 sancti-

2220 1090 2460 1156 ficasset,
2485 1091 2589 1147 sub
2621 1090 2916 1147 creationis
2943 1096 3272 1154 extremum,
3295 1088 3622 1160 palmarium
3644 1087 3796 1141 illum

2219 1182 2559 1254 dignumque
2578 1182 2945 1239 admiratione
2963 1180 3245 1236 hominem
3273 1178 3549 1235 universis
3576 1179 3634 1233 in
3654 1188 3797 1233 terra

2220 1276 2458 1332 conditis
2484 1274 2770 1347 magnifice
2801 1285 2967 1347 caput
2999 1273 3418 1347 principemque
3447 1271 3794 1344 praefecerat;

2221 1385 2346 1424 cum
2373 1368 2420 1422 is
2445 1382 2639 1423 recens
2661 1377 2724 1423 ut
2743 1376 2892 1424 esset
2917 1366 2989 1422 ah
3018 1380 3087 1422 eo
3117 1365 3460 1435 accepisset;
3496 1364 3795 1418 intemera-

2223 1462 2293 1517 tis
2317 1461 2537 1516 Domini
2564 1476 2595 1517 e
2630 1469 2779 1517 terra
2808 1459 3022 1516 ellictus
3042 1459 3328 1525 manibus,
3354 1458 3656 1527 divinoque
3686 1456 3795 1526 spi~

2223 1554 2413 1609 raculo
2450 1553 2620 1610 vitam
2672 1568 2738 1610 ac
2799 1552 3152 1624 splendorem
3212 1559 3546 1607 consecutus
3569 1589 3584 1613 ,
3643 1550 3798 1620 juxta

2222 1644 2370 1716 quod
2405 1660 2636 1717 magnus
2664 1645 2756 1700 ille
2788 1644 3002 1717 Moyses
3017 1643 3068 1677 "
3092 1643 3281 1699 divino
3308 1640 3641 1711 conscripsit
3674 1639 3791 1710 Spi-

2222 1738 2355 1803 ritu,
2409 1745 2474 1792 ut
2525 1736 2790 1808 subjectis
2847 1736 2952 1791 sub
2984 1735 3125 1791 caelo
3154 1733 3356 1791 creatis
3396 1733 3797 1797 dominaretur.

538 1856 748 1906 sumus,
804 1838 874 1894 ad
933 1834 1225 1891 Dominum
1282 1827 1623 1885 abundantia
1670 1823 1934 1880 bonitatis
1970 1822 2115 1876 ultro
2144 1820 2189 1877 Β
2216 1827 2594 1898 mundumque
2638 1828 2695 1883 in
2739 1828 3030 1883 sanctitate
3059 1837 3116 1885 et
3135 1827 3348 1899 iustitia
3397 1833 3631 1898 regeret.
3690 1823 3799 1879 Hoc

537 1943 823 1991 vocantem
857 1926 1139 1998 accepturi
1186 1921 1592 1992 confugiamus,
1646 1914 2115 1989 quemadmodum

537 2030 615 2083 ait
653 2046 666 2081 :
717 2045 736 2077 ε
770 2024 947 2079 Dilata
983 2036 1045 2076 os
1072 2028 1253 2082 tuum,
1281 2023 1337 2071 et
1367 2013 1609 2085 implebo
1634 2010 1771 2067 illud
1797 2009 1867 2076 ⁸⁷,
1914 2029 1932 2061 ι
1963 2007 2117 2063 inde-

537 2135 646 2192 que
695 2116 914 2174 laticem
972 2122 1029 2168 et
1076 2109 1376 2181 potabilem
1423 2115 1481 2161 et
1532 2103 1812 2158 viviﬁcum
1856 2097 2117 2156 Ecclesia:

537 2210 774 2268 alumnis
833 2202 1192 2265 hauriemus?
1222 2200 1339 2256 Hoc
1390 2212 1524 2253 sane
1586 2196 1754 2251 etiam
1806 2192 2112 2247 faciemus:

538 2320 665 2361 natu
700 2312 757 2358 et
794 2300 862 2356 de
897 2299 993 2353 illo
1023 2293 1345 2351 solemnitas
1378 2291 1580 2360 agitur,
1611 2287 1776 2357 inque
1802 2297 1928 2340 eum
1953 2296 2117 2353 quam

535 2412 727 2455 sumus
743 2390 1015 2453 habituri,
1055 2385 1232 2443 oratio
1260 2383 1516 2439 refertur.

608 2490 675 2544 ll.
707 2490 818 2559 Age
858 2484 1069 2553 itaque,
1096 2477 1193 2534 Dei
1228 2475 1298 2531 ab
1327 2473 1486 2530 initio
1538 2471 1815 2527 mirabilia
1852 2467 2119 2525 memoria

536 2591 884 2653 repetamus,
941 2588 1008 2629 ac
1059 2569 1393 2626 meditemur
1436 2567 1494 2621 in
1546 2563 1809 2620 omnibus
1858 2559 2121 2632 cperibus

529 2650 689 2747 ejus,
721 2663 1192 2741 quemadmodum
1233 2659 1402 2717 etiam
1447 2654 1766 2728 apostolicis
1804 2650 2122 2723 praecipitur

536 2743 775 2839 legibus,
813 2774 964 2836 cum.
989 2756 1157 2813 modo
1201 2752 1428 2825 quidem
1455 2749 1690 2813 dicunt:
1724 2765 1742 2797 ι
1781 2743 2120 2839 Annuntiate

537 2833 775 2914 virtutes
810 2854 933 2924 ejus
957 2833 1054 2921 qui
1096 2847 1166 2903 de
1204 2843 1449 2901 tenebris
1486 2854 1586 2896 vos
1612 2836 1831 2894 vocavit
1856 2836 1912 2891 in
1942 2833 2120 2890 admi—

536 2951 715 3007 rabile
741 2949 928 3002 lumen
958 2956 1123 2999 suum
1138 2939 1222 3006 ⁸⁹;
1267 2957 1285 2991 ι
1316 2934 1483 2992 modo
1508 2940 1925 2989 contestantur:
1963 2946 1981 2979 ι
2014 2927 2122 2983 Ve-

539 3054 855 3100 rumtamen
895 3038 963 3094 ad
1008 3033 1156 3106 quod
1196 3028 1571 3103 pervenimus,
1619 3025 1675 3080 in
1717 3038 1785 3079 eo
1809 3030 1866 3077 et
1896 3035 2121 3087 manea-

539 3132 748 3196 mus”,
782 3152 801 3185 ι
830 3145 934 3188 nec
981 3129 1039 3184 in
1078 3140 1144 3183 ea
1177 3139 1301 3195 quae
1329 3136 1441 3177 non
1495 3127 1627 3175 sunt
1671 3115 1870 3173 tradita
1915 3122 2121 3169 temere

540 3229 818 3284 irruamus
842 3264 856 3289 ,
914 3230 1174 3289 tanquam
1207 3214 1472 3270 nimirum
1506 3209 1730 3271 veritas,
1770 3221 1965 3263 eorum
1995 3219 2118 3276 quae

539 3315 878 3375 manifestari
906 3320 1096 3368 nostra
1129 3306 1423 3367 referebat,
1474 3317 1541 3358 ex
1565 3301 1634 3356 iis
1667 3314 1790 3370 quae
1825 3298 1946 3369 ejus
1987 3305 2119 3352 nota

538 3417 692 3474 sunt,
725 3404 866 3461 nihil
893 3401 1056 3459 nobis
1097 3397 1379 3454 occultum
1412 3388 1720 3462 reliquerit.
1762 3384 2121 3443 Pervenimus

540 3501 710 3565 enim,
768 3499 824 3553 in
867 3508 990 3566 quae
1035 3489 1196 3546 multi
1231 3484 1517 3557 prophetae
1573 3490 1632 3536 et
1667 3478 1801 3551 justi
1844 3476 2121 3533 desiderio

542 3594 719 3651 multo
760 3582 1169 3643 inarserunt".
1195 3576 1340 3645 Quid
1371 3588 1503 3630 vero
1529 3575 1708 3645 iustos
1738 3578 1904 3641 atque
1937 3567 2119 3623 homi-

541 3700 643 3743 nes
677 3677 956 3739 dicimus?
990 3694 1008 3726 t
1033 3674 1096 3728 In
1121 3685 1243 3742 qua:
1266 3665 1447 3737 angeli
1481 3663 1587 3745 ipsi
1620 3661 1936 3733 prospicere
1972 3656 2121 3714 desi-

540 3768 962 3832 deraverunt".
1007 3784 1025 3817 ι
1051 3759 1323 3831 Quidnam
1365 3755 1541 3812 illud?
1575 3753 1657 3809 Ad
1689 3752 1979 3808 hominum
2011 3749 2120 3805 sei-

540 3868 673 3923 licet
706 3876 830 3920 cum
879 3860 994 3914 Deo
1026 3850 1565 3914 reconciliationem;
1614 3843 1807 3901 mundi
1857 3842 2026 3898 totius
2052 3840 2121 3896 ad

544 3974 670 4015 eum
707 3954 799 4026 qui
829 3948 1075 4010 condidit
1104 3939 1556 4004 conversionem;
1582 3935 1965 3991 universorum
1986 3945 2121 4026 con-

541 4019 741 4106 sonam
760 4039 1193 4102 confessionem;
1228 4044 1400 4088 unum
1423 4028 1538 4084 Deo
1554 4032 1843 4094 acceptum
1864 4036 1974 4076 una
2005 4019 2123 4075 ani-

546 4153 760 4197 morum
786 4130 1149 4191 consensione
1200 4121 1483 4195 religionis
1514 4116 1754 4180 cultum;
1796 4113 1941 4184 piam
1985 4126 2119 4167 con-

541 4231 826 4293 cordiam;
883 4219 1185 4294 impietatis
1236 4212 1658 4285 abnegationem
1704 4225 1717 4261 :
1765 4221 1889 4277 quae
1937 4203 2121 4261 omnia

542 4319 799 4379 salutaris
855 4315 952 4372 Dei
1010 4317 1066 4368 in
1121 4322 1287 4364 carne
1336 4300 1706 4361 manifestatio
1735 4306 1964 4370 operata
2012 4305 2119 4363 est,

541 4409 1009 4489 quemadmodum
1067 4400 1259 4460 docuit
1313 4396 1536 4454 divinus
1587 4393 1793 4459 Paulus
1818 4432 1833 4457 ,
1890 4391 2117 4448 dicens:

2214 1932 2349 1988 ergo
2378 1917 2670 1989 magnifico
2694 1933 2863 1987 opere
2894 1918 3222 1990 condignam
3244 1920 3539 1973 exstructis
3571 1916 3798 1987 regiam,

2215 2023 2391 2078 exque
2432 2024 2498 2064 ea
2538 2022 2661 2079 qua:
2689 2007 2796 2063 sub
2823 2008 2963 2064 ccelo
2991 2017 3076 2064 est
3109 2016 3367 2062 creatura
3399 2005 3648 2077 optimus
3672 2020 3800 2060 con-

2215 2099 2363 2155 ditor
2396 2098 2453 2155 in
2482 2099 2678 2162 Edem,
2720 2100 2827 2155 hoc
2864 2108 2970 2167 est,
3007 2100 3294 2172 voluptatis
3326 2097 3456 2164 loco,
3480 2112 3796 2160 secernens,

2214 2191 2423 2247 clarius
2450 2205 2481 2244 a
2516 2190 2791 2262 principio
2822 2191 3033 2247 lumine
3072 2191 3449 2246 collustratam
3494 2188 3799 2244 immensis-

2215 2298 2324 2353 que
2348 2280 2607 2337 refertam
2637 2281 2880 2348 divitiis;
2912 2281 3281 2353 paradisoque
3312 2280 3610 2351 voluptatis
3642 2295 3800 2337 secus

2216 2387 2482 2444 aquarum
2511 2372 2780 2430 decursus
2824 2374 3073 2445 plantato
3119 2373 3353 2429 miriﬁce
3407 2381 3686 2438 ornatam,
3740 2388 3801 2427 ac

2216 2475 2500 2537 pratorum
2538 2482 2639 2539 per
2685 2482 2877 2539 gyrum
2932 2466 3247 2522 ﬂorentium
3293 2466 3445 2523 dulei
3502 2463 3799 2537 fragrantia

2218 2557 2483 2627 aﬂ‘usam;
2540 2558 2724 2614 fluviis
2774 2557 3014 2628 denique
3038 2572 3106 2613 ex
3155 2556 3408 2612 interiori
3464 2555 3802 2611 abundantia

2219 2649 2486 2707 divitibus
2513 2650 2804 2707 ambitiose
2835 2648 3238 2714 luxuriantem;
3281 2663 3393 2719 quo
3418 2647 3681 2704 exteriori
3712 2647 3802 2700 illo

2219 2752 2484 2813 apparatu
2510 2743 2566 2798 in
2597 2741 2880 2797 hominem
2911 2756 2942 2795 a
2970 2755 3030 2796 se
3060 2740 3347 2795 conditum
3375 2739 3803 2795 convenientem

2220 2834 2680 2906 magnificentiam
2728 2831 3032 2889 abundanti
3064 2832 3311 2887 bonitate
3337 2830 3613 2887 conferret
3648 2847 3663 2884 :
3694 2831 3803 2884 cla-

2222 2937 2343 2977 rum
2370 2922 2525 2977 illum
2557 2921 2711 2976 velut
2746 2921 2802 2976 in
2831 2920 3110 2991 regalibus
3141 2919 3401 2978 thalamis
3432 2919 3547 2975 illic
3568 2919 3806 2973 colloca-

2221 3022 2397 3077 verat,
2428 3012 2587 3069 liberi
2613 3013 2874 3067 donatum
2899 3026 3101 3067 corona
3119 3012 3357 3078 arbitrii,
3375 3012 3581 3082 quique
3609 3012 3805 3066 mundi

2224 3121 2315 3163 res
2353 3121 2546 3161 omnes
2592 3103 2830 3175 pedibus
2876 3103 3151 3173 subiectas
3189 3103 3439 3159 haberet.
3485 3103 3623 3170 Quia
3677 3120 3807 3159 vero

2223 3196 2417 3268 optimi
2443 3195 2784 3267 principatus
2809 3194 2936 3250 linis
2955 3202 3097 3258 erat,
3119 3209 3241 3249 esse
3278 3194 3518 3264 aliquem
3547 3193 3644 3263 qui
3681 3192 3803 3247 duci

2223 3286 2463 3342 monitor
2487 3292 2653 3349 esset,
2700 3290 2935 3355 apteque
2981 3298 3109 3339 eum
3163 3291 3554 3353 componeret,
3592 3297 3664 3337 ac
3692 3296 3808 3338 sce-

2222 3385 2474 3447 ptrorum
2499 3415 2514 3440 ,
2549 3389 2620 3429 ne
2674 3372 2983 3444 ignorantia
3026 3387 3257 3443 peccare
3292 3372 3663 3443 contingeret,
3712 3388 3807 3426 cu-

2224 3473 2339 3520 stos
2361 3464 2681 3528 exsisteret;
2727 3461 2822 3517 dat
2863 3461 3146 3531 sapientiae
3174 3461 3417 3518 salutare
3466 3471 3807 3531 praeceptum

2226 3572 2345 3612 rem
2388 3554 2662 3627 ejusmodi
2696 3552 3066 3623 distinguens,
3108 3552 3413 3607 tutumilli
3445 3561 3613 3621 atque
3653 3551 3807 3606 uxori

2222 3647 2638 3712 contubernale,
2663 3646 2936 3702 bonorum
2969 3652 3257 3715 parentem
3274 3684 3289 3709 ,
3320 3652 3487 3714 atque
3506 3642 3572 3697 ad
3597 3643 3808 3713 optima

2223 3738 2504 3813 dirigens;
2536 3754 2649 3794 uno
2668 3739 2841 3793 verbo
2866 3737 3137 3793 virtutum
3167 3736 3375 3795 seriem
3400 3751 3621 3792 omnem
3653 3752 3808 3791 eom-

2223 3834 2504 3906 plectens;
2535 3831 2683 3901 quod
2714 3844 2911 3900 nempe
2938 3828 3250 3887 curantium
3283 3843 3342 3884 se
3373 3843 3561 3884 curam
3592 3835 3808 3899 ageret,

2223 3939 2393 3994 seque
2429 3921 2805 3978 custodientes
2829 3919 3151 3988 custodiret,
3193 3934 3258 3975 ac
3305 3920 3584 3990 simplices
3629 3930 3811 3975 atten-

2226 4028 2315 4074 tos
2346 4017 2634 4074 ediceret:
2670 4014 2738 4070 ad
2792 4013 2912 4069 haec
2950 4026 3113 4076 vero,
3158 4026 3257 4067 eos
3298 4012 3395 4083 qui
3446 4010 3813 4067 inferioribus

2223 4118 2566 4184 praestarent,
2592 4105 2866 4164 universis
2914 4103 3237 4176 praestanti,
3286 4101 3492 4174 quique
3536 4102 3811 4157 honorem

2223 4203 2585 4261 contulisset.
2627 4198 2862 4255 Domino
2913 4195 3140 4251 obedire
3189 4193 3446 4258 doceret;
3491 4194 3815 4264 angelisque

2224 4311 2387 4352 sensu
2437 4293 2646 4350 similes
2701 4290 2948 4346 modeste
3002 4301 3196 4358 sapere
3256 4284 3537 4350 erudit-et,
3580 4294 3755 4355 atque
3783 4299 3814 4337 a

2223 4386 2510 4460 tyrannide
2548 4380 2857 4439 affectanda
2887 4379 3228 4441 deterreret,
3273 4389 3339 4430 ac
3383 4374 3607 4432 virtutis
3644 4374 3819 4429 totius

551 4474 580 4560 ς’
611 4502 878 4578 Apparuit
901 4497 1074 4572 gratia
1094 4495 1193 4551 Dei
1215 4491 1471 4549 salutaris
1492 4488 1752 4549 omnibus
1778 4484 2117 4548 hominibus,
2153 4497 2197 4554 [ι
2225 4479 2498 4578 mercede,
2522 4474 2771 4578 Ereatori
2800 4479 3056 4576 acceptos
3085 4475 3393 4578 praestaret:

542 4575 806 4655 erudiens
837 4605 959 4654 nes,
993 4596 1055 4642 ut
1088 4585 1425 4654 abnegantes
1446 4578 1782 4649 impietatem
1821 4583 1878 4631 et
1899 4575 2125 4632 saecula-

546 4690 626 4743 ria
652 4681 946 4743 desideria,
972 4678 1155 4734 sobrie
1184 4684 1241 4732 et
1258 4675 1406 4744 iuste
1440 4668 1694 4725 vivamus
1724 4666 1781 4721 in
1808 4664 1915 4721 hoc
1948 4680 2124 4723 mu-

546 4784 601 4837 ιο
624 4783 699 4845 ης
731 4799 750 4830 ,
788 4777 856 4831 de
886 4772 993 4846 qua
1012 4770 1169 4827 brevi
1198 4777 1456 4824 sermone
1484 4761 1966 4826 disseremus,pro
1979 4772 2049 4812 eo
2063 4770 2129 4812 ac

546 4873 776 4930 facultas
809 4866 1008 4931 fuerit,
1061 4862 1155 4917 ubi
1180 4856 1515 4930 promissum
1569 4848 1881 4912 reddentes,
1928 4847 2024 4902 Dei
2068 4846 2123 4900 in

549 4983 649 5023 nos
674 4982 704 5020 a
746 4960 1016 5034 principio
1043 4954 1243 5011 eli‘ccta
1275 4944 1549 5003 mirabilia
1578 4938 2119 5012 praelaudaverimus.

546 5059 663 5115 lloc
696 5031 842 5112 enim
877 5060 933 5107 et
958 5043 1218 5105 Ecclesiae
1250 5037 1500 5094 moribus
1530 5040 1849 5102 receptum,
1891 5038 1949 5086 ut
1982 5031 2124 5085 inter

547 5146 656 5203 diei
689 5157 843 5199 saera
878 5133 1144 5196 solemnia
1179 5125 1370 5184 mundi
1410 5120 1615 5178 conditi
1642 5117 1928 5174 historiam
1964 5115 2123 5171 audi-

551 5240 764 5294 toribus
781 5238 1037 5295 enarret;
1081 5234 1192 5296 quo
1223 5220 1485 5278 nimirum
1529 5213 1820 5272 ostendat,
1855 5208 2048 5264 Adami
2093 5223 2125 5263 c

550 5334 672 5386 loco
725 5323 1026 5398 voluptatis
1081 5320 1136 5375 in
1189 5318 1422 5372 mortem
1468 5304 1887 5377 demigrationis
1937 5317 2122 5362 causa,

552 5429 754 5476 tantam
804 5395 1021 5475 Domini
1056 5426 1184 5483 erga
1221 5422 1322 5463 nos
1358 5401 1636 5462 exstitisse
1685 5395 2121 5452 inclinationem.

620 5575 668 5608 ⁸⁸
692 5571 864 5631 Exod.
894 5583 1044 5631 χχιιι,
1070 5565 1155 5621 l5.
1228 5560 1276 5593 ⁸⁷
1307 5557 1448 5631 Ps_a|.
1478 5552 1689 5631 LXXX...)
1711 5553 1755 5604 Ι.

556 5662 591 5710 ι,
624 5622 977 5701 ιδῗἿῖτίις
1009 5622 1067 5703 τί,
1109 5635 1195 5687 ll.
1270 5631 1316 5664 η
1353 5627 1487 5683 Gen.
1530 5641 1567 5687 ι,
1600 5622 1688 5675 es.

2297 4570 2387 4628 ΙΙΙ.
2434 4568 2575 4636 Quia
2613 4580 2748 4622 vero
2790 4563 2873 4620 sic
2909 4578 2969 4618 se
2992 4577 3082 4617 res
3108 4558 3406 4623 habebant,
3443 4571 3509 4612 ac
3540 4571 3673 4611 cum
3699 4570 3818 4612 cm-

2222 4669 2349 4724 lites
2374 4663 2441 4720 ad
2475 4671 2749 4719 terrenam
2771 4657 2975 4728 regiam
2999 4656 3201 4711 choros
3223 4658 3468 4724 agerent,
3495 4649 3823 4719 trinamque

2226 4765 2555 4830 potestatem
2600 4752 2916 4813 laudarent,
2958 4747 3159 4802 trinam
3206 4741 3678 4815 magnificentiam
3718 4740 3823 4795 de-

2227 4854 2538 4909 cantarent,
2565 4843 2772 4899 trinum
2796 4844 3141 4910 potentatum
3161 4834 3577 4897 benedicerent,
3606 4831 3824 4886 trinam

2229 4938 2660 4995 dominationem
2681 4935 2832 4991 claro
2857 4930 3135 5000 praeconio
3158 4928 3441 4992 efferrent,
3468 4925 3614 4980 trine
3634 4925 3826 4981 subsi-

2229 5038 2464 5086 stentem
2494 5042 2657 5082 unam
2684 5026 2947 5081 deitatem
2966 5021 3280 5084 adorarent,
3309 5027 3646 5087 terrenaque
3670 5017 3825 5071 circa

2230 5133 2414 5190 regem
2440 5133 2506 5173 ac
2543 5117 2739 5173 ducem
2763 5109 3164 5184 praesidemque
3192 5108 3460 5165 divinitus
3499 5122 3626 5164 cum
3666 5107 3820 5163 omni

2228 5211 2487 5282 aequitate
2508 5212 2573 5265 ac
2602 5205 2899 5264 concordia
2919 5202 3166 5275 subjecta
3200 5209 3406 5266 essent,
3431 5213 3831 5271 congruasque

2231 5301 2630 5371 appellationes
2655 5315 2756 5355 ceu
2798 5295 2988 5353 munia
3020 5293 3269 5364 quaedam
3309 5290 3524 5364 placide
3562 5290 3828 5371 suscipe.

2233 5403 2400 5460 rent;
2435 5402 2621 5464 atque,
2653 5401 2716 5447 ut
2738 5392 2911 5449 verbo
2952 5391 3153 5452 dicam,
3197 5387 3455 5442 universa
3495 5385 3552 5440 in
3604 5368 3837 5437 ordinis

1869 5549 1914 5580 "
1938 5551 1956 5603 1
1985 5549 2112 5604 Petr

2248 5548 2300 5602 9.
2375 5548 2421 5579 "
2446 5548 2681 5617 Philipp.
2714 5564 2792 5613 Ill,
2822 5547 2909 5601 16.
2987 5547 3033 5580 ⁹⁶
3060 5544 3248 5599 Matth.
3280 5557 3393 5606 xm,
3418 5541 3502 5610 Π..
3540 5538 3581 5572 ⁹¹
3615 5537 3639 5591 1
3673 5538 3837 5595 Pctr.

626 5798 701 5863 (4)
724 5795 803 5850 Ex
816 5794 1068 5851 'Bibliot!-.
1097 5791 1317 5845 Patrum
1341 5780 1634 5835 condonet.
1655 5774 1959 5840 COMBEFIS.,
1980 5782 2116 5828 tom.
2163 5771 2205 5837 l,
2242 5785 2397 5843 pagg.
2428 5771 2678 5830 {99-204.
