4076 6432
358 323 484 378 ηρι

980 324 1260 380 ΠΟΜΙΙᾹΑ
1304 327 1365 381 ιι
1405 326 1469 380 IN
1515 327 1571 384 ὃ.
1617 326 1927 384 DEIPARA]

2029 328 2092 385 ΞΤ
2132 333 2199 388 IN
2237 332 2705 402 NATIV'ITATEM
2743 329 2997 386 DOMINI.

3463 332 3600 386 “‘12

354 441 582 509 pulchre
623 438 857 492 instituti
905 439 1050 494 bono
1091 441 1322 496 feliciter
1348 452 1574 513 agerent
1605 462 1620 496 τ
1657 461 1766 499 non
1800 446 1924 499 tulit
1955 451 1998 507 Α
2027 448 2229 512 videat,
2261 465 2384 520 qua:
2415 465 2538 504 cum
2568 449 2748 520 gladio
2790 447 3078 518 coniugem
3115 445 3371 515 expellat.
3409 445 3601 501 Cesset

354 531 753 601 imperturbato
800 545 864 585 ac
914 547 1024 586 non
1055 533 1296 603 maligno
1318 535 1480 588 oculo
1507 535 1752 591 hominis
1779 536 1926 590 illam

355 622 544 677 mundi
567 622 736 676 totius
761 622 1042 691 obsequiis
1070 623 1310 678 adultam
1327 625 1630 680 claritatem
1660 628 1924 697 aspicere,

352 713 447 783 qui
483 729 513 767 a
549 713 867 768 caelestibus
894 713 1282 784 splendoribus
1313 717 1459 771 haud
1499 733 1658 774 secus
1690 735 1754 774 ac
1780 721 1926 774 scin-

353 807 469 860 tilla
518 805 770 876 lampade
814 806 1044 861 decussa
1101 822 1225 860 cum
1281 808 1508 879 fuligine
1558 821 1928 880 consequente

354 897 630 967 proiectus
645 905 750 960 est,
768 912 835 951 eo
857 897 1002 966 quod
1028 907 1156 952 ante
1180 899 1470 954 Dominum
1493 901 1924 970 omnipotentem

351 995 535 1042 erecta
579 989 794 1043 cervice
836 989 1054 1044 steterit
1086 1007 1100 1055 ;
1137 991 1233 1045 sed
1268 992 1453 1046 statim
1485 1002 1546 1046 ut
1579 995 1819 1064 graviter
1851 996 1929 1052 fe-

353 1093 480 1132 rens
508 1078 800 1133 adversum
824 1079 984 1144 vidit,
1005 1081 1354 1136 aemulatione
1383 1097 1446 1137 ae
1473 1085 1656 1138 animo
1679 1085 1926 1142 latitante

351 1169 561 1224 invidia
610 1170 667 1224 in
721 1170 857 1225 iram
908 1171 1294 1237 exardescens,
1351 1173 1569 1229 interno
1629 1175 1723 1229 illo
1754 1177 1926 1232 livore

350 1259 512 1314 facile
563 1259 892 1314 sulfocatum
949 1276 1010 1315 se
1065 1261 1132 1315 iri
1185 1262 1554 1326 existimavit,
1605 1264 1714 1319 nisi
1762 1266 1927 1320 citius

351 1349 662 1421 splendoris
703 1351 850 1406 illius
883 1352 1190 1408 claritatem
1233 1353 1527 1424 praedatus,
1551 1364 1714 1426 atque
1734 1372 1764 1410 a
1797 1371 1928 1411 con-

351 1442 596 1496 venienti
619 1443 876 1498 mandato
893 1443 1195 1513 abripiens,
1215 1445 1272 1499 in
1294 1461 1481 1514 parem
1503 1459 1691 1502 secum
1715 1447 1923 1502 foveam

351 1532 692 1589 detruderet.
737 1532 873 1589 Cum
923 1543 1107 1589 autem
1148 1535 1366 1605 sapiens
1415 1548 1561 1592 esset
1615 1537 1683 1592 ad
1722 1539 1924 1593 malum

351 1624 683 1688 faciendum,
718 1625 858 1679 sicut
885 1625 1151 1694 scriptum
1181 1635 1267 1681 est
1313 1628 1382 1690 ",
1430 1628 1706 1698 sciretque
1753 1644 1821 1683 ex
1860 1629 1926 1684 iis

349 1729 474 1784 qua:
513 1714 848 1779 acciderant,
898 1731 1061 1785 quam
1113 1716 1226 1771 Deo
1272 1717 1446 1773 invisa
1474 1719 1642 1774 elatio
1670 1721 1762 1784 sit,
1786 1721 1928 1775 hanc

349 1803 520 1871 acuit,
553 1815 614 1861 ut
654 1806 721 1861 iis
763 1807 857 1876 qui
910 1797 1103 1877 optimi
1139 1817 1298 1864 erant
1334 1825 1526 1864 necem
1569 1810 1815 1866 inferret.
1847 1813 1931 1866 Fi-

350 1907 496 1953 ctam
519 1899 668 1952 enim
695 1898 846 1954 velut
875 1899 930 1953 in
956 1913 1119 1954 scena
1143 1909 1450 1970 praetexens
1465 1902 1925 1968 benevolentiam,

349 2003 454 2043 ceu
485 1989 532 2042 is
553 1989 648 2058 qui
681 2003 869 2043 curam
899 2003 1060 2060 agere
1083 1989 1386 2054 videretur,
1413 1993 1630 2048 mulieri
1672 2002 1926 2062 tanquam

349 2081 583 2136 faciliori
620 2081 913 2136 consilium
959 2081 1220 2152 suggerit,
1265 2097 1456 2152 aperto
1481 2099 1576 2139 ore
1608 2086 1664 2139 in
1689 2087 1928 2142 salutare

349 2172 668 2228 mandatum
695 2173 1029 2238 declamans,
1083 2180 1249 2242 atque
1285 2174 1631 2230 mendacium
1667 2176 1929 2231 adversus

349 2266 644 2322 veritatem
677 2273 960 2326 eructans,
991 2272 1251 2334 tanquam
1284 2265 1545 2321 nimirum
1575 2267 1710 2321 illud
1741 2283 1770 2322 a
1801 2268 1928 2323 cibo

347 2357 445 2427 qui
491 2356 560 2411 ad
608 2357 706 2411 Dei
750 2356 1116 2426 aequalitatem
1169 2357 1450 2422 eveheret,
1479 2358 1687 2428 ingenti
1725 2359 1927 2414 damno

348 2458 566 2504 arceret
593 2465 604 2501 :
635 2463 746 2518 quo
778 2448 983 2503 factum
1030 2455 1114 2502 est
1141 2455 1202 2501 ut
1230 2447 1454 2504 seducta
1487 2449 1688 2504 mulier
1737 2467 1929 2522 sugge-

349 2540 584 2595 stionem
611 2539 770 2594 facile
788 2539 1082 2608 arriperet,
1105 2553 1168 2593 ac
1189 2539 1596 2608 promptissime
1613 2539 1680 2594 ad
1697 2539 1924 2595 vetitum

351 2627 588 2683 fructum
612 2637 947 2683 accurreret.
1142 2634 1153 2643 ‘

417 2719 507 2774 IV.
535 2718 627 2774 Sic
650 2732 802 2782 vero,
823 2719 902 2774 sic
932 2735 1130 2774 novam
1153 2719 1460 2791 eiaculatus
1486 2719 1776 2790 gloriolam
1804 2735 1922 2774 ma-

348 2809 530 2864 lorum
576 2808 668 2866 ille
717 2817 928 2873 auctor,
971 2810 1122 2864 velut
1156 2809 1528 2865 avidissimam
1583 2811 1712 2865 mali
1747 2813 1926 2866 omnis

349 2901 547 2955 rudem
579 2900 635 2953 in
676 2899 875 2954 inferni
912 2901 1169 2970 laqueum
1211 2899 1467 2966 induxit;
1505 2899 1558 2955 id
1594 2900 1772 2970 ipsum
1810 2917 1928 2954 mo-

348 2994 482 3048 litus
525 3007 590 3048 ac
631 2992 905 3056 irrisores,
933 2992 1028 3062 qui
1055 3007 1180 3048 eum
1220 2991 1454 3047 rudibus
1476 2993 1666 3062 pueris
1690 2993 1924 3049 illudere

2028 547 2264 604 vetusta,
2315 557 2420 597 nec
2462 541 2662 596 decora
2709 538 3014 595 memoria:
3061 537 3259 592 sileant
3307 551 3430 607 quae
3477 538 3598 592 ﬂeri

2027 629 2182 683 nefas
2211 629 2407 685 fuerat.

2097 723 2160 777 ν.
2185 722 2326 789 Quid
2347 740 2480 779 vero
2499 723 2582 778 vir
2599 723 2686 778 ille
2703 721 2940 792 sapiens,
2953 720 3200 775 divinum
3219 718 3595 778 simulacrum,

2029 814 2219 868 mundi
2253 794 2420 884 caput
2461 814 2794 877 venerabile,
2837 821 3048 866 natura:
3071 811 3276 881 lingua,
3305 823 3470 864 sonos
3496 824 3597 862 an-

2028 904 2216 973 gelicis
2245 905 2454 960 similes
2470 905 2642 960 edens
2659 905 2890 969 cithara,
2917 913 3073 958 terra:
3105 903 3291 966 decor,
3317 900 3599 954 auditione

2029 1000 2268 1066 captus?
2310 997 2544 1053 Perinde
2584 997 2767 1052 animo
2805 997 2984 1050 elatus
3020 1003 3122 1048 est.
3150 993 3286 1060 Quis
3322 993 3471 1048 enim
3493 1007 3599 1047 no-

2029 1093 2203 1140 strum
2255 1087 2444 1156 gloria
2489 1100 2640 1156 spem
2689 1085 2923 1140 tulerit?
2968 1085 3271 1153 relictaque
3327 1082 3595 1144 veritate,

2031 1176 2194 1232 inane
2218 1187 2493 1247 speetrum
2517 1178 2802 1233 insecutus
2829 1186 2911 1233 est
2933 1195 2947 1243 ;
2975 1192 3040 1232 ac
3057 1177 3364 1232 claritatem
3384 1174 3599 1230 somnio

2031 1275 2189 1320 tenus
2221 1276 2563 1323 constantem
2601 1267 3015 1336 concupiscens,
3053 1266 3321 1321 obscurus
3341 1264 3600 1334 nullaque

2028 1355 2356 1424 conspicuus
2391 1355 2637 1410 claritate
2678 1355 2873 1410 evasit.
2903 1354 3104 1424 Atque,
3135 1363 3196 1408 ut
3223 1353 3521 1422 Scriptura:
3551 1352 3598 1383 "

2028 1446 2214 1500 verbis
2254 1461 2377 1515 quae
2416 1446 2712 1516 Scriptum
2759 1454 2888 1501 sunt
2934 1445 3190 1508 referam,
3226 1444 3496 1499 obdurato
3537 1456 3602 1496 ac

2029 1551 2174 1592 caeco
2210 1537 2392 1602 animo
2423 1538 2653 1594 effectus
2673 1547 2776 1603 est,
2804 1538 3066 1608 velutque
3098 1537 3312 1591 habena
3339 1548 3600 1606 arrogan-

2028 1625 2118 1680 tiae
2169 1636 2322 1680 actus
2366 1627 2541 1682 divini
2587 1626 2950 1682 fornicatione
3001 1625 3262 1696 praecepti
3306 1622 3598 1694 gaudebat.

2033 1714 2314 1785 Tanquam
2347 1726 2532 1772 autem
2553 1717 2654 1771 bos
2672 1717 2742 1772 ad
2759 1717 3037 1772 victimam
3059 1715 3387 1776 ducebatur,
3418 1713 3601 1767 velut-

2032 1823 2141 1877 que
2163 1824 2360 1865 cervus
2387 1810 2554 1864 inﬁxo
2571 1809 2782 1880 pectori
2802 1809 3013 1878 spiculo
3033 1807 3272 1863 saueius.
3298 1805 3451 1860 Sicut
3470 1819 3603 1858 vero

2029 1899 2148 1956 avis
2180 1900 2414 1956 festinus
2446 1903 2502 1956 in
2536 1902 2794 1972 laqueum
2831 1901 2962 1964 ibat,
3001 1915 3108 1970 qua
3140 1898 3392 1967 torpebat
3423 1895 3602 1965 negli-

2028 1991 2211 2061 gentia
2251 1992 2525 2056 nesciens,
2566 1992 2713 2062 quod
2763 1993 2839 2046 ita
2875 2000 3147 2052 curreret,
3187 1990 3313 2043 vita:
3345 1988 3398 2042 id
3424 1988 3600 2042 aleam

2027 2096 2167 2137 esse.
2193 2083 2459 2154 Namque,
2484 2092 2699 2154 gustato
2726 2083 2869 2147 cibo,
2903 2082 3274 2137 miserandum
3303 2081 3356 2134 in
3377 2079 3602 2134 modum

2028 2175 2347 2229 vulneratus
2368 2185 2471 2230 est.
2501 2175 2640 2230 Hinc
2660 2175 2828 2230 stulto
2843 2175 3072 2229 consilio
3087 2173 3352 2244 probrum
3369 2171 3599 2234 veritus,

2027 2262 2210 2333 fugam
2262 2264 2579 2328 meditatur,
2634 2280 2699 2319 ac
2743 2264 2836 2318 ubi
2874 2265 3083 2318 crimen
3124 2263 3402 2318 occultare
3428 2262 3603 2332 possit

2027 2369 2214 2408 secum
2259 2355 2462 2425 cogitat
2492 2372 2508 2420 ;
2539 2355 2655 2420 ubi,
2692 2355 2936 2425 inquam,
2966 2355 3111 2424 quod
3164 2355 3238 2408 ita
3275 2354 3455 2407 victus
3507 2352 3600 2415 sit,

2027 2447 2272 2502 dedecus
2326 2447 2598 2503 obruerit.
2662 2448 2817 2502 Haud
2874 2463 3035 2502 secus
3073 2463 3137 2501 ac
3178 2447 3271 2516 qui
3314 2446 3368 2499 in
3412 2446 3602 2516 plagas

2027 2535 2186 2605 lapsi,
2239 2536 2443 2591 frustra
2485 2551 2544 2592 se
2585 2536 2640 2590 in
2675 2551 2894 2590 onmem
2937 2543 3171 2606 partem,
3201 2550 3312 2604 quo
3348 2550 3408 2589 se
3437 2549 3602 2604 expe-

2027 2625 2201 2690 diant,
2243 2626 2511 2694 allidunt;
2559 2628 2640 2682 sic
2679 2637 2736 2681 et
2771 2627 2961 2689 Adam,
3007 2636 3232 2696 accepto
3267 2625 3602 2681 conscientia

2027 2719 2284 2782 vulnere,
2317 2719 2540 2774 beatum
2584 2720 2689 2776 loci
2734 2720 2884 2774 illius
2917 2720 3156 2774 stadium
3190 2719 3359 2774 animi
3404 2719 3603 2773 anxius

2026 2809 2518 2876 circumcursabat,
2548 2825 2612 2865 ac
2640 2825 2833 2865 eorum
2861 2825 2982 2880 quas
3007 2818 3343 2881 praesumpta
3369 2808 3604 2862 fuissent

2028 2901 2399 2957 sollicitudine
2427 2912 2755 2958 exaestuans.
2785 2901 2989 2957 Verum
3009 2901 3142 2971 quid
3166 2900 3349 2972 fugam
3373 2900 3603 2972 cogitas,

2027 3003 2192 3063 caput
2221 3009 2285 3049 ac
2321 2993 2475 3048 radix
2514 2994 2741 3050 humani
2768 2994 3034 3064 generis?
3065 2993 3202 3060 Quis
3225 3009 3352 3050 eum
3381 2994 3606 3064 effugiet

346 3081 539 3144 velint,
565 3080 845 3151 quidpiam
871 3081 987 3135 esui
1014 3090 1390 3151 comparatum
1416 3081 1772 3152 proiicieutes
1798 3100 1924 3139 cum
1953 3113 1994 3170 ο
2027 3100 2191 3155 quem
2226 3100 2390 3140 nemo
2434 3101 2674 3156 unquam
2717 3085 3016 3157 eﬂ’ugerit?
3058 3085 3194 3152 Quis
3229 3085 3604 3140 continentem

348 3171 754 3235 adhortatione,
799 3170 1201 3227 vehementiori
1256 3186 1325 3226 ex
1375 3170 1635 3226 aviditate
1679 3172 1746 3228 ad
1808 3189 1923 3228 rem

347 3263 649 3333 proiectam
671 3277 858 3327 cursu,
884 3269 1080 3332 sponte
1106 3276 1313 3332 pronos
1342 3261 1413 3317 ad
1434 3270 1636 3317 terram
1669 3262 1921 3318 allidunt.
1945 3251 1948 3254 ’

350 3351 424 3409 Ut
462 3353 648 3423 itaque
697 3352 895 3407 mulier
932 3367 1036 3408 ceu
1074 3351 1294 3408 facilior
1322 3367 1514 3407 errore
1558 3352 1786 3422 decepta
1817 3364 1921 3418 est,

349 3442 646 3512 animoque
667 3441 734 3495 ad
767 3457 830 3496 ea
851 3457 974 3510 quae
1003 3447 1327 3496 susurrante
1351 3439 1576 3496 inimico
1606 3441 1700 3496 illo
1731 3441 1923 3496 audie-

351 3543 458 3599 rat,
496 3542 581 3590 est
609 3534 750 3589 elata
778 3533 983 3604 (sermo
1012 3547 1250 3602 namque
1275 3531 1465 3586 animo
1490 3532 1800 3597 incurrens,
1823 3549 1923 3588 ceu

348 3627 477 3697 quis
519 3627 800 3691 seductor,
825 3624 1134 3680 'suadendo
1164 3639 1287 3694 quae
1333 3632 1463 3681 sunt
1487 3626 1658 3680 vetita
1680 3636 1922 3696 patrare,

348 3718 404 3773 vi
433 3720 670 3774 maxima
701 3717 892 3788 pollet)
917 3735 932 3784 ;
962 3716 1306 3772 temerariam
1332 3731 1553 3786 quoque
1587 3733 1808 3772 manum
1831 3719 1927 3772 ad-

345 3825 545 3866 versus
585 3809 934 3864 tremendum
967 3817 1302 3879 praeceptum
1341 3810 1596 3876 armavit,
1629 3811 1926 3882 cibumque
1969 3854 1974 3862 .

346 3902 584 3958 vetitum
615 3901 761 3957 haud
789 3916 948 3956 secus
973 3915 1036 3956 ac
1073 3901 1315 3972 gladium
1351 3909 1585 3973 utraque
1618 3912 1770 3973 parte
1792 3921 1925 3960 acu-

347 4006 468 4052 tum
493 3995 802 4051 visceribus
827 3994 1011 4066 adegit
1045 4013 1058 4050 :
1088 4008 1152 4050 ac
1175 4009 1340 4050 sensu
1360 3994 1636 4051 diabolico
1667 4013 1774 4052 una
1800 4012 1924 4052 cum

346 4087 500 4142 illius
530 4087 818 4142 voluntate
849 4087 1032 4156 plena,
1070 4085 1139 4141 ad
1172 4086 1356 4140 virum
1379 4087 1577 4158 pergit,
1605 4087 1817 4158 laqueis
1839 4089 1925 4142 in-

346 4185 560 4233 structa
587 4195 602 4244 ;
645 4177 1021 4246 adversusque
1045 4177 1324 4247 propriam
1359 4178 1593 4232 salutem
1615 4178 1818 4234 docens
1845 4179 1928 4233 in-

344 4269 640 4334 solescere,
693 4284 816 4338 qua:
864 4267 1005 4322 male
1054 4267 1217 4323 docta
1263 4268 1464 4333 fuerat,
1495 4270 1688 4324 mortis
1721 4279 1924 4325 sortem

343 4360 659 4432 prattendit.
698 4361 854 4425 Veni,
891 4359 1093 4429 inquit,
1123 4368 1235 4414 tota
1261 4359 1566 4424 alacritate,
1601 4360 1922 4425 vermicule,

2032 3177 2216 3232 omnia
2265 3177 2537 3232 latuerit?
2585 3197 2603 3228 ς
2649 3179 2796 3233 Deus
2837 3176 3287 3247 appropinquans
3337 3176 3606 3231 Dominus

2033 3266 2177 3321 Deus
2213 3276 2418 3333 noster,
2460 3276 2516 3322 et
2549 3282 2660 3322 non
2694 3268 2840 3322 Deus
2873 3267 2940 3322 de
2977 3267 3138 3337 longe
3165 3267 3233 3320 “.
3276 3287 3294 3319 ι
3330 3268 3471 3322 Num
3506 3267 3607 3321 ali-

2031 3359 2157 3428 quis
2207 3359 2265 3413 in
2307 3359 2540 3415 occultis
2577 3359 2886 3424 delitescet,
2928 3359 3154 3428 ipseque
3183 3374 3292 3413 non
3342 3356 3607 3412 videbit?

2031 3449 2291 3520 Nunquid
2329 3451 2527 3507 emlum
2562 3459 2621 3506 et
2655 3461 2855 3506 terram
2894 3465 3001 3505 non
3032 3450 3223 3520 implet
3252 3450 3337 3503 "?
3359 3448 3473 3505 Cur
3500 3449 3606 3504 sub

2032 3539 2162 3605 ficu,
2189 3541 2331 3597 furis
2357 3542 2532 3600 instar
2565 3540 2944 3606 absconderis,
2967 3541 3210 3612 paradisi
3239 3541 3499 3610 princeps
3523 3541 3607 3596 ci-

2032 3633 2162 3687 vis?
2205 3631 2319 3688 Cur
2359 3633 2464 3688 sub
2521 3633 2720 3689 arbore
2767 3633 2972 3698 latitas,
3003 3641 3188 3687 rector
3214 3633 3448 3687 mundi?
3471 3633 3606 3704 Age,

2030 3723 2290 3793 procede,
2334 3725 2482 3779 bono
2516 3725 2750 3780 Domino
2777 3725 3047 3780 confitens
3077 3724 3366 3780 adversum
3394 3732 3446 3779 te
3477 3739 3609 3795 pec-

2031 3824 2214 3870 catum
2263 3825 2438 3870 tuum.
2477 3815 2830 3881 Puenitentia,
2878 3815 3197 3886 propitiatio
3228 3817 3430 3884 citior;
3475 3833 3608 3889 sup-

2031 3907 2352 3977 plicatione,
2383 3907 2533 3962 salus
2555 3907 2820 3963 velocior.
2850 3909 2970 3962 Non
3005 3907 3192 3963 diﬂ‘ert
3221 3919 3480 3965 exoratus
3499 3911 3608 3964 mi—

2032 4000 2271 4054 sericors
2289 4000 2555 4054 Dominus
2605 4017 2618 4052 :
2663 4000 2816 4055 novit
2848 4001 3061 4070 erigere
3087 4015 3184 4056 eos
3215 4001 3309 4070 qui
3343 4002 3608 4059 confracti

2033 4099 2194 4157 sunt;
2223 4091 2414 4160 sicque
2441 4091 2668 4145 omnino
2691 4091 3060 4160 praestandum
3091 4101 3232 4157 erat,
3257 4107 3368 4147 non
3400 4109 3534 4148 vero
3555 4093 3604 4128 "

2032 4184 2416 4238 excusationes
2441 4183 2495 4236 in
2523 4181 2765 4252 peccatis
2790 4191 2976 4236 texere
3010 4183 3319 4252 oportebat.

2102 4275 2189 4328 Vl.
2224 4273 2365 4340 Quid
2400 4289 2533 4344 ergo
2559 4273 2626 4327 ad
2652 4272 2767 4327 haec
2818 4273 3002 4327 omnia
3034 4274 3345 4342 inspectans
3369 4275 3603 4344 iustitia,

2031 4365 2379 4420 velocissima
2410 4365 2502 4421 illa
2528 4365 2595 4420 ad
2638 4364 3094 4428 misericordiam,
3120 4375 3177 4420 et
3202 4365 3513 4420 tardissima
3533 4367 3603 4421 ad

343 4468 449 4524 per
467 4452 825 4524 mefruetum
857 4460 1240 4523 percepturus,
1262 4443 1357 4522 qui
1375 4451 1541 4506 faciat
1557 4451 1743 4507 deum.
1763 4453 1927 4510 Forte
1960 4463 2004 4519 ι)
2033 4457 2171 4511 iram
2197 4455 2220 4508 ?
2244 4456 2412 4511 Vocat
2449 4471 2575 4510 eum
2613 4455 2708 4525 qui
2747 4454 2916 4509 latere
2971 4468 3030 4508 se
3072 4453 3302 4523 putabat
3343 4463 3603 4523 tanquam

346 4544 604 4602 conditor
645 4544 850 4599 invidia
893 4545 949 4597 in
989 4558 1092 4598 nos
1127 4543 1363 4610 laboret,
1395 4543 1490 4614 qui
1521 4543 1633 4597 vim
1656 4544 1764 4600 sibi
1789 4544 1927 4600 infe-

347 4636 576 4692 rendam
607 4643 836 4700 metuat,
863 4636 909 4690 si
936 4634 1066 4690 facti
1094 4633 1365 4690 fuerimus
1393 4635 1536 4690 sicut
1561 4633 1660 4689 dii.
1699 4635 1925 4691 Frustra

344 4743 482 4784 sane
523 4744 553 4783 a
605 4729 788 4784 fructu
821 4727 1069 4783 omnium
1100 4725 1475 4797 pulcherrimo
1519 4726 1790 4783 arcendos
1819 4744 1923 4798 pu-

344 4819 504 4873 tavit.
539 4819 698 4884 Veni,
727 4819 1056 4889 diripiamus
1095 4817 1438 4883 thesaurum,
1491 4832 1596 4873 nec
1633 4819 1923 4890 quisquam

339 4911 508 4968 nobis
553 4913 782 4967 exsistat
825 4910 1135 4966 sublimior.
1198 4911 1289 4966 Sic
1337 4926 1470 4982 ergo
1498 4911 1770 4968 seducens
1803 4930 1926 4984 quae

339 5003 474 5057 dolo
522 5003 748 5059 seducta
809 5011 948 5067 erat,
1001 5018 1066 5057 ac
1117 5003 1268 5057 velut
1323 5003 1443 5057 ovis
1497 5003 1767 5067 scabiosa,
1817 5021 1923 5075 qua

343 5093 634 5149 laborabat
666 5093 848 5148 labem
881 5092 950 5148 ad
984 5107 1042 5148 se
1080 5092 1363 5147 accedenti
1394 5106 1727 5162 aspergens,
1769 5093 1926 5147 moli-

345 5181 516 5236 tionis
549 5181 760 5237 socium
785 5181 1073 5252 coniugem
1105 5179 1334 5250 accepit.
1383 5179 1484 5234 Est
1524 5180 1673 5234 enim
1723 5182 1926 5236 animal

344 5271 702 5326 dissolvendo
746 5271 852 5326 viri
891 5270 1096 5334 animo,
1141 5285 1205 5324 ac
1252 5270 1308 5323 in
1343 5284 1507 5340 quam
1547 5270 1680 5324 velit
1712 5280 1924 5340 partem

347 5361 701 5428 inclinanda,
775 5375 1040 5430 perquam
1102 5359 1381 5415 idoneum.
1431 5359 1590 5415 Absit
1637 5367 1819 5416 tamen
1870 5371 1932 5416 ut

344 5467 591 5523 unquam
642 5461 788 5508 terra
840 5451 1078 5521 amplius
1116 5451 1285 5504 Evam
1328 5451 1596 5522 producat
1631 5453 1738 5508 viri
1773 5454 1928 5509 necis

346 5548 674 5606 auctricem!
700 5546 989 5616 Nunquam
1012 5544 1152 5599 ultra
1173 5554 1426 5600 creatura
1450 5547 1738 5602 mulierem
1761 5547 1923 5602 aliam

343 5755 378 5808 ι
417 5682 461 5711 “‘
505 5682 667 5736 Eccli.
714 5696 824 5746 ιιι,
861 5678 958 5744 15;
991 5677 1103 5734 Jer.
1129 5695 1198 5746 tv,
1223 5679 1314 5760 22.
1426 5681 1472 5712 "
1495 5680 1658 5736 Marc.
1691 5697 1768 5746 ιιι,
1804 5683 1857 5736 5.

1957 5681 2004 5714 '°
2028 5683 2142 5739 Jer.
2206 5699 2335 5750 ιιιι,
2372 5682 2459 5738 23.

2032 4549 2213 4603 bonus
2261 4556 2449 4617 pastor
2488 4561 2645 4601 ovem
2685 4553 2992 4609 errantem,
3043 4543 3246 4614 datque
3293 4554 3508 4615 tempus
3547 4553 3608 4600 ut

2033 4641 2269 4710 ingenue
2295 4639 2556 4693 delictum
2599 4637 2947 4702 confiteatur,
2971 4651 3075 4691 nec
3098 4636 3283 4691 statim
3311 4637 3610 4708 exstinguit

2031 4744 2158 4784 eum
2195 4728 2290 4799 qui
2329 4729 2526 4784 mortis
2561 4727 2616 4782 in
2647 4742 2704 4782 se
2736 4726 3065 4781 sententiam
3099 4724 3435 4782 ﬁrmaverat.
3471 4725 3606 4792 Quia

2033 4831 2170 4872 vero
2210 4817 2259 4870 is
2292 4817 2386 4886 qui
2411 4816 2598 4872 delicti
2627 4832 2757 4872 reus
2789 4825 2928 4880 erat,
2957 4831 3066 4871 non
3095 4815 3162 4871 ad
3199 4815 3607 4870 lamentationis

2034 4908 2223 4969 verba,
2263 4907 2360 4963 sed
2398 4906 2772 4963 excusationis
2804 4907 3115 4976 processit;
3161 4907 3342 4975 arguit
3383 4903 3607 4973 quidem

2030 5001 2223 5054 mitius
2245 4999 2588 5053 molitionem
2613 5005 2803 5063 totam,
2833 5014 2944 5068 quo
2975 4998 3112 5052 nihil
3139 5012 3196 5050 se
3225 4997 3394 5050 latere
3417 5004 3605 5050 osten-

2029 5093 2159 5157 dat;
2193 5091 2454 5161 relinquit
2485 5105 2618 5146 vero
2644 5107 2770 5146 eum
2805 5092 2858 5145 in
2889 5091 2956 5144 iis
2977 5103 3098 5158 qua:
3132 5087 3316 5157 elegit,
3352 5087 3607 5155 paradiso

2031 5182 2260 5252 eiiciens
2287 5199 2302 5248 ;
2335 5190 2500 5251 atque
2531 5188 2800 5236 utcontra
2841 5178 3217 5233 adversarium
3248 5178 3342 5247 qui
3380 5176 3605 5246 perfuga

2031 5273 2234 5337 fuerat,
2276 5288 2402 5328 cum
2447 5271 2696 5327 molestia
2739 5271 3036 5339 depugnet,
3085 5267 3314 5332 addicit,
3364 5283 3433 5322 ne
3464 5269 3607 5323 ultra

2029 5365 2342 5420 insidiantis
2363 5374 2528 5434 caput
2547 5362 2614 5416 ad
2638 5359 3101 5431 supplautandum
3141 5359 3453 5415 subintrare
3477 5375 3605 5429 per-

2029 5457 2212 5512 mittat
2245 5473 2260 5510 :
2299 5469 2363 5509 ac
2393 5454 2614 5524 quidem
2649 5453 2770 5507 loco
2801 5461 3005 5522 paratae
3039 5452 3116 5507 illi
3153 5462 3278 5523 post
3306 5452 3455 5506 nudo
3475 5466 3607 5504 con-

2025 5549 2256 5606 veniens
2321 5554 2600 5602 certamen
2659 5545 2714 5600 in
2765 5533 3052 5614 praemium
3107 5545 3293 5609 stohe,
3341 5552 3606 5598 emortua:

2566 5681 2747 5738 "Jer.
2809 5696 2959 5747 ιιιιι,
2999 5681 3088 5736 24.
3201 5679 3247 5712 ’⁸
3304 5679 3441 5734 Psal.
3483 5692 3602 5740 CXL,
