4076 6434
534 262 672 366 “"23

1595 312 1937 368 TllEODUTl
1974 314 2277 370 EPISCOPI
2313 316 2661 372 ANCYRANI

3640 319 3778 374 Η·ὶὶ

526 422 827 479 animantis
856 422 1006 476 corio
1036 420 1307 488 induens;
1340 421 1459 475 loco
1489 429 1672 474 autem
1693 423 1833 493 ejus,
1853 422 1947 491 qui
1973 432 2095 492 post
2129 431 2168 484 Α
2198 423 2296 489 Ita,
2327 438 2532 493 quaaso,
2565 423 2669 478 hoc
2696 424 2894 478 sentite
2923 422 2978 476 in
3010 420 3188 486 vobis,
3225 420 3370 491 quod
3398 421 3681 480 modestia:
3705 426 3778 481 sit

526 510 862 568 exercitatos
906 526 1105 567 sensus
1140 510 1388 581 perfecto
1432 511 1623 565 habitu
1666 512 1943 582 repositus
1983 520 2103 565 erat

529 602 685 656 cibus
705 601 932 668 solidus,
954 600 1138 656 saeculi
1156 600 1437 655 laboribus
1460 600 1891 656 excruciandum
1918 602 2099 655 tradit.

530 696 626 750 llis
654 710 788 765 ergo
826 694 1214 764 praevaricator
1233 701 1513 765 gravatus,
1557 701 1711 748 extra
1763 693 1914 764 regia
1964 697 2102 749 atria

529 788 851 851 collocatur,
868 786 1258 842 miserandum
1288 786 1550 857 subjecta:
1570 786 1838 841 creatura:
1869 785 2103 841 aﬂerens

527 880 907 950 spectaculum
935 895 950 946 ;
995 894 1119 950 rege
1159 877 1420 933 nimirum
1444 885 1619 948 atque
1648 876 1877 947 pmside
1908 877 2102 932 vulne-

527 982 648 1026 rato
667 972 722 1026 in
748 972 887 1028 acie.
907 1027 930 1047 ,

596 1064 708 1118 VH.
742 1064 913 1118 Porro
932 1063 1049 1118 haec
1073 1063 1363 1117 audiamus
1399 1062 1496 1132 qui
1532 1062 1783 1117 veritatis
1824 1070 2103 1117 amatores

524 1170 751 1219 sumus;
786 1167 998 1223 vosque
1038 1152 1261 1223 pietatis
1284 1153 1546 1217 cultores,
1578 1150 1805 1207 auribus
1830 1152 2099 1222 pereipite

523 1259 791 1314 quantum
827 1244 900 1300 sit
948 1244 1151 1299 malum
1197 1244 1437 1300 elatione
1487 1243 1749 1313 transﬁgi.
1776 1243 2100 1309 Caveamus,

518 1337 1059 1399 t'ratres,.eaveamus
1079 1335 1182 1390 hos
1216 1334 1441 1401 imitari,
1473 1349 1614 1404 quos
1635 1348 1700 1389 ea
1723 1343 1879 1404 parte
1908 1349 2101 1405 repro-

524 1426 682 1482 batos
709 1427 904 1496 liquet.
949 1445 967 1477 ι
990 1425 1109 1480 Non
1134 1425 1258 1495 plus
1292 1424 1567 1495 sapiamus
1595 1438 1760 1493 quam
1774 1433 2099 1494 oportetsa-

522 1518 734 1588 perc”.
762 1536 884 1569 ι-ι
907 1516 1041 1572 Nam
1058 1515 1454 1587 qui-existimat
1476 1530 1537 1571 se
1564 1513 1776 1585 aliquid
1801 1498 1944 1583 esse,
1969 1530 2095 1571 cum

521 1608 657 1662 nihil
680 1608 772 1673 sit,
792 1608 905 1679 ipse
922 1624 981 1664 se
998 1608 1268 1663 seducit‘.
1294 1626 1313 1660 ι
1333 1638 1402 1648 -
1422 1626 1439 1660 ι
1464 1607 1843 1665 Humilitatem
1862 1608 2093 1664 invicem

518 1704 865 1759 insinuemus
879 1705 921 1757 ¹.
945 1721 962 1752 ι
1000 1702 1078 1757 Ne
1108 1702 1273 1758 stulte
1291 1701 1442 1758 Pauli
1460 1701 1709 1757 doctrina
1727 1700 2099 1772 reprehenda-

2203 530 2267 569 ac
2300 517 2412 570 Deo
2433 516 2714 585 placitum.
2745 514 2849 582 Qui
2885 514 3033 569 enim
3087 521 3391 584 agnoscunt
3417 515 3651 585 seipsos,
3685 531 3775 572 sa-

2203 606 2417 675 pientes
2446 615 2592 661 sunt.
2616 605 2722 672 Qui
2744 606 2836 661 illa
2854 619 3047 676 sapere
3068 604 3125 659 in
3146 605 3392 661 animum
3414 605 3772 671 induxerunt,

2203 698 2342 752 alios
2363 712 2395 752 e
2420 697 2578 753 cmlis
2607 697 2922 768 praecipites
2951 696 3089 767 egit,
3112 695 3251 752 alios
3274 711 3307 751 e
3337 696 3637 766 voluptatis
3650 697 3785 753 loco

2204 787 2471 858 relegavit
2503 805 2516 841 :
2545 787 2640 858 qui
2681 803 2813 844 vero
2840 786 3072 858 perinde
3093 801 3161 843 ac
3183 786 3442 844 Christus
3460 788 3777 843 maluerunt

2199 892 2415 949 sapere,
2440 895 2538 937 eos
2561 879 2631 936 ad
2653 879 2893 951 paradisi
2909 879 3143 949 patriam
3164 879 3505 950 postliminio
3530 889 3774 936 revocat.

2207 989 2225 1020 ι
2259 970 2386 1026 Haec
2418 971 2576 1027 vobis
2603 970 2790 1027 dicere
2821 970 2959 1025 mihi
2988 985 3100 1026 non
3136 970 3377 1042 pigrum,
3408 971 3566 1026 vobis
3587 981 3777 1026 autem

2199 1064 2569 1119 necessarium
2584 1066 2647 1118 ιι.
2669 1082 2793 1116 ι-ι
2812 1064 2993 1120 Nolite
3021 1078 3142 1119 esse
3164 1064 3467 1133 prudentes
3484 1065 3629 1135 apud
3642 1080 3779 1120 .vos-

2201 1152 2463 1223 metipsos
2492 1154 2556 1218 ",
2587 1172 2606 1207 ι
2648 1169 2827 1224 neque
2853 1169 2952 1210 vos
2972 1153 3286 1211 extendatis
3308 1154 3379 1209 ad
3408 1170 3473 1211 ea
3494 1171 3622 1226 quae
3650 1170 3776 1211 mo-

2198 1244 2331 1299 dum
2346 1245 2638 1302 excedunt.
2663 1264 2682 1298 ι
2704 1245 2972 1316 Superbis
2982 1246 3130 1302 enim
3146 1245 3413 1302 Dominus
3431 1246 3637 1302 resistit
3657 1247 3719 1292 “.
3749 1256 3773 1299 r

2196 1336 2579 1407 Obsequamur
2628 1336 3039 1407 Scripturarum
3091 1337 3361 1393 doctrinm
3407 1336 3614 1407 ubique
3658 1338 3776 1393 cla-

2198 1426 2499 1483 mantium:
2526 1426 2705 1483 Nolite
2735 1426 2956 1498 gloriari
2976 1436 3032 1482 et
3056 1427 3228 1484 nolite
3254 1427 3404 1497 loqui
3429 1427 3686 1483 sublimia
3717 1429 3777 1482 in

2198 1519 2458 1591 superbia
2506 1520 2588 1587 “;
2643 1535 2748 1576 nec
2786 1534 2969 1576 sermo
2994 1520 3381 1592 magniloquus
3405 1519 3668 1590 procedat
3700 1520 3776 1574 de

2196 1626 2293 1667 ore
2326 1620 2510 1667 vestro
2541 1611 2605 1665 η’.
2639 1610 3001 1667 Ambulemus
3034 1610 3091 1665 in
3128 1610 3331 1680 quibus
3366 1610 3540 1665 renati
3578 1625 3776 1665 sumus

2197 1719 2296 1774 per
2323 1703 2656 1775 baptismum
2704 1703 3069 1774 divinumque
3100 1702 3275 1758 sancti
3314 1717 3379 1757 ac
3408 1701 3611 1757 viviﬁci
3643 1702 3773 1772 δρί-

521 1809 630 1851 tur.
684 1796 856 1851 Nemo
880 1795 1026 1865 apud
1067 1809 1168 1849 nos
1207 1794 1263 1848 in
1294 1794 1565 1850 mendacii
1593 1768 2092 1863 verbis—glorietur,
2128 1768 2167 1823 Β
2200 1768 2339 1849 ritus
2355 1768 2679 1859 adventum,
2704 1801 2962 1862 tanquam
2978 1768 3055 1846 ex
3075 1790 3182 1845 illis
3199 1805 3229 1843 a
3251 1788 3522 1859 principio
3537 1768 3770 1851 conditi,

518 1886 1004 1957 pm'exsistcntiam
1024 1894 1152 1942 ante
1173 1898 1292 1943 eam
1316 1901 1436 1956 quae
1457 1885 1561 1941 hoc
1576 1883 1778 1940 saeculo
1791 1893 1877 1940 est
1896 1883 2097 1939 forma—

518 1977 724 2031 tionem
785 1975 892 2031 sibi
924 1976 1040 2048 ipse
1084 1977 1381 2032 asciscens.
1427 1975 1727 2030 Ludicrum
1763 1974 1916 2031 enim
1965 1989 2095 2044 gen-

515 2066 694 2123 tilium
733 2066 1045 2122 fabularum
1079 2066 1331 2131 exsistat,
1372 2080 1437 2121 ac
1469 2064 1758 2121 diabolicae
1806 2065 2095 2136 pravitatis

514 2160 721 2225 illusio,
748 2160 843 2230 qui
878 2170 1037 2215 notos
1067 2173 1198 2214 suos
1214 2159 1448 2213 obscura
1480 2158 1596 2214 haec
1620 2157 1836 2224 doceat,
1867 2159 1924 2213 in
1954 2174 2093 2229 quos

513 2261 641 2323 apte
666 2251 927 2321 scriptum
945 2259 1029 2306 est
1046 2268 1060 2304 :
1098 2270 1117 2301 ‹
1148 2249 1289 2317 Quid
1306 2248 1576 2319 superbis,
1599 2258 1745 2305 terra
1758 2256 1817 2305 et
1831 2249 1971 2304 cinis
1992 2250 2050 2305 ’ἲ
2067 2269 2085 2302 ›

514 2342 782 2399 Obsecrat
804 2343 987 2412 itaque
1014 2356 1112 2397 vos
1133 2355 1283 2395 nunc
1311 2354 1534 2410 quoque
1555 2357 1654 2411 per
1682 2355 1770 2396 me
1803 2341 1958 2397 chori
1981 2341 2091 2397 dux

510 2441 704 2490 noster
739 2443 903 2504 atque
939 2432 1239 2503 magister:
1289 2450 1307 2482 ι
1338 2431 1521 2486 Nolite
1553 2432 1839 2488 ambulare
1865 2434 2009 2489 sicut
2037 2446 2094 2491 et

512 2532 705 2596 gentes
747 2523 1036 2578 ambulant
1080 2522 1136 2576 in
1178 2522 1419 2577 vanitate
1459 2537 1660 2578 sensus
1697 2524 1804 2589 sui,
1848 2525 2093 2583 tenebris

511 2615 867 2671 obscuratum
898 2614 1167 2668 habentes
1211 2612 1585 2680 intellectum,
1629 2615 1853 2672 alienati
1901 2632 1931 2671 a
1979 2617 2091 2671 vita

510 2705 634 2769 Dei,
664 2720 764 2774 per
787 2702 1150 2775 ignorantiam
1186 2718 1308 2772 qua:
1335 2710 1420 2758 est
1449 2703 1505 2758 in
1532 2704 1662 2771 illis,
1687 2716 1915 2777 prapter
1936 2706 2093 2761 caici-

513 2803 679 2850 tatem
706 2794 891 2852 cordis
921 2793 1166 2864 ipsorum
1193 2810 1206 2847 :
1233 2793 1329 2865 qui
1359 2794 1737 2865 desperantes,
1768 2797 2093 2869 semetipsos

513 2886 863 2942 tradiderunt
886 2885 1267 2955 impudicitiae,
1304 2886 1360 2941 in
1387 2888 1766 2957 operationem
1789 2889 2089 2945 immundi-

510 2979 603 3033 tiaa
631 2977 831 3043 omnis,
867 2977 923 3032 in
975 2978 1263 3034 avaritiam
1319 2977 1359 3031 ⁸.
1400 2996 1418 3029 ι
1472 2978 1584 3034 Nos
1630 2987 1812 3034 autem
1851 2996 1962 3035 non
2016 2980 2091 3035 ita

2195 1891 2361 1953 atque
2390 1882 2446 1938 in
2479 1883 2588 1938 illis
2619 1880 3016 1952 sempiternum
3052 1887 3255 1936 statum
3294 1879 3594 1949 accepturi,
3624 1894 3775 1950 qua-

2194 1974 2300 2028 lcm
2333 1974 2555 2030 tandem
2577 1974 2725 2029 Deus
2746 1971 2919 2044 iudex
2945 1971 3226 2027 tribuerit.

2265 2063 2400 2119 Vill.
2424 2062 2583 2130 Quod
2607 2072 2792 2119 autem
2815 2077 2927 2117 non
2944 2075 3201 2117 essemus
3222 2071 3516 2130 antequam
3536 2075 3774 2130 corpora

2193 2154 2584 2219 formarentur,
2613 2151 3075 2224 quemadmodum
3103 2158 3396 2207 senserunt
3419 2151 3515 2221 qui
3543 2151 3772 2206 excide-

2196 2251 2325 2299 runt
2351 2258 2382 2299 a
2412 2243 2656 2314 pietate;
2680 2239 2914 2297 sutliciat
2942 2240 3123 2306 vobis,
3153 2239 3250 2310 qui
3281 2239 3581 2310 prudentes
3621 2239 3769 2301 sitis,

2189 2352 2316 2408 quae
2339 2335 2410 2392 ad
2430 2334 2729 2405 multiplici
2754 2333 3057 2390 certamine
3082 2333 3345 2402 inclytum
3388 2330 3492 2387 .lob
3520 2345 3772 2387 commu-

2194 2433 2280 2488 nis
2305 2431 2559 2487 utilitatis
2576 2444 2709 2500 ergo
2739 2427 2925 2493 divina
2942 2426 3161 2484 exstitit
3178 2425 3502 2496 disputatio,
3522 2425 3594 2482 ab
3616 2425 3770 2503 omni

2193 2524 2439 2579 animum
2467 2521 2706 2578 elatione
2735 2534 2995 2591 purgans,
3017 2517 3333 2587 decensque
3362 2531 3465 2572 nec
3484 2518 3770 2574 exstitisse

2194 2624 2321 2671 ante
2344 2628 2618 2671 terrenam
2635 2609 3066 2676 concretionem,
3090 2624 3195 2665 nec
3214 2609 3581 2663 humanarum
3604 2609 3769 2679 quid-

2193 2724 2358 2779 quam
2398 2721 2584 2763 rerum
2625 2704 2966 2776 cognovisse.
3024 2721 3044 2754 t
3076 2701 3179 2759 Ubi
3217 2701 3389 2766 enim,
3421 2700 3622 2771 inquit,
3643 2716 3772 2758 eras

2192 2799 2415 2870 quando
2434 2797 2708 2868 ponebam
2730 2794 3084 2851 fundamenta
3112 2801 3273 2848 terrae
3293 2792 3316 2847 ?
3340 2792 3522 2847 indica
3559 2793 3697 2848 mihi
3721 2795 3770 2848 si

2193 2890 2364 2945 habes
2402 2886 2824 2955 intelligentiam
2864 2884 2928 2943 ".
2960 2902 2980 2936 ι
3014 2885 3084 2941 At
3108 2899 3218 2940 non
3241 2882 3538 2954 respondet
3562 2883 3650 2937 vir
3673 2884 3769 2954 ju-

2192 2991 2310 3036 stus
2342 2979 2795 3050 impiissimorum
2824 2988 2977 3032 more
3023 2974 3092 3031 ad
3144 2974 3524 3046 quaestionem,
3562 2974 3659 3044 qui
3699 2990 3771 3029 ex

511 3069 807 3125 didicimus
858 3069 1139 3125 conditum
1180 3085 1300 3125 esse
1332 3070 1635 3136 hominem,
1667 3071 1894 3142 ejusque
1926 3086 2087 3141 gene-
2115 3097 2157 3154 ο
2194 3074 2285 3128 illa
2332 3072 2469 3127 sciat
2508 3085 2567 3126 se
2609 3069 2885 3140 posterius
2940 3083 3103 3139 quam
3142 3076 3287 3121 terra
3311 3066 3595 3121 conditum
3620 3081 3765 3121 esse.

508 3162 778 3216 rationem
804 3179 818 3228 ;
846 3163 942 3217 sed
965 3177 1033 3217 eo
1054 3160 1238 3227 modo,
1259 3176 1423 3231 quem
1446 3162 1597 3232 prior
1619 3162 1799 3218 Moses
1821 3164 2081 3220 narravit.

510 3251 606 3308 Sin
665 3259 848 3308 autem
900 3252 1100 3322 aliquis
1151 3251 1273 3306 falsi
1309 3251 1494 3307 Mosen
1520 3251 1819 3314 insimulet,
1854 3254 1922 3309 ad
1957 3269 2085 3308 eum

509 3343 604 3413 qui
629 3342 917 3397 oraculum
939 3341 1115 3397 edidit
1132 3342 1533 3398 convenienter
1555 3342 1808 3408 remittit,
1832 3344 1983 3399 velut
2000 3354 2086 3401 est

506 3432 890 3506 {Egyptiacum
926 3432 1063 3488 illud
1097 3432 1438 3497 scandalum,
1481 3448 1681 3504 nempe
1711 3433 1998 3506 Origenes.
2039 3435 2084 3491 0

510 3525 738 3579 multam
777 3523 1090 3578 inscitiam!
1133 3538 1168 3577 ο
1213 3522 1538 3579 immensam
1585 3524 1980 3593 impudentiam
2008 3528 2021 3581 ι
2051 3541 2085 3582 o

511 3618 821 3677 dementem
840 3613 1083 3668 animum
1104 3616 1117 3665 l
1142 3612 1417 3675 Christus,
1450 3631 1469 3663 ι
1498 3613 1593 3683 qui
1614 3622 1699 3668 est
1712 3629 1878 3684 super
1901 3616 2085 3671 omnia

510 3707 658 3762 Deus
682 3706 725 3769 ³,
762 3724 779 3755 ι
820 3703 998 3758 ﬁdelis
1016 3703 1110 3758 ille
1129 3711 1185 3757 et
1204 3719 1371 3760 verax
1386 3704 1443 3758 in
1460 3703 1716 3759 omnibus
1735 3706 2085 3764 sermonibus

507 3812 574 3851 ac
601 3794 863 3864 operibus
885 3793 999 3848 suis
1024 3794 1063 3859 °,
1083 3793 1176 3863 qui
1199 3793 1304 3849 sibi
1327 3795 1443 3864 ipse
1464 3795 1599 3851 satis
1615 3805 1700 3850 est
1723 3795 1778 3851 in
1803 3797 2080 3861 omnibus,

509 3888 658 3943 ontni
690 3887 913 3957 ilignum
969 3888 1285 3957 acceptione
1326 3895 1543 3953 testem,
1591 3887 1739 3958 quod
1785 3889 1853 3944 ad
1907 3889 2082 3959 ipsum

508 3986 740 4049 spectat,
774 3976 936 4031 Musis
968 3976 1433 4047 conscriptionem
1465 3977 1616 4043 facit,
1647 3978 2082 4050 superbiuntque

507 4070 712 4143 garruli
728 4068 979 4125 homines
993 4068 1259 4123 adversus
1275 4068 1597 4138 prephetam
1615 4078 1781 4140 atque
1797 4069 2079 4137 insultant,

507 4161 664 4233 quasi
698 4177 806 4216 non
842 4161 1085 4231 perfecto
1118 4175 1240 4231 quae
1271 4160 1511 4215 hominis
1539 4169 1701 4216 erant
1729 4162 2077 4217 narraverit!

507 4255 585 4310 Ne
634 4254 760 4323 quis
802 4268 932 4308 vero
976 4251 1094 4324 (qui
1133 4252 1330 4307 malam
1361 4251 1602 4307 radicem
1636 4252 1778 4307 stolo
1805 4251 2078 4323 sequitur)

506 4341 748 4397 oll‘endat
778 4340 1103 4409 arrogantia:
1136 4339 1361 4405 cedens,
1391 4348 1453 4394 ut
1477 4339 1717 4395 reditum
1750 4355 1815 4395 ac
1849 4339 1906 4395 in
1941 4339 2081 4396 inte-

2188 3162 2532 3219 Mendaeium
2563 3160 2764 3231 quippe
2792 3169 2919 3215 ante
2946 3161 3114 3213 Deum
3139 3174 3249 3213 non
3277 3156 3634 3228 ingredietur.
3669 3156 3768 3212 Sin

2188 3263 2370 3310 autem
2412 3262 2541 3308 ante
2568 3262 2773 3308 terram
2812 3262 2869 3305 et
2897 3267 3019 3321 qua)
3050 3260 3199 3307 terra
3238 3249 3594 3305 continentur
3627 3250 3771 3311 nihil

2190 3346 2355 3400 homo
2395 3353 2535 3409 erat,
2577 3359 2686 3399 non
2729 3358 2860 3414 ergo
2887 3343 3007 3413 pari
3038 3357 3165 3398 cum
3197 3341 3396 3396 animis
3436 3340 3770 3409 antiquitate

2186 3436 2407 3507 gaudet,
2451 3442 2726 3504 quatenus
2771 3434 2979 3488 mundo
3021 3432 3172 3502 prior
3208 3431 3513 3487 exstiterat.
3540 3430 3771 3486 Frustra

2188 3528 2353 3600 igitur
2380 3526 2589 3591 miseri,
2628 3541 2692 3583 ac
2723 3526 2816 3596 qui
2842 3526 2960 3580 haec
3005 3525 3272 3589 sentiunt,
3302 3523 3510 3579 similes
3534 3524 3770 3578 commi-

2186 3621 2475 3676 niscuntur
2489 3619 2873 3688 somniantque
2884 3615 3453 3688 procellas.Quodque
3468 3625 3771 3671 rescreata

2185 3725 2216 3764 a
2257 3710 2369 3765 Deo
2399 3724 2521 3765 non
2543 3717 2952 3765 commutentur
2992 3705 3200 3762 vicario
3232 3705 3469 3775 quodam
3511 3719 3766 3770 recursu,

2186 3801 2348 3856 [idem
2382 3799 2583 3856 astruit
2609 3799 2795 3854 divina
2828 3798 3135 3869 Scriptura,
3171 3811 3298 3853 cum
3323 3797 3405 3853 sic
3423 3796 3537 3852 ait:
3568 3814 3589 3848 ι
3617 3797 3766 3853 Prat—

2184 3899 2405 3962 ceptum
2452 3890 2659 3961 posuit,
2708 3899 2766 3945 et
2808 3904 2919 3945 non
2968 3885 3271 3959 praeteribit
3308 3887 3375 3942 ιτ.
3412 3905 3431 3939 ι
3483 3886 3608 3943 Alio
3632 3887 3769 3943 item

2185 3981 2306 4036 loco
2330 3997 2343 4034 :
2375 3999 2394 4031 ε
2413 3979 2672 4049 Nunquid
2694 3993 2833 4034 vane
2855 3977 3187 4034 constituisti
3213 3992 3403 4034 omnes
3428 3977 3572 4033 ﬁlios
3586 3976 3769 4033 homi-

2184 4087 2316 4126 num
2349 4071 2425 4124 ³⁸2
2461 4089 2481 4123 ι
2535 4069 2745 4125 Idcirco
2811 4088 2829 4122 ι
2889 4068 3223 4125 Salvatorem
3280 4075 3699 4138 exspectamus,
3738 4088 3758 4120 ι

2184 4160 2363 4230 ipsum
2387 4159 2483 4230 qui
2505 4159 2574 4214 ad
2594 4167 2839 4214 nostram
2866 4168 3118 4215 naturam
3140 4157 3561 4213 immutabiliter
3586 4159 3763 4223 venit,

2184 4250 2508 4315 Dominum,
2549 4263 2659 4304 non
2711 4247 2806 4318 qui
2855 4247 2911 4302 in
2959 4247 3175 4303 animos
3224 4246 3502 4308 restituat,
3545 4262 3649 4316 pro
3693 4261 3765 4302 eo

2181 4357 2246 4398 ac
2272 4340 2517 4397 haeretici
2546 4346 2844 4412 uagantur,
2878 4338 2972 4394 sed
3005 4357 3023 4388 ι
3050 4338 3146 4409 qui
3183 4353 3386 4408 corpus
3434 4337 3767 4394 humilitatis

505 4448 662 4503 grum
696 4432 1124 4497 restitutionem,
1156 4430 1335 4501 qualis
1362 4430 1672 4486 animorum
1699 4440 1804 4497 est,
1832 4431 1937 4486 sibi
1962 4432 2078 4502 ipse
2109 4424 2154 4480 D
2181 4436 2403 4493 nostrae,
2429 4437 2489 4482 ut
2509 4428 2588 4483 ait
2610 4441 2840 4499 magnus
2864 4426 3085 4493 Paulus,
3110 4426 3461 4498 transﬁguret
3479 4426 3765 4483 conformo

505 4522 798 4593 conlingat.
843 4522 921 4577 Nc
963 4521 1088 4592 quis
1118 4522 1319 4576 sentiat
1351 4522 1407 4575 in
1437 4521 1595 4577 vobis
1626 4524 1773 4592 quod
1812 4534 2079 4595 tyrannus

505 4616 698 4681 sensit,
732 4632 860 4673 cum
894 4632 1008 4685 prae
1036 4615 1204 4670 nimia
1236 4615 1543 4670 temeritate
1567 4615 1706 4669 dixit
1737 4615 1869 4681 Deo,
1908 4636 1926 4667 ι
1967 4617 2077 4671 Ero

505 4709 701 4764 similis
720 4707 999 4761 Altissimo
1022 4706 1064 4758 τ.
1108 4727 1124 4755 ι
1160 4706 1238 4760 Ne
1259 4707 1530 4776 germinet
1553 4707 1609 4760 in
1636 4706 1793 4761 vobis
1819 4715 2075 4777 tanquam

506 4796 661 4851 radix
689 4791 1135 4856 amaritudinis',
1160 4792 1304 4861 quod
1339 4794 1469 4847 huic
1489 4793 1666 4847 simile
1691 4793 1744 4846 iu
1773 4793 1943 4848 Adam
1977 4812 2075 4849 ex-

505 4889 664 4951 stitit,
722 4902 789 4940 eo
840 4884 986 4955 quod
1044 4898 1326 4953 arrogans,
1368 4885 1514 4953 quod
1571 4905 1588 4934 ι
1623 4885 1960 4941 abominatio
2003 4888 2077 4942 sit

506 4979 735 5034 Domino
765 4975 948 5031 omnis
995 4971 1249 5029 sublimis
1289 4973 1455 5028 corde
1487 4976 1508 5007 ⁹
1560 4991 1573 5026 :
1638 4975 1731 5029 sed
1767 4975 1871 5029 hoc
1896 4977 2078 5045 potius

498 5070 701 5124 sentite
750 5069 803 5121 in
834 5066 1009 5130 vobis,
1041 5086 1058 5117 ι
1084 5073 1341 5134 tanquam
1360 5064 1867 5128 Christianissimis,
1892 5086 1908 5117 ι
1936 5067 2081 5136 quod

500 5167 557 5213 et
581 5159 636 5212 in
671 5155 892 5213 Christo
915 5158 1044 5213 Jesu
1077 5175 1090 5209 :
1114 5155 1209 5226 qui
1232 5171 1359 5210 eum
1385 5156 1635 5212 informa
1660 5157 1755 5210 Dei
1778 5168 1944 5221 esset,
1973 5172 2078 5211 non

502 5249 748 5318 rapinam
782 5247 1082 5304 arbitratus
1123 5257 1210 5302 est
1238 5263 1361 5303 esse
1400 5264 1457 5302 se
1491 5249 1755 5318 aequalem
1794 5248 1944 5311 Deo;
1986 5248 2079 5302 sed

498 5338 856 5427 semetipsum
884 5340 1188 5393 exinanivit
1218 5339 1448 5394 formam
1480 5340 1626 5393 servi
1655 5338 1933 5409 accipiens
1964 5340 2024 5391 ‘°.
2056 5359 2071 5389 ι

569 5497 614 5529 ³³
648 5496 806 5549 Rom.
830 5510 920 5557 κη,
941 5492 995 5549 5.

501 5580 671 5627 cxuv,
708 5563 791 5617 16.
868 5564 886 5593 ⁷
913 5563 1013 5617 lsa.
1043 5580 1148 5627 xw,
1179 5568 1262 5620 Μ.
1344 5567 1364 5597 ⁸
1393 5566 1556 5620 llebr.
1594 5582 1686 5628 xu,
1720 5567 1769 5617 Pi.

440 5633 457 5651 '
501 5632 543 5664 ἐ
581 5636 734 5687 llmn.
772 5650 863 5691 xu.
902 5635 984 5686 16.
1067 5635 1108 5665 ¹⁸
1140 5636 1251 5689 .lac.
1284 5652 1356 5701 tv,
1391 5634 1452 5696 6;
1511 5636 1529 5688 l
1591 5638 1736 5690 Petr.
1797 5652 1847 5698 γ,
1892 5636 1943 5686 Ei.
2043 5635 2082 5665 ιθ

507 5702 543 5731 ⁸⁷
564 5702 702 5756 Psal.
727 5718 937 5767 cxrvru,
960 5704 1011 5759 6.
1092 5706 1133 5735 ⁸⁸
1155 5706 1291 5758 l’sal.
1326 5718 1574 5769 vaxvm,
1597 5706 1681 5760 48.

1073 5495 1282 5550 'Galat.
1307 5514 1377 5557 Vl,
1403 5497 1454 5549 5.
1534 5500 1552 5528 ²
1581 5498 1599 5550 1
1627 5499 1768 5551 Petr.
1796 5512 1845 5554 v,
1871 5497 1919 5547 :‘i.
1966 5497 1983 5524 ³
2006 5495 2169 5547 Ετοοιὶ.
2200 5512 2250 5557 x,
2279 5495 2330 5547 ε).

1078 5581 1148 5618 ιν.
1179 5568 1262 5618 14.
1344 5567 1364 5597 ⁸
1393 5566 1556 5618 llebr.
1594 5582 1686 5618 xu.
1720 5567 1769 5617 Pi.
1875 5568 1894 5595 ε’
1926 5566 2084 5618 Prov.
2123 5580 2299 5618 χχιιι-ι.
2339 5566 2369 5615 εἰ

1877 5580 1894 5595 ³
1926 5580 2084 5617 ΙἺὋν.
2123 5580 2299 5617 XXXVI.
2339 5580 2391 5615 ὖ).

2137 5605 2299 5623 .......,
2593 5605 2610 5617 .
2636 5605 2658 5617 ..

2137 5635 2153 5688 Ι
2200 5635 2329 5701 Reg.
2364 5651 2417 5697 ιι,
2448 5634 2497 5686 5.
2618 5635 2658 5665 ’⁸

1762 5707 1803 5736 ¹⁹
1828 5705 2056 5773 Philipp.
2086 5721 2159 5766 ιιι,
2191 5703 2279 5756 ⁸21.

2183 4518 2401 4589 corpori
2438 4518 2703 4574 claritatis
2740 4534 2876 4583 suae,
2912 4516 3216 4573 secundum
3246 4517 3625 4587 operationem
3650 4534 3766 4589 qua

2182 4611 2349 4665 etiam
2383 4609 2488 4666 sibi
2518 4610 2689 4680 possit
2719 4608 2991 4681 subjicere
3016 4608 3201 4663 omnia
3241 4608 3304 4674 ¹⁹,
3331 4627 3351 4661 ι
3403 4617 3463 4664 ut
3491 4624 3603 4665 non
3637 4625 3764 4665 am-

2183 4704 2330 4774 plius
2366 4717 2512 4758 mors
2553 4702 2604 4757 ei
2635 4701 2989 4767 dominetur;
3016 4714 3126 4755 non
3153 4699 3391 4771 amplius
3414 4702 3767 4771 corruptioni

2181 4795 2466 4866 subjaceat
2492 4811 2505 4860 ;
2540 4793 2751 4865 peccati
2780 4791 3123 4864 tyrannidem
3161 4793 3306 4847 ultra
3333 4807 3443 4847 non
3470 4792 3719 4862 patiatur
3748 4812 3764 4859 ;

2182 4902 2290 4942 non
2314 4886 2549 4956 amplius
2571 4886 2854 4956 passiones
2870 4885 2925 4939 in
2947 4899 3015 4939 eo
3035 4883 3340 4949 obtineant,
3362 4882 3456 4938 sed
3474 4891 3765 4939 auctorem

2184 4978 2354 5031 Deum
2401 4975 2600 5030 habeat
2642 4975 2826 5030 omnia
2864 4974 2920 5028 in
2962 4973 3218 5029 omnibus
3257 4980 3598 5044 operantem.
3633 4973 3767 5029 Haec

2179 5076 2362 5122 autem
2400 5065 2468 5120 dc
2510 5065 2578 5121 iis
2606 5066 2824 5136 loquor,
2862 5064 2956 5134 qui
2989 5063 3045 5118 in
3073 5062 3283 5134 judicio
3314 5062 3409 5118 illo
3437 5061 3766 5132 incorrupto

2179 5156 2245 5211 ad
2268 5157 2549 5211 dexteram
2581 5155 3070 5211 erunteollocandi
3101 5156 3169 5208 '°.
3204 5154 3407 5209 lterum
3435 5168 3565 5209 vero
3591 5153 3661 5208 ad
3696 5170 3765 5209 ea

2177 5265 2297 5316 qua:
2328 5258 2457 5302 sunt
2490 5248 2725 5304 instituti
2754 5262 3064 5302 sermonem
3089 5246 3436 5301 reducamus.

2249 5339 2338 5391 IX.
2400 5338 2836 5408 Appreheudens
2885 5338 3068 5407 itaque
3119 5335 3348 5391 humani
3393 5335 3485 5390 ille
3537 5336 3766 5404 generis

2413 5496 2428 5522 "
2460 5496 2775 5576 E_plie‘.s_.._tv,
2824 5495 3035 5576 l7—l9.“
3066 5496 3101 5576 _"
3136 5495 3293 5576 Itoni.
3317 5493 3485 5576 ,ιθ-ξ.
3563 5492 3584 5521 ⁸

2500 5566 2542 5596 ὀ
2592 5564 2826 5687 ΡΙιίΙὲιρ.
2887 5581 2943 5628 ιι,
3006 5564 3118 5618 5-7.
3238 5563 3278 5594 ¹¹
3314 5563 3546 5631 Philipp.
3586 5577 3666 5625 Ill,
3707 5564 3766 5620 1.

2618 5635 2658 5665 ’⁸
2757 5636 2910 5702 phes.
2949 5651 3017 5700 IV,
3044 5634 3133 5688 29.
3242 5633 3283 5663 “‘
3311 5631 3412 5686 Job
3453 5645 3677 5696 xxxvm,
3707 5636 3769 5691 4.

2382 5671 2424 5732 ιε
2448 5671 2641 5757 sm.
2682 5671 3017 5769 svras"
3615 5671 3677 5696 η
