4076 6466
318 452 457 509 H25
914 453 1199 511 llOMlLIA
1230 454 1297 511 Vl
1330 451 1398 508 IN
1436 452 1493 509 S.
1540 448 1895 506 DEIPARAM

2061 452 2129 507 ΙΝ
2166 453 2639 513 ΝΑΤΝΙΤᾹΤΕΜ
2676 456 2930 514 DOMINI.
3459 457 3603 515 («£26-

318 580 448 622 osor
462 565 655 636 procul
678 565 932 622 abactum
957 584 986 621 a
1004 565 1590 623 rcctitudmistramitc
1607 564 1906 628 hominem,
1944 568 1987 625 Α
2015 569 2111 638 qui
2145 569 2337 624 dextra
2355 572 2538 626 clarus
2570 572 2728 627 erat?
2753 570 3032 642 quomodo
3051 568 3592 634 attritusdoloribus,

317 668 485 727 atque
505 673 537 711 a
564 657 661 712 Dei
687 657 917 713 scientia
948 659 1189 715 alienum
1217 658 1497 721 eﬂ‘cctum,
1520 656 1786 712 adversus
1810 655 1906 710 de-

319 749 496 804 victos
540 747 691 803 intus
735 749 929 819 serpit,
971 757 1147 803 totum
1182 764 1341 805 suum
1365 747 1500 804 illud
1529 760 1760 803 examen
1789 754 1903 799 tra-

318 839 499 905 hens;
541 838 709 909 inque
744 839 984 910 pectoris
1029 838 1435 919 munitionibus
1479 833 1781 906 impietatis
1807 848 1903 887 ex—

321 940 528 985 tremos
556 944 724 985 sonos
748 930 901 985 velut
934 930 1079 986 tubae
1105 930 1364 999 clangore
1395 928 1503 983 late
1528 925 1720 990 edens,
1753 938 1904 979 com-

318 1021 563 1091 positum
610 1022 845 1092 potioris
872 1023 1248 1093 principatum
1281 1020 1457 1077 turbae
1474 1021 1684 1074 incerto
1699 1017 1907 1088 princi-

318 1123 449 1184 patu
497 1113 788 1181 turbavit;
829 1113 1284 1183 adulterinosque
1322 1113 1572 1168 stolones
1600 1124 1665 1165 ac
1697 1109 1908 1164 zizania

318 1207 605 1262 seminans
648 1205 706 1261 in
756 1219 890 1276 agro
915 1204 1230 1270 Dominico,
1278 1218 1402 1273 qua:
1428 1211 1641 1258 naturae
1677 1200 1908 1256 adversa

318 1305 485 1362 sunt,
544 1312 672 1353 cum
720 1296 790 1353 iis
838 1312 963 1367 quae
1016 1306 1230 1353 naturae
1280 1302 1671 1357 consentanea,
1724 1293 1909 1363 vigere

319 1389 604 1459 praecepit.
627 1388 801 1460 Cujus
835 1389 918 1444 rei
940 1404 1107 1445 causa
1133 1389 1307 1445 etiam
1322 1385 1668 1443 admirabilis
1689 1385 1911 1457 lugebat

322 1480 546 1546 Paulus,
572 1479 764 1537 dicens
792 1497 807 1534 :
842 1498 861 1532 ε
891 1479 1067 1537 Video
1087 1488 1273 1537 autem
1292 1479 1456 1535 aliam
1475 1479 1651 1548 legem
1668 1475 1725 1531 in
1740 1490 1912 1531 mem-

322 1572 443 1628 bris
477 1573 638 1639 meis,
668 1581 1067 1644 repugnantem
1090 1573 1196 1644 legi
1235 1571 1441 1627 mentis
1463 1584 1619 1635 meae,
1649 1576 1707 1623 et
1735 1568 1910 1639 capti-

320 1672 544 1719 vantem
592 1680 682 1721 me
742 1665 799 1720 in
853 1665 972 1736 lege
1014 1667 1249 1737 peccati,
1286 1682 1408 1737 quae
1439 1674 1525 1722 est
1558 1665 1614 1720 in
1650 1662 1913 1719 membris

321 1754 462 1811 meis
494 1756 637 1810 “"'.
681 1774 699 1808 ι

392 1846 462 1901 Χ.
491 1846 693 1903 Verum
728 1863 837 1902 non
872 1848 1080 1919 absque
1103 1847 1315 1904 doloris
1334 1861 1523 1913 sensu,
1550 1854 1915 1916 protoparen-

2015 659 2107 730 qui
2138 661 2279 718 bene
2322 678 2457 718 sano
2486 679 2718 734 corpore
2754 665 2913 719 erat?
2936 662 3214 734 quomodo
3241 664 3474 717 multum
3507 664 3594 717 lu—

2013 752 2229 821 gubris,
2253 753 2346 823 qui
2376 755 2605 808 multam
2627 754 3046 810 admirationem
3069 756 3345 811 habebat?
3362 772 3595 827 quoum-

2014 842 2086 898 do
2114 858 2332 899 sacrum
2363 845 2777 901 tabernaculum
2823 847 3099 902 latronum
3140 847 3343 903 factum
3376 857 3460 905 est
3494 848 3594 902 ba-

2014 934 2358 992 bitaculum?
2403 937 2680 1007 quomodo
2713 939 2809 1008 qui
2852 938 3082 1008 simplex
3135 954 3200 993 ac
3236 938 3349 993 doli
3401 953 3597 1009 expers

2014 1035 2155 1093 crat,
2211 1029 2266 1084 in
2295 1030 2585 1099 plenorum
2631 1030 2760 1085 dolo
2789 1046 2853 1085 ac
2884 1030 3351 1100 nequissimorum
3390 1045 3593 1099 caupo-

2015 1135 2142 1175 nam
2166 1120 2370 1176 cessit?
2402 1122 2680 1191 quomodo
2724 1121 2865 1177 lucis
2917 1120 3185 1176 habitatio
3243 1121 3594 1175 tenebrarum

2015 1212 2190 1268 evasit
2231 1212 2528 1283 spelunca?
2569 1213 2852 1284 quomodo
2889 1212 3159 1268 orationis
3201 1211 3400 1268 domus
3450 1210 3594 1264 ludi-

2018 1318 2174 1358 crum
2204 1304 2421 1361 exsistit
2446 1305 2758 1361 theatrum?
2794 1304 3076 1376 quomodo
3106 1302 3449 1359 canticorum
3478 1302 3599 1355 tha~

2019 1396 2196 1450 lamus
2242 1397 2522 1451 latronum
2556 1411 2852 1452 commune
2879 1394 3060 1450 evasit
3084 1391 3430 1464 hospitium?
3461 1407 3599 1460 quo~

2019 1484 2185 1540 modo
2212 1485 2309 1555 qui
2340 1492 2527 1541 rectus
2560 1492 2680 1540 erat
2713 1483 2900 1550 corde,
2932 1483 3118 1538 animo
3149 1479 3357 1552 duplici
3409 1478 3607 1534 stetit?

2020 1577 2300 1648 quomodo
2319 1577 2620 1647 quidivino
2642 1577 2989 1647 mancipatus
3028 1576 3164 1647 juri,
3183 1575 3252 1630 ab
3275 1571 3607 1629 adversariis

2021 1667 2336 1738 decipitur?
2361 1668 2640 1738 quomodo
2667 1668 2760 1737 qui
2785 1667 2854 1722 ad
2878 1666 2975 1722 Dei
3006 1666 3302 1737 imaginem
3336 1664 3607 1719 formatus

2020 1766 2162 1825 erat,
2182 1759 2450 1831 jumentis
2486 1767 2836 1829 comparatus
2875 1766 2959 1812 est
2989 1765 3153 1827 atque
3176 1755 3259 1811 eis
3280 1753 3477 1809 similis
3529 1753 3610 1807 cf-

2022 1849 2298 1905 l'ectus“?
2343 1847 2624 1919 quomodo
2671 1848 2767 1918 qui
2822 1846 2891 1902 ad
2922 1845 3165 1902 divinam
3195 1844 3451 1900 conditus
3490 1850 3610 1897 erat

322 1940 397 1993 tis
438 1945 729 2009 stuporem
774 1939 929 1994 illum
971 1939 1210 1996 transire
1241 1939 1382 1995 fere.
1427 1938 1733 1994 Commune
1763 1937 1914 1994 enim
1948 1924 1989 1984 Β
2017 1942 2332 2013 imaginem,
2363 1942 2593 1997 vanitati
2625 1940 2823 1996 similis
2844 1940 3022 1995 factus
3044 1938 3190 1994 est”
3209 1937 3232 1990 ?
3264 1937 3441 2005 Atque
3490 1935 3611 1989 haec

321 2030 551 2094 malum.
592 2028 845 2100 adeoque
882 2030 1197 2086 communis
1231 2030 1435 2086 luctus.
1471 2028 1684 2085 ldeil‘eo
1717 2043 1913 2084 sensus
2015 2034 2242 2105 quidem
2269 2049 2440 2104 pauca
2456 2031 2707 2103 quaedam
2738 2040 2964 2097 nostra;
2994 2046 3116 2101 qua:
3147 2044 3277 2083 vero
3310 2027 3604 2082 adversum

318 2118 510 2176 cordis
545 2119 659 2176 mei
690 2119 904 2191 depasti
937 2130 1089 2176 sunt.
1129 2120 1490 2191 Emergentes
1517 2120 1769 2191 lacrymae
1791 2133 1912 2174 ser-
2013 2141 2137 2192 nos,
2166 2125 2389 2181 brevior
2414 2122 2596 2179 omnis
2621 2122 2823 2189 oratio,
2860 2137 3029 2193 quam
3056 2129 3118 2176 ut
3132 2134 3391 2175 enarrare
3409 2118 3603 2189 possit.

320 2211 506 2267 mellis
537 2226 763 2268 cursim!
805 2210 1168 2268 interemant.
1212 2211 1451 2268 Necesse
1487 2211 1636 2267 enim
1656 2219 1744 2266 εει
1773 2224 1913 2280 Pall-
2010 2217 2148 2275 Cum
2179 2216 2327 2273 enim
2351 2215 2511 2271 multi
2541 2216 2715 2272 multa
2746 2212 3154 2286 sugillaverint,
3183 2210 3477 2267 certamini
3522 2219 3605 2264 ta-

328 2301 412 2358 cis
434 2303 753 2360 meminisse
774 2319 971 2361 eorum
1004 2318 1128 2375 qua:
1157 2304 1322 2360 nobis
1352 2303 1534 2359 tristia
1568 2303 1911 2366 acciderunt,

322 2409 437 2465 quo
488 2396 685 2467 majori
725 2395 1040 2461 desiderio,
1083 2395 1522 2467 impensiorique
1552 2394 1911 2467 gratitudine,

324 2494 387 2541 ut
416 2486 471 2541 in
510 2486 859 2558 longioribus
882 2487 1094 2543 morbis
1116 2488 1233 2545 fere
1262 2487 1489 2554 accidit,
1521 2495 1737 2558 partam
1763 2493 1917 2557 post-

322 2575 430 2631 hac
482 2576 701 2632 Domini
752 2577 809 2632 in
855 2593 962 2634 nos
1003 2579 1215 2650 pietate
1275 2580 1511 2636 salutem
1554 2578 1913 2650 aspiciamus.

320 2665 570 2739 Lugubri
610 2669 797 2740 itaque
832 2670 1059 2740 planctu
1097 2686 1221 2741 quae
1258 2680 1389 2728 sunt
1418 2672 1549 2729 Ade:
1579 2672 1914 2739 recolamus,

323 2766 387 2813 ut
431 2759 502 2815 iis
533 2775 658 2830 quae
686 2759 894 2817 Christi
923 2763 1193 2819 laetemur.
1224 2764 1555 2836 Plangamus
1582 2762 1917 2818 condemna-

324 2847 556 2913 tionem,
596 2854 658 2904 ut
683 2847 899 2904 festivis
938 2850 1159 2920 gaudiis
1193 2850 1542 2906 celebremus
1569 2848 1919 2921 iustiﬁcatio-

323 2955 473 2995 nem.
519 2940 830 3011 Lugeamus
878 2943 1090 3013 peccati
1132 2942 1466 3009 mercedem,
1497 2949 1560 2998 ut
1590 2942 1782 3015 gratia:
1817 2941 1917 2997 do-

323 3033 415 3088 nis
457 3032 514 3088 in
558 3033 895 3090 hilaritatem
940 3035 1558 3091 vertamur.Ploremus
1601 3049 1813 3100 casum,
1853 3041 1920 3089 ut

322 3125 752 3182 resurrectionis
794 3127 1138 3184 excellentiis
1185 3127 1510 3199 gloriemur,
1557 3127 1920 3198 quemadmo—

323 3218 459 3274 dum
486 3219 565 3274 ait
582 3220 883 3276 Dominus:
918 3240 938 3272 σ
963 3221 1119 3276 Beati
1141 3222 1239 3292 qui
1262 3222 1472 3294 lugent,
1502 3222 1765 3293 quoniam
1802 3221 1907 3292 ipsi

321 3310 761 3368 consolabuntur
773 3311 841 3366 ".
860 3331 880 3364 ι
905 3313 1042 3380 Heu,
1067 3313 1249 3368 anima
1267 3317 1427 3368 meat
1446 3312 1735 3384 obstupuit
1755 3327 1910 3367 nam-

324 3418 436 3474 que
465 3405 689 3471 caelum,
727 3404 1131 3476 exhorruitque
1159 3414 1330 3468 terra,
1372 3405 1454 3459 sic
1493 3413 1720 3474 repente
1751 3404 1917 3474 primi

325 3496 578 3565 parentis
627 3496 795 3553 rebus
832 3497 1159 3552 immutatis.
1185 3496 1423 3551 Luctum
1467 3496 1548 3550 sol
1598 3493 1916 3565 assumpsit,

327 3603 456 3643 cum
484 3587 672 3643 divina
697 3605 862 3645 manu
909 3589 1205 3645 formatum
1232 3603 1373 3660 opus
1413 3586 1621 3643 diaboli
1657 3586 1919 3643 ell'ectum

327 3677 634 3734 ludibrium
694 3678 930 3736 videret.
988 3679 1244 3736 Tristatae
1309 3686 1440 3736 sunt
1493 3691 1619 3748 qua:
1674 3677 1919 3734 amicitia

323 3768 532 3840 juncta:
556 3779 717 3827 erant
748 3770 1010 3837 virtutes,
1050 3771 1430 3842 inexspectata
1476 3768 1569 3824 illa
1591 3769 1917 3827 mutatione.

328 3859 628 3927 Quomodo
649 3860 1044 3932 deplorandus,
1059 3862 1153 3933 qui
1178 3862 1449 3918 inoﬂ'ensa
1480 3861 1747 3919 felicitate
1770 3860 1919 3918 frue-

330 3949 538 4006 batur?
560 3954 840 4022 quomodo
892 3954 1214 4022 ineclebris,
1252 3955 1347 4026 qui
1378 3954 1623 4012 nominis
1669 3954 1922 4012 claritate

331 4043 671 4113 praestabat?
700 4044 982 4115 quomodo
1020 4045 1145 4101 sine
1203 4045 1440 4113 honore,
1470 4046 1568 4117 qui
1618 4047 1674 4102 in
1712 4046 1921 4103 honore

331 4132 495 4187 erat?
521 4134 800 4203 quomodo
854 4134 1128 4203 inﬁrmus,
1150 4136 1246 4207 qui
1289 4137 1535 4208 potens?
1563 4137 1843 4207 quomodo
1866 4137 1922 4192 in

331 4231 582 4294 peccato,
607 4225 702 4294 qui
722 4226 942 4296 justus?
977 4227 1257 4296 quomodo
1305 4227 1362 4282 in
1420 4229 1710 4295 servitute,
1734 4228 1831 4299 qui
1852 4228 1922 4282 li-

335 4315 550 4371 bertate
592 4317 874 4387 pollebat?
903 4318 1182 4388 quomodo
1212 4318 1503 4388 tyrannide
1555 4319 1919 4390 mancipatus,

332 4407 430 4477 qui
465 4416 661 4477 potens
688 4410 842 4465 erat?
877 4409 1158 4480 quomodo
1188 4409 1324 4465 vitio
1346 4410 1669 4477 obstrictus,
1713 4410 1809 4482 qui
1834 4411 1921 4466 in-

332 4514 541 4554 nocens
564 4502 719 4556 erat?
758 4501 1036 4571 quomodo
1073 4501 1193 4557 sine
1227 4500 1445 4567 ordine,
1480 4502 1577 4573 qui
1616 4502 1923 4574 composito

2014 2324 2141 2365 men
2168 2308 2409 2380 impares
2434 2309 2788 2372 exstiterunt,
2814 2305 3119 2377 prophetae,
3148 2304 3303 2376 justi,
3330 2301 3604 2357 historici.

2013 2400 2128 2457 Nec
2168 2415 2303 2456 vero
2328 2399 2623 2471 quisquam
2666 2399 2840 2454 Deum
2885 2394 3165 2452 existimet
3207 2395 3477 2449 malorum
3505 2410 3604 2447 au-

2015 2502 2247 2548 ctorem.
2294 2491 2427 2564 Ejus
2468 2490 2620 2546 enim
2662 2489 2756 2559 qui
2804 2485 3056 2543 criminis
3106 2501 3237 2541 reus
3289 2492 3448 2539 actus
3496 2489 3619 2545 est,

2013 2599 2177 2640 causa
2226 2571 2573 2640 exsistit'ab
2626 2582 2777 2638 omni
2832 2579 3097 2636 immunis
3153 2578 3410 2641 crimine,
3465 2576 3614 2630 sicut

2013 2677 2283 2747 scriptum
2308 2684 2421 2731 est:
2458 2693 2477 2726 ί
2505 2676 2651 2731 Deus
2684 2680 2918 2730 mortem
2942 2688 3057 2727 non
3080 2669 3233 2735 fecit,
3256 2682 3361 2723 nec
3390 2667 3607 2721 laetatur

2013 2768 2071 2823 in
2093 2767 2407 2839 perditione
2430 2766 2713 2822 virorum:
2739 2765 2894 2836 impii
2923 2772 3109 2819 autem
3132 2759 3388 2815 manibus
3411 2766 3467 2813 et
3482 2773 3605 2811 ver--

2014 2859 2102 2915 bis
2116 2858 2628 2915 accersierunteam
2645 2857 2713 2910 ’³.
2746 2876 2764 2907 ι
2782 2854 3155 2923 Quamobrem
3178 2849 3395 2906 infenso
3421 2847 3609 2902 animo

2013 2960 2175 3008 erant
2196 2950 2459 3007 caelicolae
2486 2947 2545 3004 in
2572 2947 2880 3019 terrigenas
2902 2946 2999 3017 qui
3028 2945 3097 3000 ad
3121 2943 3317 2998 vitium
3349 2938 3612 3010 impcgis-

2015 3050 2169 3109 sent;
2198 3048 2535 3110 terrenaque
2560 3045 2820 3094 creatura
2841 3052 2952 3092 non
2983 3036 3182 3091 volens
3220 3032 3467 3103 subjecta
3496 3034 3616 3084 erat

2016 3130 2243 3188 humani
2288 3129 2511 3201 generis
2537 3127 2794 3193 vanitati,
2836 3134 2898 3183 ut
2931 3125 3155 3181 divinus
3206 3122 3503 3194 Apostolus
3532 3119 3613 3174 lo-

2015 3223 2206 3294 quitur
2230 3221 2299 3286 ",
2327 3219 2422 3276 sed
2451 3228 2682 3290 propter
2703 3234 2832 3273 eum
2859 3217 2955 3287 qui
2983 3215 3313 3286 subiecisset
3338 3213 3393 3268 in
3419 3228 3621 3281 exspe-

2018 3313 2261 3369 ctatione
2293 3312 2414 3382 ejus
2464 3308 2758 3374 libertatis,
2800 3323 2923 3378 qua:
2964 3306 3260 3362 videbatur
3288 3305 3345 3359 in
3390 3319 3485 3374 spe
3527 3319 3611 3357 rc-

2018 3405 2218 3476 posita.
2259 3403 2466 3459 Verum
2518 3401 2792 3457 hactenus
2835 3416 2957 3471 quae
3004 3396 3289 3454 deteriora
3338 3405 3491 3461 sunt,
3547 3412 3617 3450 ne

2020 3512 2146 3553 cum
2202 3496 2322 3551 lana
2366 3494 2489 3550 dies
2539 3492 2808 3558 illuxcrit,
2832 3491 2985 3564 justo
3018 3489 3260 3561 amplius
3294 3502 3458 3543 aures
3495 3503 3616 3558 gra-

2019 3603 2234 3653 vemus,
2297 3585 2616 3643 refricando
2664 3600 2731 3641 ea
2797 3600 2919 3656 qua:
2971 3580 3281 3639 molestiam
3333 3580 3613 3651 ingerunt.

2020 3682 2103 3738 Ad
2158 3682 2213 3737 id
2272 3696 2405 3753 ergo
2460 3679 2609 3752 quod
2657 3686 2818 3750 urget
2870 3693 2934 3734 ac
2990 3674 3234 3732 instituti
3291 3681 3399 3739 est,
3455 3687 3614 3728 accc—

2020 3773 2242 3829 damus.

2095 3864 2188 3920 XI.
2213 3864 2351 3932 Quia
2388 3879 2523 3936 ergo
2547 3862 2755 3919 diaboli
2812 3863 2867 3917 in
2906 3876 3009 3916 nos
3035 3857 3285 3932 tyrannis
3331 3854 3635 3912 obtinebat»

2025 3956 2512 4029 grassabaturque,
2541 3972 2607 4012 ac
2638 3954 2878 4011 animam
2906 3969 3151 4019 omnem,
3178 3967 3305 4007 cum
3338 3966 3502 4006 nemo
3531 3949 3613 4003 vi-

2027 4048 2091 4104 tii
2128 4064 2352 4105 cursum
2399 4048 2655 4103 inhibere
2706 4054 2932 4118 posset,
2976 4044 3230 4102 servituti
3291 4040 3613 4107 addicebat;

2026 4141 2235 4212 placuit
2284 4141 2671 4213 potentissimo
2720 4155 2785 4195 ac
2826 4136 3238 4208 sapientissimo
3276 4150 3461 4190 rerum
3514 4134 3617 4188 Do-

2027 4233 2199 4296 mino,
2260 4243 2321 4288 ut
2366 4241 2626 4302 tanquam
2676 4229 2921 4301 Optimus
2966 4227 3217 4284 medicus
3269 4225 3636 4280 inﬁrmorum.

2025 4320 2397 4377 visitationem
2429 4321 2485 4376 in
2508 4320 2785 4392 adjutorio
2806 4328 3123 4391 Opportune
3142 4325 3395 4390 poneret,
3430 4331 3493 4371 ac
3518 4331 3639 4387 per

2026 4425 2148 4466 eam
2173 4413 2346 4482 ipsam
2389 4420 2644 4467 naturam
2677 4396 2802 4481 qua:
2835 4409 3177 4481 nequissimo
3209 4408 3616 4467 succubuisset.

2022 4520 2124 4560 sua
2164 4503 2221 4559 in
2267 4520 2390 4560 eam
2425 4504 2809 4570 inclinatione,
2843 4502 3227 4558 adversarium
3277 4500 3400 4572 ejus
3442 4515 3618 4569 expu—

332 4591 534 4648 ordine
593 4593 902 4664 gaudebat?
961 4592 1239 4663 quomodo
1305 4593 1518 4649 tristem
1569 4593 1743 4648 vitam
1787 4594 1919 4666 agit,
1955 4625 2000 4681 D
2027 4606 2243 4668 gnaret,
2271 4596 2435 4667 eique
2478 4596 2784 4667 subigeret,
2810 4595 2955 4651 sicut
2979 4594 3249 4665 scriptum
3276 4600 3397 4647 est:
3434 4612 3451 4640 σ
3484 4590 3620 4646 Nam

331 4686 430 4757 qui
454 4686 673 4742 beatam
723 4685 1002 4742 ducebat?
1029 4685 1305 4757 quomodo
1336 4685 1392 4740 in
1429 4695 1630 4751 morte,
1663 4687 1760 4757 qui
1815 4688 1922 4743 im-

333 4777 587 4833 mortalis
612 4777 773 4833 erat?
796 4777 1076 4847 quomodo
1120 4776 1465 4848 corruptioni
1503 4777 1778 4845 addictus,
1826 4779 1923 4851 qui

333 4885 366 4924 a
402 4869 1048 4939 corruptione—immunis
1073 4869 1309 4940 agebat?
1336 4869 1615 4940 quomodo
1631 4869 1687 4924 in
1705 4870 1919 4933 dolore,

332 4962 430 5034 qui
459 4961 707 5033 jucunde
745 4962 931 5018 animo
973 4962 1126 5017 erat?
1148 4961 1427 5032 quomodo
1480 4961 1536 5017 in
1584 4962 1919 5029 calamitate,

2031 4687 2181 4759 quod
2236 4687 2578 4758 impossibile
2615 4695 2738 4741 erat
2774 4685 2904 4757 legi,
2951 4686 3008 4741 in
3064 4700 3178 4756 quo
3232 4683 3618 4740 inﬁrmabatur

2030 4793 2131 4849 per
2160 4794 2406 4843 carnem,
2458 4779 2605 4834 Deus
2640 4777 2840 4832 Filium
2874 4791 3037 4832 suum
3068 4775 3298 4831 mittens
3326 4774 3381 4830 in
3421 4774 3621 4829 simili-

2032 4870 2279 4925 tudinem
2327 4870 2513 4926 carnis
2563 4869 2799 4941 peccati,
2848 4875 2907 4926 et
2955 4868 3024 4926 de
3066 4875 3295 4941 peccato
3342 4866 3623 4922 damnavit

2030 4971 2320 5033 peccatum
2350 4962 2407 5019 in
2438 4977 2605 5019 carne
2640 4964 2707 5018 ’⁸.
2748 4983 2767 5015 ι
2814 4962 3049 5031 Quando
3079 4977 3213 5032 ergo
3236 4959 3389 5015 venit
3439 4956 3621 5029 pleni-

332 5052 431 5124 qui
453 5052 604 5108 nulla
623 5067 758 5107 cura
785 5061 1044 5124 gravatus
1069 5051 1228 5108 erat?
1267 5051 1547 5122 quomodo
1595 5051 1931 5108 verecundia
2024 5054 2160 5111 tudo
2188 5055 2478 5126 temporis,
2510 5063 2841 5127 tempusque
2875 5055 3012 5110 illud
3037 5051 3271 5123 appetiit
3304 5064 3415 5120 quo
3472 5049 3625 5104 Deus

334 5143 653 5214 probroque
678 5142 958 5209 laborans,
988 5142 1084 5214 qui
1116 5141 1319 5199 ﬁducia
1342 5141 1623 5213 pollebat?
1648 5142 1931 5213 quomodo
2024 5148 2412 5219 propitiandos
2458 5155 2615 5214 erat;
2645 5155 2761 5202 tum
2788 5161 3011 5217 quoque
3058 5142 3355 5198 manifesto
3398 5139 3621 5211 prodita

330 5233 537 5290 studiis
561 5234 796 5300 divisus,
824 5235 919 5305 qui
937 5235 1164 5305 quietus
1183 5234 1340 5289 erat?
1363 5235 1644 5305 quomodo
1669 5235 1800 5291 odio
1829 5236 1930 5292 ha-
2023 5244 2155 5293 sunt
2185 5236 2430 5292 remedia
2477 5252 2576 5306 per
2611 5250 2739 5290 eum
2772 5237 2873 5305 qui
2896 5240 3092 5305 potens
3148 5239 3255 5297 est,
3287 5230 3355 5285 de
3382 5230 3618 5302 quojam

329 5320 508 5389 bitus,
531 5323 629 5395 qui
651 5339 867 5381 summe
879 5323 1269 5381 desiderabilis
1293 5333 1416 5381 erat
1429 5326 1453 5380 ?
1468 5326 1749 5397 quomodo
1770 5342 1921 5395 reus,

334 5414 431 5485 qui
464 5423 586 5472 erat
602 5417 821 5488 justus?
841 5415 1121 5491 quomodo
1155 5415 1326 5471 malas
1349 5416 1504 5473 alens
1533 5418 1921 5490 cogitationes,

2033 5336 2160 5385 ante
2192 5328 2518 5400 prophetico
2552 5326 2779 5384 oraculo
2829 5326 3189 5398 praedicatum
3213 5333 3367 5380 erat:
3404 5343 3423 5376 ι
3455 5324 3623 5379 Posui

2031 5421 2372 5494 adjutorium
2404 5421 2460 5475 in
2486 5429 2712 5490 potente
2727 5420 2794 5473 ".
2832 5437 2851 5471 ι
2878 5420 2987 5474 Pro
3017 5417 3147 5472 mali
3193 5416 3341 5472 enim
3393 5423 3621 5473 auctore

336 5508 433 5579 qui
473 5508 649 5573 bonis,
682 5510 1044 5565 assueverat?
1072 5509 1352 5580 quomodo
1409 5510 1464 5566 in
1512 5511 1715 5582 pmnis,
1768 5513 1929 5584 cujus
2023 5512 2270 5569 dracone
2298 5510 2393 5581 qui
2421 5509 2628 5565 mundo
2657 5508 2836 5566 tristia
2868 5507 3192 5575 invexisset,
3220 5508 3406 5564 laetum
3432 5505 3621 5579 gaudii

335 5606 460 5656 erat
491 5601 638 5673 juris
662 5608 724 5655 ut
766 5600 945 5671 poenis
987 5600 1608 5672 addiceret?quomodo
1656 5603 1713 5667 in
1757 5604 1927 5671 bello,

337 5691 435 5761 qui
465 5708 657 5763 pacem
677 5692 952 5750 habebat?
968 5692 1247 5765 quomodo
1267 5693 1493 5752 sinistra
1521 5695 1736 5754 laborat
1762 5698 1928 5767 fama,

425 5827 542 5859 ’Μ’
571 5829 728 5883 llom.
753 5845 847 5893 vn,
872 5828 961 5885 25.

337 5892 428 5952 20.
535 5899 579 5928 υ
603 5898 721 5954 Ibid
754 5940 766 5964 ,
804 5899 853 5953 5.

955 5902 997 5933 ²⁹
1044 5900 1180 5956 l‘sal.
1215 5916 1465 5967 I..\.\xvm,
1496 5904 1582 5958 20.

2026 5604 2285 5661 nuntium
2318 5602 2504 5657 ferens
2522 5601 2890 5673 archangelus
2913 5600 3202 5657 Dominico
3224 5616 3255 5657 e
3289 5599 3445 5655 cmlis
3464 5597 3622 5669 praeit

2026 5695 2360 5753 descensui:
2397 5692 2630 5765 ejusque
2674 5693 2819 5761 loco,
2875 5694 2973 5766 qui
3024 5692 3274 5763 rapinam
3316 5691 3624 5746 arbitratus

1061 5829 1103 5913 ξ³
1145 5829 1336 5913 lliatth.
1366 5848 1418 5897 v,
1452 5832 1559 5913 5.”
1585 5834 1627 5866 “
1653 5836 1792 5892 P531.
1826 5854 1915 5893 xu

2050 5837 2131 5894 15.
2214 5841 2255 5870 ³³
2284 5840 2422 5896 l‘sal.
2462 5856 2639 5907 (.xtlll,
2665 5841 2722 5898 ιτ
2796 5841 2840 5874 ³⁸
2872 5840 2997 5913 Sap.
3023 5855 3059 5904 ι,
3086 5838 3166 5894 1³5.
3248 5835 3288 5865 ’⁷
3323 5833 3476 5887 llum.
3505 5847 3637 5898 “ut.
