  <div class='ocr_page' id='page_1' title='image "/cluster/home/n/w/nwhite01/storage/ocr_20150623/77:no.10/coo.31924054869783/721.png"; bbox 0 0 4076 6442; ppageno 0'>
   <div class='ocr_carea' id='block_1_1' title="bbox 483 439 615 494">
    <p class='ocr_par' dir='ltr' id='par_1_1' title="bbox 483 439 615 494">
     <span class='ocr_line' id='line_1_1' title="bbox 483 439 615 494; baseline -0.015 0"><span class='ocrx_word' id='word_1_1' title='bbox 483 439 615 494; x_wconf 65' lang='grc'><strong>1427</strong></span> 
     </span>
    </p>
   </div>
   <div class='ocr_carea' id='block_1_2' title="bbox 1563 433 2635 492">
    <p class='ocr_par' dir='ltr' id='par_1_2' title="bbox 1563 433 2635 492">
     <span class='ocr_line' id='line_1_2' title="bbox 1563 433 2635 492; baseline 0.001 -2"><span class='ocrx_word' id='word_1_2' title='bbox 1563 434 1907 490; x_wconf 79' lang='grc' dir='ltr'><strong>ΤΗΕΟΒΟἸΊ</strong></span> <span class='ocrx_word' id='word_1_3' title='bbox 1948 433 2253 492; x_wconf 82' lang='lat' dir='ltr'><strong>EPISCOPI</strong></span> <span class='ocrx_word' id='word_1_4' title='bbox 2292 437 2635 492; x_wconf 72' lang='lat' dir='ltr'><strong>ANCYRANI</strong></span> 
     </span>
    </p>
   </div>
   <div class='ocr_carea' id='block_1_3' title="bbox 3585 443 3725 498">
    <p class='ocr_par' dir='ltr' id='par_1_3' title="bbox 3585 443 3725 498">
     <span class='ocr_line' id='line_1_3' title="bbox 3585 443 3725 498; baseline -0.014 0"><span class='ocrx_word' id='word_1_5' title='bbox 3585 443 3725 498; x_wconf 69' lang='grc' dir='ltr'><strong>μιὶὸ</strong></span> 
     </span>
    </p>
   </div>
   <div class='ocr_carea' id='block_1_4' title="bbox 478 549 3724 623">
    <p class='ocr_par' dir='ltr' id='par_1_4' title="bbox 478 549 3724 623">
     <span class='ocr_line' id='line_1_4' title="bbox 478 549 3724 623; baseline 0.002 -17"><span class='ocrx_word' id='word_1_6' title='bbox 478 559 624 606; x_wconf 88' lang='lat' dir='ltr'><strong>esset</strong></span> <span class='ocrx_word' id='word_1_7' title='bbox 665 565 785 606; x_wconf 89' lang='lat' dir='ltr'><strong>esse</strong></span> <span class='ocrx_word' id='word_1_8' title='bbox 813 549 1075 620; x_wconf 80' lang='lat' dir='ltr'><strong>:cqualem</strong></span> <span class='ocrx_word' id='word_1_9' title='bbox 1104 551 1214 605; x_wconf 87' lang='lat' dir='ltr'><strong>Deo</strong></span> <span class='ocrx_word' id='word_1_10' title='bbox 1231 549 1298 615; x_wconf 76' lang='grc' dir='ltr'><strong>³ο,</strong></span> <span class='ocrx_word' id='word_1_11' title='bbox 1334 551 1428 620; x_wconf 87' lang='lat' dir='ltr'><strong>qui</strong></span> <span class='ocrx_word' id='word_1_12' title='bbox 1458 561 1658 606; x_wconf 87' lang='lat' dir='ltr'><strong>natura</strong></span> <span class='ocrx_word' id='word_1_13' title='bbox 1688 552 1832 606; x_wconf 85' lang='lat' dir='ltr'><strong>Deus</strong></span> <span class='ocrx_word' id='word_1_14' title='bbox 1883 560 2046 621; x_wconf 87' lang='lat' dir='ltr'><strong>atque</strong></span> <span class='ocrx_word' id='word_1_15' title='bbox 2079 555 2122 610; x_wconf 82' lang='lat' dir='ltr'><strong>A</strong></span> <span class='ocrx_word' id='word_1_16' title='bbox 2149 553 2393 623; x_wconf 87' lang='lat' dir='ltr'><strong>inquam.</strong></span> <span class='ocrx_word' id='word_1_17' title='bbox 2449 565 2505 609; x_wconf 90' lang='lat' dir='ltr'><strong>et</strong></span> <span class='ocrx_word' id='word_1_18' title='bbox 2561 555 2967 620; x_wconf 89' lang='lat' dir='ltr'><strong>benedictione,</strong></span> <span class='ocrx_word' id='word_1_19' title='bbox 3027 572 3126 611; x_wconf 89' lang='lat' dir='ltr'><strong>ceu</strong></span> <span class='ocrx_word' id='word_1_20' title='bbox 3182 557 3410 612; x_wconf 85' lang='lat' dir='ltr'><strong>floribus</strong></span> <span class='ocrx_word' id='word_1_21' title='bbox 3459 571 3724 612; x_wconf 84' lang='lat' dir='ltr'><strong>coronam</strong></span> 
     </span>
    </p>
   </div>
   <div class='ocr_carea' id='block_1_5' title="bbox 480 642 2048 714">
    <p class='ocr_par' dir='ltr' id='par_1_5' title="bbox 480 642 2048 714">
     <span class='ocr_line' id='line_1_5' title="bbox 480 642 2048 714; baseline 0 -18"><span class='ocrx_word' id='word_1_22' title='bbox 480 642 761 706; x_wconf 81' lang='lat' dir='ltr'><strong>Dominus,</strong></span> <span class='ocrx_word' id='word_1_23' title='bbox 787 657 988 713; x_wconf 73' lang='lat' dir='ltr'><strong>praeses</strong></span> <span class='ocrx_word' id='word_1_24' title='bbox 1026 651 1328 713; x_wconf 77' lang='lat' dir='ltr'><strong>auctorque</strong></span> <span class='ocrx_word' id='word_1_25' title='bbox 1355 643 1786 714; x_wconf 88' lang='lat' dir='ltr'><strong>regenerationis</strong></span> <span class='ocrx_word' id='word_1_26' title='bbox 1808 644 1928 712; x_wconf 91' lang='lat' dir='ltr'><strong>ejus</strong></span> <span class='ocrx_word' id='word_1_27' title='bbox 1953 659 2048 696; x_wconf 83' lang='lat' dir='ltr'><strong>na-</strong></span> 
     </span>
    </p>
   </div>
   <div class='ocr_carea' id='block_1_6' title="bbox 479 732 2046 804">
    <p class='ocr_par' dir='ltr' id='par_1_6' title="bbox 479 732 2046 804">
     <span class='ocr_line' id='line_1_6' title="bbox 479 732 2046 804; baseline 0.001 -19"><span class='ocrx_word' id='word_1_28' title='bbox 479 741 616 787; x_wconf 71' lang='lat' dir='ltr'><strong>tura:</strong></span> <span class='ocrx_word' id='word_1_29' title='bbox 655 748 817 802; x_wconf 90' lang='lat' dir='ltr'><strong>quam</strong></span> <span class='ocrx_word' id='word_1_30' title='bbox 867 732 1210 797; x_wconf 90' lang='lat' dir='ltr'><strong>condiderat,</strong></span> <span class='ocrx_word' id='word_1_31' title='bbox 1261 733 1478 788; x_wconf 88' lang='lat' dir='ltr'><strong>exsistit</strong></span> <span class='ocrx_word' id='word_1_32' title='bbox 1525 751 1538 787; x_wconf 93' lang='lat'><strong>:</strong></span> <span class='ocrx_word' id='word_1_33' title='bbox 1584 749 1685 803; x_wconf 91' lang='lat' dir='ltr'><strong>pro</strong></span> <span class='ocrx_word' id='word_1_34' title='bbox 1716 749 1782 789; x_wconf 92' lang='lat' dir='ltr'><strong>ea</strong></span> <span class='ocrx_word' id='word_1_35' title='bbox 1817 749 1938 804; x_wconf 65' lang='lat' dir='ltr'><strong>quae</strong></span> <span class='ocrx_word' id='word_1_36' title='bbox 1977 733 2046 787; x_wconf 90' lang='lat' dir='ltr'><strong>ad</strong></span> 
     </span>
    </p>
   </div>
   <div class='ocr_carea' id='block_1_7' title="bbox 477 825 2050 896">
    <p class='ocr_par' dir='ltr' id='par_1_7' title="bbox 477 825 2050 896">
     <span class='ocr_line' id='line_1_7' title="bbox 477 825 2050 896; baseline 0.001 -20"><span class='ocrx_word' id='word_1_37' title='bbox 477 832 711 878; x_wconf 90' lang='lat' dir='ltr'><strong>mortem</strong></span> <span class='ocrx_word' id='word_1_38' title='bbox 769 825 1018 880; x_wconf 89' lang='lat' dir='ltr'><strong>ministra</strong></span> <span class='ocrx_word' id='word_1_39' title='bbox 1069 825 1354 880; x_wconf 79' lang='lat' dir='ltr'><strong>exstiterat</strong></span> <span class='ocrx_word' id='word_1_40' title='bbox 1398 826 1552 896; x_wconf 86' lang='lat' dir='ltr'><strong>virgo</strong></span> <span class='ocrx_word' id='word_1_41' title='bbox 1593 826 1727 890; x_wconf 85' lang='lat' dir='ltr'><strong>Eva,</strong></span> <span class='ocrx_word' id='word_1_42' title='bbox 1779 826 1890 880; x_wconf 91' lang='lat' dir='ltr'><strong>Deo</strong></span> <span class='ocrx_word' id='word_1_43' title='bbox 1929 839 2050 895; x_wconf 85' lang='lat' dir='ltr'><strong>gra-</strong></span> 
     </span>
    </p>
   </div>
   <div class='ocr_carea' id='block_1_8' title="bbox 477 915 2048 987">
    <p class='ocr_par' dir='ltr' id='par_1_8' title="bbox 477 915 2048 987">
     <span class='ocr_line' id='line_1_8' title="bbox 477 915 2048 987; baseline 0.001 -21"><span class='ocrx_word' id='word_1_44' title='bbox 477 915 685 968; x_wconf 89' lang='lat' dir='ltr'><strong>tissima</strong></span> <span class='ocrx_word' id='word_1_45' title='bbox 707 929 771 968; x_wconf 90' lang='lat' dir='ltr'><strong>ac</strong></span> <span class='ocrx_word' id='word_1_46' title='bbox 798 915 893 968; x_wconf 90' lang='lat' dir='ltr'><strong>Dei</strong></span> <span class='ocrx_word' id='word_1_47' title='bbox 922 916 1082 984; x_wconf 91' lang='lat' dir='ltr'><strong>plena</strong></span> <span class='ocrx_word' id='word_1_48' title='bbox 1108 916 1282 985; x_wconf 85' lang='lat' dir='ltr'><strong>gratia</strong></span> <span class='ocrx_word' id='word_1_49' title='bbox 1306 918 1473 987; x_wconf 82' lang='lat' dir='ltr'><strong>Virgo</strong></span> <span class='ocrx_word' id='word_1_50' title='bbox 1499 917 1556 972; x_wconf 91' lang='lat' dir='ltr'><strong>in</strong></span> <span class='ocrx_word' id='word_1_51' title='bbox 1579 916 1704 971; x_wconf 61' lang='lat' dir='ltr'><strong>vitae</strong></span> <span class='ocrx_word' id='word_1_52' title='bbox 1721 916 2048 986; x_wconf 87' lang='lat' dir='ltr'><strong>obsequium</strong></span> 
     </span>
    </p>
   </div>
   <div class='ocr_carea' id='block_1_9' title="bbox 474 1005 2043 1078">
    <p class='ocr_par' dir='ltr' id='par_1_9' title="bbox 474 1005 2043 1078">
     <span class='ocr_line' id='line_1_9' title="bbox 474 1005 2043 1078; baseline 0 -19"><span class='ocrx_word' id='word_1_53' title='bbox 474 1005 728 1075; x_wconf 89' lang='lat' dir='ltr'><strong>eligitur:</strong></span> <span class='ocrx_word' id='word_1_54' title='bbox 767 1005 919 1075; x_wconf 83' lang='lat' dir='ltr'><strong>virgo</strong></span> <span class='ocrx_word' id='word_1_55' title='bbox 948 1005 1206 1060; x_wconf 87' lang='lat' dir='ltr'><strong>muliebri</strong></span> <span class='ocrx_word' id='word_1_56' title='bbox 1230 1007 1629 1078; x_wconf 89' lang='lat' dir='ltr'><strong>comprehensa</strong></span> <span class='ocrx_word' id='word_1_57' title='bbox 1653 1021 1807 1070; x_wconf 85' lang='lat' dir='ltr'><strong>sexu,</strong></span> <span class='ocrx_word' id='word_1_58' title='bbox 1841 1013 1898 1060; x_wconf 92' lang='lat' dir='ltr'><strong>at</strong></span> <span class='ocrx_word' id='word_1_59' title='bbox 1920 1019 2043 1059; x_wconf 90' lang='lat' dir='ltr'><strong>mu-</strong></span> 
     </span>
    </p>
   </div>
   <div class='ocr_carea' id='block_1_10' title="bbox 475 1095 2048 1168">
    <p class='ocr_par' dir='ltr' id='par_1_10' title="bbox 475 1095 2048 1168">
     <span class='ocr_line' id='line_1_10' title="bbox 475 1095 2048 1168; baseline 0.001 -20"><span class='ocrx_word' id='word_1_60' title='bbox 475 1095 664 1149; x_wconf 90' lang='lat' dir='ltr'><strong>liebris</strong></span> <span class='ocrx_word' id='word_1_61' title='bbox 689 1111 880 1150; x_wconf 83' lang='lat' dir='ltr'><strong>exsors</strong></span> <span class='ocrx_word' id='word_1_62' title='bbox 930 1096 1190 1165; x_wconf 71' lang='lat' dir='ltr'><strong>nequitia:</strong></span> <span class='ocrx_word' id='word_1_63' title='bbox 1223 1115 1236 1150; x_wconf 89' lang='lat'><strong>:</strong></span> <span class='ocrx_word' id='word_1_64' title='bbox 1272 1097 1425 1168; x_wconf 87' lang='lat' dir='ltr'><strong>virgo</strong></span> <span class='ocrx_word' id='word_1_65' title='bbox 1464 1096 1749 1160; x_wconf 84' lang='lat' dir='ltr'><strong>innocens,</strong></span> <span class='ocrx_word' id='word_1_66' title='bbox 1783 1096 1903 1149; x_wconf 90' lang='lat' dir='ltr'><strong>sine</strong></span> <span class='ocrx_word' id='word_1_67' title='bbox 1930 1110 2048 1150; x_wconf 88' lang='lat' dir='ltr'><strong>ma-</strong></span> 
     </span>
    </p>
   </div>
   <div class='ocr_carea' id='block_1_11' title="bbox 476 1186 2045 1258">
    <p class='ocr_par' dir='ltr' id='par_1_11' title="bbox 476 1186 2045 1258">
     <span class='ocr_line' id='line_1_11' title="bbox 476 1186 2045 1258; baseline -0.001 -18"><span class='ocrx_word' id='word_1_68' title='bbox 476 1187 618 1250; x_wconf 90' lang='lat' dir='ltr'><strong>cula,</strong></span> <span class='ocrx_word' id='word_1_69' title='bbox 674 1187 824 1241; x_wconf 93' lang='lat' dir='ltr'><strong>omni</strong></span> <span class='ocrx_word' id='word_1_70' title='bbox 870 1187 1030 1258; x_wconf 91' lang='lat' dir='ltr'><strong>culpa</strong></span> <span class='ocrx_word' id='word_1_71' title='bbox 1070 1204 1290 1253; x_wconf 89' lang='lat' dir='ltr'><strong>vacans,</strong></span> <span class='ocrx_word' id='word_1_72' title='bbox 1341 1188 1688 1253; x_wconf 89' lang='lat' dir='ltr'><strong>intemerata,</strong></span> <span class='ocrx_word' id='word_1_73' title='bbox 1736 1186 2045 1256; x_wconf 87' lang='lat' dir='ltr'><strong>impolluta,</strong></span> 
     </span>
    </p>
   </div>
   <div class='ocr_carea' id='block_1_12' title="bbox 475 1276 2050 1347">
    <p class='ocr_par' dir='ltr' id='par_1_12' title="bbox 475 1276 2050 1347">
     <span class='ocr_line' id='line_1_12' title="bbox 475 1276 2050 1347; baseline 0.001 -19"><span class='ocrx_word' id='word_1_74' title='bbox 475 1285 661 1330; x_wconf 83' lang='lat' dir='ltr'><strong>sancta</strong></span> <span class='ocrx_word' id='word_1_75' title='bbox 729 1276 912 1332; x_wconf 91' lang='lat' dir='ltr'><strong>animo</strong></span> <span class='ocrx_word' id='word_1_76' title='bbox 971 1285 1027 1332; x_wconf 92' lang='lat' dir='ltr'><strong>et</strong></span> <span class='ocrx_word' id='word_1_77' title='bbox 1089 1292 1317 1347; x_wconf 88' lang='lat' dir='ltr'><strong>corpore</strong></span> <span class='ocrx_word' id='word_1_78' title='bbox 1348 1279 1430 1342; x_wconf 83' lang='grc'><strong>³¹,</strong></span> <span class='ocrx_word' id='word_1_79' title='bbox 1481 1278 1623 1334; x_wconf 87' lang='lat' dir='ltr'><strong>sicut</strong></span> <span class='ocrx_word' id='word_1_80' title='bbox 1669 1277 1844 1331; x_wconf 89' lang='lat' dir='ltr'><strong>lilium</strong></span> <span class='ocrx_word' id='word_1_81' title='bbox 1907 1277 2050 1331; x_wconf 90' lang='lat' dir='ltr'><strong>inter</strong></span> 
     </span>
    </p>
   </div>
   <div class='ocr_carea' id='block_1_13' title="bbox 475 1366 2049 1437">
    <p class='ocr_par' dir='ltr' id='par_1_13' title="bbox 475 1366 2049 1437">
     <span class='ocr_line' id='line_1_13' title="bbox 475 1366 2049 1437; baseline 0.001 -18"><span class='ocrx_word' id='word_1_82' title='bbox 475 1367 683 1421; x_wconf 83' lang='lat' dir='ltr'><strong>medias</strong></span> <span class='ocrx_word' id='word_1_83' title='bbox 718 1366 904 1436; x_wconf 90' lang='lat' dir='ltr'><strong>spinas</strong></span> <span class='ocrx_word' id='word_1_84' title='bbox 942 1367 1254 1437; x_wconf 79' lang='lat' dir='ltr'><strong>germinans</strong></span> <span class='ocrx_word' id='word_1_85' title='bbox 1275 1368 1354 1421; x_wconf 78' lang='grc' dir='ltr'><strong>³²ε</strong></span> <span class='ocrx_word' id='word_1_86' title='bbox 1381 1384 1490 1422; x_wconf 83' lang='grc' dir='ltr'>ιιοιι</span> <span class='ocrx_word' id='word_1_87' title='bbox 1528 1368 1689 1423; x_wconf 89' lang='lat' dir='ltr'><strong>docta</strong></span> <span class='ocrx_word' id='word_1_88' title='bbox 1718 1367 1844 1422; x_wconf 74' lang='lat' dir='ltr'><strong>Eva:</strong></span> <span class='ocrx_word' id='word_1_89' title='bbox 1872 1367 2049 1429; x_wconf 87' lang='lat' dir='ltr'><strong>mala;</strong></span> 
     </span>
    </p>
   </div>
   <div class='ocr_carea' id='block_1_14' title="bbox 473 1458 2054 1525">
    <p class='ocr_par' dir='ltr' id='par_1_14' title="bbox 473 1458 2054 1525">
     <span class='ocr_line' id='line_1_14' title="bbox 473 1458 2054 1525; baseline -0.001 -13"><span class='ocrx_word' id='word_1_90' title='bbox 473 1474 584 1512; x_wconf 93' lang='lat' dir='ltr'><strong>non</strong></span> <span class='ocrx_word' id='word_1_91' title='bbox 636 1458 893 1513; x_wconf 86' lang='lat' dir='ltr'><strong>muliebri</strong></span> <span class='ocrx_word' id='word_1_92' title='bbox 941 1459 1181 1514; x_wconf 85' lang='lat' dir='ltr'><strong>vanitate</strong></span> <span class='ocrx_word' id='word_1_93' title='bbox 1231 1458 1472 1525; x_wconf 65' lang='lat' dir='ltr'><strong>foedata;</strong></span> <span class='ocrx_word' id='word_1_94' title='bbox 1527 1475 1636 1514; x_wconf 82' lang='lat' dir='ltr'><strong>non</strong></span> <span class='ocrx_word' id='word_1_95' title='bbox 1681 1458 1923 1514; x_wconf 87' lang='lat' dir='ltr'><strong>anilibus</strong></span> <span class='ocrx_word' id='word_1_96' title='bbox 1968 1458 2054 1511; x_wconf 91' lang='lat' dir='ltr'><strong>in-</strong></span> 
     </span>
    </p>
   </div>
   <div class='ocr_carea' id='block_1_15' title="bbox 474 1548 2051 1615">
    <p class='ocr_par' dir='ltr' id='par_1_15' title="bbox 474 1548 2051 1615">
     <span class='ocr_line' id='line_1_15' title="bbox 474 1548 2051 1615; baseline 0 -13"><span class='ocrx_word' id='word_1_97' title='bbox 474 1549 667 1604; x_wconf 87' lang='lat' dir='ltr'><strong>stituta</strong></span> <span class='ocrx_word' id='word_1_98' title='bbox 715 1549 943 1615; x_wconf 88' lang='lat' dir='ltr'><strong>fabulis;</strong></span> <span class='ocrx_word' id='word_1_99' title='bbox 1015 1566 1125 1604; x_wconf 92' lang='lat' dir='ltr'><strong>non</strong></span> <span class='ocrx_word' id='word_1_100' title='bbox 1187 1550 1330 1606; x_wconf 90' lang='lat' dir='ltr'><strong>malo</strong></span> <span class='ocrx_word' id='word_1_101' title='bbox 1396 1550 1588 1605; x_wconf 92' lang='lat' dir='ltr'><strong>auditu</strong></span> <span class='ocrx_word' id='word_1_102' title='bbox 1650 1565 1814 1605; x_wconf 88' lang='lat' dir='ltr'><strong>aures</strong></span> <span class='ocrx_word' id='word_1_103' title='bbox 1871 1548 2051 1604; x_wconf 81' lang='lat' dir='ltr'><strong>sordi-</strong></span> 
     </span>
    </p>
   </div>
   <div class='ocr_carea' id='block_1_16' title="bbox 473 1638 2051 1710">
    <p class='ocr_par' dir='ltr' id='par_1_16' title="bbox 473 1638 2051 1710">
     <span class='ocr_line' id='line_1_16' title="bbox 473 1638 2051 1710; baseline -0.001 -18"><span class='ocrx_word' id='word_1_104' title='bbox 473 1639 635 1705; x_wconf 88' lang='lat' dir='ltr'><strong>data;</strong></span> <span class='ocrx_word' id='word_1_105' title='bbox 687 1654 796 1694; x_wconf 92' lang='lat' dir='ltr'><strong>non</strong></span> <span class='ocrx_word' id='word_1_106' title='bbox 855 1640 1148 1695; x_wconf 87' lang='lat' dir='ltr'><strong>inhonesto</strong></span> <span class='ocrx_word' id='word_1_107' title='bbox 1213 1653 1468 1695; x_wconf 86' lang='lat' dir='ltr'><strong>sermone</strong></span> <span class='ocrx_word' id='word_1_108' title='bbox 1527 1639 1737 1710; x_wconf 90' lang='lat' dir='ltr'><strong>polluta</strong></span> <span class='ocrx_word' id='word_1_109' title='bbox 1786 1638 2051 1708; x_wconf 78' lang='lat' dir='ltr'><strong>linguam,</strong></span> 
     </span>
    </p>
   </div>
   <div class='ocr_carea' id='block_1_17' title="bbox 473 1726 2052 1798">
    <p class='ocr_par' dir='ltr' id='par_1_17' title="bbox 473 1726 2052 1798">
     <span class='ocr_line' id='line_1_17' title="bbox 473 1726 2052 1798; baseline -0.001 -18"><span class='ocrx_word' id='word_1_110' title='bbox 473 1742 584 1781; x_wconf 90' lang='lat' dir='ltr'><strong>non</strong></span> <span class='ocrx_word' id='word_1_111' title='bbox 643 1727 766 1782; x_wconf 91' lang='lat' dir='ltr'><strong>visu</strong></span> <span class='ocrx_word' id='word_1_112' title='bbox 826 1727 1018 1783; x_wconf 90' lang='lat' dir='ltr'><strong>illicito</strong></span> <span class='ocrx_word' id='word_1_113' title='bbox 1086 1727 1287 1783; x_wconf 86' lang='lat' dir='ltr'><strong>infecta</strong></span> <span class='ocrx_word' id='word_1_114' title='bbox 1339 1727 1560 1794; x_wconf 90' lang='lat' dir='ltr'><strong>oculos;</strong></span> <span class='ocrx_word' id='word_1_115' title='bbox 1622 1742 1744 1798; x_wconf 67' lang='lat' dir='ltr'><strong>quae</strong></span> <span class='ocrx_word' id='word_1_116' title='bbox 1808 1726 2052 1781; x_wconf 89' lang='lat' dir='ltr'><strong>nativum</strong></span> 
     </span>
    </p>
   </div>
   <div class='ocr_carea' id='block_1_18' title="bbox 475 1813 2054 1871">
    <p class='ocr_par' dir='ltr' id='par_1_18' title="bbox 475 1813 2054 1871">
     <span class='ocr_line' id='line_1_18' title="bbox 475 1813 2054 1871; baseline -0.001 -3"><span class='ocrx_word' id='word_1_117' title='bbox 475 1815 718 1870; x_wconf 91' lang='lat' dir='ltr'><strong>colorem</strong></span> <span class='ocrx_word' id='word_1_118' title='bbox 773 1815 1006 1870; x_wconf 70' lang='lat' dir='ltr'><strong>luxuria:</strong></span> <span class='ocrx_word' id='word_1_119' title='bbox 1058 1815 1312 1870; x_wconf 82' lang='lat' dir='ltr'><strong>adductis</strong></span> <span class='ocrx_word' id='word_1_120' title='bbox 1372 1815 1652 1871; x_wconf 89' lang='lat' dir='ltr'><strong>coloribus</strong></span> <span class='ocrx_word' id='word_1_121' title='bbox 1698 1829 1810 1870; x_wconf 92' lang='lat' dir='ltr'><strong>non</strong></span> <span class='ocrx_word' id='word_1_122' title='bbox 1863 1813 2054 1868; x_wconf 84' lang='lat' dir='ltr'><strong>detur-</strong></span> 
     </span>
    </p>
   </div>
   <div class='ocr_carea' id='block_1_19' title="bbox 475 1905 2055 1978">
    <p class='ocr_par' dir='ltr' id='par_1_19' title="bbox 475 1905 2055 1978">
     <span class='ocr_line' id='line_1_19' title="bbox 475 1905 2055 1978; baseline 0 -18"><span class='ocrx_word' id='word_1_123' title='bbox 475 1907 639 1976; x_wconf 88' lang='lat' dir='ltr'><strong>parit,</strong></span> <span class='ocrx_word' id='word_1_124' title='bbox 680 1923 790 1962; x_wconf 92' lang='lat' dir='ltr'><strong>non</strong></span> <span class='ocrx_word' id='word_1_125' title='bbox 854 1907 996 1962; x_wconf 90' lang='lat' dir='ltr'><strong>fucis</strong></span> <span class='ocrx_word' id='word_1_126' title='bbox 1039 1921 1208 1978; x_wconf 87' lang='lat' dir='ltr'><strong>genas</strong></span> <span class='ocrx_word' id='word_1_127' title='bbox 1238 1906 1571 1972; x_wconf 87' lang='lat' dir='ltr'><strong>obduxerit;</strong></span> <span class='ocrx_word' id='word_1_128' title='bbox 1630 1921 1740 1962; x_wconf 91' lang='lat' dir='ltr'><strong>non</strong></span> <span class='ocrx_word' id='word_1_129' title='bbox 1785 1906 1929 1962; x_wconf 92' lang='lat' dir='ltr'><strong>collo</strong></span> <span class='ocrx_word' id='word_1_130' title='bbox 1971 1905 2055 1960; x_wconf 84' lang='lat' dir='ltr'><strong>ef-</strong></span> 
     </span>
    </p>
   </div>
   <div class='ocr_carea' id='block_1_20' title="bbox 474 1996 2054 2068">
    <p class='ocr_par' dir='ltr' id='par_1_20' title="bbox 474 1996 2054 2068">
     <span class='ocr_line' id='line_1_20' title="bbox 474 1996 2054 2068; baseline 0 -18"><span class='ocrx_word' id='word_1_131' title='bbox 474 1997 726 2054; x_wconf 81' lang='lat' dir='ltr'><strong>formatis</strong></span> <span class='ocrx_word' id='word_1_132' title='bbox 796 1997 852 2052; x_wconf 92' lang='lat' dir='ltr'><strong>in</strong></span> <span class='ocrx_word' id='word_1_133' title='bbox 918 2007 1144 2068; x_wconf 84' lang='lat' dir='ltr'><strong>torques</strong></span> <span class='ocrx_word' id='word_1_134' title='bbox 1192 1997 1391 2067; x_wconf 89' lang='lat' dir='ltr'><strong>lapillis</strong></span> <span class='ocrx_word' id='word_1_135' title='bbox 1444 1997 1712 2068; x_wconf 78' lang='lat' dir='ltr'><strong>fulgorem</strong></span> <span class='ocrx_word' id='word_1_136' title='bbox 1772 1996 2054 2062; x_wconf 87' lang='lat' dir='ltr'><strong>asciverit;</strong></span> 
     </span>
    </p>
   </div>
   <div class='ocr_carea' id='block_1_21' title="bbox 474 2086 2053 2157">
    <p class='ocr_par' dir='ltr' id='par_1_21' title="bbox 474 2086 2053 2157">
     <span class='ocr_line' id='line_1_21' title="bbox 474 2086 2053 2157; baseline 0.001 -16"><span class='ocrx_word' id='word_1_137' title='bbox 474 2102 585 2142; x_wconf 93' lang='lat' dir='ltr'><strong>non</strong></span> <span class='ocrx_word' id='word_1_138' title='bbox 611 2103 805 2142; x_wconf 91' lang='lat' dir='ltr'><strong>manus</strong></span> <span class='ocrx_word' id='word_1_139' title='bbox 827 2087 1078 2153; x_wconf 88' lang='lat' dir='ltr'><strong>armillis,</strong></span> <span class='ocrx_word' id='word_1_140' title='bbox 1104 2087 1384 2157; x_wconf 86' lang='lat' dir='ltr'><strong>pedesque</strong></span> <span class='ocrx_word' id='word_1_141' title='bbox 1407 2087 1592 2143; x_wconf 88' lang='lat' dir='ltr'><strong>aureis</strong></span> <span class='ocrx_word' id='word_1_142' title='bbox 1617 2086 1912 2157; x_wconf 90' lang='lat' dir='ltr'><strong>torquibus</strong></span> <span class='ocrx_word' id='word_1_143' title='bbox 1928 2087 2053 2142; x_wconf 87' lang='lat' dir='ltr'><strong>vin-</strong></span> 
     </span>
    </p>
   </div>
   <div class='ocr_carea' id='block_1_22' title="bbox 476 2177 2054 2248">
    <p class='ocr_par' dir='ltr' id='par_1_22' title="bbox 476 2177 2054 2248">
     <span class='ocr_line' id='line_1_22' title="bbox 476 2177 2054 2248; baseline -0.001 -16"><span class='ocrx_word' id='word_1_144' title='bbox 476 2179 645 2244; x_wconf 81' lang='lat' dir='ltr'><strong>xerit;</strong></span> <span class='ocrx_word' id='word_1_145' title='bbox 687 2193 797 2232; x_wconf 92' lang='lat' dir='ltr'><strong>non</strong></span> <span class='ocrx_word' id='word_1_146' title='bbox 833 2178 1326 2248; x_wconf 89' lang='lat' dir='ltr'><strong>unguentariorum</strong></span> <span class='ocrx_word' id='word_1_147' title='bbox 1361 2178 1651 2248; x_wconf 88' lang='lat' dir='ltr'><strong>speciebus</strong></span> <span class='ocrx_word' id='word_1_148' title='bbox 1676 2177 1918 2234; x_wconf 85' lang='lat' dir='ltr'><strong>emollita</strong></span> <span class='ocrx_word' id='word_1_149' title='bbox 1949 2179 2054 2242; x_wconf 88' lang='lat' dir='ltr'><strong>sit;</strong></span> 
     </span>
    </p>
   </div>
   <div class='ocr_carea' id='block_1_23' title="bbox 477 2270 2056 2341">
    <p class='ocr_par' dir='ltr' id='par_1_23' title="bbox 477 2270 2056 2341">
     <span class='ocr_line' id='line_1_23' title="bbox 477 2270 2056 2341; baseline -0.001 -16"><span class='ocrx_word' id='word_1_150' title='bbox 477 2286 587 2326; x_wconf 93' lang='lat' dir='ltr'><strong>non</strong></span> <span class='ocrx_word' id='word_1_151' title='bbox 614 2271 955 2341; x_wconf 81' lang='lat' dir='ltr'><strong>Splendidam</strong></span> <span class='ocrx_word' id='word_1_152' title='bbox 980 2278 1192 2327; x_wconf 83' lang='lat' dir='ltr'><strong>vestem</strong></span> <span class='ocrx_word' id='word_1_153' title='bbox 1227 2270 1297 2325; x_wconf 91' lang='lat' dir='ltr'><strong>ab</strong></span> <span class='ocrx_word' id='word_1_154' title='bbox 1323 2270 1642 2326; x_wconf 86' lang='lat' dir='ltr'><strong>hominibus</strong></span> <span class='ocrx_word' id='word_1_155' title='bbox 1671 2285 1871 2340; x_wconf 91' lang='lat' dir='ltr'><strong>sponsa</strong></span> <span class='ocrx_word' id='word_1_156' title='bbox 1898 2285 2056 2325; x_wconf 90' lang='lat' dir='ltr'><strong>acce-</strong></span> 
     </span>
    </p>
   </div>
   <div class='ocr_carea' id='block_1_24' title="bbox 476 2361 2054 2434">
    <p class='ocr_par' dir='ltr' id='par_1_24' title="bbox 476 2361 2054 2434">
     <span class='ocr_line' id='line_1_24' title="bbox 476 2361 2054 2434; baseline 0 -19"><span class='ocrx_word' id='word_1_157' title='bbox 476 2361 657 2430; x_wconf 87' lang='lat' dir='ltr'><strong>perit;</strong></span> <span class='ocrx_word' id='word_1_158' title='bbox 690 2378 801 2416; x_wconf 92' lang='lat' dir='ltr'><strong>non</strong></span> <span class='ocrx_word' id='word_1_159' title='bbox 851 2361 1060 2416; x_wconf 87' lang='lat' dir='ltr'><strong>erroris</strong></span> <span class='ocrx_word' id='word_1_160' title='bbox 1122 2361 1419 2416; x_wconf 88' lang='lat' dir='ltr'><strong>simulacra</strong></span> <span class='ocrx_word' id='word_1_161' title='bbox 1469 2361 1623 2417; x_wconf 92' lang='lat' dir='ltr'><strong>cordi</strong></span> <span class='ocrx_word' id='word_1_162' title='bbox 1673 2362 2054 2434; x_wconf 86' lang='lat' dir='ltr'><strong>insculpserit:</strong></span> 
     </span>
    </p>
   </div>
   <div class='ocr_carea' id='block_1_25' title="bbox 477 2449 2055 2524">
    <p class='ocr_par' dir='ltr' id='par_1_25' title="bbox 477 2449 2055 2524">
     <span class='ocr_line' id='line_1_25' title="bbox 477 2449 2055 2524; baseline 0.003 -21"><span class='ocrx_word' id='word_1_163' title='bbox 477 2449 637 2520; x_wconf 86' lang='lat' dir='ltr'><strong>longe</strong></span> <span class='ocrx_word' id='word_1_164' title='bbox 662 2451 778 2506; x_wconf 68' lang='lat' dir='ltr'><strong>haec</strong></span> <span class='ocrx_word' id='word_1_165' title='bbox 821 2450 1116 2517; x_wconf 89' lang='lat' dir='ltr'><strong>facessant,</strong></span> <span class='ocrx_word' id='word_1_166' title='bbox 1142 2461 1199 2508; x_wconf 91' lang='lat' dir='ltr'><strong>et</strong></span> <span class='ocrx_word' id='word_1_167' title='bbox 1227 2452 1427 2507; x_wconf 85' lang='lat' dir='ltr'><strong>similia</strong></span> <span class='ocrx_word' id='word_1_168' title='bbox 1464 2452 1668 2524; x_wconf 89' lang='lat' dir='ltr'><strong>(neque</strong></span> <span class='ocrx_word' id='word_1_169' title='bbox 1712 2453 1858 2508; x_wconf 87' lang='lat' dir='ltr'><strong>enim</strong></span> <span class='ocrx_word' id='word_1_170' title='bbox 1900 2463 2055 2509; x_wconf 72' lang='lat' dir='ltr'><strong>tenc~</strong></span> 
     </span>
    </p>
   </div>
   <div class='ocr_carea' id='block_1_26' title="bbox 478 2542 2059 2617">
    <p class='ocr_par' dir='ltr' id='par_1_26' title="bbox 478 2542 2059 2617">
     <span class='ocr_line' id='line_1_26' title="bbox 478 2542 2059 2617; baseline 0.003 -22"><span class='ocrx_word' id='word_1_171' title='bbox 478 2542 596 2596; x_wconf 83' lang='lat' dir='ltr'><strong>bris</strong></span> <span class='ocrx_word' id='word_1_172' title='bbox 625 2542 695 2597; x_wconf 90' lang='lat' dir='ltr'><strong>ad</strong></span> <span class='ocrx_word' id='word_1_173' title='bbox 730 2543 909 2598; x_wconf 88' lang='lat' dir='ltr'><strong>lucem</strong></span> <span class='ocrx_word' id='word_1_174' title='bbox 934 2543 1047 2598; x_wconf 90' lang='lat' dir='ltr'><strong>ulla</strong></span> <span class='ocrx_word' id='word_1_175' title='bbox 1081 2545 1398 2600; x_wconf 91' lang='lat' dir='ltr'><strong>communio</strong></span> <span class='ocrx_word' id='word_1_176' title='bbox 1415 2546 1581 2617; x_wconf 78' lang='lat' dir='ltr'><strong>est&quot;)</strong></span> <span class='ocrx_word' id='word_1_177' title='bbox 1622 2565 1634 2598; x_wconf 94' lang='lat'>:</span> <span class='ocrx_word' id='word_1_178' title='bbox 1672 2545 1771 2600; x_wconf 89' lang='lat' dir='ltr'><strong>sed</strong></span> <span class='ocrx_word' id='word_1_179' title='bbox 1791 2561 1914 2616; x_wconf 68' lang='lat' dir='ltr'><strong>qum</strong></span> <span class='ocrx_word' id='word_1_180' title='bbox 1933 2562 2059 2600; x_wconf 86' lang='lat' dir='ltr'><strong>nee-</strong></span> 
     </span>
    </p>
   </div>
   <div class='ocr_carea' id='block_1_27' title="bbox 478 2631 2058 2702">
    <p class='ocr_par' dir='ltr' id='par_1_27' title="bbox 478 2631 2058 2702">
     <span class='ocr_line' id='line_1_27' title="bbox 478 2631 2058 2702; baseline 0.004 -17"><span class='ocrx_word' id='word_1_181' title='bbox 478 2631 610 2686; x_wconf 90' lang='lat' dir='ltr'><strong>dum</strong></span> <span class='ocrx_word' id='word_1_182' title='bbox 668 2642 794 2687; x_wconf 89' lang='lat' dir='ltr'><strong>nata</strong></span> <span class='ocrx_word' id='word_1_183' title='bbox 845 2634 1057 2688; x_wconf 88' lang='lat' dir='ltr'><strong>auctori</strong></span> <span class='ocrx_word' id='word_1_184' title='bbox 1109 2634 1222 2689; x_wconf 93' lang='lat' dir='ltr'><strong>Deo</strong></span> <span class='ocrx_word' id='word_1_185' title='bbox 1257 2646 1577 2692; x_wconf 89' lang='lat' dir='ltr'><strong>consecrata</strong></span> <span class='ocrx_word' id='word_1_186' title='bbox 1618 2636 1717 2702; x_wconf 88' lang='lat' dir='ltr'><strong>sit;</strong></span> <span class='ocrx_word' id='word_1_187' title='bbox 1754 2645 1881 2691; x_wconf 90' lang='lat' dir='ltr'><strong>nata</strong></span> <span class='ocrx_word' id='word_1_188' title='bbox 1927 2652 2058 2692; x_wconf 91' lang='lat' dir='ltr'><strong>vero</strong></span> 
     </span>
    </p>
   </div>
   <div class='ocr_carea' id='block_1_28' title="bbox 478 2723 2057 2792">
    <p class='ocr_par' dir='ltr' id='par_1_28' title="bbox 478 2723 2057 2792">
     <span class='ocr_line' id='line_1_28' title="bbox 478 2723 2057 2792; baseline 0.004 -16"><span class='ocrx_word' id='word_1_189' title='bbox 478 2723 619 2792; x_wconf 81' lang='lat' dir='ltr'><strong>grati</strong></span> <span class='ocrx_word' id='word_1_190' title='bbox 654 2724 822 2779; x_wconf 90' lang='lat' dir='ltr'><strong>animi</strong></span> <span class='ocrx_word' id='word_1_191' title='bbox 851 2736 1231 2791; x_wconf 90' lang='lat' dir='ltr'><strong>monumento,</strong></span> <span class='ocrx_word' id='word_1_192' title='bbox 1269 2743 1424 2782; x_wconf 89' lang='lat' dir='ltr'><strong>saera</strong></span> <span class='ocrx_word' id='word_1_193' title='bbox 1449 2728 1669 2783; x_wconf 91' lang='lat' dir='ltr'><strong>alumna</strong></span> <span class='ocrx_word' id='word_1_194' title='bbox 1702 2737 1763 2782; x_wconf 94' lang='lat' dir='ltr'><strong>ut</strong></span> <span class='ocrx_word' id='word_1_195' title='bbox 1792 2729 1848 2782; x_wconf 93' lang='lat' dir='ltr'><strong>in</strong></span> <span class='ocrx_word' id='word_1_196' title='bbox 1873 2744 2057 2784; x_wconf 88' lang='lat' dir='ltr'><strong>sacra-</strong></span> 
     </span>
    </p>
   </div>
   <div class='ocr_carea' id='block_1_29' title="bbox 480 2813 2058 2888">
    <p class='ocr_par' dir='ltr' id='par_1_29' title="bbox 480 2813 2058 2888">
     <span class='ocr_line' id='line_1_29' title="bbox 480 2813 2058 2888; baseline 0.006 -23"><span class='ocrx_word' id='word_1_197' title='bbox 480 2813 564 2866; x_wconf 88' lang='lat' dir='ltr'><strong>rio</strong></span> <span class='ocrx_word' id='word_1_198' title='bbox 595 2829 658 2867; x_wconf 91' lang='lat' dir='ltr'><strong>ac</strong></span> <span class='ocrx_word' id='word_1_199' title='bbox 683 2815 884 2883; x_wconf 87' lang='lat' dir='ltr'><strong>templo</strong></span> <span class='ocrx_word' id='word_1_200' title='bbox 921 2825 1234 2870; x_wconf 87' lang='lat' dir='ltr'><strong>moraretur</strong></span> <span class='ocrx_word' id='word_1_201' title='bbox 1266 2817 1451 2872; x_wconf 90' lang='lat' dir='ltr'><strong>oblata</strong></span> <span class='ocrx_word' id='word_1_202' title='bbox 1488 2816 1677 2882; x_wconf 87' lang='lat' dir='ltr'><strong>fuerit,</strong></span> <span class='ocrx_word' id='word_1_203' title='bbox 1718 2817 1854 2888; x_wconf 89' lang='lat' dir='ltr'><strong>legis</strong></span> <span class='ocrx_word' id='word_1_204' title='bbox 1890 2818 2058 2874; x_wconf 88' lang='lat' dir='ltr'><strong>disci-</strong></span> 
     </span>
    </p>
   </div>
   <div class='ocr_carea' id='block_1_30' title="bbox 480 2903 2057 2979">
    <p class='ocr_par' dir='ltr' id='par_1_30' title="bbox 480 2903 2057 2979">
     <span class='ocr_line' id='line_1_30' title="bbox 480 2903 2057 2979; baseline 0.006 -23"><span class='ocrx_word' id='word_1_205' title='bbox 480 2903 631 2972; x_wconf 90' lang='lat' dir='ltr'><strong>pula,</strong></span> <span class='ocrx_word' id='word_1_206' title='bbox 664 2904 874 2973; x_wconf 83' lang='lat' dir='ltr'><strong>Spiritu</strong></span> <span class='ocrx_word' id='word_1_207' title='bbox 905 2914 1095 2960; x_wconf 90' lang='lat' dir='ltr'><strong>sancto</strong></span> <span class='ocrx_word' id='word_1_208' title='bbox 1122 2907 1389 2972; x_wconf 90' lang='lat' dir='ltr'><strong>delibuta,</strong></span> <span class='ocrx_word' id='word_1_209' title='bbox 1420 2908 1605 2966; x_wconf 81' lang='lat' dir='ltr'><strong>divina</strong></span> <span class='ocrx_word' id='word_1_210' title='bbox 1632 2909 1805 2978; x_wconf 87' lang='lat' dir='ltr'><strong>gratia</strong></span> <span class='ocrx_word' id='word_1_211' title='bbox 1836 2918 1898 2964; x_wconf 90' lang='lat' dir='ltr'><strong>ut</strong></span> <span class='ocrx_word' id='word_1_212' title='bbox 1938 2911 2057 2979; x_wconf 67' lang='lat' dir='ltr'><strong>pal~</strong></span> 
     </span>
    </p>
   </div>
   <div class='ocr_carea' id='block_1_31' title="bbox 480 2993 2056 3070">
    <p class='ocr_par' dir='ltr' id='par_1_31' title="bbox 480 2993 2056 3070">
     <span class='ocr_line' id='line_1_31' title="bbox 480 2993 2056 3070; baseline 0.005 -23"><span class='ocrx_word' id='word_1_213' title='bbox 480 2993 611 3048; x_wconf 88' lang='lat' dir='ltr'><strong>liolo</strong></span> <span class='ocrx_word' id='word_1_214' title='bbox 636 2995 854 3061; x_wconf 86' lang='lat' dir='ltr'><strong>amicta,</strong></span> <span class='ocrx_word' id='word_1_215' title='bbox 877 2997 1062 3051; x_wconf 91' lang='lat' dir='ltr'><strong>animo</strong></span> <span class='ocrx_word' id='word_1_216' title='bbox 1080 2997 1264 3052; x_wconf 89' lang='lat' dir='ltr'><strong>divina</strong></span> <span class='ocrx_word' id='word_1_217' title='bbox 1290 2998 1530 3067; x_wconf 86' lang='lat' dir='ltr'><strong>sapiens,</strong></span> <span class='ocrx_word' id='word_1_218' title='bbox 1548 2999 1656 3054; x_wconf 90' lang='lat' dir='ltr'><strong>Deo</strong></span> <span class='ocrx_word' id='word_1_219' title='bbox 1677 3000 1843 3055; x_wconf 92' lang='lat' dir='ltr'><strong>corde</strong></span> <span class='ocrx_word' id='word_1_220' title='bbox 1865 3009 2056 3070; x_wconf 89' lang='lat' dir='ltr'><strong>nupta,</strong></span> 
     </span>
    </p>
   </div>
   <div class='ocr_carea' id='block_1_32' title="bbox 483 3086 2059 3158">
    <p class='ocr_par' dir='ltr' id='par_1_32' title="bbox 483 3086 2059 3158">
     <span class='ocr_line' id='line_1_32' title="bbox 483 3086 2059 3158; baseline 0.006 -21"><span class='ocrx_word' id='word_1_221' title='bbox 483 3086 796 3140; x_wconf 82' lang='lat' dir='ltr'><strong>sanctitatis</strong></span> <span class='ocrx_word' id='word_1_222' title='bbox 828 3086 1152 3156; x_wconf 87' lang='lat' dir='ltr'><strong>splendores</strong></span> <span class='ocrx_word' id='word_1_223' title='bbox 1186 3087 1360 3142; x_wconf 92' lang='lat' dir='ltr'><strong>oculis</strong></span> <span class='ocrx_word' id='word_1_224' title='bbox 1392 3087 1634 3158; x_wconf 91' lang='lat' dir='ltr'><strong>spirans,</strong></span> <span class='ocrx_word' id='word_1_225' title='bbox 1675 3089 1906 3144; x_wconf 88' lang='lat' dir='ltr'><strong>auribus</strong></span> <span class='ocrx_word' id='word_1_226' title='bbox 1931 3106 2059 3145; x_wconf 75' lang='lat' dir='ltr'><strong>can-</strong></span> 
     </span>
    </p>
   </div>
   <div class='ocr_carea' id='block_1_33' title="bbox 483 3175 2060 3249">
    <p class='ocr_par' dir='ltr' id='par_1_33' title="bbox 483 3175 2060 3249">
     <span class='ocr_line' id='line_1_33' title="bbox 483 3175 2060 3249; baseline 0.005 -21"><span class='ocrx_word' id='word_1_227' title='bbox 483 3175 590 3229; x_wconf 84' lang='lat' dir='ltr'><strong>tica</strong></span> <span class='ocrx_word' id='word_1_228' title='bbox 623 3175 902 3241; x_wconf 86' lang='lat' dir='ltr'><strong>insonans,</strong></span> <span class='ocrx_word' id='word_1_229' title='bbox 937 3177 1124 3249; x_wconf 80' lang='lat' dir='ltr'><strong>lingua</strong></span> <span class='ocrx_word' id='word_1_230' title='bbox 1167 3177 1447 3244; x_wconf 83' lang='lat' dir='ltr'><strong>melliflua,</strong></span> <span class='ocrx_word' id='word_1_231' title='bbox 1483 3178 1646 3234; x_wconf 88' lang='lat' dir='ltr'><strong>labiis</strong></span> <span class='ocrx_word' id='word_1_232' title='bbox 1700 3179 1884 3234; x_wconf 80' lang='lat' dir='ltr'><strong>favum</strong></span> <span class='ocrx_word' id='word_1_233' title='bbox 1942 3181 2060 3236; x_wconf 92' lang='lat' dir='ltr'><strong>stil-</strong></span> 
     </span>
    </p>
   </div>
   <div class='ocr_carea' id='block_1_34' title="bbox 484 3268 2056 3341">
    <p class='ocr_par' dir='ltr' id='par_1_34' title="bbox 484 3268 2056 3341">
     <span class='ocr_line' id='line_1_34' title="bbox 484 3268 2056 3341; baseline 0.003 -19"><span class='ocrx_word' id='word_1_234' title='bbox 484 3268 836 3335; x_wconf 71' lang='lat' dir='ltr'><strong>lantibus’&quot;;</strong></span> <span class='ocrx_word' id='word_1_235' title='bbox 865 3269 1095 3339; x_wconf 89' lang='lat' dir='ltr'><strong>pulchra</strong></span> <span class='ocrx_word' id='word_1_236' title='bbox 1139 3270 1442 3340; x_wconf 81' lang='lat' dir='ltr'><strong>gressibus,</strong></span> <span class='ocrx_word' id='word_1_237' title='bbox 1467 3271 1715 3326; x_wconf 91' lang='lat' dir='ltr'><strong>moribus</strong></span> <span class='ocrx_word' id='word_1_238' title='bbox 1736 3271 2056 3341; x_wconf 85' lang='lat' dir='ltr'><strong>pulchrior;</strong></span> 
     </span>
    </p>
   </div>
   <div class='ocr_carea' id='block_1_35' title="bbox 484 3361 2058 3429">
    <p class='ocr_par' dir='ltr' id='par_1_35' title="bbox 484 3361 2058 3429">
     <span class='ocr_line' id='line_1_35' title="bbox 484 3361 2058 3429; baseline 0.003 -14"><span class='ocrx_word' id='word_1_239' title='bbox 484 3375 739 3415; x_wconf 84' lang='lat' dir='ltr'><strong>sermone</strong></span> <span class='ocrx_word' id='word_1_240' title='bbox 779 3361 1134 3426; x_wconf 89' lang='lat' dir='ltr'><strong>venerabilis,</strong></span> <span class='ocrx_word' id='word_1_241' title='bbox 1182 3362 1400 3416; x_wconf 81' lang='lat' dir='ltr'><strong>actione</strong></span> <span class='ocrx_word' id='word_1_242' title='bbox 1459 3363 1858 3429; x_wconf 85' lang='lat' dir='ltr'><strong>venerabilior;</strong></span> <span class='ocrx_word' id='word_1_243' title='bbox 1903 3379 2058 3420; x_wconf 90' lang='lat' dir='ltr'><strong>man-</strong></span> 
     </span>
    </p>
   </div>
   <div class='ocr_carea' id='block_1_36' title="bbox 483 3453 2058 3519">
    <p class='ocr_par' dir='ltr' id='par_1_36' title="bbox 483 3453 2058 3519">
     <span class='ocr_line' id='line_1_36' title="bbox 483 3453 2058 3519; baseline 0.003 -13"><span class='ocrx_word' id='word_1_244' title='bbox 483 3462 636 3507; x_wconf 82' lang='lat' dir='ltr'><strong>sueta</strong></span> <span class='ocrx_word' id='word_1_245' title='bbox 674 3453 940 3518; x_wconf 88' lang='lat' dir='ltr'><strong>moribus,</strong></span> <span class='ocrx_word' id='word_1_246' title='bbox 976 3453 1314 3509; x_wconf 88' lang='lat' dir='ltr'><strong>mansuetior</strong></span> <span class='ocrx_word' id='word_1_247' title='bbox 1340 3454 1610 3519; x_wconf 88' lang='lat' dir='ltr'><strong>motibus;</strong></span> <span class='ocrx_word' id='word_1_248' title='bbox 1662 3454 1808 3510; x_wconf 91' lang='lat' dir='ltr'><strong>bona</strong></span> <span class='ocrx_word' id='word_1_249' title='bbox 1850 3456 1906 3510; x_wconf 90' lang='lat' dir='ltr'><strong>in</strong></span> <span class='ocrx_word' id='word_1_250' title='bbox 1956 3455 2058 3511; x_wconf 84' lang='lat' dir='ltr'><strong>ho-</strong></span> 
     </span>
    </p>
   </div>
   <div class='ocr_carea' id='block_1_37' title="bbox 487 3545 2058 3616">
    <p class='ocr_par' dir='ltr' id='par_1_37' title="bbox 487 3545 2058 3616">
     <span class='ocr_line' id='line_1_37' title="bbox 487 3545 2058 3616; baseline 0.003 -18"><span class='ocrx_word' id='word_1_251' title='bbox 487 3547 697 3599; x_wconf 67' lang='lat' dir='ltr'><strong>[uinum</strong></span> <span class='ocrx_word' id='word_1_252' title='bbox 743 3547 938 3609; x_wconf 90' lang='lat' dir='ltr'><strong>oculis,</strong></span> <span class='ocrx_word' id='word_1_253' title='bbox 989 3546 1086 3601; x_wconf 89' lang='lat' dir='ltr'><strong>Dei</strong></span> <span class='ocrx_word' id='word_1_254' title='bbox 1129 3545 1413 3600; x_wconf 83' lang='lat' dir='ltr'><strong>obtutibus</strong></span> <span class='ocrx_word' id='word_1_255' title='bbox 1469 3546 1702 3612; x_wconf 89' lang='lat' dir='ltr'><strong>melior;</strong></span> <span class='ocrx_word' id='word_1_256' title='bbox 1733 3562 1855 3616; x_wconf 74' lang='lat' dir='ltr'><strong>qua:</strong></span> <span class='ocrx_word' id='word_1_257' title='bbox 1888 3548 2058 3604; x_wconf 87' lang='lat' dir='ltr'><strong>Deum</strong></span> 
     </span>
    </p>
   </div>
   <div class='ocr_carea' id='block_1_38' title="bbox 484 3636 2059 3708">
    <p class='ocr_par' dir='ltr' id='par_1_38' title="bbox 484 3636 2059 3708">
     <span class='ocr_line' id='line_1_38' title="bbox 484 3636 2059 3708; baseline 0.003 -18"><span class='ocrx_word' id='word_1_258' title='bbox 484 3646 678 3692; x_wconf 86' lang='lat' dir='ltr'><strong>ventre</strong></span> <span class='ocrx_word' id='word_1_259' title='bbox 725 3636 1056 3706; x_wconf 86' lang='lat' dir='ltr'><strong>susceperit,</strong></span> <span class='ocrx_word' id='word_1_260' title='bbox 1104 3652 1343 3705; x_wconf 86' lang='lat' dir='ltr'><strong>vereque</strong></span> <span class='ocrx_word' id='word_1_261' title='bbox 1386 3637 1557 3692; x_wconf 91' lang='lat' dir='ltr'><strong>Deum</strong></span> <span class='ocrx_word' id='word_1_262' title='bbox 1600 3647 1759 3707; x_wconf 88' lang='lat' dir='ltr'><strong>partu</strong></span> <span class='ocrx_word' id='word_1_263' title='bbox 1788 3637 2059 3708; x_wconf 89' lang='lat' dir='ltr'><strong>ediderit;</strong></span> 
     </span>
    </p>
   </div>
   <div class='ocr_carea' id='block_1_39' title="bbox 486 3727 2064 3801">
    <p class='ocr_par' dir='ltr' id='par_1_39' title="bbox 486 3727 2064 3801">
     <span class='ocr_line' id='line_1_39' title="bbox 486 3727 2064 3801; baseline 0.004 -21"><span class='ocrx_word' id='word_1_264' title='bbox 486 3737 672 3798; x_wconf 86' lang='lat' dir='ltr'><strong>atque,</strong></span> <span class='ocrx_word' id='word_1_265' title='bbox 697 3728 941 3782; x_wconf 84' lang='lat' dir='ltr'><strong>utverbo</strong></span> <span class='ocrx_word' id='word_1_266' title='bbox 963 3727 1162 3792; x_wconf 90' lang='lat' dir='ltr'><strong>dicam,</strong></span> <span class='ocrx_word' id='word_1_267' title='bbox 1191 3735 1302 3783; x_wconf 90' lang='lat' dir='ltr'><strong>tota</strong></span> <span class='ocrx_word' id='word_1_268' title='bbox 1320 3728 1549 3800; x_wconf 89' lang='lat' dir='ltr'><strong>pulchra</strong></span> <span class='ocrx_word' id='word_1_269' title='bbox 1582 3741 1644 3785; x_wconf 89' lang='lat' dir='ltr'><strong>ut</strong></span> <span class='ocrx_word' id='word_1_270' title='bbox 1666 3745 1938 3801; x_wconf 87' lang='lat' dir='ltr'><strong>propensa</strong></span> <span class='ocrx_word' id='word_1_271' title='bbox 1967 3746 2064 3787; x_wconf 92' lang='lat' dir='ltr'><strong>vo-</strong></span> 
     </span>
    </p>
   </div>
   <div class='ocr_carea' id='block_1_40' title="bbox 486 3819 1881 3891">
    <p class='ocr_par' dir='ltr' id='par_1_40' title="bbox 486 3819 1881 3891">
     <span class='ocr_line' id='line_1_40' title="bbox 486 3819 1881 3891; baseline 0.002 -19"><span class='ocrx_word' id='word_1_272' title='bbox 486 3819 692 3882; x_wconf 90' lang='lat' dir='ltr'><strong>luntas,</strong></span> <span class='ocrx_word' id='word_1_273' title='bbox 719 3827 940 3889; x_wconf 86' lang='lat' dir='ltr'><strong>totaque</strong></span> <span class='ocrx_word' id='word_1_274' title='bbox 966 3819 1150 3873; x_wconf 87' lang='lat' dir='ltr'><strong>suavis</strong></span> <span class='ocrx_word' id='word_1_275' title='bbox 1175 3827 1236 3873; x_wconf 91' lang='lat' dir='ltr'><strong>ut</strong></span> <span class='ocrx_word' id='word_1_276' title='bbox 1262 3820 1399 3874; x_wconf 91' lang='lat' dir='ltr'><strong>cella</strong></span> <span class='ocrx_word' id='word_1_277' title='bbox 1429 3822 1792 3891; x_wconf 81' lang='lat' dir='ltr'><strong>unguentaria</strong></span> <span class='ocrx_word' id='word_1_278' title='bbox 1815 3821 1881 3876; x_wconf 76' lang='lat'><strong>“.</strong></span> 
     </span>
    </p>
   </div>
   <div class='ocr_carea' id='block_1_41' title="bbox 559 3906 2063 3980">
    <p class='ocr_par' dir='ltr' id='par_1_41' title="bbox 559 3906 2063 3980">
     <span class='ocr_line' id='line_1_41' title="bbox 559 3906 2063 3980; baseline -0.002 -19"><span class='ocrx_word' id='word_1_279' title='bbox 559 3906 675 3961; x_wconf 83' lang='grc' dir='ltr'><strong>ΧΗ.</strong></span> <span class='ocrx_word' id='word_1_280' title='bbox 714 3907 863 3962; x_wconf 82' lang='lat' dir='ltr'><strong>llane</strong></span> <span class='ocrx_word' id='word_1_281' title='bbox 886 3907 1045 3963; x_wconf 92' lang='lat' dir='ltr'><strong>nobis</strong></span> <span class='ocrx_word' id='word_1_282' title='bbox 1067 3908 1353 3964; x_wconf 88' lang='lat' dir='ltr'><strong>conditore</strong></span> <span class='ocrx_word' id='word_1_283' title='bbox 1380 3909 1600 3980; x_wconf 85' lang='lat' dir='ltr'><strong>dignam</strong></span> <span class='ocrx_word' id='word_1_284' title='bbox 1627 3909 1853 3964; x_wconf 88' lang='lat' dir='ltr'><strong>donavit</strong></span> <span class='ocrx_word' id='word_1_285' title='bbox 1878 3907 2063 3962; x_wconf 88' lang='lat' dir='ltr'><strong>divina</strong></span> 
     </span>
    </p>
   </div>
   <div class='ocr_carea' id='block_1_42' title="bbox 489 3999 2064 4072">
    <p class='ocr_par' dir='ltr' id='par_1_42' title="bbox 489 3999 2064 4072">
     <span class='ocr_line' id='line_1_42' title="bbox 489 3999 2064 4072; baseline 0.001 -18"><span class='ocrx_word' id='word_1_286' title='bbox 489 3999 856 4071; x_wconf 83' lang='lat' dir='ltr'><strong>providentia,</strong></span> <span class='ocrx_word' id='word_1_287' title='bbox 894 4000 1170 4055; x_wconf 89' lang='lat' dir='ltr'><strong>bonorum</strong></span> <span class='ocrx_word' id='word_1_288' title='bbox 1199 4001 1654 4067; x_wconf 88' lang='lat' dir='ltr'><strong>eoneiliatricem,</strong></span> <span class='ocrx_word' id='word_1_289' title='bbox 1703 4017 1815 4057; x_wconf 92' lang='lat' dir='ltr'><strong>non</strong></span> <span class='ocrx_word' id='word_1_290' title='bbox 1840 4015 1964 4072; x_wconf 66' lang='lat' dir='ltr'><strong>quas</strong></span> <span class='ocrx_word' id='word_1_291' title='bbox 1994 3999 2064 4055; x_wconf 93' lang='lat' dir='ltr'><strong>ad</strong></span> 
     </span>
    </p>
   </div>
   <div class='ocr_carea' id='block_1_43' title="bbox 491 4092 2063 4164">
    <p class='ocr_par' dir='ltr' id='par_1_43' title="bbox 491 4092 2063 4164">
     <span class='ocr_line' id='line_1_43' title="bbox 491 4092 2063 4164; baseline 0 -17"><span class='ocrx_word' id='word_1_292' title='bbox 491 4092 919 4148; x_wconf 86' lang='lat' dir='ltr'><strong>inobedientiam</strong></span> <span class='ocrx_word' id='word_1_293' title='bbox 974 4093 1189 4157; x_wconf 87' lang='lat' dir='ltr'><strong>incitet,</strong></span> <span class='ocrx_word' id='word_1_294' title='bbox 1249 4093 1347 4148; x_wconf 90' lang='lat' dir='ltr'><strong>sed</strong></span> <span class='ocrx_word' id='word_1_295' title='bbox 1397 4109 1519 4164; x_wconf 63' lang='lat' dir='ltr'><strong>quae</strong></span> <span class='ocrx_word' id='word_1_296' title='bbox 1539 4093 1607 4148; x_wconf 90' lang='lat' dir='ltr'><strong>ad</strong></span> <span class='ocrx_word' id='word_1_297' title='bbox 1654 4093 2063 4164; x_wconf 88' lang='lat' dir='ltr'><strong>obsequendam</strong></span> 
     </span>
    </p>
   </div>
   <div class='ocr_carea' id='block_1_44' title="bbox 491 4184 2062 4256">
    <p class='ocr_par' dir='ltr' id='par_1_44' title="bbox 491 4184 2062 4256">
     <span class='ocr_line' id='line_1_44' title="bbox 491 4184 2062 4256; baseline -0.001 -16"><span class='ocrx_word' id='word_1_298' title='bbox 491 4184 711 4240; x_wconf 83' lang='lat' dir='ltr'><strong>ductrix</strong></span> <span class='ocrx_word' id='word_1_299' title='bbox 735 4185 998 4252; x_wconf 81' lang='lat' dir='ltr'><strong>exsistat;</strong></span> <span class='ocrx_word' id='word_1_300' title='bbox 1024 4201 1134 4240; x_wconf 89' lang='lat' dir='ltr'><strong>non</strong></span> <span class='ocrx_word' id='word_1_301' title='bbox 1158 4201 1280 4256; x_wconf 57' lang='lat' dir='ltr'><strong>quae</strong></span> <span class='ocrx_word' id='word_1_302' title='bbox 1329 4185 1570 4242; x_wconf 78' lang='lat' dir='ltr'><strong>fructum</strong></span> <span class='ocrx_word' id='word_1_303' title='bbox 1604 4185 1880 4241; x_wconf 86' lang='lat' dir='ltr'><strong>letiferum</strong></span> <span class='ocrx_word' id='word_1_304' title='bbox 1933 4201 2062 4254; x_wconf 85' lang='lat' dir='ltr'><strong>por—</strong></span> 
     </span>
    </p>
   </div>
   <div class='ocr_carea' id='block_1_45' title="bbox 491 4280 2066 4352">
    <p class='ocr_par' dir='ltr' id='par_1_45' title="bbox 491 4280 2066 4352">
     <span class='ocr_line' id='line_1_45' title="bbox 491 4280 2066 4352; baseline 0.001 -18"><span class='ocrx_word' id='word_1_305' title='bbox 491 4280 649 4351; x_wconf 85' lang='lat' dir='ltr'><strong>rigat,</strong></span> <span class='ocrx_word' id='word_1_306' title='bbox 682 4280 777 4335; x_wconf 87' lang='lat' dir='ltr'><strong>sed</strong></span> <span class='ocrx_word' id='word_1_307' title='bbox 831 4296 953 4350; x_wconf 75' lang='lat' dir='ltr'><strong>qua:</strong></span> <span class='ocrx_word' id='word_1_308' title='bbox 985 4296 1185 4351; x_wconf 89' lang='lat' dir='ltr'><strong>panem</strong></span> <span class='ocrx_word' id='word_1_309' title='bbox 1226 4280 1451 4336; x_wconf 86' lang='lat' dir='ltr'><strong>vitalem</strong></span> <span class='ocrx_word' id='word_1_310' title='bbox 1497 4281 1767 4352; x_wconf 84' lang='lat' dir='ltr'><strong>praebeat;</strong></span> <span class='ocrx_word' id='word_1_311' title='bbox 1804 4297 1914 4336; x_wconf 92' lang='lat' dir='ltr'><strong>non</strong></span> <span class='ocrx_word' id='word_1_312' title='bbox 1943 4297 2066 4352; x_wconf 82' lang='lat' dir='ltr'><strong>quae</strong></span> 
     </span>
    </p>
   </div>
   <div class='ocr_carea' id='block_1_46' title="bbox 491 4372 2065 4444">
    <p class='ocr_par' dir='ltr' id='par_1_46' title="bbox 491 4372 2065 4444">
     <span class='ocr_line' id='line_1_46' title="bbox 491 4372 2065 4444; baseline 0.001 -16"><span class='ocrx_word' id='word_1_313' title='bbox 491 4375 678 4428; x_wconf 91' lang='lat' dir='ltr'><strong>animo</strong></span> <span class='ocrx_word' id='word_1_314' title='bbox 720 4373 878 4428; x_wconf 83' lang='lat' dir='ltr'><strong>facile</strong></span> <span class='ocrx_word' id='word_1_315' title='bbox 931 4373 1197 4438; x_wconf 85' lang='lat' dir='ltr'><strong>lasciviat,</strong></span> <span class='ocrx_word' id='word_1_316' title='bbox 1234 4372 1328 4427; x_wconf 89' lang='lat' dir='ltr'><strong>sed</strong></span> <span class='ocrx_word' id='word_1_317' title='bbox 1359 4390 1480 4444; x_wconf 62' lang='lat' dir='ltr'><strong>quae</strong></span> <span class='ocrx_word' id='word_1_318' title='bbox 1514 4375 1742 4431; x_wconf 86' lang='lat' dir='ltr'><strong>robusto</strong></span> <span class='ocrx_word' id='word_1_319' title='bbox 1777 4391 1941 4430; x_wconf 90' lang='lat' dir='ltr'><strong>sensu</strong></span> <span class='ocrx_word' id='word_1_320' title='bbox 1971 4391 2065 4430; x_wconf 87' lang='lat' dir='ltr'><strong>ex-</strong></span> 
     </span>
    </p>
   </div>
   <div class='ocr_carea' id='block_1_47' title="bbox 492 4465 2062 4535">
    <p class='ocr_par' dir='ltr' id='par_1_47' title="bbox 492 4465 2062 4535">
     <span class='ocr_line' id='line_1_47' title="bbox 492 4465 2062 4535; baseline 0 -15"><span class='ocrx_word' id='word_1_321' title='bbox 492 4465 682 4530; x_wconf 88' lang='lat' dir='ltr'><strong>sistat;</strong></span> <span class='ocrx_word' id='word_1_322' title='bbox 716 4480 824 4520; x_wconf 90' lang='lat' dir='ltr'><strong>non</strong></span> <span class='ocrx_word' id='word_1_323' title='bbox 861 4465 1079 4519; x_wconf 89' lang='lat' dir='ltr'><strong>mollem</strong></span> <span class='ocrx_word' id='word_1_324' title='bbox 1119 4465 1472 4535; x_wconf 83' lang='lat' dir='ltr'><strong>cogitatione,</strong></span> <span class='ocrx_word' id='word_1_325' title='bbox 1518 4465 1612 4521; x_wconf 90' lang='lat' dir='ltr'><strong>sed</strong></span> <span class='ocrx_word' id='word_1_326' title='bbox 1653 4474 1835 4522; x_wconf 90' lang='lat' dir='ltr'><strong>mente</strong></span> <span class='ocrx_word' id='word_1_327' title='bbox 1868 4467 2062 4531; x_wconf 82' lang='lat' dir='ltr'><strong>firma;</strong></span> 
     </span>
    </p>
   </div>
   <div class='ocr_carea' id='block_1_48' title="bbox 2150 645 3724 715">
    <p class='ocr_par' dir='ltr' id='par_1_48' title="bbox 2150 645 3724 715">
     <span class='ocr_line' id='line_1_48' title="bbox 2150 645 3724 715; baseline 0.005 -20"><span class='ocrx_word' id='word_1_328' title='bbox 2150 651 2463 708; x_wconf 78' lang='lat' dir='ltr'><strong>contexens,</strong></span> <span class='ocrx_word' id='word_1_329' title='bbox 2495 645 2550 699; x_wconf 85' lang='lat' dir='ltr'><strong>in</strong></span> <span class='ocrx_word' id='word_1_330' title='bbox 2584 645 2752 715; x_wconf 88' lang='lat' dir='ltr'><strong>pedes</strong></span> <span class='ocrx_word' id='word_1_331' title='bbox 2781 655 2998 702; x_wconf 88' lang='lat' dir='ltr'><strong>erectus</strong></span> <span class='ocrx_word' id='word_1_332' title='bbox 3031 647 3251 702; x_wconf 90' lang='lat' dir='ltr'><strong>laudem</strong></span> <span class='ocrx_word' id='word_1_333' title='bbox 3308 649 3490 713; x_wconf 78' lang='lat' dir='ltr'><strong>oflcrt,</strong></span> <span class='ocrx_word' id='word_1_334' title='bbox 3556 665 3724 704; x_wconf 92' lang='lat' dir='ltr'><strong>manu</strong></span> 
     </span>
    </p>
   </div>
   <div class='ocr_carea' id='block_1_49' title="bbox 2149 735 3725 810">
    <p class='ocr_par' dir='ltr' id='par_1_49' title="bbox 2149 735 3725 810">
     <span class='ocr_line' id='line_1_49' title="bbox 2149 735 3725 810; baseline 0.004 -24"><span class='ocrx_word' id='word_1_335' title='bbox 2149 736 2404 802; x_wconf 89' lang='lat' dir='ltr'><strong>quatiens</strong></span> <span class='ocrx_word' id='word_1_336' title='bbox 2431 735 2711 805; x_wconf 88' lang='lat' dir='ltr'><strong>verboque</strong></span> <span class='ocrx_word' id='word_1_337' title='bbox 2737 735 3080 792; x_wconf 86' lang='lat' dir='ltr'><strong>acclamans:</strong></span> <span class='ocrx_word' id='word_1_338' title='bbox 3127 757 3145 788; x_wconf 78' lang='grc' dir='ltr'>σ</span> <span class='ocrx_word' id='word_1_339' title='bbox 3175 739 3310 802; x_wconf 82' lang='lat' dir='ltr'><strong>Ave;</strong></span> <span class='ocrx_word' id='word_1_340' title='bbox 3342 740 3515 809; x_wconf 82' lang='lat' dir='ltr'><strong>gratia</strong></span> <span class='ocrx_word' id='word_1_341' title='bbox 3529 739 3725 810; x_wconf 87' lang='lat' dir='ltr'><strong>plena;</strong></span> 
     </span>
    </p>
   </div>
   <div class='ocr_carea' id='block_1_50' title="bbox 2149 822 3730 898">
    <p class='ocr_par' dir='ltr' id='par_1_50' title="bbox 2149 822 3730 898">
     <span class='ocr_line' id='line_1_50' title="bbox 2149 822 3730 898; baseline 0.004 -22"><span class='ocrx_word' id='word_1_342' title='bbox 2149 822 2411 878; x_wconf 89' lang='lat' dir='ltr'><strong>Dominus</strong></span> <span class='ocrx_word' id='word_1_343' title='bbox 2439 833 2618 880; x_wconf 90' lang='lat' dir='ltr'><strong>tecum</strong></span> <span class='ocrx_word' id='word_1_344' title='bbox 2639 826 2725 880; x_wconf 68' lang='grc'><strong>³⁸⁶.</strong></span> <span class='ocrx_word' id='word_1_345' title='bbox 2765 846 2782 879; x_wconf 87' lang='grc' dir='ltr'><strong>ι</strong></span> <span class='ocrx_word' id='word_1_346' title='bbox 2815 827 3109 882; x_wconf 85' lang='lat' dir='ltr'><strong>Benedicta</strong></span> <span class='ocrx_word' id='word_1_347' title='bbox 3135 835 3214 892; x_wconf 89' lang='lat' dir='ltr'><strong>tu,</strong></span> <span class='ocrx_word' id='word_1_348' title='bbox 3239 828 3613 898; x_wconf 85' lang='lat' dir='ltr'><strong>pulcherrima</strong></span> <span class='ocrx_word' id='word_1_349' title='bbox 3661 844 3730 883; x_wconf 89' lang='lat' dir='ltr'><strong>ac</strong></span> 
     </span>
    </p>
   </div>
   <div class='ocr_carea' id='block_1_51' title="bbox 2148 911 3732 987">
    <p class='ocr_par' dir='ltr' id='par_1_51' title="bbox 2148 911 3732 987">
     <span class='ocr_line' id='line_1_51' title="bbox 2148 911 3732 987; baseline 0.004 -21"><span class='ocrx_word' id='word_1_350' title='bbox 2148 911 2544 969; x_wconf 84' lang='lat' dir='ltr'><strong>formosissima</strong></span> <span class='ocrx_word' id='word_1_351' title='bbox 2589 916 2901 972; x_wconf 90' lang='lat' dir='ltr'><strong>mulierum.</strong></span> <span class='ocrx_word' id='word_1_352' title='bbox 2945 937 2962 968; x_wconf 74' lang='grc' dir='ltr'><strong>ε</strong></span> <span class='ocrx_word' id='word_1_353' title='bbox 3017 917 3282 972; x_wconf 89' lang='lat' dir='ltr'><strong>Dominus</strong></span> <span class='ocrx_word' id='word_1_354' title='bbox 3307 926 3510 982; x_wconf 87' lang='lat' dir='ltr'><strong>tecum,</strong></span> <span class='ocrx_word' id='word_1_355' title='bbox 3546 937 3563 970; x_wconf 84' lang='grc' dir='ltr'><strong>ι</strong></span> <span class='ocrx_word' id='word_1_356' title='bbox 3604 933 3732 987; x_wconf 77' lang='lat' dir='ltr'><strong>qua:</strong></span> 
     </span>
    </p>
   </div>
   <div class='ocr_carea' id='block_1_52' title="bbox 2153 1005 3727 1079">
    <p class='ocr_par' dir='ltr' id='par_1_52' title="bbox 2153 1005 3727 1079">
     <span class='ocr_line' id='line_1_52' title="bbox 2153 1005 3727 1079; baseline 0.004 -24"><span class='ocrx_word' id='word_1_357' title='bbox 2153 1009 2267 1058; x_wconf 90' lang='lat' dir='ltr'><strong>tota</strong></span> <span class='ocrx_word' id='word_1_358' title='bbox 2292 1005 2650 1071; x_wconf 90' lang='lat' dir='ltr'><strong>venerabilis,</strong></span> <span class='ocrx_word' id='word_1_359' title='bbox 2675 1015 2787 1062; x_wconf 88' lang='lat' dir='ltr'><strong>tota</strong></span> <span class='ocrx_word' id='word_1_360' title='bbox 2813 1009 3072 1079; x_wconf 86' lang='lat' dir='ltr'><strong>gloriosa,</strong></span> <span class='ocrx_word' id='word_1_361' title='bbox 3098 1015 3212 1062; x_wconf 90' lang='lat' dir='ltr'><strong>tota</strong></span> <span class='ocrx_word' id='word_1_362' title='bbox 3237 1009 3380 1063; x_wconf 85' lang='lat' dir='ltr'><strong>bona</strong></span> <span class='ocrx_word' id='word_1_363' title='bbox 3429 1008 3527 1063; x_wconf 88' lang='lat' dir='ltr'><strong>sis.</strong></span> <span class='ocrx_word' id='word_1_364' title='bbox 3565 1027 3583 1059; x_wconf 86' lang='grc'><strong><em>‹</em></strong></span> <span class='ocrx_word' id='word_1_365' title='bbox 3615 1009 3727 1062; x_wconf 91' lang='lat' dir='ltr'><strong>Do-</strong></span> 
     </span>
    </p>
   </div>
   <div class='ocr_carea' id='block_1_53' title="bbox 2150 1096 3732 1169">
    <p class='ocr_par' dir='ltr' id='par_1_53' title="bbox 2150 1096 3732 1169">
     <span class='ocr_line' id='line_1_53' title="bbox 2150 1096 3732 1169; baseline 0.001 -18"><span class='ocrx_word' id='word_1_366' title='bbox 2150 1096 2335 1151; x_wconf 89' lang='lat' dir='ltr'><strong>minus</strong></span> <span class='ocrx_word' id='word_1_367' title='bbox 2359 1104 2566 1161; x_wconf 89' lang='lat' dir='ltr'><strong>tecum,</strong></span> <span class='ocrx_word' id='word_1_368' title='bbox 2601 1116 2620 1148; x_wconf 76' lang='grc' dir='ltr'><strong>ι</strong></span> <span class='ocrx_word' id='word_1_369' title='bbox 2651 1099 2964 1154; x_wconf 84' lang='lat' dir='ltr'><strong>veneranda</strong></span> <span class='ocrx_word' id='word_1_370' title='bbox 2995 1108 3076 1164; x_wconf 91' lang='lat' dir='ltr'><strong>tu,</strong></span> <span class='ocrx_word' id='word_1_371' title='bbox 3109 1098 3577 1169; x_wconf 82' lang='lat' dir='ltr'><strong>ineomparabilis,</strong></span> <span class='ocrx_word' id='word_1_372' title='bbox 3609 1115 3732 1153; x_wconf 91' lang='lat' dir='ltr'><strong>om-</strong></span> 
     </span>
    </p>
   </div>
   <div class='ocr_carea' id='block_1_54' title="bbox 2151 1187 3730 1262">
    <p class='ocr_par' dir='ltr' id='par_1_54' title="bbox 2151 1187 3730 1262">
     <span class='ocr_line' id='line_1_54' title="bbox 2151 1187 3730 1262; baseline 0.003 -22"><span class='ocrx_word' id='word_1_373' title='bbox 2151 1202 2278 1242; x_wconf 90' lang='lat' dir='ltr'><strong>nem</strong></span> <span class='ocrx_word' id='word_1_374' title='bbox 2302 1187 2606 1243; x_wconf 86' lang='lat' dir='ltr'><strong>claritatem</strong></span> <span class='ocrx_word' id='word_1_375' title='bbox 2633 1203 2921 1259; x_wconf 91' lang='lat' dir='ltr'><strong>superans,</strong></span> <span class='ocrx_word' id='word_1_376' title='bbox 2955 1197 3068 1244; x_wconf 92' lang='lat' dir='ltr'><strong>tota</strong></span> <span class='ocrx_word' id='word_1_377' title='bbox 3095 1189 3234 1244; x_wconf 92' lang='lat' dir='ltr'><strong>lucis</strong></span> <span class='ocrx_word' id='word_1_378' title='bbox 3259 1189 3566 1262; x_wconf 81' lang='lat' dir='ltr'><strong>fulgoribus</strong></span> <span class='ocrx_word' id='word_1_379' title='bbox 3589 1205 3730 1244; x_wconf 90' lang='lat' dir='ltr'><strong>con-</strong></span> 
     </span>
    </p>
   </div>
   <div class='ocr_carea' id='block_1_55' title="bbox 2151 1279 3733 1350">
    <p class='ocr_par' dir='ltr' id='par_1_55' title="bbox 2151 1279 3733 1350">
     <span class='ocr_line' id='line_1_55' title="bbox 2151 1279 3733 1350; baseline 0.001 -18"><span class='ocrx_word' id='word_1_380' title='bbox 2151 1287 2324 1343; x_wconf 90' lang='lat' dir='ltr'><strong>creta,</strong></span> <span class='ocrx_word' id='word_1_381' title='bbox 2380 1279 2489 1333; x_wconf 89' lang='lat' dir='ltr'><strong>Deo</strong></span> <span class='ocrx_word' id='word_1_382' title='bbox 2549 1279 2734 1350; x_wconf 89' lang='lat' dir='ltr'><strong>digna,</strong></span> <span class='ocrx_word' id='word_1_383' title='bbox 2783 1279 3165 1336; x_wconf 85' lang='lat' dir='ltr'><strong>beatificanda.</strong></span> <span class='ocrx_word' id='word_1_384' title='bbox 3202 1280 3426 1336; x_wconf 86' lang='lat' dir='ltr'><strong>Summe</strong></span> <span class='ocrx_word' id='word_1_385' title='bbox 3483 1280 3733 1335; x_wconf 89' lang='lat' dir='ltr'><strong>demiror</strong></span> 
     </span>
    </p>
   </div>
   <div class='ocr_carea' id='block_1_56' title="bbox 2154 1368 3724 1434">
    <p class='ocr_par' dir='ltr' id='par_1_56' title="bbox 2154 1368 3724 1434">
     <span class='ocr_line' id='line_1_56' title="bbox 2154 1368 3724 1434; baseline -0.004 -10"><span class='ocrx_word' id='word_1_386' title='bbox 2154 1381 2302 1424; x_wconf 89' lang='lat' dir='ltr'><strong>tuam</strong></span> <span class='ocrx_word' id='word_1_387' title='bbox 2319 1369 2663 1434; x_wconf 87' lang='lat' dir='ltr'><strong>modestiam,</strong></span> <span class='ocrx_word' id='word_1_388' title='bbox 2677 1385 2712 1424; x_wconf 91' lang='grc' dir='ltr'>ο</span> <span class='ocrx_word' id='word_1_389' title='bbox 2725 1369 3044 1425; x_wconf 85' lang='lat' dir='ltr'><strong>celsissima.</strong></span> <span class='ocrx_word' id='word_1_390' title='bbox 3066 1387 3084 1420; x_wconf 76' lang='grc' dir='ltr'><strong>ι</strong></span> <span class='ocrx_word' id='word_1_391' title='bbox 3105 1369 3184 1424; x_wconf 86' lang='lat' dir='ltr'><strong>Ne</strong></span> <span class='ocrx_word' id='word_1_392' title='bbox 3205 1369 3420 1434; x_wconf 88' lang='lat' dir='ltr'><strong>timeas,</strong></span> <span class='ocrx_word' id='word_1_393' title='bbox 3439 1368 3609 1424; x_wconf 79' lang='lat' dir='ltr'><strong>Maria</strong></span> <span class='ocrx_word' id='word_1_394' title='bbox 3621 1370 3688 1432; x_wconf 80' lang='grc'><strong>³⁵,</strong></span> <span class='ocrx_word' id='word_1_395' title='bbox 3704 1388 3724 1418; x_wconf 76' lang='grc' dir='ltr'><strong>ι</strong></span> 
     </span>
    </p>
   </div>
   <div class='ocr_carea' id='block_1_57' title="bbox 2152 1460 3730 1530">
    <p class='ocr_par' dir='ltr' id='par_1_57' title="bbox 2152 1460 3730 1530">
     <span class='ocr_line' id='line_1_57' title="bbox 2152 1460 3730 1530; baseline -0.001 -16"><span class='ocrx_word' id='word_1_396' title='bbox 2152 1460 2265 1514; x_wconf 88' lang='lat' dir='ltr'><strong>Deo</strong></span> <span class='ocrx_word' id='word_1_397' title='bbox 2307 1474 2527 1529; x_wconf 89' lang='lat' dir='ltr'><strong>sponsa,</strong></span> <span class='ocrx_word' id='word_1_398' title='bbox 2561 1460 2870 1530; x_wconf 89' lang='lat' dir='ltr'><strong>pignusque</strong></span> <span class='ocrx_word' id='word_1_399' title='bbox 2898 1460 2956 1514; x_wconf 92' lang='lat' dir='ltr'><strong>in</strong></span> <span class='ocrx_word' id='word_1_400' title='bbox 2999 1460 3204 1514; x_wconf 90' lang='lat' dir='ltr'><strong>sanctis</strong></span> <span class='ocrx_word' id='word_1_401' title='bbox 3252 1460 3568 1515; x_wconf 89' lang='lat' dir='ltr'><strong>educatum.</strong></span> <span class='ocrx_word' id='word_1_402' title='bbox 3605 1460 3730 1514; x_wconf 88' lang='lat' dir='ltr'><strong>Non</strong></span> 
     </span>
    </p>
   </div>
   <div class='ocr_carea' id='block_1_58' title="bbox 2154 1546 3730 1618">
    <p class='ocr_par' dir='ltr' id='par_1_58' title="bbox 2154 1546 3730 1618">
     <span class='ocr_line' id='line_1_58' title="bbox 2154 1546 3730 1618; baseline -0.001 -16"><span class='ocrx_word' id='word_1_403' title='bbox 2154 1546 2572 1618; x_wconf 87' lang='lat' dir='ltr'><strong>conceptionem</strong></span> <span class='ocrx_word' id='word_1_404' title='bbox 2621 1548 2678 1602; x_wconf 91' lang='lat' dir='ltr'><strong>in</strong></span> <span class='ocrx_word' id='word_1_405' title='bbox 2725 1547 3112 1617; x_wconf 88' lang='lat' dir='ltr'><strong>iniquitatibus</strong></span> <span class='ocrx_word' id='word_1_406' title='bbox 3145 1546 3213 1613; x_wconf 79' lang='grc'><strong>³⁸,</strong></span> <span class='ocrx_word' id='word_1_407' title='bbox 3253 1556 3353 1602; x_wconf 89' lang='lat' dir='ltr'><strong>aut</strong></span> <span class='ocrx_word' id='word_1_408' title='bbox 3397 1555 3618 1617; x_wconf 80' lang='lat' dir='ltr'><strong>partum</strong></span> <span class='ocrx_word' id='word_1_409' title='bbox 3669 1547 3730 1600; x_wconf 90' lang='lat' dir='ltr'><strong>in</strong></span> 
     </span>
    </p>
   </div>
   <div class='ocr_carea' id='block_1_59' title="bbox 2155 1637 3730 1709">
    <p class='ocr_par' dir='ltr' id='par_1_59' title="bbox 2155 1637 3730 1709">
     <span class='ocr_line' id='line_1_59' title="bbox 2155 1637 3730 1709; baseline -0.001 -15"><span class='ocrx_word' id='word_1_410' title='bbox 2155 1638 2395 1708; x_wconf 89' lang='lat' dir='ltr'><strong>peccatis</strong></span> <span class='ocrx_word' id='word_1_411' title='bbox 2417 1637 2517 1692; x_wconf 87' lang='lat' dir='ltr'><strong>tibi</strong></span> <span class='ocrx_word' id='word_1_412' title='bbox 2549 1652 2670 1692; x_wconf 91' lang='lat' dir='ltr'><strong>sum</strong></span> <span class='ocrx_word' id='word_1_413' title='bbox 2715 1638 3168 1703; x_wconf 88' lang='lat' dir='ltr'><strong>annuntiaturus,</strong></span> <span class='ocrx_word' id='word_1_414' title='bbox 3215 1638 3312 1693; x_wconf 89' lang='lat' dir='ltr'><strong>sed</strong></span> <span class='ocrx_word' id='word_1_415' title='bbox 3342 1637 3600 1709; x_wconf 87' lang='lat' dir='ltr'><strong>gaudium</strong></span> <span class='ocrx_word' id='word_1_416' title='bbox 3626 1654 3730 1693; x_wconf 85' lang='lat' dir='ltr'><strong>ex-</strong></span> 
     </span>
    </p>
   </div>
   <div class='ocr_carea' id='block_1_60' title="bbox 2155 1727 3730 1798">
    <p class='ocr_par' dir='ltr' id='par_1_60' title="bbox 2155 1727 3730 1798">
     <span class='ocr_line' id='line_1_60' title="bbox 2155 1727 3730 1798; baseline 0 -16"><span class='ocrx_word' id='word_1_417' title='bbox 2155 1728 2438 1798; x_wconf 87' lang='lat' dir='ltr'><strong>positurus</strong></span> <span class='ocrx_word' id='word_1_418' title='bbox 2465 1727 2612 1798; x_wconf 90' lang='lat' dir='ltr'><strong>quod</strong></span> <span class='ocrx_word' id='word_1_419' title='bbox 2633 1728 2760 1783; x_wconf 58' lang='lat' dir='ltr'><strong>Eva:</strong></span> <span class='ocrx_word' id='word_1_420' title='bbox 2793 1727 3074 1783; x_wconf 91' lang='lat' dir='ltr'><strong>tristitiam</strong></span> <span class='ocrx_word' id='word_1_421' title='bbox 3095 1727 3328 1784; x_wconf 83' lang='lat' dir='ltr'><strong>auferat.</strong></span> <span class='ocrx_word' id='word_1_422' title='bbox 3362 1727 3483 1782; x_wconf 84' lang='lat' dir='ltr'><strong>Non</strong></span> <span class='ocrx_word' id='word_1_423' title='bbox 3505 1737 3730 1798; x_wconf 90' lang='lat' dir='ltr'><strong>parturn</strong></span> 
     </span>
    </p>
   </div>
   <div class='ocr_carea' id='block_1_61' title="bbox 2158 1819 3728 1890">
    <p class='ocr_par' dir='ltr' id='par_1_61' title="bbox 2158 1819 3728 1890">
     <span class='ocr_line' id='line_1_61' title="bbox 2158 1819 3728 1890; baseline -0.002 -16"><span class='ocrx_word' id='word_1_424' title='bbox 2158 1820 2214 1874; x_wconf 92' lang='lat' dir='ltr'><strong>in</strong></span> <span class='ocrx_word' id='word_1_425' title='bbox 2241 1819 2548 1884; x_wconf 89' lang='lat' dir='ltr'><strong>doloribus,</strong></span> <span class='ocrx_word' id='word_1_426' title='bbox 2573 1819 2795 1876; x_wconf 90' lang='lat' dir='ltr'><strong>luctuve</strong></span> <span class='ocrx_word' id='word_1_427' title='bbox 2829 1822 3045 1890; x_wconf 86' lang='lat' dir='ltr'><strong>plenam</strong></span> <span class='ocrx_word' id='word_1_428' title='bbox 3071 1819 3383 1876; x_wconf 81' lang='lat' dir='ltr'><strong>enixionem</strong></span> <span class='ocrx_word' id='word_1_429' title='bbox 3431 1819 3728 1882; x_wconf 79' lang='lat' dir='ltr'><strong>annuntio,</strong></span> 
     </span>
    </p>
   </div>
   <div class='ocr_carea' id='block_1_62' title="bbox 2155 1909 3730 1982">
    <p class='ocr_par' dir='ltr' id='par_1_62' title="bbox 2155 1909 3730 1982">
     <span class='ocr_line' id='line_1_62' title="bbox 2155 1909 3730 1982; baseline -0.001 -18"><span class='ocrx_word' id='word_1_430' title='bbox 2155 1909 2252 1965; x_wconf 88' lang='lat' dir='ltr'><strong>sed</strong></span> <span class='ocrx_word' id='word_1_431' title='bbox 2278 1910 2619 1965; x_wconf 86' lang='lat' dir='ltr'><strong>nativitatem</strong></span> <span class='ocrx_word' id='word_1_432' title='bbox 2641 1911 2912 1982; x_wconf 75' lang='lat' dir='ltr'><strong>prtesigno</strong></span> <span class='ocrx_word' id='word_1_433' title='bbox 2933 1926 3054 1980; x_wconf 72' lang='lat' dir='ltr'><strong>qua:</strong></span> <span class='ocrx_word' id='word_1_434' title='bbox 3074 1910 3391 1966; x_wconf 90' lang='lat' dir='ltr'><strong>consoletur</strong></span> <span class='ocrx_word' id='word_1_435' title='bbox 3401 1924 3466 1964; x_wconf 88' lang='lat' dir='ltr'><strong>ac</strong></span> <span class='ocrx_word' id='word_1_436' title='bbox 3479 1909 3730 1964; x_wconf 72' lang='lat' dir='ltr'><strong>laetitiam</strong></span> 
     </span>
    </p>
   </div>
   <div class='ocr_carea' id='block_1_63' title="bbox 2154 1999 3730 2070">
    <p class='ocr_par' dir='ltr' id='par_1_63' title="bbox 2154 1999 3730 2070">
     <span class='ocr_line' id='line_1_63' title="bbox 2154 1999 3730 2070; baseline -0.003 -14"><span class='ocrx_word' id='word_1_437' title='bbox 2154 2000 2368 2056; x_wconf 73' lang='lat' dir='ltr'><strong>afferat.</strong></span> <span class='ocrx_word' id='word_1_438' title='bbox 2394 2000 2517 2056; x_wconf 89' lang='lat' dir='ltr'><strong>Noli</strong></span> <span class='ocrx_word' id='word_1_439' title='bbox 2541 2016 2663 2070; x_wconf 66' lang='lat' dir='ltr'><strong>quae</strong></span> <span class='ocrx_word' id='word_1_440' title='bbox 2711 2001 2900 2056; x_wconf 89' lang='lat' dir='ltr'><strong>divina</strong></span> <span class='ocrx_word' id='word_1_441' title='bbox 2929 2007 3056 2056; x_wconf 89' lang='lat' dir='ltr'><strong>sunt</strong></span> <span class='ocrx_word' id='word_1_442' title='bbox 3109 1999 3354 2054; x_wconf 89' lang='lat' dir='ltr'><strong>humano</strong></span> <span class='ocrx_word' id='word_1_443' title='bbox 3396 2012 3550 2054; x_wconf 91' lang='lat' dir='ltr'><strong>more</strong></span> <span class='ocrx_word' id='word_1_444' title='bbox 3585 2011 3730 2068; x_wconf 86' lang='lat' dir='ltr'><strong>pen-</strong></span> 
     </span>
    </p>
   </div>
   <div class='ocr_carea' id='block_1_64' title="bbox 2154 2090 3730 2164">
    <p class='ocr_par' dir='ltr' id='par_1_64' title="bbox 2154 2090 3730 2164">
     <span class='ocr_line' id='line_1_64' title="bbox 2154 2090 3730 2164; baseline -0.001 -18"><span class='ocrx_word' id='word_1_445' title='bbox 2154 2107 2297 2147; x_wconf 90' lang='lat' dir='ltr'><strong>sare.</strong></span> <span class='ocrx_word' id='word_1_446' title='bbox 2324 2092 2510 2162; x_wconf 88' lang='lat' dir='ltr'><strong>Neque</strong></span> <span class='ocrx_word' id='word_1_447' title='bbox 2542 2092 2688 2148; x_wconf 92' lang='lat' dir='ltr'><strong>enim</strong></span> <span class='ocrx_word' id='word_1_448' title='bbox 2720 2092 3006 2164; x_wconf 84' lang='lat' dir='ltr'><strong>lugubrem</strong></span> <span class='ocrx_word' id='word_1_449' title='bbox 3051 2090 3448 2161; x_wconf 87' lang='lat' dir='ltr'><strong>parturiginem</strong></span> <span class='ocrx_word' id='word_1_450' title='bbox 3467 2098 3564 2146; x_wconf 83' lang='lat' dir='ltr'><strong>aut</strong></span> <span class='ocrx_word' id='word_1_451' title='bbox 3602 2104 3730 2145; x_wconf 81' lang='lat' dir='ltr'><strong>mo-</strong></span> 
     </span>
    </p>
   </div>
   <div class='ocr_carea' id='block_1_65' title="bbox 2154 2180 3733 2254">
    <p class='ocr_par' dir='ltr' id='par_1_65' title="bbox 2154 2180 3733 2254">
     <span class='ocr_line' id='line_1_65' title="bbox 2154 2180 3733 2254; baseline -0.002 -17"><span class='ocrx_word' id='word_1_452' title='bbox 2154 2182 2356 2238; x_wconf 90' lang='lat' dir='ltr'><strong>lestum</strong></span> <span class='ocrx_word' id='word_1_453' title='bbox 2388 2191 2606 2254; x_wconf 89' lang='lat' dir='ltr'><strong>partum</strong></span> <span class='ocrx_word' id='word_1_454' title='bbox 2649 2183 2918 2254; x_wconf 87' lang='lat' dir='ltr'><strong>significo,</strong></span> <span class='ocrx_word' id='word_1_455' title='bbox 2990 2183 3086 2239; x_wconf 84' lang='lat' dir='ltr'><strong>sed</strong></span> <span class='ocrx_word' id='word_1_456' title='bbox 3132 2181 3324 2237; x_wconf 88' lang='lat' dir='ltr'><strong>mundi</strong></span> <span class='ocrx_word' id='word_1_457' title='bbox 3371 2183 3540 2237; x_wconf 89' lang='lat' dir='ltr'><strong>totius</strong></span> <span class='ocrx_word' id='word_1_458' title='bbox 3584 2180 3733 2235; x_wconf 88' lang='lat' dir='ltr'><strong>lucis</strong></span> 
     </span>
    </p>
   </div>
   <div class='ocr_carea' id='block_1_66' title="bbox 2155 2269 3732 2345">
    <p class='ocr_par' dir='ltr' id='par_1_66' title="bbox 2155 2269 3732 2345">
     <span class='ocr_line' id='line_1_66' title="bbox 2155 2269 3732 2345; baseline -0.002 -17"><span class='ocrx_word' id='word_1_459' title='bbox 2155 2282 2338 2329; x_wconf 88' lang='lat' dir='ltr'><strong>ortum</strong></span> <span class='ocrx_word' id='word_1_460' title='bbox 2372 2274 2677 2345; x_wconf 84' lang='lat' dir='ltr'><strong>praedoceo.</strong></span> <span class='ocrx_word' id='word_1_461' title='bbox 2704 2275 2939 2344; x_wconf 88' lang='lat' dir='ltr'><strong>Propter</strong></span> <span class='ocrx_word' id='word_1_462' title='bbox 2965 2282 3019 2330; x_wconf 88' lang='lat' dir='ltr'><strong>te</strong></span> <span class='ocrx_word' id='word_1_463' title='bbox 3043 2273 3191 2330; x_wconf 91' lang='lat' dir='ltr'><strong>enim</strong></span> <span class='ocrx_word' id='word_1_464' title='bbox 3216 2280 3570 2330; x_wconf 81' lang='lat' dir='ltr'><strong>cessaverunt</strong></span> <span class='ocrx_word' id='word_1_465' title='bbox 3602 2269 3732 2325; x_wconf 76' lang='lat' dir='ltr'><strong>Evzn</strong></span> 
     </span>
    </p>
   </div>
   <div class='ocr_carea' id='block_1_67' title="bbox 2157 2362 3732 2436">
    <p class='ocr_par' dir='ltr' id='par_1_67' title="bbox 2157 2362 3732 2436">
     <span class='ocr_line' id='line_1_67' title="bbox 2157 2362 3732 2436; baseline -0.003 -18"><span class='ocrx_word' id='word_1_466' title='bbox 2157 2365 2363 2431; x_wconf 89' lang='lat' dir='ltr'><strong>tristia;</strong></span> <span class='ocrx_word' id='word_1_467' title='bbox 2406 2381 2505 2436; x_wconf 84' lang='lat' dir='ltr'><strong>per</strong></span> <span class='ocrx_word' id='word_1_468' title='bbox 2532 2373 2586 2420; x_wconf 93' lang='lat' dir='ltr'><strong>te</strong></span> <span class='ocrx_word' id='word_1_469' title='bbox 2609 2366 2896 2435; x_wconf 88' lang='lat' dir='ltr'><strong>perierunt</strong></span> <span class='ocrx_word' id='word_1_470' title='bbox 2931 2365 3107 2429; x_wconf 86' lang='lat' dir='ltr'><strong>mala;</strong></span> <span class='ocrx_word' id='word_1_471' title='bbox 3135 2380 3234 2435; x_wconf 90' lang='lat' dir='ltr'><strong>per</strong></span> <span class='ocrx_word' id='word_1_472' title='bbox 3266 2373 3322 2419; x_wconf 90' lang='lat' dir='ltr'><strong>te</strong></span> <span class='ocrx_word' id='word_1_473' title='bbox 3357 2362 3621 2419; x_wconf 87' lang='lat' dir='ltr'><strong>abscessit</strong></span> <span class='ocrx_word' id='word_1_474' title='bbox 3641 2376 3732 2415; x_wconf 87' lang='lat' dir='ltr'><strong>er-</strong></span> 
     </span>
    </p>
   </div>
   <div class='ocr_carea' id='block_1_68' title="bbox 2158 2453 3726 2527">
    <p class='ocr_par' dir='ltr' id='par_1_68' title="bbox 2158 2453 3726 2527">
     <span class='ocr_line' id='line_1_68' title="bbox 2158 2453 3726 2527; baseline -0.004 -15"><span class='ocrx_word' id='word_1_475' title='bbox 2158 2473 2253 2512; x_wconf 92' lang='lat' dir='ltr'><strong>ror</strong></span> <span class='ocrx_word' id='word_1_476' title='bbox 2271 2474 2286 2522; x_wconf 95' lang='lat'><strong>;</strong></span> <span class='ocrx_word' id='word_1_477' title='bbox 2305 2472 2403 2527; x_wconf 90' lang='lat' dir='ltr'><strong>per</strong></span> <span class='ocrx_word' id='word_1_478' title='bbox 2422 2464 2474 2512; x_wconf 88' lang='lat' dir='ltr'><strong>te</strong></span> <span class='ocrx_word' id='word_1_479' title='bbox 2498 2457 2812 2512; x_wconf 87' lang='lat' dir='ltr'><strong>maledictio</strong></span> <span class='ocrx_word' id='word_1_480' title='bbox 2829 2456 3059 2522; x_wconf 87' lang='lat' dir='ltr'><strong>abolita;</strong></span> <span class='ocrx_word' id='word_1_481' title='bbox 3085 2455 3198 2510; x_wconf 85' lang='lat' dir='ltr'><strong>Eva</strong></span> <span class='ocrx_word' id='word_1_482' title='bbox 3218 2471 3317 2525; x_wconf 92' lang='lat' dir='ltr'><strong>per</strong></span> <span class='ocrx_word' id='word_1_483' title='bbox 3339 2463 3392 2510; x_wconf 89' lang='lat' dir='ltr'><strong>te</strong></span> <span class='ocrx_word' id='word_1_484' title='bbox 3415 2453 3726 2523; x_wconf 85' lang='lat' dir='ltr'><strong>redempta.</strong></span> 
     </span>
    </p>
   </div>
   <div class='ocr_carea' id='block_1_69' title="bbox 2157 2541 3725 2616">
    <p class='ocr_par' dir='ltr' id='par_1_69' title="bbox 2157 2541 3725 2616">
     <span class='ocr_line' id='line_1_69' title="bbox 2157 2541 3725 2616; baseline -0.006 -14"><span class='ocrx_word' id='word_1_485' title='bbox 2157 2545 2416 2602; x_wconf 89' lang='lat' dir='ltr'><strong>Sanctum</strong></span> <span class='ocrx_word' id='word_1_486' title='bbox 2438 2546 2608 2612; x_wconf 89' lang='lat' dir='ltr'><strong>enim,</strong></span> <span class='ocrx_word' id='word_1_487' title='bbox 2630 2547 2772 2616; x_wconf 90' lang='lat' dir='ltr'><strong>quod</strong></span> <span class='ocrx_word' id='word_1_488' title='bbox 2798 2561 2864 2602; x_wconf 81' lang='lat' dir='ltr'><strong>ex</strong></span> <span class='ocrx_word' id='word_1_489' title='bbox 2881 2555 3070 2602; x_wconf 90' lang='lat' dir='ltr'><strong>sancta</strong></span> <span class='ocrx_word' id='word_1_490' title='bbox 3090 2553 3280 2600; x_wconf 89' lang='lat' dir='ltr'><strong>natum</strong></span> <span class='ocrx_word' id='word_1_491' title='bbox 3300 2551 3418 2608; x_wconf 90' lang='lat' dir='ltr'><strong>est;</strong></span> <span class='ocrx_word' id='word_1_492' title='bbox 3439 2541 3725 2602; x_wconf 89' lang='lat' dir='ltr'><strong>Sanctum,</strong></span> 
     </span>
    </p>
   </div>
   <div class='ocr_carea' id='block_1_70' title="bbox 2157 2633 3733 2701">
    <p class='ocr_par' dir='ltr' id='par_1_70' title="bbox 2157 2633 3733 2701">
     <span class='ocr_line' id='line_1_70' title="bbox 2157 2633 3733 2701; baseline -0.004 -10"><span class='ocrx_word' id='word_1_493' title='bbox 2157 2651 2223 2691; x_wconf 91' lang='lat' dir='ltr'><strong>ac</strong></span> <span class='ocrx_word' id='word_1_494' title='bbox 2252 2637 2498 2692; x_wconf 91' lang='lat' dir='ltr'><strong>omnium</strong></span> <span class='ocrx_word' id='word_1_495' title='bbox 2517 2637 2785 2693; x_wconf 89' lang='lat' dir='ltr'><strong>Dominus</strong></span> <span class='ocrx_word' id='word_1_496' title='bbox 2820 2645 3164 2701; x_wconf 89' lang='lat' dir='ltr'><strong>sanctorum;</strong></span> <span class='ocrx_word' id='word_1_497' title='bbox 3213 2633 3496 2696; x_wconf 90' lang='lat' dir='ltr'><strong>Sanctum,</strong></span> <span class='ocrx_word' id='word_1_498' title='bbox 3527 2645 3594 2685; x_wconf 91' lang='lat' dir='ltr'><strong>ac</strong></span> <span class='ocrx_word' id='word_1_499' title='bbox 3633 2645 3733 2685; x_wconf 84' lang='lat' dir='ltr'><strong>cn-</strong></span> 
     </span>
    </p>
   </div>
   <div class='ocr_carea' id='block_1_71' title="bbox 2153 2722 3732 2802">
    <p class='ocr_par' dir='ltr' id='par_1_71' title="bbox 2153 2722 3732 2802">
     <span class='ocr_line' id='line_1_71' title="bbox 2153 2722 3732 2802; baseline -0.006 -17"><span class='ocrx_word' id='word_1_500' title='bbox 2153 2733 2244 2802; x_wconf 88' lang='lat' dir='ltr'><strong>jus</strong></span> <span class='ocrx_word' id='word_1_501' title='bbox 2265 2729 2339 2786; x_wconf 89' lang='lat' dir='ltr'><strong>sit</strong></span> <span class='ocrx_word' id='word_1_502' title='bbox 2366 2738 2429 2784; x_wconf 87' lang='lat' dir='ltr'><strong>ut</strong></span> <span class='ocrx_word' id='word_1_503' title='bbox 2469 2728 2816 2784; x_wconf 88' lang='lat' dir='ltr'><strong>sanctitatem</strong></span> <span class='ocrx_word' id='word_1_504' title='bbox 2849 2728 3124 2799; x_wconf 87' lang='lat' dir='ltr'><strong>impertiat</strong></span> <span class='ocrx_word' id='word_1_505' title='bbox 3164 2727 3230 2792; x_wconf 84' lang='grc'><strong>³⁷;</strong></span> <span class='ocrx_word' id='word_1_506' title='bbox 3255 2725 3540 2789; x_wconf 89' lang='lat' dir='ltr'><strong>eximium,</strong></span> <span class='ocrx_word' id='word_1_507' title='bbox 3578 2722 3732 2792; x_wconf 91' lang='lat' dir='ltr'><strong>quod</strong></span> 
     </span>
    </p>
   </div>
   <div class='ocr_carea' id='block_1_72' title="bbox 2156 2813 3731 2889">
    <p class='ocr_par' dir='ltr' id='par_1_72' title="bbox 2156 2813 3731 2889">
     <span class='ocr_line' id='line_1_72' title="bbox 2156 2813 3731 2889; baseline -0.006 -12"><span class='ocrx_word' id='word_1_508' title='bbox 2156 2838 2225 2877; x_wconf 87' lang='lat' dir='ltr'><strong>ex</strong></span> <span class='ocrx_word' id='word_1_509' title='bbox 2239 2821 2442 2878; x_wconf 79' lang='lat' dir='ltr'><strong>eximia</strong></span> <span class='ocrx_word' id='word_1_510' title='bbox 2456 2819 2704 2876; x_wconf 90' lang='lat' dir='ltr'><strong>nascitur</strong></span> <span class='ocrx_word' id='word_1_511' title='bbox 2725 2837 2739 2886; x_wconf 94' lang='lat'><strong>;</strong></span> <span class='ocrx_word' id='word_1_512' title='bbox 2769 2818 3176 2889; x_wconf 79' lang='lat' dir='ltr'><strong>inexplicabile,</strong></span> <span class='ocrx_word' id='word_1_513' title='bbox 3190 2835 3208 2868; x_wconf 85' lang='grc' dir='ltr'><strong>ι</strong></span> <span class='ocrx_word' id='word_1_514' title='bbox 3239 2815 3383 2887; x_wconf 92' lang='lat' dir='ltr'><strong>quod</strong></span> <span class='ocrx_word' id='word_1_515' title='bbox 3401 2831 3468 2870; x_wconf 88' lang='lat' dir='ltr'><strong>ex</strong></span> <span class='ocrx_word' id='word_1_516' title='bbox 3489 2813 3731 2884; x_wconf 85' lang='lat' dir='ltr'><strong>inexpli-</strong></span> 
     </span>
    </p>
   </div>
   <div class='ocr_carea' id='block_1_73' title="bbox 2158 2903 3732 2983">
    <p class='ocr_par' dir='ltr' id='par_1_73' title="bbox 2158 2903 3732 2983">
     <span class='ocr_line' id='line_1_73' title="bbox 2158 2903 3732 2983; baseline -0.008 -15"><span class='ocrx_word' id='word_1_517' title='bbox 2158 2913 2320 2968; x_wconf 90' lang='lat' dir='ltr'><strong>cabili</strong></span> <span class='ocrx_word' id='word_1_518' title='bbox 2355 2912 2567 2983; x_wconf 86' lang='lat' dir='ltr'><strong>prodit;</strong></span> <span class='ocrx_word' id='word_1_519' title='bbox 2600 2911 2806 2966; x_wconf 68' lang='lat' dir='ltr'><strong>«Filius</strong></span> <span class='ocrx_word' id='word_1_520' title='bbox 2837 2909 3105 2969; x_wconf 77' lang='lat' dir='ltr'><strong>Altissimi</strong></span> <span class='ocrx_word' id='word_1_521' title='bbox 3129 2908 3174 2940; x_wconf 82' lang='grc'>³⁸</span> <span class='ocrx_word' id='word_1_522' title='bbox 3195 2947 3208 2972; x_wconf 92' lang='grc'><em>,</em></span> <span class='ocrx_word' id='word_1_523' title='bbox 3237 2925 3255 2958; x_wconf 80' lang='grc' dir='ltr'><strong>ι</strong></span> <span class='ocrx_word' id='word_1_524' title='bbox 3285 2905 3432 2976; x_wconf 89' lang='lat' dir='ltr'><strong>quod</strong></span> <span class='ocrx_word' id='word_1_525' title='bbox 3461 2920 3529 2960; x_wconf 86' lang='lat' dir='ltr'><strong>ex</strong></span> <span class='ocrx_word' id='word_1_526' title='bbox 3571 2903 3732 2958; x_wconf 87' lang='lat' dir='ltr'><strong>altis-</strong></span> 
     </span>
    </p>
   </div>
   <div class='ocr_carea' id='block_1_74' title="bbox 2159 2994 3739 3069">
    <p class='ocr_par' dir='ltr' id='par_1_74' title="bbox 2159 2994 3739 3069">
     <span class='ocr_line' id='line_1_74' title="bbox 2159 2994 3739 3069; baseline -0.009 -8"><span class='ocrx_word' id='word_1_527' title='bbox 2159 3005 2291 3064; x_wconf 84' lang='lat' dir='ltr'><strong>sima</strong></span> <span class='ocrx_word' id='word_1_528' title='bbox 2313 3005 2522 3069; x_wconf 89' lang='lat' dir='ltr'><strong>oritur;</strong></span> <span class='ocrx_word' id='word_1_529' title='bbox 2547 3018 2657 3059; x_wconf 90' lang='lat' dir='ltr'><strong>non</strong></span> <span class='ocrx_word' id='word_1_530' title='bbox 2685 3001 2867 3058; x_wconf 86' lang='lat' dir='ltr'><strong>carnis</strong></span> <span class='ocrx_word' id='word_1_531' title='bbox 2908 2999 3145 3055; x_wconf 90' lang='lat' dir='ltr'><strong>volentis</strong></span> <span class='ocrx_word' id='word_1_532' title='bbox 3163 3012 3324 3067; x_wconf 85' lang='lat' dir='ltr'><strong>opus,</strong></span> <span class='ocrx_word' id='word_1_533' title='bbox 3347 2995 3444 3051; x_wconf 89' lang='lat' dir='ltr'><strong>sed</strong></span> <span class='ocrx_word' id='word_1_534' title='bbox 3490 2994 3739 3064; x_wconf 89' lang='lat' dir='ltr'><strong>Spiritus</strong></span> 
     </span>
    </p>
   </div>
   <div class='ocr_carea' id='block_1_75' title="bbox 2159 3087 3734 3164">
    <p class='ocr_par' dir='ltr' id='par_1_75' title="bbox 2159 3087 3734 3164">
     <span class='ocr_line' id='line_1_75' title="bbox 2159 3087 3734 3164; baseline -0.008 -12"><span class='ocrx_word' id='word_1_535' title='bbox 2159 3096 2336 3152; x_wconf 86' lang='lat' dir='ltr'><strong>sancti</strong></span> <span class='ocrx_word' id='word_1_536' title='bbox 2365 3095 2584 3151; x_wconf 78' lang='lat' dir='ltr'><strong>effectio</strong></span> <span class='ocrx_word' id='word_1_537' title='bbox 2636 3093 2784 3164; x_wconf 91' lang='lat' dir='ltr'><strong>quod</strong></span> <span class='ocrx_word' id='word_1_538' title='bbox 2814 3091 3297 3156; x_wconf 83' lang='lat' dir='ltr'><strong>ostenditur;non</strong></span> <span class='ocrx_word' id='word_1_539' title='bbox 3335 3087 3441 3142; x_wconf 88' lang='lat' dir='ltr'><strong>viri</strong></span> <span class='ocrx_word' id='word_1_540' title='bbox 3491 3087 3734 3148; x_wconf 89' lang='lat' dir='ltr'><strong>cultura,</strong></span> 
     </span>
    </p>
   </div>
   <div class='ocr_carea' id='block_1_76' title="bbox 2085 3180 3737 3269">
    <p class='ocr_par' dir='ltr' id='par_1_76' title="bbox 2085 3180 3737 3269">
     <span class='ocr_line' id='line_1_76' title="bbox 2085 3180 3737 3269; baseline -0.009 -24"><span class='ocrx_word' id='word_1_541' title='bbox 2085 3212 2126 3269; x_wconf 70' lang='grc' dir='ltr'>ο</span> <span class='ocrx_word' id='word_1_542' title='bbox 2160 3187 2256 3243; x_wconf 92' lang='lat' dir='ltr'><strong>sed</strong></span> <span class='ocrx_word' id='word_1_543' title='bbox 2286 3188 2465 3243; x_wconf 84' lang='lat' dir='ltr'><strong>virtus</strong></span> <span class='ocrx_word' id='word_1_544' title='bbox 2508 3185 2797 3242; x_wconf 89' lang='lat' dir='ltr'><strong>Altissimi.</strong></span> <span class='ocrx_word' id='word_1_545' title='bbox 2825 3183 2982 3252; x_wconf 86' lang='lat' dir='ltr'><strong>Quod</strong></span> <span class='ocrx_word' id='word_1_546' title='bbox 3010 3181 3285 3254; x_wconf 89' lang='lat' dir='ltr'><strong>provenit,</strong></span> <span class='ocrx_word' id='word_1_547' title='bbox 3333 3180 3430 3236; x_wconf 91' lang='lat' dir='ltr'><strong>Dei</strong></span> <span class='ocrx_word' id='word_1_548' title='bbox 3457 3181 3598 3235; x_wconf 89' lang='lat' dir='ltr'><strong>bona</strong></span> <span class='ocrx_word' id='word_1_549' title='bbox 3631 3193 3737 3232; x_wconf 88' lang='lat' dir='ltr'><strong>vo-</strong></span> 
     </span>
    </p>
   </div>
   <div class='ocr_carea' id='block_1_77' title="bbox 2160 3270 3742 3347">
    <p class='ocr_par' dir='ltr' id='par_1_77' title="bbox 2160 3270 3742 3347">
     <span class='ocr_line' id='line_1_77' title="bbox 2160 3270 3742 3347; baseline -0.006 -13"><span class='ocrx_word' id='word_1_550' title='bbox 2160 3279 2361 3335; x_wconf 90' lang='lat' dir='ltr'><strong>luntas.</strong></span> <span class='ocrx_word' id='word_1_551' title='bbox 2397 3278 2517 3332; x_wconf 82' lang='lat' dir='ltr'><strong>Non</strong></span> <span class='ocrx_word' id='word_1_552' title='bbox 2543 3292 2714 3347; x_wconf 90' lang='lat' dir='ltr'><strong>purus</strong></span> <span class='ocrx_word' id='word_1_553' title='bbox 2761 3276 2926 3331; x_wconf 90' lang='lat' dir='ltr'><strong>homo</strong></span> <span class='ocrx_word' id='word_1_554' title='bbox 2958 3274 3105 3344; x_wconf 91' lang='lat' dir='ltr'><strong>quod</strong></span> <span class='ocrx_word' id='word_1_555' title='bbox 3151 3273 3416 3335; x_wconf 88' lang='lat' dir='ltr'><strong>nascitur,</strong></span> <span class='ocrx_word' id='word_1_556' title='bbox 3446 3270 3541 3328; x_wconf 88' lang='lat' dir='ltr'><strong>sed</strong></span> <span class='ocrx_word' id='word_1_557' title='bbox 3589 3270 3742 3324; x_wconf 90' lang='lat' dir='ltr'><strong>Deus</strong></span> 
     </span>
    </p>
   </div>
   <div class='ocr_carea' id='block_1_78' title="bbox 2161 3359 3738 3428">
    <p class='ocr_par' dir='ltr' id='par_1_78' title="bbox 2161 3359 3738 3428">
     <span class='ocr_line' id='line_1_78' title="bbox 2161 3359 3738 3428; baseline -0.01 0"><span class='ocrx_word' id='word_1_558' title='bbox 2161 3373 2399 3428; x_wconf 82' lang='lat' dir='ltr'><strong>Verbum</strong></span> <span class='ocrx_word' id='word_1_559' title='bbox 2427 3371 2790 3425; x_wconf 89' lang='lat' dir='ltr'><strong>incarnatum.</strong></span> <span class='ocrx_word' id='word_1_560' title='bbox 2814 3368 2934 3422; x_wconf 85' lang='lat' dir='ltr'><strong>Non</strong></span> <span class='ocrx_word' id='word_1_561' title='bbox 2958 3363 3294 3421; x_wconf 87' lang='lat' dir='ltr'><strong>autumnalis</strong></span> <span class='ocrx_word' id='word_1_562' title='bbox 3341 3361 3485 3416; x_wconf 91' lang='lat' dir='ltr'><strong>uteri</strong></span> <span class='ocrx_word' id='word_1_563' title='bbox 3511 3360 3592 3415; x_wconf 91' lang='lat' dir='ltr'><strong>tui</strong></span> <span class='ocrx_word' id='word_1_564' title='bbox 3615 3359 3738 3413; x_wconf 85' lang='lat' dir='ltr'><strong>fru-</strong></span> 
     </span>
    </p>
   </div>
   <div class='ocr_carea' id='block_1_79' title="bbox 2161 3452 3742 3528">
    <p class='ocr_par' dir='ltr' id='par_1_79' title="bbox 2161 3452 3742 3528">
     <span class='ocr_line' id='line_1_79' title="bbox 2161 3452 3742 3528; baseline -0.011 -9"><span class='ocrx_word' id='word_1_565' title='bbox 2161 3471 2304 3528; x_wconf 90' lang='lat' dir='ltr'><strong>ctus,</strong></span> <span class='ocrx_word' id='word_1_566' title='bbox 2329 3462 2424 3518; x_wconf 90' lang='lat' dir='ltr'><strong>sed</strong></span> <span class='ocrx_word' id='word_1_567' title='bbox 2471 3458 2896 3516; x_wconf 84' lang='lat' dir='ltr'><strong>immortalitatis</strong></span> <span class='ocrx_word' id='word_1_568' title='bbox 2923 3456 3122 3527; x_wconf 89' lang='lat' dir='ltr'><strong>proles.</strong></span> <span class='ocrx_word' id='word_1_569' title='bbox 3155 3455 3275 3510; x_wconf 84' lang='lat' dir='ltr'><strong>Non</strong></span> <span class='ocrx_word' id='word_1_570' title='bbox 3300 3452 3496 3510; x_wconf 79' lang='lat' dir='ltr'><strong>messis</strong></span> <span class='ocrx_word' id='word_1_571' title='bbox 3526 3457 3742 3504; x_wconf 67' lang='lat' dir='ltr'><strong>natura:</strong></span> 
     </span>
    </p>
   </div>
   <div class='ocr_carea' id='block_1_80' title="bbox 2161 3541 3745 3616">
    <p class='ocr_par' dir='ltr' id='par_1_80' title="bbox 2161 3541 3745 3616">
     <span class='ocr_line' id='line_1_80' title="bbox 2161 3541 3745 3616; baseline -0.01 -6"><span class='ocrx_word' id='word_1_572' title='bbox 2161 3555 2308 3610; x_wconf 91' lang='lat' dir='ltr'><strong>dono</strong></span> <span class='ocrx_word' id='word_1_573' title='bbox 2333 3567 2612 3616; x_wconf 89' lang='lat' dir='ltr'><strong>concessa,</strong></span> <span class='ocrx_word' id='word_1_574' title='bbox 2643 3549 2739 3606; x_wconf 90' lang='lat' dir='ltr'><strong>sed</strong></span> <span class='ocrx_word' id='word_1_575' title='bbox 2791 3548 2892 3604; x_wconf 82' lang='lat' dir='ltr'><strong>flos</strong></span> <span class='ocrx_word' id='word_1_576' title='bbox 2935 3549 3047 3602; x_wconf 91' lang='lat' dir='ltr'><strong>Deo</strong></span> <span class='ocrx_word' id='word_1_577' title='bbox 3101 3555 3283 3601; x_wconf 89' lang='lat' dir='ltr'><strong>satore</strong></span> <span class='ocrx_word' id='word_1_578' title='bbox 3334 3553 3510 3598; x_wconf 90' lang='lat' dir='ltr'><strong>ortus.</strong></span> <span class='ocrx_word' id='word_1_579' title='bbox 3542 3541 3745 3596; x_wconf 83' lang='lat' dir='ltr'><strong>Parics</strong></span> 
     </span>
    </p>
   </div>
   <div class='ocr_carea' id='block_1_81' title="bbox 2161 3629 3738 3714">
    <p class='ocr_par' dir='ltr' id='par_1_81' title="bbox 2161 3629 3738 3714">
     <span class='ocr_line' id='line_1_81' title="bbox 2161 3629 3738 3714; baseline -0.013 -14"><span class='ocrx_word' id='word_1_580' title='bbox 2161 3658 2400 3714; x_wconf 86' lang='lat' dir='ltr'><strong>namque</strong></span> <span class='ocrx_word' id='word_1_581' title='bbox 2445 3640 2775 3711; x_wconf 90' lang='lat' dir='ltr'><strong>principium</strong></span> <span class='ocrx_word' id='word_1_582' title='bbox 2838 3635 3096 3708; x_wconf 89' lang='lat' dir='ltr'><strong>principii</strong></span> <span class='ocrx_word' id='word_1_583' title='bbox 3163 3647 3394 3703; x_wconf 80' lang='lat' dir='ltr'><strong>expers;</strong></span> <span class='ocrx_word' id='word_1_584' title='bbox 3446 3629 3738 3691; x_wconf 81' lang='lat' dir='ltr'><strong>infantem,</strong></span> 
     </span>
    </p>
   </div>
   <div class='ocr_carea' id='block_1_82' title="bbox 2165 3719 3743 3805">
    <p class='ocr_par' dir='ltr' id='par_1_82' title="bbox 2165 3719 3743 3805">
     <span class='ocr_line' id='line_1_82' title="bbox 2165 3719 3743 3805; baseline -0.011 -17"><span class='ocrx_word' id='word_1_585' title='bbox 2165 3732 2510 3805; x_wconf 89' lang='lat' dir='ltr'><strong>temporibus</strong></span> <span class='ocrx_word' id='word_1_586' title='bbox 2535 3729 2899 3801; x_wconf 89' lang='lat' dir='ltr'><strong>superiorem,</strong></span> <span class='ocrx_word' id='word_1_587' title='bbox 2945 3725 3160 3781; x_wconf 70' lang='lat' dir='ltr'><strong>sacculis</strong></span> <span class='ocrx_word' id='word_1_588' title='bbox 3209 3722 3563 3784; x_wconf 90' lang='lat' dir='ltr'><strong>anteriorem,</strong></span> <span class='ocrx_word' id='word_1_589' title='bbox 3616 3719 3743 3773; x_wconf 73' lang='lat' dir='ltr'><strong>Vir-</strong></span> 
     </span>
    </p>
   </div>
   <div class='ocr_carea' id='block_1_83' title="bbox 2163 3817 3741 3897">
    <p class='ocr_par' dir='ltr' id='par_1_83' title="bbox 2163 3817 3741 3897">
     <span class='ocr_line' id='line_1_83' title="bbox 2163 3817 3741 3897; baseline -0.012 -16"><span class='ocrx_word' id='word_1_590' title='bbox 2163 3826 2306 3897; x_wconf 85' lang='lat' dir='ltr'><strong>ginis</strong></span> <span class='ocrx_word' id='word_1_591' title='bbox 2330 3825 2577 3895; x_wconf 90' lang='lat' dir='ltr'><strong>prolem;</strong></span> <span class='ocrx_word' id='word_1_592' title='bbox 2622 3820 3045 3892; x_wconf 90' lang='lat' dir='ltr'><strong>sempiternum,</strong></span> <span class='ocrx_word' id='word_1_593' title='bbox 3065 3817 3234 3871; x_wconf 90' lang='lat' dir='ltr'><strong>ubera</strong></span> <span class='ocrx_word' id='word_1_594' title='bbox 3264 3821 3584 3884; x_wconf 81' lang='lat' dir='ltr'><strong>sugentem;</strong></span> <span class='ocrx_word' id='word_1_595' title='bbox 3619 3825 3741 3863; x_wconf 77' lang='lat' dir='ltr'><strong>ma-</strong></span> 
     </span>
    </p>
   </div>
   <div class='ocr_carea' id='block_1_84' title="bbox 2164 3903 3745 3980">
    <p class='ocr_par' dir='ltr' id='par_1_84' title="bbox 2164 3903 3745 3980">
     <span class='ocr_line' id='line_1_84' title="bbox 2164 3903 3745 3980; baseline -0.013 -7"><span class='ocrx_word' id='word_1_596' title='bbox 2164 3929 2248 3974; x_wconf 89' lang='lat' dir='ltr'><strong>tre</strong></span> <span class='ocrx_word' id='word_1_597' title='bbox 2270 3917 2566 3980; x_wconf 88' lang='lat' dir='ltr'><strong>seniorem,</strong></span> <span class='ocrx_word' id='word_1_598' title='bbox 2596 3914 2938 3976; x_wconf 89' lang='lat' dir='ltr'><strong>lactaneum;</strong></span> <span class='ocrx_word' id='word_1_599' title='bbox 2990 3907 3177 3964; x_wconf 90' lang='lat' dir='ltr'><strong>omnia</strong></span> <span class='ocrx_word' id='word_1_600' title='bbox 3212 3907 3470 3968; x_wconf 89' lang='lat' dir='ltr'><strong>alentem,</strong></span> <span class='ocrx_word' id='word_1_601' title='bbox 3498 3903 3745 3956; x_wconf 86' lang='lat' dir='ltr'><strong>humana</strong></span> 
     </span>
    </p>
   </div>
   <div class='ocr_carea' id='block_1_85' title="bbox 2165 3993 3740 4074">
    <p class='ocr_par' dir='ltr' id='par_1_85' title="bbox 2165 3993 3740 4074">
     <span class='ocr_line' id='line_1_85' title="bbox 2165 3993 3740 4074; baseline -0.013 -9"><span class='ocrx_word' id='word_1_602' title='bbox 2165 4010 2418 4065; x_wconf 90' lang='lat' dir='ltr'><strong>indutum</strong></span> <span class='ocrx_word' id='word_1_603' title='bbox 2436 4007 2608 4061; x_wconf 91' lang='lat' dir='ltr'><strong>forma</strong></span> <span class='ocrx_word' id='word_1_604' title='bbox 2627 4022 2643 4071; x_wconf 92' lang='lat'><strong>;</strong></span> <span class='ocrx_word' id='word_1_605' title='bbox 2664 4004 2759 4059; x_wconf 91' lang='lat' dir='ltr'><strong>Dei</strong></span> <span class='ocrx_word' id='word_1_606' title='bbox 2779 4001 3147 4074; x_wconf 86' lang='lat' dir='ltr'><strong>splendorem,</strong></span> <span class='ocrx_word' id='word_1_607' title='bbox 3166 4011 3462 4069; x_wconf 90' lang='lat' dir='ltr'><strong>pauperem</strong></span> <span class='ocrx_word' id='word_1_608' title='bbox 3474 3993 3703 4048; x_wconf 74' lang='lat' dir='ltr'><strong>visum”</strong></span> <span class='ocrx_word' id='word_1_609' title='bbox 3724 4009 3740 4055; x_wconf 92' lang='lat'><strong>;</strong></span> 
     </span>
    </p>
   </div>
   <div class='ocr_carea' id='block_1_86' title="bbox 2166 4083 3743 4173">
    <p class='ocr_par' dir='ltr' id='par_1_86' title="bbox 2166 4083 3743 4173">
     <span class='ocr_line' id='line_1_86' title="bbox 2166 4083 3743 4173; baseline -0.014 -16"><span class='ocrx_word' id='word_1_610' title='bbox 2166 4117 2372 4173; x_wconf 89' lang='lat' dir='ltr'><strong>regem,</strong></span> <span class='ocrx_word' id='word_1_611' title='bbox 2423 4098 2635 4154; x_wconf 92' lang='lat' dir='ltr'><strong>nullum</strong></span> <span class='ocrx_word' id='word_1_612' title='bbox 2688 4095 2783 4166; x_wconf 93' lang='lat' dir='ltr'><strong>qui</strong></span> <span class='ocrx_word' id='word_1_613' title='bbox 2859 4091 3122 4148; x_wconf 88' lang='lat' dir='ltr'><strong>succedat</strong></span> <span class='ocrx_word' id='word_1_614' title='bbox 3177 4089 3494 4144; x_wconf 85' lang='lat' dir='ltr'><strong>habentem.</strong></span> <span class='ocrx_word' id='word_1_615' title='bbox 3544 4103 3563 4136; x_wconf 78' lang='grc' dir='ltr'><strong>ι</strong></span> <span class='ocrx_word' id='word_1_616' title='bbox 3623 4083 3743 4138; x_wconf 73' lang='lat' dir='ltr'><strong>Ave</strong></span> 
     </span>
    </p>
   </div>
   <div class='ocr_carea' id='block_1_87' title="bbox 2167 4177 3802 4264">
    <p class='ocr_par' dir='ltr' id='par_1_87' title="bbox 2167 4177 3802 4264">
     <span class='ocr_line' id='line_1_87' title="bbox 2167 4177 3802 4264; baseline -0.013 -16"><span class='ocrx_word' id='word_1_617' title='bbox 2167 4194 2371 4264; x_wconf 88' lang='lat' dir='ltr'><strong>itaque,</strong></span> <span class='ocrx_word' id='word_1_618' title='bbox 2400 4191 2566 4260; x_wconf 78' lang='lat' dir='ltr'><strong>Virgo</strong></span> <span class='ocrx_word' id='word_1_619' title='bbox 2600 4187 2774 4257; x_wconf 88' lang='lat' dir='ltr'><strong>gratia</strong></span> <span class='ocrx_word' id='word_1_620' title='bbox 2810 4186 3003 4256; x_wconf 89' lang='lat' dir='ltr'><strong>plena;</strong></span> <span class='ocrx_word' id='word_1_621' title='bbox 3033 4203 3051 4235; x_wconf 83' lang='grc' dir='ltr'><strong>ι</strong></span> <span class='ocrx_word' id='word_1_622' title='bbox 3084 4182 3228 4236; x_wconf 88' lang='lat' dir='ltr'><strong>inter</strong></span> <span class='ocrx_word' id='word_1_623' title='bbox 3259 4177 3499 4248; x_wconf 83' lang='lat' dir='ltr'><strong>virgines</strong></span> <span class='ocrx_word' id='word_1_624' title='bbox 3540 4183 3744 4236; x_wconf 86' lang='lat' dir='ltr'><strong>mater,</strong></span> <span class='ocrx_word' id='word_1_625' title='bbox 3784 4189 3802 4244; x_wconf 74' lang='grc' dir='ltr'><strong>ι</strong></span> 
     </span>
    </p>
   </div>
   <div class='ocr_carea' id='block_1_88' title="bbox 2166 4265 3741 4355">
    <p class='ocr_par' dir='ltr' id='par_1_88' title="bbox 2166 4265 3741 4355">
     <span class='ocr_line' id='line_1_88' title="bbox 2166 4265 3741 4355; baseline -0.016 -13"><span class='ocrx_word' id='word_1_626' title='bbox 2166 4288 2419 4355; x_wconf 89' lang='lat' dir='ltr'><strong>interque</strong></span> <span class='ocrx_word' id='word_1_627' title='bbox 2448 4289 2652 4336; x_wconf 90' lang='lat' dir='ltr'><strong>matres</strong></span> <span class='ocrx_word' id='word_1_628' title='bbox 2683 4278 2870 4348; x_wconf 89' lang='lat' dir='ltr'><strong>virgo;</strong></span> <span class='ocrx_word' id='word_1_629' title='bbox 2922 4275 3116 4330; x_wconf 88' lang='lat' dir='ltr'><strong>harum</strong></span> <span class='ocrx_word' id='word_1_630' title='bbox 3153 4272 3482 4339; x_wconf 89' lang='lat' dir='ltr'><strong>illarumque</strong></span> <span class='ocrx_word' id='word_1_631' title='bbox 3543 4265 3741 4336; x_wconf 84' lang='lat' dir='ltr'><strong>ﬁgura,</strong></span> 
     </span>
    </p>
   </div>
   <div class='ocr_carea' id='block_1_89' title="bbox 2166 4370 3250 4448">
    <p class='ocr_par' dir='ltr' id='par_1_89' title="bbox 2166 4370 3250 4448">
     <span class='ocr_line' id='line_1_89' title="bbox 2166 4370 3250 4448; baseline -0.016 -13"><span class='ocrx_word' id='word_1_632' title='bbox 2166 4390 2330 4448; x_wconf 85' lang='lat' dir='ltr'><strong>atque</strong></span> <span class='ocrx_word' id='word_1_633' title='bbox 2361 4388 2623 4445; x_wconf 89' lang='lat' dir='ltr'><strong>utrasque</strong></span> <span class='ocrx_word' id='word_1_634' title='bbox 2650 4386 2708 4426; x_wconf 92' lang='lat' dir='ltr'><strong>re</strong></span> <span class='ocrx_word' id='word_1_635' title='bbox 2732 4370 2848 4442; x_wconf 89' lang='lat' dir='ltr'><strong>ipsa</strong></span> <span class='ocrx_word' id='word_1_636' title='bbox 2877 4380 3250 4437; x_wconf 89' lang='lat' dir='ltr'><strong>supergressa.</strong></span> 
     </span>
    </p>
   </div>
   <div class='ocr_carea' id='block_1_90' title="bbox 2241 4449 3745 4534">
    <p class='ocr_par' dir='ltr' id='par_1_90' title="bbox 2241 4449 3745 4534">
     <span class='ocr_line' id='line_1_90' title="bbox 2241 4449 3745 4534; baseline -0.017 -9"><span class='ocrx_word' id='word_1_637' title='bbox 2241 4469 2380 4525; x_wconf 79' lang='lat' dir='ltr'><strong>Xlll.</strong></span> <span class='ocrx_word' id='word_1_638' title='bbox 2417 4467 2521 4523; x_wconf 86' lang='lat' dir='ltr'><strong>Ubi</strong></span> <span class='ocrx_word' id='word_1_639' title='bbox 2548 4479 2680 4534; x_wconf 90' lang='lat' dir='ltr'><strong>ergo</strong></span> <span class='ocrx_word' id='word_1_640' title='bbox 2708 4457 3088 4530; x_wconf 88' lang='lat' dir='ltr'><strong>conceptionis</strong></span> <span class='ocrx_word' id='word_1_641' title='bbox 3136 4454 3347 4509; x_wconf 88' lang='lat' dir='ltr'><strong>ratione</strong></span> <span class='ocrx_word' id='word_1_642' title='bbox 3391 4449 3542 4504; x_wconf 92' lang='lat' dir='ltr'><strong>omni</strong></span> <span class='ocrx_word' id='word_1_643' title='bbox 3574 4463 3745 4517; x_wconf 84' lang='lat' dir='ltr'><strong>supc-</strong></span> 
     </span>
    </p>
   </div>
   <div class='ocr_carea' id='block_1_91' title="bbox 494 4536 3751 4628">
    <p class='ocr_par' dir='ltr' id='par_1_91' title="bbox 494 4536 3751 4628">
     <span class='ocr_line' id='line_1_91' title="bbox 494 4536 3751 4628; baseline -0.006 -16"><span class='ocrx_word' id='word_1_644' title='bbox 494 4557 826 4624; x_wconf 79' lang='lat' dir='ltr'><strong>archangelo</strong></span> <span class='ocrx_word' id='word_1_645' title='bbox 871 4555 1158 4627; x_wconf 86' lang='lat' dir='ltr'><strong>magnifice</strong></span> <span class='ocrx_word' id='word_1_646' title='bbox 1203 4556 1624 4626; x_wconf 89' lang='lat' dir='ltr'><strong>colloquentem,</strong></span> <span class='ocrx_word' id='word_1_647' title='bbox 1684 4574 1749 4613; x_wconf 91' lang='lat' dir='ltr'><strong>ac</strong></span> <span class='ocrx_word' id='word_1_648' title='bbox 1777 4574 1908 4627; x_wconf 75' lang='lat' dir='ltr'><strong>quae-</strong></span> <span class='ocrx_word' id='word_1_649' title='bbox 1938 4558 2068 4612; x_wconf 88' lang='lat' dir='ltr'><strong>mali</strong></span> <span class='ocrx_word' id='word_1_650' title='bbox 2100 4536 2144 4592; x_wconf 69' lang='grc' dir='ltr'><strong>θ</strong></span> <span class='ocrx_word' id='word_1_651' title='bbox 2174 4561 2336 4618; x_wconf 88' lang='lat' dir='ltr'><strong>rioris</strong></span> <span class='ocrx_word' id='word_1_652' title='bbox 2383 4556 3088 4628; x_wconf 74' lang='lat' dir='ltr'><strong>tempus&#39;eonsummatum</strong></span> <span class='ocrx_word' id='word_1_653' title='bbox 3120 4556 3223 4610; x_wconf 90' lang='lat' dir='ltr'><strong>est,</strong></span> <span class='ocrx_word' id='word_1_654' title='bbox 3280 4545 3504 4612; x_wconf 80' lang='lat' dir='ltr'><strong>Rexque</strong></span> <span class='ocrx_word' id='word_1_655' title='bbox 3557 4539 3751 4610; x_wconf 77' lang='lat' dir='ltr'><strong>gloria:</strong></span> 
     </span>
    </p>
   </div>
   <div class='ocr_carea' id='block_1_92' title="bbox 496 4647 2068 4719">
    <p class='ocr_par' dir='ltr' id='par_1_92' title="bbox 496 4647 2068 4719">
     <span class='ocr_line' id='line_1_92' title="bbox 496 4647 2068 4719; baseline 0.001 -17"><span class='ocrx_word' id='word_1_656' title='bbox 496 4647 808 4702; x_wconf 90' lang='lat' dir='ltr'><strong>confuderit</strong></span> <span class='ocrx_word' id='word_1_657' title='bbox 835 4653 1149 4713; x_wconf 81' lang='lat' dir='ltr'><strong>auctorem;</strong></span> <span class='ocrx_word' id='word_1_658' title='bbox 1199 4647 1268 4701; x_wconf 87' lang='lat' dir='ltr'><strong>ad</strong></span> <span class='ocrx_word' id='word_1_659' title='bbox 1319 4647 1494 4718; x_wconf 82' lang='lat' dir='ltr'><strong>angeli</strong></span> <span class='ocrx_word' id='word_1_660' title='bbox 1517 4649 1739 4718; x_wconf 89' lang='lat' dir='ltr'><strong>quidem</strong></span> <span class='ocrx_word' id='word_1_661' title='bbox 1787 4658 2068 4719; x_wconf 89' lang='lat' dir='ltr'><strong>aspectum</strong></span> 
     </span>
    </p>
   </div>
   <div class='ocr_carea' id='block_1_93' title="bbox 499 4739 2072 4811">
    <p class='ocr_par' dir='ltr' id='par_1_93' title="bbox 499 4739 2072 4811">
     <span class='ocr_line' id='line_1_93' title="bbox 499 4739 2072 4811; baseline 0.003 -18"><span class='ocrx_word' id='word_1_662' title='bbox 499 4739 817 4802; x_wconf 89' lang='lat' dir='ltr'><strong>mirantem,</strong></span> <span class='ocrx_word' id='word_1_663' title='bbox 868 4739 1022 4793; x_wconf 88' lang='lat' dir='ltr'><strong>velut</strong></span> <span class='ocrx_word' id='word_1_664' title='bbox 1063 4748 1284 4806; x_wconf 87' lang='lat' dir='ltr'><strong>neptem</strong></span> <span class='ocrx_word' id='word_1_665' title='bbox 1323 4740 1532 4796; x_wconf 85' lang='lat' dir='ltr'><strong>Adamo</strong></span> <span class='ocrx_word' id='word_1_666' title='bbox 1559 4741 1918 4806; x_wconf 84' lang='lat' dir='ltr'><strong>dissimilem;</strong></span> <span class='ocrx_word' id='word_1_667' title='bbox 1949 4757 2072 4811; x_wconf 70' lang='lat' dir='ltr'><strong>quae</strong></span> 
     </span>
    </p>
   </div>
   <div class='ocr_carea' id='block_1_94' title="bbox 500 4823 2070 4898">
    <p class='ocr_par' dir='ltr' id='par_1_94' title="bbox 500 4823 2070 4898">
     <span class='ocr_line' id='line_1_94' title="bbox 500 4823 2070 4898; baseline 0.001 -16"><span class='ocrx_word' id='word_1_668' title='bbox 500 4838 681 4884; x_wconf 87' lang='lat' dir='ltr'><strong>tamen</strong></span> <span class='ocrx_word' id='word_1_669' title='bbox 711 4828 935 4897; x_wconf 71' lang='lat' dir='ltr'><strong>hisquae</strong></span> <span class='ocrx_word' id='word_1_670' title='bbox 951 4823 1180 4884; x_wconf 83' lang='lat' dir='ltr'><strong>nuntius</strong></span> <span class='ocrx_word' id='word_1_671' title='bbox 1201 4829 1439 4893; x_wconf 75' lang='lat' dir='ltr'><strong>alferret,</strong></span> <span class='ocrx_word' id='word_1_672' title='bbox 1468 4830 1653 4884; x_wconf 89' lang='lat' dir='ltr'><strong>animo</strong></span> <span class='ocrx_word' id='word_1_673' title='bbox 1669 4829 1912 4898; x_wconf 87' lang='lat' dir='ltr'><strong>prudens</strong></span> <span class='ocrx_word' id='word_1_674' title='bbox 1938 4845 2070 4884; x_wconf 70' lang='lat' dir='ltr'><strong>cau~</strong></span> 
     </span>
    </p>
   </div>
   <div class='ocr_carea' id='block_1_95' title="bbox 501 4918 2074 4991">
    <p class='ocr_par' dir='ltr' id='par_1_95' title="bbox 501 4918 2074 4991">
     <span class='ocr_line' id='line_1_95' title="bbox 501 4918 2074 4991; baseline 0.001 -16"><span class='ocrx_word' id='word_1_675' title='bbox 501 4930 664 4991; x_wconf 88' lang='lat' dir='ltr'><strong>taque</strong></span> <span class='ocrx_word' id='word_1_676' title='bbox 697 4918 1022 4984; x_wconf 89' lang='lat' dir='ltr'><strong>attenderet,</strong></span> <span class='ocrx_word' id='word_1_677' title='bbox 1053 4934 1122 4974; x_wconf 92' lang='lat' dir='ltr'><strong>ne</strong></span> <span class='ocrx_word' id='word_1_678' title='bbox 1171 4919 1314 4976; x_wconf 89' lang='lat' dir='ltr'><strong>forte</strong></span> <span class='ocrx_word' id='word_1_679' title='bbox 1359 4921 1561 4974; x_wconf 90' lang='lat' dir='ltr'><strong>iterum</strong></span> <span class='ocrx_word' id='word_1_680' title='bbox 1604 4919 1740 4974; x_wconf 89' lang='lat' dir='ltr'><strong>falso</strong></span> <span class='ocrx_word' id='word_1_681' title='bbox 1771 4919 2074 4976; x_wconf 86' lang='lat' dir='ltr'><strong>benevolus</strong></span> 
     </span>
    </p>
   </div>
   <div class='ocr_carea' id='block_1_96' title="bbox 501 5010 2075 5083">
    <p class='ocr_par' dir='ltr' id='par_1_96' title="bbox 501 5010 2075 5083">
     <span class='ocr_line' id='line_1_96' title="bbox 501 5010 2075 5083; baseline 0 -15"><span class='ocrx_word' id='word_1_682' title='bbox 501 5014 556 5068; x_wconf 89' lang='lat' dir='ltr'><strong>in</strong></span> <span class='ocrx_word' id='word_1_683' title='bbox 585 5013 790 5082; x_wconf 85' lang='lat' dir='ltr'><strong>templo</strong></span> <span class='ocrx_word' id='word_1_684' title='bbox 838 5021 1112 5083; x_wconf 86' lang='lat' dir='ltr'><strong>agentem,</strong></span> <span class='ocrx_word' id='word_1_685' title='bbox 1148 5011 1229 5066; x_wconf 82' lang='lat' dir='ltr'><strong>uti</strong></span> <span class='ocrx_word' id='word_1_686' title='bbox 1277 5012 1332 5065; x_wconf 91' lang='lat' dir='ltr'><strong>in</strong></span> <span class='ocrx_word' id='word_1_687' title='bbox 1359 5010 1613 5080; x_wconf 88' lang='lat' dir='ltr'><strong>paradiso</strong></span> <span class='ocrx_word' id='word_1_688' title='bbox 1655 5011 1951 5078; x_wconf 87' lang='lat' dir='ltr'><strong>inviseret;</strong></span> <span class='ocrx_word' id='word_1_689' title='bbox 2006 5029 2075 5068; x_wconf 88' lang='lat' dir='ltr'><strong>ne</strong></span> 
     </span>
    </p>
   </div>
   <div class='ocr_carea' id='block_1_97' title="bbox 503 5102 2078 5172">
    <p class='ocr_par' dir='ltr' id='par_1_97' title="bbox 503 5102 2078 5172">
     <span class='ocr_line' id='line_1_97' title="bbox 503 5102 2078 5172; baseline 0.001 -13"><span class='ocrx_word' id='word_1_690' title='bbox 503 5122 695 5162; x_wconf 83' lang='lat' dir='ltr'><strong>rursus</strong></span> <span class='ocrx_word' id='word_1_691' title='bbox 725 5104 960 5172; x_wconf 79' lang='lat' dir='ltr'><strong>injurias</strong></span> <span class='ocrx_word' id='word_1_692' title='bbox 985 5105 1219 5159; x_wconf 89' lang='lat' dir='ltr'><strong>violator</strong></span> <span class='ocrx_word' id='word_1_693' title='bbox 1266 5104 1321 5158; x_wconf 93' lang='lat' dir='ltr'><strong>in</strong></span> <span class='ocrx_word' id='word_1_694' title='bbox 1345 5103 1441 5158; x_wconf 85' lang='lat' dir='ltr'><strong>Dei</strong></span> <span class='ocrx_word' id='word_1_695' title='bbox 1464 5102 1656 5167; x_wconf 62' lang='lat' dir='ltr'><strong>aedem,</strong></span> <span class='ocrx_word' id='word_1_696' title='bbox 1693 5103 1776 5158; x_wconf 90' lang='lat' dir='ltr'><strong>uti</strong></span> <span class='ocrx_word' id='word_1_697' title='bbox 1801 5104 1854 5158; x_wconf 94' lang='lat' dir='ltr'><strong>in</strong></span> <span class='ocrx_word' id='word_1_698' title='bbox 1907 5105 2078 5160; x_wconf 89' lang='lat' dir='ltr'><strong>Edcm</strong></span> 
     </span>
    </p>
   </div>
   <div class='ocr_carea' id='block_1_98' title="bbox 505 5195 2077 5266">
    <p class='ocr_par' dir='ltr' id='par_1_98' title="bbox 505 5195 2077 5266">
     <span class='ocr_line' id='line_1_98' title="bbox 505 5195 2077 5266; baseline 0 -14"><span class='ocrx_word' id='word_1_699' title='bbox 505 5197 832 5252; x_wconf 86' lang='lat' dir='ltr'><strong>temerarius</strong></span> <span class='ocrx_word' id='word_1_700' title='bbox 851 5196 1090 5261; x_wconf 88' lang='lat' dir='ltr'><strong>insiliat;</strong></span> <span class='ocrx_word' id='word_1_701' title='bbox 1125 5212 1195 5250; x_wconf 91' lang='lat' dir='ltr'><strong>ne</strong></span> <span class='ocrx_word' id='word_1_702' title='bbox 1227 5195 1401 5250; x_wconf 90' lang='lat' dir='ltr'><strong>fausta</strong></span> <span class='ocrx_word' id='word_1_703' title='bbox 1433 5195 1781 5250; x_wconf 83' lang='lat' dir='ltr'><strong>annuntiatio</strong></span> <span class='ocrx_word' id='word_1_704' title='bbox 1823 5195 2077 5266; x_wconf 87' lang='lat' dir='ltr'><strong>deecptio</strong></span> 
     </span>
    </p>
   </div>
   <div class='ocr_carea' id='block_1_99' title="bbox 504 5285 2072 5358">
    <p class='ocr_par' dir='ltr' id='par_1_99' title="bbox 504 5285 2072 5358">
     <span class='ocr_line' id='line_1_99' title="bbox 504 5285 2072 5358; baseline 0.001 -17"><span class='ocrx_word' id='word_1_705' title='bbox 504 5286 750 5341; x_wconf 83' lang='lat' dir='ltr'><strong>exsistat.</strong></span> <span class='ocrx_word' id='word_1_706' title='bbox 806 5285 946 5351; x_wconf 84' lang='lat' dir='ltr'><strong>Quid</strong></span> <span class='ocrx_word' id='word_1_707' title='bbox 1003 5301 1136 5358; x_wconf 86' lang='lat' dir='ltr'><strong>ergo</strong></span> <span class='ocrx_word' id='word_1_708' title='bbox 1187 5286 1427 5342; x_wconf 70' lang='lat' dir='ltr'><strong>caelestis</strong></span> <span class='ocrx_word' id='word_1_709' title='bbox 1486 5287 1752 5342; x_wconf 88' lang='lat' dir='ltr'><strong>nuntius?</strong></span> <span class='ocrx_word' id='word_1_710' title='bbox 1799 5287 2072 5342; x_wconf 89' lang='lat' dir='ltr'><strong>Internam</strong></span> 
     </span>
    </p>
   </div>
   <div class='ocr_carea' id='block_1_100' title="bbox 507 5376 2077 5448">
    <p class='ocr_par' dir='ltr' id='par_1_100' title="bbox 507 5376 2077 5448">
     <span class='ocr_line' id='line_1_100' title="bbox 507 5376 2077 5448; baseline 0.001 -17"><span class='ocrx_word' id='word_1_711' title='bbox 507 5385 710 5432; x_wconf 75' lang='lat' dir='ltr'><strong>sancta:</strong></span> <span class='ocrx_word' id='word_1_712' title='bbox 744 5376 1112 5442; x_wconf 72' lang='lat' dir='ltr'><strong>all‘ectionem,</strong></span> <span class='ocrx_word' id='word_1_713' title='bbox 1161 5377 1443 5448; x_wconf 90' lang='lat' dir='ltr'><strong>animique</strong></span> <span class='ocrx_word' id='word_1_714' title='bbox 1502 5378 1781 5434; x_wconf 89' lang='lat' dir='ltr'><strong>solertiam</strong></span> <span class='ocrx_word' id='word_1_715' title='bbox 1830 5394 1896 5434; x_wconf 82' lang='lat' dir='ltr'><strong>ex</strong></span> <span class='ocrx_word' id='word_1_716' title='bbox 1947 5393 2077 5433; x_wconf 92' lang='lat' dir='ltr'><strong>con-</strong></span> 
     </span>
    </p>
   </div>
   <div class='ocr_carea' id='block_1_101' title="bbox 510 5469 2081 5542">
    <p class='ocr_par' dir='ltr' id='par_1_101' title="bbox 510 5469 2081 5542">
     <span class='ocr_line' id='line_1_101' title="bbox 510 5469 2081 5542; baseline 0 -17"><span class='ocrx_word' id='word_1_717' title='bbox 510 5469 702 5539; x_wconf 79' lang='lat' dir='ltr'><strong>spicuo</strong></span> <span class='ocrx_word' id='word_1_718' title='bbox 734 5478 952 5539; x_wconf 81' lang='lat' dir='ltr'><strong>aspectu</strong></span> <span class='ocrx_word' id='word_1_719' title='bbox 1004 5470 1324 5541; x_wconf 86' lang='lat' dir='ltr'><strong>conjiciens,</strong></span> <span class='ocrx_word' id='word_1_720' title='bbox 1357 5470 1744 5542; x_wconf 87' lang='lat' dir='ltr'><strong>admiransque</strong></span> <span class='ocrx_word' id='word_1_721' title='bbox 1772 5470 2081 5541; x_wconf 70' lang='lat' dir='ltr'><strong>prudentiae</strong></span> 
     </span>
    </p>
   </div>
   <div class='ocr_carea' id='block_1_102' title="bbox 510 5557 2084 5632">
    <p class='ocr_par' dir='ltr' id='par_1_102' title="bbox 510 5557 2084 5632">
     <span class='ocr_line' id='line_1_102' title="bbox 510 5557 2084 5632; baseline 0.003 -20"><span class='ocrx_word' id='word_1_722' title='bbox 510 5557 985 5628; x_wconf 85' lang='lat' dir='ltr'><strong>compositionem,</strong></span> <span class='ocrx_word' id='word_1_723' title='bbox 1012 5567 1176 5628; x_wconf 89' lang='lat' dir='ltr'><strong>atque</strong></span> <span class='ocrx_word' id='word_1_724' title='bbox 1209 5575 1277 5615; x_wconf 90' lang='lat' dir='ltr'><strong>ex</strong></span> <span class='ocrx_word' id='word_1_725' title='bbox 1299 5559 1507 5631; x_wconf 85' lang='lat' dir='ltr'><strong>duplici</strong></span> <span class='ocrx_word' id='word_1_726' title='bbox 1554 5569 1818 5626; x_wconf 84' lang='lat' dir='ltr'><strong>extremo,</strong></span> <span class='ocrx_word' id='word_1_727' title='bbox 1859 5559 2084 5632; x_wconf 81' lang='lat' dir='ltr'><strong>gaudio,L</strong></span> 
     </span>
    </p>
   </div>
   <div class='ocr_carea' id='block_1_103' title="bbox 583 5715 1648 5782">
    <p class='ocr_par' dir='ltr' id='par_1_103' title="bbox 583 5715 1648 5782">
     <span class='ocr_line' id='line_1_103' title="bbox 583 5715 1648 5782; baseline 0.001 -15"><span class='ocrx_word' id='word_1_728' title='bbox 583 5716 628 5746; x_wconf 78' lang='grc'><strong>³⁸</strong></span> <span class='ocrx_word' id='word_1_729' title='bbox 668 5715 903 5782; x_wconf 85' lang='lat' dir='ltr'><strong>Philipp.</strong></span> <span class='ocrx_word' id='word_1_730' title='bbox 936 5731 994 5774; x_wconf 88' lang='lat' dir='ltr'><strong>ll,</strong></span> <span class='ocrx_word' id='word_1_731' title='bbox 1020 5715 1071 5767; x_wconf 83' lang='lat'><strong>6.</strong></span> <span class='ocrx_word' id='word_1_732' title='bbox 1148 5715 1189 5746; x_wconf 85' lang='grc'><strong>⁸¹</strong></span> <span class='ocrx_word' id='word_1_733' title='bbox 1223 5717 1240 5769; x_wconf 97' lang='grc'><strong>1</strong></span> <span class='ocrx_word' id='word_1_734' title='bbox 1274 5715 1400 5771; x_wconf 86' lang='lat' dir='ltr'><strong>Cor.</strong></span> <span class='ocrx_word' id='word_1_735' title='bbox 1429 5731 1523 5777; x_wconf 83' lang='lat' dir='ltr'><strong>vn,</strong></span> <span class='ocrx_word' id='word_1_736' title='bbox 1562 5715 1648 5768; x_wconf 67' lang='grc'><strong>54.</strong></span> 
     </span>
    </p>
   </div>
   <div class='ocr_carea' id='block_1_104' title="bbox 516 5782 2020 5846">
    <p class='ocr_par' dir='ltr' id='par_1_104' title="bbox 516 5782 2020 5846">
     <span class='ocr_line' id='line_1_104' title="bbox 516 5782 2020 5846; baseline 0.001 -13"><span class='ocrx_word' id='word_1_737' title='bbox 516 5782 582 5844; x_wconf 85' lang='grc'><strong>¹1;</strong></span> <span class='ocrx_word' id='word_1_738' title='bbox 623 5798 696 5843; x_wconf 79' lang='lat' dir='ltr'><strong>vl,</strong></span> <span class='ocrx_word' id='word_1_739' title='bbox 722 5783 774 5834; x_wconf 77' lang='lat'><strong>&#39;5.</strong></span> <span class='ocrx_word' id='word_1_740' title='bbox 853 5784 914 5812; x_wconf 64' lang='lat'><strong>3&quot;</strong></span> <span class='ocrx_word' id='word_1_741' title='bbox 950 5784 1084 5836; x_wconf 86' lang='lat' dir='ltr'><strong>Luc.</strong></span> <span class='ocrx_word' id='word_1_742' title='bbox 1123 5801 1160 5846; x_wconf 84' lang='grc' dir='ltr'>ι,</span> <span class='ocrx_word' id='word_1_743' title='bbox 1188 5785 1277 5837; x_wconf 75' lang='lat'><strong>‘28.</strong></span> <span class='ocrx_word' id='word_1_744' title='bbox 1354 5786 1399 5814; x_wconf 82' lang='grc'><strong>³⁵</strong></span> <span class='ocrx_word' id='word_1_745' title='bbox 1434 5784 1575 5837; x_wconf 85' lang='lat' dir='ltr'><strong>Psal.</strong></span> <span class='ocrx_word' id='word_1_746' title='bbox 1605 5801 1656 5842; x_wconf 78' lang='lat'><strong>1.,</strong></span> <span class='ocrx_word' id='word_1_747' title='bbox 1682 5785 1732 5834; x_wconf 86' lang='lat'><strong>7.</strong></span> <span class='ocrx_word' id='word_1_748' title='bbox 1807 5787 1850 5816; x_wconf 71' lang='grc'><strong>⁸⁸</strong></span> <span class='ocrx_word' id='word_1_749' title='bbox 1884 5785 2020 5839; x_wconf 86' lang='lat' dir='ltr'><strong>lbid.</strong></span> 
     </span>
    </p>
   </div>
   <div class='ocr_carea' id='block_1_105' title="bbox 522 5851 1712 5916">
    <p class='ocr_par' dir='ltr' id='par_1_105' title="bbox 522 5851 1712 5916">
     <span class='ocr_line' id='line_1_105' title="bbox 522 5851 1712 5916; baseline -0.003 -10"><span class='ocrx_word' id='word_1_750' title='bbox 522 5864 664 5915; x_wconf 64' lang='lat' dir='ltr'><strong>xxxv,</strong></span> <span class='ocrx_word' id='word_1_751' title='bbox 709 5851 792 5902; x_wconf 80' lang='lat' dir='ltr'><strong>l7.</strong></span> <span class='ocrx_word' id='word_1_752' title='bbox 867 5852 905 5880; x_wconf 78' lang='lat'>“</span> <span class='ocrx_word' id='word_1_753' title='bbox 942 5853 1128 5904; x_wconf 77' lang='lat' dir='ltr'><strong>Matth.</strong></span> <span class='ocrx_word' id='word_1_754' title='bbox 1161 5868 1216 5905; x_wconf 90' lang='grc' dir='ltr'>ιι.</span> <span class='ocrx_word' id='word_1_755' title='bbox 1320 5852 1362 5884; x_wconf 74' lang='grc'><strong>⁸³</strong></span> <span class='ocrx_word' id='word_1_756' title='bbox 1385 5852 1517 5906; x_wconf 89' lang='lat' dir='ltr'><strong>Luc.</strong></span> <span class='ocrx_word' id='word_1_757' title='bbox 1546 5868 1602 5916; x_wconf 89' lang='grc' dir='ltr'>ιι,</span> <span class='ocrx_word' id='word_1_758' title='bbox 1630 5853 1712 5906; x_wconf 71' lang='lat' dir='ltr'><strong>lit.</strong></span> 
     </span>
    </p>
   </div>
   <div class='ocr_carea' id='block_1_106' title="bbox 1765 5710 2736 5838">
    <p class='ocr_par' dir='ltr' id='par_1_106' title="bbox 1765 5710 2736 5838">
     <span class='ocr_line' id='line_1_106' title="bbox 1765 5710 2736 5780; baseline -0.008 -10"><span class='ocrx_word' id='word_1_759' title='bbox 1765 5715 1807 5746; x_wconf 80' lang='grc'>³⁹</span> <span class='ocrx_word' id='word_1_760' title='bbox 1833 5713 1989 5770; x_wconf 88' lang='lat' dir='ltr'><strong>Cant.</strong></span> <span class='ocrx_word' id='word_1_761' title='bbox 2022 5731 2080 5780; x_wconf 87' lang='grc' dir='ltr'>ιι,</span> <span class='ocrx_word' id='word_1_762' title='bbox 2112 5715 2165 5768; x_wconf 68' lang='grc'><strong>2.</strong></span> <span class='ocrx_word' id='word_1_763' title='bbox 2246 5712 2291 5744; x_wconf 87' lang='grc'><strong>³³</strong></span> <span class='ocrx_word' id='word_1_764' title='bbox 2312 5713 2355 5767; x_wconf 82' lang='lat' dir='ltr'><strong>ll</strong></span> <span class='ocrx_word' id='word_1_765' title='bbox 2383 5711 2508 5767; x_wconf 88' lang='lat' dir='ltr'><strong>Cor.</strong></span> <span class='ocrx_word' id='word_1_766' title='bbox 2542 5729 2613 5772; x_wconf 83' lang='lat' dir='ltr'><strong>vi,</strong></span> <span class='ocrx_word' id='word_1_767' title='bbox 2654 5710 2736 5763; x_wconf 71' lang='grc' dir='ltr'><strong>Η.</strong></span> 
     </span>
     <span class='ocr_line' id='line_1_107' title="bbox 1807 5781 2732 5838; baseline -0.003 0"><span class='ocrx_word' id='word_1_768' title='bbox 1807 5787 1850 5816; x_wconf 72' lang='grc'><strong>⁸⁸</strong></span> <span class='ocrx_word' id='word_1_769' title='bbox 1884 5785 2020 5838; x_wconf 90' lang='lat' dir='ltr'><strong>lbid.</strong></span> <span class='ocrx_word' id='word_1_770' title='bbox 2101 5785 2142 5817; x_wconf 83' lang='grc'><strong>³⁷</strong></span> <span class='ocrx_word' id='word_1_771' title='bbox 2184 5784 2317 5838; x_wconf 87' lang='lat' dir='ltr'><strong>Luc.</strong></span> <span class='ocrx_word' id='word_1_772' title='bbox 2361 5799 2397 5838; x_wconf 87' lang='grc' dir='ltr'>ι.</span> <span class='ocrx_word' id='word_1_773' title='bbox 2439 5783 2524 5837; x_wconf 80' lang='grc'><strong>55.</strong></span> <span class='ocrx_word' id='word_1_774' title='bbox 2607 5781 2732 5836; x_wconf 71' lang='lat' dir='ltr'><strong>&quot;Ib</strong></span> 
     </span>
    </p>
   </div>
   <div class='ocr_carea' id='block_1_107' title="bbox 2171 4637 3752 4714">
    <p class='ocr_par' dir='ltr' id='par_1_107' title="bbox 2171 4637 3752 4714">
     <span class='ocr_line' id='line_1_108' title="bbox 2171 4637 3752 4714; baseline -0.018 -3"><span class='ocrx_word' id='word_1_775' title='bbox 2171 4671 2335 4710; x_wconf 91' lang='lat' dir='ltr'><strong>carne</strong></span> <span class='ocrx_word' id='word_1_776' title='bbox 2358 4660 2520 4707; x_wconf 88' lang='lat' dir='ltr'><strong>natus</strong></span> <span class='ocrx_word' id='word_1_777' title='bbox 2541 4658 2646 4714; x_wconf 87' lang='lat' dir='ltr'><strong>est,</strong></span> <span class='ocrx_word' id='word_1_778' title='bbox 2683 4644 2991 4702; x_wconf 64' lang='lat' dir='ltr'><strong>caelestium</strong></span> <span class='ocrx_word' id='word_1_779' title='bbox 3015 4637 3470 4706; x_wconf 89' lang='lat' dir='ltr'><strong>terrestriumque</strong></span> <span class='ocrx_word' id='word_1_780' title='bbox 3491 4648 3589 4703; x_wconf 90' lang='lat' dir='ltr'><strong>par</strong></span> <span class='ocrx_word' id='word_1_781' title='bbox 3614 4645 3752 4686; x_wconf 82' lang='lat' dir='ltr'><strong>con-</strong></span> 
     </span>
    </p>
   </div>
   <div class='ocr_carea' id='block_1_108' title="bbox 2173 4721 3751 4807">
    <p class='ocr_par' dir='ltr' id='par_1_108' title="bbox 2173 4721 3751 4807">
     <span class='ocr_line' id='line_1_109' title="bbox 2173 4721 3751 4807; baseline -0.017 -5"><span class='ocrx_word' id='word_1_782' title='bbox 2173 4760 2368 4802; x_wconf 87' lang='lat' dir='ltr'><strong>cursus</strong></span> <span class='ocrx_word' id='word_1_783' title='bbox 2383 4741 2615 4799; x_wconf 88' lang='lat' dir='ltr'><strong>cxsistit.</strong></span> <span class='ocrx_word' id='word_1_784' title='bbox 2641 4735 2832 4807; x_wconf 87' lang='lat' dir='ltr'><strong>Angeli</strong></span> <span class='ocrx_word' id='word_1_785' title='bbox 2864 4747 3102 4802; x_wconf 88' lang='lat' dir='ltr'><strong>namque</strong></span> <span class='ocrx_word' id='word_1_786' title='bbox 3131 4746 3163 4784; x_wconf 90' lang='lat' dir='ltr'><strong>e</strong></span> <span class='ocrx_word' id='word_1_787' title='bbox 3189 4727 3411 4784; x_wconf 90' lang='lat' dir='ltr'><strong>sublimi</strong></span> <span class='ocrx_word' id='word_1_788' title='bbox 3432 4723 3625 4780; x_wconf 91' lang='lat' dir='ltr'><strong>oculos</strong></span> <span class='ocrx_word' id='word_1_789' title='bbox 3645 4721 3751 4776; x_wconf 87' lang='lat' dir='ltr'><strong>de-</strong></span> 
     </span>
    </p>
   </div>
   <div class='ocr_carea' id='block_1_109' title="bbox 2174 4815 3755 4899">
    <p class='ocr_par' dir='ltr' id='par_1_109' title="bbox 2174 4815 3755 4899">
     <span class='ocr_line' id='line_1_110' title="bbox 2174 4815 3755 4899; baseline -0.018 -6"><span class='ocrx_word' id='word_1_790' title='bbox 2174 4839 2474 4899; x_wconf 88' lang='lat' dir='ltr'><strong>mittentes,</strong></span> <span class='ocrx_word' id='word_1_791' title='bbox 2530 4831 2744 4886; x_wconf 89' lang='lat' dir='ltr'><strong>stellam</strong></span> <span class='ocrx_word' id='word_1_792' title='bbox 2794 4825 2984 4880; x_wconf 89' lang='lat' dir='ltr'><strong>vident</strong></span> <span class='ocrx_word' id='word_1_793' title='bbox 3006 4840 3075 4879; x_wconf 87' lang='lat' dir='ltr'><strong>ex</strong></span> <span class='ocrx_word' id='word_1_794' title='bbox 3121 4819 3380 4885; x_wconf 70' lang='lat' dir='ltr'><strong>Iacob“;</strong></span> <span class='ocrx_word' id='word_1_795' title='bbox 3416 4815 3554 4886; x_wconf 81' lang='lat' dir='ltr'><strong>Magi</strong></span> <span class='ocrx_word' id='word_1_796' title='bbox 3612 4829 3755 4868; x_wconf 88' lang='lat' dir='ltr'><strong>vero</strong></span> 
     </span>
    </p>
   </div>
   <div class='ocr_carea' id='block_1_110' title="bbox 2175 4904 3758 4984">
    <p class='ocr_par' dir='ltr' id='par_1_110' title="bbox 2175 4904 3758 4984">
     <span class='ocr_line' id='line_1_111' title="bbox 2175 4904 3758 4984; baseline -0.018 0"><span class='ocrx_word' id='word_1_797' title='bbox 2175 4926 2404 4984; x_wconf 87' lang='lat' dir='ltr'><strong>sublatis</strong></span> <span class='ocrx_word' id='word_1_798' title='bbox 2436 4925 2491 4978; x_wconf 89' lang='lat' dir='ltr'><strong>in</strong></span> <span class='ocrx_word' id='word_1_799' title='bbox 2521 4923 2693 4977; x_wconf 88' lang='lat' dir='ltr'><strong>altum</strong></span> <span class='ocrx_word' id='word_1_800' title='bbox 2727 4916 2994 4980; x_wconf 90' lang='lat' dir='ltr'><strong>vultibus,</strong></span> <span class='ocrx_word' id='word_1_801' title='bbox 3021 4913 3234 4969; x_wconf 89' lang='lat' dir='ltr'><strong>stellam</strong></span> <span class='ocrx_word' id='word_1_802' title='bbox 3263 4925 3384 4980; x_wconf 65' lang='lat' dir='ltr'><strong>quae</strong></span> <span class='ocrx_word' id='word_1_803' title='bbox 3429 4909 3486 4962; x_wconf 90' lang='lat' dir='ltr'><strong>in</strong></span> <span class='ocrx_word' id='word_1_804' title='bbox 3532 4904 3758 4960; x_wconf 86' lang='lat' dir='ltr'><strong>Bethle-</strong></span> 
     </span>
    </p>
   </div>
   <div class='ocr_carea' id='block_1_111' title="bbox 2178 4997 3757 5082">
    <p class='ocr_par' dir='ltr' id='par_1_111' title="bbox 2178 4997 3757 5082">
     <span class='ocr_line' id='line_1_112' title="bbox 2178 4997 3757 5082; baseline -0.017 -7"><span class='ocrx_word' id='word_1_805' title='bbox 2178 5022 2302 5074; x_wconf 91' lang='lat' dir='ltr'><strong>hem</strong></span> <span class='ocrx_word' id='word_1_806' title='bbox 2336 5029 2422 5072; x_wconf 89' lang='lat' dir='ltr'><strong>est</strong></span> <span class='ocrx_word' id='word_1_807' title='bbox 2474 5012 2886 5082; x_wconf 89' lang='lat' dir='ltr'><strong>conspicantur,</strong></span> <span class='ocrx_word' id='word_1_808' title='bbox 2929 5005 3201 5074; x_wconf 89' lang='lat' dir='ltr'><strong>simulque</strong></span> <span class='ocrx_word' id='word_1_809' title='bbox 3234 5003 3291 5057; x_wconf 91' lang='lat' dir='ltr'><strong>in</strong></span> <span class='ocrx_word' id='word_1_810' title='bbox 3331 5000 3590 5070; x_wconf 91' lang='lat' dir='ltr'><strong>spelunca</strong></span> <span class='ocrx_word' id='word_1_811' title='bbox 3637 4997 3757 5050; x_wconf 79' lang='lat' dir='ltr'><strong>col-</strong></span> 
     </span>
    </p>
   </div>
   <div class='ocr_carea' id='block_1_112' title="bbox 2176 5085 3754 5178">
    <p class='ocr_par' dir='ltr' id='par_1_112' title="bbox 2176 5085 3754 5178">
     <span class='ocr_line' id='line_1_113' title="bbox 2176 5085 3754 5178; baseline -0.018 -12"><span class='ocrx_word' id='word_1_812' title='bbox 2176 5110 2327 5174; x_wconf 87' lang='lat' dir='ltr'><strong>lecti,</strong></span> <span class='ocrx_word' id='word_1_813' title='bbox 2354 5106 2471 5178; x_wconf 90' lang='lat' dir='ltr'><strong>pari</strong></span> <span class='ocrx_word' id='word_1_814' title='bbox 2495 5120 2620 5161; x_wconf 88' lang='lat' dir='ltr'><strong>eum</strong></span> <span class='ocrx_word' id='word_1_815' title='bbox 2645 5102 2819 5158; x_wconf 88' lang='lat' dir='ltr'><strong>tribus</strong></span> <span class='ocrx_word' id='word_1_816' title='bbox 2843 5095 3184 5170; x_wconf 88' lang='lat' dir='ltr'><strong>spiritalibus</strong></span> <span class='ocrx_word' id='word_1_817' title='bbox 3213 5088 3618 5157; x_wconf 88' lang='lat' dir='ltr'><strong>sensilibusque</strong></span> <span class='ocrx_word' id='word_1_818' title='bbox 3645 5085 3754 5138; x_wconf 89' lang='lat' dir='ltr'><strong>do-</strong></span> 
     </span>
    </p>
   </div>
   <div class='ocr_carea' id='block_1_113' title="bbox 2179 5180 3755 5260">
    <p class='ocr_par' dir='ltr' id='par_1_113' title="bbox 2179 5180 3755 5260">
     <span class='ocr_line' id='line_1_114' title="bbox 2179 5180 3755 5260; baseline -0.018 -4"><span class='ocrx_word' id='word_1_819' title='bbox 2179 5201 2266 5257; x_wconf 87' lang='lat' dir='ltr'><strong>nis</strong></span> <span class='ocrx_word' id='word_1_820' title='bbox 2305 5213 2555 5260; x_wconf 89' lang='lat' dir='ltr'><strong>numero,</strong></span> <span class='ocrx_word' id='word_1_821' title='bbox 2591 5190 2884 5248; x_wconf 73' lang='lat' dir='ltr'><strong>adorandze</strong></span> <span class='ocrx_word' id='word_1_822' title='bbox 2918 5202 3098 5243; x_wconf 80' lang='lat' dir='ltr'><strong>unum</strong></span> <span class='ocrx_word' id='word_1_823' title='bbox 3141 5180 3430 5238; x_wconf 87' lang='lat' dir='ltr'><strong>Trinitatis</strong></span> <span class='ocrx_word' id='word_1_824' title='bbox 3460 5191 3755 5232; x_wconf 83' lang='lat' dir='ltr'><strong>muneran-</strong></span> 
     </span>
    </p>
   </div>
   <div class='ocr_carea' id='block_1_114' title="bbox 2182 5265 3752 5354">
    <p class='ocr_par' dir='ltr' id='par_1_114' title="bbox 2182 5265 3752 5354">
     <span class='ocr_line' id='line_1_115' title="bbox 2182 5265 3752 5354; baseline -0.016 -12"><span class='ocrx_word' id='word_1_825' title='bbox 2182 5298 2273 5342; x_wconf 91' lang='lat' dir='ltr'><strong>tur</strong></span> <span class='ocrx_word' id='word_1_826' title='bbox 2295 5288 2336 5318; x_wconf 73' lang='lat'>&quot;</span> <span class='ocrx_word' id='word_1_827' title='bbox 2365 5302 2377 5338; x_wconf 89' lang='lat'>:</span> <span class='ocrx_word' id='word_1_828' title='bbox 2409 5284 2736 5354; x_wconf 88' lang='lat' dir='ltr'><strong>quibuscum</strong></span> <span class='ocrx_word' id='word_1_829' title='bbox 2758 5294 2860 5333; x_wconf 90' lang='lat' dir='ltr'><strong>nos</strong></span> <span class='ocrx_word' id='word_1_830' title='bbox 2875 5289 3094 5347; x_wconf 90' lang='lat' dir='ltr'><strong>quoque</strong></span> <span class='ocrx_word' id='word_1_831' title='bbox 3114 5265 3752 5343; x_wconf 70' lang='lat' dir='ltr'><strong>opportunelaudemus:</strong></span> 
     </span>
    </p>
   </div>
   <div class='ocr_carea' id='block_1_115' title="bbox 2191 5357 3758 5434">
    <p class='ocr_par' dir='ltr' id='par_1_115' title="bbox 2191 5357 3758 5434">
     <span class='ocr_line' id='line_1_116' title="bbox 2191 5357 3758 5434; baseline -0.013 -4"><span class='ocrx_word' id='word_1_832' title='bbox 2191 5399 2208 5430; x_wconf 74' lang='grc' dir='ltr'><strong>ι</strong></span> <span class='ocrx_word' id='word_1_833' title='bbox 2249 5377 2432 5434; x_wconf 87' lang='lat' dir='ltr'><strong>Gloria</strong></span> <span class='ocrx_word' id='word_1_834' title='bbox 2485 5377 2540 5430; x_wconf 89' lang='lat' dir='ltr'><strong>in</strong></span> <span class='ocrx_word' id='word_1_835' title='bbox 2573 5371 2855 5429; x_wconf 87' lang='lat' dir='ltr'><strong>altissimis</strong></span> <span class='ocrx_word' id='word_1_836' title='bbox 2892 5371 3024 5431; x_wconf 90' lang='lat' dir='ltr'><strong>Deo,</strong></span> <span class='ocrx_word' id='word_1_837' title='bbox 3056 5375 3114 5421; x_wconf 91' lang='lat' dir='ltr'><strong>et</strong></span> <span class='ocrx_word' id='word_1_838' title='bbox 3141 5365 3198 5420; x_wconf 88' lang='lat' dir='ltr'><strong>in</strong></span> <span class='ocrx_word' id='word_1_839' title='bbox 3222 5373 3367 5418; x_wconf 90' lang='lat' dir='ltr'><strong>terra</strong></span> <span class='ocrx_word' id='word_1_840' title='bbox 3399 5377 3536 5431; x_wconf 84' lang='lat' dir='ltr'><strong>pax;</strong></span> <span class='ocrx_word' id='word_1_841' title='bbox 3563 5359 3621 5413; x_wconf 89' lang='lat' dir='ltr'><strong>in</strong></span> <span class='ocrx_word' id='word_1_842' title='bbox 3651 5357 3758 5413; x_wconf 85' lang='lat' dir='ltr'><strong>bo-</strong></span> 
     </span>
    </p>
   </div>
   <div class='ocr_carea' id='block_1_116' title="bbox 2184 5450 3764 5526">
    <p class='ocr_par' dir='ltr' id='par_1_116' title="bbox 2184 5450 3764 5526">
     <span class='ocr_line' id='line_1_117' title="bbox 2184 5450 3764 5526; baseline -0.014 0"><span class='ocrx_word' id='word_1_843' title='bbox 2184 5469 2425 5526; x_wconf 89' lang='lat' dir='ltr'><strong>minibus</strong></span> <span class='ocrx_word' id='word_1_844' title='bbox 2453 5469 2595 5522; x_wconf 89' lang='lat' dir='ltr'><strong>bona</strong></span> <span class='ocrx_word' id='word_1_845' title='bbox 2626 5465 2878 5520; x_wconf 84' lang='lat' dir='ltr'><strong>voluntas</strong></span> <span class='ocrx_word' id='word_1_846' title='bbox 2905 5461 2970 5514; x_wconf 74' lang='lat'><strong>&quot;’.</strong></span> <span class='ocrx_word' id='word_1_847' title='bbox 2998 5457 3374 5516; x_wconf 87' lang='lat' dir='ltr'><strong>Confiteantur</strong></span> <span class='ocrx_word' id='word_1_848' title='bbox 3397 5451 3628 5506; x_wconf 86' lang='lat' dir='ltr'><strong>Domino</strong></span> <span class='ocrx_word' id='word_1_849' title='bbox 3657 5450 3764 5504; x_wconf 86' lang='lat' dir='ltr'><strong>mi-</strong></span> 
     </span>
    </p>
   </div>
   <div class='ocr_carea' id='block_1_117' title="bbox 2187 5541 3760 5630">
    <p class='ocr_par' dir='ltr' id='par_1_117' title="bbox 2187 5541 3760 5630">
     <span class='ocr_line' id='line_1_118' title="bbox 2187 5541 3760 5630; baseline -0.017 -12"><span class='ocrx_word' id='word_1_850' title='bbox 2187 5558 2502 5617; x_wconf 84' lang='lat' dir='ltr'><strong>sericordiae</strong></span> <span class='ocrx_word' id='word_1_851' title='bbox 2517 5559 2658 5630; x_wconf 90' lang='lat' dir='ltr'><strong>ejus,</strong></span> <span class='ocrx_word' id='word_1_852' title='bbox 2697 5564 2755 5612; x_wconf 92' lang='lat' dir='ltr'><strong>et</strong></span> <span class='ocrx_word' id='word_1_853' title='bbox 2786 5551 3060 5610; x_wconf 88' lang='lat' dir='ltr'><strong>mirabilia</strong></span> <span class='ocrx_word' id='word_1_854' title='bbox 3097 5549 3217 5621; x_wconf 90' lang='lat' dir='ltr'><strong>ejus</strong></span> <span class='ocrx_word' id='word_1_855' title='bbox 3249 5546 3380 5601; x_wconf 80' lang='lat' dir='ltr'><strong>filiis</strong></span> <span class='ocrx_word' id='word_1_856' title='bbox 3430 5541 3760 5605; x_wconf 87' lang='lat' dir='ltr'><strong>hominum;</strong></span> 
     </span>
    </p>
   </div>
   <div class='ocr_carea' id='block_1_118' title="bbox 2826 5694 3762 5765">
    <p class='ocr_par' dir='ltr' id='par_1_118' title="bbox 2826 5694 3762 5765">
     <span class='ocr_line' id='line_1_119' title="bbox 2826 5694 3762 5765; baseline 0.005 -27"><span class='ocrx_word' id='word_1_857' title='bbox 2826 5708 2890 5739; x_wconf 73' lang='grc' dir='ltr'>ιιο</span> <span class='ocrx_word' id='word_1_858' title='bbox 2915 5705 3074 5760; x_wconf 66' lang='lat' dir='ltr'><strong>Cant.</strong></span> <span class='ocrx_word' id='word_1_859' title='bbox 3132 5718 3206 5765; x_wconf 82' lang='lat' dir='ltr'><strong>Iv,</strong></span> <span class='ocrx_word' id='word_1_860' title='bbox 3248 5700 3332 5754; x_wconf 81' lang='grc' dir='ltr'><strong>Η.</strong></span> <span class='ocrx_word' id='word_1_861' title='bbox 3412 5697 3457 5728; x_wconf 68' lang='grc'><strong>⁸⁵</strong></span> <span class='ocrx_word' id='word_1_862' title='bbox 3489 5694 3646 5765; x_wconf 67' lang='lat' dir='ltr'><strong>Cant.</strong></span> <span class='ocrx_word' id='word_1_863' title='bbox 3688 5709 3762 5754; x_wconf 81' lang='lat' dir='ltr'><strong>tv,</strong></span> 
     </span>
    </p>
   </div>
   <div class='ocr_carea' id='block_1_119' title="bbox 3385 5762 3764 5819">
    <p class='ocr_par' dir='ltr' id='par_1_119' title="bbox 3385 5762 3764 5819">
     <span class='ocr_line' id='line_1_120' title="bbox 3385 5762 3764 5819; baseline -0.003 0"><span class='ocrx_word' id='word_1_864' title='bbox 3385 5767 3438 5819; x_wconf 80' lang='lat'><strong>5.</strong></span> <span class='ocrx_word' id='word_1_865' title='bbox 3512 5765 3556 5796; x_wconf 76' lang='grc' dir='ltr'><strong>’⁸ο</strong></span> <span class='ocrx_word' id='word_1_866' title='bbox 3593 5762 3764 5819; x_wconf 83' lang='lat' dir='ltr'><strong>Num.</strong></span> 
     </span>
    </p>
   </div>
   <div class='ocr_carea' id='block_1_120' title="bbox 2607 5773 3438 5845">
    <p class='ocr_par' dir='ltr' id='par_1_120' title="bbox 2607 5773 3438 5845">
     <span class='ocr_line' id='line_1_121' title="bbox 2607 5773 3438 5845; baseline -0.019 -8"><span class='ocrx_word' id='word_1_867' title='bbox 2607 5782 2650 5813; x_wconf 76' lang='grc'><strong>³⁸</strong></span> <span class='ocrx_word' id='word_1_868' title='bbox 2674 5780 2836 5845; x_wconf 87' lang='lat' dir='ltr'><strong>lbid.,</strong></span> <span class='ocrx_word' id='word_1_869' title='bbox 2876 5777 2964 5831; x_wconf 68' lang='lat'><strong>&#39;52.</strong></span> <span class='ocrx_word' id='word_1_870' title='bbox 3043 5776 3085 5811; x_wconf 74' lang='grc'><strong>³⁸</strong></span> <span class='ocrx_word' id='word_1_871' title='bbox 3120 5773 3287 5829; x_wconf 82' lang='lat' dir='ltr'><strong>Hebr.</strong></span> <span class='ocrx_word' id='word_1_872' title='bbox 3323 5785 3360 5833; x_wconf 90' lang='grc' dir='ltr'>ι,</span> <span class='ocrx_word' id='word_1_873' title='bbox 3386 5773 3438 5822; x_wconf 80' lang='grc'><strong>5.</strong></span> 
     </span>
    </p>
   </div>
  </div>
