4076 6488
380 441 402 494 l
414 440 518 497 429

981 443 1266 501 llOMILlA
1301 447 1368 506 Vl
1403 445 1472 502 IN
1512 448 1568 506 S.
1619 445 1956 504 DElPARAM

2048 444 2102 500 IT
2143 445 2210 500 ΙΝ
2251 445 2722 502 ΝΑΤΝΙΤΑΤΕΜ
2766 447 3025 504 DOMINI.

3527 444 3664 504 1430

374 564 506 634 quia
531 564 682 618 misit
710 563 949 619 Verbum
998 583 1158 622 suum
1193 579 1250 624 et
1286 570 1503 638 Filium,
1535 582 1592 627 et
1635 571 1843 642 eripuit
1870 586 1970 626 nos
1999 573 2043 631 Α
2076 569 2305 624 salutem
2327 585 2547 634 novam,
2577 570 2631 624 in
2653 587 2758 641 qua
2772 571 2949 625 salute
2983 568 3304 625 circuibunt
3335 567 3606 623 homines.
3636 581 3658 618 ι

374 657 445 712 de
471 657 882 712 interitionibus
927 662 1135 715 nostris
1173 663 1245 716 “.
1272 663 1377 729 Qui
1402 665 1612 722 timetis
1644 665 1958 729 Dominum,

373 748 593 802 laudate
610 764 738 803 eum
757 749 828 815 “;
853 769 870 800 ι
906 751 1036 821 quia
1062 753 1200 807 nihil
1229 755 1494 812 recedens
1519 771 1550 812 a
1572 757 1735 812 Patre
1753 777 1771 808 ι
1804 757 1962 812 incli-

373 842 526 895 navit
545 842 736 906 cmlos,
763 851 818 898 et
849 843 1202 900 descendit"
1230 864 1244 913 ;
1273 866 1290 897 ι
1315 849 1634 919 placuitque
1661 859 1722 905 ut
1749 850 1806 904 in
1835 851 1959 906 Vir-

368 932 514 1002 ginis
545 941 704 988 utero
735 951 857 1005 qua:
891 951 1003 990 non
1028 946 1209 1007 potest
1237 940 1356 1011 capi
1396 941 1617 998 deitatis
1670 942 1959 1012 plenitudo

369 1034 682 1094 caperetur.
729 1045 748 1078 r
788 1026 1020 1084 Cantate
1075 1031 1310 1086 Domino
1380 1034 1660 1089 canticum
1717 1049 1953 1100 novum,

365 1117 496 1187 quia
524 1117 800 1173 mirabilia
824 1118 954 1174 fecit
993 1121 1058 1175 ιθ.
1089 1141 1107 1173 ι
1139 1121 1413 1192 Splendor
1464 1126 1614 1180 enim
1669 1126 1860 1196 glorias
1900 1135 1958 1183 et

367 1207 541 1278 figura
577 1209 898 1265 occultioris
923 1211 1166 1282 paternae
1206 1216 1589 1272 substantia"
1620 1233 1689 1272 en
1719 1217 1956 1274 inteme‘

365 1309 482 1354 rata
506 1301 725 1372 Virgine
745 1318 969 1359 carnem
989 1305 1162 1361 voluit
1186 1323 1487 1364 assumere.
1513 1329 1532 1360 ι
1553 1311 1793 1367 Jubilate
1816 1312 1950 1378 Deo,

360 1393 544 1446 ottmis
564 1402 747 1448 terra:
776 1394 944 1451 dicite
961 1397 1096 1462 Deo,
1121 1397 1294 1464 Quam
1333 1400 1605 1456 terribilia
1630 1410 1760 1457 sunt
1785 1417 1952 1473 opera

361 1493 454 1538 tua
476 1484 519 1516 ⁵⁸
544 1502 558 1550 ;
584 1506 600 1535 ι
625 1487 720 1556 qui
737 1488 884 1543 enim
901 1499 987 1545 est
1009 1490 1062 1544 in
1081 1490 1256 1546 forma
1279 1492 1478 1557 Patris,
1497 1494 1658 1548 nobis
1681 1494 1738 1549 in
1763 1503 1951 1549 nostra

359 1585 686 1645 paupertate
727 1578 1025 1635 conformis
1078 1581 1314 1637 indivise
1339 1582 1460 1638 ﬁeri
1494 1584 1708 1650 voluit;
1747 1586 1951 1656 quippe

357 1675 486 1721 ante
516 1668 810 1724 luciferum
837 1672 1056 1742 genitus
1078 1673 1244 1738 est”,
1271 1675 1586 1731 novissimis
1611 1679 1951 1747 temporibus

356 1759 458 1814 sibi
506 1769 742 1817 matrem
782 1764 1012 1831 ascivit;
1064 1771 1230 1836 atque
1281 1767 1594 1824 subsistens
1619 1769 1800 1824 Patris
1854 1769 1950 1825 Sa-

355 1855 582 1923 pientia,
615 1857 881 1926 templum
908 1858 1018 1913 sibi
1055 1859 1112 1913 in
1152 1860 1485 1916 venerabilis
1512 1861 1754 1932 Virginis
1787 1870 1948 1917 utero

353 1963 465 2000 non
504 1946 878 2004 manufactum
921 1949 1236 2016 aediﬁcavit,
1286 1959 1344 2007 et
1399 1970 1417 2005 ι
1451 1953 1722 2008 habitavit
1756 1955 1810 2009 in
1847 1969 1946 2010 no-

353 2034 549 2099 bis'°,p
577 2051 646 2090 eo
665 2037 814 2106 quod
842 2057 860 2089 ι
879 2053 989 2094 non
1025 2039 1240 2095 habitet
1261 2040 1598 2107 Altissimus,
1639 2044 1938 2099 sicutscri-

353 2133 505 2195 ptum
532 2135 617 2182 est
656 2128 724 2194 ",
763 2147 782 2180 ‹
820 2129 878 2184 in
913 2130 1280 2188 manufactis:
1333 2152 1351 2186 ι
1380 2134 1641 2205 venitque
1676 2143 1737 2189 ut
1795 2145 1941 2190 esset

352 2217 666 2284 nobiscum,
691 2219 786 2289 qui
814 2235 846 2275 a
870 2230 1102 2292 paterno
1123 2223 1250 2279 sinu
1289 2240 1400 2280 non
1435 2225 1807 2298 disiungitur;
1843 2228 1937 2299 qui

350 2325 519 2378 super
558 2311 922 2368 cherubicum
973 2315 1236 2371 thronum
1281 2317 1520 2385 sedet",
1573 2327 1738 2390 atque
1771 2334 1802 2375 a
1827 2334 1939 2376 ca:-

353 2395 581 2456 lestibus
604 2403 894 2460 ordinibus
946 2406 1234 2476 laudatur;
1287 2410 1550 2481 Princeps
1601 2411 1693 2466 ille
1732 2412 1938 2482 princi-

349 2507 502 2559 pum,
529 2512 547 2543 ι
574 2494 841 2552 Dominus
855 2497 1282 2566 dominantium,
1311 2503 1655 2570 ipotentium
1669 2510 1932 2573 potestas,

351 2581 522 2637 libera
554 2583 784 2640 facultas
823 2602 977 2644 mero
1019 2591 1146 2660 jure
1193 2593 1491 2657 utentium,
1546 2594 1933 2649 universorum

353 2673 480 2737 vita,
506 2676 603 2745 qui
651 2678 802 2734 solus
837 2695 962 2734 cum
1010 2680 1222 2751 Spiritu
1267 2692 1460 2740 sancto
1489 2685 1710 2740 Patrem
1729 2700 1932 2756 cogno-

350 2765 538 2830 scit",
575 2777 741 2838 atque
784 2786 816 2825 a
857 2772 974 2827 solo
998 2773 1162 2828 Patre
1189 2790 1254 2831 ac
1298 2775 1506 2847 Spiritu
1549 2777 1927 2846 cognoscitur:

348 2855 442 2923 qui
491 2858 609 2925 pari
645 2859 802 2914 sedet
835 2862 990 2932 regni
1013 2864 1174 2929 solio,
1219 2881 1376 2936 aequa
1431 2867 1601 2936 pollet
1635 2876 1928 2937 potestate,

348 2947 538 3002 eadem
575 2950 804 3007 honoris
860 2954 1110 3010 claritate
1141 2956 1364 3026 gaudet,
1402 2957 1674 3014 indivisus
1707 2969 1928 3026 natura,

347 3039 442 3109 qui
490 3040 544 3094 in
573 3043 851 3110 omnibus,
877 3061 941 3100 ac
970 3061 1137 3116 super
1184 3049 1368 3104 omnia
1397 3058 1484 3106 est
1507 3051 1575 3115 “,
1624 3070 1644 3103 ι
1700 3053 1814 3108 Rex
1845 3069 1932 3108 re-

347 3131 778 3197 gum,Dominus
803 3133 1288 3206 dominantium",
1309 3160 1432 3193 ι--ι
1457 3143 1608 3198 solus
1623 3159 1750 3198 cum
1765 3143 1933 3200 Geni-

349 3224 467 3324 tore
507 3222 726 3280 habens
779 3226 1272 3296 immortalitatem,
1327 3247 1393 3286 ac
1442 3232 1626 3288 lucem
1676 3235 2004 3324 habitansc

345 3312 790 3372 inaccessibilem
809 3319 889 3384 '5;
927 3339 944 3371 ι
972 3337 1135 3391 quem
1169 3339 1333 3379 nemo
1384 3325 1534 3381 nuda
1559 3324 1765 3381 deitate
1795 3326 1938 3382 vidit

346 3421 526 3475 neque
545 3406 736 3463 videre
763 3414 1028 3480 potest",
1051 3429 1178 3469 cum
1206 3417 1385 3472 servis
1407 3417 1524 3471 suis
1553 3417 1737 3472 venit:
1771 3436 1788 3468 ι
1822 3431 1933 3472 non

341 3498 490 3555 sicut
536 3500 821 3568 delictum,
872 3503 948 3559 ita
987 3513 1045 3560 et
1085 3506 1292 3562 donum
1326 3526 1344 3558 ι
1380 3508 1690 3578 rependens
1710 3510 1777 3575 ⁵⁸,
1832 3509 1932 3564 sed

343 3592 576 3661 gratiam
627 3595 789 3667 longe
843 3598 1004 3654 malis
1052 3599 1370 3656 uberiorem
1422 3600 1730 3667 inducens,
1767 3610 1936 3674 atque

335 3678 599 3740 infaustis
625 3686 786 3758 longe
832 3688 1169 3746 faustissima
1196 3691 1457 3762 largiens,
1493 3694 1746 3749 scelestis
1803 3709 1934 3750 san.-

341 3775 589 3832 etissima
624 3779 912 3850 magniﬁce
951 3782 1218 3839 tribuens.
1251 3784 1509 3840 Nostram
1529 3785 1677 3842 enim
1699 3787 1931 3842 inﬁrmi-

343 3874 512 3920 tatem
544 3868 648 3923 sibi
676 3871 876 3927 unicns
899 3873 994 3942 qui
1020 3880 1219 3944 potens
1257 3885 1364 3942 est,
1406 3887 1586 3934 morte
1608 3879 1934 3936 validiorem

341 3958 556 4026 effecit,
584 3975 649 4016 ac
681 3973 934 4020 naturam
969 3983 1090 4036 qua:
1122 3970 1466 4040 corruptioni
1499 3972 1644 4028 victa
1697 3981 1938 4029 cesserat

343 4051 398 4105 in
440 4068 497 4106 se
522 4069 831 4123 assumens,
850 4059 1120 4117 adversus
1149 4065 1568 4135 corruptionem
1593 4065 1808 4123 viribus
1831 4083 1934 4122 au-

343 4139 456 4205 xit;
485 4150 649 4212 atque
697 4161 846 4200 ream
899 4148 1031 4204 Adae
1078 4151 1370 4223 imaginem
1417 4163 1658 4226 gestans,
1724 4157 1936 4226 peccati

343 4232 629 4288 victricem
650 4236 929 4293 reddidit:
963 4249 1130 4312 utque
1165 4245 1339 4300 verbo
1369 4246 1571 4312 dicam,
1607 4249 1938 4304 criminibus

341 4324 602 4380 omnibus
641 4327 911 4385 obnoxios
949 4331 1228 4388 adoranda
1287 4334 1380 4389 illa
1437 4352 1536 4390 sua
1573 4336 1936 4395 inclinatione

341 4413 631 4483 liberavit,
667 4437 685 4470 ‹
723 4428 780 4474 ιιι
808 4419 952 4475 sicut
972 4425 1220 4493 regnavit
1239 4432 1527 4494 peccatum
1547 4427 1602 4481 in
1627 4439 1828 4494 morte,
1855 4431 1936 4486 sic

341 4516 398 4561 et
421 4508 592 4576 gratia
615 4510 737 4580 ejus
759 4522 953 4582 regnet
982 4514 1037 4568 in
1061 4515 1222 4570 nobis
1245 4515 1300 4570 in
1323 4516 1494 4570 vitam
1524 4527 1789 4573 aeternam
1807 4521 1873 4576 ⁵⁸.
1910 4541 1928 4574 ι

2067 661 2206 716 Vere
2225 680 2242 712 ι
2274 677 2530 732 magnum
2549 677 2883 732 omnemque
2903 661 3372 733 magnificentiam
3395 674 3662 730 superans

2062 750 2314 806 veritatis
2373 752 2717 823 mysterium,
2771 753 2921 824 quod
2992 752 3406 808 manifestatum
3463 760 3550 807 est
3603 751 3658 805 in

2063 857 2232 898 carne
2254 843 2321 907 θι,
2353 860 2373 895 ι
2411 858 2720 915 novamque
2745 845 2980 900 salutem
3004 852 3294 916 operatum
3329 853 3416 899 est
3449 843 3507 898 in
3539 859 3657 897 ine--

2062 933 2156 991 dio
2195 944 2392 998 terrae;
2423 936 2477 990 in
2505 952 2613 1007 qua
2641 937 2986 994 circuierunt
3009 938 3267 994 homines
3292 936 3483 992 relicta
3519 952 3654 992 con-

2061 1027 2376 1084 v’ersatione
2402 1027 2457 1082 in
2484 1039 2716 1099 paterno
2750 1044 2939 1084 errore
2965 1029 3032 1094 θ’,
3071 1037 3234 1100 atque
3259 1028 3328 1084 ad
3361 1029 3536 1084 Deum
3569 1029 3653 1083 vi-

2059 1134 2189 1173 vum
2223 1120 2501 1175 conversi.
2538 1118 2582 1176 0
2608 1135 2696 1175 res
2730 1119 3112 1175 admirandas!
3173 1120 3218 1176 0
3259 1130 3462 1191 quanta
3491 1121 3653 1176 Chri-

2058 1211 2250 1267 stianae
2281 1211 2505 1282 pietatis
2540 1209 2644 1278 vis,
2669 1221 2733 1268 ut
2765 1220 2820 1268 et
2856 1213 3017 1268 valde
3053 1212 3394 1268 contentioni
3430 1212 3653 1267 studen-

2057 1311 2141 1358 tes
2184 1302 2253 1356 ad
2289 1319 2348 1358 se
2392 1304 2568 1374 possit
2625 1303 2968 1360 transferre!
3008 1304 3125 1360 Hoc
3159 1319 3312 1369 sane,
3347 1302 3455 1358 hoc
3479 1304 3648 1358 veteri

2055 1393 2134 1448 illi
2171 1395 2387 1450 Balaam
2428 1395 2628 1467 legitur
2663 1396 2931 1452 accidisse
2971 1415 2982 1450 :
3025 1396 3122 1467 qui
3158 1412 3226 1451 ex
3260 1396 3490 1467 profano
3526 1405 3650 1450 vate

2055 1485 2110 1540 in
2167 1487 2558 1558 propheticum
2617 1489 2903 1544 oraculum
2958 1497 3359 1543 transmutatus
3403 1498 3510 1553 est,
3568 1487 3649 1543 sic

2053 1581 2173 1650 ejus
2203 1580 2317 1634 Deo
2373 1579 2700 1636 immutante
2735 1581 3002 1652 linguam,
3051 1590 3112 1635 ut
3164 1580 3464 1652 gentilibus
3513 1596 3646 1634 vera

2052 1675 2471 1744 praenuntiaret.
2500 1695 2517 1726 ι
2539 1673 2766 1730 Orietur
2781 1676 2953 1740 enim,
2973 1675 3173 1746 inquit,
3195 1675 3349 1730 stella
3367 1690 3433 1729 ex
3455 1673 3646 1738 Jacob,

2052 1771 2110 1819 et
2143 1773 2440 1837 consurget
2460 1765 2546 1818 vir
2571 1764 2640 1820 de
2671 1765 2859 1830 Israel,
2880 1773 2934 1819 et
2962 1764 3238 1835 percutiet
3262 1763 3432 1819 duces
3465 1763 3644 1826 Moab,

2052 1857 2400 1926 vastabitque
2427 1857 2571 1912 filios
2591 1856 2826 1913 Ammon
2848 1859 2916 1912 ⁸³.
2945 1878 2962 1909 ι
2992 1857 3061 1912 Et
3081 1856 3214 1927 quid
3233 1855 3356 1911 dico
3388 1854 3645 1910 Balaam?

2050 1946 2376 2012 Considera,
2401 1963 2608 2017 quaeso,
2649 1947 2868 2012 dilecte,
2905 1947 3073 2002 etiam
3107 1946 3162 2000 in
3187 1945 3393 2000 Graecia
3418 1953 3474 1999 et
3498 1945 3643 2012 apud

2051 2037 2317 2093 barbaros
2337 2037 2758 2106 praenuntiatam
2798 2035 3128 2091 Christianae
3161 2034 3289 2088 fidei
3324 2033 3644 2092 veritatem,

2048 2130 2118 2184 ad
2171 2143 2366 2183 eorum
2417 2127 2513 2198 qui
2565 2127 2712 2181 illam
2779 2133 3048 2197 spernunt
3099 2124 3644 2179 condemnationem-

2047 2221 2218 2277 Aiunt
2250 2221 2398 2276 enim
2436 2235 2564 2276 cum
2614 2219 2786 2290 pestis
2820 2217 3140 2290 gravissima
3172 2215 3396 2271 Graecia:
3430 2215 3640 2269 incuru-

2047 2313 2204 2369 beret
2238 2313 2664 2382 universamque
2701 2311 2982 2381 regionem
3036 2316 3412 2373 consumeret,
3458 2322 3523 2362 ac
3557 2307 3637 2361 ci-

2047 2419 2142 2460 ves
2177 2404 2678 2476 supplicationibus
2699 2410 2865 2473 atque
2890 2401 3094 2456 hostiis
3125 2401 3417 2456 uberiores
3465 2400 3640 2454 insta-

2045 2507 2190 2564 rent,
2229 2497 2436 2569 quibus
2479 2497 2618 2553 falsa
2645 2512 2746 2552 sua
2776 2495 3008 2551 numina
3038 2495 3310 2567 placanda
3351 2494 3636 2550 existima-

2044 2597 2200 2644 rent:
2237 2605 2361 2644 cum
2408 2590 2595 2659 itaque
2627 2603 2740 2642 non
2775 2595 2923 2644 esset
2947 2603 3074 2652 vox,
3117 2596 3214 2642 aut
3249 2587 3358 2642 ulla
3403 2586 3634 2649 auditio,

2044 2691 2106 2734 ut
2158 2681 2403 2751 loquitur
2455 2680 2824 2751 Scriptura“,
2876 2681 3170 2737 consilium
3232 2679 3380 2734 aliud
3443 2679 3641 2734 ineunt

2041 2773 2188 2828 haud
2244 2789 2377 2830 sane
2417 2773 2687 2828 absonum
2734 2773 2986 2828 minusve
3045 2771 3318 2843 prudens;
3353 2778 3416 2824 ut
3477 2769 3642 2824 nimi-

2041 2881 2165 2920 rum
2211 2865 2363 2935 pacis
2395 2864 2605 2920 fcedera
2639 2863 2696 2918 in
2738 2865 2985 2935 ignotum
3031 2864 3205 2918 Deum
3239 2861 3638 2929 transferrent;

2041 2963 2102 3010 ut
2136 2955 2232 3024 qui
2258 2963 2407 3010 esset
2431 2953 2678 3024 quidem,
2707 2953 2803 3009 sed
2833 2969 2998 3023 quem
3019 2951 3231 3022 indigni
3253 2967 3362 3006 non
3390 2959 3636 3003 nossent.

2040 3047 2144 3104 Ubi
2177 3055 2366 3102 autem
2397 3046 2548 3117 quod
2573 3047 2890 3101 consultum
2924 3053 3048 3100 erat
3103 3044 3361 3100 effectum
3405 3052 3511 3108 est,
3549 3057 3638 3095 sn-

2039 3145 2165 3192 cuta
2213 3144 2298 3192 est
2351 3146 2408 3192 et
2448 3137 2790 3206 propitiatio,
2838 3135 3326 3190 exterminatorem
3374 3133 3639 3202 vivosque

2039 3229 2186 3284 inter
2210 3228 2356 3284 viam
2399 3228 2746 3283 discernens.
2797 3227 3074 3294 Quidnam
3116 3242 3252 3282 vero
3291 3233 3408 3280 tum
3439 3225 3638 3280 fecisse

2036 3319 2233 3374 aiunt?
2262 3319 2470 3389 Nempe
2498 3319 2818 3374 obsecratos
2867 3325 2998 3373 eum
3039 3327 3205 3387 quem
3239 3317 3444 3372 frastra‘
3478 3316 3643 3386 prius

2038 3411 2236 3467 hostiis
2276 3411 2663 3475 honorassent,
2722 3426 3050 3480 responsum
3110 3410 3291 3474 daret,
3340 3425 3451 3479 quo
3481 3425 3638 3464 aram

2040 3503 2230 3574 ignoto
2259 3503 2373 3558 Deo
2393 3512 2635 3558 erectam
2659 3517 2762 3558 ceu
2798 3501 2959 3556 titulo
2993 3510 3351 3557 exornarem.
3382 3501 3447 3556 lli
3467 3517 3637 3571 porro

2039 3593 2410 3650 Athenienses
2437 3600 2616 3659 erant,
2649 3594 2752 3648 viri
2783 3593 2839 3647 in
2891 3596 2998 3648 hoc
3023 3593 3122 3647 toti
3149 3593 3388 3656 hiantes,
3413 3600 3474 3647 ut
3507 3591 3634 3647 novi

2039 3683 2329 3754 quidpiam
2359 3691 2456 3737 aut
2484 3682 2757 3744 dicerent,
2783 3691 2879 3736 aut
2917 3681 3194 3736 audirent.
3241 3681 3412 3752 Hujus
3448 3689 3644 3736 autem

2038 3791 2148 3830 ara:
2181 3774 2392 3829 mentio
2441 3783 2528 3829 est
2581 3775 2637 3829 in
2669 3774 2933 3830 Actorum
2989 3773 3218 3829 libro“.
3270 3772 3648 3843 Interrogatio

2039 3884 2176 3924 vero
2212 3867 2287 3921 ita
2317 3865 2518 3922 habet:

2111 3979 2377 4051 Propheta
2426 3978 2594 4051 nobis,
2651 3979 2931 4051 propheta,
2983 3978 3138 4032 Titan
3186 3978 3377 4034 Phoebe
3418 3980 3636 4051 Apollo,

2111 4049 2416 4121 Cujusnam
2441 4049 2625 4102 domus
2655 4049 2759 4102 ista
2785 4051 2885 4103 erit
2911 4049 2936 4102 Σ)

2039 4161 2161 4216 Νοιι
2211 4161 2431 4216 sinente
2481 4169 2668 4215 autem
2724 4160 2910 4223 silere,
2954 4175 3078 4230 quae
3126 4167 3391 4230 utrosque
3437 4162 3492 4216 in
3526 4163 3646 4218 hoc

2041 4253 2382 4322 impellebat,
2412 4251 2600 4306 divina
2623 4252 2851 4314 virtute,
2875 4250 2972 4305 illa
2986 4251 3202 4306 sincere
3233 4253 3460 4307 oraculo
3488 4253 3640 4317 edit,

2038 4341 2427 4413 quaeveritatis
2455 4340 2738 4412 prophetis
2759 4339 3048 4410 praedicata
3066 4340 3336 4407 audisset,
3350 4341 3594 4397 itaaiens
3612 4360 3640 4398 ς.

2110 4465 2445 4538 Ωιιωοιιηφιε
2483 4464 2697 4522 veritati
2755 4481 2818 4519 ac
2869 4466 3134 4521 honestati
3160 4475 3476 4536 congruunt,
3521 4470 3630 4523 ha'c

2292 4541 2434 4609 agite
2457 4555 2476 4591 :

417 4599 552 4656 Xlll.
597 4601 695 4657 Sin
722 4611 908 4658 autem
950 4606 1151 4676 aliquis
1183 4608 1527 4663 contentioni
1564 4611 1930 4677 studentium,
1969 4635 2012 4690 ο
2111 4609 2226 4680 Ego
2277 4599 2418 4690 enirn
2477 4606 2646 4663 Deum
2697 4622 3003 4679 supremum
3052 4606 3245 4680 Regem
3278 4611 3414 4663 trina
3463 4625 3636 4664 unum

341 4709 407 4747 ac
430 4693 568 4748 dura
596 4695 809 4751 cervice
855 4696 1198 4766 Judaaorum,
1237 4715 1549 4756 sermonem
1579 4717 1638 4758 se
1681 4703 1936 4760 confuta-

344 4793 534 4839 turum
583 4787 880 4854 existimet,
932 4797 1192 4860 tanquam
1241 4807 1352 4846 non
1403 4807 1618 4860 verum,
1662 4795 1940 4866 habetque

340 4892 510 4931 aures
554 4877 837 4944 audiendi,
873 4880 1063 4936 audiat
1086 4881 1448 4937 recentiorem
1473 4898 1635 4939 suum
1665 4887 1940 4958 interpre-

344 4981 457 5026 tem
491 4971 767 5042 Aquilam,
793 4973 874 5029 sic
913 4973 1028 5030 fere
1055 4975 1350 5032 Jeremiam
1387 4976 1721 5033 Christianis
1749 4989 1935 5048 patro-

343 5077 480 5116 num
505 5061 885 5131 inducentem,
918 5081 1043 5120 cum
1070 5067 1179 5121 ait:
1217 5087 1236 5118 ι
1265 5067 1485 5123 Creavit
1529 5070 1794 5123 Dominus
1837 5085 1936 5125 no-

344 5168 477 5206 vum
513 5153 569 5208 in
597 5154 800 5211 femina
820 5157 888 5226 '°;
919 5159 1036 5214 haec
1072 5167 1256 5214 autem
1308 5167 1493 5214 creata
1517 5169 1603 5215 est
1638 5161 1691 5215 in
1717 5161 1934 5230 planta-
1963 5167 1965 5170 ‘

348 5243 555 5299 tionem
588 5246 782 5302 salutis
841 5231 1016 5312 novae,
1055 5259 1112 5306 et
1164 5267 1274 5306 non
1298 5251 1521 5307 veteris.
1562 5269 1580 5303 ι
1617 5253 1795 5322 Atque
1822 5253 1938 5308 haec

345 5333 574 5404 quidem
616 5338 832 5408 Aquila.
891 5339 1249 5414 Septuaginta
1302 5353 1488 5399 autem
1535 5346 1806 5414 expositio
1859 5347 1940 5401 sic

345 5439 464 5480 tam
483 5425 822 5483 declaravit:
863 5449 881 5481 ι
917 5430 1139 5487 Creavit
1172 5433 1438 5490 Dominus
1462 5435 1857 5505 plantationem
1885 5437 1941 5491 in

425 5603 468 5678 ξ’
503 5604 778 5678 Ρεςιιεςνι,
803 5608 856 5673 8,
884 5608 972 5662 20.
1037 5610 1083 5643 ⁸⁸
1108 5613 1247 5667 Psal.
1281 5629 1388 5677 rm,
1416 5614 1504 5668 24.
1584 5616 1630 5646 ⁸⁵
1668 5615 1810 5670 Psal.
1847 5632 1951 5669 xvn

2048 5615 2088 5669 3.
2169 5616 2213 5647 ‘6
2245 5614 2382 5668 Psal.
2413 5631 2574 5678 cxvu,
2603 5614 2652 5667 l.

1104 5683 1150 5753 βο
1173 5683 1329 5738 Joan.
1361 5701 1398 5750 ι,
1441 5685 1523 5739 Μ.
1604 5685 1646 5716 ⁶¹
1683 5686 1800 5740 Act.
1838 5704 1965 5751 xv",
2003 5688 2129 5753 9A.,
2195 5685 2239 5715 "
2277 5685 2413 5738 Psal.
2452 5701 2628 5748 nm,
2655 5684 2708 5737 ‘2.

352 5755 426 5840 ξξν
459 5743 522 5808 5;
558 5745 758 5815 Ephes.
789 5766 857 5813 Iv,
887 5753 937 5806 6.
1016 5753 1060 5784 ⁸⁵
1087 5752 1254 5834 Apoc.
1284 5743 1395 5820 xrx,
1422 5755 1505 5808 lli.
1585 5756 1630 5788 ⁵⁵
1661 5755 1677 5808 1
1713 5756 1855 5810 Tim.
1888 5746 1956 5819 vi,

356 5811 625 5901 ωξξὲΐξῃι.
654 5835 796 5888 xm,
827 5823 914 5878 22.
1026 5825 1066 5856 ⁶¹
1097 5825 1114 5878 l
1141 5824 1281 5880 Tun.
1309 5842 1385 5894 ιιι,
1417 5827 1500 5882 16.
1616 5827 1659 5858 θ’
1684 5827 1702 5881 l
1729 5827 1872 5882 I’ctr.
1893 5845 1934 5901 ι,

2048 5758 2077 5810 i.
2115 5743 2129 5753 ’
2159 5757 2200 5787 ⁵⁷
2225 5754 2244 5808 1
2267 5753 2423 5809 J'oan.
2452 5770 2525 5814 IV,
2554 5743 2638 5809 ιε’.

2159 5827 2201 5857 ⁸³
2222 5823 2384 5880 Num.
2411 5841 2554 5892 mv,
2579 5826 2638 5880 Π

353 5669 470 5725 1κῦ.
577 5675 620 5706 ⁸⁸
644 5669 783 5731 Psal.
814 5669 919 5742 clx,
950 5681 1002 5734 5.

354 5810 398 5840 ⁶⁰
421 5810 625 5888 Jcregn'.
654 5835 796 5888 xxxi,
827 5810 914 5878 9.2.

547 5831 625 5898 In.
654 5835 796 5888 χχχι,
827 5824 914 5878 22.
1026 5825 1066 5856 ⁶¹
1097 5825 1114 5878 l
1141 5824 1281 5880 Tim.
1309 5842 1385 5894 ιιι,
1417 5827 1500 5882 16.

354 5894 485 5947 xvu,
509 5883 596 5940 25.

2119 4678 2539 4820 Cujusegz-(I’ram
2572 4749 2948 4819 incarruptum
2982 4747 3209 4819 piacidaa
3230 4748 3422 4822 puella:
3452 4763 3634 4803 conca.

2295 4827 2444 4888 ptum
2460 4826 2612 4873 utero

2115 4889 2279 4954 Igniti
2304 4889 2395 4942 teli
2430 4889 2604 4943 instar
2640 4889 2872 4943 medium
2905 4897 3302 4954 transcurrens,

2167 4960 2432 5030 niversam
2465 4958 2620 5014 Patri
2650 4961 2863 5030 capiens
2887 4959 3028 5014 dono
3051 4960 3229 5030 offeret
3258 4958 3530 5030 mandunt.

2114 5029 2301 5085 Isthmo
2333 5029 2522 5084 domus
2549 5031 2685 5086 erit:
2709 5029 2889 5085 Maria
2922 5029 3104 5084 autent
3129 5029 3178 5082 ei
3202 5043 3388 5082 nomen
3404 5029 3647 5084 exsistit-

2045 5157 2170 5213 Haec
2193 5157 2377 5228 plane,
2435 5157 2554 5214 haec
2591 5159 2825 5214 Athenis
2875 5157 3110 5228 lapideis
3143 5153 3346 5213 tabulis
3375 5157 3443 5212 ad
3485 5171 3630 5212 sem-
3720 5181 3726 5206 .

2039 5251 2316 5322 piternam
2359 5267 2464 5322 pro
2500 5249 2713 5305 foribus
2741 5249 3013 5320 insculpta
3046 5249 3391 5303 memoriam.
3433 5247 3540 5304 Sed
3571 5256 3626 5305 et

2040 5343 2188 5399 aliud
2219 5342 2306 5398 his
2331 5357 2454 5414 qua:
2476 5343 2630 5397 dicta
2655 5348 2788 5396 sunt
2834 5340 3218 5411 adiungemus,
3243 5339 3454 5413 Virgilii
3479 5341 3628 5412 apud

2042 5437 2319 5492 Romanos
2348 5441 2527 5506 pacta:
2548 5434 2776 5499 eruditi,
2814 5434 2920 5489 viri
2958 5432 3109 5489 haud
3153 5433 3404 5499 obscuri,
3460 5441 3642 5490 autve

2752 5616 2795 5646 ⁸⁷
2821 5615 2988 5670 Hebr.
3038 5632 3076 5678 ι,
3101 5615 3154 5669 5.
3255 5614 3300 5648 ⁸⁸
3327 5615 3468 5670 Psal.
3499 5631 3622 5679 ων,

2806 5684 2852 5716 ⁵³
2899 5685 3090 5740 Matth.
3121 5701 3194 5749 ιι,
3226 5685 3317 5739 27.
3389 5686 3436 5717 ³⁸
3459 5685 3617 5738 Rom.

2741 5753 2787 5787 ⁸⁸
2822 5755 2980 5810 Rom.
3014 5772 3066 5820 v,
3105 5755 3192 5810 l5.
3263 5757 3309 5788 ”
3337 5755 3499 5818 lbii‘l.,
3527 5755 3618 5810 21.

2159 5827 2201 5857 ⁸³
2222 5823 2384 5880 Num.
2411 5841 2554 5892 mv,
2579 5826 2663 5880 l7.
2744 5825 2787 5856 “
2813 5826 2880 5882 ιιι
2905 5827 3035 5896 lleg.
3066 5842 3212 5889 xvm,
3244 5826 3331 5881 26.
3424 5828 3468 5857 “3
3497 5827 3620 5880 Act.
