4076 6442
432 415 563 472 “3|

1132 410 1478 467 THEODOTI
1517 409 1583 464 IN
1624 411 1678 465 S.
1719 409 2076 465 DEIPARAM
2118 411 2203 466 ΕΤ
2245 412 2478 468 HOMIL.
2525 413 2587 468 Vl
2627 413 2694 468 ΙΝ
2736 411 2963 466 NATIV.
3000 409 3161 466 DOM.

3557 400 3701 463 1459.
3731 417 3742 440 ι

429 529 712 600 sapientia:
770 529 933 584 laude
989 529 1245 584 exsertis.
1302 530 1438 585 Nam
1488 539 1544 584 et
1604 529 1704 584 iste
1747 530 1801 583 in
1867 530 2009 583 libro
2040 537 2082 592 Α
2113 533 2230 600 ejus
2280 532 2444 596 dono,
2497 532 2591 601 qui
2647 539 2870 601 propter
2922 542 3173 599 magnam
3195 524 3554 580 dilectionem
3585 541 3697 593 qua

427 635 590 689 quem
617 620 871 691 ldyllium
921 620 1138 684 scribit,
1184 622 1279 675 ubi
1317 621 1539 693 Sibyllae
1587 622 1858 687 meminit,
1893 625 2007 676 haec

426 711 614 766 addit:

530 823 655 879 Iam
693 841 830 882 nova
864 829 1135 899 progenies
1167 829 1295 882 creto
1349 828 1642 882 demittitur
1675 829 1784 882 alto
1813 827 1912 899 (5).

429 938 564 993 llem
591 939 949 995 miraculum!
984 960 1002 992 ι
1043 941 1173 1008 Quis
1222 941 1480 1010 loquetur
1516 942 1790 1011 potentias
1821 942 2006 996 Domi-

429 1028 513 1091 ni.
543 1029 762 1084 auditas
811 1029 976 1085 faciet
1029 1045 1222 1085 omnes
1271 1031 1461 1085 laudes
1511 1032 1630 1102 ejus
1675 1032 1757 1084 “‘2
1792 1052 1808 1081 ι
1841 1032 2009 1086 Nobis

432 1119 576 1176 enim
603 1121 954 1177 adversarios
992 1123 1047 1176 in
1072 1132 1262 1178 nostra
1296 1124 1474 1195 coegit
1524 1131 1735 1191 castra;
1770 1141 1835 1181 ac
1869 1125 2009 1180 veri-

432 1220 600 1267 tatem
621 1228 688 1266 ex
727 1213 847 1284 ejus
882 1213 1143 1279 inimicis,
1173 1215 1341 1270 armis
1374 1215 1569 1270 instrui
1614 1215 1837 1287 placuit.
1862 1216 2006 1271 Gon-

431 1304 693 1359 fundatur
714 1305 1025 1373 Nestorius,
1043 1306 1136 1377 qui
1162 1307 1469 1379 virgineum
1499 1316 1714 1378 partum
1745 1307 2002 1362 abolevit.

434 1396 643 1452 Pudeat
686 1397 897 1463 Arium,
939 1400 1033 1469 qui
1075 1399 1274 1454 trinam
1313 1399 1575 1453 unitatem
1626 1399 1833 1454 divisit.
1871 1399 2007 1455 Gra-

433 1489 536 1542 tias
559 1496 743 1543 autem
764 1490 873 1544 Deo
903 1506 1003 1560 pro
1035 1490 1384 1545 inenarrabili
1407 1491 1528 1560 ejus
1552 1489 1717 1552 dono,
1761 1510 1776 1539 ι
1823 1491 1916 1560 qui
1941 1490 2008 1544 de

433 1588 703 1648 potestate
741 1581 1094 1636 tenebrarum
1132 1596 1233 1636 nos
1269 1580 1548 1636 transtulit
1573 1580 1629 1634 in
1668 1596 1895 1649 regnum
1920 1580 2009 1634 Fi-

434 1671 494 1726 lii
521 1670 832 1727 dilectionis
868 1673 1059 1727 suze".
1090 1673 1306 1728 Gratias
1353 1673 1463 1727 Deo
1509 1689 1608 1743 pro
1656 1673 2008 1728 inenarrabili

433 1765 554 1833 ejus
580 1763 723 1819 dono
742 1765 806 1828 ⁸⁸,
857 1767 951 1835 qui
996 1766 1210 1822 vocavit
1255 1782 1356 1822 nos
1386 1767 1672 1822 vocatione
1727 1774 1911 1821 sancta
1957 1767 2011 1820 in

435 1857 849 1927 :icquisitioncm
878 1859 1066 1928 gloriae
1087 1861 1152 1924 θ’,
1170 1878 1186 1909 ι
1209 1858 1509 1928 vitamque.
1537 1857 1752 1913 Gratias
1773 1859 1884 1912 Deo
1907 1873 2005 1927 pro

435 1948 788 2003 inenarrabili
813 1950 932 2018 ejus
966 1949 1131 2014 dono,
1168 1969 1186 2001 ι
1209 1949 1303 2020 qui
1339 1949 1620 2006 benedixit
1661 1964 1761 2004 nos
1789 1949 1842 2002 in
1888 1949 2007 2001 lau-

417 2039 555 2093 'dem
580 2039 766 2110 gloriae
793 2039 982 2109 gratize
1010 2056 1142 2106 suae,
1183 2057 1289 2110 qua
1337 2039 1664 2112 gratiﬁcavit
1715 2055 1814 2094 nos
1851 2039 1904 2092 in
1935 2039 2012 2092 di-

416 2120 573 2188 lecto
610 2131 747 2187 Filio
801 2147 902 2187 suo
930 2133 992 2184 7°.
1042 2154 1058 2184 ι
1113 2133 1328 2190 Gratias
1378 2135 1489 2189 Deo
1524 2149 1624 2204 pro
1655 2133 2010 2189 inenarrabili

501 2286 547 2317 “
572 2286 711 2340 Psal.
749 2302 833 2347 cv,
859 2287 910 2340 2.
990 2288 1033 2317 ⁶⁷
1061 2288 1269 2341 Coloss.
1306 2288 1434 2348 t,|3.

435 2360 476 2388 ⁷¹
508 2356 664 2412 Joan.
701 2371 778 2418 ιιι,
813 2357 896 2410 16.
979 2359 1022 2387 ⁷¹
1055 2358 1099 2412 ll
1127 2357 1254 2412 Cor.
1285 2374 1334 2422 v,
1376 2359 1464 2413 2i.

507 2513 582 2585 (5)
623 2515 796 2586 Virg.,
827 2514 1009 2585 Eclog.
1051 2530 1122 2578 tv,
1157 2531 1206 2567 v.
1240 2515 1290 2569 7.

1511 2289 1554 2318 ’⁵⁸
1584 2288 1626 2341 ll
1665 2288 1792 2342 Cor.
1831 2304 1903 2349 lx,
1949 2289 2032 2340 15.

1565 2358 1611 2389 ⁷³
1638 2359 1739 2413 lsa.
1767 2374 1880 2422 vin,
1907 2360 1960 2422 9,
1996 2357 2080 2422 Ιθ,
2109 2371 2219 2416 sec.
2254 2356 2413 2412 LXX.

2111 620 2303 674 dilexit
2338 637 2438 676 nos
2462 623 2533 689 ⁷⁸,
2567 622 2764 675 Filium
2816 635 2978 675 suum
3017 615 3357 687 unigenitum
3387 615 3604 671 miserit
3638 616 3696 669 in

2110 711 2397 766 mundum.
2421 712 2636 770 Gratias
2673 713 2785 766 Deo
2825 726 2924 780 pro
2971 706 3328 763 inenarrabili
3373 707 3494 777 ejus
3525 706 3694 770 dono,

2117 824 2134 856 ‹
2173 805 2269 874 qui
2297 821 2424 860 eum
2451 806 2547 874 qui
2599 820 2708 858 non
2748 811 2981 858 noverat
3008 809 3316 871 peccatum,
3374 814 3476 868 pro
3531 798 3696 854 nobis

2111 906 2398 967 peccatum
2428 895 2642 960 iecerit,
2674 904 2735 952 ut
2761 910 2862 950 nos
2883 893 3229 948 elﬁceremur
3254 890 3475 962 justitia
3510 890 3610 944 Dei
3638 890 3693 946 in

2112 989 2310 1058 ipso".
2352 1009 2370 1040 ι
2414 985 2776 1051 Accedamus,
2810 971 3179 1046 dilectissimi,
3205 982 3273 1037 ad
3303 996 3549 1036 amorem
3575 982 3693 1051 ejus

2110 1081 2205 1152 qui
2234 1081 2429 1136 dilexit
2451 1095 2574 1135 nos.
2609 1079 2747 1136 Cum
2773 1087 2924 1133 tanta
2946 1075 3314 1146 suscipiamus
3358 1073 3486 1138 ﬁde,
3522 1089 3675 1142 quau

2111 1183 2164 1228 ta
2188 1173 2280 1228 ille
2305 1171 2468 1228 nobis
2498 1170 2681 1226 illuxit
2706 1169 3070 1225 humanitate.
3107 1165 3353 1236 Spiritali
3393 1164 3595 1234 gaudio
3631 1178 3701 1218 ac

2110 1265 2322 1324 ratione
2353 1262 2553 1318 festum
2576 1275 2802 1333 agamus
2829 1259 2996 1315 diem.
3043 1256 3214 1312 Multa
3237 1255 3305 1315 ad
3344 1255 3608 1324 pietatem
3630 1253 3703 1307 1ιί-

2110 1357 2324 1411 bertate
2369 1363 2612 1410 utamur.
2676 1349 3053 1406 Libentissimi
3102 1347 3406 1418 gloriemur
3463 1345 3518 1399 in
3568 1345 3700 1399 ﬁdei

2111 1444 2474 1500 confessione.
2528 1443 2605 1497 De
2645 1439 2958 1497 Christiana
2989 1453 3090 1492 nos
3137 1435 3366 1490 veritate
3399 1435 3696 1505 jactemus.

2113 1537 2424 1607 Spiritalem
2463 1533 2846 1606 gloriationem
2909 1529 3272 1586 celebremus.
3323 1527 3535 1583 Choros
3599 1526 3700 1596 qui

2113 1637 2333 1684 sanctos
2353 1627 2586 1682 deceant
2625 1623 3046 1680 constituamus.
3074 1619 3385 1676 Clamemus
3413 1617 3703 1687 propheta:

2113 1735 2284 1776 voce:
2321 1717 2698 1789 «Cognoscite,
2738 1724 2950 1785 gentes,
2975 1723 3032 1768 et
3079 1709 3397 1775 vincimini;
3438 1707 3704 1764 exaudite

2115 1827 2289 1884 usque
2322 1811 2391 1867 ad
2426 1820 2736 1866 extremum
2767 1815 2949 1862 teme.
2972 1804 3074 1871 Qui
3101 1801 3490 1873 prmvaluistis,
3518 1801 3701 1854 vinci-

2040 1891 2080 1945 Β
2109 1905 2278 1969 mini;
2306 1918 2407 1958 nec
2431 1902 2663 1957 verbum
2695 1898 3065 1970 quodcunque
3113 1893 3283 1948 locuti
3325 1892 3543 1948 fueritis
3578 1907 3702 1946 ma-

2111 2007 2239 2053 neat
2270 1998 2324 2050 in
2351 1993 2528 2060 vobis,
2561 1993 2691 2064 quia
2743 1990 3034 2046 nobiscum
3067 1986 3292 2044 Deus".
3330 2005 3348 2039 ι
3393 1985 3501 2056 lpsi
3525 1985 3707 2055 gloria

2116 2089 2171 2142 in
2199 2086 2396 2142 saecula
2422 2084 2766 2140 saeculorum.
2812 2082 3004 2136 Amen.

2113 2287 2156 2318 ⁸³
2186 2287 2228 2340 11
2263 2287 2403 2339 Tim.
2430 2302 2466 2349 ι,
2492 2287 2554 2349 9;
2613 2284 2656 2338 ll
2714 2283 2906 2338 Thess.
2935 2298 2991 2346 ιι,
3036 2281 3121 2335 15.
3237 2281 3282 2312 ⁷ο
3309 2273 3688 2346 Ερίιοειιῶάὶε

2047 2700 2113 2708 -.

439 2829 674 2892 Gate-na
705 2829 989 2892 Cramert'
1020 2829 1086 2888 in
1118 2829 1270 2888 Acta
1305 2828 1647 2906 apostolica
1689 2827 1916 2906 (Oxon.
1937 2825 2120 2967 $38)
2155 2825 2518 2967 fragmenta
2548 2827 2674 2884 tria
2713 2823 2822 2884 sub
2854 2822 3155 2884 Theodoti
3184 2821 3429 2883 nomine
3455 2819 3712 2882 exhibet

1769 2925 1902 2967 eum
1979 2926 2035 2967 tc
2063 2925 2149 2967 sts
2184 2923 2356 2967 imus.

1769 2925 1902 2988 qua:
1937 2923 2035 2968 mc
2063 2923 2356 2968 ststtmus.

2052 3100 2120 3110 σι...-

509 3179 704 3244 ".17.
745 3182 853 3238 Καὶ
906 3183 1076 3237 ἔσται
1107 3182 1178 3236 ἐν
1230 3183 1358 3250 ταῖς
1416 3184 1699 3254 ἐσχάταις
1752 3188 2016 3256 ἡμέραις,
2125 3185 2376 3238 τεθεῖσαν
2429 3182 2507 3252 τῷ
2561 3181 2773 3251 βρέφει,
2805 3180 3016 3262 ἐκείνου
3068 3179 3350 3248 γεγονέναι
3383 3179 3579 3248 δηλῶν·
3614 3183 3712 3234 καὶ

439 3273 602 3343 λέγει
631 3275 665 3328 ό
697 3273 863 3340 Θεὸς,
891 3275 1083 3344 ἐκχεῶ
1115 3273 1232 3330 ἀπὸ
1263 3275 1370 3332 τοῦ
1406 3278 1749 3347 Πνεύματός
1771 3297 1890 3349 μου
1919 3281 2019 3334 ἐπὶ
2125 3281 2214 3334 τὸν
2245 3278 2410 3332 αὐτὸν
2438 3277 2600 3331 πάλιν
2635 3276 2923 3347 ἄνθρωπον
2959 3276 3116 3330 καλεῖ
3144 3278 3240 3330 καί⁵
3261 3277 3508 3347 ἀρχηγὸν
3537 3295 3713 3348 προσ-

437 3364 646 3423 πᾶσαν
678 3365 897 3435 σάρκα.

509 3475 802 3530 Θεοδότου
845 3477 1132 3545 Ἀγκύρας
1164 3476 1260 3546 (1).
1331 3477 1491 3532 Ἀλλά
1548 3481 1655 3550 μὴν
1705 3481 1805 3534 οὐκ
1863 3477 2016 3535 εἴπεν

2125 3369 2376 3440 αγορεύει
2423 3366 2591 3437 ζωῆςο
2619 3367 2709 3422 τὸν
2760 3367 2926 3421 αὐτὸν
2983 3369 3216 3439 ποιητήν
3280 3386 3342 3421 τε
3398 3369 3535 3437 ὁμοῦ
3597 3369 3714 3422 τῶν

2125 3461 2380 3514 ἁπάντων
2440 3459 2651 3520 δεικνὺς
2715 3458 2806 3512 καὶ
2865 3457 3150 3527 ἄνθρωπον
3204 3459 3439 3514 θανάτου
3503 3461 3712 3527 γευσά-

441 3566 625 3630 ἰδικῶς
651 3567 743 3621 τὸν
767 3567 978 3637 καιρόνο
1021 3567 1184 3636 ἢρκει
1215 3569 1322 3638 γὰρ
1353 3569 1386 3637 ἡ
1415 3567 1510 3621 τοῦ
1532 3570 1846 3640 Πνεῦματος
1866 3574 2018 3644 ὲνέρ-
2047 3594 2088 3653 c
2127 3569 2303 3622 μενον·

437 3673 565 3724 γεια
632 3658 783 3728 καὶὴ
811 3659 1301 3730 παρακολουθοῦσα
1348 3659 1469 3716 θεία
1507 3660 1738 3733 δύναμις
1779 3663 2016 3734 δηλῶσαι

437 3748 532 3801 τὸν
559 3748 962 3818 σημαινόμενον
999 3749 1210 3820 καιρόψ
1235 3749 1294 3814 δς
1326 3749 1393 3803 δι’
1415 3751 1596 3806 αὐτῶν
1625 3753 1733 3806 τῶν
1761 3755 2018 3826 πραγμά-

437 3861 549 3898 των
601 3843 837 3914 ὲδείχθη,
875 3845 903 3896 ὁ
930 3846 1023 3898 ἐπὶ
1063 3845 1172 3900 τῶν
1215 3846 1550 3900 Ἀποστόλων
1591 3849 1872 3921 ὑπάρχων.
1902 3852 2018 3904 Δεί-

440 3950 634 3988 κνυται
662 3933 772 4005 ἄρα
800 3935 888 3988 διά
921 3936 1139 3990 πάντων
1168 3937 1376 3992 ἐκεῖνον
1403 3934 1543 3992 εἶναι
1591 3939 1680 3993 τὸν
1731 3942 1881 4012 παρὰ
1923 3942 2016 3994 τοῦ

439 4027 722 4098 προφήτου
768 4028 1059 4099 εἰρημένον
1089 4030 1281 4101 καιρόν
1305 4047 1320 4062 ·
1369 4030 1430 4084 οὐ
1467 4029 1573 4100 γὰρ
1606 4031 1884 4098 δύνανται,
1917 4033 2018 4087 κᾶν

438 4119 888 4189 ἀναισχυντῶσιν,
907 4121 1182 4175 ἀντειπεῖν
1223 4120 1400 4191 τούτῳ
1429 4122 1478 4174 οἰ
1522 4121 1784 4176 Ἰουδαῖον
1814 4124 1877 4176 οὐ
1911 4123 2018 4194 γὰρ

439 4210 655 4280 ἔχουσιν
679 4209 866 4281 ἕτερον
899 4211 1164 4276 ἐπιδεῖξαι
1211 4210 1402 4282 καιρὸν
1445 4213 1576 4282 παρ’
1601 4213 1832 4277 ἐκεῖνον,
1859 4214 1944 4283 ἐφ’
1975 4207 2020 4282 ᾧ

437 4300 612 4357 ταῦτα
642 4300 826 4373 ἐξέϐη.

510 4415 600 4481 Ill,
635 4415 724 4479 15,
759 4415 845 4470 16.
892 4415 1001 4470 Τὸν
1037 4416 1105 4470 δὲ
1134 4415 1403 4485 ἀρχηγὸν
1439 4416 1550 4486 τῆς
1577 4417 1721 4487 ζωῆς
1745 4419 2017 4474 ἀπεκτεί-

438 4523 582 4562 νατε
614 4523 627 4536 °
679 4507 752 4561 ὃν
810 4509 844 4562 δ
905 4507 1049 4573 Θεὸς
1104 4507 1340 4578 ἤγειρεν
1378 4509 1446 4563 ἐκ
1473 4508 1719 4580 νεκρῶν
1745 4506 1819 4568 οὗ
1850 4511 2018 4582 ἡμεῖς

437 4597 734 4668 μάρτυρές
762 4599 966 4666 ἐσμεν·
998 4599 1096 4653 καί
1129 4599 1227 4653 ἐπὶ
1257 4599 1332 4669 τῇ
1356 4602 1557 4656 πίστει
1590 4602 1698 4658 τοῦ
1730 4604 2019 4673 ὀνόματος

441 4687 650 4755 αὐτοῦ,
683 4688 900 4743 τοῦτον
921 4689 995 4745 δν
1021 4690 1285 4760 θεωρεῖτε
1315 4692 1414 4746 καί
1441 4693 1664 4760 οἴδατε,
1691 4694 2019 4762 ἐστερέωσε

439 4773 509 4828 τὸ
537 4773 726 4844 ὄνομα
751 4776 959 4830 αὐτοῦ.

514 4889 806 4946 Θεοδότου
838 4891 1174 4948 ἐπισκόπου
1221 4895 1517 4964 Ἀγκύρας.
1560 4897 1670 4950 Καὶ
1713 4895 1820 4966 μὴν
1867 4899 1894 4950 ὁ
1921 4897 2020 4967 τῆς

443 4980 588 5051 ζωῆς
621 4982 781 5054 ήμῶν
813 4983 1055 5055 ἀρχηγός
1099 4987 1246 5039 ἐστιν
1299 4985 1591 5050 ἀθάνατος,
1646 4986 1762 5041 ἀλλ’
1804 4987 2021 5052 ὲνωθεὶς

443 5071 519 5143 τῷ
546 5072 724 5145 θνητῷ
749 5075 1089 5145 ἀπεκτάνθη,
1114 5077 1298 5148 φησιν’
1326 5080 1360 5149 ἡ
1384 5077 1492 5149 γὰρ
1521 5079 1656 5149 πρὸς
1677 5078 1810 5134 Θεὸν
1829 5080 2020 5145 ἔνωσις

443 5166 543 5218 οὐκ
581 5167 804 5238 ἀφίησιν
836 5169 916 5232 εἰς
942 5167 1231 5238 ἄνθρωπον
1278 5170 1441 5240 μόνον
1484 5169 1924 5242 περιγράφεσθαι
1955 5174 2021 5226 τὰ

445 5259 762 5330 παθήματα·
792 5261 884 5316 διὰ
914 5261 1075 5316 τοῦτο
1101 5260 1164 5331 δὴ
1187 5260 1279 5315 τὸν
1312 5263 1578 5335 μονογενῆ
1611 5264 1740 5319 Υίδν
1765 5263 1860 5318 τοῦ
1885 5263 2020 5318 Θεοῦ

447 5349 601 5404 καλεῖ
641 5351 868 5422 Ἰησοῦν·
901 5352 1001 5422 τὴν
1028 5355 1401 5427 προσηγορίαν
1433 5356 1532 5427 τὴν
1566 5358 1630 5411 ὲκ
1660 5358 1759 5429 τῆς
1800 5355 2021 5426 Μαρίας

2191 3687 2333 3750 XIII,
2373 3687 2459 3741 40.
2508 3686 2765 3740 Βλέπετε
2794 3679 2907 3738 οὖν
2929 3684 3014 3752 μὴ
3046 3684 3270 3752 ἐπέλθῃ
3302 3685 3365 3738 τὸ
3396 3685 3713 3755 εἰρημένον

2120 3780 2187 3833 ἐν
2216 3779 2341 3844 τοῖς
2371 3778 2726 3848 προφήταις,
2776 3775 2949 3841 ίδετε,
3000 3778 3054 3830 οι
3097 3778 3560 3846 καταφρονηταὶ,
3607 3781 3712 3834 καὶ

2122 3871 2484 3939 θαυμάσατε,
2516 3870 2613 3924 καὶ
2642 3869 3035 3938 ἀφανίσθητε*
3062 3868 3150 3922 ὅτι
3177 3869 3355 3938 ἔργον
3382 3869 3497 3940 ἐγὼ
3531 3871 3711 3940 ἐργά-

2123 3964 2283 4033 ζομαι
2317 3965 2385 4018 ἐν
2415 3962 2544 4030 ταῖς
2580 3963 2829 4032 ἡμέραις
2859 3961 3041 4032 ὑμῶν.

2195 4077 2482 4132 Θεοδότου
2523 4077 2830 4146 Ἀγκύρας.
2875 4073 3060 4128 Ταῦτα
3103 4076 3204 4146 μὲν
3238 4076 3532 4146 προφανῶς
3561 4075 3714 4131 δοκεῖ

2122 4169 2300 4238 λέγειν
2327 4168 2633 4239 ἰστορικῶς·
2657 4169 2690 4237 ὴ
2712 4167 2770 4221 δὲ
2790 4167 2900 4219 τῶν
2922 4167 3101 4238 ῥητῶν
3124 4167 3302 4222 ἔννοιά
3320 4171 3438 4222 ἐστι
3460 4167 3706 4238 τοιαύτη·

2135 4259 2265 4314 Ἀπὸ
2287 4261 2386 4329 τῆς
2415 4261 2528 4315 τῶν
2557 4259 2761 4334 κριτῶν
2793 4259 3010 4324 ἀδικίας
3042 4258 3136 4320 ἐπὶ
3170 4258 3468 4328 καθολικὴν
3501 4260 3710 4312 οἰκονο-

2126 4353 2253 4423 μίαν
2287 4355 2315 4407 ὁ
2346 4355 2629 4425 προφήτης
2664 4353 2986 4423 ’Λμϐακοὺμ
3040 4351 3134 4405 τὸν
3187 4351 3344 4421 λόγον
3395 4351 3705 4422 ἀπήγαγεν·

2121 4445 2196 4509 ὡς
2225 4445 2334 4501 τῶν
2363 4443 2538 4508 οὕτως
2582 4445 2816 4515 ἐχόντων
2864 4443 3208 4516 πραγμάτων
3245 4442 3566 4515 θαυμαστῆς
3589 4444 3709 4498 δεο-

2126 4537 2302 4607 μένων
2331 4535 2667 4607 ἐπιμελείας,
2727 4535 3136 4606 ὲκπληττούσης
3191 4535 3284 4588 καὶ
3339 4534 3713 4605 ἀφανιζούσης

2122 4628 2246 4691 τοὺς
2269 4625 2708 4698 καταφρονητάς·
2743 4625 2905 4680 ποίαν
2927 4624 2971 4678 δ’
3004 4625 3071 4679 ἂν
3103 4625 3353 4694 εἴποιμεν
3385 4624 3713 4696 θαυμαστὴν

2123 4720 2519 4792 ἐπιμέλειαν,ἢ
2551 4719 2647 4792 τὴν
2674 4719 2760 4773 διὰ
2805 4719 2903 4790 τῆς
2947 4717 3043 4773 τοῦ
3098 4714 3338 4791 Χριστοῦ
3396 4716 3713 4787 οἰκονομίας

2123 4813 2214 4866 καὶ
2245 4812 2538 4883 ἐπιδημίας
2568 4811 2904 4882 γενομένηνο
2945 4811 3001 4863 ὲν
3145 4808 3572 4883 προηγουμένως
3609 4807 3715 4876 μὲν

2054 4930 2098 4986 D
2122 4904 2248 4966 τοὺς
2288 4903 2555 4974 χαλεποὺς
2590 4902 2852 4972 ὑϐριστὰς
2876 4900 2975 4970 τῆς
3009 4899 3287 4970 ἡμετέρας
3333 4898 3551 4967 φύσεως
3599 4896 3714 4950 δαί-

2128 5012 2294 5062 μονας
2324 4995 2609 5063 ἠφάνισεν*
2642 4993 2938 5063 ἐχαλίνωσε
2969 4991 3026 5044 δὲ
3066 4991 3158 5044 καὶ
3178 4989 3277 5060 τὴν
3299 4988 3710 5052 ἀδικίαν,ὃπω,,

2127 5084 2386 5158 πληρωθῇ
2452 5083 2513 5138 τὸ
2583 5085 2641 5137 ὲν
2704 5083 2953 5154 Ψαλμοῖς
2992 5081 3313 5153 εἰρημένον·
3353 5097 3374 5132 ι
3419 5077 3714 5148 ’Δνάστηθι

2130 5193 2148 5226 ι
2181 5174 2375 5244 Κύριε,
2441 5175 2517 5248 μὴ
2571 5173 2952 5245 κραταιούσθω
3011 5171 3321 5244 ἄνθρωπος,
3357 5167 3712 5241 κριθήτωσαν

2133 5285 2151 5316 ι
2180 5265 2309 5336 ἔθνη
2340 5266 2570 5320 ἐνώπιόν
2607 5281 2722 5319 σουο
2769 5265 3139 5335 κατάστησον,
3175 5264 3372 5333 Κύριε,
3408 5259 3711 5332 νομοθέτην

2133 5375 2150 5407 ι
2183 5357 2270 5408 ἐπ’
2299 5357 2515 5422 αὐτούς·
2547 5357 2841 5428 γνώτωσαν
2873 5356 3000 5428 ἔθνη
3024 5357 3105 5410 ὅτι
3168 5353 3448 5425 ἄνθρωποί
3480 5353 3641 5410 εἰσιν.
3686 5371 3705 5404 ι

518 5503 593 5573 (ί)
630 5504 905 5578 Θεοδώρου
939 5508 1086 5573 cod.,
1125 5508 1222 5565 sed
1249 5509 1361 5566 vid.
1400 5511 1562 5568 Fabr.
1595 5509 1658 5568 B.
1701 5511 1789 5568 Cr.
1835 5518 1871 5564 t.
1914 5506 2006 5567 ΙΧ.
2047 5523 2099 5566 n.
2133 5507 2259 5563 269.
