4076 6446
434 454 571 511 H55

1618 450 1821 508 PAULI
1859 446 2156 504 EMESENI
2191 445 2496 504 EPISCOPI

3534 439 3675 494 1438

431 567 598 622 nobis
621 573 784 619 natus
817 573 922 628 est,
949 564 1004 618 in
1028 578 1137 634 quo
1163 563 1417 619 universa
1437 562 1668 617 visibilis
1691 561 1999 616 invisibilis-

2107 560 2192 627 ἐφ’
2223 553 2268 626 ᾧ
2299 561 2448 612 πᾶσα
2489 558 2523 628 ή
2553 555 2807 628 ὁρωμένη
2850 554 2943 608 καὶ
2970 554 3200 626 ἀόρατος
3237 552 3415 616 κτίσις
3445 552 3674 623 βεϐαίας

430 669 537 722 que
564 662 820 708 creatura
856 654 1089 709 solidam
1116 655 1309 708 salutis
1355 669 1509 724 spem
1547 655 1782 710 obtinet.
1824 653 2000 708 Hodie

431 746 849 812 supernaturale
886 747 1242 816 puerperium
1273 746 1478 810 editur,
1504 755 1560 801 et
1615 747 1861 818 Virginis
1900 762 2002 800 nu-

431 833 668 900 ptiarum
693 834 936 904 expertis
961 836 1198 890 solvitur
1219 845 1434 905 partus.
1461 835 1505 890 Ο
1554 851 1672 890 rem
1717 836 2000 890 admiran-

432 922 555 975 dam
578 925 589 975 !
623 924 772 978 Parit
791 926 982 995 Virgo,
1007 937 1064 980 et
1085 937 1276 982 manet
1300 928 1486 997 virgo:
1518 927 1578 982 tit
1598 938 1797 992 mater,
1823 942 2001 996 neque

432 1015 616 1067 omnia
649 1024 852 1080 tamen,
875 1033 996 1086 quae
1013 1028 1218 1073 matres
1241 1019 1440 1083 solent,
1467 1018 2003 1088 cxperitur.Peperit

430 1106 577 1158 enim
609 1115 668 1159 ut
693 1109 965 1163 matribus
997 1124 1117 1163 mos
1173 1118 1279 1174 est,
1317 1110 1472 1180 virgo
1515 1118 1701 1164 tamen
1739 1109 2003 1164 remansit

431 1206 633 1264 praeter
653 1199 948 1252 mulierum
975 1201 1404 1269 parturientium
1430 1203 1626 1270 legem.
1681 1201 1795 1254 Hoc
1837 1200 2002 1253 mira—

431 1287 618 1340 culum
653 1288 784 1340 olim
808 1291 1078 1358 propheta
1098 1291 1266 1347 Isaias
1292 1292 1598 1362 praevidens
1627 1291 1996 1345 exclamabat:

439 1395 457 1425 ι
483 1376 620 1430 Ecce
639 1377 793 1448 virgo
827 1379 884 1432 in
914 1388 1074 1435 utero
1109 1381 1355 1447 habebit,
1384 1390 1441 1437 et
1478 1382 1658 1451 pariet
1711 1381 1907 1446 lilium,
1943 1388 2001 1434 et

430 1467 720 1520 vocabitur
741 1484 939 1524 nomen
965 1471 1083 1540 ejus
1114 1473 1437 1527 Emmanuel
1464 1475 1505 1526 ³.
1526 1492 1545 1524 ι
1579 1472 1735 1539 Quod
1767 1486 2001 1542 evange-

434 1557 558 1610 lista
595 1573 893 1628 exponens,
926 1562 1071 1616 idem
1113 1577 1313 1619 sonare
1355 1563 1564 1629 docuit,
1620 1564 1790 1634 quod,
1817 1563 2002 1618 Nobis-

433 1664 553 1700 cum
588 1648 776 1704 Deua'.
815 1653 963 1710 Parit
1013 1653 1196 1724 itaque
1243 1655 1343 1710 Dei
1387 1657 1626 1727 genitrix
1654 1656 1823 1711 Maria
1873 1655 2002 1709 Em-

432 1741 765 1795 manuelem.

503 1828 745 1897 Populus
761 1832 1084 1887 acclamavit
1109 1851 1120 1886 :
1147 1835 1290 1889 Ecce
1325 1834 1464 1889 ﬁdes
1493 1835 1611 1890 haec
1639 1843 1746 1899 est,
1772 1835 1870 1890 Dei
1894 1836 1999 1889 hoc

433 1919 638 1974 donum
665 1932 770 1987 est,
813 1925 1120 1980 orthodoxe
1163 1927 1394 1998 Cyrille:
1444 1929 1590 1982 istud
1622 1929 1816 1984 audire
1853 1944 2001 1997 qua:-

433 2011 826 2080 rebamus.Qui
863 2016 938 2070 ita
957 2033 1068 2071 non
1099 2018 1366 2087 loquitur,
1413 2019 1707 2074 anathema
1730 2020 1820 2074 sit.
1870 2021 2002 2074 Pro-

431 2111 653 2158 secutus
687 2117 772 2160 est
794 2108 1089 2177 episc0pus
1122 2111 1355 2164 Paulus:

500 2195 603 2260 Qui
636 2197 710 2252 ita
734 2215 843 2252 non
888 2200 1042 2266 dicit,
1081 2201 1360 2273 intelligit,
1390 2218 1453 2257 ac
1479 2202 1668 2268 sentit,
1709 2203 2001 2258 anathema

432 2288 505 2341 sit
529 2289 601 2343 ab
630 2290 893 2346 Ecclesia.
918 2294 1141 2364 Peperit
1170 2295 1402 2365 proinde
1430 2296 1590 2350 nobis
1614 2295 1850 2365 Deipara
1885 2295 1999 2350 Ma—

431 2381 514 2434 ria
537 2381 984 2440 Emmanuelem:
1052 2388 1465 2442 Emmanuelem
1498 2396 1704 2451 autem,
1741 2389 1845 2443 hoc
1891 2397 1997 2454 est,

431 2470 602 2526 Deum
640 2473 924 2531 hominem
958 2478 1184 2532 factum.
1237 2479 1371 2533 Nam
1418 2481 1562 2534 Deus
1590 2479 1855 2544 Verbum,
1903 2480 2000 2550 qui

428 2572 557 2618 ante
593 2566 789 2620 saecula
837 2583 1040 2622 arcano
1086 2568 1460 2639 ineﬂabilique
1509 2570 1672 2625 modo
1717 2588 1782 2625 ex
1839 2572 2000 2625 Patre

428 2655 646 2724 genitus
679 2667 764 2712 est
822 2660 1144 2714 novissimis
1203 2663 1546 2732 temporibus
1595 2673 1758 2718 natus
1798 2672 1884 2717 est
1930 2679 1998 2716 ex

429 2747 661 2802 muliere
679 2749 720 2802 ε.
735 2749 940 2804 Natura
967 2767 1203 2821 namque
1224 2761 1412 2807 nostra
1430 2754 1674 2824 perfecte
1695 2764 1998 2822 assumpta,

428 2835 886 2910 humanitateque
917 2857 985 2895 ex
1007 2843 1186 2911 prima
1225 2845 1586 2914 conceptione
1612 2845 1716 2900 sibi
1772 2847 2001 2916 conjun-

427 2937 536 2993 cta,
569 2945 631 2983 ac
665 2941 859 2985 nostro
891 2946 1125 3002 corpore
1157 2935 1261 2988 sibi
1289 2935 1346 2988 in
1368 2938 1631 3005 templum
1675 2937 2000 3001 fabrefacto,

425 3037 496 3074 ex
528 3020 758 3090 Deipara
786 3022 1010 3093 Virgine
1043 3023 1185 3079 Deus
1213 3025 1513 3095 perfectus,
1543 3029 1778 3083 ethomo
1810 3028 2000 3082 itidem

427 3110 706 3180 perfectus
736 3113 960 3182 prodiit.
990 3115 1125 3168 Nam
1157 3115 1392 3171 duarum
1445 3127 1767 3173 naturarum
1823 3118 2000 3188 perfe-

2101 649 2200 712 τάς
2246 650 2468 713 ἐλπίδας
2529 651 2627 719 τῆς
2686 646 2961 718 σωτηρίας
3005 646 3290 714 κέκτηται.
3355 647 3603 715 Σήμερον
3634 648 3671 715 ἡ

2103 741 2387 812 ὑπερφυὴς
2413 740 2601 794 λύεται
2634 738 2841 809 λοχεία,
2876 736 2970 790 καὶ⁵
2998 735 3099 805 τῆς
3120 733 3500 805 ἀπειρογέψου
3522 735 3676 804 Παρ-

2102 830 2258 885 θένου
2285 832 2501 887 λύονται
2532 833 2589 885 αἱ
2618 831 2824 895 ὠδῖνες.
2850 831 2913 882 Ὠ
2940 826 3034 882 τοῦ
3066 827 3379 898 θαύματοςί
3427 826 3616 879 Τίκτει
3637 827 3675 894 ἡ

2102 923 2399 995 Παρθένος,
2440 926 2536 979 καὶ
2575 925 2726 996 μένει
2759 922 3028 994 παρθένος
3053 937 3066 950 ·
3095 923 3304 990 γίνεται
3338 919 3540 990 μήτηρ,
3577 918 3677 969 καὶ

2099 1016 2159 1066 ού
2190 1016 2367 1070 πάντα
2387 1015 2456 1069 τὰ
2481 1015 2686 1087 μητρὸς
2710 1013 2952 1086 ἀκριϐῶς
2979 1012 3261 1083 ὑπομένει.
3287 1011 3479 1063 Ἐτεκε
3514 1009 3541 1048 b
3573 1007 3675 1076 μὲν

2099 1104 2208 1175 γὰρ
2236 1107 2311 1170 ὡς
2340 1107 2502 1177 νόμος
2521 1106 2816 1176 γυναιξὶνή
2838 1104 3133 1175 Παρθένος,
3170 1103 3352 1172 ἔμεινε
3380 1100 3436 1153 δὲ
3464 1097 3674 1168 παρθέο

2101 1210 2212 1258 νος,
2247 1196 2319 1258 ὡς
2342 1197 2404 1248 ού
2436 1197 2599 1267 νόμος
2625 1199 2745 1259 ταῖς
2770 1200 3090 1258 τικτούσαις
3115 1191 3384 1262 γυναιξίν.
3426 1188 3672 1242 ’Δνωθεν

2101 1288 2485 1358 προορώμενος
2513 1290 2542 1341 ὁ
2570 1290 2858 1360 προφήτης
2888 1287 3119 1348 Ἦσαῖας
3160 1285 3224 1338 τδ
3265 1283 3471 1352 θαῦμα,
3502 1280 3634 1333 ἐϐόα
3654 1298 3667 1310 ·

2105 1394 2125 1428 ι
2174 1375 2308 1430 ’ἰδοὺ
2337 1378 2369 1447 ἡ
2398 1379 2676 1448 Παρθένος
2697 1380 2756 1431 ὲν
2778 1378 2978 1448 γαστρὶ
3006 1375 3142 1440 ἔξει,
3178 1374 3272 1427 καὶ
3287 1372 3503 1438 τέξεται
3528 1370 3668 1434 υἱὸν,

2100 1467 2195 1519 καὶ
2228 1467 2596 1522 καλέσουσιτὸ
2611 1469 2780 1539 ὄνομα
2826 1466 2990 1521 αὐτοῦ
3033 1463 3401 1537 Ἐμμανουήλ.
3440 1481 3458 1514 ι
3494 1460 3673 1514 Τοῦτο

2099 1557 2379 1628 διασαφῶν
2453 1559 2482 1612 ὁ
2537 1559 2930 1629 εύαγγελιστὴς
2975 1553 3126 1612 εἶπεν
3209 1556 3668 1627 ἑρμηνευόμενον.

2097 1653 2240 1704 Μεθ’
2262 1650 2432 1721 ἡμῶν
2454 1656 2486 1706 ὁ
2512 1651 2869 1719 Θεός.Τίκτει
2901 1651 2995 1706 οῦν
3023 1655 3058 1724 ή
3086 1651 3346 1714 Θεοτόκος
3371 1648 3559 1718 Μαρία
3579 1647 3674 1699 τὸν

2112 1739 2478 1812 Ἐμμανουήλ.

2180 1830 2435 1901 Ἐϐόησεν
2491 1832 2707 1895 ὁλαός·
2765 1833 2831 1885 Ἢ
2883 1832 3066 1896 πίστις
3115 1830 3224 1885 ίδοὺ
3278 1827 3416 1900 α’ύτη
3447 1839 3469 1866 ε
3512 1829 3670 1883 ἐστί·

2028 1901 2073 1956 Β
2101 1921 2236 1974 Θεοῦ
2263 1921 2456 1992 δῶρον,
2490 1921 2725 1994 Κύριλλε
2765 1921 3011 1994 ὁρθόδοξε
3029 1937 3043 1950 ·
3099 1922 3256 1974 τοῦτο
3285 1919 3516 1974 ἀκοῦσαι
3545 1920 3676 1989 ὲζη-

2099 2011 2319 2082 τοῦμεν.
2372 2013 2430 2064 '0
2454 2013 2616 2066 τοῦτο
2652 2013 2726 2083 μὴ
2748 2013 2943 2081 λέγων,
2975 2010 3220 2081 ἀνάθεμα
3255 2009 3414 2063 ἔστω.
3467 2007 3676 2063 Λοιπὸν

2098 2099 2252 2158 εἶπεν
2289 2105 2318 2158 ὁ
2337 2105 2635 2169 ἐπίσκοπος
2661 2104 2875 2169 Παῦλος
2897 2123 2911 2137 ·

2179 2195 2241 2249 '0
2288 2195 2448 2249 τοῦτο
2479 2197 2552 2266 μὴ
2585 2196 2782 2264 λέγων,
2829 2196 2922 2248 καὶ
2948 2194 3108 2260 νοῶν,
3146 2193 3242 2247 καῖ
3267 2190 3498 2262 φρονῶν,
3532 2189 3672 2244 ἀνά-

2098 2286 2241 2356 θεμα
2267 2286 2406 2340 ἔστω
2427 2287 2536 2340 ἀπὸ
2574 2289 2674 2358 τῆς
2719 2285 3066 2356 Ἐκκλησίας.
3106 2285 3332 2338 Ἔτεκεν
3361 2277 3454 2336 οὖν
3472 2282 3603 2352 ἡμῖν
3633 2281 3671 2349 ἡ

2098 2379 2363 2443 Θεοτόκος
2392 2381 2583 2451 Μαρία
2627 2379 2720 2433 τὸν
2759 2379 3142 2451 Ἐμμανουήλ’
3194 2376 3537 2448 Ἐμμανουὴλ
3587 2375 3671 2438 δὲ,

2098 2473 2231 2525 Θεὸν
2297 2471 2818 2544 ἑνανθρωπήσαντα.
2871 2473 2928 2525 Ὀ
2960 2472 3072 2542 γὰρ
3103 2470 3207 2541 πρδ
3232 2469 3339 2523 τῶν
3365 2467 3576 2521 αἰώνων
3605 2467 3675 2518 ἐκ

2100 2565 2315 2635 Πατρος
2365 2565 2619 2635 ἀρρήτως
2651 2564 2749 2617 καὶ
2795 2563 3188 2632 ἀνεκφράστως
3215 2559 3492 2631 γεννηθεὶς
3538 2559 3673 2620 Θεὸς

2099 2658 2296 2721 Λόγος,
2327 2658 2418 2709 ἐπ’
2441 2656 2689 2726 ἐσχάτων
2724 2655 2833 2708 τῶν
2864 2653 3090 2725 ἡμερῶν
3122 2653 3366 2705 τίκτεται
3391 2653 3454 2704 ὲκ
3483 2667 3674 2718 γυναι-ο

2101 2748 2216 2811 κός.
2267 2748 2378 2819 Τὴν
2411 2747 2521 2820 γὰρ
2548 2746 2825 2818 ἡμετέραν
2875 2745 3096 2808 τελείως
3140 2742 3442 2812 ἀνειληφὼς
3488 2740 3680 2810 φύσιν,

2101 2842 2195 2894 καὶ
2226 2840 2288 2893 τὸ
2317 2839 2660 2911 ἀνθρώπινον
2683 2839 2709 2879 ἀ
2737 2842 2802 2892 ὲκ
2838 2837 3063 2908 πρώτης
3104 2835 3417 2906 συλλήψεως
3458 2832 3676 2886 οἰκειὼ-

2104 2949 2200 2994 σας
2231 2931 2431 3001 έαυτῷ,
2474 2931 2568 2984 καὶ
2601 2930 2661 2983 τὸ
2707 2929 2978 3000 ἡμέτερον
3012 2929 3172 2998 σῶμα
3202 2927 3328 2980 ναὸν
3360 2925 3540 2995 έαυτῷ
3569 2943 3674 2977 κα-

2098 3023 2601 3092 τασκευασάμενος,
2654 3019 2925 3093 προῆλθεν
2988 3023 3053 3072 ὲκ
3105 3019 3204 3088 τῆς
3238 3017 3502 3070 Θεοτόκου
3539 3015 3676 3078 Θεὸς

2099 3113 2327 3177 τέλειος,
2383 3114 2478 3166 xui.
2525 3112 2810 3184 ἄνθρωπος
2857 3110 3061 3173 τέλειος
3113 3111 3142 3162 ὁ
3195 3109 3379 3171 αὑτός.
3434 3107 3536 3160 Δύο
3568 3105 3683 3175 γὰρ

427 3214 640 3258 ctarum
701 3221 1025 3270 concursus,
1085 3208 1339 3264 humana:
1396 3211 1612 3265 scilicet
1675 3218 1732 3266 et
1777 3209 1994 3275 divinae,

2102 3205 2315 3272 φύσεων
2331 3204 2552 3257 τελείων
2572 3203 2869 3273 συνδρομὴ,
2889 3201 3163 3272 θεότητος,
3181 3218 3256 3271 φη
3264 3201 3344 3271 μὶ,
3360 3200 3453 3254 καὶ
3466 3197 3684 3270 ἀνθρω-

427 3312 598 3350 nnum
611 3297 771 3351 nobis
789 3299 1074 3353 constituit
1089 3300 1482 3367 Filium,unum
1498 3300 1800 3367 Christum,
1825 3318 1996 3356 unum

2102 3297 2358 3366 πότητος,
2384 3296 2474 3349 τὸν
2501 3295 2600 3348 ἕνα
2629 3297 2761 3365 ἡμῖν
2793 3296 3114 3348 ἀπετέλεσεν
3131 3293 3279 3358 Υίὸν,
3307 3292 3397 3345 τὸν
3423 3291 3518 3345 ἕνα
3532 3291 3676 3361 Χρι-

426 3388 738 3442 Dominum.

497 3480 738 3550 Populus
791 3484 1115 3537 acclamavit
1159 3502 1172 3537 :
1214 3482 1361 3540 Bene
1394 3485 1634 3550 venisti,
1689 3485 1997 3540 orthodoxe

425 3572 713 3641 episcope:
744 3573 942 3643 dignus
967 3574 1134 3645 digno
1165 3576 1541 3645 coniungitur.
1599 3577 1802 3632 Dicunt
1840 3577 2000 3632 Chri—

426 3660 591 3716 stiani
627 3680 641 3716 :
664 3663 776 3718 Hoc
801 3664 900 3718 Dei
925 3665 1130 3718 donum
1159 3674 1265 3732 est,
1293 3666 1600 3723 orthodoxe
1625 3668 1844 3740 Cyrille.
1872 3671 1999 3740 Epi-

427 3768 628 3821 scopus
649 3753 852 3808 Paulus
882 3754 1166 3824 subjunxit
1187 3775 1199 3809 :

490 3839 691 3893 Noram
717 3849 773 3895 et
800 3857 922 3912 ego,
960 3843 1328 3911 dilectissimi,
1354 3848 1499 3916 quod
1519 3847 1586 3902 ad
1629 3849 1998 3903 orthodoxum

428 3924 646 3980 Patrem
682 3929 950 3985 venirem.
995 3931 1186 4002 Neque
1244 3935 1393 3988 enim
1437 3951 1539 3989 nos
1571 3937 1998 4004 quaternitatem

425 4016 737 4083 adoramus,
766 4021 860 4076 sed
891 4021 1239 4089 Trinitatem,
1267 4026 1488 4080 Patrem
1523 4026 1802 4090 videlicet,
1833 4037 1889 4082 et
1913 4027 2000 4080 Fi-

425 4105 582 4170 lium,
602 4115 659 4160 et
689 4107 956 4177 Spiritum
982 4119 1257 4166 sanctum.
1302 4112 1408 4179 Qui
1438 4130 1573 4169 vero
1616 4115 1809 4170 dicunt
1860 4116 2001 4173 duos

422 4212 545 4252 esse
582 4197 744 4265 ﬁlios,
777 4216 873 4255 eos
904 4203 1457 4271 anathematizamus,
1482 4214 1538 4260 et
1559 4222 1589 4260 e
1614 4207 1788 4263 sacris
1812 4207 2000 4262 Eccle-

422 4288 520 4344 sia:
549 4291 718 4359 septis
737 4292 1107 4362 explodimus.
1133 4295 1253 4350 Non
1285 4297 1454 4368 igitur
1497 4298 1638 4355 duos
1667 4297 1809 4355 ﬁlios
1852 4315 2001 4355 asse-

423 4378 616 4444 rimus,
640 4397 819 4450 neque
855 4398 1068 4438 merum
1117 4385 1395 4440 hominem
1433 4388 1872 4454 Emmanuclem,
1904 4389 1999 4460 qui

420 4485 489 4524 ex
523 4472 760 4542 Deipara
793 4474 1020 4545 Virgine
1040 4485 1203 4531 natus
1227 4487 1348 4545 est;
1371 4495 1552 4550 neque
1591 4482 1846 4553 gratiam,
1885 4482 2001 4538 vel-

2103 3389 2249 3448 στὺν,
2277 3388 2368 3440 τὸν
2401 3387 2496 3440 ἕνα
2532 3387 2757 3457 Κύριον.

2182 3479 2373 3542 Ὀλαὸς
2391 3478 2586 3548 ὲόόησε
2605 3495 2618 3506 ’
2645 3478 2840 3539 Καλῶς
2864 3472 3050 3547 ἦλθες,
3088 3474 3335 3546 ὀρθόδοξε
3367 3475 3634 3528 ἐπίσκοπε
3657 3490 3671 3502 ·

2101 3574 2130 3625 ὁ
2158 3570 2307 3634 ἄξιος
2348 3570 2428 3640 τῷ
2465 3570 2618 3641 ἀξίῳ.
2646 3568 2963 3640 Χριστιανοὶ
3000 3568 3254 3636 λέγουσι*
3299 3566 3435 3620 Θεοῦ
3477 3566 3685 3637 δῶρον,

2101 3661 2337 3732 Κύριλλε
2367 3659 2634 3732 ὀρθόδοξε.
2673 3661 2734 3714 ’0
2761 3661 3058 3723 ἐπίσκοπος
3081 3658 3294 3722 Παῦλος
3316 3654 3468 3712 εἶπεν
3493 3674 3506 3689 '

2175 3836 2362 3908 ᾜδειν
2396 3835 2572 3905 κάγὼ,
2607 3836 2902 3905 ἀγαπητοὶ,
2942 3835 3018 3900 ὡς
3067 3835 3202 3906 πρὸς
3237 3834 3517 3907 ὸρθόδοξον
3565 3835 3675 3903 ἀφ-

2105 3931 2300 4000 ικόμην
2322 3930 2465 3984 Πατέ
2474 3949 2562 4002 ρα.
2583 3929 2680 3983 Διά
2696 3929 2853 3983 τοῦτο
2872 3929 3097 4000 Τριάδα,
3119 3929 3180 3981 οὐ
3197 3928 3428 3999 τετράδα
3442 3945 3684 3998 προσκυ-

2101 4022 2192 4078 νοῦ
2202 4041 2322 4095 μεν,
2357 4024 2597 4095 Πατέρα,
2619 4023 2713 4075 καὶ
2742 4022 2893 4086 Υίδν,
2916 4023 3010 4075 καὶ
3039 4020 3264 4092 Πνεῦμα
3298 4020 3470 4089 ἅγιον.
3513 4020 3675 4073 Ἀνα-

2103 4115 2464 4187 θεματίζομεν
2510 4115 2568 4168 δὲ
2615 4116 2741 4178 τοὺς
2767 4114 3026 4182 λέγοντας
3065 4114 3159 4168 δύο
3198 4115 3370 4177 υἱοὺς,
3423 4115 3520 4166 καὶ
3564 4115 3676 4167 τῶν

2103 4208 2264 4281 ἱερῶν
2289 4208 2388 4277 τῆς
2434 4205 2762 4277 Ἐκκλησὶας
2793 4205 3131 4276 ὲκύάλλομεν
3173 4205 3496 4276 περισὸλων.
3532 4205 3674 4260 Ούτε

2101 4298 2194 4354 οὖν
2240 4299 2334 4353 δύο
2380 4299 2529 4361 υίοὺς
2579 4298 2833 4368 λέγομεν,
2883 4297 3006 4352 οὔτε
3052 4297 3207 4368 ψιλὸν
3256 4297 3540 4370 ἄνθρωπον
3583 4298 3688 4351 τδν-

2115 4391 2483 4465 Ἐμμανουήλ,
2523 4391 2614 4445 τὸν
2642 4393 2707 4444 ὲκ
2735 4391 2834 4460 τῆς
2872 4391 3135 4445 Θεοτόκου
3172 4391 3518 4462 γεννηθέντα,
3550 4391 3674 4444 οὔτε

2100 4485 2320 4555 χάριτος
2374 4483 2701 4553 ἠξιωμένον,
2753 4482 2829 4546 ὡς
2885 4483 3190 4554 προφήτην,
3230 4484 3267 4553 ἢ
3318 4484 3394 4547 ὡς
3442 4484 3674 4544 δίκαιον,

422 4562 504 4616 uti
542 4564 870 4633 pr0phetam
887 4569 1208 4638 autjustum
1236 4570 1500 4640 aliquem,
1555 4574 1680 4644 plus
1713 4576 1838 4631 aliis
1863 4592 1999 4632 con-

2103 4577 2264 4632 πλέον
2293 4576 2402 4630 τῶν
2427 4576 2625 4631 ἄλλων.
2658 4595 2676 4626 ι
2722 4576 2810 4628 Ἐν
2845 4575 2993 4645 αύτῷ
3036 4575 3146 4646 γὰρ
3181 4573 3448 4646 ηῠδόκησε
3493 4593 3678 4630 κατοι-

421 4659 693 4705 secutum.
739 4671 756 4702 ι
784 4653 839 4706 1η
873 4654 992 4724 ipso
1016 4657 1162 4710 enim
1181 4660 1513 4730 complacuit
1531 4677 1750 4717 omnem
1794 4663 1995 4718 divini-

422 4739 552 4794 tatis
579 4739 978 4809 plenitudinem
1034 4747 1345 4807 inhabitare
1377 4753 1743 4822 corporaliter
1763 4753 1808 4818 ⁸,
1837 4772 1855 4805 ι
1887 4754 1996 4811 hoc

419 4841 521 4896 est,
551 4833 717 4888 veluti
756 4836 810 4889 in
845 4838 1068 4908 preprio
1123 4856 1388 4912 corpore;
1445 4844 1725 4917 siquidem
1795 4860 1996 4918 corpus

419 4929 669 4976 nostrum
720 4924 826 4980 sibi
877 4929 1162 4998 proprium
1199 4931 1350 4990 fecit.
1398 4935 1578 5006 Super
1611 4935 1755 4990 hanc
1806 4935 1995 5006 fidem,

419 5025 586 5082 super
613 5014 755 5070 hanc
790 5027 1004 5087 petram
1052 5023 1337 5080 aDomino
1379 5026 1494 5080 Deo
1529 5027 1708 5096 posita
1739 5037 1869 5082 sunt
1891 5028 1994 5084 Ec-

420 5105 600 5160 clesiae
633 5107 1010 5166 fundamenta.
1044 5112 1182 5168 Cum
1231 5117 1398 5187 igitur
1444 5115 1699 5173 Christus
1730 5119 1996 5177 Dominus

421 5196 863 5264 proﬁcisceretur
886 5201 1337 5277 Hierosolymam,
1364 5207 1738 5281 interrogabat
1755 5210 1996 5282 discipu-

421 5286 504 5340 los
527 5303 675 5352 suos,
705 5291 926 5349 dicens:
955 5315 972 5348 ι
994 5297 1166 5364 Quem
1195 5315 1282 5354 me
1331 5299 1526 5356 dicunt
1580 5302 1831 5359 homines
1875 5319 1996 5360 esse

426 5372 623 5432 Filium
652 5379 925 5440 hominis?
948 5407 965 5439 ι
1001 5389 1236 5458 apostoli
1257 5390 1545 5448 dixerunt:
1575 5413 1593 5446 ι
1617 5394 1723 5450 Alii
1769 5395 1993 5466 quidem

2106 4671 2273 4740 κῆσαι
2300 4669 2409 4721 πᾶν
2440 4667 2501 4720 τὺ
2536 4667 2809 4740 πλήρωμα
2832 4666 2931 4738 τῆς
2974 4666 3226 4740 θεότητος
3263 4667 3610 4738 σωματικῶς,
3648 4687 3668 4718 ι

2101 4761 2403 4827 τουτέστιν,
2437 4759 2513 4824 ὡς
2557 4761 2614 4812 ὲν
2664 4759 2781 4831 ίδίῳ
2830 4759 3074 4830 σώματι·
3117 4761 3180 4813 τὸ
3223 4760 3332 4830 γὰρ
3382 4759 3672 4831 ἡμέτερον,

2102 4853 2232 4907 ῐδιον
2261 4852 2558 4923 ἐποιήσατο
2592 4849 2772 4922 σῶμα.
2823 4839 2946 4904 Ἐπὶ
2981 4849 3153 4922 ταύτῃ
3186 4853 3253 4922 τῇ
3297 4851 3479 4905 πίστει
3519 4850 3674 4904 τεθε-

2104 4943 2364 5014 μελίωται
2414 4941 2811 5014 ὴ.Ἐκκλησία
2871 4942 2963 4995 τοῦ
3011 4943 3184 4996 Θεοῦ·
3237 4943 3332 4996 ἐπὶ
3381 4942 3552 5015 ταύτῃ
3602 4945 3674 5014 τῇ

2101 5035 2416 5108 προσδοκίᾳ,
2448 5035 2539 5088 ἐπὶ
2575 5035 2782 5105 ταύτης
2809 5034 2910 5105 τῆς
2943 5047 2967 5075 θ
3001 5035 3205 5107 πέτρας
3241 5034 3393 5088 ἔθετο
3411 5035 3480 5088 τὰ
3511 5034 3680 5104 θεμέ-

2099 5127 2190 5182 λια
2248 5129 2348 5200 τῆς
2395 5128 2728 5200 Ἐκκλησίας
2786 5131 2814 5181 ὀ
2868 5127 3146 5198 Δεσπότης
3191 5128 3344 5190 Θεὸς.
3387 5126 3516 5180 Ὅτε
3579 5120 3678 5178 οὖν

2098 5213 2262 5288 ἦλθεν
2277 5218 2302 5270 ὁ
2318 5217 2595 5290 Δεσπότης
2617 5217 2850 5288 Χριστὸς
2867 5218 2959 5271 ἐπὶ
2984 5217 3080 5270 τὰ(
3102 5218 3168 5271 Ίε
3179 5217 3367 5289 ροσόλυ
3375 5234 3470 5288 μα,
3484 5213 3676 5286 ἠρώτα

2102 5307 2229 5374 τοὺς
2262 5309 2529 5380 μαθητὰς,
2551 5309 2727 5378 λέγων
2746 5325 2759 5339 °
2783 5327 2802 5360 ‹
2831 5309 2966 5363 Τίνα
2999 5327 3066 5380 με
3083 5309 3334 5378 λέγουσιν
3360 5310 3408 5361 ot
3437 5306 3541 5360 υίοὶ
3564 5305 3677 5359 τῶν

2103 5397 2408 5469 ἀνθρώπων
2432 5393 2569 5452 εῖναι
2596 5399 2686 5452 τὸν
2715 5397 2948 5452 Υίδντοῦ
2983 5397 3309 5470 ἀνθρώπους
3337 5397 3599 5467 Λέγουσιν
3624 5396 3678 5449 οἱ

501 5532 521 5562 ²
548 5531 648 5590 Isa.
685 5550 776 5599 vn,
815 5537 899 5593 M.
979 5541 999 5571 ⁸
1023 5541 1214 5599 Matth.
1245 5562 1284 5612 ι,
1307 5545 1394 5600 25.
1472 5547 1492 5579 ⁸
1519 5548 1694 5604 Galat.
1723 5565 1795 5614 tv,
1818 5549 1872 5602 4.
1949 5549 1999 5592 δι

2099 5565 2201 5605 oss.
2240 5567 2298 5616 ιι,
2321 5551 2375 5606 9.

1527 5705 1699 5761 Varize
1729 5705 1991 5762 lectiones
2015 5708 2220 5763 codicis
2255 5708 2613 5780 Seguieriani.

498 5847 526 5891 ιι
555 5847 754 5904 ἔτικτε.
833 5860 855 5890 ο
888 5850 1047 5923 αὐτή.
1079 5853 1255 5908 Ἔστι.
1331 5856 1357 5897 ἀ
1386 5856 1739 5927 ἀνθρώπειον.
1760 5925 1774 5936 _.
1819 5875 1840 5904 ο
1872 5863 1963 5919 ἐπὶ
1999 5864 2112 5935 τῆς.
2195 5862 2215 5905 ί
2248 5865 2372 5920 ὅταν
2406 5866 2488 5937 ᾔει
2517 5868 2544 5919 ὁ
2570 5866 2830 5937 δεσπότης
2863 5867 2988 5938 περὶ
3027 5865 3115 5921 τὰ.
