4076 6428
393 441 530 500 M37

1870 438 2192 498 HOMILIAS.

3505 443 3643 500 1438

391 559 716 617 ἀπόστολοι·
747 577 764 612 ι
791 557 854 613 Οἱ
881 558 982 629 μὲν
998 557 1205 625 Ἠλίαν,
1237 559 1413 629 ἐτεροι
1434 559 1492 612 δέ
1507 558 1792 630 Ἱερεμίαν,
1816 562 1849 633 ἢ
1870 563 1965 616 ἕνα

2072 561 2530 627 Eliam,aliivero
2565 562 2884 625 Jcremiam,
2937 570 3034 615 aut
3073 576 3244 614 unum
3293 575 3358 615 ex
3405 552 3645 632 prophe-

389 655 498 708 τῶν
511 651 825 724 προφητῶν.
839 651 950 705 Καὶ
965 649 1115 721 λέγει
1134 668 1150 684 ’
1183 651 1370 722 Ὑμεῖς
1396 653 1421 692 ε
1441 670 1460 703 ι
1477 653 1775 720 τουτέστιν,
1800 655 1834 724 ἡ
1855 655 1962 725 ἐμὴ

389 741 611 813 ἐκλογὴ,
642 740 742 805 τὰς
776 740 1172 811 διεψευσμένας
1218 739 1403 809 λέγετε
1434 739 1610 806 δόξας,
1656 741 1738 795 ὅτι
1770 742 1821 794 oi
1864 742 1964 812 μὲν

402 833 589 886 Ἠλίαν
630 830 838 900 ἔλεγον,
872 831 1053 902 ἕτεροι
1084 830 1142 883 δὲ
1177 831 1470 902 Ἰερεμίαν,
1507 831 1664 903 ἢένα
1691 833 1801 888 τῶν
1841 850 1968 904 προσ

390 923 609 993 φητῶν·
655 923 817 992 ὑμεῖς
863 923 944 990 δὲ,
997 922 1048 974 οἰ
1093 923 1676 993 παρακολουθήσαντές
1723 941 1813 1001 μοι
1840 924 1965 994 τρία

390 1017 509 1086 ἔτη,
545 1015 644 1068 καὶ
674 1015 876 1078 ἰδόντες
908 1031 1014 1084 μου
1058 1014 1158 1084 τὴν
1183 1013 1432 1085 δύναμιν,
1466 1015 1560 1068 καὶ
1591 1014 1662 1068 τὰ
1679 1015 1962 1085 τεράστια,

391 1106 486 1158 καὶ
539 1104 868 1174 θεασάμενοί
911 1121 979 1174 με
1014 1104 1106 1158 ἐπὶ
1149 1103 1427 1174 θαλάσσης
1459 1105 1886 1176 περιπατοῦντα,
1916 1107 1965 1159 οί

388 1191 679 1263 τραπεζῶν
712 1209 801 1262 μοι
847 1193 1298 1264 κοινωνήσαντες,
1349 1211 1368 1245 ι
1414 1193 1537 1250 τίνα
1567 1211 1636 1265 με
1670 1194 1887 1264 λέγετε;
1941 1215 1960 1247 ι

393 1283 614 1346 Εὐθέως
643 1285 672 1337 6
717 1284 1161 1359 κορυφαῖοςπῶν
1187 1283 1520 1350 ἀποστόλων,
1565 1287 1627 1340 τὸ
1659 1286 1831 1357 στόμα
1858 1287 1966 1341 τῶν

393 1371 670 1442 μαθητῶν,
713 1373 743 1425 6
791 1372 1031 1445 Πέτρος·
1075 1393 1094 1425 ι
1127 1374 1200 1429 Σὺ
1231 1370 1285 1428 εἴ
1306 1377 1334 1428 6
1356 1376 1610 1446 Χριστὸς,
1645 1378 1675 1430 6
1705 1375 1832 1440 Υἱὸς
1871 1377 1966 1431 τοῦ

391 1461 530 1516 Θεοῦ
564 1462 659 1516 τοῦ
689 1462 894 1528 ζῶντος
915 1482 928 1495 ·
965 1483 986 1516 ›
1014 1465 1078 1518 σὺ
1109 1461 1163 1518 εἷ
1185 1465 1214 1518 6
1241 1465 1554 1538 Χριστὸς,ή
1588 1466 1741 1539 διττὴ
1781 1468 1966 1539 φύσις,

389 1554 418 1605 6
447 1551 910 1624 ἐνανθρωπήσας’
948 1573 967 1606 ι
1009 1555 1082 1609 Σὺ
1114 1550 1167 1609 εἴ
1201 1557 1228 1610 6
1254 1556 1492 1628 Χριστός
1519 1572 1534 1586 ⁸
1588 1577 1608 1611 ι
1644 1558 1740 1612 καὶ
1766 1559 1867 1612 οὐκ
1900 1554 1972 1612 εἵ-

393 1658 517 1706 πεν,
553 1643 617 1695 Oi
650 1643 756 1696 uici
777 1640 828 1709 h,
859 1643 974 1698 ἀλλ’
1010 1663 1029 1697 ι
1064 1647 1093 1699 6
1118 1645 1248 1710 Υἱὸς
1273 1646 1368 1700 τοῦ
1395 1646 1530 1717 Θεοῦ
1555 1645 1649 1700 τοῦ
1677 1647 1879 1712 ζῶντος
1898 1663 1911 1677 °
1944 1666 1963 1699 ι

392 1735 608 1805 ἐπέγνω
633 1737 728 1789 καὶ
745 1735 808 1790 τὸ
845 1737 1130 1809 μοναδικδν
1157 1738 1465 1809 πρόσωπον.
1495 1740 1970 1811 Παρακαλέσωμεν

393 1823 487 1881 οὖν
511 1827 604 1882 τὸν
629 1828 872 1901 Πατέρα,
900 1829 999 1900 τὴν
1032 1829 1236 1902 συνήθη
1260 1829 1586 1900 παραθεῖναι
1611 1832 1746 1902 ἡμῖν
1770 1832 1973 1902 τράπε-

395 1921 517 1984 ζαν,
547 1920 641 1974 καὶ
680 1921 750 1974 τὰ
784 1899 1062 1990 ⁷πολυτελῆ
1108 1899 1202 1975 καὶ
1225 1899 1472 1976 *ποιπίλα
1510 1922 1605 1975 τοῦ
1633 1899 1971 1993 -Πνεύματος
2002 1899 2044 1956 Β

393 2011 502 2081 ὄψα
525 2028 539 2042 ο
587 2012 931 2083 στεφανῶσαι
994 2015 1084 2067 τὸν
1138 2013 1393 2086 κρατῆρα
1449 2015 1550 2085 τῆς
1592 2015 1966 2080 διδασκαλίας·

393 2104 488 2158 καὶ
536 2103 771 2174 μεθύσαι
801 2105 950 2176 ἡμᾶς
985 2103 1179 2177 μέθην,
1212 2105 1572 2177 σωφροσύνης
1615 2105 1850 2178 μητέρα.
1880 2104 1971 2159 El-

395 2211 608 2264 πιωμεν,
648 2195 1022 2266 Ἐξεγέρθητι,
1053 2190 1098 2248 ὦ
1121 2195 1326 2266 Πάτερ,
1360 2213 1380 2247 ι
1418 2195 1756 2268 ἐξεγέρθητι,
1780 2199 1814 2268 ἠ
1842 2196 1970 2262 δόξα

398 2303 533 2355 μου·
562 2284 881 2356 ἐξεγέρθητι
925 2285 1241 2358 ψαλτήριον,
1273 2287 1370 2340 καὶ
1420 2286 1625 2358 κιθάρα
1664 2287 1760 2342 τοῦ
1813 2289 1970 2358 ἁγίου

395 2376 535 2431 Πνεύ
545 2394 734 2448 ματος.
759 2395 778 2428 ι
799 2372 872 2448 ᾯ
901 2378 935 2448 ἡ
961 2376 1088 2444 δόξα
1105 2378 1196 2432 καὶ
1219 2377 1278 2432 τὸ
1300 2378 1503 2450 κράτος
1522 2380 1602 2444 εἰς
1627 2378 1753 2444 τοὺς
1769 2379 1973 2446 αἰῶνας

391 2468 502 2523 τῶν
536 2469 771 2524 αἰώνων.
819 2469 1012 2539 Ἀμήν.

1135 2580 1212 2636 B'.

402 2694 512 2750 Τοῦ
530 2695 725 2768 αὐτοῦ
739 2695 980 2768 Δόμιείίᾳ,
1007 2695 1296 2768 λεχθεῖσα
1319 2697 1390 2751 ὲν
1409 2697 1487 2766 τῇ
1497 2698 1732 2768 μεγάλῃ
1750 2698 1974 2767 ἐκκλη-

468 2767 574 2836 σίᾳ
599 2765 1054 2836 Ἀλεξανδρέων,
1082 2765 1206 2836 Τιὸὶ
1236 2765 1404 2835 ἕκτῃ·
1426 2765 1525 2822 καὶ
1552 2765 1640 2834 εἰς
1664 2765 1782 2836 τὴν
1795 2765 1972 2823 ἐναπ-

468 2834 778 2907 θρῴπησιν
797 2833 905 2907 τοῦ
937 2835 1185 2907 Κυρίου,
1215 2837 1315 2890 καὶ
1340 2833 1812 2907 Σωτῆροςίήμῶν
1855 2840 1973 2906 Ἰη-

466 2903 584 2977 dor)
641 2904 941 2977 cho'roﬁj
1004 2905 1106 2960 καί
1171 2907 1283 2976 εις,
1313 2906 1423 2962 τὸν
1491 2903 1976 2977 ἆρχιεὶτίσκοπόν

371 2997 373 2999 ί
466 2975 771 3043 Κύριλλον
796 2974 1108 3044 ἐγκώμιον.

469 3087 673 3159 Πρώην
712 3087 851 3158 πρὸς
892 3087 995 3158 τὴν
1022 3087 1300 3159 ὑμετέραν
1330 3089 1836 3162 όιγωνιστικάγτερον
1860 3089 1978 3143 δια-

397 3181 682 3251 λεγόμενοι
725 3180 971 3251 ἀγάπην,
1025 3179 1200 3251 πέρας
1255 3179 1523 3235 ἐπιθεῖναι
1560 3179 1639 3252 τῷ
1695 3180 1839 3252 λόγῳ
1875 3181 1977 3235 οὐκ

402 3271 734 3343 ἰσχύσαμενο
770 3271 1104 3343 στενοχωρία
1133 3271 1192 3324 δὲ
1238 3271 1350 3326 τῶν
1390 3270 1680 3344 ἡμετέρων
1727 3271 1974 3340 ἀδελφῶν
2001 3256 2043 3316 C

397 3363 600 3429 ἐξῶσεν
625 3364 776 3434 ἡμᾶς
796 3362 908 3416 τῶν
953 3363 1317 3433 σκαμμάτων.
1346 3363 1483 3435 Φέρε
1511 3358 1604 3416 οῦν
1647 3357 1804 3426 αὖθις
1846 3363 1976 3416 ἀπο-

397 3456 691 3527 δυσάμενοι
711 3456 753 3520 ἱ,
780 3453 888 3508 τῶν
909 3453 1088 3508 αὐτῶν
1120 3452 1386 3524 ἁψώμεθα
1410 3453 1823 3525 παλαισμάτων.
1842 3454 1899 3507 '0
1917 3453 1975 3506 δὲ

398 3550 645 3618 γενναῖος
673 3540 826 3609 οὗτος
851 3545 1035 3615 πατὴρ
1061 3556 1075 3595 l
1109 3545 1207 3599 καὶ
1236 3545 1592 3618 παιδοτρίϐης
1628 3545 1767 3618 ὅπερ
1791 3545 1920 3599 ποτέ
1946 3546 1971 3586 ll

399 3640 594 3708 ἐποίει,
631 3641 727 3694 καί⁸
759 3635 916 3702 αὖθις
941 3638 1194 3691 ποιείτω*
1228 3637 1462 3708 κρινέτω
1490 3639 1560 3692 τὰ
1593 3639 1969 3709 παλαίσματα.

401 3734 511 3788 Καὶ
535 3733 645 3805 γὰρ
669 3732 793 3785 τότε
823 3728 1215 3800 γεγαννυμένῳ
1241 3727 1260 3769 1
1289 3728 1374 3802 τῷ
1403 3728 1700 3800 προσώπῳ,
1731 3731 1824 3784 καὶ
1844 3747 1971 3798 φαι-

398 3823 511 3895 δρῷ
537 3823 615 3894 τῷ
652 3821 970 3894 μειδιάματι
1001 3820 1275 3874 ἐδείκνυτο
1302 3820 1509 3892 χαίρων
1538 3823 1650 3884 τοῖς
1679 3819 1854 3890 ἀγῶσι
1879 3819 1974 3874 τοῦ

402 3916 592 3979 παιδός
609 3931 624 3947 ο
655 3915 753 3968 καὶ
777 3912 973 3968 θαλλοῦ
1009 3912 1166 3984 δίκην
1187 3913 1288 3984 τὴν
1316 3911 1498 3978 δεξιὰν
1535 3914 1670 3983 ἡμῖν
1693 3912 1972 3978 ἐπισείων,

398 4007 557 4078 δῆλος
601 4001 671 4076 ἦν
720 4007 852 4076 ἡμῖν
884 4003 1191 4076 τιθέμενος,
1233 4004 1330 4058 καὶ
1374 4003 1658 4075 ἐπιθυμῶν
1684 4003 1775 4058 τὸν
1812 4003 1976 4058 παῖδα

401 4097 804 4170 ἀναρρηθῆναι,
847 4097 943 4150 καὶ
978 4097 1308 4168 στεφανίτην
1348 4097 1447 4151 καὶ
1493 4095 1722 4169 νικητὴν
1760 4097 1976 4151 ἀναδει-

403 4192 624 4264 χθῆναι.

488 4284 547 4337 '0
585 4283 715 4346 λαὸς
773 4279 971 4350 ἐϐόησε
994 4293 1010 4309 °
1036 4277 1173 4332 Θεοῦ
1202 4277 1375 4348 δῶρον
1401 4277 1675 4348 Κύριλλος
1717 4287 1789 4345 ιο,
1820 4279 1976 4344 ὅλους

403 4375 666 4446 ἐποίησας
706 4375 783 4438 ώς
833 4372 1078 4426 σεαυτόν.
1137 4370 1200 4424 '0
1237 4369 1386 4435 ἄξιος
1413 4369 1492 4440 τῷ
1546 4371 1702 4442 ἀξίῳ.
1744 4370 1803 4424 ’0
1848 4371 1978 4436 λαὸς

403 4464 526 4521 εἷπε
546 4473 596 4533 ιι,
609 4466 732 4520 Τῶν
753 4461 1170 4519 ἐπισκόπωντὺν
1187 4461 1419 4533 πατέρα,
1438 4460 1633 4531 Κύριε,
1654 4461 1845 4520 σῶσον.
1868 4465 1978 4518 Κα-

2067 655 2157 710 tis.
2181 655 2252 709 Et
2276 654 2414 709 dixit
2433 653 2573 708 illis:
2603 655 2711 708 Vos
2739 660 2922 708 autem
2961 654 3004 717 ⁸,
3029 672 3047 704 ι
3088 652 3193 712 hoc
3224 661 3329 717 est,
3368 653 3463 721 qui
3491 669 3522 706 a
3553 671 3642 709 me

2065 747 2228 802 electi
2246 747 2402 811 estis,
2421 746 2585 800 falsas
2617 745 2801 800 dicitis
2812 744 3287 815 opiniones,quod
3304 744 3396 798 alii
3417 745 3640 814 quidem

2066 839 2240 894 Eliam
2257 839 2461 901 dicant,
2490 837 2581 891 alii
2619 837 2933 902 Jeremiam,
2963 844 3058 890 aut
3092 851 3264 890 unum
3303 851 3372 890 ex
3405 836 3642 906 prephe-

2067 931 2158 986 tis.
2184 931 2293 985 Vos
2317 940 2526 994 autem,
2563 929 2659 998 qui
2685 944 2771 981 me
2794 938 2906 983 tres
2951 930 3063 999 jam
3089 943 3261 981 annos
3289 928 3465 981 secuti
3482 927 3640 991 estis,

2066 1024 2272 1093 quique
2295 1037 2471 1076 meam
2494 1020 2756 1074 virtutem
2783 1028 2838 1073 et
2883 1019 3135 1088 prodigia
3171 1019 3410 1082 vidistis,
3452 1028 3510 1074 et
3553 1035 3643 1073 me

2066 1128 2234 1183 super
2298 1127 2449 1166 mare
2511 1109 2887 1164 ambulantem
2938 1109 3235 1178 spectastis
3266 1149 3279 1174 ,
3338 1119 3394 1163 et
3438 1111 3494 1164 in
3546 1126 3643 1165 ea-

2067 1203 2190 1258 dem
2241 1217 2429 1256 mensa
2484 1215 2700 1256 mecum
2750 1199 3230 1265 communicastis,
3275 1217 3294 1250 ‹
3328 1216 3492 1269 quem
3555 1217 3647 1256 me

2066 1309 2187 1349 esse
2215 1293 2471 1347 dicitis?»
2512 1291 2631 1345 Mox
2665 1292 2865 1346 Petrus
2911 1290 3285 1360 apostolorum
3331 1301 3543 1355 vertex,
3588 1301 3647 1346 et

2067 1399 2130 1439 os
2160 1383 2561 1453 discipulorum
2585 1381 2906 1451 respondit:
2947 1399 2966 1430 ‹
2991 1379 3073 1433 Tu
3106 1394 3167 1434 es
3205 1379 3460 1435 Christus
3473 1380 3649 1435 Filius

2029 1483 2032 1486 ’
2067 1479 2166 1534 Dei
2191 1477 2300 1532 vivi
2320 1479 2395 1532 ⁷.»
2425 1477 2507 1531 Tu
2524 1492 2585 1533 es
2616 1476 2871 1532 Christus
2893 1484 3093 1531 natura
3122 1481 3382 1528 constans
3399 1475 3642 1545 gemina,

2069 1579 2258 1640 utpote
2285 1571 2452 1625 homo
2495 1568 2694 1624 factus.
2719 1587 2736 1617 σ
2762 1568 2845 1623 Tu
2876 1583 2936 1622 es
2985 1565 3259 1622 Christus.
3288 1585 3307 1617 ι
3332 1566 3454 1620 Non
3505 1566 3652 1620 dixit

2069 1671 2276 1728 autem,
2309 1661 2434 1717 Filii
2478 1679 2494 1727 ;
2532 1661 2684 1727 sed,c
2708 1660 2883 1716 Filius
2904 1659 3001 1715 Dei
3032 1659 3167 1714 vivi.
3194 1677 3212 1709 ι
3243 1657 3646 1728 Agnovitenim

2070 1767 2322 1822 personae
2339 1751 2633 1806 unitatem.
2690 1751 2968 1821 Rogemus
3007 1749 3193 1818 itaque
3225 1749 3376 1801 hunc
3406 1748 3647 1808 Patrem,

2074 1852 2138 1897 ut
2162 1842 2382 1898 solitam
2410 1842 2574 1897 nobis
2597 1855 2844 1896 mensam
2879 1847 3140 1909 apponat,
3192 1838 3547 1908 pretiosaque
3587 1852 3652 1890 ac

2073 1935 2222 1988 varia
2249 1933 2489 2002 Spiritus
2537 1932 2714 1987 sancti
2760 1930 3015 1994 obsonia,
3069 1928 3337 1983 doctrinae
3376 1934 3648 1981 craterem

2071 2031 2322 2088 coronet,
2353 2039 2457 2078 nec
2488 2038 2600 2077 non
2632 2029 2692 2076 ut
2717 2036 2819 2075 nos
2845 2020 2937 2074 illa
2969 2020 3262 2084 ebrietate,
3295 2035 3416 2088 quae
3439 2019 3653 2072 sobrie-

2071 2115 2203 2170 tatis
2243 2123 2329 2170 est
2376 2123 2576 2178 mater,
2635 2112 2894 2167 inebriet.
2949 2113 3229 2168 Dicamus:
3287 2112 3554 2181 Exsurge,
3615 2128 3649 2164 ο

2069 2209 2250 2274 Pater,
2265 2228 2281 2259 ι
2299 2223 2556 2278 exsurge,
2573 2206 2746 2277 gloria
2771 2222 2894 2260 mea
2915 2223 2928 2271 ;
2951 2220 3207 2275 exsurge,
3229 2204 3575 2274 psalterium,
3594 2212 3652 2257 et

2071 2299 2314 2371 Spiritus
2346 2299 2521 2356 sancti
2550 2298 2765 2353 cithara
2791 2300 2832 2351 ⁸.
2862 2317 2878 2349 ι
2915 2297 3014 2351 Cui
3044 2296 3220 2366 gloria
3252 2303 3308 2350 et
3356 2295 3646 2364 imperium

2071 2390 2130 2447 in
2156 2391 2484 2448 saeculorum
2513 2391 2734 2446 saecula.
2765 2388 2960 2444 Amen.

2832 2588 2899 2644 ll.

2076 2709 2332 2787 Ejusdem
2363 2707 2530 2787 Bauli
2563 2705 2788 2787 homilie
2819 2703 3508 2787 innmqgnamAlefanilrice
3550 2717 3654 2787 ,εστ

2146 2779 2330 2842 οιεδὶα,
2361 2777 2472 2832 Tibi
2522 2785 2673 2830 sexta
2733 2775 2816 2828 die
2851 2775 2950 2845 (l),
2984 2773 3040 2827 in
3097 2773 3290 2845 Christi
3350 2773 3659 2845 Dominirt

2147 2841 2446 2904 Saluatoris
2485 2848 2652 2900 nostri
2677 2841 3034 2910 nativitatem,
3089 2852 3136 2898 et
3161 2845 3219 2898 in
3253 2841 3440 2914 Cyrilli
3480 2842 3658 2894 archi-

2148 2918 2377 2989 episcopi
2403 2917 2613 2970 laudem
2641 2915 2801 2969 dicta.

2151 3111 2340 3181 Nuper
2368 3108 2514 3180 apud
2553 3107 2914 3163 dilectionem
2960 3113 3200 3159 vestram
3225 3103 3444 3157 enixius
3485 3102 3660 3156 disse-

2079 3211 2288 3265 rentes,
2323 3201 2486 3255 finem
2509 3199 2751 3254 sermoni
2780 3198 3066 3266 imponere
3091 3210 3203 3249 non
3229 3194 3528 3256 valuimus,
3560 3193 3658 3246 sed

2075 3301 2302 3365 propter
2333 3292 2564 3346 fratrum
2588 3299 2904 3344 nostrorum
2932 3285 3323 3356 frequentiam,
3343 3284 3661 3339 certaminis

2075 3385 2258 3440 locum
2304 3382 2563 3437 deserere
2603 3378 2877 3449 compulsi
2916 3392 3125 3432 sumus.
3177 3375 3284 3430 Sed
3324 3391 3443 3445 age,
3467 3389 3662 3428 rursus

2073 3477 2247 3540 exuti,
2296 3475 2440 3530 idem
2478 3481 2760 3527 certamen
2801 3470 2986 3525 denuo
3031 3478 3327 3523 tentemus.
3389 3466 3662 3520 Strenuus

2075 3575 2259 3622 autem
2287 3566 2382 3621 hic
2419 3566 2604 3629 Pater,
2631 3569 2687 3618 et
2719 3562 2987 3633 palaestrae
3021 3560 3188 3630 hujus
3208 3555 3656 3628 magister,quod

2076 3665 2193 3712 tum
2222 3655 2479 3719 faciebat,
2505 3655 2676 3710 etiam
2705 3667 2858 3707 nunc
2874 3650 3072 3716 faciat;
3109 3649 3322 3720 judicet
3377 3647 3444 3702 de
3485 3657 3662 3702 certa-

2075 3744 2340 3801 minibus.
2372 3743 2528 3799 Tunc
2553 3742 2704 3798 enim
2741 3739 2913 3795 alacri
2951 3738 3131 3801 vultu,
3156 3735 3470 3804 blandaque
3519 3732 3662 3786 arri-

2076 3838 2230 3893 sione
2244 3835 2400 3908 pueri
2421 3833 2722 3890 certamine
2745 3847 2805 3887 se
2827 3829 3092 3886 obiectari
3111 3826 3450 3888 declarabat,
3478 3825 3664 3879 dexte-

2077 3942 2306 3996 ramque
2327 3924 2500 3980 veluti
2530 3923 2690 3980 oliva:
2731 3935 2944 3976 ramum
2980 3916 3310 3980 obtendens,
3348 3930 3406 3969 se
3435 3930 3466 3968 a
3498 3913 3662 3967 nobis

2077 4027 2225 4075 stare
2249 4015 2614 4087 significabat,
2647 4024 2995 4083 puerumque
3039 4021 3200 4062 suum
3234 4002 3514 4074 praeconio
3540 4002 3662 4054 lau-

2077 4108 2219 4174 dari,
2255 4121 2570 4178 coronaque
2601 4102 2874 4168 redimiri,
2910 4115 2976 4155 ac
2997 4098 3266 4154 victorem
3311 4094 3580 4149 declarari
3605 4108 3664 4146 se

2079 4216 2284 4272 cupere
2305 4197 2739 4255 demonstrabat.

2147 4292 2388 4362 Populus
2407 4287 2756 4345 acclamavit:
2790 4282 2907 4340 Hoc
2939 4282 3038 4338 Dei
3061 4279 3268 4336 donum
3313 4285 3430 4339 est,
3477 4272 3662 4343 Cyril-

2078 4384 2163 4450 le;
2195 4397 2389 4438 omnes
2415 4377 2708 4436 reddidisti
2733 4375 2817 4432 tui
2842 4373 3086 4431 similes:
3115 4370 3317 4441 dignus
3335 4367 3501 4436 digno
3524 4379 3662 4416 cou—

2073 4474 2347 4546 jungitur.
2375 4471 2616 4543 Populus
2656 4478 2786 4525 tuus
2815 4466 2994 4522 dixit:
3019 4462 3420 4534 Episcoporunt
3447 4464 3662 4526 patrem

403 4560 510 4625 λῶς
538 4557 724 4631 ἦλθες,
760 4557 1028 4612 ἐπίσκοπε
1068 4554 1342 4628 ὀρθόδοξε,
1374 4555 1473 4625 τῆς
1493 4555 1820 4628 οἰκουμένης
1845 4575 1974 4611 παι-

2082 4582 2262 4633 serva,
2282 4548 2550 4621 Domine:
2599 4564 2743 4618 bene
2789 4557 3016 4621 venisti,
3054 4554 3316 4625 episcope
3338 4548 3663 4606 orthodoxe,

403 4650 587 4706 δευτά.
623 4650 682 4703 '0
712 4646 985 4704 πιστεύων
1015 4645 1180 4712 οὕτω,
1233 4645 1511 4714 φιλεῖται·
1549 4647 1787 4716 μεγάλου
1831 4648 1978 4703 διδα-

406 4741 609 4796 σκάλου
653 4741 828 4813 μέγας
854 4750 875 4771 °
917 4738 1231 4809 ἐπαινέτης.
1304 4736 1363 4792 '0
1405 4738 1704 4802 ἐπίσκοπος
1769 4738 1978 4806 Παῦλος

408 4851 564 4888 ειπεν
583 4850 600 4866 ⁸

492 4925 910 4996 Ἐπανέλθωμεν
942 4918 1036 4999 οὖν
1065 4924 1157 4977 ἐπὶ
1183 4923 1283 4994 τὴν
1315 4921 1577 4976 Θεοτόκον
1613 4922 1856 4994 Μαρίαν,
1885 4924 1979 4978 καὶ

409 5021 500 5074 τὸν
533 5018 593 5083 ἐξ
636 5018 809 5086 αὐτῆς
858 5015 1120 5087 τεχθέντα
1165 5014 1536 5085 Ἐμμανουὴλ,
1582 5014 1671 5067 τὸν
1713 5015 1844 5068 Θεὸν
1887 5016 1980 5069 τὸν

409 5108 926 5178 ἐνανθρωπήσαντα.
961 5105 1158 5158 Ἔτεκε
1191 5105 1303 5175 γὰρ
1326 5105 1457 5175 ἡμῖν
1489 5105 1521 5174 ἡ
1567 5104 1845 5174 Παρθένος
1884 5105 1979 5159 τὸν

423 5197 791 5272 Ἐμμανουὴλ,
829 5198 970 5252 κατὰ
992 5197 1091 5270 μὲν
1113 5198 1213 5269 τὴν
1239 5196 1469 5268 θεότητα
1489 5196 1562 5266 τῷ
1591 5197 1763 5267 Πατρὶ
1787 5197 1980 5266 όμοού-

484 5354 504 5384 ⁸
527 5351 718 5407 Matth.
743 5367 851 5416 xvr,
881 5349 1071 5405 15-15.
1139 5349 1160 5379 ⁷
1181 5346 1317 5402 ibid.
1349 5347 1438 5402 l6.
1511 5345 1533 5376 "
1557 5347 1696 5402 Psal.
1721 5363 1827 5412 ινι,
1858 5347 1912 5403 9.

2083 4657 2235 4713 orbis
2286 4667 2558 4713 terrarum
2609 4653 2825 4709 doctor.
2875 4649 2981 4716 Qui
3021 4647 3103 4702 sic
3154 4643 3352 4707 credit,
3390 4636 3660 4708 diligitur.

2083 4747 2265 4818 magni
2290 4745 2536 4802 doctoris
2566 4757 2796 4815 magnus
2821 4739 3097 4797 laudator.
3123 4733 3433 4805 Episcopus
3460 4726 3666 4784 Paulus

2083 4837 2255 4892 dixit:

2152 4927 2464 4982 Redeamus
2497 4926 2680 4996 itaque
2703 4923 2773 4979 ad
2824 4923 3114 4994 Deiparam
3165 4914 3407 4974 Mariam,
3451 4905 3661 4961 etEm—

2083 5019 2414 5084 manuelem,
2465 5018 2561 5088 qui
2587 5033 2652 5073 ex
2679 5032 2745 5072 ea
2780 5025 2945 5070 natus
2981 5019 3086 5074 est,
3133 5020 3331 5074 nempe
3380 4998 3446 5054 ad
3489 4996 3666 5088 Deum

2086 5109 2369 5166 hominem
2402 5087 2630 5167 factum.
2656 5108 2825 5177 Virgo
2889 5105 3034 5160 enim
3057 5098 3247 5173 [Maria
3295 5088 3485 5164 igitur]
3530 5087 3663 5142 Em-

2087 5204 2397 5258 manuelem
2439 5202 2600 5258 nobis
2637 5197 2876 5272 peperit,
2908 5191 3209 5251 secundum
3247 5186 3488 5243 divinam
3535 5179 3669 5250 qui—

1531 5461 1702 5538 Varia:
1727 5463 1989 5517 lectiones
2023 5463 2232 5520 codicis
2255 5462 2618 5534 Seguieriani.

485 5601 512 5642 8
542 5599 689 5669 λέγει
722 5596 930 5669 αὐτοῖς’
963 5595 1118 5666 ὑμεῖς
1143 5593 1256 5669 δέξι
1394 5594 1525 5669 υἱός.

414 5682 439 5709 ιι
476 5669 600 5734 λαός
614 5663 720 5722 ’σου
748 5668 963 5739 εἰρηκει
1002 5663 1011 5666 ⁷
1042 5672 1066 5699 °
1098 5663 1307 5734 μεγάλη
1338 5663 1671 5729 διδασκαλία,
1711 5663 1901 5736 μέγας.

1637 5595 1650 5635 ί
1689 5596 2062 5666 ἀπωσάμενοι.

2179 5611 2196 5651 1
2233 5597 2395 5671 ἀνήρ.
2478 5597 2503 5636 ι
2542 5595 2683 5650 τότε.
2771 5590 2788 5630 ι
2823 5585 3238 5661 γεγαννωμένῳ.
3335 5589 3374 5618 ω
3406 5571 3659 5646 Κύριλλε.

1943 5777 2167 5835 NOTAE.

491 5873 566 5945 (ι)
604 5875 758 5945 Apud
792 5889 892 5928 nos
924 5878 1006 5926 est
1042 5869 1218 5942 prima
1253 5870 1511 5927 Ianuarii.
