  <div class='ocr_page' id='page_1' title='image "/cluster/home/n/w/nwhite01/storage/ocr_20150623/77:no.10/coo.31924054869783/727.png"; bbox 0 0 4076 6498; ppageno 0'>
   <div class='ocr_carea' id='block_1_1' title="bbox 397 494 539 553">
    <p class='ocr_par' dir='ltr' id='par_1_1' title="bbox 397 494 539 553">
     <span class='ocr_line' id='line_1_1' title="bbox 397 494 539 553; baseline 0.014 -2"><span class='ocrx_word' id='word_1_1' title='bbox 397 494 539 553; x_wconf 63' lang='lat'><strong>£639</strong></span> 
     </span>
    </p>
   </div>
   <div class='ocr_carea' id='block_1_2' title="bbox 1594 472 2481 559">
    <p class='ocr_par' dir='ltr' id='par_1_2' title="bbox 1594 472 2481 559">
     <span class='ocr_line' id='line_1_2' title="bbox 1594 472 2481 559; baseline 0.007 -6"><span class='ocrx_word' id='word_1_2' title='bbox 1594 490 1797 556; x_wconf 77' lang='lat' dir='ltr'>PAULI</span> <span class='ocrx_word' id='word_1_3' title='bbox 1836 472 2141 555; x_wconf 68' lang='lat' dir='ltr'><strong>messui</strong></span> <span class='ocrx_word' id='word_1_4' title='bbox 2174 501 2481 559; x_wconf 75' lang='lat' dir='ltr'><strong>EPISCOI‘I</strong></span> 
     </span>
    </p>
   </div>
   <div class='ocr_carea' id='block_1_3' title="bbox 3513 506 3658 562">
    <p class='ocr_par' dir='ltr' id='par_1_3' title="bbox 3513 506 3658 562">
     <span class='ocr_line' id='line_1_3' title="bbox 3513 506 3658 562; baseline 0.014 -2"><span class='ocrx_word' id='word_1_5' title='bbox 3513 506 3658 562; x_wconf 64' lang='grc'><strong>1440</strong></span> 
     </span>
    </p>
   </div>
   <div class='ocr_carea' id='block_1_4' title="bbox 394 610 1999 691">
    <p class='ocr_par' dir='ltr' id='par_1_4' title="bbox 394 610 1999 681">
     <span class='ocr_line' id='line_1_4' title="bbox 394 610 1999 681; baseline 0.006 -17"><span class='ocrx_word' id='word_1_6' title='bbox 394 610 522 664; x_wconf 87' lang='lat' dir='ltr'><strong>dem</strong></span> <span class='ocrx_word' id='word_1_7' title='bbox 568 617 823 664; x_wconf 90' lang='lat' dir='ltr'><strong>naturam</strong></span> <span class='ocrx_word' id='word_1_8' title='bbox 879 611 1029 666; x_wconf 89' lang='lat' dir='ltr'><strong>Patri</strong></span> <span class='ocrx_word' id='word_1_9' title='bbox 1064 614 1610 681; x_wconf 82' lang='lat' dir='ltr'><strong>consubstantialem,</strong></span> <span class='ocrx_word' id='word_1_10' title='bbox 1664 617 1999 673; x_wconf 21' lang='lat' dir='ltr'><strong>secundum.</strong></span> 
     </span>
    </p>
   </div>
   <div class='ocr_carea' id='block_1_5' title="bbox 2103 610 3659 691">
    <p class='ocr_par' dir='ltr' id='par_1_5' title="bbox 2103 619 3659 691">
     <span class='ocr_line' id='line_1_5' title="bbox 2103 619 3659 691; baseline 0.001 -19"><span class='ocrx_word' id='word_1_11' title='bbox 2103 638 2211 684; x_wconf 77' lang='grc' dir='ltr'>ἰον,</span> <span class='ocrx_word' id='word_1_12' title='bbox 2264 620 2406 674; x_wconf 88' lang='grc' dir='ltr'><strong>κατά</strong></span> <span class='ocrx_word' id='word_1_13' title='bbox 2436 619 2492 674; x_wconf 81' lang='grc' dir='ltr'><strong>δέ</strong></span> <span class='ocrx_word' id='word_1_14' title='bbox 2549 620 2646 691; x_wconf 81' lang='grc' dir='ltr'>τὴν</span> <span class='ocrx_word' id='word_1_15' title='bbox 2694 619 3095 690; x_wconf 70' lang='grc' dir='ltr'>ἁνθρωπότητα</span> <span class='ocrx_word' id='word_1_16' title='bbox 3145 622 3233 674; x_wconf 81' lang='grc' dir='ltr'><strong>τὸν</strong></span> <span class='ocrx_word' id='word_1_17' title='bbox 3284 620 3448 675; x_wconf 80' lang='grc' dir='ltr'>αὐτὸν</span> <span class='ocrx_word' id='word_1_18' title='bbox 3524 626 3659 691; x_wconf 76' lang='grc' dir='ltr'>ημῖν</span> 
     </span>
    </p>
   </div>
   <div class='ocr_carea' id='block_1_6' title="bbox 396 692 1967 766">
    <p class='ocr_par' dir='ltr' id='par_1_6' title="bbox 396 692 1967 766">
     <span class='ocr_line' id='line_1_6' title="bbox 396 692 1967 766; baseline 0.005 -10"><span class='ocrx_word' id='word_1_19' title='bbox 396 701 691 756; x_wconf 82' lang='lat' dir='ltr'><strong>humanam</strong></span> <span class='ocrx_word' id='word_1_20' title='bbox 734 717 866 757; x_wconf 81' lang='lat' dir='ltr'><strong>vero</strong></span> <span class='ocrx_word' id='word_1_21' title='bbox 893 692 1163 760; x_wconf 46' lang='lat' dir='ltr'><strong>&#39;cumdem</strong></span> <span class='ocrx_word' id='word_1_22' title='bbox 1207 707 1369 762; x_wconf 90' lang='lat' dir='ltr'><strong>nobis</strong></span> <span class='ocrx_word' id='word_1_23' title='bbox 1420 711 1967 766; x_wconf 70' lang='lat' dir='ltr'><strong>consubstantialem.</strong></span> 
     </span>
    </p>
   </div>
   <div class='ocr_carea' id='block_1_7' title="bbox 396 791 1971 871">
    <p class='ocr_par' dir='ltr' id='par_1_7' title="bbox 396 791 1971 871">
     <span class='ocr_line' id='line_1_7' title="bbox 396 791 1971 871; baseline 0.007 -24"><span class='ocrx_word' id='word_1_24' title='bbox 396 791 533 847; x_wconf 84' lang='lat' dir='ltr'><strong>Nam</strong></span> <span class='ocrx_word' id='word_1_25' title='bbox 564 793 845 861; x_wconf 89' lang='lat' dir='ltr'><strong>quomodo</strong></span> <span class='ocrx_word' id='word_1_26' title='bbox 864 795 1003 851; x_wconf 86' lang='lat' dir='ltr'><strong>alias</strong></span> <span class='ocrx_word' id='word_1_27' title='bbox 1034 796 1185 868; x_wconf 88' lang='lat' dir='ltr'><strong>virga</strong></span> <span class='ocrx_word' id='word_1_28' title='bbox 1217 797 1287 853; x_wconf 92' lang='lat' dir='ltr'><strong>de</strong></span> <span class='ocrx_word' id='word_1_29' title='bbox 1307 799 1492 853; x_wconf 90' lang='lat' dir='ltr'><strong>radice</strong></span> <span class='ocrx_word' id='word_1_30' title='bbox 1532 801 1685 856; x_wconf 71' lang='lat' dir='ltr'><strong>Iesse</strong></span> <span class='ocrx_word' id='word_1_31' title='bbox 1711 802 1822 857; x_wconf 90' lang='lat' dir='ltr'><strong>dici</strong></span> <span class='ocrx_word' id='word_1_32' title='bbox 1842 817 1971 871; x_wconf 90' lang='lat' dir='ltr'><strong>pos-</strong></span> 
     </span>
    </p>
   </div>
   <div class='ocr_carea' id='block_1_8' title="bbox 396 886 1975 963">
    <p class='ocr_par' dir='ltr' id='par_1_8' title="bbox 396 886 1975 963">
     <span class='ocr_line' id='line_1_8' title="bbox 396 886 1975 963; baseline 0.006 -25"><span class='ocrx_word' id='word_1_33' title='bbox 396 892 480 938; x_wconf 88' lang='lat' dir='ltr'><strong>set</strong></span> <span class='ocrx_word' id='word_1_34' title='bbox 509 886 567 937; x_wconf 68' lang='lat'><strong>9?</strong></span> <span class='ocrx_word' id='word_1_35' title='bbox 594 886 877 954; x_wconf 87' lang='lat' dir='ltr'><strong>quomodo</strong></span> <span class='ocrx_word' id='word_1_36' title='bbox 911 887 981 941; x_wconf 92' lang='lat' dir='ltr'><strong>de</strong></span> <span class='ocrx_word' id='word_1_37' title='bbox 1022 889 1234 943; x_wconf 84' lang='lat' dir='ltr'><strong>semine</strong></span> <span class='ocrx_word' id='word_1_38' title='bbox 1281 891 1556 959; x_wconf 78' lang='lat' dir='ltr'><strong>Abraham</strong></span> <span class='ocrx_word' id='word_1_39' title='bbox 1582 894 1667 947; x_wconf 76' lang='lat'><strong>’°?</strong></span> <span class='ocrx_word' id='word_1_40' title='bbox 1700 894 1975 963; x_wconf 87' lang='lat' dir='ltr'><strong>quomodo</strong></span> 
     </span>
    </p>
   </div>
   <div class='ocr_carea' id='block_1_9' title="bbox 400 976 1976 1052">
    <p class='ocr_par' dir='ltr' id='par_1_9' title="bbox 400 976 1976 1052">
     <span class='ocr_line' id='line_1_9' title="bbox 400 976 1976 1052; baseline 0.007 -24"><span class='ocrx_word' id='word_1_41' title='bbox 400 976 544 1030; x_wconf 86' lang='lat' dir='ltr'><strong>filius</strong></span> <span class='ocrx_word' id='word_1_42' title='bbox 567 977 735 1032; x_wconf 84' lang='lat' dir='ltr'><strong>David</strong></span> <span class='ocrx_word' id='word_1_43' title='bbox 769 978 848 1032; x_wconf 86' lang='lat'><strong>“?</strong></span> <span class='ocrx_word' id='word_1_44' title='bbox 895 980 1175 1048; x_wconf 88' lang='lat' dir='ltr'><strong>quomodo</strong></span> <span class='ocrx_word' id='word_1_45' title='bbox 1203 981 1602 1052; x_wconf 84' lang='lat' dir='ltr'><strong>intelligeretur</strong></span> <span class='ocrx_word' id='word_1_46' title='bbox 1639 984 1771 1039; x_wconf 91' lang='lat' dir='ltr'><strong>illud</strong></span> <span class='ocrx_word' id='word_1_47' title='bbox 1804 1001 1818 1038; x_wconf 91' lang='lat'><strong>:</strong></span> <span class='ocrx_word' id='word_1_48' title='bbox 1858 1004 1875 1035; x_wconf 76' lang='grc' dir='ltr'><strong><em>ο</em></strong></span> <span class='ocrx_word' id='word_1_49' title='bbox 1897 985 1976 1039; x_wconf 80' lang='lat' dir='ltr'><strong>Ex</strong></span> 
     </span>
    </p>
   </div>
   <div class='ocr_carea' id='block_1_10' title="bbox 399 1067 1977 1142">
    <p class='ocr_par' dir='ltr' id='par_1_10' title="bbox 399 1067 1977 1142">
     <span class='ocr_line' id='line_1_10' title="bbox 399 1067 1977 1142; baseline 0.004 -22"><span class='ocrx_word' id='word_1_50' title='bbox 399 1067 604 1135; x_wconf 85' lang='lat' dir='ltr'><strong>quibus</strong></span> <span class='ocrx_word' id='word_1_51' title='bbox 625 1067 881 1122; x_wconf 73' lang='lat' dir='ltr'><strong>Christus</strong></span> <span class='ocrx_word' id='word_1_52' title='bbox 910 1069 1214 1124; x_wconf 88' lang='lat' dir='ltr'><strong>secundum</strong></span> <span class='ocrx_word' id='word_1_53' title='bbox 1268 1082 1490 1125; x_wconf 75' lang='lat' dir='ltr'><strong>carnem</strong></span> <span class='ocrx_word' id='word_1_54' title='bbox 1556 1074 1650 1142; x_wconf 86' lang='lat' dir='ltr'><strong>qui</strong></span> <span class='ocrx_word' id='word_1_55' title='bbox 1685 1082 1771 1127; x_wconf 92' lang='lat' dir='ltr'><strong>est</strong></span> <span class='ocrx_word' id='word_1_56' title='bbox 1812 1087 1977 1142; x_wconf 87' lang='lat' dir='ltr'><strong>super</strong></span> 
     </span>
    </p>
   </div>
   <div class='ocr_carea' id='block_1_11' title="bbox 402 1159 1979 1236">
    <p class='ocr_par' dir='ltr' id='par_1_11' title="bbox 402 1159 1979 1236">
     <span class='ocr_line' id='line_1_11' title="bbox 402 1159 1979 1236; baseline 0.007 -26"><span class='ocrx_word' id='word_1_57' title='bbox 402 1159 586 1213; x_wconf 85' lang='lat' dir='ltr'><strong>omnia</strong></span> <span class='ocrx_word' id='word_1_58' title='bbox 621 1160 765 1214; x_wconf 85' lang='lat' dir='ltr'><strong>Deus</strong></span> <span class='ocrx_word' id='word_1_59' title='bbox 792 1160 913 1212; x_wconf 68' lang='lat' dir='ltr'><strong>“1h</strong></span> <span class='ocrx_word' id='word_1_60' title='bbox 943 1160 1013 1215; x_wconf 81' lang='lat' dir='ltr'><strong>Et</strong></span> <span class='ocrx_word' id='word_1_61' title='bbox 1047 1160 1185 1217; x_wconf 87' lang='lat' dir='ltr'><strong>illud</strong></span> <span class='ocrx_word' id='word_1_62' title='bbox 1250 1178 1436 1218; x_wconf 65' lang='lat' dir='ltr'><strong>ursum</strong></span> <span class='ocrx_word' id='word_1_63' title='bbox 1476 1162 1621 1219; x_wconf 78' lang='lat' dir='ltr'><strong>beati</strong></span> <span class='ocrx_word' id='word_1_64' title='bbox 1651 1166 1798 1220; x_wconf 87' lang='lat' dir='ltr'><strong>Pauli</strong></span> <span class='ocrx_word' id='word_1_65' title='bbox 1842 1181 1979 1236; x_wconf 78' lang='lat' dir='ltr'><strong>quo-</strong></span> 
     </span>
    </p>
   </div>
   <div class='ocr_carea' id='block_1_12' title="bbox 405 1251 1980 1327">
    <p class='ocr_par' dir='ltr' id='par_1_12' title="bbox 405 1251 1980 1327">
     <span class='ocr_line' id='line_1_12' title="bbox 405 1251 1980 1327; baseline 0.006 -22"><span class='ocrx_word' id='word_1_66' title='bbox 405 1251 572 1306; x_wconf 87' lang='lat' dir='ltr'><strong>modo</strong></span> <span class='ocrx_word' id='word_1_67' title='bbox 604 1252 1130 1323; x_wconf 67' lang='lat' dir='ltr'><strong>interpretabimur:</strong></span> <span class='ocrx_word' id='word_1_68' title='bbox 1169 1254 1286 1309; x_wconf 72' lang='lat' dir='ltr'><strong>«De</strong></span> <span class='ocrx_word' id='word_1_69' title='bbox 1334 1254 1471 1310; x_wconf 87' lang='lat' dir='ltr'><strong>Filio</strong></span> <span class='ocrx_word' id='word_1_70' title='bbox 1513 1271 1635 1323; x_wconf 91' lang='lat' dir='ltr'><strong>suo,</strong></span> <span class='ocrx_word' id='word_1_71' title='bbox 1666 1258 1761 1327; x_wconf 86' lang='lat' dir='ltr'><strong>qui</strong></span> <span class='ocrx_word' id='word_1_72' title='bbox 1800 1258 1980 1314; x_wconf 81' lang='lat' dir='ltr'><strong>factus</strong></span> 
     </span>
    </p>
   </div>
   <div class='ocr_carea' id='block_1_13' title="bbox 401 1343 1978 1417">
    <p class='ocr_par' dir='ltr' id='par_1_13' title="bbox 401 1343 1978 1417">
     <span class='ocr_line' id='line_1_13' title="bbox 401 1343 1978 1417; baseline 0.003 -18"><span class='ocrx_word' id='word_1_73' title='bbox 401 1350 492 1399; x_wconf 79' lang='lat' dir='ltr'><strong>est</strong></span> <span class='ocrx_word' id='word_1_74' title='bbox 520 1358 591 1397; x_wconf 74' lang='lat' dir='ltr'><strong>ex</strong></span> <span class='ocrx_word' id='word_1_75' title='bbox 616 1343 827 1398; x_wconf 80' lang='lat' dir='ltr'><strong>semine</strong></span> <span class='ocrx_word' id='word_1_76' title='bbox 850 1344 1020 1399; x_wconf 86' lang='lat' dir='ltr'><strong>David</strong></span> <span class='ocrx_word' id='word_1_77' title='bbox 1042 1345 1345 1400; x_wconf 80' lang='lat' dir='ltr'><strong>secundum</strong></span> <span class='ocrx_word' id='word_1_78' title='bbox 1369 1361 1611 1405; x_wconf 86' lang='lat' dir='ltr'><strong>carnem.</strong></span> <span class='ocrx_word' id='word_1_79' title='bbox 1634 1347 1730 1417; x_wconf 87' lang='lat' dir='ltr'><strong>qui</strong></span> <span class='ocrx_word' id='word_1_80' title='bbox 1765 1347 1978 1417; x_wconf 66' lang='lat' dir='ltr'><strong>praede-</strong></span> 
     </span>
    </p>
   </div>
   <div class='ocr_carea' id='block_1_14' title="bbox 407 1432 1979 1507">
    <p class='ocr_par' dir='ltr' id='par_1_14' title="bbox 407 1432 1979 1507">
     <span class='ocr_line' id='line_1_14' title="bbox 407 1432 1979 1507; baseline 0.003 -19"><span class='ocrx_word' id='word_1_81' title='bbox 407 1432 650 1489; x_wconf 80' lang='lat' dir='ltr'><strong>stinatus</strong></span> <span class='ocrx_word' id='word_1_82' title='bbox 680 1442 767 1489; x_wconf 89' lang='lat' dir='ltr'><strong>est</strong></span> <span class='ocrx_word' id='word_1_83' title='bbox 786 1432 958 1488; x_wconf 88' lang='lat' dir='ltr'><strong>Filius</strong></span> <span class='ocrx_word' id='word_1_84' title='bbox 982 1434 1080 1489; x_wconf 88' lang='lat' dir='ltr'><strong>Dei</strong></span> <span class='ocrx_word' id='word_1_85' title='bbox 1125 1434 1182 1489; x_wconf 88' lang='lat' dir='ltr'><strong>in</strong></span> <span class='ocrx_word' id='word_1_86' title='bbox 1214 1435 1420 1490; x_wconf 89' lang='lat' dir='ltr'><strong>virtute</strong></span> <span class='ocrx_word' id='word_1_87' title='bbox 1453 1436 1756 1491; x_wconf 89' lang='lat' dir='ltr'><strong>secundum</strong></span> <span class='ocrx_word' id='word_1_88' title='bbox 1800 1436 1979 1507; x_wconf 90' lang='lat' dir='ltr'><strong>Spiri-</strong></span> 
     </span>
    </p>
   </div>
   <div class='ocr_carea' id='block_1_15' title="bbox 409 1526 1981 1584">
    <p class='ocr_par' dir='ltr' id='par_1_15' title="bbox 409 1526 1981 1584">
     <span class='ocr_line' id='line_1_15' title="bbox 409 1526 1981 1584; baseline 0.001 -3"><span class='ocrx_word' id='word_1_89' title='bbox 409 1534 529 1581; x_wconf 85' lang='lat' dir='ltr'><strong>tum</strong></span> <span class='ocrx_word' id='word_1_90' title='bbox 581 1526 1034 1582; x_wconf 80' lang='lat' dir='ltr'><strong>sanctiﬁcationis</strong></span> <span class='ocrx_word' id='word_1_91' title='bbox 1095 1543 1164 1581; x_wconf 82' lang='lat' dir='ltr'><strong>ex</strong></span> <span class='ocrx_word' id='word_1_92' title='bbox 1203 1529 1609 1583; x_wconf 89' lang='lat' dir='ltr'><strong>resurrectione</strong></span> <span class='ocrx_word' id='word_1_93' title='bbox 1636 1537 1981 1584; x_wconf 90' lang='lat' dir='ltr'><strong>mortuorum</strong></span> 
     </span>
    </p>
   </div>
   <div class='ocr_carea' id='block_1_16' title="bbox 402 1617 1982 1690">
    <p class='ocr_par' dir='ltr' id='par_1_16' title="bbox 402 1617 1982 1690">
     <span class='ocr_line' id='line_1_16' title="bbox 402 1617 1982 1690; baseline 0.001 -16"><span class='ocrx_word' id='word_1_94' title='bbox 402 1617 542 1674; x_wconf 75' lang='lat' dir='ltr'><strong>Jesu</strong></span> <span class='ocrx_word' id='word_1_95' title='bbox 575 1617 785 1674; x_wconf 69' lang='lat' dir='ltr'><strong>Christi</strong></span> <span class='ocrx_word' id='word_1_96' title='bbox 833 1618 1051 1673; x_wconf 89' lang='lat' dir='ltr'><strong>Domini</strong></span> <span class='ocrx_word' id='word_1_97' title='bbox 1081 1618 1258 1673; x_wconf 88' lang='lat' dir='ltr'><strong>nostri</strong></span> <span class='ocrx_word' id='word_1_98' title='bbox 1287 1620 1405 1672; x_wconf 68' lang='grc'><strong>³³2»</strong></span> <span class='ocrx_word' id='word_1_99' title='bbox 1438 1620 1661 1690; x_wconf 82' lang='lat' dir='ltr'><strong>Peperit</strong></span> <span class='ocrx_word' id='word_1_100' title='bbox 1682 1620 1867 1690; x_wconf 86' lang='lat' dir='ltr'><strong>itaque</strong></span> <span class='ocrx_word' id='word_1_101' title='bbox 1893 1637 1982 1676; x_wconf 84' lang='lat' dir='ltr'><strong>sa-</strong></span> 
     </span>
    </p>
   </div>
   <div class='ocr_carea' id='block_1_17' title="bbox 410 1708 1986 1781">
    <p class='ocr_par' dir='ltr' id='par_1_17' title="bbox 410 1708 1986 1781">
     <span class='ocr_line' id='line_1_17' title="bbox 410 1708 1986 1781; baseline -0.001 -16"><span class='ocrx_word' id='word_1_102' title='bbox 410 1725 509 1765; x_wconf 84' lang='lat' dir='ltr'><strong>cra</strong></span> <span class='ocrx_word' id='word_1_103' title='bbox 529 1708 937 1781; x_wconf 66' lang='lat' dir='ltr'><strong>VirgoEsancta</strong></span> <span class='ocrx_word' id='word_1_104' title='bbox 963 1708 1158 1781; x_wconf 79' lang='lat' dir='ltr'><strong>Maria]</strong></span> <span class='ocrx_word' id='word_1_105' title='bbox 1201 1711 1640 1775; x_wconf 85' lang='lat' dir='ltr'><strong>Emmanuelcm,</strong></span> <span class='ocrx_word' id='word_1_106' title='bbox 1674 1711 1823 1766; x_wconf 80' lang='lat' dir='ltr'><strong>Patri</strong></span> <span class='ocrx_word' id='word_1_107' title='bbox 1864 1711 1986 1781; x_wconf 87' lang='lat' dir='ltr'><strong>qui-</strong></span> 
     </span>
    </p>
   </div>
   <div class='ocr_carea' id='block_1_18' title="bbox 416 1798 1988 1865">
    <p class='ocr_par' dir='ltr' id='par_1_18' title="bbox 416 1798 1988 1865">
     <span class='ocr_line' id='line_1_18' title="bbox 416 1798 1988 1865; baseline 0 -11"><span class='ocrx_word' id='word_1_108' title='bbox 416 1800 568 1865; x_wconf 88' lang='lat' dir='ltr'><strong>dem,</strong></span> <span class='ocrx_word' id='word_1_109' title='bbox 594 1810 656 1855; x_wconf 85' lang='lat' dir='ltr'><strong>ut</strong></span> <span class='ocrx_word' id='word_1_110' title='bbox 678 1798 842 1855; x_wconf 87' lang='lat' dir='ltr'><strong>modo</strong></span> <span class='ocrx_word' id='word_1_111' title='bbox 856 1798 1120 1864; x_wconf 84' lang='lat' dir='ltr'><strong>diximus,</strong></span> <span class='ocrx_word' id='word_1_112' title='bbox 1147 1799 1451 1855; x_wconf 89' lang='lat' dir='ltr'><strong>secundum</strong></span> <span class='ocrx_word' id='word_1_113' title='bbox 1486 1799 1857 1864; x_wconf 82' lang='lat' dir='ltr'><strong>divinitatem,</strong></span> <span class='ocrx_word' id='word_1_114' title='bbox 1889 1816 1988 1855; x_wconf 92' lang='lat' dir='ltr'><strong>no-</strong></span> 
     </span>
    </p>
   </div>
   <div class='ocr_carea' id='block_1_19' title="bbox 414 1890 1986 1947">
    <p class='ocr_par' dir='ltr' id='par_1_19' title="bbox 414 1890 1986 1947">
     <span class='ocr_line' id='line_1_19' title="bbox 414 1890 1986 1947; baseline 0 -1"><span class='ocrx_word' id='word_1_115' title='bbox 414 1891 507 1946; x_wconf 82' lang='lat' dir='ltr'><strong>bis</strong></span> <span class='ocrx_word' id='word_1_116' title='bbox 552 1906 686 1946; x_wconf 87' lang='lat' dir='ltr'><strong>vero</strong></span> <span class='ocrx_word' id='word_1_117' title='bbox 738 1891 1045 1946; x_wconf 90' lang='lat' dir='ltr'><strong>secundum</strong></span> <span class='ocrx_word' id='word_1_118' title='bbox 1094 1890 1496 1946; x_wconf 85' lang='lat' dir='ltr'><strong>humanitatem</strong></span> <span class='ocrx_word' id='word_1_119' title='bbox 1541 1890 1986 1947; x_wconf 87' lang='lat' dir='ltr'><strong>consubstantia-</strong></span> 
     </span>
    </p>
   </div>
   <div class='ocr_carea' id='block_1_20' title="bbox 415 1980 1987 2055">
    <p class='ocr_par' dir='ltr' id='par_1_20' title="bbox 415 1980 1987 2055">
     <span class='ocr_line' id='line_1_20' title="bbox 415 1980 1987 2055; baseline 0.003 -21"><span class='ocrx_word' id='word_1_120' title='bbox 415 1981 553 2035; x_wconf 87' lang='lat' dir='ltr'><strong>lem:</strong></span> <span class='ocrx_word' id='word_1_121' title='bbox 577 1980 835 2036; x_wconf 88' lang='lat' dir='ltr'><strong>eumdem</strong></span> <span class='ocrx_word' id='word_1_122' title='bbox 855 1981 1161 2035; x_wconf 88' lang='lat' dir='ltr'><strong>secundum</strong></span> <span class='ocrx_word' id='word_1_123' title='bbox 1192 1981 1436 2036; x_wconf 84' lang='lat' dir='ltr'><strong>divinam</strong></span> <span class='ocrx_word' id='word_1_124' title='bbox 1474 1992 1729 2038; x_wconf 90' lang='lat' dir='ltr'><strong>naturam</strong></span> <span class='ocrx_word' id='word_1_125' title='bbox 1767 1984 1987 2055; x_wconf 79' lang='lat' dir='ltr'><strong>impati-</strong></span> 
     </span>
    </p>
   </div>
   <div class='ocr_carea' id='block_1_21' title="bbox 417 2070 1993 2142">
    <p class='ocr_par' dir='ltr' id='par_1_21' title="bbox 417 2070 1993 2142">
     <span class='ocr_line' id='line_1_21' title="bbox 417 2070 1993 2142; baseline 0.003 -18"><span class='ocrx_word' id='word_1_126' title='bbox 417 2071 606 2135; x_wconf 88' lang='lat' dir='ltr'><strong>bilem,</strong></span> <span class='ocrx_word' id='word_1_127' title='bbox 658 2070 966 2125; x_wconf 88' lang='lat' dir='ltr'><strong>secundum</strong></span> <span class='ocrx_word' id='word_1_128' title='bbox 1012 2071 1309 2125; x_wconf 85' lang='lat' dir='ltr'><strong>humanam</strong></span> <span class='ocrx_word' id='word_1_129' title='bbox 1349 2071 1655 2142; x_wconf 89' lang='lat' dir='ltr'><strong>patibilem.</strong></span> <span class='ocrx_word' id='word_1_130' title='bbox 1706 2073 1843 2128; x_wconf 87' lang='lat' dir='ltr'><strong>Nam</strong></span> <span class='ocrx_word' id='word_1_131' title='bbox 1887 2074 1993 2129; x_wconf 88' lang='lat' dir='ltr'><strong>etsi</strong></span> 
     </span>
    </p>
   </div>
   <div class='ocr_carea' id='block_1_22' title="bbox 418 2162 1991 2236">
    <p class='ocr_par' dir='ltr' id='par_1_22' title="bbox 418 2162 1991 2236">
     <span class='ocr_line' id='line_1_22' title="bbox 418 2162 1991 2236; baseline 0.001 -18"><span class='ocrx_word' id='word_1_132' title='bbox 418 2164 563 2218; x_wconf 91' lang='lat' dir='ltr'><strong>Deus</strong></span> <span class='ocrx_word' id='word_1_133' title='bbox 581 2162 831 2218; x_wconf 84' lang='lat' dir='ltr'><strong>Verbum</strong></span> <span class='ocrx_word' id='word_1_134' title='bbox 852 2162 1063 2233; x_wconf 84' lang='lat' dir='ltr'><strong>proprii</strong></span> <span class='ocrx_word' id='word_1_135' title='bbox 1088 2163 1339 2234; x_wconf 84' lang='lat' dir='ltr'><strong>corporis</strong></span> <span class='ocrx_word' id='word_1_136' title='bbox 1354 2164 1641 2234; x_wconf 87' lang='lat' dir='ltr'><strong>passiones</strong></span> <span class='ocrx_word' id='word_1_137' title='bbox 1661 2165 1767 2220; x_wconf 87' lang='lat' dir='ltr'><strong>sibi</strong></span> <span class='ocrx_word' id='word_1_138' title='bbox 1788 2180 1991 2236; x_wconf 86' lang='lat' dir='ltr'><strong>appro-</strong></span> 
     </span>
    </p>
   </div>
   <div class='ocr_carea' id='block_1_23' title="bbox 417 2251 1979 2325">
    <p class='ocr_par' dir='ltr' id='par_1_23' title="bbox 417 2251 1979 2325">
     <span class='ocr_line' id='line_1_23' title="bbox 417 2251 1979 2325; baseline 0.003 -21"><span class='ocrx_word' id='word_1_139' title='bbox 417 2252 584 2321; x_wconf 88' lang='lat' dir='ltr'><strong>priet,</strong></span> <span class='ocrx_word' id='word_1_140' title='bbox 614 2267 819 2321; x_wconf 85' lang='lat' dir='ltr'><strong>easque</strong></span> <span class='ocrx_word' id='word_1_141' title='bbox 835 2251 903 2307; x_wconf 90' lang='lat' dir='ltr'><strong>ad</strong></span> <span class='ocrx_word' id='word_1_142' title='bbox 925 2252 1179 2322; x_wconf 87' lang='lat' dir='ltr'><strong>seipsum</strong></span> <span class='ocrx_word' id='word_1_143' title='bbox 1202 2252 1425 2319; x_wconf 81' lang='lat' dir='ltr'><strong>referat,</strong></span> <span class='ocrx_word' id='word_1_144' title='bbox 1462 2254 1580 2325; x_wconf 88' lang='lat' dir='ltr'><strong>ipse</strong></span> <span class='ocrx_word' id='word_1_145' title='bbox 1617 2263 1799 2310; x_wconf 88' lang='lat' dir='ltr'><strong>tamen</strong></span> <span class='ocrx_word' id='word_1_146' title='bbox 1845 2270 1979 2309; x_wconf 90' lang='lat' dir='ltr'><strong>sem-</strong></span> 
     </span>
    </p>
   </div>
   <div class='ocr_carea' id='block_1_24' title="bbox 419 2341 1999 2416">
    <p class='ocr_par' dir='ltr' id='par_1_24' title="bbox 419 2341 1999 2416">
     <span class='ocr_line' id='line_1_24' title="bbox 419 2341 1999 2416; baseline 0.004 -22"><span class='ocrx_word' id='word_1_147' title='bbox 419 2341 677 2411; x_wconf 81' lang='lat' dir='ltr'><strong>pcrintra</strong></span> <span class='ocrx_word' id='word_1_148' title='bbox 699 2342 1162 2412; x_wconf 86' lang='lat' dir='ltr'><strong>impassihilitatis</strong></span> <span class='ocrx_word' id='word_1_149' title='bbox 1178 2359 1301 2399; x_wconf 70' lang='lat' dir='ltr'><strong>suae</strong></span> <span class='ocrx_word' id='word_1_150' title='bbox 1311 2346 1576 2400; x_wconf 87' lang='lat' dir='ltr'><strong>terminos</strong></span> <span class='ocrx_word' id='word_1_151' title='bbox 1587 2345 1999 2416; x_wconf 84' lang='lat' dir='ltr'><strong>pcrseverat.E&#39;t</strong></span> 
     </span>
    </p>
   </div>
   <div class='ocr_carea' id='block_1_25' title="bbox 420 2432 1998 2503">
    <p class='ocr_par' dir='ltr' id='par_1_25' title="bbox 420 2432 1998 2503">
     <span class='ocr_line' id='line_1_25' title="bbox 420 2432 1998 2503; baseline 0.004 -18"><span class='ocrx_word' id='word_1_152' title='bbox 420 2432 678 2500; x_wconf 88' lang='lat' dir='ltr'><strong>quamvis</strong></span> <span class='ocrx_word' id='word_1_153' title='bbox 708 2432 887 2503; x_wconf 90' lang='lat' dir='ltr'><strong>ipsum</strong></span> <span class='ocrx_word' id='word_1_154' title='bbox 904 2432 1091 2489; x_wconf 88' lang='lat' dir='ltr'><strong>dicere</strong></span> <span class='ocrx_word' id='word_1_155' title='bbox 1113 2434 1336 2489; x_wconf 88' lang='lat' dir='ltr'><strong>audias:</strong></span> <span class='ocrx_word' id='word_1_156' title='bbox 1371 2453 1389 2486; x_wconf 83' lang='grc' dir='ltr'><strong>ι</strong></span> <span class='ocrx_word' id='word_1_157' title='bbox 1412 2435 1645 2490; x_wconf 85' lang='lat' dir='ltr'><strong>Dorsum</strong></span> <span class='ocrx_word' id='word_1_158' title='bbox 1669 2450 1852 2489; x_wconf 88' lang='lat' dir='ltr'><strong>meum</strong></span> <span class='ocrx_word' id='word_1_159' title='bbox 1869 2435 1998 2491; x_wconf 87' lang='lat' dir='ltr'><strong>dedi</strong></span> 
     </span>
    </p>
   </div>
   <div class='ocr_carea' id='block_1_26' title="bbox 424 2523 2000 2597">
    <p class='ocr_par' dir='ltr' id='par_1_26' title="bbox 424 2523 2000 2597">
     <span class='ocr_line' id='line_1_26' title="bbox 424 2523 2000 2597; baseline 0.004 -20"><span class='ocrx_word' id='word_1_160' title='bbox 424 2523 491 2577; x_wconf 88' lang='lat' dir='ltr'><strong>ad</strong></span> <span class='ocrx_word' id='word_1_161' title='bbox 519 2523 752 2595; x_wconf 84' lang='lat' dir='ltr'><strong>ﬂagella,</strong></span> <span class='ocrx_word' id='word_1_162' title='bbox 783 2540 953 2596; x_wconf 81' lang='lat' dir='ltr'><strong>genas</strong></span> <span class='ocrx_word' id='word_1_163' title='bbox 996 2541 1147 2581; x_wconf 88' lang='lat' dir='ltr'><strong>meas</strong></span> <span class='ocrx_word' id='word_1_164' title='bbox 1182 2525 1251 2581; x_wconf 92' lang='lat' dir='ltr'><strong>ad</strong></span> <span class='ocrx_word' id='word_1_165' title='bbox 1294 2526 1511 2597; x_wconf 88' lang='lat' dir='ltr'><strong>alapas;</strong></span> <span class='ocrx_word' id='word_1_166' title='bbox 1571 2526 1764 2582; x_wconf 78' lang='lat' dir='ltr'><strong>faciem</strong></span> <span class='ocrx_word' id='word_1_167' title='bbox 1815 2537 2000 2584; x_wconf 90' lang='lat' dir='ltr'><strong>autem</strong></span> 
     </span>
    </p>
   </div>
   <div class='ocr_carea' id='block_1_27' title="bbox 426 2618 2000 2689">
    <p class='ocr_par' dir='ltr' id='par_1_27' title="bbox 426 2618 2000 2689">
     <span class='ocr_line' id='line_1_27' title="bbox 426 2618 2000 2689; baseline 0.004 -20"><span class='ocrx_word' id='word_1_168' title='bbox 426 2631 603 2671; x_wconf 91' lang='lat' dir='ltr'><strong>meam</strong></span> <span class='ocrx_word' id='word_1_169' title='bbox 641 2632 753 2671; x_wconf 92' lang='lat' dir='ltr'><strong>non</strong></span> <span class='ocrx_word' id='word_1_170' title='bbox 784 2618 958 2673; x_wconf 84' lang='lat' dir='ltr'><strong>averti</strong></span> <span class='ocrx_word' id='word_1_171' title='bbox 985 2633 1016 2673; x_wconf 88' lang='lat' dir='ltr'><strong>a</strong></span> <span class='ocrx_word' id='word_1_172' title='bbox 1043 2618 1372 2676; x_wconf 81' lang='lat' dir='ltr'><strong>confusione</strong></span> <span class='ocrx_word' id='word_1_173' title='bbox 1412 2619 1789 2689; x_wconf 78' lang='lat' dir='ltr'><strong>sputorum&quot;;</strong></span> <span class='ocrx_word' id='word_1_174' title='bbox 1818 2640 1836 2672; x_wconf 73' lang='grc' dir='ltr'><strong>ι</strong></span> <span class='ocrx_word' id='word_1_175' title='bbox 1862 2619 2000 2675; x_wconf 90' lang='lat' dir='ltr'><strong>nihil</strong></span> 
     </span>
    </p>
   </div>
   <div class='ocr_carea' id='block_1_28' title="bbox 424 2708 2003 2781">
    <p class='ocr_par' dir='ltr' id='par_1_28' title="bbox 424 2708 2003 2781">
     <span class='ocr_line' id='line_1_28' title="bbox 424 2708 2003 2781; baseline 0.004 -20"><span class='ocrx_word' id='word_1_176' title='bbox 424 2708 679 2762; x_wconf 78' lang='lat' dir='ltr'><strong>tamenin</strong></span> <span class='ocrx_word' id='word_1_177' title='bbox 698 2709 921 2780; x_wconf 85' lang='lat' dir='ltr'><strong>prepria</strong></span> <span class='ocrx_word' id='word_1_178' title='bbox 948 2719 1147 2764; x_wconf 85' lang='lat' dir='ltr'><strong>natura</strong></span> <span class='ocrx_word' id='word_1_179' title='bbox 1187 2725 1510 2781; x_wconf 87' lang='lat' dir='ltr'><strong>perpessum</strong></span> <span class='ocrx_word' id='word_1_180' title='bbox 1550 2711 1859 2778; x_wconf 84' lang='lat' dir='ltr'><strong>arbitreris,</strong></span> <span class='ocrx_word' id='word_1_181' title='bbox 1907 2711 2003 2767; x_wconf 88' lang='lat' dir='ltr'><strong>sed</strong></span> 
     </span>
    </p>
   </div>
   <div class='ocr_carea' id='block_1_29' title="bbox 428 2799 2005 2875">
    <p class='ocr_par' dir='ltr' id='par_1_29' title="bbox 428 2799 2005 2875">
     <span class='ocr_line' id='line_1_29' title="bbox 428 2799 2005 2875; baseline 0.003 -23"><span class='ocrx_word' id='word_1_182' title='bbox 428 2799 613 2869; x_wconf 79' lang='lat' dir='ltr'><strong>potius</strong></span> <span class='ocrx_word' id='word_1_183' title='bbox 641 2800 725 2854; x_wconf 90' lang='lat' dir='ltr'><strong>sui</strong></span> <span class='ocrx_word' id='word_1_184' title='bbox 748 2801 998 2871; x_wconf 91' lang='lat' dir='ltr'><strong>corporis</strong></span> <span class='ocrx_word' id='word_1_185' title='bbox 1022 2801 1236 2873; x_wconf 83' lang='lat' dir='ltr'><strong>flagella</strong></span> <span class='ocrx_word' id='word_1_186' title='bbox 1261 2802 1367 2857; x_wconf 85' lang='lat' dir='ltr'><strong>sibi</strong></span> <span class='ocrx_word' id='word_1_187' title='bbox 1414 2804 1803 2873; x_wconf 86' lang='lat' dir='ltr'><strong>appropriasse</strong></span> <span class='ocrx_word' id='word_1_188' title='bbox 1851 2804 2005 2875; x_wconf 82' lang='lat' dir='ltr'><strong>cogi-</strong></span> 
     </span>
    </p>
   </div>
   <div class='ocr_carea' id='block_1_30' title="bbox 430 2890 2008 2964">
    <p class='ocr_par' dir='ltr' id='par_1_30' title="bbox 430 2890 2008 2964">
     <span class='ocr_line' id='line_1_30' title="bbox 430 2890 2008 2964; baseline 0.003 -20"><span class='ocrx_word' id='word_1_189' title='bbox 430 2898 532 2944; x_wconf 90' lang='lat' dir='ltr'><strong>tes.</strong></span> <span class='ocrx_word' id='word_1_190' title='bbox 566 2890 704 2945; x_wconf 85' lang='lat' dir='ltr'><strong>Nam</strong></span> <span class='ocrx_word' id='word_1_191' title='bbox 732 2891 880 2947; x_wconf 91' lang='lat' dir='ltr'><strong>Deus</strong></span> <span class='ocrx_word' id='word_1_192' title='bbox 901 2892 1146 2948; x_wconf 80' lang='lat' dir='ltr'><strong>Verbum</strong></span> <span class='ocrx_word' id='word_1_193' title='bbox 1172 2894 1478 2963; x_wconf 77' lang='lat' dir='ltr'><strong>permansit</strong></span> <span class='ocrx_word' id='word_1_194' title='bbox 1521 2893 1851 2964; x_wconf 86' lang='lat' dir='ltr'><strong>impatibile.</strong></span> <span class='ocrx_word' id='word_1_195' title='bbox 1897 2894 2008 2949; x_wconf 86' lang='lat' dir='ltr'><strong>Sed</strong></span> 
     </span>
    </p>
   </div>
   <div class='ocr_carea' id='block_1_31' title="bbox 428 2981 2008 3057">
    <p class='ocr_par' dir='ltr' id='par_1_31' title="bbox 428 2981 2008 3057">
     <span class='ocr_line' id='line_1_31' title="bbox 428 2981 2008 3057; baseline 0.007 -26"><span class='ocrx_word' id='word_1_196' title='bbox 428 2981 695 3052; x_wconf 84' lang='lat' dir='ltr'><strong>objicient</strong></span> <span class='ocrx_word' id='word_1_197' title='bbox 734 2982 827 3039; x_wconf 91' lang='lat' dir='ltr'><strong>hic</strong></span> <span class='ocrx_word' id='word_1_198' title='bbox 868 2982 1012 3040; x_wconf 88' lang='lat' dir='ltr'><strong>forte</strong></span> <span class='ocrx_word' id='word_1_199' title='bbox 1059 2984 1244 3050; x_wconf 88' lang='lat' dir='ltr'><strong>nobis,</strong></span> <span class='ocrx_word' id='word_1_200' title='bbox 1290 2986 1386 3055; x_wconf 87' lang='lat' dir='ltr'><strong>qui</strong></span> <span class='ocrx_word' id='word_1_201' title='bbox 1431 2985 1637 3040; x_wconf 88' lang='lat' dir='ltr'><strong>divinis</strong></span> <span class='ocrx_word' id='word_1_202' title='bbox 1682 2985 2008 3057; x_wconf 86' lang='lat' dir='ltr'><strong>Scripturis,</strong></span> 
     </span>
    </p>
   </div>
   <div class='ocr_carea' id='block_1_32' title="bbox 432 3074 2011 3144">
    <p class='ocr_par' dir='ltr' id='par_1_32' title="bbox 432 3074 2011 3144">
     <span class='ocr_line' id='line_1_32' title="bbox 432 3074 2011 3144; baseline 0.004 -18"><span class='ocrx_word' id='word_1_203' title='bbox 432 3082 708 3144; x_wconf 66' lang='lat' dir='ltr'><strong>rectaeque</strong></span> <span class='ocrx_word' id='word_1_204' title='bbox 736 3074 1004 3131; x_wconf 73' lang='lat' dir='ltr'><strong>doctrinae</strong></span> <span class='ocrx_word' id='word_1_205' title='bbox 1050 3076 1228 3131; x_wconf 92' lang='lat' dir='ltr'><strong>obniti</strong></span> <span class='ocrx_word' id='word_1_206' title='bbox 1278 3085 1718 3133; x_wconf 89' lang='lat' dir='ltr'><strong>consueverunt:</strong></span> <span class='ocrx_word' id='word_1_207' title='bbox 1763 3079 1820 3133; x_wconf 89' lang='lat' dir='ltr'><strong>Si</strong></span> <span class='ocrx_word' id='word_1_208' title='bbox 1864 3079 2011 3134; x_wconf 89' lang='lat' dir='ltr'><strong>Deus</strong></span> 
     </span>
    </p>
   </div>
   <div class='ocr_carea' id='block_1_33' title="bbox 433 3164 2012 3239">
    <p class='ocr_par' dir='ltr' id='par_1_33' title="bbox 433 3164 2012 3239">
     <span class='ocr_line' id='line_1_33' title="bbox 433 3164 2012 3239; baseline 0.003 -20"><span class='ocrx_word' id='word_1_209' title='bbox 433 3164 678 3221; x_wconf 78' lang='lat' dir='ltr'><strong>Verbum</strong></span> <span class='ocrx_word' id='word_1_210' title='bbox 713 3166 1019 3237; x_wconf 89' lang='lat' dir='ltr'><strong>impatibile</strong></span> <span class='ocrx_word' id='word_1_211' title='bbox 1050 3175 1157 3234; x_wconf 89' lang='lat' dir='ltr'><strong>est,</strong></span> <span class='ocrx_word' id='word_1_212' title='bbox 1189 3169 1467 3239; x_wconf 88' lang='lat' dir='ltr'><strong>quomodo</strong></span> <span class='ocrx_word' id='word_1_213' title='bbox 1496 3169 1704 3226; x_wconf 88' lang='lat' dir='ltr'><strong>factum</strong></span> <span class='ocrx_word' id='word_1_214' title='bbox 1741 3185 1874 3226; x_wconf 87' lang='lat' dir='ltr'><strong>caro</strong></span> <span class='ocrx_word' id='word_1_215' title='bbox 1893 3170 2012 3227; x_wconf 85' lang='lat' dir='ltr'><strong>est?</strong></span> 
     </span>
    </p>
   </div>
   <div class='ocr_carea' id='block_1_34' title="bbox 2075 709 3662 783">
    <p class='ocr_par' dir='ltr' id='par_1_34' title="bbox 2075 709 3662 783">
     <span class='ocr_line' id='line_1_34' title="bbox 2075 709 3662 783; baseline 0 -19"><span class='ocrx_word' id='word_1_216' title='bbox 2075 712 2382 781; x_wconf 80' lang='grc' dir='ltr'>δμοούσιον,</span> <span class='ocrx_word' id='word_1_217' title='bbox 2428 711 2585 765; x_wconf 81' lang='grc' dir='ltr'>Ἐπεὶ</span> <span class='ocrx_word' id='word_1_218' title='bbox 2622 712 2736 773; x_wconf 84' lang='grc' dir='ltr'>πῶς</span> <span class='ocrx_word' id='word_1_219' title='bbox 2761 710 2825 763; x_wconf 83' lang='grc' dir='ltr'>ἂν</span> <span class='ocrx_word' id='word_1_220' title='bbox 2852 709 3067 780; x_wconf 76' lang='grc' dir='ltr'><strong>λεχθείη</strong></span> <span class='ocrx_word' id='word_1_221' title='bbox 3084 710 3276 780; x_wconf 76' lang='grc' dir='ltr'>ῥάϐδος</span> <span class='ocrx_word' id='word_1_222' title='bbox 3306 713 3371 763; x_wconf 86' lang='grc' dir='ltr'><strong>ἐκ</strong></span> <span class='ocrx_word' id='word_1_223' title='bbox 3385 710 3484 780; x_wconf 88' lang='grc' dir='ltr'><strong>τῆς</strong></span> <span class='ocrx_word' id='word_1_224' title='bbox 3500 712 3662 783; x_wconf 79' lang='grc' dir='ltr'>ῥίζης</span> 
     </span>
    </p>
   </div>
   <div class='ocr_carea' id='block_1_35' title="bbox 2087 797 3662 869">
    <p class='ocr_par' dir='ltr' id='par_1_35' title="bbox 2087 797 3662 869">
     <span class='ocr_line' id='line_1_35' title="bbox 2087 797 3662 869; baseline -0.003 -15"><span class='ocrx_word' id='word_1_225' title='bbox 2087 801 2316 868; x_wconf 81' lang='grc' dir='ltr'>Ἰεσσαί;</span> <span class='ocrx_word' id='word_1_226' title='bbox 2355 800 2470 861; x_wconf 86' lang='grc' dir='ltr'>πῶς</span> <span class='ocrx_word' id='word_1_227' title='bbox 2513 800 2570 853; x_wconf 78' lang='grc' dir='ltr'>δὲ</span> <span class='ocrx_word' id='word_1_228' title='bbox 2602 799 2916 869; x_wconf 82' lang='grc' dir='ltr'>σπέρματος</span> <span class='ocrx_word' id='word_1_229' title='bbox 2956 798 3234 868; x_wconf 81' lang='grc' dir='ltr'>’Λϐραάμ;</span> <span class='ocrx_word' id='word_1_230' title='bbox 3287 797 3401 863; x_wconf 78' lang='grc' dir='ltr'><strong>πῶς</strong></span> <span class='ocrx_word' id='word_1_231' title='bbox 3441 798 3499 851; x_wconf 87' lang='grc' dir='ltr'><strong>δέ</strong></span> <span class='ocrx_word' id='word_1_232' title='bbox 3542 800 3662 861; x_wconf 82' lang='grc' dir='ltr'>υἱὸς</span> 
     </span>
    </p>
   </div>
   <div class='ocr_carea' id='block_1_36' title="bbox 2076 888 3665 960">
    <p class='ocr_par' dir='ltr' id='par_1_36' title="bbox 2076 888 3665 960">
     <span class='ocr_line' id='line_1_36' title="bbox 2076 888 3665 960; baseline -0.002 -16"><span class='ocrx_word' id='word_1_233' title='bbox 2076 892 2271 957; x_wconf 71' lang='grc' dir='ltr'>Δαυῒδ;</span> <span class='ocrx_word' id='word_1_234' title='bbox 2319 891 2441 953; x_wconf 83' lang='grc' dir='ltr'><strong>Πῶς</strong></span> <span class='ocrx_word' id='word_1_235' title='bbox 2492 890 2537 943; x_wconf 82' lang='grc' dir='ltr'>δ’</span> <span class='ocrx_word' id='word_1_236' title='bbox 2588 891 2654 943; x_wconf 84' lang='grc' dir='ltr'>ἂν</span> <span class='ocrx_word' id='word_1_237' title='bbox 2683 889 2906 960; x_wconf 75' lang='grc' dir='ltr'>νοηθείη</span> <span class='ocrx_word' id='word_1_238' title='bbox 2950 889 3044 941; x_wconf 84' lang='grc' dir='ltr'>τό·</span> <span class='ocrx_word' id='word_1_239' title='bbox 3089 908 3107 941; x_wconf 78' lang='grc' dir='ltr'><strong>ι</strong></span> <span class='ocrx_word' id='word_1_240' title='bbox 3135 889 3222 955; x_wconf 80' lang='grc' dir='ltr'><strong>Ἐξ</strong></span> <span class='ocrx_word' id='word_1_241' title='bbox 3268 888 3449 941; x_wconf 71' lang='grc' dir='ltr'>αὐτῶν</span> <span class='ocrx_word' id='word_1_242' title='bbox 3514 892 3665 941; x_wconf 72' lang='grc' dir='ltr'>κατὰ</span> 
     </span>
    </p>
   </div>
   <div class='ocr_carea' id='block_1_37' title="bbox 2079 980 3663 1054">
    <p class='ocr_par' dir='ltr' id='par_1_37' title="bbox 2079 980 3663 1054">
     <span class='ocr_line' id='line_1_37' title="bbox 2079 980 3663 1054; baseline -0.004 -17"><span class='ocrx_word' id='word_1_243' title='bbox 2079 984 2257 1054; x_wconf 81' lang='grc' dir='ltr'><strong>σάρκα</strong></span> <span class='ocrx_word' id='word_1_244' title='bbox 2283 982 2536 1054; x_wconf 79' lang='grc' dir='ltr'>Χριστὸς,</span> <span class='ocrx_word' id='word_1_245' title='bbox 2568 984 2596 1036; x_wconf 85' lang='lat'><strong>6</strong></span> <span class='ocrx_word' id='word_1_246' title='bbox 2644 982 2718 1035; x_wconf 86' lang='grc' dir='ltr'>ὣν</span> <span class='ocrx_word' id='word_1_247' title='bbox 2752 981 2848 1034; x_wconf 71' lang='grc' dir='ltr'>ἐπὶ</span> <span class='ocrx_word' id='word_1_248' title='bbox 2875 981 3091 1034; x_wconf 88' lang='grc' dir='ltr'>πάντων</span> <span class='ocrx_word' id='word_1_249' title='bbox 3116 980 3245 1043; x_wconf 86' lang='grc' dir='ltr'>Θεός</span> <span class='ocrx_word' id='word_1_250' title='bbox 3274 998 3288 1044; x_wconf 89' lang='grc'><strong>;</strong></span> <span class='ocrx_word' id='word_1_251' title='bbox 3332 1000 3349 1032; x_wconf 74' lang='grc' dir='ltr'><strong>ι</strong></span> <span class='ocrx_word' id='word_1_252' title='bbox 3376 981 3436 1033; x_wconf 90' lang='grc' dir='ltr'><strong>τὸ</strong></span> <span class='ocrx_word' id='word_1_253' title='bbox 3465 981 3523 1034; x_wconf 83' lang='grc' dir='ltr'>δὲ</span> <span class='ocrx_word' id='word_1_254' title='bbox 3563 983 3663 1032; x_wconf 82' lang='grc' dir='ltr'><strong>τοῦ</strong></span> 
     </span>
    </p>
   </div>
   <div class='ocr_carea' id='block_1_38' title="bbox 2077 1072 3664 1144">
    <p class='ocr_par' dir='ltr' id='par_1_38' title="bbox 2077 1072 3664 1144">
     <span class='ocr_line' id='line_1_38' title="bbox 2077 1072 3664 1144; baseline -0.005 -13"><span class='ocrx_word' id='word_1_255' title='bbox 2077 1078 2368 1131; x_wconf 79' lang='grc' dir='ltr'><strong>θεσπεσίου</strong></span> <span class='ocrx_word' id='word_1_256' title='bbox 2415 1074 2626 1131; x_wconf 78' lang='grc' dir='ltr'>Παύλου</span> <span class='ocrx_word' id='word_1_257' title='bbox 2672 1073 2789 1138; x_wconf 84' lang='grc' dir='ltr'><strong>πῶς</strong></span> <span class='ocrx_word' id='word_1_258' title='bbox 2834 1072 2900 1127; x_wconf 80' lang='grc' dir='ltr'>ἂν</span> <span class='ocrx_word' id='word_1_259' title='bbox 2948 1073 3301 1143; x_wconf 64' lang='grc' dir='ltr'>ἐκλάϐωμεψ</span> <span class='ocrx_word' id='word_1_260' title='bbox 3328 1092 3345 1125; x_wconf 78' lang='grc' dir='ltr'><strong>ι</strong></span> <span class='ocrx_word' id='word_1_261' title='bbox 3390 1073 3527 1144; x_wconf 76' lang='grc' dir='ltr'>Περὶ</span> <span class='ocrx_word' id='word_1_262' title='bbox 3560 1072 3664 1125; x_wconf 87' lang='grc' dir='ltr'><strong>τοῦ</strong></span> 
     </span>
    </p>
   </div>
   <div class='ocr_carea' id='block_1_39' title="bbox 2081 1162 3663 1235">
    <p class='ocr_par' dir='ltr' id='par_1_39' title="bbox 2081 1162 3663 1235">
     <span class='ocr_line' id='line_1_39' title="bbox 2081 1162 3663 1235; baseline -0.004 -13"><span class='ocrx_word' id='word_1_263' title='bbox 2081 1168 2212 1222; x_wconf 87' lang='grc' dir='ltr'>Υίοῦ</span> <span class='ocrx_word' id='word_1_264' title='bbox 2265 1165 2465 1233; x_wconf 79' lang='grc' dir='ltr'>αὐτοῦ,</span> <span class='ocrx_word' id='word_1_265' title='bbox 2526 1165 2622 1218; x_wconf 88' lang='grc' dir='ltr'><strong>τοῦ</strong></span> <span class='ocrx_word' id='word_1_266' title='bbox 2669 1164 2964 1235; x_wconf 80' lang='grc' dir='ltr'><strong>γενομένου</strong></span> <span class='ocrx_word' id='word_1_267' title='bbox 3011 1166 3075 1218; x_wconf 88' lang='grc' dir='ltr'><strong>ἐκ</strong></span> <span class='ocrx_word' id='word_1_268' title='bbox 3123 1164 3437 1233; x_wconf 79' lang='grc' dir='ltr'>σπέρματος</span> <span class='ocrx_word' id='word_1_269' title='bbox 3492 1162 3663 1216; x_wconf 77' lang='grc' dir='ltr'>Δαυῒδ</span> 
     </span>
    </p>
   </div>
   <div class='ocr_carea' id='block_1_40' title="bbox 2081 1254 3663 1329">
    <p class='ocr_par' dir='ltr' id='par_1_40' title="bbox 2081 1254 3663 1329">
     <span class='ocr_line' id='line_1_40' title="bbox 2081 1254 3663 1329; baseline -0.003 -16"><span class='ocrx_word' id='word_1_270' title='bbox 2081 1262 2223 1313; x_wconf 87' lang='grc' dir='ltr'><strong>κατά</strong></span> <span class='ocrx_word' id='word_1_271' title='bbox 2257 1258 2457 1329; x_wconf 85' lang='grc' dir='ltr'><strong>σάρκα,</strong></span> <span class='ocrx_word' id='word_1_272' title='bbox 2482 1256 2577 1310; x_wconf 88' lang='grc' dir='ltr'><strong>τοῦ</strong></span> <span class='ocrx_word' id='word_1_273' title='bbox 2606 1256 2911 1329; x_wconf 78' lang='grc' dir='ltr'><strong>ὁρισθέντος</strong></span> <span class='ocrx_word' id='word_1_274' title='bbox 2945 1254 3069 1309; x_wconf 80' lang='grc' dir='ltr'>Υἱοῦ</span> <span class='ocrx_word' id='word_1_275' title='bbox 3107 1254 3203 1308; x_wconf 87' lang='grc' dir='ltr'><strong>τοῦ</strong></span> <span class='ocrx_word' id='word_1_276' title='bbox 3230 1255 3367 1308; x_wconf 89' lang='grc' dir='ltr'>Θεοῦ</span> <span class='ocrx_word' id='word_1_277' title='bbox 3410 1256 3469 1309; x_wconf 79' lang='grc' dir='ltr'><strong>ἐν</strong></span> <span class='ocrx_word' id='word_1_278' title='bbox 3496 1256 3663 1309; x_wconf 79' lang='grc' dir='ltr'>δυνά-</span> 
     </span>
    </p>
   </div>
   <div class='ocr_carea' id='block_1_41' title="bbox 2084 1346 3661 1421">
    <p class='ocr_par' dir='ltr' id='par_1_41' title="bbox 2084 1346 3661 1421">
     <span class='ocr_line' id='line_1_41' title="bbox 2084 1346 3661 1421; baseline -0.003 -18"><span class='ocrx_word' id='word_1_279' title='bbox 2084 1368 2175 1421; x_wconf 83' lang='grc' dir='ltr'><strong>μει</strong></span> <span class='ocrx_word' id='word_1_280' title='bbox 2198 1349 2341 1403; x_wconf 85' lang='grc' dir='ltr'><strong>κατά</strong></span> <span class='ocrx_word' id='word_1_281' title='bbox 2364 1346 2589 1418; x_wconf 80' lang='grc' dir='ltr'><strong>Πνεῦμα</strong></span> <span class='ocrx_word' id='word_1_282' title='bbox 2611 1347 2940 1418; x_wconf 80' lang='grc' dir='ltr'><strong>ἁγιωσύνης,</strong></span> <span class='ocrx_word' id='word_1_283' title='bbox 2968 1347 3026 1413; x_wconf 80' lang='grc' dir='ltr'>ἐξ</span> <span class='ocrx_word' id='word_1_284' title='bbox 3055 1347 3404 1411; x_wconf 74' lang='grc' dir='ltr'><strong>ἀναστάσεως</strong></span> <span class='ocrx_word' id='word_1_285' title='bbox 3423 1348 3661 1416; x_wconf 83' lang='grc' dir='ltr'>νεκρῶν,</span> 
     </span>
    </p>
   </div>
   <div class='ocr_carea' id='block_1_42' title="bbox 2096 1434 3665 1511">
    <p class='ocr_par' dir='ltr' id='par_1_42' title="bbox 2096 1434 3665 1511">
     <span class='ocr_line' id='line_1_42' title="bbox 2096 1434 3665 1511; baseline -0.003 -16"><span class='ocrx_word' id='word_1_286' title='bbox 2096 1439 2273 1511; x_wconf 84' lang='grc' dir='ltr'>Ἰησοῦ</span> <span class='ocrx_word' id='word_1_287' title='bbox 2314 1439 2553 1511; x_wconf 83' lang='grc' dir='ltr'>Χριστοῦ</span> <span class='ocrx_word' id='word_1_288' title='bbox 2584 1439 2680 1492; x_wconf 89' lang='grc' dir='ltr'><strong>τοῦ</strong></span> <span class='ocrx_word' id='word_1_289' title='bbox 2726 1437 2863 1492; x_wconf 85' lang='grc' dir='ltr'>Θεοῦ</span> <span class='ocrx_word' id='word_1_290' title='bbox 2912 1448 2939 1488; x_wconf 72' lang='grc' dir='ltr'>ι)</span> <span class='ocrx_word' id='word_1_291' title='bbox 2988 1437 3181 1508; x_wconf 62' lang='lat' dir='ltr'><strong>mitti»);</strong></span> <span class='ocrx_word' id='word_1_292' title='bbox 3222 1439 3452 1493; x_wconf 84' lang='grc' dir='ltr'>Ἔτεκεν</span> <span class='ocrx_word' id='word_1_293' title='bbox 3500 1434 3596 1492; x_wconf 79' lang='grc' dir='ltr'><strong>οὖν</strong></span> <span class='ocrx_word' id='word_1_294' title='bbox 3626 1440 3665 1509; x_wconf 76' lang='grc' dir='ltr'><strong>ἡ</strong></span> 
     </span>
    </p>
   </div>
   <div class='ocr_carea' id='block_1_43' title="bbox 2084 1527 3664 1603">
    <p class='ocr_par' dir='ltr' id='par_1_43' title="bbox 2084 1527 3664 1603">
     <span class='ocr_line' id='line_1_43' title="bbox 2084 1527 3664 1603; baseline -0.004 -15"><span class='ocrx_word' id='word_1_295' title='bbox 2084 1534 2219 1602; x_wconf 87' lang='grc' dir='ltr'>ἁγία</span> <span class='ocrx_word' id='word_1_296' title='bbox 2250 1532 2441 1603; x_wconf 83' lang='grc' dir='ltr'>Μαρία</span> <span class='ocrx_word' id='word_1_297' title='bbox 2463 1531 2554 1584; x_wconf 88' lang='grc' dir='ltr'><strong>τὸν</strong></span> <span class='ocrx_word' id='word_1_298' title='bbox 2595 1527 2968 1601; x_wconf 78' lang='grc' dir='ltr'>Ἐμμανουὴλ,</span> <span class='ocrx_word' id='word_1_299' title='bbox 2994 1528 3133 1582; x_wconf 83' lang='grc' dir='ltr'><strong>κατά</strong></span> <span class='ocrx_word' id='word_1_300' title='bbox 3168 1528 3267 1599; x_wconf 85' lang='grc' dir='ltr'>μὲν</span> <span class='ocrx_word' id='word_1_301' title='bbox 3288 1528 3388 1596; x_wconf 79' lang='grc' dir='ltr'>τὴν</span> <span class='ocrx_word' id='word_1_302' title='bbox 3408 1528 3664 1595; x_wconf 87' lang='grc' dir='ltr'>θεότητα..</span> 
     </span>
    </p>
   </div>
   <div class='ocr_carea' id='block_1_44' title="bbox 2089 1619 3667 1697">
    <p class='ocr_par' dir='ltr' id='par_1_44' title="bbox 2089 1619 3667 1697">
     <span class='ocr_line' id='line_1_44' title="bbox 2089 1619 3667 1697; baseline -0.004 -19"><span class='ocrx_word' id='word_1_303' title='bbox 2089 1624 2235 1678; x_wconf 87' lang='grc' dir='ltr'><strong>καθά</strong></span> <span class='ocrx_word' id='word_1_304' title='bbox 2288 1623 2727 1697; x_wconf 76' lang='grc' dir='ltr'>προειρήκαμεν,</span> <span class='ocrx_word' id='word_1_305' title='bbox 2760 1619 3044 1691; x_wconf 87' lang='grc' dir='ltr'>ὁμοούσιον</span> <span class='ocrx_word' id='word_1_306' title='bbox 3070 1619 3150 1691; x_wconf 80' lang='grc' dir='ltr'>τῷ</span> <span class='ocrx_word' id='word_1_307' title='bbox 3198 1619 3395 1689; x_wconf 74' lang='grc' dir='ltr'>Πατρὶ,</span> <span class='ocrx_word' id='word_1_308' title='bbox 3434 1620 3579 1672; x_wconf 81' lang='grc' dir='ltr'>κατὰ</span> <span class='ocrx_word' id='word_1_309' title='bbox 3605 1619 3667 1671; x_wconf 83' lang='grc' dir='ltr'>δὲ</span> 
     </span>
    </p>
   </div>
   <div class='ocr_carea' id='block_1_45' title="bbox 2086 1709 3669 1786">
    <p class='ocr_par' dir='ltr' id='par_1_45' title="bbox 2086 1709 3669 1786">
     <span class='ocr_line' id='line_1_45' title="bbox 2086 1709 3669 1786; baseline -0.004 -18"><span class='ocrx_word' id='word_1_310' title='bbox 2086 1717 2185 1786; x_wconf 78' lang='grc' dir='ltr'>τὴν</span> <span class='ocrx_word' id='word_1_311' title='bbox 2214 1714 2611 1785; x_wconf 83' lang='grc' dir='ltr'>ἀνθρωπότητα</span> <span class='ocrx_word' id='word_1_312' title='bbox 2657 1714 2792 1783; x_wconf 79' lang='grc' dir='ltr'>ἡμῖν</span> <span class='ocrx_word' id='word_1_313' title='bbox 2837 1709 3122 1782; x_wconf 87' lang='grc' dir='ltr'>ὀμοούσιον</span> <span class='ocrx_word' id='word_1_314' title='bbox 3148 1728 3162 1742; x_wconf 78' lang='grc' dir='ltr'><strong>ο</strong></span> <span class='ocrx_word' id='word_1_315' title='bbox 3220 1710 3361 1765; x_wconf 78' lang='grc' dir='ltr'>κατὰ</span> <span class='ocrx_word' id='word_1_316' title='bbox 3417 1711 3516 1780; x_wconf 85' lang='grc' dir='ltr'>μὲν</span> <span class='ocrx_word' id='word_1_317' title='bbox 3562 1709 3669 1780; x_wconf 77' lang='grc' dir='ltr'><strong>τὴν</strong></span> 
     </span>
    </p>
   </div>
   <div class='ocr_carea' id='block_1_46' title="bbox 2091 1786 3668 1875">
    <p class='ocr_par' dir='ltr' id='par_1_46' title="bbox 2091 1786 3668 1875">
     <span class='ocr_line' id='line_1_46' title="bbox 2091 1786 3668 1875; baseline -0.004 -16"><span class='ocrx_word' id='word_1_318' title='bbox 2091 1806 2342 1875; x_wconf 87' lang='grc' dir='ltr'>θεότητα,</span> <span class='ocrx_word' id='word_1_319' title='bbox 2368 1803 2580 1872; x_wconf 83' lang='grc' dir='ltr'><strong>ἀπαθῆ,</strong></span> <span class='ocrx_word' id='word_1_320' title='bbox 2613 1786 2755 1857; x_wconf 80' lang='grc' dir='ltr'><strong>κατά</strong></span> <span class='ocrx_word' id='word_1_321' title='bbox 2803 1801 2860 1855; x_wconf 87' lang='grc' dir='ltr'><strong>δέ</strong></span> <span class='ocrx_word' id='word_1_322' title='bbox 2894 1801 2993 1873; x_wconf 87' lang='grc' dir='ltr'>τὴν</span> <span class='ocrx_word' id='word_1_323' title='bbox 3030 1801 3448 1875; x_wconf 83' lang='grc' dir='ltr'>ἀνθρωπότητα,</span> <span class='ocrx_word' id='word_1_324' title='bbox 3485 1799 3668 1869; x_wconf 83' lang='grc' dir='ltr'>παθη-</span> 
     </span>
    </p>
   </div>
   <div class='ocr_carea' id='block_1_47' title="bbox 2094 1888 3674 1967">
    <p class='ocr_par' dir='ltr' id='par_1_47' title="bbox 2094 1888 3674 1967">
     <span class='ocr_line' id='line_1_47' title="bbox 2094 1888 3674 1967; baseline -0.004 -17"><span class='ocrx_word' id='word_1_325' title='bbox 2094 1898 2216 1952; x_wconf 87' lang='grc' dir='ltr'>τόν·</span> <span class='ocrx_word' id='word_1_326' title='bbox 2250 1898 2299 1950; x_wconf 77' lang='grc' dir='ltr'><strong>εί</strong></span> <span class='ocrx_word' id='word_1_327' title='bbox 2333 1896 2442 1967; x_wconf 81' lang='grc' dir='ltr'><strong>γὰρ</strong></span> <span class='ocrx_word' id='word_1_328' title='bbox 2492 1895 2587 1948; x_wconf 79' lang='grc' dir='ltr'><strong>καὶ</strong></span> <span class='ocrx_word' id='word_1_329' title='bbox 2633 1892 2931 1948; x_wconf 79' lang='grc' dir='ltr'>οἰκειοῦται</span> <span class='ocrx_word' id='word_1_330' title='bbox 2968 1892 3063 1947; x_wconf 89' lang='grc' dir='ltr'><strong>τοῦ</strong></span> <span class='ocrx_word' id='word_1_331' title='bbox 3111 1893 3240 1946; x_wconf 81' lang='grc' dir='ltr'>ἰδίου</span> <span class='ocrx_word' id='word_1_332' title='bbox 3293 1891 3545 1961; x_wconf 85' lang='grc' dir='ltr'>σώματος</span> <span class='ocrx_word' id='word_1_333' title='bbox 3597 1888 3674 1943; x_wconf 76' lang='grc' dir='ltr'>τὰ</span> 
     </span>
    </p>
   </div>
   <div class='ocr_carea' id='block_1_48' title="bbox 2099 1981 3676 2059">
    <p class='ocr_par' dir='ltr' id='par_1_48' title="bbox 2099 1981 3676 2059">
     <span class='ocr_line' id='line_1_48' title="bbox 2099 1981 3676 2059; baseline -0.006 -15"><span class='ocrx_word' id='word_1_334' title='bbox 2099 1989 2247 2059; x_wconf 86' lang='grc' dir='ltr'>πάθη</span> <span class='ocrx_word' id='word_1_335' title='bbox 2286 1989 2315 2041; x_wconf 89' lang='lat'><strong>6</strong></span> <span class='ocrx_word' id='word_1_336' title='bbox 2345 1988 2475 2050; x_wconf 82' lang='grc' dir='ltr'><strong>Θεὸς</strong></span> <span class='ocrx_word' id='word_1_337' title='bbox 2508 1987 2703 2055; x_wconf 81' lang='grc' dir='ltr'>Λόγος,</span> <span class='ocrx_word' id='word_1_338' title='bbox 2738 1985 2834 2040; x_wconf 81' lang='grc' dir='ltr'>καὶ</span> <span class='ocrx_word' id='word_1_339' title='bbox 2872 1985 2952 2048; x_wconf 74' lang='grc' dir='ltr'><strong>εἰς</strong></span> <span class='ocrx_word' id='word_1_340' title='bbox 2990 1984 3182 2040; x_wconf 81' lang='grc' dir='ltr'>ἑαυτὸν</span> <span class='ocrx_word' id='word_1_341' title='bbox 3214 1983 3499 2052; x_wconf 82' lang='grc' dir='ltr'>ἀναφέρει,</span> <span class='ocrx_word' id='word_1_342' title='bbox 3533 1981 3676 2035; x_wconf 69' lang='grc' dir='ltr'>ἀλλά</span> 
     </span>
    </p>
   </div>
   <div class='ocr_carea' id='block_1_49' title="bbox 2095 2071 3676 2151">
    <p class='ocr_par' dir='ltr' id='par_1_49' title="bbox 2095 2071 3676 2151">
     <span class='ocr_line' id='line_1_49' title="bbox 2095 2071 3676 2151; baseline -0.006 -17"><span class='ocrx_word' id='word_1_343' title='bbox 2095 2098 2157 2151; x_wconf 90' lang='grc' dir='ltr'><strong>γε</strong></span> <span class='ocrx_word' id='word_1_344' title='bbox 2193 2080 2502 2151; x_wconf 78' lang='grc' dir='ltr'>μεμένηκεν</span> <span class='ocrx_word' id='word_1_345' title='bbox 2524 2077 2686 2141; x_wconf 74' lang='grc' dir='ltr'>αὐτὸς</span> <span class='ocrx_word' id='word_1_346' title='bbox 2711 2079 2769 2130; x_wconf 89' lang='grc' dir='ltr'><strong>ἐν</strong></span> <span class='ocrx_word' id='word_1_347' title='bbox 2797 2078 2907 2140; x_wconf 85' lang='grc' dir='ltr'>τοῖς</span> <span class='ocrx_word' id='word_1_348' title='bbox 2928 2076 3028 2146; x_wconf 90' lang='grc' dir='ltr'><strong>τῆς</strong></span> <span class='ocrx_word' id='word_1_349' title='bbox 3051 2073 3323 2139; x_wconf 82' lang='grc' dir='ltr'>ἀπαθείας</span> <span class='ocrx_word' id='word_1_350' title='bbox 3352 2074 3519 2144; x_wconf 84' lang='grc' dir='ltr'>ὅροις.</span> <span class='ocrx_word' id='word_1_351' title='bbox 3553 2071 3676 2129; x_wconf 76' lang='grc' dir='ltr'>Κᾶν</span> 
     </span>
    </p>
   </div>
   <div class='ocr_carea' id='block_1_50' title="bbox 2096 2164 3675 2245">
    <p class='ocr_par' dir='ltr' id='par_1_50' title="bbox 2096 2164 3675 2245">
     <span class='ocr_line' id='line_1_50' title="bbox 2096 2164 3675 2245; baseline -0.005 -20"><span class='ocrx_word' id='word_1_352' title='bbox 2096 2171 2337 2245; x_wconf 81' lang='grc' dir='ltr'>ἀκούσῃς</span> <span class='ocrx_word' id='word_1_353' title='bbox 2389 2168 2550 2223; x_wconf 85' lang='grc' dir='ltr'>αὐτοῦ</span> <span class='ocrx_word' id='word_1_354' title='bbox 2596 2168 2882 2237; x_wconf 74' lang='grc' dir='ltr'>λέγοντοςο</span> <span class='ocrx_word' id='word_1_355' title='bbox 2921 2185 2947 2218; x_wconf 78' lang='grc' dir='ltr'>ι-</span> <span class='ocrx_word' id='word_1_356' title='bbox 2974 2166 3189 2219; x_wconf 82' lang='grc' dir='ltr'>Ἔδωκα</span> <span class='ocrx_word' id='word_1_357' title='bbox 3239 2164 3331 2217; x_wconf 90' lang='grc' dir='ltr'><strong>τὸν</strong></span> <span class='ocrx_word' id='word_1_358' title='bbox 3355 2164 3523 2218; x_wconf 85' lang='grc' dir='ltr'>νῶτόν</span> <span class='ocrx_word' id='word_1_359' title='bbox 3570 2180 3675 2233; x_wconf 69' lang='grc' dir='ltr'><strong>μου</strong></span> 
     </span>
    </p>
   </div>
   <div class='ocr_carea' id='block_1_51' title="bbox 2097 2254 3676 2333">
    <p class='ocr_par' dir='ltr' id='par_1_51' title="bbox 2097 2254 3676 2333">
     <span class='ocr_line' id='line_1_51' title="bbox 2097 2254 3676 2333; baseline -0.006 -17"><span class='ocrx_word' id='word_1_360' title='bbox 2097 2265 2178 2327; x_wconf 81' lang='grc' dir='ltr'><strong>εἰς</strong></span> <span class='ocrx_word' id='word_1_361' title='bbox 2221 2263 2517 2333; x_wconf 85' lang='grc' dir='ltr'>μάστιγας,</span> <span class='ocrx_word' id='word_1_362' title='bbox 2555 2257 2655 2322; x_wconf 78' lang='grc' dir='ltr'><strong>τὰς</strong></span> <span class='ocrx_word' id='word_1_363' title='bbox 2687 2258 2745 2312; x_wconf 88' lang='grc' dir='ltr'><strong>δέ</strong></span> <span class='ocrx_word' id='word_1_364' title='bbox 2786 2256 3045 2326; x_wconf 85' lang='grc' dir='ltr'>σιαγόνας</span> <span class='ocrx_word' id='word_1_365' title='bbox 3078 2274 3181 2326; x_wconf 82' lang='grc' dir='ltr'><strong>μου</strong></span> <span class='ocrx_word' id='word_1_366' title='bbox 3213 2257 3293 2319; x_wconf 83' lang='grc' dir='ltr'><strong>είς</strong></span> <span class='ocrx_word' id='word_1_367' title='bbox 3330 2254 3676 2325; x_wconf 78' lang='grc' dir='ltr'>ῥαπίσματα,</span> 
     </span>
    </p>
   </div>
   <div class='ocr_carea' id='block_1_52' title="bbox 2097 2344 3680 2423">
    <p class='ocr_par' dir='ltr' id='par_1_52' title="bbox 2097 2344 3680 2423">
     <span class='ocr_line' id='line_1_52' title="bbox 2097 2344 3680 2423; baseline -0.011 -13"><span class='ocrx_word' id='word_1_368' title='bbox 2097 2355 2159 2410; x_wconf 91' lang='grc' dir='ltr'><strong>τὸ</strong></span> <span class='ocrx_word' id='word_1_369' title='bbox 2186 2354 2244 2409; x_wconf 85' lang='grc' dir='ltr'>δὲ</span> <span class='ocrx_word' id='word_1_370' title='bbox 2288 2352 2581 2423; x_wconf 84' lang='grc' dir='ltr'>πρόσωπόν</span> <span class='ocrx_word' id='word_1_371' title='bbox 2614 2368 2718 2422; x_wconf 92' lang='grc' dir='ltr'><strong>μου</strong></span> <span class='ocrx_word' id='word_1_372' title='bbox 2759 2349 2860 2402; x_wconf 81' lang='grc' dir='ltr'>οὐκ</span> <span class='ocrx_word' id='word_1_373' title='bbox 2897 2347 3217 2417; x_wconf 80' lang='grc' dir='ltr'>ἀπέστρεψα</span> <span class='ocrx_word' id='word_1_374' title='bbox 3268 2346 3378 2400; x_wconf 83' lang='grc' dir='ltr'><strong>ἀπὸ</strong></span> <span class='ocrx_word' id='word_1_375' title='bbox 3411 2344 3680 2416; x_wconf 73' lang='grc' dir='ltr'>αἰσχύνης</span> 
     </span>
    </p>
   </div>
   <div class='ocr_carea' id='block_1_53' title="bbox 2100 2437 3680 2518">
    <p class='ocr_par' dir='ltr' id='par_1_53' title="bbox 2100 2437 3680 2518">
     <span class='ocr_line' id='line_1_53' title="bbox 2100 2437 3680 2518; baseline -0.008 -17"><span class='ocrx_word' id='word_1_376' title='bbox 2100 2446 2548 2518; x_wconf 86' lang='grc' dir='ltr'>ἐμπτυσμάτων·</span> <span class='ocrx_word' id='word_1_377' title='bbox 2587 2462 2607 2496; x_wconf 74' lang='grc' dir='ltr'><strong>ι</strong></span> <span class='ocrx_word' id='word_1_378' title='bbox 2654 2440 2824 2513; x_wconf 84' lang='grc' dir='ltr'>μηδὲν</span> <span class='ocrx_word' id='word_1_379' title='bbox 2873 2441 3036 2494; x_wconf 84' lang='grc' dir='ltr'>αὐτὸν</span> <span class='ocrx_word' id='word_1_380' title='bbox 3080 2438 3409 2493; x_wconf 80' lang='grc' dir='ltr'>πεπονοέναι</span> <span class='ocrx_word' id='word_1_381' title='bbox 3450 2438 3530 2501; x_wconf 79' lang='grc' dir='ltr'>εἰς</span> <span class='ocrx_word' id='word_1_382' title='bbox 3576 2437 3680 2508; x_wconf 66' lang='grc' dir='ltr'>τὴν</span> 
     </span>
    </p>
   </div>
   <div class='ocr_carea' id='block_1_54' title="bbox 2105 2524 3682 2603">
    <p class='ocr_par' dir='ltr' id='par_1_54' title="bbox 2105 2524 3682 2603">
     <span class='ocr_line' id='line_1_54' title="bbox 2105 2524 3682 2603; baseline -0.008 -12"><span class='ocrx_word' id='word_1_383' title='bbox 2105 2538 2244 2591; x_wconf 79' lang='grc' dir='ltr'>ἰδίαν</span> <span class='ocrx_word' id='word_1_384' title='bbox 2279 2535 2441 2603; x_wconf 84' lang='grc' dir='ltr'>φύσιν</span> <span class='ocrx_word' id='word_1_385' title='bbox 2484 2530 2796 2601; x_wconf 79' lang='grc' dir='ltr'>ὑπολάϐῃς·</span> <span class='ocrx_word' id='word_1_386' title='bbox 2832 2528 3221 2582; x_wconf 86' lang='grc' dir='ltr'>οἰκειώσασθαι</span> <span class='ocrx_word' id='word_1_387' title='bbox 3251 2526 3307 2579; x_wconf 89' lang='grc' dir='ltr'><strong>δέ</strong></span> <span class='ocrx_word' id='word_1_388' title='bbox 3346 2526 3546 2597; x_wconf 77' lang='grc' dir='ltr'>μᾶλλον</span> <span class='ocrx_word' id='word_1_389' title='bbox 3581 2524 3682 2579; x_wconf 87' lang='grc' dir='ltr'><strong>τοῦ</strong></span> 
     </span>
    </p>
   </div>
   <div class='ocr_carea' id='block_1_55' title="bbox 2107 2614 3681 2695">
    <p class='ocr_par' dir='ltr' id='par_1_55' title="bbox 2107 2614 3681 2695">
     <span class='ocr_line' id='line_1_55' title="bbox 2107 2614 3681 2695; baseline -0.008 -17"><span class='ocrx_word' id='word_1_390' title='bbox 2107 2625 2237 2679; x_wconf 75' lang='grc' dir='ltr'>[δίου</span> <span class='ocrx_word' id='word_1_391' title='bbox 2262 2622 2515 2695; x_wconf 77' lang='grc' dir='ltr'>σώματος</span> <span class='ocrx_word' id='word_1_392' title='bbox 2542 2618 2643 2683; x_wconf 85' lang='grc' dir='ltr'><strong>τὰς</strong></span> <span class='ocrx_word' id='word_1_393' title='bbox 2684 2617 2987 2688; x_wconf 89' lang='grc' dir='ltr'>μάστιγας·</span> <span class='ocrx_word' id='word_1_394' title='bbox 3021 2618 3050 2670; x_wconf 92' lang='lat'><strong>6</strong></span> <span class='ocrx_word' id='word_1_395' title='bbox 3080 2614 3190 2687; x_wconf 83' lang='grc' dir='ltr'>γὰρ</span> <span class='ocrx_word' id='word_1_396' title='bbox 3211 2616 3342 2678; x_wconf 83' lang='grc' dir='ltr'>Θεὸς</span> <span class='ocrx_word' id='word_1_397' title='bbox 3375 2615 3547 2682; x_wconf 83' lang='grc' dir='ltr'>Λόγος</span> <span class='ocrx_word' id='word_1_398' title='bbox 3581 2631 3681 2684; x_wconf 77' lang='grc' dir='ltr'>με·</span> 
     </span>
    </p>
   </div>
   <div class='ocr_carea' id='block_1_56' title="bbox 2109 2706 3684 2785">
    <p class='ocr_par' dir='ltr' id='par_1_56' title="bbox 2109 2706 3684 2785">
     <span class='ocr_line' id='line_1_56' title="bbox 2109 2706 3684 2785; baseline -0.008 -16"><span class='ocrx_word' id='word_1_399' title='bbox 2109 2715 2344 2785; x_wconf 72' lang='grc' dir='ltr'>μένηκεν</span> <span class='ocrx_word' id='word_1_400' title='bbox 2379 2710 2617 2782; x_wconf 74' lang='grc' dir='ltr'>ἀπαθής.</span> <span class='ocrx_word' id='word_1_401' title='bbox 2649 2712 2713 2763; x_wconf 77' lang='lat' dir='ltr'><strong>0t</strong></span> <span class='ocrx_word' id='word_1_402' title='bbox 2762 2709 2821 2763; x_wconf 85' lang='grc' dir='ltr'><strong>δέ</strong></span> <span class='ocrx_word' id='word_1_403' title='bbox 2862 2707 3307 2776; x_wconf 81' lang='grc' dir='ltr'>ἀντιταττόμενοι</span> <span class='ocrx_word' id='word_1_404' title='bbox 3350 2709 3468 2769; x_wconf 84' lang='grc' dir='ltr'>ταῖς</span> <span class='ocrx_word' id='word_1_405' title='bbox 3507 2706 3684 2767; x_wconf 73' lang='grc' dir='ltr'>θείαις</span> 
     </span>
    </p>
   </div>
   <div class='ocr_carea' id='block_1_57' title="bbox 2106 2796 3681 2878">
    <p class='ocr_par' dir='ltr' id='par_1_57' title="bbox 2106 2796 3681 2878">
     <span class='ocr_line' id='line_1_57' title="bbox 2106 2796 3681 2878; baseline -0.008 -19"><span class='ocrx_word' id='word_1_406' title='bbox 2106 2806 2351 2878; x_wconf 78' lang='grc' dir='ltr'>Γραφαῖς</span> <span class='ocrx_word' id='word_1_407' title='bbox 2384 2803 2477 2857; x_wconf 77' lang='grc' dir='ltr'>καὶ</span> <span class='ocrx_word' id='word_1_408' title='bbox 2523 2803 2644 2866; x_wconf 86' lang='grc' dir='ltr'>ταῖς</span> <span class='ocrx_word' id='word_1_409' title='bbox 2690 2800 2881 2871; x_wconf 84' lang='grc' dir='ltr'>ὀρθαῖς</span> <span class='ocrx_word' id='word_1_410' title='bbox 2925 2797 3128 2864; x_wconf 81' lang='grc' dir='ltr'>δόξαις,</span> <span class='ocrx_word' id='word_1_411' title='bbox 3170 2796 3389 2869; x_wconf 86' lang='grc' dir='ltr'>ἐροῦσιν</span> <span class='ocrx_word' id='word_1_412' title='bbox 3413 2798 3579 2868; x_wconf 77' lang='grc' dir='ltr'>ἡμῖν·</span> <span class='ocrx_word' id='word_1_413' title='bbox 3612 2797 3681 2849; x_wconf 75' lang='lat' dir='ltr'><strong>Ei</strong></span> 
     </span>
    </p>
   </div>
   <div class='ocr_carea' id='block_1_58' title="bbox 2106 2889 3685 2973">
    <p class='ocr_par' dir='ltr' id='par_1_58' title="bbox 2106 2889 3685 2973">
     <span class='ocr_line' id='line_1_58' title="bbox 2106 2889 3685 2973; baseline -0.009 -18"><span class='ocrx_word' id='word_1_414' title='bbox 2106 2900 2322 2973; x_wconf 81' lang='grc' dir='ltr'>ἀπαθὴς</span> <span class='ocrx_word' id='word_1_415' title='bbox 2354 2901 2383 2953; x_wconf 93' lang='lat'><strong>6</strong></span> <span class='ocrx_word' id='word_1_416' title='bbox 2412 2897 2547 2961; x_wconf 83' lang='grc' dir='ltr'>Θεὸς</span> <span class='ocrx_word' id='word_1_417' title='bbox 2570 2907 2597 2946; x_wconf 75' lang='grc' dir='ltr'>(ι</span> <span class='ocrx_word' id='word_1_418' title='bbox 2620 2895 2814 2964; x_wconf 86' lang='grc' dir='ltr'>Λόγος,</span> <span class='ocrx_word' id='word_1_419' title='bbox 2839 2892 2933 2947; x_wconf 71' lang='grc' dir='ltr'>καὶ</span> <span class='ocrx_word' id='word_1_420' title='bbox 2955 2893 3243 2963; x_wconf 75' lang='grc' dir='ltr'>ἄτρεπτος,</span> <span class='ocrx_word' id='word_1_421' title='bbox 3270 2891 3363 2944; x_wconf 75' lang='grc' dir='ltr'>καὶ</span> <span class='ocrx_word' id='word_1_422' title='bbox 3387 2889 3685 2944; x_wconf 84' lang='grc' dir='ltr'>ἀναλλοίω-</span> 
     </span>
    </p>
   </div>
   <div class='ocr_carea' id='block_1_59' title="bbox 2107 2982 3682 3063">
    <p class='ocr_par' dir='ltr' id='par_1_59' title="bbox 2107 2982 3682 3063">
     <span class='ocr_line' id='line_1_59' title="bbox 2107 2982 3682 3063; baseline -0.007 -17"><span class='ocrx_word' id='word_1_423' title='bbox 2107 3011 2221 3059; x_wconf 88' lang='grc' dir='ltr'>τος,</span> <span class='ocrx_word' id='word_1_424' title='bbox 2253 2990 2371 3055; x_wconf 87' lang='grc' dir='ltr'>πῶς</span> <span class='ocrx_word' id='word_1_425' title='bbox 2397 2991 2428 3043; x_wconf 97' lang='lat'><strong>6</strong></span> <span class='ocrx_word' id='word_1_426' title='bbox 2462 2987 2633 3055; x_wconf 84' lang='grc' dir='ltr'>Λόγος</span> <span class='ocrx_word' id='word_1_427' title='bbox 2679 2983 3114 3063; x_wconf 25' lang='grc' dir='ltr'>σάρξςέγένετω</span> <span class='ocrx_word' id='word_1_428' title='bbox 3160 2984 3362 3037; x_wconf 76' lang='grc' dir='ltr'>Ἄκουε</span> <span class='ocrx_word' id='word_1_429' title='bbox 3404 2982 3682 3052; x_wconf 72' lang='grc' dir='ltr'>ἀγαπητὰ</span> 
     </span>
    </p>
   </div>
   <div class='ocr_carea' id='block_1_60' title="bbox 2115 3071 3690 3151">
    <p class='ocr_par' dir='ltr' id='par_1_60' title="bbox 2115 3071 3690 3151">
     <span class='ocr_line' id='line_1_60' title="bbox 2115 3071 3690 3151; baseline -0.008 -14"><span class='ocrx_word' id='word_1_430' title='bbox 2115 3102 2135 3136; x_wconf 80' lang='grc' dir='ltr'><strong>ι</strong></span> <span class='ocrx_word' id='word_1_431' title='bbox 2182 3085 2241 3137; x_wconf 87' lang='grc'><strong>’0</strong></span> <span class='ocrx_word' id='word_1_432' title='bbox 2271 3082 2442 3151; x_wconf 89' lang='grc' dir='ltr'>Λόγος</span> <span class='ocrx_word' id='word_1_433' title='bbox 2495 3079 2634 3149; x_wconf 79' lang='grc' dir='ltr'>σὰρξ</span> <span class='ocrx_word' id='word_1_434' title='bbox 2677 3077 2915 3147; x_wconf 80' lang='grc' dir='ltr'>ἐγένετο,</span> <span class='ocrx_word' id='word_1_435' title='bbox 2959 3094 2979 3127; x_wconf 72' lang='grc' dir='ltr'><strong>ι</strong></span> <span class='ocrx_word' id='word_1_436' title='bbox 3029 3075 3090 3129; x_wconf 86' lang='grc' dir='ltr'>οὐ</span> <span class='ocrx_word' id='word_1_437' title='bbox 3125 3071 3571 3146; x_wconf 86' lang='grc' dir='ltr'>μεταπεπτωκὼς</span> <span class='ocrx_word' id='word_1_438' title='bbox 3602 3074 3690 3137; x_wconf 86' lang='grc' dir='ltr'><strong>είς</strong></span> 
     </span>
    </p>
   </div>
   <div class='ocr_carea' id='block_1_61' title="bbox 2112 3165 3692 3247">
    <p class='ocr_par' dir='ltr' id='par_1_61' title="bbox 2112 3165 3692 3247">
     <span class='ocr_line' id='line_1_61' title="bbox 2112 3165 3692 3247; baseline -0.009 -16"><span class='ocrx_word' id='word_1_439' title='bbox 2112 3178 2296 3247; x_wconf 83' lang='grc' dir='ltr'>σάρκα</span> <span class='ocrx_word' id='word_1_440' title='bbox 2320 3188 2334 3203; x_wconf 86' lang='grc'>⁶</span> <span class='ocrx_word' id='word_1_441' title='bbox 2388 3171 2514 3225; x_wconf 70' lang='grc' dir='ltr'>οὔτε</span> <span class='ocrx_word' id='word_1_442' title='bbox 2561 3169 2670 3241; x_wconf 84' lang='grc' dir='ltr'>γὰρ</span> <span class='ocrx_word' id='word_1_443' title='bbox 2697 3170 2727 3221; x_wconf 91' lang='lat'><strong>6</strong></span> <span class='ocrx_word' id='word_1_444' title='bbox 2766 3168 2897 3232; x_wconf 89' lang='grc' dir='ltr'>Θεὸς</span> <span class='ocrx_word' id='word_1_445' title='bbox 2940 3168 3111 3236; x_wconf 83' lang='grc' dir='ltr'>Λόγος</span> <span class='ocrx_word' id='word_1_446' title='bbox 3147 3165 3572 3237; x_wconf 81' lang='grc' dir='ltr'>μεταπέπτωκεν</span> <span class='ocrx_word' id='word_1_447' title='bbox 3605 3165 3692 3227; x_wconf 88' lang='grc' dir='ltr'><strong>εἰς</strong></span> 
     </span>
    </p>
   </div>
   <div class='ocr_carea' id='block_1_62' title="bbox 432 3256 1999 3356">
    <p class='ocr_par' dir='ltr' id='par_1_62' title="bbox 432 3257 1999 3328">
     <span class='ocr_line' id='line_1_62' title="bbox 432 3257 1999 3328; baseline 0.004 -17"><span class='ocrx_word' id='word_1_448' title='bbox 432 3257 841 3322; x_wconf 81' lang='lat' dir='ltr'><strong>Audi,dileete.</strong></span> <span class='ocrx_word' id='word_1_449' title='bbox 868 3278 886 3310; x_wconf 79' lang='grc' dir='ltr'><strong>ι</strong></span> <span class='ocrx_word' id='word_1_450' title='bbox 910 3260 1150 3316; x_wconf 81' lang='lat' dir='ltr'><strong>Verbum</strong></span> <span class='ocrx_word' id='word_1_451' title='bbox 1175 3275 1306 3315; x_wconf 89' lang='lat' dir='ltr'><strong>caro</strong></span> <span class='ocrx_word' id='word_1_452' title='bbox 1325 3260 1528 3316; x_wconf 84' lang='lat' dir='ltr'><strong>factum</strong></span> <span class='ocrx_word' id='word_1_453' title='bbox 1556 3271 1641 3317; x_wconf 92' lang='lat' dir='ltr'><strong>est</strong></span> <span class='ocrx_word' id='word_1_454' title='bbox 1673 3264 1739 3328; x_wconf 77' lang='lat'><strong>&quot;,</strong></span> <span class='ocrx_word' id='word_1_455' title='bbox 1767 3283 1785 3315; x_wconf 78' lang='grc' dir='ltr'><strong>ι</strong></span> <span class='ocrx_word' id='word_1_456' title='bbox 1816 3279 1925 3319; x_wconf 91' lang='lat' dir='ltr'><strong>non</strong></span> <span class='ocrx_word' id='word_1_457' title='bbox 1951 3264 1999 3318; x_wconf 84' lang='lat' dir='ltr'><strong>in</strong></span> 
     </span>
    </p>
   </div>
   <div class='ocr_carea' id='block_1_63' title="bbox 2103 3256 3692 3356">
    <p class='ocr_par' dir='ltr' id='par_1_63' title="bbox 2114 3256 3692 3356">
     <span class='ocr_line' id='line_1_63' title="bbox 2114 3256 3692 3356; baseline -0.01 -34"><span class='ocrx_word' id='word_1_458' title='bbox 2114 3268 2315 3339; x_wconf 80' lang='grc' dir='ltr'>σάρκα,</span> <span class='ocrx_word' id='word_1_459' title='bbox 2362 3261 2485 3317; x_wconf 72' lang='grc' dir='ltr'>οὗτε</span> <span class='ocrx_word' id='word_1_460' title='bbox 2533 3257 2904 3331; x_wconf 81' lang='grc' dir='ltr'>ἀναληφθεῖσα</span> <span class='ocrx_word' id='word_1_461' title='bbox 2942 3257 3080 3356; x_wconf 67' lang='grc' dir='ltr'>σὰρξ</span> <span class='ocrx_word' id='word_1_462' title='bbox 3132 3257 3412 3356; x_wconf 74' lang='grc' dir='ltr'>ἐχώρησεν</span> <span class='ocrx_word' id='word_1_463' title='bbox 3446 3257 3528 3319; x_wconf 82' lang='grc' dir='ltr'>εἰς</span> 
     </span>
    </p>
   </div>
   <div class='ocr_carea' id='block_1_64' title="bbox 434 3344 1999 3431">
    <p class='ocr_par' dir='ltr' id='par_1_64' title="bbox 434 3349 1999 3422">
     <span class='ocr_line' id='line_1_64' title="bbox 434 3349 1999 3422; baseline 0.004 -20"><span class='ocrx_word' id='word_1_464' title='bbox 434 3364 659 3403; x_wconf 84' lang='lat' dir='ltr'><strong>carnem</strong></span> <span class='ocrx_word' id='word_1_465' title='bbox 712 3349 1078 3405; x_wconf 89' lang='lat' dir='ltr'><strong>demutatum.</strong></span> <span class='ocrx_word' id='word_1_466' title='bbox 1107 3351 1297 3422; x_wconf 86' lang='lat' dir='ltr'><strong>Neque</strong></span> <span class='ocrx_word' id='word_1_467' title='bbox 1324 3353 1472 3407; x_wconf 90' lang='lat' dir='ltr'><strong>enim</strong></span> <span class='ocrx_word' id='word_1_468' title='bbox 1506 3353 1653 3408; x_wconf 88' lang='lat' dir='ltr'><strong>Deus</strong></span> <span class='ocrx_word' id='word_1_469' title='bbox 1679 3353 1922 3410; x_wconf 81' lang='lat' dir='ltr'><strong>Verbum</strong></span> <span class='ocrx_word' id='word_1_470' title='bbox 1952 3354 1999 3409; x_wconf 83' lang='lat' dir='ltr'><strong>in</strong></span> 
     </span>
    </p>
   </div>
   <div class='ocr_carea' id='block_1_65' title="bbox 2103 3344 3698 3431">
    <p class='ocr_par' dir='ltr' id='par_1_65' title="bbox 2118 3344 3698 3431">
     <span class='ocr_line' id='line_1_65' title="bbox 2118 3344 3698 3431; baseline -0.011 -16"><span class='ocrx_word' id='word_1_471' title='bbox 2118 3360 2279 3431; x_wconf 82' lang='grc' dir='ltr'>φύσιν</span> <span class='ocrx_word' id='word_1_472' title='bbox 2308 3355 2404 3411; x_wconf 89' lang='grc' dir='ltr'><strong>τοῦ</strong></span> <span class='ocrx_word' id='word_1_473' title='bbox 2432 3351 2806 3423; x_wconf 85' lang='grc' dir='ltr'>ἀνειληφότος.</span> <span class='ocrx_word' id='word_1_474' title='bbox 2831 3350 2897 3402; x_wconf 91' lang='grc' dir='ltr'>Τί</span> <span class='ocrx_word' id='word_1_475' title='bbox 2920 3344 3013 3403; x_wconf 85' lang='grc' dir='ltr'>οὖν</span> <span class='ocrx_word' id='word_1_476' title='bbox 3042 3350 3210 3414; x_wconf 82' lang='grc' dir='ltr'>ἐστιν,</span> <span class='ocrx_word' id='word_1_477' title='bbox 3239 3366 3258 3398; x_wconf 79' lang='grc' dir='ltr'><strong>ι</strong></span> <span class='ocrx_word' id='word_1_478' title='bbox 3279 3346 3340 3400; x_wconf 86' lang='lat'><strong>&#39;0</strong></span> <span class='ocrx_word' id='word_1_479' title='bbox 3356 3347 3525 3414; x_wconf 82' lang='grc' dir='ltr'>Λόγος</span> <span class='ocrx_word' id='word_1_480' title='bbox 3553 3344 3698 3415; x_wconf 82' lang='grc' dir='ltr'>σὰρξ</span> 
     </span>
    </p>
   </div>
   <div class='ocr_carea' id='block_1_66' title="bbox 435 3446 2014 3515">
    <p class='ocr_par' dir='ltr' id='par_1_66' title="bbox 435 3446 2014 3515">
     <span class='ocr_line' id='line_1_66' title="bbox 435 3446 2014 3515; baseline 0.003 -19"><span class='ocrx_word' id='word_1_481' title='bbox 435 3456 663 3497; x_wconf 83' lang='lat' dir='ltr'><strong>carnem</strong></span> <span class='ocrx_word' id='word_1_482' title='bbox 683 3453 1012 3510; x_wconf 70' lang='grc' dir='ltr'>νει-ευεοεις</span> <span class='ocrx_word' id='word_1_483' title='bbox 1042 3459 1224 3514; x_wconf 87' lang='lat' dir='ltr'><strong>neque</strong></span> <span class='ocrx_word' id='word_1_484' title='bbox 1264 3454 1544 3515; x_wconf 89' lang='lat' dir='ltr'><strong>assumpta</strong></span> <span class='ocrx_word' id='word_1_485' title='bbox 1584 3460 1713 3500; x_wconf 91' lang='lat' dir='ltr'><strong>caro</strong></span> <span class='ocrx_word' id='word_1_486' title='bbox 1760 3446 1816 3502; x_wconf 89' lang='lat' dir='ltr'><strong>in</strong></span> <span class='ocrx_word' id='word_1_487' title='bbox 1859 3461 2014 3502; x_wconf 86' lang='lat' dir='ltr'><strong>assu-</strong></span> 
     </span>
    </p>
   </div>
   <div class='ocr_carea' id='block_1_67' title="bbox 438 3536 2013 3609">
    <p class='ocr_par' dir='ltr' id='par_1_67' title="bbox 438 3536 2013 3609">
     <span class='ocr_line' id='line_1_67' title="bbox 438 3536 2013 3609; baseline 0.003 -22"><span class='ocrx_word' id='word_1_488' title='bbox 438 3536 641 3591; x_wconf 88' lang='lat' dir='ltr'><strong>mentis</strong></span> <span class='ocrx_word' id='word_1_489' title='bbox 680 3544 934 3591; x_wconf 88' lang='lat' dir='ltr'><strong>naturam</strong></span> <span class='ocrx_word' id='word_1_490' title='bbox 985 3543 1350 3591; x_wconf 85' lang='lat' dir='ltr'><strong>transmutata</strong></span> <span class='ocrx_word' id='word_1_491' title='bbox 1395 3547 1498 3594; x_wconf 90' lang='lat' dir='ltr'><strong>est.</strong></span> <span class='ocrx_word' id='word_1_492' title='bbox 1552 3536 1696 3604; x_wconf 83' lang='lat' dir='ltr'><strong>Quid</strong></span> <span class='ocrx_word' id='word_1_493' title='bbox 1744 3553 1879 3609; x_wconf 90' lang='lat' dir='ltr'><strong>ergo</strong></span> <span class='ocrx_word' id='word_1_494' title='bbox 1904 3536 2013 3592; x_wconf 90' lang='lat' dir='ltr'><strong>sibi</strong></span> 
     </span>
    </p>
   </div>
   <div class='ocr_carea' id='block_1_68' title="bbox 437 3616 2014 3696">
    <p class='ocr_par' dir='ltr' id='par_1_68' title="bbox 437 3616 2014 3696">
     <span class='ocr_line' id='line_1_68' title="bbox 437 3616 2014 3696; baseline 0.004 -15"><span class='ocrx_word' id='word_1_495' title='bbox 437 3630 589 3684; x_wconf 90' lang='lat' dir='ltr'><strong>vult:</strong></span> <span class='ocrx_word' id='word_1_496' title='bbox 627 3616 911 3685; x_wconf 67' lang='lat' dir='ltr'><strong>«Verbum</strong></span> <span class='ocrx_word' id='word_1_497' title='bbox 972 3645 1104 3685; x_wconf 88' lang='lat' dir='ltr'><strong>caro</strong></span> <span class='ocrx_word' id='word_1_498' title='bbox 1159 3630 1364 3685; x_wconf 87' lang='lat' dir='ltr'><strong>factum</strong></span> <span class='ocrx_word' id='word_1_499' title='bbox 1412 3631 1574 3686; x_wconf 60' lang='lat' dir='ltr'><strong>est?)</strong></span> <span class='ocrx_word' id='word_1_500' title='bbox 1635 3632 1797 3687; x_wconf 86' lang='lat' dir='ltr'><strong>Aliud</strong></span> <span class='ocrx_word' id='word_1_501' title='bbox 1850 3632 2014 3696; x_wconf 88' lang='lat' dir='ltr'><strong>nihil,</strong></span> 
     </span>
    </p>
   </div>
   <div class='ocr_carea' id='block_1_69' title="bbox 439 3719 2015 3793">
    <p class='ocr_par' dir='ltr' id='par_1_69' title="bbox 439 3719 2015 3793">
     <span class='ocr_line' id='line_1_69' title="bbox 439 3719 2015 3793; baseline 0.003 -21"><span class='ocrx_word' id='word_1_502' title='bbox 439 3734 604 3787; x_wconf 84' lang='lat' dir='ltr'><strong>quam</strong></span> <span class='ocrx_word' id='word_1_503' title='bbox 635 3719 887 3775; x_wconf 84' lang='lat' dir='ltr'><strong>Verbum</strong></span> <span class='ocrx_word' id='word_1_504' title='bbox 920 3734 1145 3774; x_wconf 71' lang='lat' dir='ltr'><strong>carnem</strong></span> <span class='ocrx_word' id='word_1_505' title='bbox 1168 3721 1504 3790; x_wconf 86' lang='lat' dir='ltr'><strong>assumpsit;</strong></span> <span class='ocrx_word' id='word_1_506' title='bbox 1543 3731 1600 3778; x_wconf 89' lang='lat' dir='ltr'><strong>et</strong></span> <span class='ocrx_word' id='word_1_507' title='bbox 1643 3736 1867 3778; x_wconf 88' lang='lat' dir='ltr'><strong>carnem</strong></span> <span class='ocrx_word' id='word_1_508' title='bbox 1890 3723 2015 3793; x_wconf 90' lang='lat' dir='ltr'><strong>qui-</strong></span> 
     </span>
    </p>
   </div>
   <div class='ocr_carea' id='block_1_70' title="bbox 440 3810 2019 3886">
    <p class='ocr_par' dir='ltr' id='par_1_70' title="bbox 440 3810 2019 3886">
     <span class='ocr_line' id='line_1_70' title="bbox 440 3810 2019 3886; baseline 0.004 -23"><span class='ocrx_word' id='word_1_509' title='bbox 440 3810 567 3866; x_wconf 89' lang='lat' dir='ltr'><strong>dem</strong></span> <span class='ocrx_word' id='word_1_510' title='bbox 592 3825 702 3865; x_wconf 85' lang='lat' dir='ltr'><strong>non</strong></span> <span class='ocrx_word' id='word_1_511' title='bbox 729 3811 921 3876; x_wconf 90' lang='lat' dir='ltr'><strong>solam,</strong></span> <span class='ocrx_word' id='word_1_512' title='bbox 951 3810 1047 3867; x_wconf 90' lang='lat' dir='ltr'><strong>sed</strong></span> <span class='ocrx_word' id='word_1_513' title='bbox 1094 3827 1221 3867; x_wconf 90' lang='lat' dir='ltr'><strong>cum</strong></span> <span class='ocrx_word' id='word_1_514' title='bbox 1266 3812 1519 3868; x_wconf 89' lang='lat' dir='ltr'><strong>rationali</strong></span> <span class='ocrx_word' id='word_1_515' title='bbox 1576 3822 1634 3868; x_wconf 86' lang='lat' dir='ltr'><strong>et</strong></span> <span class='ocrx_word' id='word_1_516' title='bbox 1677 3814 2019 3886; x_wconf 88' lang='lat' dir='ltr'><strong>intelligente</strong></span> 
     </span>
    </p>
   </div>
   <div class='ocr_carea' id='block_1_71' title="bbox 442 3901 2020 3975">
    <p class='ocr_par' dir='ltr' id='par_1_71' title="bbox 442 3901 2020 3975">
     <span class='ocr_line' id='line_1_71' title="bbox 442 3901 2020 3975; baseline 0.004 -21"><span class='ocrx_word' id='word_1_517' title='bbox 442 3901 627 3955; x_wconf 83' lang='lat' dir='ltr'><strong>anima</strong></span> <span class='ocrx_word' id='word_1_518' title='bbox 668 3902 1054 3973; x_wconf 77' lang='lat' dir='ltr'><strong>coniunctam,</strong></span> <span class='ocrx_word' id='word_1_519' title='bbox 1113 3919 1236 3975; x_wconf 73' lang='lat' dir='ltr'><strong>qua:</strong></span> <span class='ocrx_word' id='word_1_520' title='bbox 1275 3903 1387 3960; x_wconf 90' lang='lat' dir='ltr'><strong>duo</strong></span> <span class='ocrx_word' id='word_1_521' title='bbox 1427 3914 1681 3961; x_wconf 88' lang='lat' dir='ltr'><strong>naturam</strong></span> <span class='ocrx_word' id='word_1_522' title='bbox 1721 3905 2020 3961; x_wconf 90' lang='lat' dir='ltr'><strong>humanam</strong></span> 
     </span>
    </p>
   </div>
   <div class='ocr_carea' id='block_1_72' title="bbox 446 3992 2022 4061">
    <p class='ocr_par' dir='ltr' id='par_1_72' title="bbox 446 3992 2022 4061">
     <span class='ocr_line' id='line_1_72' title="bbox 446 3992 2022 4061; baseline 0.003 -16"><span class='ocrx_word' id='word_1_523' title='bbox 446 3992 691 4061; x_wconf 83' lang='lat' dir='ltr'><strong>perfecte</strong></span> <span class='ocrx_word' id='word_1_524' title='bbox 717 3993 1031 4050; x_wconf 86' lang='lat' dir='ltr'><strong>absolvunt.</strong></span> <span class='ocrx_word' id='word_1_525' title='bbox 1057 3994 1140 4050; x_wconf 87' lang='lat' dir='ltr'><strong>Ad</strong></span> <span class='ocrx_word' id='word_1_526' title='bbox 1170 3995 1323 4051; x_wconf 89' lang='lat' dir='ltr'><strong>hunc</strong></span> <span class='ocrx_word' id='word_1_527' title='bbox 1361 3995 1587 4050; x_wconf 89' lang='lat' dir='ltr'><strong>modum</strong></span> <span class='ocrx_word' id='word_1_528' title='bbox 1609 3995 1855 4051; x_wconf 88' lang='lat' dir='ltr'><strong>Verbum</strong></span> <span class='ocrx_word' id='word_1_529' title='bbox 1891 4010 2022 4051; x_wconf 91' lang='lat' dir='ltr'><strong>caro</strong></span> 
     </span>
    </p>
   </div>
   <div class='ocr_carea' id='block_1_73' title="bbox 445 4083 2026 4158">
    <p class='ocr_par' dir='ltr' id='par_1_73' title="bbox 445 4083 2026 4158">
     <span class='ocr_line' id='line_1_73' title="bbox 445 4083 2026 4158; baseline 0.004 -21"><span class='ocrx_word' id='word_1_530' title='bbox 445 4083 651 4139; x_wconf 86' lang='lat' dir='ltr'><strong>factum</strong></span> <span class='ocrx_word' id='word_1_531' title='bbox 696 4093 802 4141; x_wconf 88' lang='lat' dir='ltr'><strong>est.</strong></span> <span class='ocrx_word' id='word_1_532' title='bbox 862 4086 1121 4156; x_wconf 89' lang='lat' dir='ltr'><strong>Optarem</strong></span> <span class='ocrx_word' id='word_1_533' title='bbox 1165 4087 1757 4158; x_wconf 88' lang='lat' dir='ltr'><strong>magniloquentissimi</strong></span> <span class='ocrx_word' id='word_1_534' title='bbox 1797 4086 2026 4143; x_wconf 83' lang='lat' dir='ltr'><strong>Joannis</strong></span> 
     </span>
    </p>
   </div>
   <div class='ocr_carea' id='block_1_74' title="bbox 448 4177 2028 4249">
    <p class='ocr_par' dir='ltr' id='par_1_74' title="bbox 448 4177 2028 4249">
     <span class='ocr_line' id='line_1_74' title="bbox 448 4177 2028 4249; baseline 0.003 -19"><span class='ocrx_word' id='word_1_535' title='bbox 448 4190 671 4230; x_wconf 87' lang='lat' dir='ltr'><strong>sensum</strong></span> <span class='ocrx_word' id='word_1_536' title='bbox 722 4192 821 4232; x_wconf 89' lang='lat' dir='ltr'><strong>vos</strong></span> <span class='ocrx_word' id='word_1_537' title='bbox 862 4177 1190 4249; x_wconf 88' lang='lat' dir='ltr'><strong>intelligere,</strong></span> <span class='ocrx_word' id='word_1_538' title='bbox 1237 4193 1350 4247; x_wconf 88' lang='lat' dir='ltr'><strong>quo</strong></span> <span class='ocrx_word' id='word_1_539' title='bbox 1390 4177 1689 4249; x_wconf 65' lang='lat' dir='ltr'><strong>proposita:</strong></span> <span class='ocrx_word' id='word_1_540' title='bbox 1738 4178 2028 4235; x_wconf 71' lang='lat' dir='ltr'><strong>sententia:</strong></span> 
     </span>
    </p>
   </div>
   <div class='ocr_carea' id='block_1_75' title="bbox 450 4265 2026 4341">
    <p class='ocr_par' dir='ltr' id='par_1_75' title="bbox 450 4265 2026 4341">
     <span class='ocr_line' id='line_1_75' title="bbox 450 4265 2026 4341; baseline 0.002 -22"><span class='ocrx_word' id='word_1_541' title='bbox 450 4265 560 4320; x_wconf 84' lang='lat' dir='ltr'><strong>vim</strong></span> <span class='ocrx_word' id='word_1_542' title='bbox 585 4268 1010 4336; x_wconf 89' lang='lat' dir='ltr'><strong>pernosceretis.</strong></span> <span class='ocrx_word' id='word_1_543' title='bbox 1057 4268 1297 4323; x_wconf 81' lang='lat' dir='ltr'><strong>Joannes</strong></span> <span class='ocrx_word' id='word_1_544' title='bbox 1344 4269 1653 4341; x_wconf 84' lang='lat' dir='ltr'><strong>theologus,</strong></span> <span class='ocrx_word' id='word_1_545' title='bbox 1691 4269 1919 4325; x_wconf 88' lang='lat' dir='ltr'><strong>tonitrui</strong></span> <span class='ocrx_word' id='word_1_546' title='bbox 1960 4267 2026 4322; x_wconf 82' lang='lat' dir='ltr'><strong>ﬂ-</strong></span> 
     </span>
    </p>
   </div>
   <div class='ocr_carea' id='block_1_76' title="bbox 451 4357 2029 4432">
    <p class='ocr_par' dir='ltr' id='par_1_76' title="bbox 451 4357 2029 4432">
     <span class='ocr_line' id='line_1_76' title="bbox 451 4357 2029 4432; baseline 0.004 -22"><span class='ocrx_word' id='word_1_547' title='bbox 451 4357 559 4414; x_wconf 90' lang='lat' dir='ltr'><strong>lius</strong></span> <span class='ocrx_word' id='word_1_548' title='bbox 594 4359 657 4425; x_wconf 76' lang='lat'><strong>&#39;°,</strong></span> <span class='ocrx_word' id='word_1_549' title='bbox 707 4360 803 4429; x_wconf 91' lang='lat' dir='ltr'><strong>qui</strong></span> <span class='ocrx_word' id='word_1_550' title='bbox 851 4374 1021 4431; x_wconf 88' lang='lat' dir='ltr'><strong>super</strong></span> <span class='ocrx_word' id='word_1_551' title='bbox 1059 4360 1408 4416; x_wconf 89' lang='lat' dir='ltr'><strong>Dominicum</strong></span> <span class='ocrx_word' id='word_1_552' title='bbox 1463 4369 1658 4432; x_wconf 88' lang='lat' dir='ltr'><strong>pectus</strong></span> <span class='ocrx_word' id='word_1_553' title='bbox 1704 4361 2029 4417; x_wconf 88' lang='lat' dir='ltr'><strong>recumbere</strong></span> 
     </span>
    </p>
   </div>
   <div class='ocr_carea' id='block_1_77' title="bbox 452 4452 2028 4524">
    <p class='ocr_par' dir='ltr' id='par_1_77' title="bbox 452 4452 2028 4524">
     <span class='ocr_line' id='line_1_77' title="bbox 452 4452 2028 4524; baseline 0.003 -18"><span class='ocrx_word' id='word_1_554' title='bbox 452 4453 657 4507; x_wconf 88' lang='lat' dir='ltr'><strong>meruit</strong></span> <span class='ocrx_word' id='word_1_555' title='bbox 688 4453 753 4515; x_wconf 84' lang='lat'><strong>&quot;,</strong></span> <span class='ocrx_word' id='word_1_556' title='bbox 792 4452 1034 4523; x_wconf 89' lang='lat' dir='ltr'><strong>indeque</strong></span> <span class='ocrx_word' id='word_1_557' title='bbox 1058 4452 1224 4509; x_wconf 88' lang='lat' dir='ltr'><strong>nobis</strong></span> <span class='ocrx_word' id='word_1_558' title='bbox 1257 4453 1586 4511; x_wconf 88' lang='lat' dir='ltr'><strong>sublimiora</strong></span> <span class='ocrx_word' id='word_1_559' title='bbox 1640 4454 2028 4524; x_wconf 84' lang='lat' dir='ltr'><strong>divinioraquc</strong></span> 
     </span>
    </p>
   </div>
   <div class='ocr_carea' id='block_1_78' title="bbox 452 4543 2027 4618">
    <p class='ocr_par' dir='ltr' id='par_1_78' title="bbox 452 4543 2027 4618">
     <span class='ocr_line' id='line_1_78' title="bbox 452 4543 2027 4618; baseline 0.002 -21"><span class='ocrx_word' id='word_1_560' title='bbox 452 4543 709 4613; x_wconf 85' lang='lat' dir='ltr'><strong>dogmata</strong></span> <span class='ocrx_word' id='word_1_561' title='bbox 731 4543 937 4608; x_wconf 88' lang='lat' dir='ltr'><strong>hausit,</strong></span> <span class='ocrx_word' id='word_1_562' title='bbox 969 4559 1096 4600; x_wconf 89' lang='lat' dir='ltr'><strong>cum</strong></span> <span class='ocrx_word' id='word_1_563' title='bbox 1126 4545 1394 4601; x_wconf 78' lang='lat' dir='ltr'><strong>eximiam</strong></span> <span class='ocrx_word' id='word_1_564' title='bbox 1436 4545 1535 4601; x_wconf 90' lang='lat' dir='ltr'><strong>Dei</strong></span> <span class='ocrx_word' id='word_1_565' title='bbox 1564 4561 1692 4618; x_wconf 81' lang='lat' dir='ltr'><strong>erga</strong></span> <span class='ocrx_word' id='word_1_566' title='bbox 1732 4562 1834 4603; x_wconf 89' lang='lat' dir='ltr'><strong>nos</strong></span> <span class='ocrx_word' id='word_1_567' title='bbox 1864 4546 2027 4611; x_wconf 81' lang='lat' dir='ltr'><strong>beni-</strong></span> 
     </span>
    </p>
   </div>
   <div class='ocr_carea' id='block_1_79' title="bbox 2114 3436 3693 3519">
    <p class='ocr_par' dir='ltr' id='par_1_79' title="bbox 2114 3436 3693 3519">
     <span class='ocr_line' id='line_1_79' title="bbox 2114 3436 3693 3519; baseline -0.009 -15"><span class='ocrx_word' id='word_1_568' title='bbox 2114 3450 2366 3519; x_wconf 73' lang='grc' dir='ltr'>ἐγὲνετος</span> <span class='ocrx_word' id='word_1_569' title='bbox 2411 3464 2430 3498; x_wconf 73' lang='grc' dir='ltr'><strong>ι</strong></span> <span class='ocrx_word' id='word_1_570' title='bbox 2480 3442 2762 3507; x_wconf 81' lang='grc' dir='ltr'>Τουτέστι,</span> <span class='ocrx_word' id='word_1_571' title='bbox 2806 3439 2986 3512; x_wconf 83' lang='grc' dir='ltr'>σάρκα</span> <span class='ocrx_word' id='word_1_572' title='bbox 3033 3438 3216 3500; x_wconf 72' lang='grc' dir='ltr'>ἔλαϐε,</span> <span class='ocrx_word' id='word_1_573' title='bbox 3251 3437 3348 3491; x_wconf 59' lang='grc' dir='ltr'><strong>καὶ⁵</strong></span> <span class='ocrx_word' id='word_1_574' title='bbox 3402 3436 3583 3508; x_wconf 83' lang='grc' dir='ltr'>σάρκα</span> <span class='ocrx_word' id='word_1_575' title='bbox 3625 3437 3693 3490; x_wconf 83' lang='grc' dir='ltr'>οὐ</span> 
     </span>
    </p>
   </div>
   <div class='ocr_carea' id='block_1_80' title="bbox 2115 3529 3694 3611">
    <p class='ocr_par' dir='ltr' id='par_1_80' title="bbox 2115 3529 3694 3611">
     <span class='ocr_line' id='line_1_80' title="bbox 2115 3529 3694 3611; baseline -0.009 -15"><span class='ocrx_word' id='word_1_576' title='bbox 2115 3540 2298 3611; x_wconf 73' lang='grc' dir='ltr'>ψιλὴν,</span> <span class='ocrx_word' id='word_1_577' title='bbox 2332 3536 2469 3593; x_wconf 84' lang='grc' dir='ltr'><strong>ἀλλά</strong></span> <span class='ocrx_word' id='word_1_578' title='bbox 2496 3535 2597 3606; x_wconf 80' lang='grc' dir='ltr'>τὴν</span> <span class='ocrx_word' id='word_1_579' title='bbox 2645 3533 2785 3604; x_wconf 85' lang='grc' dir='ltr'><strong>μετά</strong></span> <span class='ocrx_word' id='word_1_580' title='bbox 2833 3530 3015 3602; x_wconf 78' lang='grc' dir='ltr'>ψυχῆς</span> <span class='ocrx_word' id='word_1_581' title='bbox 3058 3529 3285 3600; x_wconf 82' lang='grc' dir='ltr'>λογικῆς</span> <span class='ocrx_word' id='word_1_582' title='bbox 3331 3530 3426 3582; x_wconf 78' lang='grc' dir='ltr'>καὶ</span> <span class='ocrx_word' id='word_1_583' title='bbox 3477 3530 3694 3597; x_wconf 75' lang='grc' dir='ltr'>νοερᾶς,</span> 
     </span>
    </p>
   </div>
   <div class='ocr_carea' id='block_1_81' title="bbox 2117 3619 3697 3703">
    <p class='ocr_par' dir='ltr' id='par_1_81' title="bbox 2117 3619 3697 3703">
     <span class='ocr_line' id='line_1_81' title="bbox 2117 3619 3697 3703; baseline -0.008 -19"><span class='ocrx_word' id='word_1_584' title='bbox 2117 3635 2254 3703; x_wconf 85' lang='grc' dir='ltr'>ὅπερ</span> <span class='ocrx_word' id='word_1_585' title='bbox 2282 3630 2399 3683; x_wconf 71' lang='grc' dir='ltr'>ἐστὶ</span> <span class='ocrx_word' id='word_1_586' title='bbox 2427 3626 2609 3680; x_wconf 87' lang='grc' dir='ltr'>τελεία</span> <span class='ocrx_word' id='word_1_587' title='bbox 2635 3627 2670 3696; x_wconf 80' lang='grc' dir='ltr'>ἠ</span> <span class='ocrx_word' id='word_1_588' title='bbox 2710 3623 2956 3695; x_wconf 80' lang='grc' dir='ltr'>ἡμετέρα</span> <span class='ocrx_word' id='word_1_589' title='bbox 3000 3621 3184 3692; x_wconf 82' lang='grc' dir='ltr'>φύσις.</span> <span class='ocrx_word' id='word_1_590' title='bbox 3234 3619 3422 3684; x_wconf 82' lang='grc' dir='ltr'>Οὕτως</span> <span class='ocrx_word' id='word_1_591' title='bbox 3458 3621 3489 3672; x_wconf 93' lang='lat'><strong>6</strong></span> <span class='ocrx_word' id='word_1_592' title='bbox 3524 3621 3697 3693; x_wconf 82' lang='grc' dir='ltr'>Λόγος</span> 
     </span>
    </p>
   </div>
   <div class='ocr_carea' id='block_1_82' title="bbox 2122 3711 3701 3796">
    <p class='ocr_par' dir='ltr' id='par_1_82' title="bbox 2122 3711 3701 3796">
     <span class='ocr_line' id='line_1_82' title="bbox 2122 3711 3701 3796; baseline -0.009 -19"><span class='ocrx_word' id='word_1_593' title='bbox 2122 3723 2264 3796; x_wconf 75' lang='grc' dir='ltr'>σὰρξ</span> <span class='ocrx_word' id='word_1_594' title='bbox 2291 3722 2529 3791; x_wconf 80' lang='grc' dir='ltr'>ἐγένετο.</span> <span class='ocrx_word' id='word_1_595' title='bbox 2578 3716 2909 3787; x_wconf 86' lang='grc' dir='ltr'>Ἐϐουλόμην</span> <span class='ocrx_word' id='word_1_596' title='bbox 2940 3714 2998 3767; x_wconf 86' lang='grc' dir='ltr'><strong>δέ</strong></span> <span class='ocrx_word' id='word_1_597' title='bbox 3022 3715 3166 3785; x_wconf 82' lang='grc' dir='ltr'>ὑμᾶς</span> <span class='ocrx_word' id='word_1_598' title='bbox 3202 3712 3299 3767; x_wconf 76' lang='grc' dir='ltr'>καὶ</span> <span class='ocrx_word' id='word_1_599' title='bbox 3324 3711 3421 3783; x_wconf 85' lang='grc' dir='ltr'>τὴν</span> <span class='ocrx_word' id='word_1_600' title='bbox 3458 3711 3701 3767; x_wconf 84' lang='grc' dir='ltr'>διάνοιαν</span> 
     </span>
    </p>
   </div>
   <div class='ocr_carea' id='block_1_83' title="bbox 2120 3802 3700 3885">
    <p class='ocr_par' dir='ltr' id='par_1_83' title="bbox 2120 3802 3700 3885">
     <span class='ocr_line' id='line_1_83' title="bbox 2120 3802 3700 3885; baseline -0.009 -14"><span class='ocrx_word' id='word_1_601' title='bbox 2120 3816 2215 3871; x_wconf 86' lang='grc' dir='ltr'><strong>τοῦ</strong></span> <span class='ocrx_word' id='word_1_602' title='bbox 2261 3809 2779 3885; x_wconf 83' lang='grc' dir='ltr'>μεγαλοφωνοτάτου</span> <span class='ocrx_word' id='word_1_603' title='bbox 2826 3807 3077 3861; x_wconf 87' lang='grc' dir='ltr'>Ἰωάννου</span> <span class='ocrx_word' id='word_1_604' title='bbox 3122 3804 3348 3874; x_wconf 85' lang='grc' dir='ltr'>γνῶναι,</span> <span class='ocrx_word' id='word_1_605' title='bbox 3381 3803 3469 3857; x_wconf 84' lang='grc' dir='ltr'>ἵνα</span> <span class='ocrx_word' id='word_1_606' title='bbox 3518 3802 3700 3872; x_wconf 78' lang='grc' dir='ltr'>εἰδῆτε</span> 
     </span>
    </p>
   </div>
   <div class='ocr_carea' id='block_1_84' title="bbox 2121 3895 3702 3976">
    <p class='ocr_par' dir='ltr' id='par_1_84' title="bbox 2121 3895 3702 3976">
     <span class='ocr_line' id='line_1_84' title="bbox 2121 3895 3702 3976; baseline -0.009 -15"><span class='ocrx_word' id='word_1_607' title='bbox 2121 3907 2217 3962; x_wconf 90' lang='grc' dir='ltr'><strong>τοῦ</strong></span> <span class='ocrx_word' id='word_1_608' title='bbox 2261 3902 2663 3976; x_wconf 82' lang='grc' dir='ltr'>προειρημένου</span> <span class='ocrx_word' id='word_1_609' title='bbox 2694 3901 2793 3970; x_wconf 83' lang='grc' dir='ltr'><strong>τὴν</strong></span> <span class='ocrx_word' id='word_1_610' title='bbox 2835 3899 3086 3969; x_wconf 74' lang='grc' dir='ltr'>δύναμιν.</span> <span class='ocrx_word' id='word_1_611' title='bbox 3131 3895 3194 3952; x_wconf 86' lang='grc' dir='ltr'>Ὀ</span> <span class='ocrx_word' id='word_1_612' title='bbox 3234 3895 3483 3964; x_wconf 84' lang='grc' dir='ltr'>θεολόγος</span> <span class='ocrx_word' id='word_1_613' title='bbox 3519 3895 3702 3949; x_wconf 77' lang='grc' dir='ltr'>Ἰωάνε-</span> 
     </span>
    </p>
   </div>
   <div class='ocr_carea' id='block_1_85' title="bbox 2125 3985 3707 4070">
    <p class='ocr_par' dir='ltr' id='par_1_85' title="bbox 2125 3985 3707 4070">
     <span class='ocr_line' id='line_1_85' title="bbox 2125 3985 3707 4070; baseline -0.009 -18"><span class='ocrx_word' id='word_1_614' title='bbox 2125 4017 2246 4070; x_wconf 91' lang='grc' dir='ltr'>νης,</span> <span class='ocrx_word' id='word_1_615' title='bbox 2278 3999 2307 4050; x_wconf 90' lang='grc' dir='ltr'><strong>ὁ</strong></span> <span class='ocrx_word' id='word_1_616' title='bbox 2339 3997 2436 4067; x_wconf 83' lang='grc' dir='ltr'><strong>τῆς</strong></span> <span class='ocrx_word' id='word_1_617' title='bbox 2466 3993 2697 4065; x_wconf 81' lang='grc' dir='ltr'>βροντῆς</span> <span class='ocrx_word' id='word_1_618' title='bbox 2730 3990 2865 4055; x_wconf 76' lang='grc' dir='ltr'>υίὸς,</span> <span class='ocrx_word' id='word_1_619' title='bbox 2911 3991 2940 4045; x_wconf 92' lang='lat'><strong>6</strong></span> <span class='ocrx_word' id='word_1_620' title='bbox 2969 3987 3328 4053; x_wconf 81' lang='grc' dir='ltr'>καταξιωθεὶς</span> <span class='ocrx_word' id='word_1_621' title='bbox 3361 3987 3458 4039; x_wconf 76' lang='grc' dir='ltr'>ἐπὶ</span> <span class='ocrx_word' id='word_1_622' title='bbox 3484 3985 3578 4039; x_wconf 83' lang='grc' dir='ltr'><strong>τοῦ</strong></span> <span class='ocrx_word' id='word_1_623' title='bbox 3606 3989 3707 4039; x_wconf 87' lang='grc' dir='ltr'><strong>Δε-</strong></span> 
     </span>
    </p>
   </div>
   <div class='ocr_carea' id='block_1_86' title="bbox 2127 4078 3709 4155">
    <p class='ocr_par' dir='ltr' id='par_1_86' title="bbox 2127 4078 3709 4155">
     <span class='ocr_line' id='line_1_86' title="bbox 2127 4078 3709 4155; baseline -0.008 -12"><span class='ocrx_word' id='word_1_624' title='bbox 2127 4087 2388 4143; x_wconf 88' lang='grc' dir='ltr'>σποτικοῦ</span> <span class='ocrx_word' id='word_1_625' title='bbox 2419 4084 2650 4155; x_wconf 84' lang='grc' dir='ltr'>στήθους</span> <span class='ocrx_word' id='word_1_626' title='bbox 2698 4082 3064 4152; x_wconf 81' lang='grc' dir='ltr'>ἀνακλιθῆναι</span> <span class='ocrx_word' id='word_1_627' title='bbox 3096 4092 3141 4146; x_wconf 74' lang='grc' dir='ltr'><strong>τ,</strong></span> <span class='ocrx_word' id='word_1_628' title='bbox 3177 4079 3432 4134; x_wconf 86' lang='grc' dir='ltr'>κάκεῖθεν</span> <span class='ocrx_word' id='word_1_629' title='bbox 3464 4080 3596 4148; x_wconf 82' lang='grc' dir='ltr'>ἡμῖν</span> <span class='ocrx_word' id='word_1_630' title='bbox 3635 4078 3709 4130; x_wconf 72' lang='grc' dir='ltr'><strong>τὰ</strong></span> 
     </span>
    </p>
   </div>
   <div class='ocr_carea' id='block_1_87' title="bbox 2128 4170 3711 4252">
    <p class='ocr_par' dir='ltr' id='par_1_87' title="bbox 2128 4170 3711 4252">
     <span class='ocr_line' id='line_1_87' title="bbox 2128 4170 3711 4252; baseline -0.01 -15"><span class='ocrx_word' id='word_1_631' title='bbox 2128 4181 2440 4252; x_wconf 70' lang='grc' dir='ltr'>ὑψηλότερα</span> <span class='ocrx_word' id='word_1_632' title='bbox 2470 4177 2565 4232; x_wconf 76' lang='grc' dir='ltr'>καὶ</span> <span class='ocrx_word' id='word_1_633' title='bbox 2588 4176 2838 4247; x_wconf 88' lang='grc' dir='ltr'>θειότερα</span> <span class='ocrx_word' id='word_1_634' title='bbox 2872 4187 2895 4213; x_wconf 73' lang='grc'>³</span> <span class='ocrx_word' id='word_1_635' title='bbox 2918 4174 3263 4245; x_wconf 85' lang='grc' dir='ltr'>ἀρυσάμενος</span> <span class='ocrx_word' id='word_1_636' title='bbox 3294 4171 3560 4243; x_wconf 86' lang='grc' dir='ltr'>δόγματα,</span> <span class='ocrx_word' id='word_1_637' title='bbox 3591 4170 3711 4240; x_wconf 71' lang='grc' dir='ltr'>βού·</span> 
     </span>
    </p>
   </div>
   <div class='ocr_carea' id='block_1_88' title="bbox 2126 4259 3711 4341">
    <p class='ocr_par' dir='ltr' id='par_1_88' title="bbox 2126 4259 3711 4341">
     <span class='ocr_line' id='line_1_88' title="bbox 2126 4259 3711 4341; baseline -0.01 -14"><span class='ocrx_word' id='word_1_638' title='bbox 2126 4274 2281 4327; x_wconf 88' lang='grc' dir='ltr'>λεται</span> <span class='ocrx_word' id='word_1_639' title='bbox 2312 4269 2665 4341; x_wconf 83' lang='grc' dir='ltr'>παραστῆσαι</span> <span class='ocrx_word' id='word_1_640' title='bbox 2697 4267 2795 4339; x_wconf 84' lang='grc' dir='ltr'>τὴν</span> <span class='ocrx_word' id='word_1_641' title='bbox 2830 4264 3282 4337; x_wconf 82' lang='grc' dir='ltr'>ὑπερϐάλλουσαν</span> <span class='ocrx_word' id='word_1_642' title='bbox 3298 4259 3395 4317; x_wconf 88' lang='grc' dir='ltr'><strong>τοῦ</strong></span> <span class='ocrx_word' id='word_1_643' title='bbox 3416 4259 3553 4315; x_wconf 90' lang='grc' dir='ltr'>Θεοῦ</span> <span class='ocrx_word' id='word_1_644' title='bbox 3580 4261 3711 4331; x_wconf 76' lang='grc' dir='ltr'>περὶ</span> 
     </span>
    </p>
   </div>
   <div class='ocr_carea' id='block_1_89' title="bbox 2130 4350 3710 4436">
    <p class='ocr_par' dir='ltr' id='par_1_89' title="bbox 2130 4350 3710 4436">
     <span class='ocr_line' id='line_1_89' title="bbox 2130 4350 3710 4436; baseline -0.009 -19"><span class='ocrx_word' id='word_1_645' title='bbox 2130 4367 2281 4436; x_wconf 77' lang='grc' dir='ltr'>ἡμᾶς</span> <span class='ocrx_word' id='word_1_646' title='bbox 2321 4361 2767 4433; x_wconf 83' lang='grc' dir='ltr'>φιλανθρωπίαν·</span> <span class='ocrx_word' id='word_1_647' title='bbox 2808 4359 2901 4413; x_wconf 74' lang='grc' dir='ltr'>καὶ</span> <span class='ocrx_word' id='word_1_648' title='bbox 2946 4356 3164 4429; x_wconf 80' lang='grc' dir='ltr'>πρῶτον</span> <span class='ocrx_word' id='word_1_649' title='bbox 3192 4352 3431 4429; x_wconf 73' lang='grc' dir='ltr'>εἰρηκὼς</span> <span class='ocrx_word' id='word_1_650' title='bbox 3466 4351 3535 4406; x_wconf 78' lang='grc' dir='ltr'><strong>τά</strong></span> <span class='ocrx_word' id='word_1_651' title='bbox 3568 4350 3710 4405; x_wconf 63' lang='grc' dir='ltr'>θειόε-</span> 
     </span>
    </p>
   </div>
   <div class='ocr_carea' id='block_1_90' title="bbox 2130 4437 3713 4526">
    <p class='ocr_par' dir='ltr' id='par_1_90' title="bbox 2130 4437 3713 4526">
     <span class='ocr_line' id='line_1_90' title="bbox 2130 4437 3713 4526; baseline -0.008 -19"><span class='ocrx_word' id='word_1_652' title='bbox 2130 4472 2265 4526; x_wconf 83' lang='grc' dir='ltr'>τερα</span> <span class='ocrx_word' id='word_1_653' title='bbox 2284 4470 2298 4484; x_wconf 77' lang='grc' dir='ltr'><strong><em>ο</em></strong></span> <span class='ocrx_word' id='word_1_654' title='bbox 2334 4472 2353 4504; x_wconf 80' lang='grc' dir='ltr'><strong>ι</strong></span> <span class='ocrx_word' id='word_1_655' title='bbox 2398 4452 2487 4504; x_wconf 85' lang='grc' dir='ltr'><strong>Ἑν</strong></span> <span class='ocrx_word' id='word_1_656' title='bbox 2520 4451 2662 4521; x_wconf 77' lang='grc' dir='ltr'>ἀρχῇ</span> <span class='ocrx_word' id='word_1_657' title='bbox 2693 4443 2761 4519; x_wconf 84' lang='grc' dir='ltr'>ἦν</span> <span class='ocrx_word' id='word_1_658' title='bbox 2788 4449 2817 4501; x_wconf 93' lang='lat'><strong>6</strong></span> <span class='ocrx_word' id='word_1_659' title='bbox 2852 4446 3047 4515; x_wconf 88' lang='grc' dir='ltr'>Λόγος,</span> <span class='ocrx_word' id='word_1_660' title='bbox 3096 4445 3191 4499; x_wconf 78' lang='grc' dir='ltr'><strong>καὶ</strong></span> <span class='ocrx_word' id='word_1_661' title='bbox 3222 4445 3252 4498; x_wconf 90' lang='lat'><strong>6</strong></span> <span class='ocrx_word' id='word_1_662' title='bbox 3279 4444 3453 4512; x_wconf 86' lang='grc' dir='ltr'>Λόγος</span> <span class='ocrx_word' id='word_1_663' title='bbox 3480 4437 3550 4514; x_wconf 81' lang='grc' dir='ltr'>ἦν</span> <span class='ocrx_word' id='word_1_664' title='bbox 3575 4442 3713 4512; x_wconf 78' lang='grc' dir='ltr'>πρὸς</span> 
     </span>
    </p>
   </div>
   <div class='ocr_carea' id='block_1_91' title="bbox 2132 4529 3714 4610">
    <p class='ocr_par' dir='ltr' id='par_1_91' title="bbox 2132 4529 3714 4610">
     <span class='ocr_line' id='line_1_91' title="bbox 2132 4529 3714 4610; baseline -0.008 -11"><span class='ocrx_word' id='word_1_665' title='bbox 2132 4545 2222 4599; x_wconf 87' lang='grc' dir='ltr'><strong>τὸν</strong></span> <span class='ocrx_word' id='word_1_666' title='bbox 2242 4543 2395 4608; x_wconf 86' lang='grc' dir='ltr'>Θεὸν,</span> <span class='ocrx_word' id='word_1_667' title='bbox 2433 4541 2528 4595; x_wconf 80' lang='grc' dir='ltr'>καὶ</span> <span class='ocrx_word' id='word_1_668' title='bbox 2564 4539 2698 4603; x_wconf 88' lang='grc' dir='ltr'>Θεὸς</span> <span class='ocrx_word' id='word_1_669' title='bbox 2730 4534 2799 4610; x_wconf 82' lang='grc' dir='ltr'><strong>ῆν</strong></span> <span class='ocrx_word' id='word_1_670' title='bbox 2849 4540 2878 4591; x_wconf 92' lang='lat'><strong>6</strong></span> <span class='ocrx_word' id='word_1_671' title='bbox 2917 4537 3123 4605; x_wconf 75' lang='grc' dir='ltr'>Λόγοςο</span> <span class='ocrx_word' id='word_1_672' title='bbox 3153 4529 3307 4599; x_wconf 72' lang='grc' dir='ltr'>οὗτος</span> <span class='ocrx_word' id='word_1_673' title='bbox 3348 4529 3417 4605; x_wconf 80' lang='grc' dir='ltr'>ἦν</span> <span class='ocrx_word' id='word_1_674' title='bbox 3462 4536 3522 4587; x_wconf 90' lang='grc' dir='ltr'><strong>ἐν</strong></span> <span class='ocrx_word' id='word_1_675' title='bbox 3568 4534 3714 4604; x_wconf 77' lang='grc' dir='ltr'>ἀρχῇ</span> 
     </span>
    </p>
   </div>
   <div class='ocr_carea' id='block_1_92' title="bbox 454 4623 1999 4711">
    <p class='ocr_par' dir='ltr' id='par_1_92' title="bbox 454 4636 1999 4709">
     <span class='ocr_line' id='line_1_92' title="bbox 454 4636 1999 4709; baseline 0.001 -20"><span class='ocrx_word' id='word_1_676' title='bbox 454 4637 714 4706; x_wconf 81' lang='lat' dir='ltr'><strong>gnitatcm</strong></span> <span class='ocrx_word' id='word_1_677' title='bbox 742 4636 1129 4692; x_wconf 88' lang='lat' dir='ltr'><strong>commendare</strong></span> <span class='ocrx_word' id='word_1_678' title='bbox 1156 4637 1341 4702; x_wconf 88' lang='lat' dir='ltr'><strong>vellet,</strong></span> <span class='ocrx_word' id='word_1_679' title='bbox 1373 4652 1437 4693; x_wconf 91' lang='lat' dir='ltr'><strong>ac</strong></span> <span class='ocrx_word' id='word_1_680' title='bbox 1470 4638 1651 4709; x_wconf 89' lang='lat' dir='ltr'><strong>primo</strong></span> <span class='ocrx_word' id='word_1_681' title='bbox 1693 4637 1917 4709; x_wconf 90' lang='lat' dir='ltr'><strong>quidem</strong></span> <span class='ocrx_word' id='word_1_682' title='bbox 1941 4636 1999 4691; x_wconf 90' lang='lat' dir='ltr'><strong>di</strong></span> 
     </span>
    </p>
   </div>
   <div class='ocr_carea' id='block_1_93' title="bbox 2103 4623 3716 4711">
    <p class='ocr_par' dir='ltr' id='par_1_93' title="bbox 2103 4623 3716 4708">
     <span class='ocr_line' id='line_1_93' title="bbox 2103 4623 3716 4708; baseline -0.009 -18"><span class='ocrx_word' id='word_1_683' title='bbox 2103 4669 2107 4697; x_wconf 79' lang='lat'>.</span> <span class='ocrx_word' id='word_1_684' title='bbox 2136 4637 2273 4708; x_wconf 81' lang='grc' dir='ltr'>πρὸς</span> <span class='ocrx_word' id='word_1_685' title='bbox 2307 4634 2399 4687; x_wconf 84' lang='grc' dir='ltr'><strong>τὸν</strong></span> <span class='ocrx_word' id='word_1_686' title='bbox 2431 4630 2595 4685; x_wconf 85' lang='grc' dir='ltr'>Θεόν·</span> <span class='ocrx_word' id='word_1_687' title='bbox 2631 4630 2809 4684; x_wconf 87' lang='grc' dir='ltr'>πάντα</span> <span class='ocrx_word' id='word_1_688' title='bbox 2842 4629 2911 4682; x_wconf 86' lang='grc' dir='ltr'><strong>δι’</strong></span> <span class='ocrx_word' id='word_1_689' title='bbox 2942 4626 3107 4684; x_wconf 83' lang='grc' dir='ltr'>αὑτοῦ</span> <span class='ocrx_word' id='word_1_690' title='bbox 3153 4626 3393 4696; x_wconf 82' lang='grc' dir='ltr'>ἐγένετο,</span> <span class='ocrx_word' id='word_1_691' title='bbox 3423 4624 3520 4677; x_wconf 80' lang='grc' dir='ltr'><strong>καὶ</strong></span> <span class='ocrx_word' id='word_1_692' title='bbox 3546 4623 3716 4693; x_wconf 77' lang='grc' dir='ltr'>χωρὶς</span> 
     </span>
    </p>
   </div>
   <div class='ocr_carea' id='block_1_94' title="bbox 456 4714 1999 4799">
    <p class='ocr_par' dir='ltr' id='par_1_94' title="bbox 456 4725 1999 4799">
     <span class='ocr_line' id='line_1_94' title="bbox 456 4725 1999 4799; baseline -0.004 -15"><span class='ocrx_word' id='word_1_693' title='bbox 456 4729 671 4784; x_wconf 87' lang='lat' dir='ltr'><strong>vmiora</strong></span> <span class='ocrx_word' id='word_1_694' title='bbox 702 4727 794 4782; x_wconf 90' lang='lat' dir='ltr'><strong>illa</strong></span> <span class='ocrx_word' id='word_1_695' title='bbox 823 4727 1413 4799; x_wconf 64' lang='lat' dir='ltr'><strong>praamisissetmempe</strong></span> <span class='ocrx_word' id='word_1_696' title='bbox 1439 4729 1559 4785; x_wconf 66' lang='lat' dir='ltr'><strong>haac</strong></span> <span class='ocrx_word' id='word_1_697' title='bbox 1583 4746 1596 4783; x_wconf 90' lang='lat'><strong>:</strong></span> <span class='ocrx_word' id='word_1_698' title='bbox 1635 4747 1653 4779; x_wconf 82' lang='grc' dir='ltr'><strong>ι</strong></span> <span class='ocrx_word' id='word_1_699' title='bbox 1674 4727 1734 4782; x_wconf 84' lang='lat' dir='ltr'><strong>ln</strong></span> <span class='ocrx_word' id='word_1_700' title='bbox 1754 4725 1999 4796; x_wconf 88' lang='lat' dir='ltr'><strong>principi</strong></span> 
     </span>
    </p>
   </div>
   <div class='ocr_carea' id='block_1_95' title="bbox 2103 4714 3721 4799">
    <p class='ocr_par' dir='ltr' id='par_1_95' title="bbox 2133 4714 3721 4795">
     <span class='ocr_line' id='line_1_95' title="bbox 2133 4714 3721 4795; baseline -0.011 -12"><span class='ocrx_word' id='word_1_701' title='bbox 2133 4726 2300 4784; x_wconf 85' lang='grc' dir='ltr'>αὑτοῦ</span> <span class='ocrx_word' id='word_1_702' title='bbox 2329 4725 2553 4795; x_wconf 75' lang='grc' dir='ltr'>ἐγένετο</span> <span class='ocrx_word' id='word_1_703' title='bbox 2578 4723 2702 4777; x_wconf 85' lang='grc' dir='ltr'>οὐδέ</span> <span class='ocrx_word' id='word_1_704' title='bbox 2729 4720 2808 4785; x_wconf 81' lang='grc' dir='ltr'>ἓν,</span> <span class='ocrx_word' id='word_1_705' title='bbox 2845 4719 2875 4773; x_wconf 84' lang='lat'><strong>6</strong></span> <span class='ocrx_word' id='word_1_706' title='bbox 2904 4719 3127 4788; x_wconf 79' lang='grc' dir='ltr'>γέγονεν</span> <span class='ocrx_word' id='word_1_707' title='bbox 3146 4734 3161 4749; x_wconf 88' lang='grc'><strong>·</strong></span> <span class='ocrx_word' id='word_1_708' title='bbox 3207 4735 3226 4769; x_wconf 69' lang='grc' dir='ltr'><strong>ι</strong></span> <span class='ocrx_word' id='word_1_709' title='bbox 3265 4717 3355 4770; x_wconf 84' lang='grc' dir='ltr'>ὅτε</span> <span class='ocrx_word' id='word_1_710' title='bbox 3390 4714 3592 4781; x_wconf 77' lang='grc' dir='ltr'>ἔδειξεν</span> <span class='ocrx_word' id='word_1_711' title='bbox 3618 4715 3721 4766; x_wconf 80' lang='grc' dir='ltr'><strong>αὺ-</strong></span> 
     </span>
    </p>
   </div>
   <div class='ocr_carea' id='block_1_96' title="bbox 456 4805 1999 4891">
    <p class='ocr_par' dir='ltr' id='par_1_96' title="bbox 456 4817 1999 4891">
     <span class='ocr_line' id='line_1_96' title="bbox 456 4817 1999 4891; baseline -0.005 -14"><span class='ocrx_word' id='word_1_712' title='bbox 456 4831 579 4877; x_wconf 90' lang='lat' dir='ltr'><strong>crat</strong></span> <span class='ocrx_word' id='word_1_713' title='bbox 611 4819 875 4887; x_wconf 89' lang='lat' dir='ltr'><strong>Verbum,</strong></span> <span class='ocrx_word' id='word_1_714' title='bbox 896 4828 953 4877; x_wconf 90' lang='lat' dir='ltr'><strong>et</strong></span> <span class='ocrx_word' id='word_1_715' title='bbox 974 4819 1215 4876; x_wconf 89' lang='lat' dir='ltr'><strong>Verbum</strong></span> <span class='ocrx_word' id='word_1_716' title='bbox 1237 4828 1357 4876; x_wconf 91' lang='lat' dir='ltr'><strong>erat</strong></span> <span class='ocrx_word' id='word_1_717' title='bbox 1396 4820 1540 4891; x_wconf 91' lang='lat' dir='ltr'><strong>apud</strong></span> <span class='ocrx_word' id='word_1_718' title='bbox 1568 4820 1764 4882; x_wconf 89' lang='lat' dir='ltr'><strong>Deum,</strong></span> <span class='ocrx_word' id='word_1_719' title='bbox 1787 4826 1845 4872; x_wconf 89' lang='lat' dir='ltr'><strong>et</strong></span> <span class='ocrx_word' id='word_1_720' title='bbox 1888 4817 1999 4871; x_wconf 90' lang='lat' dir='ltr'><strong>Deu</strong></span> 
     </span>
    </p>
   </div>
   <div class='ocr_carea' id='block_1_97' title="bbox 2103 4805 3720 4891">
    <p class='ocr_par' dir='ltr' id='par_1_97' title="bbox 2133 4805 3720 4885">
     <span class='ocr_line' id='line_1_97' title="bbox 2133 4805 3720 4885; baseline -0.011 -10"><span class='ocrx_word' id='word_1_721' title='bbox 2133 4821 2224 4875; x_wconf 78' lang='grc' dir='ltr'><strong>τὸν</strong></span> <span class='ocrx_word' id='word_1_722' title='bbox 2274 4816 2543 4872; x_wconf 78' lang='grc' dir='ltr'>συναῖδιον</span> <span class='ocrx_word' id='word_1_723' title='bbox 2581 4813 2660 4885; x_wconf 86' lang='grc' dir='ltr'>τῷ</span> <span class='ocrx_word' id='word_1_724' title='bbox 2706 4810 2901 4883; x_wconf 87' lang='grc' dir='ltr'>Πατρί.</span> <span class='ocrx_word' id='word_1_725' title='bbox 2955 4808 3063 4863; x_wconf 88' lang='grc' dir='ltr'>Τοῦ</span> <span class='ocrx_word' id='word_1_726' title='bbox 3108 4808 3218 4878; x_wconf 86' lang='grc' dir='ltr'>γὰρ</span> <span class='ocrx_word' id='word_1_727' title='bbox 3267 4809 3326 4860; x_wconf 87' lang='grc' dir='ltr'><strong>ἐν</strong></span> <span class='ocrx_word' id='word_1_728' title='bbox 3373 4807 3516 4877; x_wconf 81' lang='grc' dir='ltr'>ἀρχῇ</span> <span class='ocrx_word' id='word_1_729' title='bbox 3564 4805 3720 4858; x_wconf 82' lang='grc' dir='ltr'>οὐδὲν</span> 
     </span>
    </p>
   </div>
   <div class='ocr_carea' id='block_1_98' title="bbox 457 4896 1999 4986">
    <p class='ocr_par' dir='ltr' id='par_1_98' title="bbox 457 4909 1998 4986">
     <span class='ocr_line' id='line_1_98' title="bbox 457 4909 1998 4986; baseline -0.006 -13"><span class='ocrx_word' id='word_1_730' title='bbox 457 4926 578 4973; x_wconf 90' lang='lat' dir='ltr'><strong>crat</strong></span> <span class='ocrx_word' id='word_1_731' title='bbox 616 4915 878 4985; x_wconf 90' lang='lat' dir='ltr'><strong>Verbum;</strong></span> <span class='ocrx_word' id='word_1_732' title='bbox 931 4917 1038 4974; x_wconf 91' lang='lat' dir='ltr'><strong>hoc</strong></span> <span class='ocrx_word' id='word_1_733' title='bbox 1090 4926 1211 4973; x_wconf 89' lang='lat' dir='ltr'><strong>erat</strong></span> <span class='ocrx_word' id='word_1_734' title='bbox 1240 4915 1295 4971; x_wconf 88' lang='lat' dir='ltr'><strong>iu</strong></span> <span class='ocrx_word' id='word_1_735' title='bbox 1331 4913 1607 4986; x_wconf 91' lang='lat' dir='ltr'><strong>principio</strong></span> <span class='ocrx_word' id='word_1_736' title='bbox 1634 4910 1780 4980; x_wconf 87' lang='lat' dir='ltr'><strong>apud</strong></span> <span class='ocrx_word' id='word_1_737' title='bbox 1825 4909 1998 4964; x_wconf 90' lang='lat' dir='ltr'><strong>Deum</strong></span> 
     </span>
    </p>
   </div>
   <div class='ocr_carea' id='block_1_99' title="bbox 2103 4896 3715 4986">
    <p class='ocr_par' dir='ltr' id='par_1_99' title="bbox 2135 4896 3715 4986">
     <span class='ocr_line' id='line_1_99' title="bbox 2135 4896 3715 4986; baseline -0.011 -20"><span class='ocrx_word' id='word_1_738' title='bbox 2135 4911 2512 4982; x_wconf 87' lang='grc' dir='ltr'>πρεσϐύτερον</span> <span class='ocrx_word' id='word_1_739' title='bbox 2538 4904 2909 4976; x_wconf 81' lang='grc' dir='ltr'>εὑρίσκομεν·</span> <span class='ocrx_word' id='word_1_740' title='bbox 2930 4899 3039 4955; x_wconf 85' lang='grc' dir='ltr'>κᾶν</span> <span class='ocrx_word' id='word_1_741' title='bbox 3059 4897 3382 4986; x_wconf 74' lang='grc' dir='ltr'>ἀναδράμῃς</span> <span class='ocrx_word' id='word_1_742' title='bbox 3396 4900 3464 4968; x_wconf 79' lang='grc' dir='ltr'><strong>τῇ</strong></span> <span class='ocrx_word' id='word_1_743' title='bbox 3486 4896 3715 4966; x_wconf 71' lang='grc' dir='ltr'>διανοίᾳ,</span> 
     </span>
    </p>
   </div>
   <div class='ocr_carea' id='block_1_100' title="bbox 457 4985 1999 5080">
    <p class='ocr_par' dir='ltr' id='par_1_100' title="bbox 457 4985 1999 5080">
     <span class='ocr_line' id='line_1_100' title="bbox 457 4985 1999 5080; baseline -0.006 -16"><span class='ocrx_word' id='word_1_744' title='bbox 457 5010 641 5065; x_wconf 89' lang='lat' dir='ltr'><strong>omnia</strong></span> <span class='ocrx_word' id='word_1_745' title='bbox 688 5024 788 5080; x_wconf 90' lang='lat' dir='ltr'><strong>per</strong></span> <span class='ocrx_word' id='word_1_746' title='bbox 825 5008 1005 5080; x_wconf 89' lang='lat' dir='ltr'><strong>ipsum</strong></span> <span class='ocrx_word' id='word_1_747' title='bbox 1059 5008 1201 5063; x_wconf 88' lang='lat' dir='ltr'><strong>facta</strong></span> <span class='ocrx_word' id='word_1_748' title='bbox 1248 4985 1397 5070; x_wconf 84' lang='lat' dir='ltr'><strong>sunt,</strong></span> <span class='ocrx_word' id='word_1_749' title='bbox 1428 5011 1485 5059; x_wconf 90' lang='lat' dir='ltr'><strong>et</strong></span> <span class='ocrx_word' id='word_1_750' title='bbox 1521 5002 1639 5057; x_wconf 88' lang='lat' dir='ltr'><strong>sine</strong></span> <span class='ocrx_word' id='word_1_751' title='bbox 1670 5001 1790 5071; x_wconf 89' lang='lat' dir='ltr'><strong>ipso</strong></span> <span class='ocrx_word' id='word_1_752' title='bbox 1834 4999 1999 5054; x_wconf 84' lang='lat' dir='ltr'><strong>factm</strong></span> 
     </span>
    </p>
   </div>
   <div class='ocr_carea' id='block_1_101' title="bbox 2103 4985 3719 5080">
    <p class='ocr_par' dir='ltr' id='par_1_101' title="bbox 2137 4985 3719 5080">
     <span class='ocr_line' id='line_1_101' title="bbox 2137 4985 3719 5080; baseline -0.002 -33"><span class='ocrx_word' id='word_1_753' title='bbox 2137 4998 2515 5072; x_wconf 77' lang='grc' dir='ltr'>προλαμϐάνει</span> <span class='ocrx_word' id='word_1_754' title='bbox 2561 5012 2624 5048; x_wconf 88' lang='grc' dir='ltr'><strong>σε</strong></span> <span class='ocrx_word' id='word_1_755' title='bbox 2655 4993 2734 5057; x_wconf 86' lang='grc' dir='ltr'><strong>τὸ,</strong></span> <span class='ocrx_word' id='word_1_756' title='bbox 2788 4988 2889 5062; x_wconf 79' lang='grc' dir='ltr'><strong>ἦν,</strong></span> <span class='ocrx_word' id='word_1_757' title='bbox 2930 4990 3027 5044; x_wconf 84' lang='grc' dir='ltr'><strong>τοῦ</strong></span> <span class='ocrx_word' id='word_1_758' title='bbox 3071 4989 3182 5060; x_wconf 78' lang='grc' dir='ltr'><strong>γὰρ</strong></span> <span class='ocrx_word' id='word_1_759' title='bbox 3224 4985 3306 5059; x_wconf 80' lang='grc' dir='ltr'><strong>ἦν</strong></span> <span class='ocrx_word' id='word_1_760' title='bbox 3347 4988 3501 5080; x_wconf 66' lang='grc' dir='ltr'>οὐδὲν</span> <span class='ocrx_word' id='word_1_761' title='bbox 3543 4986 3719 5080; x_wconf 78' lang='grc' dir='ltr'>τέρμα</span> 
     </span>
    </p>
   </div>
   <div class='ocr_carea' id='block_1_102' title="bbox 456 5078 1999 5173">
    <p class='ocr_par' dir='ltr' id='par_1_102' title="bbox 456 5078 1999 5173">
     <span class='ocr_line' id='line_1_102' title="bbox 456 5078 1999 5173; baseline -0.008 -14"><span class='ocrx_word' id='word_1_762' title='bbox 456 5111 543 5161; x_wconf 88' lang='lat' dir='ltr'><strong>est</strong></span> <span class='ocrx_word' id='word_1_763' title='bbox 574 5078 715 5159; x_wconf 76' lang='lat' dir='ltr'><strong>nihil</strong></span> <span class='ocrx_word' id='word_1_764' title='bbox 755 5078 901 5173; x_wconf 83' lang='lat' dir='ltr'><strong>quod</strong></span> <span class='ocrx_word' id='word_1_765' title='bbox 941 5101 1146 5157; x_wconf 86' lang='lat' dir='ltr'><strong>factum</strong></span> <span class='ocrx_word' id='word_1_766' title='bbox 1189 5106 1278 5154; x_wconf 89' lang='lat' dir='ltr'><strong>est</strong></span> <span class='ocrx_word' id='word_1_767' title='bbox 1315 5097 1380 5162; x_wconf 65' lang='lat'><strong>‘3;</strong></span> <span class='ocrx_word' id='word_1_768' title='bbox 1407 5116 1426 5148; x_wconf 70' lang='grc' dir='ltr'><strong>ι</strong></span> <span class='ocrx_word' id='word_1_769' title='bbox 1458 5094 1553 5150; x_wconf 89' lang='lat' dir='ltr'><strong>ubi</strong></span> <span class='ocrx_word' id='word_1_770' title='bbox 1591 5092 1834 5149; x_wconf 91' lang='lat' dir='ltr'><strong>ostendit</strong></span> <span class='ocrx_word' id='word_1_771' title='bbox 1884 5092 1999 5147; x_wconf 82' lang='lat' dir='ltr'><strong>illul</strong></span> 
     </span>
    </p>
   </div>
   <div class='ocr_carea' id='block_1_103' title="bbox 2103 5078 3724 5173">
    <p class='ocr_par' dir='ltr' id='par_1_103' title="bbox 2139 5078 3724 5173">
     <span class='ocr_line' id='line_1_103' title="bbox 2139 5078 3724 5173; baseline -0.011 -26"><span class='ocrx_word' id='word_1_772' title='bbox 2139 5094 2489 5163; x_wconf 83' lang='grc' dir='ltr'>εὑρίσκεται·</span> <span class='ocrx_word' id='word_1_773' title='bbox 2528 5088 2619 5142; x_wconf 81' lang='grc' dir='ltr'>ὅτε</span> <span class='ocrx_word' id='word_1_774' title='bbox 2654 5084 2828 5141; x_wconf 84' lang='grc' dir='ltr'>ταῦτα</span> <span class='ocrx_word' id='word_1_775' title='bbox 2857 5083 3071 5154; x_wconf 86' lang='grc' dir='ltr'>εῐρηκε,</span> <span class='ocrx_word' id='word_1_776' title='bbox 3114 5080 3209 5135; x_wconf 77' lang='grc' dir='ltr'>καὶ</span> <span class='ocrx_word' id='word_1_777' title='bbox 3248 5078 3420 5173; x_wconf 75' lang='grc' dir='ltr'>ἔδειξε</span> <span class='ocrx_word' id='word_1_778' title='bbox 3453 5079 3724 5173; x_wconf 81' lang='grc' dir='ltr'>συναῖδιον</span> 
     </span>
    </p>
   </div>
   <div class='ocr_carea' id='block_1_104' title="bbox 459 5170 1999 5273">
    <p class='ocr_par' dir='ltr' id='par_1_104' title="bbox 459 5170 1999 5262">
     <span class='ocr_line' id='line_1_104' title="bbox 459 5170 1999 5262; baseline -0.009 -11"><span class='ocrx_word' id='word_1_779' title='bbox 459 5195 607 5251; x_wconf 76' lang='lat' dir='ltr'><strong>Patri</strong></span> <span class='ocrx_word' id='word_1_780' title='bbox 632 5209 753 5250; x_wconf 85' lang='lat' dir='ltr'><strong>esse</strong></span> <span class='ocrx_word' id='word_1_781' title='bbox 774 5170 1115 5249; x_wconf 59' lang='lat' dir='ltr'><strong>coaeternum</strong></span> <span class='ocrx_word' id='word_1_782' title='bbox 1143 5186 1439 5262; x_wconf 89' lang='lat' dir='ltr'><strong>(siquidem</strong></span> <span class='ocrx_word' id='word_1_783' title='bbox 1466 5184 1603 5241; x_wconf 89' lang='lat' dir='ltr'><strong>nihil</strong></span> <span class='ocrx_word' id='word_1_784' title='bbox 1649 5199 1717 5240; x_wconf 92' lang='lat' dir='ltr'><strong>eo</strong></span> <span class='ocrx_word' id='word_1_785' title='bbox 1758 5182 1999 5252; x_wconf 79' lang='lat' dir='ltr'><strong>antiqniu</strong></span> 
     </span>
    </p>
   </div>
   <div class='ocr_carea' id='block_1_105' title="bbox 2103 5170 3722 5273">
    <p class='ocr_par' dir='ltr' id='par_1_105' title="bbox 2142 5170 3722 5273">
     <span class='ocr_line' id='line_1_105' title="bbox 2142 5170 3722 5273; baseline -0.011 -34"><span class='ocrx_word' id='word_1_786' title='bbox 2142 5186 2221 5258; x_wconf 83' lang='grc' dir='ltr'>τῷ</span> <span class='ocrx_word' id='word_1_787' title='bbox 2241 5180 2439 5253; x_wconf 73' lang='grc' dir='ltr'>Πατρὶ,</span> <span class='ocrx_word' id='word_1_788' title='bbox 2469 5180 2567 5234; x_wconf 77' lang='grc' dir='ltr'>καὶ</span> <span class='ocrx_word' id='word_1_789' title='bbox 2591 5174 2927 5250; x_wconf 88' lang='grc' dir='ltr'>δημιουργὸν</span> <span class='ocrx_word' id='word_1_790' title='bbox 2943 5173 3052 5228; x_wconf 86' lang='grc' dir='ltr'><strong>τῶν</strong></span> <span class='ocrx_word' id='word_1_791' title='bbox 3077 5174 3317 5236; x_wconf 86' lang='grc' dir='ltr'>πάντων,</span> <span class='ocrx_word' id='word_1_792' title='bbox 3338 5172 3461 5226; x_wconf 87' lang='grc' dir='ltr'>τότε</span> <span class='ocrx_word' id='word_1_793' title='bbox 3491 5170 3722 5273; x_wconf 42' lang='grc' dir='ltr'>ἐπάγεις</span> 
     </span>
    </p>
   </div>
   <div class='ocr_carea' id='block_1_106' title="bbox 462 5258 1999 5362">
    <p class='ocr_par' dir='ltr' id='par_1_106' title="bbox 462 5258 1997 5353">
     <span class='ocr_line' id='line_1_106' title="bbox 462 5258 1997 5353; baseline -0.009 -13"><span class='ocrx_word' id='word_1_794' title='bbox 462 5284 857 5353; x_wconf 89' lang='lat' dir='ltr'><strong>comperimus,</strong></span> <span class='ocrx_word' id='word_1_795' title='bbox 892 5282 1039 5352; x_wconf 91' lang='lat' dir='ltr'><strong>quod</strong></span> <span class='ocrx_word' id='word_1_796' title='bbox 1087 5258 1161 5337; x_wconf 23' lang='lat' dir='ltr'><strong>in“</strong></span> <span class='ocrx_word' id='word_1_797' title='bbox 1198 5258 1472 5349; x_wconf 82' lang='lat' dir='ltr'><strong>principio</strong></span> <span class='ocrx_word' id='word_1_798' title='bbox 1517 5289 1638 5331; x_wconf 88' lang='lat' dir='ltr'><strong>csse</strong></span> <span class='ocrx_word' id='word_1_799' title='bbox 1672 5273 1997 5345; x_wconf 88' lang='lat' dir='ltr'><strong>perhibetur</strong></span> 
     </span>
    </p>
   </div>
   <div class='ocr_carea' id='block_1_107' title="bbox 2103 5258 3724 5362">
    <p class='ocr_par' dir='ltr' id='par_1_107' title="bbox 2151 5258 3724 5362">
     <span class='ocr_line' id='line_1_107' title="bbox 2151 5258 3724 5362; baseline -0.012 -33"><span class='ocrx_word' id='word_1_800' title='bbox 2151 5294 2169 5328; x_wconf 79' lang='grc' dir='ltr'><strong>ι</strong></span> <span class='ocrx_word' id='word_1_801' title='bbox 2192 5275 2250 5329; x_wconf 87' lang='lat'><strong>&#39;0</strong></span> <span class='ocrx_word' id='word_1_802' title='bbox 2284 5273 2458 5340; x_wconf 85' lang='grc' dir='ltr'>Λόγος</span> <span class='ocrx_word' id='word_1_803' title='bbox 2494 5267 2632 5340; x_wconf 83' lang='grc' dir='ltr'>σὰρξ</span> <span class='ocrx_word' id='word_1_804' title='bbox 2681 5266 2921 5335; x_wconf 83' lang='grc' dir='ltr'>ἐγένετο,</span> <span class='ocrx_word' id='word_1_805' title='bbox 2948 5282 2967 5315; x_wconf 74' lang='grc' dir='ltr'><strong>ι</strong></span> <span class='ocrx_word' id='word_1_806' title='bbox 3000 5262 3291 5362; x_wconf 73' lang='grc' dir='ltr'>μονονρυχὶ</span> <span class='ocrx_word' id='word_1_807' title='bbox 3321 5260 3516 5362; x_wconf 61' lang='grc' dir='ltr'>λέγων,</span> <span class='ocrx_word' id='word_1_808' title='bbox 3545 5258 3628 5312; x_wconf 86' lang='grc' dir='ltr'>ὅτι</span> 
     </span>
    </p>
   </div>
   <div class='ocr_carea' id='block_1_108' title="bbox 463 5344 1999 5454">
    <p class='ocr_par' dir='ltr' id='par_1_108' title="bbox 463 5368 1999 5444">
     <span class='ocr_line' id='line_1_108' title="bbox 463 5368 1999 5444; baseline -0.008 -14"><span class='ocrx_word' id='word_1_809' title='bbox 463 5375 602 5430; x_wconf 85' lang='lat' dir='ltr'><strong>Nam</strong></span> <span class='ocrx_word' id='word_1_810' title='bbox 622 5374 728 5429; x_wconf 87' lang='lat' dir='ltr'><strong>etsi</strong></span> <span class='ocrx_word' id='word_1_811' title='bbox 751 5374 1088 5444; x_wconf 87' lang='lat' dir='ltr'><strong>cogitatione</strong></span> <span class='ocrx_word' id='word_1_812' title='bbox 1116 5371 1184 5427; x_wconf 90' lang='lat' dir='ltr'><strong>ad</strong></span> <span class='ocrx_word' id='word_1_813' title='bbox 1214 5368 1495 5425; x_wconf 88' lang='lat' dir='ltr'><strong>anteriora</strong></span> <span class='ocrx_word' id='word_1_814' title='bbox 1524 5381 1798 5431; x_wconf 87' lang='lat' dir='ltr'><strong>recurras,</strong></span> <span class='ocrx_word' id='word_1_815' title='bbox 1826 5379 1999 5433; x_wconf 64' lang='lat' dir='ltr'><strong>sempr</strong></span> 
     </span>
    </p>
   </div>
   <div class='ocr_carea' id='block_1_109' title="bbox 2103 5344 3727 5454">
    <p class='ocr_par' dir='ltr' id='par_1_109' title="bbox 2147 5344 3727 5454">
     <span class='ocr_line' id='line_1_109' title="bbox 2147 5344 3727 5454; baseline -0.015 -35"><span class='ocrx_word' id='word_1_816' title='bbox 2147 5362 2420 5425; x_wconf 78' lang='grc' dir='ltr'>συναῒδιος</span> <span class='ocrx_word' id='word_1_817' title='bbox 2465 5356 2545 5430; x_wconf 85' lang='grc' dir='ltr'>τῷ</span> <span class='ocrx_word' id='word_1_818' title='bbox 2584 5353 2783 5426; x_wconf 74' lang='grc' dir='ltr'>Πατρὶ,</span> <span class='ocrx_word' id='word_1_819' title='bbox 2826 5351 2923 5407; x_wconf 78' lang='grc' dir='ltr'>καὶ</span> <span class='ocrx_word' id='word_1_820' title='bbox 2959 5346 3069 5404; x_wconf 85' lang='grc' dir='ltr'><strong>τῶν</strong></span> <span class='ocrx_word' id='word_1_821' title='bbox 3106 5347 3328 5402; x_wconf 89' lang='grc' dir='ltr'>πάντων</span> <span class='ocrx_word' id='word_1_822' title='bbox 3380 5346 3607 5454; x_wconf 57' lang='grc' dir='ltr'><strong>Κύριος1</strong></span> <span class='ocrx_word' id='word_1_823' title='bbox 3629 5344 3727 5446; x_wconf 63' lang='grc' dir='ltr'>καὶ</span> 
     </span>
    </p>
   </div>
   <div class='ocr_carea' id='block_1_110' title="bbox 467 5435 1999 5537">
    <p class='ocr_par' dir='ltr' id='par_1_110' title="bbox 467 5435 1999 5537">
     <span class='ocr_line' id='line_1_110' title="bbox 467 5435 1999 5537; baseline -0.009 -14"><span class='ocrx_word' id='word_1_824' title='bbox 467 5476 650 5523; x_wconf 88' lang='lat' dir='ltr'><strong>tamen</strong></span> <span class='ocrx_word' id='word_1_825' title='bbox 674 5435 947 5537; x_wconf 66' lang='lat' dir='ltr'><strong>praecedet</strong></span> <span class='ocrx_word' id='word_1_826' title='bbox 972 5465 1151 5536; x_wconf 90' lang='lat' dir='ltr'><strong>ipsum</strong></span> <span class='ocrx_word' id='word_1_827' title='bbox 1182 5470 1319 5518; x_wconf 82' lang='lat' dir='ltr'><strong>erat.</strong></span> <span class='ocrx_word' id='word_1_828' title='bbox 1346 5460 1525 5533; x_wconf 87' lang='lat' dir='ltr'><strong>Ipsius</strong></span> <span class='ocrx_word' id='word_1_829' title='bbox 1544 5459 1692 5516; x_wconf 91' lang='lat' dir='ltr'><strong>enim</strong></span> <span class='ocrx_word' id='word_1_830' title='bbox 1725 5467 1839 5514; x_wconf 84' lang='lat' dir='ltr'><strong>erat</strong></span> <span class='ocrx_word' id='word_1_831' title='bbox 1861 5455 1999 5513; x_wconf 71' lang='lat' dir='ltr'><strong>nulli</strong></span> 
     </span>
    </p>
   </div>
   <div class='ocr_carea' id='block_1_111' title="bbox 2103 5435 3727 5537">
    <p class='ocr_par' dir='ltr' id='par_1_111' title="bbox 2148 5435 3727 5524">
     <span class='ocr_line' id='line_1_111' title="bbox 2148 5435 3727 5524; baseline -0.015 -16"><span class='ocrx_word' id='word_1_832' title='bbox 2148 5449 2503 5524; x_wconf 85' lang='grc' dir='ltr'>δημιουργὸς,</span> <span class='ocrx_word' id='word_1_833' title='bbox 2556 5443 2813 5500; x_wconf 88' lang='grc' dir='ltr'>τοσοῦτον</span> <span class='ocrx_word' id='word_1_834' title='bbox 2845 5439 3211 5496; x_wconf 70' lang='grc' dir='ltr'>ἐταπείνωσεν</span> <span class='ocrx_word' id='word_1_835' title='bbox 3251 5437 3444 5491; x_wconf 84' lang='grc' dir='ltr'>ἐαυτὸν</span> <span class='ocrx_word' id='word_1_836' title='bbox 3477 5435 3545 5488; x_wconf 82' lang='grc' dir='ltr'><strong>δι’</strong></span> <span class='ocrx_word' id='word_1_837' title='bbox 3580 5435 3727 5503; x_wconf 78' lang='grc' dir='ltr'>ἡμᾶς</span> 
     </span>
    </p>
   </div>
   <div class='ocr_carea' id='block_1_112' title="bbox 538 5587 1999 5685">
    <p class='ocr_par' dir='ltr' id='par_1_112' title="bbox 538 5613 1975 5685">
     <span class='ocr_line' id='line_1_112' title="bbox 538 5613 1975 5685; baseline -0.01 -5"><span class='ocrx_word' id='word_1_838' title='bbox 538 5624 561 5656; x_wconf 82' lang='grc'><strong>⁸</strong></span> <span class='ocrx_word' id='word_1_839' title='bbox 593 5622 693 5679; x_wconf 90' lang='lat' dir='ltr'><strong>lsa.</strong></span> <span class='ocrx_word' id='word_1_840' title='bbox 723 5638 795 5685; x_wconf 78' lang='grc' dir='ltr'>ιιι,</span> <span class='ocrx_word' id='word_1_841' title='bbox 832 5622 878 5677; x_wconf 90' lang='grc' dir='ltr'><strong>Ι.</strong></span> <span class='ocrx_word' id='word_1_842' title='bbox 954 5621 996 5652; x_wconf 86' lang='grc'>¹⁰</span> <span class='ocrx_word' id='word_1_843' title='bbox 1042 5619 1209 5678; x_wconf 83' lang='lat' dir='ltr'><strong>Hebr.</strong></span> <span class='ocrx_word' id='word_1_844' title='bbox 1244 5636 1302 5683; x_wconf 89' lang='grc' dir='ltr'><strong>ιι,</strong></span> <span class='ocrx_word' id='word_1_845' title='bbox 1334 5619 1419 5673; x_wconf 89' lang='lat' dir='ltr'><strong>l6.</strong></span> <span class='ocrx_word' id='word_1_846' title='bbox 1497 5619 1539 5650; x_wconf 82' lang='lat'>”</span> <span class='ocrx_word' id='word_1_847' title='bbox 1567 5617 1760 5672; x_wconf 86' lang='lat' dir='ltr'><strong>Matth.</strong></span> <span class='ocrx_word' id='word_1_848' title='bbox 1793 5631 1830 5680; x_wconf 91' lang='grc' dir='ltr'><strong>ι,</strong></span> <span class='ocrx_word' id='word_1_849' title='bbox 1879 5613 1933 5685; x_wconf 74' lang='grc'><strong>1.</strong></span> <span class='ocrx_word' id='word_1_850' title='bbox 1958 5681 1975 5685; x_wconf 87' lang='lat'><em>_</em></span> 
     </span>
    </p>
   </div>
   <div class='ocr_carea' id='block_1_113' title="bbox 2103 5587 3704 5685">
    <p class='ocr_par' dir='ltr' id='par_1_113' title="bbox 2103 5587 3704 5672">
     <span class='ocr_line' id='line_1_113' title="bbox 2103 5587 3704 5672; baseline -0.015 -7"><span class='ocrx_word' id='word_1_851' title='bbox 2103 5610 2237 5665; x_wconf 74' lang='lat' dir='ltr'><strong>toni.</strong></span> <span class='ocrx_word' id='word_1_852' title='bbox 2267 5623 2341 5672; x_wconf 78' lang='lat' dir='ltr'><strong>Ix,</strong></span> <span class='ocrx_word' id='word_1_853' title='bbox 2379 5605 2434 5661; x_wconf 83' lang='lat'><strong>5.</strong></span> <span class='ocrx_word' id='word_1_854' title='bbox 2514 5601 2555 5635; x_wconf 80' lang='lat'>&quot;</span> <span class='ocrx_word' id='word_1_855' title='bbox 2585 5601 2749 5658; x_wconf 81' lang='lat' dir='ltr'><strong>Rom.</strong></span> <span class='ocrx_word' id='word_1_856' title='bbox 2781 5614 2818 5666; x_wconf 87' lang='grc' dir='ltr'><strong>ι,</strong></span> <span class='ocrx_word' id='word_1_857' title='bbox 2850 5595 2904 5665; x_wconf 84' lang='grc'><strong>’5,</strong></span> <span class='ocrx_word' id='word_1_858' title='bbox 2938 5595 2988 5651; x_wconf 67' lang='grc'><strong>4.</strong></span> <span class='ocrx_word' id='word_1_859' title='bbox 3071 5593 3113 5625; x_wconf 68' lang='grc'><strong>⁸⁵</strong></span> <span class='ocrx_word' id='word_1_860' title='bbox 3139 5591 3240 5648; x_wconf 87' lang='lat' dir='ltr'><strong>lsa.</strong></span> <span class='ocrx_word' id='word_1_861' title='bbox 3268 5609 3319 5660; x_wconf 75' lang='grc' dir='ltr'><strong>ι,</strong></span> <span class='ocrx_word' id='word_1_862' title='bbox 3357 5592 3408 5648; x_wconf 83' lang='grc'><strong>6.</strong></span> <span class='ocrx_word' id='word_1_863' title='bbox 3491 5589 3535 5622; x_wconf 85' lang='grc'><strong>¹⁵</strong></span> <span class='ocrx_word' id='word_1_864' title='bbox 3568 5587 3704 5645; x_wconf 77' lang='lat' dir='ltr'><strong>Joan</strong></span> 
     </span>
    </p>
   </div>
   <div class='ocr_carea' id='block_1_114' title="bbox 471 5678 1999 5757">
    <p class='ocr_par' dir='ltr' id='par_1_114' title="bbox 471 5678 1999 5757">
     <span class='ocr_line' id='line_1_114' title="bbox 471 5678 1999 5757; baseline -0.009 -8"><span class='ocrx_word' id='word_1_865' title='bbox 471 5706 510 5757; x_wconf 84' lang='grc' dir='ltr'><strong>ι,</strong></span> <span class='ocrx_word' id='word_1_866' title='bbox 554 5678 659 5750; x_wconf 64' lang='lat' dir='ltr'><strong>u;</strong></span> <span class='ocrx_word' id='word_1_867' title='bbox 686 5678 689 5679; x_wconf 15' lang='grc' dir='ltr'><em>ν</em></span> <span class='ocrx_word' id='word_1_868' title='bbox 721 5678 961 5748; x_wconf 65' lang='grc' dir='ltr'>η’Μιιιο.</span> <span class='ocrx_word' id='word_1_869' title='bbox 1004 5707 1083 5757; x_wconf 86' lang='grc' dir='ltr'>ιιι,</span> <span class='ocrx_word' id='word_1_870' title='bbox 1124 5692 1205 5745; x_wconf 85' lang='lat' dir='ltr'><strong>l7.</strong></span> <span class='ocrx_word' id='word_1_871' title='bbox 1286 5678 1325 5721; x_wconf 58' lang='grc' dir='ltr'>δ’</span> <span class='ocrx_word' id='word_1_872' title='bbox 1357 5689 1513 5745; x_wconf 81' lang='lat' dir='ltr'><strong>Joan.</strong></span> <span class='ocrx_word' id='word_1_873' title='bbox 1550 5705 1663 5751; x_wconf 76' lang='lat' dir='ltr'><strong>xm,</strong></span> <span class='ocrx_word' id='word_1_874' title='bbox 1697 5678 1824 5740; x_wconf 48' lang='lat' dir='ltr'><strong>23f</strong></span> <span class='ocrx_word' id='word_1_875' title='bbox 1868 5684 1908 5714; x_wconf 79' lang='grc'><strong>¹⁸</strong></span> <span class='ocrx_word' id='word_1_876' title='bbox 1946 5681 1999 5737; x_wconf 76' lang='lat' dir='ltr'><strong>Ic</strong></span> 
     </span>
    </p>
   </div>
   <div class='ocr_carea' id='block_1_115' title="bbox 2103 5678 2324 5757">
    <p class='ocr_par' dir='ltr' id='par_1_115' title="bbox 2133 5678 2324 5745">
     <span class='ocr_line' id='line_1_115' title="bbox 2133 5678 2324 5745; baseline -0.005 -10"><span class='ocrx_word' id='word_1_877' title='bbox 2133 5697 2171 5745; x_wconf 87' lang='grc' dir='ltr'><strong>ι,</strong></span> <span class='ocrx_word' id='word_1_878' title='bbox 2206 5678 2324 5734; x_wconf 78' lang='grc'><strong>1-5.</strong></span> 
     </span>
    </p>
   </div>
   <div class='ocr_carea' id='block_1_116' title="bbox 1582 5786 2667 5861">
    <p class='ocr_par' dir='ltr' id='par_1_116' title="bbox 1582 5786 2667 5861">
     <span class='ocr_line' id='line_1_116' title="bbox 1582 5786 2667 5861; baseline -0.016 -4"><span class='ocrx_word' id='word_1_879' title='bbox 1582 5801 1753 5856; x_wconf 73' lang='lat' dir='ltr'><strong>Variae</strong></span> <span class='ocrx_word' id='word_1_880' title='bbox 1777 5797 2039 5854; x_wconf 80' lang='lat' dir='ltr'><strong>lectiones</strong></span> <span class='ocrx_word' id='word_1_881' title='bbox 2075 5795 2280 5853; x_wconf 72' lang='lat' dir='ltr'><strong>codicis</strong></span> <span class='ocrx_word' id='word_1_882' title='bbox 2306 5786 2667 5861; x_wconf 74' lang='lat' dir='ltr'><strong>Seguieriaui.</strong></span> 
     </span>
    </p>
   </div>
   <div class='ocr_carea' id='block_1_117' title="bbox 1712 5918 1892 5971">
    <p class='ocr_par' dir='ltr' id='par_1_117' title="bbox 1712 5918 1892 5971">
     <span class='ocr_line' id='line_1_117' title="bbox 1712 5918 1892 5971; baseline 0 0"><span class='ocrx_word' id='word_1_883' title='bbox 1712 5933 1727 5957; x_wconf 57' lang='grc' dir='ltr'>ξ</span> <span class='ocrx_word' id='word_1_884' title='bbox 1757 5918 1892 5971; x_wconf 73' lang='grc' dir='ltr'>θεῖα.</span> 
     </span>
    </p>
   </div>
   <div class='ocr_carea' id='block_1_118' title="bbox 549 5918 1631 5994">
    <p class='ocr_par' dir='ltr' id='par_1_118' title="bbox 549 5918 1631 5994">
     <span class='ocr_line' id='line_1_118' title="bbox 549 5918 1631 5994; baseline -0.006 -16"><span class='ocrx_word' id='word_1_885' title='bbox 549 5936 573 5978; x_wconf 80' lang='lat' dir='ltr'><strong><em>P</em></strong></span> <span class='ocrx_word' id='word_1_886' title='bbox 603 5923 812 5994; x_wconf 78' lang='grc' dir='ltr'>κυρίου.</span> <span class='ocrx_word' id='word_1_887' title='bbox 889 5935 916 5973; x_wconf 77' lang='grc' dir='ltr'><strong>ει</strong></span> <span class='ocrx_word' id='word_1_888' title='bbox 946 5921 1099 5977; x_wconf 68' lang='grc' dir='ltr'>Θεοῦ.</span> <span class='ocrx_word' id='word_1_889' title='bbox 1181 5931 1200 5958; x_wconf 73' lang='grc' dir='ltr'>τ</span> <span class='ocrx_word' id='word_1_890' title='bbox 1222 5918 1631 5990; x_wconf 77' lang='grc' dir='ltr'>κατακλιθῆναι.</span> 
     </span>
    </p>
   </div>
   <div class='ocr_carea' id='block_1_119' title="bbox 598 6202 621 6237">
    <p class='ocr_par' dir='ltr' id='par_1_119' title="bbox 598 6202 621 6237">
     <span class='ocr_line' id='line_1_119' title="bbox 598 6202 621 6237; baseline 0 0"><span class='ocrx_word' id='word_1_891' title='bbox 598 6202 621 6237; x_wconf 62' lang='grc' dir='ltr'><strong>λ</strong></span> 
     </span>
    </p>
   </div>
  </div>
