4076 6432
434 290 565 348 ΜΗ

1920 298 2239 355 ΠΟΜῙΙᾸᾹΞ.

3524 318 3661 375 Hii

431 405 525 457 καὶ
544 403 642 475 τὴν
676 403 952 476 ἡμετέραν
983 406 1276 477 σωτηρίαν,
1307 406 1447 462 ὥστε
1474 407 1610 481 σὰρξ
1635 409 1870 480 ἐγένετο,
1905 414 1988 467 ἵνα

2095 417 2372 473 invenitur
2420 421 2684 475 terminus
2722 442 2732 476 :
2766 439 2909 489 cum,
2938 425 3179 495 inquam,
3213 426 3327 483 bmc
3361 434 3659 498 praemisis-

397 525 405 533 -
427 493 537 547 ἀπὸ
557 494 654 547 τοῦ
686 495 1068 568 εὐτελεστέραν
1090 499 1188 568 τῆς
1213 498 1427 567 φύσεως
1461 501 1620 571 ἡμῶν
1642 504 1840 574 μέρους
1869 506 1993 568 τοὺς

430 584 867 654 ὐπερὸἁλλοντας
894 586 987 640 τοῦ
1010 587 1145 641 Θεοῦ
1173 591 1490 661 οἱκτιρμοὺς
1514 594 1640 663 περὶ
1657 595 1803 664 ἡμᾶς
1823 593 1990 667 δείξῃ.

433 696 451 728 ι
494 678 555 730 Ὀ
570 678 741 746 Λόγος
766 673 882 741 οὖν,
909 678 1064 748 φησι,
1102 679 1241 751 σὰρξ
1269 682 1505 750 ἐγένετο.
1541 702 1561 737 ι
1592 685 1702 739 Καὶ
1730 686 1831 740 οὑκ
1861 686 1992 758 έστη

430 769 592 838 μέχρι
630 769 844 831 τούτου,
881 768 996 822 ἀλλ’
1039 771 1319 840 ἐπήγαγε·
1362 791 1379 824 ι
1434 773 1544 827 Καὶ
1594 777 1904 846 ἐσκήνωσεν
1935 778 1993 830 ὲν

425 859 576 926 ἡμῖν’
623 876 641 908 ι
682 857 745 910 τὸ
768 857 822 911 δὲ
856 858 1129 930 δεύτερον,
1164 861 1256 913 τοῦ
1290 860 1509 931 πρώτου
1544 862 1808 933 ἑρμηνεία
1852 865 1991 919 ἐστὶ.

424 947 490 999 Τί
522 947 692 1012 ἐστιν,
735 966 754 999 ι
785 948 849 1002 '0
877 949 1049 1019 Λόγος
1079 951 1214 1022 σὰρξ
1240 952 1490 1019 έγένετο;
1516 973 1535 1006 ι
1568 953 1907 1026 Ἐσκήνωσεν
1935 958 1993 1010 ὲν

424 1038 578 1107 ἡμῖν,
610 1038 912 1103 τουτέστιν,
946 1041 1005 1093 έν
1032 1043 1098 1111 τῇ
1123 1041 1367 1114 ἡμετέρᾳ
1398 1044 1580 1111 φύσει.
1610 1043 1755 1114 Ὅρα
1781 1046 1875 1098 καὶ
1902 1046 1993 1099 τὸν

436 1129 691 1199 Ἰωάννην
722 1129 817 1183 δύο
871 1130 1064 1200 φύσεις
1120 1133 1482 1204 κηρύττοντα,
1540 1135 1634 1188 καὶ
1689 1136 1784 1190 ἕνα
1843 1136 1988 1192 Υίόν.

424 1219 654 1290 Ἕτερον
680 1221 879 1292 σκηνὴ,
915 1223 1007 1276 καὶ
1036 1222 1122 1275 ἓτε
1129 1241 1223 1294 ρον
1254 1224 1315 1277 τὸ
1335 1226 1568 1297 σκηνοῦν
1585 1245 1600 1261 ο
1627 1227 1813 1300 ἕτερον
1844 1231 1991 1296 ναὸς,

424 1312 517 1364 καὶ
546 1312 731 1384 ἕτερον
762 1315 791 1367 ό
822 1314 1050 1368 ένοικῶν
1092 1316 1246 1380 Θεός.
1292 1318 1534 1390 Πρόσεχε
1577 1318 1655 1390 τῷ
1691 1319 1988 1393 λεγομένῳ.

420 1404 535 1457 Οὐκ
565 1400 718 1458 εἶπον
763 1407 805 1469 ¹,
846 1405 1047 1475 ἔτερος
1076 1407 1170 1461 καὶ
1191 1407 1411 1477 ἕτερος,
1437 1409 1512 1473 ὡς
1544 1410 1637 1462 ἐπὶ
1656 1409 1748 1463 δύο
1773 1410 1990 1482 προσώ-

422 1511 559 1557 πων,
611 1494 645 1567 ῆ
676 1495 770 1549 δύο
802 1497 1074 1569 Χριστῶν,
1119 1499 1151 1569 ἢ
1180 1499 1274 1553 δύο
1314 1500 1447 1554 υἱῶν
1470 1518 1484 1535 υ
1517 1500 1633 1555 ἀλλ’
1663 1501 1869 1570 ἕτερον
1894 1500 1994 1556 καὶ

376 1601 379 1605 ‘
419 1585 642 1654 ἕτερον,
667 1587 744 1651 ὡς
773 1587 867 1640 ἐπὶ
887 1588 982 1641 δύο
1009 1589 1243 1658 φύσεων.
1262 1591 1391 1644 Ὅτε
1417 1587 1509 1645 οὖν
1529 1587 1683 1646 εἶπεν
1700 1610 1713 1625 ·
1750 1611 1768 1645 ι
1793 1593 1992 1665 Ἐσκή-

418 1695 590 1732 νωσεν
618 1680 677 1731 έν
710 1680 861 1749 ἡμῖν,
909 1698 928 1731 ι
965 1681 1057 1733 καὶ
1090 1680 1323 1752 ἐκήρυξε
1366 1682 1466 1746 τὰς
1510 1671 1605 1736 δύὸ
1631 1683 1841 1752 φύσεις,
1872 1685 1992 1738 τότε

2096 517 2199 572 set,
2234 511 2492 580 Patrique
2517 523 2873 579 comternum,
2896 526 2952 569 et
3002 518 3248 571 omnium
3282 520 3534 589 opiﬁcem
3569 541 3658 579 (ιες

2096 599 2382 664 tendisset,
2437 601 2655 657 tandem
2694 605 2976 676 subjungit
3021 625 3034 660 :
3084 627 3102 659 ι
3142 610 3211 664 Ει
3254 610 3489 665 Verbum
3530 630 3662 669 caro

2094 687 2296 744 factum
2328 699 2445 757 est;
2480 710 2498 742 ι
2543 702 2752 748 tantum
2776 712 2884 751 non
2913 699 3057 754 istud
3082 701 3305 757 dicens:
3353 704 3457 770 Qui
3511 708 3658 764 Patri

2094 789 2421 845 coaeternus,
2447 799 2744 855 rerumque
2790 789 3034 845 omnium
3078 795 3332 849 conditor
3364 811 3428 851 ac
3478 799 3661 853 Domi-

2095 886 2201 926 nus
2222 873 2458 938 exsistit,
2494 875 2632 931 adeo
2657 886 2885 947 propter
2913 891 3154 937 nostram
3177 885 3409 940 salutem
3457 900 3659 945 semet-

2096 962 2274 1032 ipsum
2302 964 2615 1022 humiliavit
2645 970 2711 1032 ¹⁹,
2745 979 2810 1024 ιιι
2828 970 3007 1027 factus
3045 974 3116 1029 sit
3158 990 3322 1041 caro;
3350 993 3459 1046 quo
3490 980 3656 1034 nimi-

2096 1069 2217 1107 rum
2242 1055 2422 1110 viliori
2454 1066 2667 1113 naturae
2686 1068 2887 1114 nostrae
2905 1063 3161 1131 portione
3183 1066 3516 1123 excellentes
3539 1069 3659 1124 illas

2094 1142 2191 1197 Dei
2220 1158 2348 1215 erga
2394 1161 2495 1201 nos
2544 1148 2928 1206 miserationes
2972 1153 3326 1222 patefaceret.
3363 1157 3452 1211 Ait
3495 1175 3656 1230 ergo:

2099 1252 2119 1286 ι
2144 1235 2210 1289 Et
2251 1236 2492 1291 Verbum
2543 1253 2674 1293 caro
2702 1240 2908 1295 factum
2951 1250 3095 1295 est.»
3132 1244 3334 1299 Verum
3376 1247 3660 1318 hucusque

2092 1340 2438 1395 progressus,
2465 1343 2577 1382 non
2600 1330 2871 1385 constitit.
2896 1331 3063 1387 Addit
3084 1334 3268 1388 enim:
3300 1355 3318 1386 ι
3338 1336 3404 1391 Et
3444 1338 3662 1393 habita—

2031 1477 2034 1480 ,
2093 1416 2172 1471 vit
2193 1416 2247 1471 in
2270 1418 2447 1473 nobis.
2470 1438 2487 1470 ι
2513 1420 2797 1476 Posterius
2824 1422 3031 1491 prioris
3059 1425 3370 1493 explanatio
3392 1438 3494 1483 est.
3519 1430 3658 1483 Nam

2092 1508 2225 1578 quid
2276 1519 2382 1574 est,
2416 1528 2436 1561 ι
2460 1511 2699 1567 Verbum
2740 1529 2870 1569 caro
2899 1515 3102 1572 factum
3137 1527 3253 1581 est,
3303 1539 3321 1570 ι
3356 1519 3458 1574 nisi
3515 1521 3664 1591 quod

2095 1600 2358 1656 habitarit
2390 1602 2446 1655 in
2488 1603 2669 1668 nobis,
2699 1605 2805 1661 hoc
2841 1616 2927 1663 est
2977 1608 3032 1663 in
3073 1617 3261 1664 nostra
3295 1613 3524 1666 natura?
3556 1613 3666 1667 Ad-

2094 1700 2247 1747 verte
2268 1693 2435 1747 etiam
2457 1694 2724 1750 Joannem
2746 1697 2883 1753 duas
2903 1708 3126 1756 naturas
3147 1702 3468 1770 prmdieare,
3492 1719 3664 1758 unum

418 1769 694 1840 ἐπήγαγε·
724 1789 742 1822 ι
780 1771 890 1824 Καὶ
914 1771 1260 1843 ἐθεασάμεθα
1301 1773 1399 1845 τὴν
1427 1774 1583 1839 δόξαν
1616 1775 1808 1840 αὑτοῦ,
1836 1775 1991 1843 δόξαν

2094 1784 2275 1830 autem
2302 1777 2521 1833 Filium.
2546 1778 2707 1835 Aliud
2735 1789 2820 1836 est
2847 1785 2994 1838 enim
3017 1763 3414 1850 habitaculum,
3439 1763 3495 1842 et
3515 1788 3665 1844 aliud

416 1861 493 1924 ὡς
518 1861 874 1929 Μονογενοῦς.
904 1882 921 1914 ι
948 1863 1063 1917 Οὐκ
1090 1861 1355 1930 εἷπε,Δύο
1382 1866 1532 1928 υἱῶν,
1553 1866 1711 1933 ἀλλὰ,
1741 1870 1993 1937 Morare-

416 1949 581 2016 νοῦς.
608 1949 834 2027 Ἡσαΐας
872 1947 965 2005 οὗν
998 1953 1265 2024 κηρύσσει
1299 1954 1389 2007 τὸν
1433 1955 1805 2027 Ἐμμανουὴλ,
1838 1973 1992 2010 τουτ-

418 2041 534 2093 έστι
564 2025 698 2094 Θεδίν
742 2042 1262 2113 ένανθρωπήσαντα.
1320 2025 1616 2117 Πέτροςδὲ
1650 2046 1824 2115 λέγει·
1860 2066 1878 2099 ι
1918 2047 1991 2099 Σὺ

417 2128 470 2186 εί
499 2136 527 2186 ὁ
564 2134 798 2204 Χριστὸς
834 2137 863 2187 ὁ
890 2135 1014 2199 Υἱὸς
1038 2135 1131 2189 τοῦ
1155 2136 1289 2190 Θεοῦ
1326 2137 1418 2191 τοῦ
1451 2137 1674 2204 ζῶντος,
1707 2157 1726 2190 ι
1764 2138 1862 2209 τὴν
1883 2139 1991 2192 διτ-

417 2224 515 2294 τὴν
548 2224 730 2293 φύσιν,
762 2226 858 2279 καὶ
883 2227 943 2279 τὸ
973 2226 1264 2296 μοναδικδν
1293 2228 1585 2299 πρόσωπον
1610 2229 1705 2283 τοῦ
1737 2228 1891 2283 Υἱοῦ.
1932 2228 1991 2281 Ὀ

419 2315 670 2386 θεολόγος
701 2317 954 2389 Ἰωάννης
979 2318 1129 2385 λέγει
1148 2334 1161 2347 ’
1192 2338 1212 2370 ι
1244 2321 1353 2372 Καὶ
1380 2320 1690 2391 ἐσκήνωσεν
1706 2322 1763 2373 ἐν
1785 2322 1938 2391 ἡμῖν,
1965 2338 1986 2372 ›

417 2404 510 2461 δύο
546 2409 756 2477 φύσεις,
790 2411 882 2464 καὶ
916 2410 1010 2464 τοῦ
1050 2412 1391 2481 Μονογενοῦς
1419 2412 1481 2466 τὸ
1505 2411 1565 2467 ἓν
1590 2413 1905 2485 πρόσωπον.

2097 1866 2245 1935 quod
2277 1868 2578 1924 inhabitat:
2611 1870 2763 1925 aliud
2807 1875 3092 1944 templum,
3119 1885 3174 1929 et
3209 1877 3357 1931 aliud
3388 1878 3530 1933 Deus
3568 1881 3664 1948 qui

2097 1958 2153 2012 in
2195 1960 2400 2028 templo
2444 1960 2614 2031 degit.
2645 1962 2884 2018 Attende
2920 1966 3053 2034 quid
3095 1966 3332 2022 dicatur.
3362 1969 3482 2023 Non
3524 1972 3662 2036 dixi,

2097 2047 2234 2103 alius
2261 2058 2310 2102 et
2341 2049 2501 2113 alius,
2533 2052 2702 2107 veluti
2727 2053 2796 2108 de
2813 2053 3031 2110 duabus
3070 2058 3341 2126 personis,
3393 2069 3488 2115 aut
3522 2061 3663 2117 duo-

2096 2139 2201 2195 bus
2230 2139 2485 2206 Christis,
2517 2151 2614 2196 aut
2652 2143 2872 2199 duobus
2893 2145 3053 2213 ﬁliis;
3078 2148 3195 2214 sed,
3227 2147 3377 2204 aliud
3411 2159 3459 2204 et
3490 2151 3661 2213 aliud,

2097 2240 2352 2300 tanquam
2382 2232 2451 2288 de
2476 2234 2692 2291 duabus
2717 2237 2950 2293 naturis.
2980 2239 3277 2311 Postquam
3309 2258 3442 2315 ergo
3480 2244 3619 2299 dixit
3647 2263 3657 2295 :

2102 2341 2120 2374 ι
2139 2322 2209 2376 Ει
2232 2323 2501 2379 habitavit
2524 2325 2578 2379 in
2604 2327 2784 2392 nobis,
2828 2347 2847 2380 ι
2876 2328 3122 2400 duasque
3144 2340 3369 2390 naturas
3398 2336 3660 2404 praedica-

2094 2412 2193 2477 vit,
2220 2429 2346 2468 mox
2372 2415 2651 2486 adjunxit:
2685 2419 2789 2473 «Et
2814 2419 3055 2476 vidimus
3079 2423 3309 2493 gloriam
3359 2427 3499 2497 ejus,
3545 2428 3663 2498 glo-

418 2502 555 2557 riam
580 2502 737 2573 quasi
789 2502 1067 2574 Unigeniti
1120 2505 1190 2558 ²⁰.
1218 2506 1338 2560 Non
1387 2506 1562 2560 dixit:
1592 2506 1818 2561 duorum
1852 2506 2111 2574 ﬁliorum,
2148 2508 2246 2563 sed
2277 2509 2564 2581 Unigeniti.
2635 2512 2798 2568 Isaias
2860 2514 3029 2585 igitur
3073 2517 3507 2585 Emmanuelem,
3560 2518 3665 2573 hoc

415 2606 523 2663 est,
551 2599 723 2655 Deum
754 2600 1115 2655 humanatum
1139 2602 1181 2632 ²¹
1207 2601 1440 2667 ;Petrus
1458 2609 1645 2657 autem
1672 2601 1836 2657 dicit:
1870 2602 1982 2656 «Tu
2019 2617 2081 2657 es
2100 2602 2356 2658 Christus
2411 2605 2584 2661 Filius
2636 2606 2732 2663 Dei
2774 2608 2882 2663 vivi
2906 2611 3011 2675 “,p
3055 2620 3264 2669 natura:
3322 2612 3663 2678 dualitatem,

417 2710 667 2765 personae
687 2704 871 2750 autem
903 2695 1169 2750 unitatem
1200 2696 1538 2766 exprimens.
1561 2697 1805 2753 Joannes
1827 2712 1963 2753 vero
2005 2697 2296 2769 theologus
2328 2700 2448 2753 ait:
2492 2719 2510 2751 ι
2534 2699 2602 2754 Et
2652 2700 2926 2757 habitavit
2964 2703 3020 2758 in
3063 2706 3250 2773 nobis;
3284 2724 3302 2757 ι
3364 2707 3502 2762 duas
3562 2720 3663 2763 na-

419 2797 593 2852 turas,
617 2795 673 2843 et
696 2803 860 2842 uuam
886 2789 1161 2860 Unigeniti
1185 2805 1477 2860 personam
1500 2790 1876 2846 subindieans.

491 2881 714 2951 Ἔμεινε
737 2879 793 2933 δὲ
820 2881 848 2933 ὁ
878 2879 1012 2943 Θεὸς
1056 2880 1231 2949 Λόγος
1275 2880 1515 2952 ἀπαθής.
1555 2881 1725 2934 Πάλιν
1760 2879 1869 2953 γὰρ
1903 2878 1990 2933 ἐπ’

2161 2874 2362 2929 Mansit
2389 2885 2574 2930 autem
2599 2876 2744 2932 Deus
2766 2877 3010 2934 Verbum
3031 2880 3386 2951 impatibilis:
3414 2900 3537 2941 nam
3557 2887 3667 2945 huc

415 2973 592 3025 έκεῖνο
621 2971 854 3042 ἔρχομαι
874 2988 888 3002 ·
922 2971 1159 3042 πρόσεχε
1186 2972 1267 3043 τῷ
1296 2972 1595 3044 λεγομένῳ.
1620 2971 1732 3027 Καὶ
1756 2972 1865 3025 τῶν
1895 2970 1991 3043 μὲν

2094 2965 2296 3021 iterum
2348 2967 2717 3036 regredituur.
2767 2968 3009 3025 Adverte
3055 2972 3188 3041 quid
3236 2972 3471 3029 dicatur.
3519 2977 3668 3031 Divi-

417 3059 707 3131 θειοτέρων
759 3059 1100 3129 μεταδέδωκε
1137 3062 1205 3131 τῇ
1245 3061 1621 3132 ἁνειλημμένῃ
1660 3059 1842 3129 φύσει,
1884 3059 1991 3114 τῶν

2095 3057 2252 3111 niora
2300 3056 2525 3126 quidem
2579 3068 2876 3130 assumpta:
2919 3069 3132 3116 natura:
3193 3066 3663 3133 communicavit;

414 3151 471 3204 δὲ
489 3151 587 3220 τῆς
605 3150 1029 3220 ἁνθρωπότητος
1043 3151 1259 3215 οὐδενὸς
1283 3151 1569 3223 μετέλαϐε.
1589 3152 1991 3224 Περιεπάτησεπ.

2098 3164 2292 3204 verum
2327 3164 2519 3203 eorum
2540 3165 2663 3219 qua:
2694 3150 2950 3206 humana:
2994 3161 3123 3208 sunt
3171 3162 3402 3220 naturae,
3435 3157 3573 3212 nihil
3611 3158 3666 3214 in

415 3241 509 3294 ἐπὶ
538 3241 834 3313 θαλάσσης,
872 3242 1008 3297 ἀλλὰ
1039 3242 1177 3314 μετὰ
1219 3242 1313 3296 τοῦ
1366 3243 1498 3296 ἰδίου
1545 3242 1818 3314 σώματος.
1862 3244 1991 3295 Ἐπ-

2093 3253 2151 3293 se
2179 3239 2479 3293 transtulit.
2501 3238 2820 3293 Ambulavit
2858 3255 3027 3310 super
3050 3244 3220 3298 maria
3235 3245 3300 3310 ’³,
3335 3245 3431 3299 sed
3456 3246 3510 3301 id
3557 3265 3667 3303 non

416 3335 654 3405 ετίμησε
673 3338 788 3399 τοῖς
817 3335 1042 3407 ἀνέμοις
1090 3336 1182 3390 καὶ
1214 3338 1281 3406 τῇ
1320 3335 1586 3406 θαλάσσῃ,
1615 3334 1751 3389 ἀλλὰ
1776 3333 1864 3387 διὰ
1893 3331 1986 3386 τοῦ

419 3428 550 3481 ἰδίου
597 3427 871 3498 σώματος.
938 3429 1278 3499 Ἀπήντησεν
1310 3426 1460 3498 αὐτῷ
1509 3426 1730 3498 λεπρὸς,
1773 3426 1983 3495 λέγων·

423 3540 442 3573 ι
483 3521 679 3592 Κύριε,
711 3520 808 3575 ἐὰν
831 3520 1013 3592 θέλῃς,
1042 3519 1268 3575 δύνασαί
1291 3537 1359 3590 με
1388 3518 1685 3591 καθαρίσαι
1706 3533 1720 3548 ’
1755 3537 1775 3570 ι
1801 3517 1949 3585 λέγει
1969 3533 1985 3548 ·

422 3628 440 3661 ι
476 3611 628 3664 Θέλω
651 3627 664 3639 ·
697 3609 1090 3681 καθαρίσθητιο
1135 3629 1155 3661 ι
1190 3610 1285 3662 καὶ
1331 3608 1511 3679 ἥψατο
1541 3606 1706 3662 αὐτοῦ
1729 3607 1790 3661 τὸ
1829 3607 1989 3678 σῶμα

414 3701 475 3754 τὸ
509 3700 862 3765 Δεσποτικὸν,
889 3702 982 3755 καὶ
1017 3700 1381 3771 ἐδραπέτευσε
1408 3700 1468 3754 τὸ
1500 3700 1746 3771 νόσημαο
1780 3697 1986 3764 ἀπεξύ-

417 3793 519 3864 σθη
569 3794 603 3862 ἡ
660 3792 858 3864 λέπρα.
898 3792 1135 3864 ’Έθρεψε
1193 3791 1666 3863 πεντακισχιλίους
1716 3794 1780 3845 ὲκ
1828 3792 1987 3845 πέντε

416 3884 620 3954 ἄρτων,
651 3883 790 3938 ἀλλὰ
811 3882 902 3937 διὰ
916 3883 1011 3936 τοῦ
1044 3883 1320 3954 ἡμετέρου
1353 3880 1604 3953 σώματος
1625 3898 1641 3913 ο
1675 3881 1855 3934 λαϐὼν
1878 3880 1990 3952 γὰρ

416 3976 789 4048 ηὐχαρίστησε
818 3975 897 4046 τῷ
926 3977 1124 4047 Πατρὶ,
1164 3976 1258 4029 καὶ
1297 3975 1504 4038 κλάσας
1538 3962 1708 4028 ἔδωκε
1739 3974 1853 4037 τοῖς
1883 3990 1989 4044 μα·-

416 4069 609 4140 θηταῖς
634 4067 826 4135 αὐτοῦ,
844 4071 895 4123 οἱ
915 4068 972 4123 δὲ
999 4070 1242 4141 μαθηταὶ
1272 4069 1352 4140 τῷ
1372 4068 1569 4139 πλήθει
1588 4084 1602 4098 '
1636 4069 1733 4122 καὶ
1768 4067 1990 4139 ἐπερίσ-

418 4178 620 4216 σευσαν
640 4161 850 4216 δώδεκα
871 4161 1083 4231 κόφινοι
1108 4161 1459 4232 κλασμάτων.
1478 4161 1658 4215 Μόνου
1683 4158 1819 4213 Θεοῦ
1843 4163 1991 4213 ἐστιν

416 4251 641 4321 ἀφιέναι
691 4251 1005 4322 ἁμαρτίας·
1048 4250 1212 4305 πάλιν
1244 4250 1428 4319 λέγει’
1464 4268 1483 4302 ι
1521 4249 1638 4318 Ἵνα
1665 4249 1867 4319 εἰδῆτε,
1907 4248 1990 4302 ὅτι

417 4341 670 4408 ἐξουσίαν
712 4340 829 4413 ἔχει
865 4341 895 4395 ό
925 4340 1052 4405 Υἱὸς
1080 4340 1178 4394 τοῦ
1222 4339 1514 4418 ἀνθρώπου
1546 4338 1765 4409 ἀφιέναι
1809 4339 1990 4409 ἁμαρο

417 4432 558 4499 τίας.
595 4452 615 4485 ι
651 4431 824 4487 Πάλιν
856 4432 1007 4502 λέγει
1030 4445 1045 4461 ·
1085 4448 1105 4484 ι
1152 4431 1344 4494 Οὐδεὶς
1391 4429 1730 4501 ἀναϐέϐηκεν
1776 4428 1856 4491 είς
1899 4427 1990 4481 τὸν

416 4525 668 4596 οὐρανὸν,
700 4527 750 4579 εἰ
785 4525 860 4597 μὴ
890 4527 921 4579 ὁ
956 4526 1023 4578 ὲκ
1068 4524 1165 4579 τοῦ
1208 4523 1440 4595 οὐρανοῦ
1481 4522 1724 4585 καταϐὰς
1746 4564 1759 4586 ,
1791 4522 1821 4574 ὁ
1861 4519 1989 4612 Υίδς
2022 4558 2063 4612 D

417 4617 510 4671 τοῦ
552 4616 869 4689 ἀνθρώπου,
910 4617 940 4670 ὁ
968 4614 1044 4670 ὢν
1088 4617 1147 4670 έν
1194 4614 1272 4686 τῷ
1304 4613 1537 4686 οὐρανῷ.
1580 4632 1600 4666 ι
1650 4612 1834 4685 Ὁρᾷς,
1868 4611 1987 4676 πῶς

416 4707 527 4761 τῶν
562 4706 848 4779 θειοτέρων
875 4705 1214 4778 μετέδωκεν;
1253 4705 1421 4758 Ὅταν
1442 4703 1501 4758 δὲ
1535 4703 1652 4775 ἴδῃς
1679 4702 1841 4756 αὐτὸν
1865 4719 1986 4756 πει-

418 4798 619 4866 νῶντα,
645 4799 744 4854 καὶ
766 4798 1028 4870 διψῶντα,
1060 4797 1360 4863 κοπιῶντα,
1392 4796 1488 4850 καὶ
1515 4793 1783 4866 ἱδροῦντα,
1809 4809 1989 4864 παρα-

417 4890 696 4961 διδόμενον
725 4890 966 4961 Πιλάτῳ,
999 4888 1267 4960 ἀγόμενον
1290 4887 1386 4942 καὶ
1414 4886 1807 4959 περιαγόμενον
1835 4885 1992 4954 χερσὶ

418 4982 650 5053 δημίων,
699 4980 1020 5051 ἀγωνιῶντα
1040 5020 1057 5047 ,
1119 4980 1414 5051 εὐχόμενον
1436 4996 1452 5012 ο
1507 4996 1529 5032 ι
1591 4976 1750 5031 Ἑλωῖ
1808 4975 1989 5041 Ἐλωί,

420 5073 614 5144 λαμμᾶ
646 5072 947 5144 σαϐαχθανί
968 5090 983 5139 ;
1006 5071 1271 5134 τουτέστι,
1302 5070 1403 5123 Θεέ
1447 5087 1570 5140 μου,
1611 5069 1713 5122 Θεέ
1749 5085 1875 5138 μου,
1903 5067 1991 5119 ἵνα

418 5166 471 5217 τί
501 5182 568 5234 με
602 5164 1000 5233 ὲγκατέλιπες;
1037 5182 1056 5215 ι
1090 5163 1186 5219 καὶ
1212 5162 1406 5217 πάλινο
1446 5181 1465 5214 ι
1498 5162 1561 5215 Εἰ
1601 5158 1846 5226 δυνατὸν,
1883 5158 1993 5212 Πά-

493 5320 533 5351 ¹⁹
561 5320 795 5390 Philipp.
829 5337 886 5376 ιι.
917 5320 968 5374 6.
1046 5320 1092 5350 ³ο
1125 5318 1281 5373 Joan.
1316 5336 1353 5384 ι,
1387 5319 1472 5372 lli.
1551 5318 1593 5348 ³³
1626 5315 1731 5370 lsa.
1758 5329 1852 5375 vn,
1888 5314 1973 5367 M.

496 5428 509 5443 .
585 5391 630 5421 "
660 5390 846 5444 Matth.
877 5406 985 5451 vm,
1023 5390 1073 5441 5.
1151 5389 1195 5420 ’⁸
1233 5386 1389 5444 Joan.
1418 5403 1493 5452 vt,
1524 5387 1734 5454 Sseqq.
1810 5385 1854 5419 ’7
1900 5382 1991 5454 Ma

2092 5307 2329 5443 Ἐἴθ’
2359 5304 2590 5428 ξῖἷιόἐιῗῖ
2612 5296 2943 5431 ,υἷἰἓῗωῧ
2964 5290 3257 5426 atati.
3281 5290 3360 5417 ἱ
3386 5290 3665 5414 Μῧτῖὸέιῖῑ

423 5389 509 5443 59.
585 5391 630 5421 ’⁸
660 5389 846 5444 Matth.
877 5406 985 5451 vm,
1023 5390 1073 5441 5.

424 5475 492 5513 ιν.
539 5460 589 5513 6.
669 5461 710 5489 ³¹
742 5459 876 5513 Luc.
904 5476 1030 5513 χχιι,
1066 5494 1073 5502 ι

424 5475 492 5522 ιν,
539 5475 589 5513 υ.

669 5461 710 5489 ³³
742 5459 876 5514 Luc.
904 5476 1030 5522 χχιι,
1066 5459 1151 5511 Η.
1231 5459 1273 5489 ³⁸
1308 5458 1465 5512 Joan.
1500 5452 1774 5520 “111,729;
1802 5468 1913 5520 xxx,
1943 5452 1967 5505 1
1999 5465 2155 5520 seqq.

2089 3328 2299 3399 absque
2324 3329 2549 3399 proprio
2585 3343 2840 3398 corpore.
2902 3331 3213 3401 lncrepavit
3252 3350 3405 3393 mare
3445 3345 3500 3394 et
3528 3355 3664 3393 ven—

2090 3430 2179 3477 tos
2216 3420 2285 3486 “,
2320 3420 2417 3475 sed
2446 3435 2546 3491 per
2580 3420 2870 3491 proprium
2917 3436 3138 3491 corpus.
3184 3422 3442 3484 Occurrit
3472 3429 3550 3485 illi
3580 3431 3663 3489 le-

2086 3525 2306 3582 prosus,
2344 3510 2562 3566 dicens:
2614 3528 2632 3561 ι
2655 3510 2908 3576 Domine,
2946 3511 2993 3566 si
3041 3512 3146 3577 vis,
3194 3521 3354 3584 potes
3383 3534 3471 3574 me
3503 3536 3666 3576 mun-

2087 3603 2252 3669 dare;
2295 3602 2431 3658 dicit
2454 3603 2506 3657 ei
2530 3619 2544 3656 :
2576 3601 2737 3669 Volo;
2767 3603 3039 3659 mundare
3060 3604 3126 3659 ".
3168 3624 3186 3658 ι
3211 3606 3281 3662 Et
3305 3609 3485 3681 tetigit
3514 3613 3665 3668 illum

2088 3710 2289 3765 corpus
2303 3695 2674 3761 Dominicum,
2701 3701 2757 3750 et
2775 3694 2997 3766 fugatus
3016 3705 3105 3751 est
3132 3697 3382 3765 morbus,
3406 3701 3668 3773 lepraque

2088 3787 2349 3843 decessit.
2391 3788 2550 3842 Pavit
2579 3788 2829 3858 quinque
2873 3788 3056 3843 millia
3101 3790 3387 3846 hominum
3424 3796 3670 3865 quinque

2089 3879 2324 3948 panibus
2347 3880 2413 3943 ’⁸,
2442 3878 2539 3934 sed
2574 3894 2675 3948 per
2696 3886 2964 3935 nostrum
2994 3895 3214 3950 corpus.
3248 3881 3405 3948 Nam,
3442 3894 3670 3956 accepto

2089 3986 2252 4040 pane,
2270 3971 2474 4041 gratias
2494 3972 2607 4041 egit
2622 3970 2792 4037 Patri,
2822 3978 2880 4026 et
2897 3971 3079 4041 fregit,
3105 3971 3366 4042 deditque
3383 3974 3670 4045 discipulis

2092 4063 2229 4126 suis,
2267 4062 2525 4132 discipuli
2546 4056 2731 4117 autem
2759 4060 2956 4115 turbae.
2986 4061 3055 4115 Et
3083 4060 3479 4130 superfuerunt
3525 4062 3667 4117 duo-

2090 4154 2269 4210 decim
2299 4153 2519 4223 cophini
2543 4152 2992 4223 fragmentorum.
3022 4149 3205 4205 Solius
3227 4150 3324 4205 Dei
3345 4160 3429 4205 est
3445 4158 3668 4221 peccata

2092 4245 2403 4309 dimittere;
2451 4243 2588 4298 dicit
2633 4251 2853 4296 autem:
2889 4259 2906 4292 ι
2943 4240 3014 4295 Ut
3078 4239 3267 4295 sciatis
3314 4239 3444 4310 quia
3493 4240 3669 4295 Filius

2093 4336 2338 4391 hominis
2360 4334 2529 4390 habet
2558 4340 2888 4404 potestatem
2935 4328 3253 4385 dimittendi
3295 4337 3519 4399 peccata
3542 4330 3608 4383 ".
3640 4347 3660 4380 ι

2092 4428 2308 4483 Rursus
2327 4426 2491 4481 dicit:
2534 4443 2552 4475 ι
2579 4424 2754 4479 Nemo
2781 4421 3030 4477 ascendit
3057 4420 3113 4475 in
3140 4421 3367 4485 caelum,
3417 4418 3523 4474 nisi
3570 4419 3683 4489 qui~

2092 4517 2382 4574 descendit
2409 4517 2478 4572 de
2508 4515 2671 4579 cmlo,
2702 4513 2878 4569 Filius
2903 4512 3167 4577 hominis,
3193 4511 3289 4582 qui
3336 4519 3422 4566 est
3458 4509 3515 4564 in
3559 4525 3671 4566 ea:-

2092 4610 2149 4665 lo
2171 4611 2237 4663 ¹⁶.
2268 4627 2287 4660 ι
2321 4606 2517 4664 Gemis
2556 4603 2836 4675 quomodo
2881 4601 3157 4658 diviniora
3199 4599 3670 4656 communicavit?

2091 4699 2229 4757 Cum
2275 4706 2459 4753 autem
2507 4696 2661 4750 vides
2702 4694 2856 4749 illum
2899 4691 3260 4756 esurientem,
3293 4690 3571 4745 sitientem
3598 4689 3667 4752 ²⁹,

2094 4792 2453 4863 defatigatum
2473 4788 2541 4852 ³⁸,
2581 4787 2872 4843 sudantem
2893 4784 2959 4850 ³⁸,
2983 4782 3163 4838 Pilato
3192 4780 3477 4844 traditum,
3506 4779 3667 4833 licto-

2096 4898 2218 4938 rum
2250 4881 2508 4936 manibus
2534 4880 2763 4935 ductum
2796 4877 3322 4943 circumactumque,
3372 4869 3666 4941 agonizan-

2100 4981 2209 5028 tem
2236 4972 2304 5035 ",
2326 4977 2577 5026 orantem
2603 4987 2617 5022 :
2658 4988 2675 5020 ι
2700 4968 2842 5031 Eloi,
2868 4965 3012 5029 Eloi,
3045 4961 3279 5017 lammah
3313 4955 3665 5021 sabacthani;

2098 5064 2206 5119 hoc
2243 5072 2329 5119 est
2367 5081 2380 5116 :
2421 5063 2570 5117 Deus
2625 5075 2801 5123 meus,
2830 5059 2973 5112 Deus
3016 5068 3192 5116 meus,
3217 5050 3420 5145 utquid
3466 5046 3670 5145 dercli:

2099 5152 2271 5226 quisti
2325 5168 2413 5209 me
2465 5150 2587 5204 “‘h
2647 5149 2978 5203 clamantem
3024 5154 3244 5195 rursum
3287 5156 3300 5192 :
3345 5139 3568 5201 «Pater,
3619 5139 3667 5188 si

3313 5290 3360 5323 ’⁸
3386 5288 3552 5344 Mare.
3592 5304 3665 5351 Iv,

2234 5448 2278 5479 ³³
2318 5445 2482 5499 Marc.
2509 5459 2595 5503 xv,
2621 5442 2708 5493 '54.

1515 5608 1689 5666 Variae
1713 5607 1976 5665 lectiones
2006 5603 2213 5663 codicis
2238 5593 2599 5669 Segnieriaui.

498 5704 519 5740 ί
543 5699 717 5759 εἶπεν.
