4076 6468
468 342 604 400 rm

1491 337 1694 394 PAULI
1732 335 2029 392 EMESENI
2069 334 2369 392 EPISCOPI
2404 333 2724 392 IlOMlLUE.

3553 336 3694 394 MM

463 462 723 534 possibile
747 470 849 521 est,
873 465 1160 515 transcata
1187 472 1273 512 me
1303 457 1444 512 calix
1469 457 1608 523 iste;
1645 465 2025 512 verumtamen

2127 472 2245 525 τερ,
2285 455 2602 524 παρελθέτω
2637 455 2732 508 ἀπ’
2773 451 2909 523 ὲμοῦ
2933 453 2993 506 τὸ
3023 461 3280 524 ποτήριον
3321 452 3509 506 τοῦτο·
3554 455 3696 527 πλὴν

462 572 570 609 non
595 552 740 622 quod
765 568 865 622 ego
893 552 1036 615 volo,
1061 550 1157 605 sed
1178 549 1324 620 quod
1349 559 1406 604 tu
1434 550 1512 602 ’δε
1544 569 1561 600 ι
1593 565 1718 604 cum
1773 548 1928 602 vides
1971 547 2027 600 in

459 661 682 700 crucem
706 655 913 705 actum,
940 642 1111 697 clavis
1158 657 1353 696 manus
1391 649 1448 695 et
1498 639 1668 710 pedes
1692 639 1840 694 illius
1871 639 2024 701 fixos,

462 736 713 801 latusque
760 732 1105 796 confossum;
1159 738 1275 784 tum
1317 729 1496 800 cogita
1557 730 1726 782 Deum
1784 727 2027 782 Verbum

460 823 826 879 permansisse
882 820 1222 890 impatibile;
1276 820 1393 875 haec
1442 827 1625 873 autem
1667 817 1872 880 omnia,
1906 831 2027 885 qua:

458 928 558 965 suo
583 911 728 966 illata
750 917 879 964 sunt
906 910 1146 979 corpori,
1178 908 1283 964 sibi
1305 907 1709 977 appropriasse.
1736 906 1806 961 Ut
1840 913 2025 958 autem

457 1000 795 1063 ostenderet,
821 998 968 1068 quod
1018 1015 1087 1053 ne
1135 997 1409 1068 passionis
1449 996 1672 1066 quidem
1720 1003 1967 1065 tempore
1995 1009 2027 1049 a

459 1091 682 1160 proprio
709 1093 1028 1146 recessisset
1051 1091 1276 1159 templo,
1298 1089 1517 1160 quando
1556 1090 1728 1144 Judaei
1773 1090 1891 1144 haec
1919 1097 2028 1142 tra-

456 1179 575 1246 gica
607 1186 798 1231 contra
830 1179 1120 1233 Dominum
1149 1179 1402 1248 agebant,
1435 1188 1690 1248 tanquam
1712 1180 1856 1233 Deus
1879 1194 2025 1233 com-

455 1267 657 1336 pressit
687 1268 819 1320 solis
855 1268 1058 1332 radios,
1090 1269 1312 1324 diffudit
1333 1269 1598 1324 tenebras
1617 1283 1716 1338 per
1747 1277 2021 1323 terrarum

455 1360 667 1422 orbem,
692 1359 917 1414 discidit
949 1361 1136 1430 templi
1162 1362 1366 1426 velum,
1411 1360 1653 1431 disrupit
1689 1369 1897 1430 petras,
1927 1377 2024 1416 ex-

455 1450 643 1503 citavit
671 1459 917 1505 mortuos
949 1451 1012 1504 ³³.
1041 1452 1165 1506 Haec
1187 1452 1370 1506 omnia
1397 1459 1657 1522 operatus
1677 1460 1783 1516 est,
1832 1461 1894 1505 ut
1935 1453 2023 1505 in-

456 1541 733 1610 telligeres
758 1541 997 1596 adfuisse
1026 1542 1176 1595 illum
1209 1541 1464 1612 patienti,
1498 1552 1555 1597 et
1580 1541 1850 1613 ejusmodi
1892 1556 2023 1611 pas-

454 1633 637 1688 siones
695 1633 798 1688 sibi
829 1635 1234 1704 appropriasse,
1284 1634 1382 1690 sed
1431 1634 1608 1704 ipsum
1655 1633 2019 1704 impatibilem

453 1725 638 1778 omnia
665 1724 782 1780 hzec
810 1725 1128 1795 perfecisse.

2129 545 2226 614 οὐχ
2255 545 2330 607 ὼς
2375 543 2484 613 ἐγὼ
2511 544 2669 608 θέλω,
2722 543 2836 598 ἀλλ’
2867 543 2943 608 ὡς
2968 543 3052 597 σύ.
3085 563 3102 595 ι
3139 544 3309 597 Ὅταν
3363 545 3480 615 ίδῃς
3531 546 3697 600 αὑτὸν

2127 634 2685 706 ἁνασκολοπιζόμενον
2705 652 2717 667 ο
2749 637 2878 690 ὅταν
2902 635 3018 708 ἴδῃς
3041 635 3204 706 ἥλους
3233 637 3326 689 ἐπὶ
3354 637 3462 689 τῶν
3497 638 3696 708 χειρῶν

2127 730 2220 781 καὶ
2249 729 2358 781 τῶν
2386 729 2587 794 ποδῶν,
2623 729 2716 782 καὶ
2733 727 3131 800 κεκεντημένον
3157 727 3255 799 τὴν
3275 727 3536 798 πλευρὰν,
3568 731 3697 782 τότε

2126 817 2255 878 νόει,
2287 818 2368 871 ὅτι
2398 818 2425 870 6
2468 817 2600 882 Θεὸς
2636 818 2809 886 Λόγος
2837 816 3054 889 ἀπαθὴς
3085 819 3388 890 μεμένηκε,
3423 818 3596 873 ταῦτα
3637 820 3697 872 δὲ

2127 909 2304 961 πάντα
2349 908 2642 962 οἰκειοῦται
2695 908 2764 962 τὰ
2809 909 3072 980 γινόμενα
3109 911 3191 974 εἰς
3225 909 3287 962 τὸ
3343 910 3474 962 ἴδιον
3527 911 3698 964 αὐτοῦ

2128 997 2308 1067 σῶμα.
2343 998 2461 1051 Ἵνα
2493 999 2548 1052 δὲ
2589 997 2756 1070 δείξῃ,
2802 1000 2883 1052 ὅτι
2911 998 3036 1052 οὕτε
3064 1001 3120 1053 ὲν
3149 999 3226 1069 τῷ
3261 1000 3437 1070 καιρῷ
3464 1001 3558 1054 τοῦ
3585 1003 3668 1056 πά

2127 1087 2254 1150 θους
2275 1088 2488 1159 ἀπέστη
2510 1088 2604 1142 τοῦ
2625 1089 2756 1142 ἰδίου
2777 1089 2929 1152 ναοῦ,
2956 1091 3044 1144 ὅτε
3067 1089 3169 1143 οιαὶ
3183 1092 3230 1143 oi
3255 1089 3498 1144 Ἰουδαῖοι
3520 1091 3699 1146 ταῦτα

2127 1178 2607 1250 ὲδραματούργουν
2635 1180 2776 1234 κατὰ
2813 1180 2909 1234 τοῦ
2948 1181 3242 1243 Δεσπότου,
3275 1182 3579 1235 ἀπέσδεσεν
3615 1183 3698 1247 ὡς

2123 1269 2258 1332 Θεὸς
2305 1270 2500 1323 ἀκτῖνα
2533 1269 2783 1343 ήλιακήν.
2810 1271 3008 1324 Σκότον
3053 1272 3280 1343 κατέχεε
3309 1273 3410 1326 τοῦ
3449 1274 3696 1344 κόσμου’

2125 1359 2308 1430 ἔσχισε
2340 1360 2401 1413 τὸ
2425 1360 2826 1432 καταπέτασμα
2858 1360 2948 1415 τοῦ
2982 1357 3379 1435 ναοῦ.’Πέτρας
3407 1364 3696 1435 διέρρηξε-,ο

2124 1451 2352 1521 νεκροὺς
2390 1452 2600 1522 ἤγειρε.
2623 1453 2808 1507 Ταῦτα
2842 1453 3020 1506 πάντα
3062 1453 3379 1525 εἰργάσατο,
3410 1456 3495 1508 ῐνα
3524 1457 3697 1526 γνῷς.

2121 1539 2204 1591 ὅτι
2240 1539 2404 1611 συνῆν
2444 1541 2522 1612 τῷ
2557 1542 2842 1612 πάσχοντι,
2875 1544 2971 1596 καὶ
3004 1543 3069 1596 τὰ
3101 1543 3202 1614 μὲν
3230 1542 3376 1615 πάθη
3410 1542 3694 1615 ᾠκειοῦτο,

2123 1630 2286 1694 αὐτὸς
2313 1631 2370 1684 δὲ
2408 1632 2625 1703 ἀπαθὴς
2655 1633 2869 1687 ἅπαντα
2893 1635 3194 1705 εἰργάζετο.

525 1812 658 1878 Qua:
682 1822 863 1868 vestra
891 1823 1018 1869 sunt
1044 1815 1201 1870 vobis
1222 1814 1596 1885 apposuimus,
1620 1815 1735 1870 haec
1762 1815 1910 1869 enim
1941 1823 2026 1869 est

2194 1806 2274 1860 Τὰ
2293 1807 2447 1877 ὑμῶν
2473 1807 2600 1876 ὑμῖν
2622 1808 3033 1879 παρεθήκαμεν·
3057 1808 3195 1880 αὕτη
3225 1809 3333 1881 γὰρ
3355 1809 3448 1863 τοῦ
3480 1810 3696 1882 [ἰατρὸς

455 1904 636 1959 Patris
655 1907 826 1959 vestri
851 1904 1120 1968 doctrina,
1155 1906 1246 1960 hic
1276 1905 1566 1960 thesaurus
1602 1915 1687 1960 est
1729 1906 1884 1960 vobis
1909 1905 2020 1958 avi-

455 2005 563 2056 tus,
602 1996 720 2048 baac
748 1995 894 2049 beati
927 1996 1209 2050 Athanasii
1238 2006 1367 2051 sunt
1397 1998 1668 2067 dogmata,
1697 1997 1812 2052 haec
1840 1997 2019 2067 magni

451 2086 742 2156 Theophili
801 2095 885 2141 est
939 2087 1223 2152 doctrina,
1271 2089 1649 2143 columnarum
1703 2089 2022 2144 orthodoxae

451 2179 735 2236 doctrinae.
774 2179 880 2235 Sed
931 2181 1190 2249 quoniam
1220 2180 1494 2249 patienter
1536 2189 1776 2235 nostram
1817 2181 2021 2235 tulistis

451 2273 777 2335 balbutiem,
798 2281 1110 2342 exspectate
1140 2288 1289 2327 nunc
1311 2273 1492 2326 Patris
1520 2273 1844 2342 sapientiam
1870 2290 1882 2325 :
1925 2288 2021 2327 au-

451 2364 612 2418 distis
651 2363 919 2418 calamum
949 2363 1296 2431 pastoralem,
1330 2363 1518 2418 audite
1558 2378 1704 2419 nunc
1736 2373 1792 2418 et
1833 2363 2020 2418 tubam

451 2453 596 2507 clare
632 2459 1044 2520 personantem.

525 2543 764 2612 Populus
797 2542 972 2597 dixit:
1005 2542 1106 2597 Fili
1135 2541 1418 2598 Athanasii
1471 2553 1527 2598 et
1557 2543 1872 2613 Theophili,
1917 2543 2022 2615 Cy-

451 2631 561 2686 rilli
625 2631 948 2701 sapientiam
1005 2631 1451 2687 audiamus.......
1501 2633 1794 2703 episcopus
1820 2634 2022 2712 Paulus

450 2723 586 2778 dixit
618 2741 630 2776 :

521 2814 650 2880 Quae
666 2821 882 2867 nostras
902 2812 1126 2882 quidem
1142 2813 1572 2868 orthodoxorum
1600 2823 1814 2870 mentes
1833 2829 2023 2870 exsus-

453 2905 608 2969 citat,
664 2904 906 2958 hostium
939 2919 1068 2957 vero
1096 2903 1355 2958 Ecclesiae
1388 2905 1534 2958 acies
1557 2907 1875 2974 prosternit.
1911 2906 2024 2960 Deo

454 2995 638 3061 itaque
687 2991 915 3061 gloriam
961 2991 1256 3047 reddamus
1292 3008 1440 3047 nunc
1485 3003 1542 3048 et
1573 3009 1790 3065 semper
1814 3036 1829 3061 ,
1866 3005 1923 3050 et
1966 2995 2022 3050 in

453 3083 650 3137 saecula
679 3082 1024 3138 seculorum.
1057 3085 1232 3138 Amen
1258 3082 1356 3155 (l).

1186 3261 1274 3315 Ill.

453 3350 610 3406 Pauli
642 3350 868 3422 episcopi
906 3350 1113 3407 Emesa:
1135 3351 1356 3406 homilia
1383 3352 1523 3408 dicta
1557 3353 1920 3425 Alexandriaz,
1953 3360 2018 3414 de

1167 3438 1314 3493 pace.

524 3530 849 3586 Benedictus
881 3531 954 3586 sit
994 3529 1162 3595 Deus,
1194 3531 1342 3602 quod
1374 3547 1476 3603 ego
1509 3549 1658 3588 nunc
1689 3534 1927 3604 primum
1951 3536 2019 3592 ad

450 3638 548 3677 vos
577 3623 808 3692 loquens
839 3637 940 3692 per
963 3623 1115 3693 pacis
1138 3623 1560 3693 appellationem
1581 3666 1596 3689 ,
1623 3626 1883 3694 pietatem
1924 3644 2021 3684 ve-

450 3724 618 3768 stram
647 3716 887 3769 salutare
913 3714 1110 3784 dignus
1137 3715 1358 3772 habitus
1377 3731 1535 3783 sum;
1569 3719 1661 3786 qui
1680 3734 1868 3788 pacem
1898 3738 2025 3793 par-

453 3804 550 3859 tim
583 3804 852 3866 dederim,
886 3812 942 3857 et
973 3819 1161 3873 pacem
1189 3804 1430 3859 vicissim
1456 3807 1792 3876 acceperim;
1830 3825 2021 3879 pacem

450 3896 700 3948 omnium
763 3895 1034 3950 bonorum
1085 3910 1339 3961 causam;
1391 3911 1578 3965 pacem
1626 3899 1916 3955 amabilem
1963 3911 2020 3957 et

454 3983 562 4035 Deo
590 3981 810 4036 charam
835 3999 850 4046 ;
884 3998 1048 4052 quam
1065 3983 1184 4038 orbi
1199 3991 1469 4038 terrarum
1498 3986 1872 4056 perSpiritum
1894 4005 2020 4046 san-

449 4081 596 4127 ctum
638 4073 865 4145 largitus
921 4082 1006 4129 est
1063 4075 1330 4130 Dominus
1374 4075 1649 4132 Christus.
1706 4079 1814 4148 Ipsi
1845 4081 2019 4151 gloria

452 4179 556 4218 una
576 4174 630 4219 ct
654 4165 823 4232 Patri,
861 4181 985 4220 cum
1013 4173 1202 4221 sancto
1227 4165 1455 4236 Spiritu,
1492 4167 1548 4221 in
1572 4170 1790 4225 saecula.
1818 4172 2013 4228 Amen.

521 4382 565 4414 “
607 4383 796 4437 Matth.
835 4399 977 4449 xm,
1006 4381 1096 4438 59.
1172 4382 1218 4415 ³⁵
1243 4381 1449 4443 .Matth.
1475 4398 1638 4450 xxvn,
1666 4386 1850 4447 51-53.

2124 1900 2158 1968 ή
2181 1897 2532 1952 διδασκαλία·
2571 1892 2727 1962 οὗτος
2753 1901 2782 1951 ὁ
2816 1899 3090 1970 θησαυρὸς
3131 1901 3454 1971 προγονικὸς
3492 1903 3647 1972 ὑμῶν
3676 1919 3694 1932 σ

2125 1985 2219 2039 τοῦ
2249 1987 2519 2058 μακαρίου
2565 1987 2881 2040 Ἀθανασίου
2907 1989 2978 2042 τὰ
3003 1987 3252 2058 δόγματα
3274 2004 3290 2020 θ
3322 1989 3417 2042 τοῦ
3447 1990 3688 2058 μεγάλου

2119 2078 2378 2148 Θεοφίλου
2409 2073 2480 2133 τά
2508 2077 2836 2150 διδάγματα,
2859 2079 2968 2133 τῶν
2996 2079 3204 2133 στύλων
3232 2081 3332 2152 τῆς
3358 2080 3691 2150 ὁρθοδοξίας.

2133 2171 2273 2223 Ἀλλ’
2304 2169 2494 2242 ἐπειδὴ
2527 2170 2894 2242 μακροθύμως
2924 2171 3030 2226 τῶν
3059 2171 3344 2243 ἡμετέρων
3390 2173 3693 2246 ἠνέσχεσθε

2117 2262 2533 2334 ψελλισμάτων,
2574 2263 2901 2336 ἀναμείνατε
2943 2265 3038 2318 τοῦ
3084 2262 3288 2336 πατρὸς
3339 2264 3430 2336 τήν
3475 2267 3690 2336 σοφίαν.

2132 2352 2434 2407 Ἠκούσατε
2458 2354 2706 2426 καλάμου
2737 2355 3085 2426 ποιμενικοῦ,
3124 2357 3394 2412 ἀκούσατε
3427 2359 3524 2412 καὶ
3560 2359 3694 2414 σάλ-

2123 2459 2318 2511 πιγγος
2355 2444 2896 2518 μεγαλοφωνοτάτης.

2191 2535 2250 2588 ’0
2289 2535 2418 2600 λαὸς
2465 2530 2653 2592 εἷπενο
2697 2538 2794 2590 Υἰὲ
2847 2538 3146 2609 Θεοφίλου,
3189 2542 3284 2595 καὶ
3326 2542 3648 2596 Ἀθανασίου
3674 2581 3691 2606 ,

2122 2625 2399 2698 Κυρίλλου
2469 2627 2663 2698 σοφίας
2713 2628 3037 2702 ἀκούσωμεν
3087 2669 3105 2686 .
3153 2670 3167 2685 .
3199 2671 3213 2687 .
3254 2670 3270 2687 .
3309 2634 3340 2687 6
3391 2633 3694 2696 ἐπίσκοπος

2124 2717 2336 2781 Παῦλος
2362 2715 2516 2771 εἶπεν
2532 2734 2548 2749 ο

2205 2807 2393 2879 ἠμῶν
2430 2809 2530 2879 μὲν
2559 2808 2670 2864 τῶν
2706 2809 3002 2881 ὀρθοδόξων
3033 2814 3104 2868 τὰ
3136 2817 3460 2891 φρονήματα
3491 2815 3691 2884 διεγει-

2125 2898 2345 2968 ρούσης,
2376 2897 2487 2951 τῶν
2535 2899 2592 2953 δὲ
2627 2901 2885 2955 ἐναντίων
2912 2902 3014 2973 τῆς
3064 2903 3389 2974 Ἐκκλησίας
3433 2906 3500 2959 τὰ
3523 2905 3690 2976 στίφη

2124 2986 2591 3057 καταϐαλλούσης.
2627 2989 2718 3060 Τῷ
2755 2989 2877 3062 Θεῷ
2907 2992 3087 3046 τοίνυν
3111 2992 3268 3057 δόξαν
3299 2993 3697 3062 ἀναπέμψομεν

2126 3081 2242 3145 νῦν,
2303 3081 2398 3135 καὶ
2431 3080 2522 3136 ἀεὶ
2550 3121 2566 3147 ,
2615 3083 2710 3136 καὶ
2751 3083 2831 3146 εἰς
2873 3084 3002 3146 τοὺς
3041 3084 3245 3148 αἰῶνας
3287 3085 3395 3138 τῶν
3448 3083 3685 3140 αἰώνων.

2048 3143 2089 3200 C
2135 3143 2326 3244 ’Δμήνο

2876 3264 2952 3319 Γ⁹.

2133 3353 2360 3423 Ὀμιλία
2413 3354 2654 3426 Παύλου
2679 3425 2683 3426 ί
2704 3355 3053 3426 ἐπισκόπου⁸
3097 3355 3347 3426 Ἐμέσης
3390 3357 3460 3410 ὲν
3501 3356 3701 3422 24.138-

2483 3424 2726 3494 ανδρείᾳ
2755 3425 2888 3494 περὶ
2928 3423 3173 3496 εἰρήνης
3197 3426 3296 3497 (1).

2190 3537 2494 3611 Εὐλογητὸς
2523 3538 2552 3592 6
2578 3538 2710 3602 Θεὸς
2739 3540 2768 3593 6
2801 3539 2977 3593 τοίνυν
2995 3546 3025 3577 ιι
3055 3538 3271 3610 πρῶτον
3307 3539 3437 3611 ὑμῖν
3464 3538 3700 3609 φθεγγό-

2126 3650 2286 3702 μενος
2311 3635 2378 3706 τῇ
2409 3633 2510 3704 τῆς
2534 3633 2756 3704 εἰρήνης
2781 3633 3100 3704 προσρήσει,
3131 3632 3230 3704 τὴν
3259 3633 3531 3704 ὑμετέραν
3563 3650 3699 3687 κατ-

2120 3723 2417 3794 αξιωθῆναι
2467 3723 2546 3794 (Ξ)
2584 3722 3040 3778 κατασπάσασθαι
3097 3724 3383 3778 εὐλάϐειαν
3407 3741 3421 3755 ·
3471 3725 3697 3796 εἰρήνην

2121 3813 2178 3865 ἐν
2203 3812 2282 3883 τῷ
2313 3813 2470 3885 μέρει
2501 3811 2786 3880 δεδωκὼς,
2819 3815 2910 3867 καὶ
2963 3813 3189 3885 εἰρήνην
3231 3811 3530 3867 ἀντιλαϐὼν
3555 3830 3570 3845 ο
3615 3813 3692 3866 εἰς

2128 3905 2302 3973 ρήνην
2331 3905 2431 3972 τὴν
2457 3903 2675 3958 πάντων
2699 3905 2807 3959 τῶν
2830 3904 3050 3973 ἀγαθῶν
3078 3905 3278 3959 αἰτίαν·
3309 3904 3408 3976 τὴν
3432 3903 3696 3975 ἐράσμιον

2124 3992 2217 4044 καί
2240 3992 2318 4062 τῷ
2352 3992 2470 4064 Θεῷ
2492 3993 2653 4065 φίλην
2682 4011 2697 4025 °
2745 3996 2813 4067 ἣν
2854 3997 2884 4049 6
2912 3995 3186 4066 Δεσπότης
3222 3994 3456 4066 Χριστὸς
3478 3995 3565 4048 διὰ
3595 3993 3693 4047 τοῦ

2117 4081 2276 4150 ἁγίου
2306 4083 2623 4154 Πνεῦματος
2647 4124 2662 4149 ,
2693 4088 2760 4158 τῇ
2785 4085 3075 4158 οἰκουμένῃ
3107 4086 3422 4157 ἐχαρίσατο.
3462 4085 3621 4155 Αὐτῷ
3654 4085 3692 4156 ὴ

2116 4171 2245 4238 δόξα
2279 4172 2397 4245 ἅμα
2421 4174 2500 4244 τῷ
2523 4176 2700 4252 Πατρὶ
2723 4177 2822 4232 σὺν
2843 4176 2920 4246 τῷ
2952 4175 3092 4248 ἁγίῳ
3114 4177 3414 4249 Πνεύματι,
3448 4177 3530 4242 είς
3559 4177 3692 4240 τοὺς

2119 4264 2339 4328 αἰῶνας.
2377 4266 2566 4338 Ἀμήν.

1552 4524 1721 4582 Variae
1748 4525 2013 4608 lectiones
2035 4525 2238 4583 codicis
2272 4526 2635 4602 Seguieriani.

889 4619 917 4647 ν
943 4609 1305 4680 κατηξιώθην.

525 4618 550 4645 ⁸³
581 4611 663 4663 ὅτι
696 4611 808 4663 νῦν.

1958 4701 2184 4759 NOTAE.

526 4812 602 4889 (ί)
636 4812 823 4889 gyrilli
850 4815 1072 4870 homilia
1105 4817 1182 4871 De
1213 4818 1526 4889 PauloAqui
1545 4825 1668 4889 ante
1687 4815 2032 4889 dinei-perat,
2066 4825 2244 4889 exstat
2272 4834 2436 4889 supra
2469 4822 2574 4875 col.
2601 4823 2722 4879 990.

522 4883 596 4954 (τὶ)
636 4883 746 4938 lloc
778 4885 1141 4955 fragmentum
1175 4888 1351 4944 edidit
1382 4883 1688 4942 Gotelerius
1721 4891 1778 4940 ln
1811 4884 2163 4941 Monumentis
2199 4883 2448 4946 Ecclésim
2473 4891 2686 4957 Crwcw,
2715 4903 2754 4948 t.
2792 4897 2834 4962 l,
2870 4913 2925 4968 p.
2961 4901 3050 4956 48.

484 5070 3687 5112 ..__._____.__________—__._______.____....____________

1670 5206 1984 5287 PAULI
2051 5209 2494 5291 EMESENI

1235 5376 1568 5436 EPISTULA
1605 5380 1696 5438 AD
1730 5376 2135 5437 ANATOLIUM
2176 5382 2578 5443 MAGISTRUM
2615 5387 2915 5446 MlLlTL‘E.

1608 5515 1682 5565 De
1708 5527 1831 5578 pace
1855 5513 2219 5567 eccclesiastica
2249 5518 2525 5574 restituta..

512 5627 677 5680 Eata!
702 5625 750 5678 in
773 5630 1012 5694 Synodico
1035 5632 1284 5691 Catinensi
1307 5639 1542 5695 adversus
1569 5644 1881 5712 Tragoediam
1913 5645 2110 5705 frenet}
2133 5661 2238 5714 cap.
2261 5649 2366 5712 107,
2389 5650 2512 5704 inter
2533 5655 2692 5718 Opera
2715 5658 3190 5726 Theodoreti,.infra,
3221 5669 3332 5714 tom.
3363 5665 3557 5715 ιηχι
3573 5666 3626 5719 Υ.
