4076 6428
405 334 3660 382 W

1629 528 1800 573 ANNO
1848 528 2041 574 DOMIN
2046 529 2065 572 Ι
2106 530 2436 574 CDXXXV’II.

1479 728 2616 1001 ACACIUS

696 1083 2104 1220 BERRHGﬂENSIS
2306 1086 3379 1223 EPISCOPUS

1750 1493 2301 1589 NOTITIA.

1488 1687 1686 1750 (Oriens
1723 1685 2046 1747 Christianus,
2075 1690 2191 1735 tom.
2222 1685 2285 1745 ll,
2315 1689 2413 1737 col.
2453 1689 2587 1750 782.)

468 2095 553 2153 Ab
582 2090 819 2150 Eusebio
848 2085 1237 2152 Samosatensi,
1282 2084 1378 2156 qui
1420 2083 1525 2140 sub
1552 2082 1779 2138 Valente
1810 2082 2141 2153 imperatore
2173 2081 2449 2137 Ecclesias
2486 2080 2730 2139 Orientis
2771 2081 2913 2138 clam
2940 2083 3213 2141 lustrabat
3249 2092 3307 2142 et
3346 2088 3663 2157 ordinabat,

398 2188 634 2246 Aeacius
675 2200 743 2239 ex
782 2180 1056 2237 monacho
1094 2179 1387 2249 episc0pus
1417 2174 1799 2231 Berrhoeensis
1842 2183 2200 2229 consecratus
2243 2172 2377 2238 fuit,
2409 2174 2821 2244 Ecclesiamque
2867 2191 3020 2231 suam
3064 2177 3461 2250 quinquaginta
3492 2195 3668 2237 annos

399 2284 633 2347 curavit,
666 2278 983 2335 monasticae
1016 2285 1200 2331 tamen
1231 2275 1358 2330 vita:
1388 2289 1579 2329 norma
1615 2287 1727 2326 non
1754 2270 1975 2336 omissa,
2004 2270 2100 2326 sed
2129 2270 2279 2326 civili
2299 2270 2505 2326 virtute
2535 2280 2856 2342 temperata,
2887 2273 2963 2327 ait
2993 2272 3375 2331 Theodoretus
3404 2275 3459 2331 in
3489 2276 3669 2331 Histo-

399 2382 482 2434 ria
521 2377 790 2447 religiosa,
827 2389 876 2428 c.
913 2373 968 2435 2,
1001 2371 1096 2441 qui
1126 2380 1183 2425 et
1207 2369 1453 2441 ejusdem
1485 2366 1737 2423 meminit
1767 2366 1866 2422 lib.
1894 2383 1929 2420 v
1955 2366 2157 2422 Histor.
2212 2366 2419 2432 eccles.,
2448 2382 2568 2438 cap.
2594 2367 2647 2421 4.
2676 2366 2874 2423 Annon
2899 2368 3133 2425 Aeacius
3169 2370 3260 2425 ille
3289 2371 3577 2444 presbyter
3608 2383 3668 2433 et

397 2471 723 2534 monachus,
754 2484 785 2522 a
819 2481 930 2537 quo
954 2465 1187 2520 Basilius
1214 2463 1445 2535 epistola
1474 2463 1597 2528 144,
1623 2478 1745 2533 qua:
1767 2471 1852 2517 est
1876 2462 1946 2517 ad
1971 2462 2180 2517 clerum
2215 2462 2658 2528 Berrhoe‘ensem,
2694 2465 2866 2520 multa
2902 2480 2961 2520 se
2986 2464 3245 2523 didicisse
3271 2469 3497 2526 scribit?
3517 2470 3664 2526 Con-

398 2564 901 2636 stantinopolitanae
926 2561 1136 2634 synodo
1168 2559 1411 2632 generali
1441 2558 1611 2629 priori
1652 2557 1920 2613 interluit.
1953 2557 2181 2612 Romam
2216 2557 2451 2613 subinde
2482 2556 2549 2612 ad
2587 2556 2845 2613 Siricium
2881 2574 3077 2631 papam
3105 2561 3308 2617 missus
3337 2572 3441 2627 est,
3474 2572 3535 2619 nt
3558 2564 3663 2622 Ec-

397 2662 627 2718 clesiam
654 2659 953 2713 Romanam
982 2662 1039 2710 et
1070 2653 1496 2709 Alexandrinam
1528 2651 1789 2707 Flaviano
1826 2651 2048 2706 tandem
2074 2650 2421 2707 Antiocheno
2463 2651 2815 2718 conciliaret;
2857 2652 3061 2723 quippe
3089 2654 3177 2709 cui
3215 2655 3331 2724 ipse
3366 2671 3493 2711 cum
3531 2657 3663 2713 Dio-

398 2756 537 2811 doro
562 2753 836 2824 imprimis
864 2749 1122 2805 Tarsensi
1163 2763 1359 2802 manus
1392 2747 1733 2817 imposuerat
1772 2755 1964 2803 contra
1996 2753 2155 2818 pacta
2183 2753 2452 2801 conventa
2493 2762 2616 2816 quae
2658 2757 3002 2803 sacramento
3042 2749 3362 2805 conﬁrmata
3396 2752 3610 2807 fuerant
3647 2772 3661 2808 :

396 2867 521 2923 quae
543 2850 651 2906 fert
681 2846 1017 2903 Sozomenus
1046 2843 1144 2899 lib.
1179 2860 1255 2907 vr,
1283 2859 1404 2913 cap.
1430 2843 1519 2897 21.
1553 2843 1684 2897 Post
1717 2857 1849 2897 vero
1881 2856 2075 2913 graves
2106 2841 2164 2896 in
2199 2841 2463 2897 Joannem
2491 2840 2941 2912 Chrysostomum
2971 2842 3290 2899 inimicitias
3318 2845 3584 2909 exercuit,
3611 2856 3669 2904 et

398 2945 457 2999 in
486 2950 761 2999 conventu
792 2939 859 2994 ad
895 2938 1172 3005 Quercum
1205 2936 1536 3007 depositioni
1566 2937 1716 2991 illius
1756 2935 2090 3008 suh‘ragatus
2128 2944 2234 3003 est,
2278 2952 2421 2991 unus
2445 2952 2476 2992 e
2502 2937 2797 3007 praecipuis
2828 2939 3087 3008 procella:
3116 2940 3282 3011 hujus
3323 2943 3665 2999 auctoribus.

395 3040 556 3095 Anno
583 3037 682 3092 451
707 3033 947 3091 Nestorii
970 3047 1193 3089 causam
1215 3031 1479 3087 adversus
1499 3031 1764 3102 Cyrillum
1788 3031 2218 3087 Alexandrinum
2248 3031 2536 3102 przelracte
2565 3032 2833 3099 defendit,
2856 3033 2960 3089 etsi
2986 3042 3215 3105 propter
3239 3043 3456 3093 aetatem
3484 3040 3668 3110 Ephe-

396 3147 521 3189 sum
552 3130 621 3186 ad
649 3128 946 3186 concilium
970 3126 1223 3200 generale
1252 3127 1444 3181 venire
1472 3142 1580 3181 non
1612 3127 1815 3197 potuit.
1843 3129 2003 3181 Anno
2035 3127 2142 3181 432
2166 3128 2410 3198 episcopi
2438 3126 2700 3193 Orientis,
2731 3127 3025 3184 Theodosii
3052 3130 3299 3187 Junioris
3322 3132 3669 3204 imperatoris

396 3236 560 3293 nutu,
594 3224 915 3281 Berrhmam
952 3222 1021 3278 ad
1057 3222 1238 3293 ipsum
1265 3237 1595 3287 convenere,
1624 3221 1694 3278 de
1718 3221 2170 3282 reconciliatione
2208 3222 2528 3287 tractaturi,
2556 3221 2703 3292 quod
2741 3224 3025 3293 negotium
3063 3240 3174 3280 non
3204 3226 3313 3282 nisi
3346 3243 3492 3282 anno
3519 3228 3667 3284 inse-

397 3319 589 3389 quenti
616 3316 927 3372 conlectum
951 3322 1055 3371 est.
1082 3313 1221 3370 Cum
1254 3314 1402 3369 circa
1431 3328 1638 3369 annum
1666 3312 1770 3367 5'79
1801 3312 1887 3367 vel
1918 3311 2022 3367 380
2050 3313 2367 3383 episcopatu
2398 3312 2558 3377 inito,
2609 3312 3005 3384 quinquaginta
3030 3322 3088 3369 et
3114 3322 3241 3370 octo
3271 3332 3445 3371 annos
3471 3326 3667 3373 tenue-

398 3408 492 3472 rit,
519 3407 721 3462 obierit
739 3414 956 3477 Oportet
978 3420 1123 3460 anno
1150 3405 1278 3469 457,
1300 3403 1567 3473 producta
1589 3403 1701 3458 vita
1727 3402 1796 3457 ad
1826 3401 2190 3457 centesimum
2213 3402 2488 3457 decimum
2519 3411 2756 3458 sextum.
2779 3403 2915 3457 Nam
2943 3419 3087 3461 anno
3112 3405 3209 3460 431
3238 3407 3324 3462 vel
3348 3408 3539 3463 saltem
3561 3408 3669 3464 433

397 3500 641 3558 Orientis
667 3500 912 3571 episcopi
937 3501 993 3555 in
1023 3514 1122 3555 sua
1162 3497 1230 3554 ad
1259 3497 1629 3553 Theodosium
1656 3497 1790 3568 imp.
1818 3496 2078 3569 synodica
2112 3497 2460 3553 scribebant:
2496 3498 2606 3553 Deo
2639 3500 3065 3555 amantissimum
3095 3510 3252 3573 atque
3274 3505 3667 3562 sanctissimum

398 3596 619 3651 Patrem
646 3605 696 3649 et
721 3598 1019 3668 episcopum
1048 3594 1298 3650 Acacium
1338 3600 1581 3649 sanctam
1611 3593 1870 3665 synodum
1903 3589 2280 3664 (Ephesinam)
2309 3610 2403 3664 per
2434 3592 2641 3648 litteras
2673 3593 2955 3656 edocuisse,
2985 3597 3125 3667 quod
3153 3596 3411 3669 (capitula
3450 3597 3663 3669 Cyrilli)

400 3688 720 3763 Apollinarii
747 3688 1003 3759 impietati
1029 3686 1385 3740 convenirent.
1409 3685 1533 3740 ch
1565 3692 1843 3751 veronota
1877 3698 1986 3737 esse
2012 3685 2125 3738 viro
2155 3685 2247 3755 qui
2274 3683 2378 3738 uo
2401 3685 2522 3739 vita
2559 3700 2727 3739 annos
2759 3684 3003 3755 explevit,
3034 3702 3240 3741 onmem
3272 3703 3394 3741 vero
3421 3690 3581 3743 vitam
3607 3689 3665 3743 in

400 3780 713 3851 euangelicis
742 3777 1115 3833 certaminibus
1137 3775 1442 3830 desudando
1470 3775 1750 3847 transegit,
1802 3781 1851 3829 et
1877 3776 2094 3844 synodis
2124 3774 2303 3829 multis
2332 3775 2590 3844 interfuit.
2616 3772 2859 3844 Legendi
2887 3773 3269 3831 Theodoretus
3298 3776 3393 3832 lib.
3427 3793 3478 3832 tv
3502 3777 3665 3844 Hist,

401 3893 453 3933 c.
487 3878 586 3944 25;
620 3877 718 3934 lib.
755 3893 809 3941 γ,
844 3890 893 3931 c.
928 3875 984 3938 2,
1019 3873 1157 3927 Hist.
1184 3871 1362 3943 relig.;
1389 3871 1731 3927 Sozomenus
1754 3869 1853 3926 lib.
1880 3885 1977 3938 vn,
2011 3886 2063 3927 c.
2085 3869 2155 3925 ‘27
2176 3886 2193 3937 ;
2217 3869 2514 3934 Palladius,
2538 3867 2684 3923 Dial.
2715 3867 2780 3923 de
2815 3871 2924 3925 vita
2947 3868 3005 3925 S.
3028 3870 3254 3926 Joannis
3278 3872 3665 3945 Chrysostomi,

402 3980 523 4027 aeta
544 3972 695 4027 varia
725 3971 792 4027 ad
817 3967 1086 4042 synodum
1111 3966 1445 4037 Ephesinam
1477 3965 1801 4037 spectantia.

425 4185 904 4222 Β*
925 4205 1385 4216 Ψ
1400 4179 3642 4215 ————————————————.~M-,

772 4200 785 4202 ἡ
852 4200 861 4201 κ
1098 4200 1101 4201 ν
1406 4200 3634 4215 mm?

1346 4361 1830 4480 ACACII
1935 4357 2715 4476 EPISTOL/E.

1979 4603 2052 4619 ..-

1859 4726 2191 4788 EPISTOLA
2223 4728 2274 4786 l.

1390 4911 1456 4952 AD
1488 4906 1744 4951 CYRILLUI
1774 4906 2175 4949 Αιεωωιιιιιυιι
2207 4904 2669 4947 ARCBIEPISCOPUI.

1247 5056 1438 5111 Exstat
1497 5069 1683 5125 supra,
1715 5050 1817 5108 col.
1859 5048 1950 5111 99,
2006 5049 2146 5102 inter
2191 5047 2256 5106 S.
2306 5048 2495 5122 Cyrilli
2547 5047 2820 5121 epistolas.

1762 5414 1767 5421 _
1850 5332 2187 5391 EPISTOLA
2221 5332 2289 5389 ιι.

955 5511 1019 5553 ΑΒ
1055 5504 1398 5550 Αιεχλκιιιιιιιι
1435 5503 1887 5546 HIEMPOLI’I‘ANUI
1926 5503 2300 5547 EUPEIA’I’BSL‘I
2330 5501 2801 5546 II'I'BOPOLITANUI
2823 5505 3134 5553 ειιιεεοιιιτιρ

772 5651 963 5711 Exstat
991 5654 1048 5708 in
1081 5650 1336 5725 Synodico
1358 5652 1654 5719 Casinensi,
1689 5670 1807 5726 cap.
1842 5652 1933 5720 41,
1968 5653 2109 5708 inter
2141 5649 2313 5725 Opera
2338 5650 2662 5718 Theodoreti,
2688 5652 2852 5722 infra,
2878 5661 3003 5710 tam.
3030 5651 3302 5711 LXXXIV.
