4076 6438
450 299 588 358 ιιιτ

1331 291 1557 353 ACACII
1588 290 2096 383 BERRIIGENSIS
2136 292 2448 353 EPISCOPI
2489 292 2868 355 EPISTOL/E.

3579 294 3730 359 “58

1873 452 2207 510 EPISTULA
2251 454 2319 508 Ill

1942 632 2005 672 Ab
2039 632 2273 673 EUIDEI.

1365 776 1581 846 Legitur
1613 777 1669 833 in
1697 779 1875 834 eodem
1900 775 2181 847 Synodico,
2215 794 2336 849 cap.
2359 793 2449 834 seu
2474 778 2695 850 epistola
2729 778 2817 835 55.

1867 1105 2204 1163 EPISTOLA
2240 1109 2335 1189 iv.

1723 1277 2090 1319 ιιιιιειιιτοιιυι
2125 1281 2190 1319 ΔΙ)
2219 1279 2463 1323 Αωοιωι.

449 1424 770 1496 Exemplum
813 1440 981 1496 sacra:
1019 1425 1091 1478 ad
1134 1425 1383 1481 Acacium
1434 1427 1821 1496 Bcrrhwcuscm
1850 1423 2045 1491 cpisco-
2077 1427 2100 1481 ,Α

2153 1424 2316 1476 Ἴσον
2343 1422 2578 1492 σαπρᾶς
2613 1426 2946 1495 πραφείσης
2974 1429 3125 1495 πρὸς
3173 1424 3443 1481 Ἀκάκιον
3473 1426 3584 1480 τὸν
3613 1419 3734 1491 τῆς

521 1494 685 1565 pum,
746 1503 793 1547 et
855 1494 1153 1549 Simeonem
1189 1500 1587 1552 Antiochcnscm
1640 1494 2036 1552 anachoretam,

520 1564 763 1635 aliasque
788 1566 1107 1634 provincias,
1142 1567 1213 1619 ad
1240 1582 1676 1639 unamquamque
1708 1580 1963 1618 seorsum.

521 1678 671 1732 Nihil
720 1676 949 1731 omnino
988 1693 1230 1733 coruma
1265 1679 1429 1734 nobis
1461 1686 1547 1734 est
1583 1674 2037 1747 pnetermissum,

448 1787 571 1840 qua:
604 1769 884 1840 religionis
904 1778 1106 1824 nostra:
1141 1785 1307 1825 causa
1332 1779 1525 1830 nostro
1554 1767 1743 1824 studio
1765 1765 1908 1822 eﬂici
1946 1765 2041 1820 de-

449 1864 703 1918 buerant.
747 1863 926 1932 Atque
970 1863 1075 1917 hoc
1106 1863 1288 1933 ipsum
1320 1863 1586 1919 sanctitas
1623 1866 1810 1916 vestra
1858 1865 1973 1912 tum
2009 1872 2041 1911 a

446 1953 657 2006 Joanne
688 1951 941 2021 piissimo
961 1952 1221 2007 Ecclesia:
1244 1952 1603 2007 Antiochense
1618 1948 1900 2019 episcopo,
1925 1954 2039 2001 tum

450 2060 480 2097 a
512 2044 729 2097 caeteris
757 2044 964 2099 sanctis
985 2045 1275 2115 episcopis
1288 2044 1385 2115 qui
1417 2058 1545 2099 cum
1580 2042 1677 2098 illo
1703 2049 1866 2105 sunt,
1896 2040 2041 2095 dilu-

446 2134 570 2190 cide
612 2148 946 2205 cognoscere
994 2135 1218 2206 poterit.
1276 2136 1619 2192 Acciderunt
1666 2144 1852 2192 autem
1897 2148 2038 2188 non-

449 2226 613 2279 nullae
642 2225 790 2279 circa
814 2225 920 2279 hoc
938 2226 1222 2296 negotium
1248 2225 1605 2282 ditﬁcultates
1639 2232 1697 2280 et
1718 2231 2041 2281 controver-

449 2318 563 2380 siae,
597 2331 733 2385 quas
754 2315 822 2371 de
862 2315 1047 2370 medio
1071 2316 1263 2371 tollere
1291 2323 1349 2371 et
1371 2316 1593 2371 abolere
1616 2317 1801 2371 conati
1821 2356 1836 2381 ,
1868 2330 2038 2385 nego-

452 2409 657 2462 tiorum
711 2407 894 2462 adhuc
947 2408 1306 2464 multitudine
1344 2408 1597 2478 impediti
1639 2422 1847 2463 sumus.
1878 2406 2039 2462 Certa

449 2499 814 2571 nihilominus
849 2497 1065 2569 ﬁxaque
1108 2509 1220 2556 stat
1270 2500 1568 2563 sententia,
1602 2499 1671 2555 ab
1711 2499 1819 2554 hoc
1856 2497 2040 2553 studio

451 2604 561 2643 non
588 2591 744 2660 prius
782 2590 1076 2657 desistere,
1098 2607 1266 2662 quam
1295 2591 1613 2646 misericors
1646 2591 1813 2657 Deus,
1843 2590 2041 2645 vestris

450 2680 927 2737 intercedentibus
952 2683 1237 2753 precibus,
1265 2683 1528 2738 unionem
1554 2692 1611 2738 et
1632 2698 1831 2753 pacem
1854 2682 2042 2738 Eccle-

2222 1497 2594 1566 Βρρῤοιαίων,
2618 1498 2716 1566 καὶ
2751 1496 3015 1566 Σιμεῶνα
3036 1499 3144 1551 τὸν
3191 1497 3554 1566 Ἀντιοχείας
3580 1498 3731 1552 ἀνα·

2217 1565 2522 1633 χωρητὴν,
2555 1565 2652 1619 καί
2691 1565 2889 1633 ἄλλος
2918 1568 3236 1636 ἐπαρχίας,
3264 1566 3384 1636 ὶδιᾳ
3404 1566 3634 1635 ἑκάστῃ
3675 1580 3724 1616 ι.

2214 1674 2383 1727 Οὐδὲν
2439 1675 2720 1741 παντελῶς
2761 1678 2894 1748 ἡμῖν
2943 1677 3374 1749 παραλέλειπται
3417 1677 3527 1731 τῶν
3580 1678 3729 1748 ὑπὲρ

2143 1767 2243 1836 τῆς
2273 1767 2484 1821 ἑαυτῶν
2509 1768 2836 1838 ὀφειλόντων
2852 1769 3258 1841 σπουδασθῆναι
3279 1770 3729 1842 θρησκείας.1(αὶ

2142 1858 2303 1912 τοῦτο
2346 1859 2591 1930 ἀκριϐῶς
2629 1861 2835 1915 εἴσεταί
2871 1879 2964 1916 σου
2994 1863 3028 1932 ἡ
3055 1861 3270 1932 ὁσιότης
3303 1861 3454 1933 παρὰ
3498 1861 3596 1915 τοῦ
3625 1862 3727 1913 εὑ-

2142 1950 2475 2005 λαῦεστάτου
2506 1952 2809 2006 ἐπισκόπου
2852 1952 3191 2022 Ἀντιοχέων,
3223 1953 3319 2006 καὶ
3364 1952 3476 2005 τῶν
3516 1951 3726 2005 λοιπῶν

2143 2043 2393 2113 μαθοῦσα
2425 2044 2534 2099 τῶν
2565 2045 2665 2099 σὺν
2692 2043 2841 2116 αὐτῷ
2864 2045 3038 2115 ἁγίων
3065 2044 3404 2098 ἐπισκόπων.
3450 2043 3723 2114 Γεγένην-

2142 2153 2232 2189 ται
2259 2136 2317 2189 δέ
2354 2154 2499 2203 τινες
2528 2137 2658 2210 περὶ
2682 2137 2745 2192 τὸ
2783 2139 3017 2211 πρᾶγμα
3040 2137 3369 2207 φιλονεικίαι
3391 2137 3489 2191 καὶ
3520 2136 3724 2189 δυσκο-

2142 2227 2276 2291 λίαι,
2306 2227 2371 2294 ἃς
2396 2228 2676 2301 ἐξαλεῖψαι
2703 2230 3079 2302 πειραθέντες,
3098 2229 3203 2283 ὑπὸ
3220 2228 3329 2283 τῶν
3355 2228 3564 2282 πολλῶν
3582 2228 3722 2290 τέως

2144 2319 2491 2392 πραγμάτων
2520 2320 2953 2392 διεκωλύθημεν.
2991 2321 3066 2374 Ub
3101 2321 3207 2392 μὴν
3238 2316 3546 2388 ἀποστῆναι
3582 2315 3719 2371 ταύ-

2141 2430 2241 2484 της
2275 2414 2375 2484 τῆς
2401 2412 2636 2485 σπουδῆς
2655 2412 3016 2485 αἱρησόμεθα,
3046 2414 3175 2483 πρὶν
3208 2408 3275 2466 ἂν
3306 2412 3440 2482 ἡμῖν
3461 2411 3489 2463 ό
3515 2404 3723 2478 ἀγαθὸς

2141 2502 2273 2566 Θεὸς
2305 2499 2408 2573 τὴν
2440 2501 2549 2556 τῶν
2599 2501 2771 2571 ἁγίων
2812 2500 3151 2574 Ἐκκλησιῶν
3199 2501 3395 2554 ἕνωσιν
3438 2498 3723 2570 χαρίσοιτο

2141 2593 2210 2647 δι’
2238 2592 2525 2665 ὑμετέρων
2570 2591 2784 2663 εὐχῶν·
2822 2592 2963 2646 ὥστε
2999 2592 3317 2664 προσήκειν,
3367 2589 3506 2661 μετὰ
3534 2588 3722 2657 πάσης

2145 2686 2382 2757 σπουδῆς
2406 2686 2577 2740 ταῦτα
2616 2685 2768 2757 παρὰ
2811 2684 2947 2739 Θεοῦ
2977 2687 3149 2740 αἰτεῖν
3179 2683 3278 2757 τὴν
3304 2683 3404 2756 σὴν
3430 2683 3722 2753 ἁγιότητα,

451 2774 550 2828 siis
582 2774 877 2828 restituere
909 2775 1251 2845 dignabitur.
1278 2775 1447 2830 Decet
1471 2775 1702 2845 proinde
1733 2782 1882 2829 tuam
1911 2790 2038 2829 san-
2064 2766 2100 2824 1]

2142 2777 2237 2848 τῆς
2279 2777 2596 2849 Ῥωμαῖκῆς
2655 2776 2956 2850 θρησκείας
2993 2776 3176 2850 ἱερέας
3233 2775 3579 2842 ἐπιδείξαντα
3626 2774 3726 2827 δο-

452 2864 725 2929 ctitatem,
749 2866 900 2920 omni
934 2865 1223 2937 diligentia
1247 2876 1305 2923 et
1333 2867 1522 2923 studio
1544 2868 1660 2922 hzcc
1681 2883 1710 2922 a
1740 2867 1853 2923 Deo
1872 2868 2047 2937 depo-

444 2971 632 3020 scere,
677 2958 774 3027 qui
814 2958 1081 3027 probatos
1112 2959 1375 3015 Romana
1414 2960 1699 3035 religionis
1734 2960 2047 3017 sacerdotes

453 3046 720 3105 declaret.

2140 2868 2343 2941 κίμους
2375 2876 2429 2925 Υ.

1583 3211 1753 3270 Variae
1774 3212 2038 3269 lectiones
2059 3212 2267 3270 codicis
2298 3209 2665 3285 Seguieriani.

522 3369 550 3407 λ
586 3361 774 3428 ἄλλαις
799 3363 1113 3436 ἐπαρχίαις,
1149 3363 1257 3443 ἰδίᾳ
1288 3367 1521 3437 ἑκάστῳ.
1598 3377 1626 3416 γ
1656 3367 1744 3422 ῖσ.
1773 3366 2136 3432 ἔπιδείξοντος
2162 3383 2175 3396 ·
2209 3366 2551 3440 εὐδοκίμους.

1612 3676 1855 3737 ACACII
1893 3678 2299 3741 CONFESSIO
2339 3677 2562 3739 FIDEI.

1774 3838 1909 3896 Vide
1942 3840 2069 3895 ibid.
2119 3855 2239 3911 cap.
2276 3839 2404 3895 221.
