  <div class='ocr_page' id='page_1' title='image "/cluster/home/n/w/nwhite01/storage/ocr_20150623/77:no.10/coo.31924054869783/732.png"; bbox 0 0 4076 6438; ppageno 0'>
   <div class='ocr_carea' id='block_1_1' title="bbox 326 354 3544 405">
    <p class='ocr_par' dir='ltr' id='par_1_1' title="bbox 326 354 3544 405">
     <span class='ocr_line' id='line_1_1' title="bbox 326 354 3544 405; baseline 0.001 -2"><span class='ocrx_word' id='word_1_1' title='bbox 326 354 3544 405; x_wconf 49' lang='lat' dir='ltr'><strong>m</strong></span> 
     </span>
    </p>
   </div>
   <div class='ocr_carea' id='block_1_2' title="bbox 1607 537 2267 585">
    <p class='ocr_par' dir='ltr' id='par_1_2' title="bbox 1607 537 2267 585">
     <span class='ocr_line' id='line_1_2' title="bbox 1607 537 2267 585; baseline 0.002 -3"><span class='ocrx_word' id='word_1_2' title='bbox 1607 537 1779 583; x_wconf 82' lang='lat' dir='ltr'><strong>ANNO</strong></span> <span class='ocrx_word' id='word_1_3' title='bbox 1823 539 2043 585; x_wconf 77' lang='lat' dir='ltr'><strong>DOMINI</strong></span> <span class='ocrx_word' id='word_1_4' title='bbox 2085 539 2267 584; x_wconf 74' lang='lat' dir='ltr'><strong>CDXLI</strong></span> 
     </span>
    </p>
   </div>
   <div class='ocr_carea' id='block_1_3' title="bbox 1348 722 2542 938">
    <p class='ocr_par' dir='ltr' id='par_1_3' title="bbox 1348 722 2542 938">
     <span class='ocr_line' id='line_1_3' title="bbox 1348 722 2542 938; baseline 0.003 -4"><span class='ocrx_word' id='word_1_5' title='bbox 1348 728 1473 934; x_wconf 86' lang='lat' dir='ltr'><strong>J</strong></span> <span class='ocrx_word' id='word_1_6' title='bbox 1489 722 2213 937; x_wconf 83' lang='grc' dir='ltr'><strong>ΟΑΝΝ</strong></span> <span class='ocrx_word' id='word_1_7' title='bbox 2233 724 2542 938; x_wconf 87' lang='lat' dir='ltr'><strong>ES</strong></span> 
     </span>
    </p>
   </div>
   <div class='ocr_carea' id='block_1_4' title="bbox 836 1077 3063 1200">
    <p class='ocr_par' dir='ltr' id='par_1_4' title="bbox 836 1077 3063 1200">
     <span class='ocr_line' id='line_1_4' title="bbox 836 1077 3063 1200; baseline 0.002 -5"><span class='ocrx_word' id='word_1_8' title='bbox 836 1077 2046 1195; x_wconf 85' lang='lat' dir='ltr'><strong>ANTIOCHENUS</strong></span> <span class='ocrx_word' id='word_1_9' title='bbox 2160 1077 3063 1200; x_wconf 86' lang='lat' dir='ltr'><strong>EPISCOPUS</strong></span> 
     </span>
    </p>
   </div>
   <div class='ocr_carea' id='block_1_5' title="bbox 1673 1452 2216 1544">
    <p class='ocr_par' dir='ltr' id='par_1_5' title="bbox 1673 1452 2216 1544">
     <span class='ocr_line' id='line_1_5' title="bbox 1673 1452 2216 1544; baseline 0.004 -4"><span class='ocrx_word' id='word_1_10' title='bbox 1673 1452 2216 1544; x_wconf 84' lang='lat' dir='ltr'><strong>NOTITIA.</strong></span> 
     </span>
    </p>
   </div>
   <div class='ocr_carea' id='block_1_6' title="bbox 1412 1642 2474 1716">
    <p class='ocr_par' dir='ltr' id='par_1_6' title="bbox 1412 1642 2474 1716">
     <span class='ocr_line' id='line_1_6' title="bbox 1412 1642 2474 1716; baseline 0.004 -19"><span class='ocrx_word' id='word_1_11' title='bbox 1412 1642 1606 1710; x_wconf 76' lang='lat' dir='ltr'><strong>(Oriens</strong></span> <span class='ocrx_word' id='word_1_12' title='bbox 1633 1645 1954 1707; x_wconf 77' lang='lat' dir='ltr'><strong>Christianas,</strong></span> <span class='ocrx_word' id='word_1_13' title='bbox 1980 1653 2098 1700; x_wconf 89' lang='lat' dir='ltr'><strong>tom.</strong></span> <span class='ocrx_word' id='word_1_14' title='bbox 2126 1648 2189 1712; x_wconf 84' lang='grc' dir='ltr'><strong>ΙΙ,</strong></span> <span class='ocrx_word' id='word_1_15' title='bbox 2213 1651 2304 1701; x_wconf 87' lang='lat' dir='ltr'><strong>col.</strong></span> <span class='ocrx_word' id='word_1_16' title='bbox 2341 1649 2474 1716; x_wconf 77' lang='lat'><strong>721.)</strong></span> 
     </span>
    </p>
   </div>
   <div class='ocr_carea' id='block_1_7' title="bbox 1900 1808 2445 1827">
    <p class='ocr_par' dir='ltr' id='par_1_7' title="bbox 1900 1808 2445 1827">
     <span class='ocr_line' id='line_1_7' title="bbox 1900 1808 2445 1827; baseline 0 -8"><span class='ocrx_word' id='word_1_17' title='bbox 1900 1808 1971 1819; x_wconf 70' lang='grc' dir='ltr'><strong>σ-</strong></span> <span class='ocrx_word' id='word_1_18' title='bbox 2412 1812 2445 1827; x_wconf 65' lang='grc'><strong><em>“</em></strong></span> 
     </span>
    </p>
   </div>
   <div class='ocr_carea' id='block_1_8' title="bbox 377 1926 3566 1999">
    <p class='ocr_par' dir='ltr' id='par_1_8' title="bbox 377 1926 3566 1999">
     <span class='ocr_line' id='line_1_8' title="bbox 377 1926 3566 1999; baseline -0.002 -11"><span class='ocrx_word' id='word_1_19' title='bbox 377 1929 635 1996; x_wconf 77' lang='lat' dir='ltr'><strong>Joannes,</strong></span> <span class='ocrx_word' id='word_1_20' title='bbox 665 1929 720 1986; x_wconf 91' lang='lat' dir='ltr'><strong>in</strong></span> <span class='ocrx_word' id='word_1_21' title='bbox 749 1929 1084 1986; x_wconf 87' lang='lat' dir='ltr'><strong>monasterio</strong></span> <span class='ocrx_word' id='word_1_22' title='bbox 1115 1926 1170 1984; x_wconf 92' lang='lat' dir='ltr'><strong>S.</strong></span> <span class='ocrx_word' id='word_1_23' title='bbox 1200 1927 1462 1998; x_wconf 88' lang='lat' dir='ltr'><strong>Euprcpii</strong></span> <span class='ocrx_word' id='word_1_24' title='bbox 1485 1927 1631 1982; x_wconf 86' lang='lat' dir='ltr'><strong>haud</strong></span> <span class='ocrx_word' id='word_1_25' title='bbox 1656 1928 1845 1999; x_wconf 84' lang='lat' dir='ltr'><strong>procul</strong></span> <span class='ocrx_word' id='word_1_26' title='bbox 1867 1928 2161 1983; x_wconf 88' lang='lat' dir='ltr'><strong>Antiochia</strong></span> <span class='ocrx_word' id='word_1_27' title='bbox 2187 1930 2257 1984; x_wconf 89' lang='lat' dir='ltr'><strong>ab</strong></span> <span class='ocrx_word' id='word_1_28' title='bbox 2279 1929 2501 1989; x_wconf 89' lang='lat' dir='ltr'><strong>ineunte</strong></span> <span class='ocrx_word' id='word_1_29' title='bbox 2530 1936 2689 1984; x_wconf 84' lang='lat' dir='ltr'><strong>aetate</strong></span> <span class='ocrx_word' id='word_1_30' title='bbox 2717 1943 2842 1985; x_wconf 92' lang='lat' dir='ltr'><strong>cum</strong></span> <span class='ocrx_word' id='word_1_31' title='bbox 2866 1927 3215 1983; x_wconf 88' lang='lat' dir='ltr'><strong>Theodorcto</strong></span> <span class='ocrx_word' id='word_1_32' title='bbox 3238 1934 3293 1981; x_wconf 90' lang='lat' dir='ltr'><strong>et</strong></span> <span class='ocrx_word' id='word_1_33' title='bbox 3314 1926 3566 1982; x_wconf 84' lang='lat' dir='ltr'><strong>Nestorio</strong></span> 
     </span>
    </p>
   </div>
   <div class='ocr_carea' id='block_1_9' title="bbox 306 2016 3565 2093">
    <p class='ocr_par' dir='ltr' id='par_1_9' title="bbox 306 2016 3565 2093">
     <span class='ocr_line' id='line_1_9' title="bbox 306 2016 3565 2093; baseline -0.002 -15"><span class='ocrx_word' id='word_1_34' title='bbox 306 2022 594 2088; x_wconf 88' lang='lat' dir='ltr'><strong>educatus,</strong></span> <span class='ocrx_word' id='word_1_35' title='bbox 628 2029 751 2093; x_wconf 89' lang='lat' dir='ltr'><strong>post</strong></span> <span class='ocrx_word' id='word_1_36' title='bbox 774 2020 1119 2077; x_wconf 87' lang='lat' dir='ltr'><strong>Theodotum</strong></span> <span class='ocrx_word' id='word_1_37' title='bbox 1146 2018 1522 2074; x_wconf 90' lang='lat' dir='ltr'><strong>Antiochenus</strong></span> <span class='ocrx_word' id='word_1_38' title='bbox 1544 2018 1838 2088; x_wconf 86' lang='lat' dir='ltr'><strong>episc0pns</strong></span> <span class='ocrx_word' id='word_1_39' title='bbox 1862 2017 2041 2073; x_wconf 81' lang='lat' dir='ltr'><strong>factus</strong></span> <span class='ocrx_word' id='word_1_40' title='bbox 2062 2029 2147 2074; x_wconf 87' lang='lat' dir='ltr'><strong>est</strong></span> <span class='ocrx_word' id='word_1_41' title='bbox 2175 2035 2319 2074; x_wconf 89' lang='lat' dir='ltr'><strong>anno</strong></span> <span class='ocrx_word' id='word_1_42' title='bbox 2352 2019 2475 2074; x_wconf 64' lang='lat'><strong>428.</strong></span> <span class='ocrx_word' id='word_1_43' title='bbox 2500 2018 2733 2075; x_wconf 86' lang='lat' dir='ltr'><strong>Aeacius</strong></span> <span class='ocrx_word' id='word_1_44' title='bbox 2764 2035 3000 2088; x_wconf 82' lang='lat' dir='ltr'><strong>namque</strong></span> <span class='ocrx_word' id='word_1_45' title='bbox 3034 2016 3432 2084; x_wconf 77' lang='lat' dir='ltr'><strong>Berrhmcnsis,</strong></span> <span class='ocrx_word' id='word_1_46' title='bbox 3460 2017 3565 2090; x_wconf 78' lang='lat' dir='ltr'><strong>Cy-</strong></span> 
     </span>
    </p>
   </div>
   <div class='ocr_carea' id='block_1_10' title="bbox 310 2107 3565 2181">
    <p class='ocr_par' dir='ltr' id='par_1_10' title="bbox 310 2107 3565 2181">
     <span class='ocr_line' id='line_1_10' title="bbox 310 2107 3565 2181; baseline -0.002 -12"><span class='ocrx_word' id='word_1_47' title='bbox 310 2114 434 2169; x_wconf 90' lang='lat' dir='ltr'><strong>rillo</strong></span> <span class='ocrx_word' id='word_1_48' title='bbox 463 2112 831 2168; x_wconf 81' lang='lat' dir='ltr'><strong>Alexandrino</strong></span> <span class='ocrx_word' id='word_1_49' title='bbox 864 2112 932 2167; x_wconf 87' lang='lat' dir='ltr'><strong>de</strong></span> <span class='ocrx_word' id='word_1_50' title='bbox 961 2126 1105 2167; x_wconf 86' lang='lat' dir='ltr'><strong>novo</strong></span> <span class='ocrx_word' id='word_1_51' title='bbox 1138 2108 1377 2166; x_wconf 86' lang='lat' dir='ltr'><strong>Nestorii</strong></span> <span class='ocrx_word' id='word_1_52' title='bbox 1415 2107 1654 2178; x_wconf 77' lang='lat' dir='ltr'><strong>dogmati</strong></span> <span class='ocrx_word' id='word_1_53' title='bbox 1681 2109 2010 2175; x_wconf 87' lang='lat' dir='ltr'><strong>rescribens,</strong></span> <span class='ocrx_word' id='word_1_54' title='bbox 2036 2110 2301 2165; x_wconf 85' lang='lat' dir='ltr'><strong>Joannem</strong></span> <span class='ocrx_word' id='word_1_55' title='bbox 2328 2126 2523 2165; x_wconf 83' lang='lat' dir='ltr'><strong>recens</strong></span> <span class='ocrx_word' id='word_1_56' title='bbox 2561 2111 2819 2181; x_wconf 88' lang='lat' dir='ltr'><strong>adeptum</strong></span> <span class='ocrx_word' id='word_1_57' title='bbox 2843 2126 2964 2166; x_wconf 87' lang='lat' dir='ltr'><strong>esse</strong></span> <span class='ocrx_word' id='word_1_58' title='bbox 2992 2108 3367 2179; x_wconf 87' lang='lat' dir='ltr'><strong>episc0patum</strong></span> <span class='ocrx_word' id='word_1_59' title='bbox 3397 2109 3565 2181; x_wconf 81' lang='lat' dir='ltr'><strong>signi-</strong></span> 
     </span>
    </p>
   </div>
   <div class='ocr_carea' id='block_1_11' title="bbox 314 2200 1924 2273">
    <p class='ocr_par' dir='ltr' id='par_1_11' title="bbox 314 2200 1916 2273">
     <span class='ocr_line' id='line_1_11' title="bbox 314 2200 1916 2273; baseline -0.005 -10"><span class='ocrx_word' id='word_1_60' title='bbox 314 2206 532 2270; x_wconf 78' lang='lat' dir='ltr'><strong>ﬁcabat,</strong></span> <span class='ocrx_word' id='word_1_61' title='bbox 573 2204 770 2257; x_wconf 81' lang='grc' dir='ltr'>νεωστὶ</span> <span class='ocrx_word' id='word_1_62' title='bbox 808 2206 887 2268; x_wconf 73' lang='grc' dir='ltr'>εἰς</span> <span class='ocrx_word' id='word_1_63' title='bbox 923 2201 1229 2273; x_wconf 75' lang='grc' dir='ltr'>ἐπισκοπὴν</span> <span class='ocrx_word' id='word_1_64' title='bbox 1253 2200 1546 2272; x_wconf 75' lang='grc' dir='ltr'><strong>ἐληλυθώς.</strong></span> <span class='ocrx_word' id='word_1_65' title='bbox 1584 2201 1706 2270; x_wconf 79' lang='lat' dir='ltr'><strong>Ipso</strong></span> <span class='ocrx_word' id='word_1_66' title='bbox 1732 2201 1916 2271; x_wconf 87' lang='lat' dir='ltr'><strong>itaque</strong></span> 
     </span>
    </p>
   </div>
   <div class='ocr_carea' id='block_1_12' title="bbox 1952 2200 3562 2273">
    <p class='ocr_par' dir='ltr' id='par_1_12' title="bbox 1952 2200 3562 2268">
     <span class='ocr_line' id='line_1_12' title="bbox 1952 2200 3562 2268; baseline -0.002 -13"><span class='ocrx_word' id='word_1_67' title='bbox 1952 2200 2345 2257; x_wconf 80' lang='lat' dir='ltr'><strong>Antiochenam</strong></span> <span class='ocrx_word' id='word_1_68' title='bbox 2378 2202 2680 2258; x_wconf 88' lang='lat' dir='ltr'><strong>Ecclesiam</strong></span> <span class='ocrx_word' id='word_1_69' title='bbox 2719 2203 3157 2268; x_wconf 83' lang='lat' dir='ltr'><strong>administrante,</strong></span> <span class='ocrx_word' id='word_1_70' title='bbox 3187 2200 3459 2256; x_wconf 86' lang='lat' dir='ltr'><strong>celebrata</strong></span> <span class='ocrx_word' id='word_1_71' title='bbox 3487 2212 3562 2255; x_wconf 75' lang='lat' dir='ltr'><strong>est</strong></span> 
     </span>
    </p>
   </div>
   <div class='ocr_carea' id='block_1_13' title="bbox 309 2294 3567 2370">
    <p class='ocr_par' dir='ltr' id='par_1_13' title="bbox 309 2294 3567 2370">
     <span class='ocr_line' id='line_1_13' title="bbox 309 2294 3567 2370; baseline -0.001 -17"><span class='ocrx_word' id='word_1_72' title='bbox 309 2299 550 2370; x_wconf 82' lang='lat' dir='ltr'><strong>synodus</strong></span> <span class='ocrx_word' id='word_1_73' title='bbox 589 2299 751 2352; x_wconf 85' lang='lat' dir='ltr'><strong>tertia</strong></span> <span class='ocrx_word' id='word_1_74' title='bbox 774 2299 1043 2369; x_wconf 81' lang='lat' dir='ltr'><strong>generalis</strong></span> <span class='ocrx_word' id='word_1_75' title='bbox 1065 2296 1341 2367; x_wconf 86' lang='lat' dir='ltr'><strong>Ephesina</strong></span> <span class='ocrx_word' id='word_1_76' title='bbox 1366 2294 1629 2350; x_wconf 76' lang='lat' dir='ltr'><strong>adversus</strong></span> <span class='ocrx_word' id='word_1_77' title='bbox 1658 2295 1996 2362; x_wconf 82' lang='lat' dir='ltr'><strong>Nestorium,</strong></span> <span class='ocrx_word' id='word_1_78' title='bbox 2023 2311 2167 2352; x_wconf 88' lang='lat' dir='ltr'><strong>anno</strong></span> <span class='ocrx_word' id='word_1_79' title='bbox 2197 2298 2322 2364; x_wconf 70' lang='grc'><strong>451,</strong></span> <span class='ocrx_word' id='word_1_80' title='bbox 2355 2313 2386 2352; x_wconf 92' lang='lat' dir='ltr'><strong>a</strong></span> <span class='ocrx_word' id='word_1_81' title='bbox 2409 2314 2519 2368; x_wconf 89' lang='lat' dir='ltr'><strong>qua</strong></span> <span class='ocrx_word' id='word_1_82' title='bbox 2544 2298 2654 2366; x_wconf 90' lang='lat' dir='ltr'><strong>ille,</strong></span> <span class='ocrx_word' id='word_1_83' title='bbox 2687 2300 2967 2370; x_wconf 89' lang='lat' dir='ltr'><strong>Ephesum</strong></span> <span class='ocrx_word' id='word_1_84' title='bbox 3000 2314 3127 2354; x_wconf 92' lang='lat' dir='ltr'><strong>cum</strong></span> <span class='ocrx_word' id='word_1_85' title='bbox 3150 2298 3410 2364; x_wconf 75' lang='lat' dir='ltr'><strong>venisset,</strong></span> <span class='ocrx_word' id='word_1_86' title='bbox 3444 2314 3567 2354; x_wconf 88' lang='lat' dir='ltr'><strong>cum</strong></span> 
     </span>
    </p>
   </div>
   <div class='ocr_carea' id='block_1_14' title="bbox 305 2389 3567 2463">
    <p class='ocr_par' dir='ltr' id='par_1_14' title="bbox 305 2389 3567 2463">
     <span class='ocr_line' id='line_1_14' title="bbox 305 2389 3567 2463; baseline -0.002 -13"><span class='ocrx_word' id='word_1_87' title='bbox 305 2392 678 2450; x_wconf 85' lang='lat' dir='ltr'><strong>Orientalibus</strong></span> <span class='ocrx_word' id='word_1_88' title='bbox 741 2394 858 2448; x_wconf 86' lang='lat' dir='ltr'><strong>suis</strong></span> <span class='ocrx_word' id='word_1_89' title='bbox 914 2393 1148 2459; x_wconf 83' lang='lat' dir='ltr'><strong>defecit,</strong></span> <span class='ocrx_word' id='word_1_90' title='bbox 1219 2389 1496 2456; x_wconf 72' lang='lat' dir='ltr'><strong>haeretici,</strong></span> <span class='ocrx_word' id='word_1_91' title='bbox 1557 2406 1721 2460; x_wconf 90' lang='lat' dir='ltr'><strong>quem</strong></span> <span class='ocrx_word' id='word_1_92' title='bbox 1784 2390 2021 2446; x_wconf 85' lang='lat' dir='ltr'><strong>sanioris</strong></span> <span class='ocrx_word' id='word_1_93' title='bbox 2088 2393 2375 2449; x_wconf 73' lang='lat' dir='ltr'><strong>sententiae</strong></span> <span class='ocrx_word' id='word_1_94' title='bbox 2430 2392 2617 2448; x_wconf 74' lang='lat' dir='ltr'><strong>virum</strong></span> <span class='ocrx_word' id='word_1_95' title='bbox 2677 2393 2946 2460; x_wconf 85' lang='lat' dir='ltr'><strong>habebat,</strong></span> <span class='ocrx_word' id='word_1_96' title='bbox 3006 2392 3189 2449; x_wconf 88' lang='lat' dir='ltr'><strong>acrius</strong></span> <span class='ocrx_word' id='word_1_97' title='bbox 3250 2408 3411 2463; x_wconf 89' lang='lat' dir='ltr'><strong>quam</strong></span> <span class='ocrx_word' id='word_1_98' title='bbox 3471 2407 3567 2461; x_wconf 87' lang='lat' dir='ltr'><strong>par</strong></span> 
     </span>
    </p>
   </div>
   <div class='ocr_carea' id='block_1_15' title="bbox 304 2483 3565 2560">
    <p class='ocr_par' dir='ltr' id='par_1_15' title="bbox 304 2483 3565 2560">
     <span class='ocr_line' id='line_1_15' title="bbox 304 2483 3565 2560; baseline -0.001 -19"><span class='ocrx_word' id='word_1_99' title='bbox 304 2497 448 2541; x_wconf 85' lang='lat' dir='ltr'><strong>esset</strong></span> <span class='ocrx_word' id='word_1_100' title='bbox 480 2484 853 2558; x_wconf 85' lang='lat' dir='ltr'><strong>patrocinium</strong></span> <span class='ocrx_word' id='word_1_101' title='bbox 885 2485 1213 2555; x_wconf 87' lang='lat' dir='ltr'><strong>suscipiens,</strong></span> <span class='ocrx_word' id='word_1_102' title='bbox 1241 2485 1399 2557; x_wconf 88' lang='lat' dir='ltr'><strong>cujus</strong></span> <span class='ocrx_word' id='word_1_103' title='bbox 1438 2500 1603 2540; x_wconf 89' lang='lat' dir='ltr'><strong>causa</strong></span> <span class='ocrx_word' id='word_1_104' title='bbox 1628 2492 1752 2556; x_wconf 91' lang='lat' dir='ltr'><strong>post</strong></span> <span class='ocrx_word' id='word_1_105' title='bbox 1793 2483 2032 2540; x_wconf 86' lang='lat' dir='ltr'><strong>reditum</strong></span> <span class='ocrx_word' id='word_1_106' title='bbox 2063 2484 2119 2539; x_wconf 90' lang='lat' dir='ltr'><strong>in</strong></span> <span class='ocrx_word' id='word_1_107' title='bbox 2145 2484 2378 2554; x_wconf 90' lang='lat' dir='ltr'><strong>patriam</strong></span> <span class='ocrx_word' id='word_1_108' title='bbox 2405 2488 2602 2544; x_wconf 88' lang='lat' dir='ltr'><strong>multas</strong></span> <span class='ocrx_word' id='word_1_109' title='bbox 2633 2488 2687 2542; x_wconf 90' lang='lat' dir='ltr'><strong>in</strong></span> <span class='ocrx_word' id='word_1_110' title='bbox 2712 2487 2935 2543; x_wconf 72' lang='lat' dir='ltr'><strong>dimcesi</strong></span> <span class='ocrx_word' id='word_1_111' title='bbox 2960 2503 3057 2543; x_wconf 90' lang='lat' dir='ltr'><strong>sua</strong></span> <span class='ocrx_word' id='word_1_112' title='bbox 3084 2486 3321 2560; x_wconf 80' lang='lat' dir='ltr'><strong>synodos</strong></span> <span class='ocrx_word' id='word_1_113' title='bbox 3352 2484 3565 2540; x_wconf 90' lang='lat' dir='ltr'><strong>habuit.</strong></span> 
     </span>
    </p>
   </div>
   <div class='ocr_carea' id='block_1_16' title="bbox 304 2575 3567 2651">
    <p class='ocr_par' dir='ltr' id='par_1_16' title="bbox 304 2575 3567 2651">
     <span class='ocr_line' id='line_1_16' title="bbox 304 2575 3567 2651; baseline -0.001 -19"><span class='ocrx_word' id='word_1_114' title='bbox 304 2578 455 2642; x_wconf 88' lang='lat' dir='ltr'><strong>Post,</strong></span> <span class='ocrx_word' id='word_1_115' title='bbox 480 2584 762 2646; x_wconf 90' lang='lat' dir='ltr'><strong>comperta</strong></span> <span class='ocrx_word' id='word_1_116' title='bbox 793 2575 966 2647; x_wconf 82' lang='lat' dir='ltr'><strong>magis</strong></span> <span class='ocrx_word' id='word_1_117' title='bbox 988 2577 1240 2642; x_wconf 87' lang='lat' dir='ltr'><strong>veritate,</strong></span> <span class='ocrx_word' id='word_1_118' title='bbox 1270 2592 1414 2633; x_wconf 90' lang='lat' dir='ltr'><strong>anno</strong></span> <span class='ocrx_word' id='word_1_119' title='bbox 1438 2584 1700 2647; x_wconf 89' lang='lat' dir='ltr'><strong>sequente</strong></span> <span class='ocrx_word' id='word_1_120' title='bbox 1740 2576 1808 2630; x_wconf 89' lang='lat' dir='ltr'><strong>ad</strong></span> <span class='ocrx_word' id='word_1_121' title='bbox 1850 2576 2134 2632; x_wconf 89' lang='lat' dir='ltr'><strong>meliorem</strong></span> <span class='ocrx_word' id='word_1_122' title='bbox 2160 2576 2371 2648; x_wconf 81' lang='lat' dir='ltr'><strong>frugem</strong></span> <span class='ocrx_word' id='word_1_123' title='bbox 2400 2578 2678 2647; x_wconf 86' lang='lat' dir='ltr'><strong>redactus,</strong></span> <span class='ocrx_word' id='word_1_124' title='bbox 2704 2579 2905 2651; x_wconf 80' lang='lat' dir='ltr'><strong>Cyrillo</strong></span> <span class='ocrx_word' id='word_1_125' title='bbox 2927 2578 3293 2634; x_wconf 80' lang='lat' dir='ltr'><strong>Alexandrino</strong></span> <span class='ocrx_word' id='word_1_126' title='bbox 3319 2576 3567 2634; x_wconf 81' lang='lat' dir='ltr'><strong>reconci-</strong></span> 
     </span>
    </p>
   </div>
   <div class='ocr_carea' id='block_1_17' title="bbox 305 2666 3567 2743">
    <p class='ocr_par' dir='ltr' id='par_1_17' title="bbox 305 2666 3567 2743">
     <span class='ocr_line' id='line_1_17' title="bbox 305 2666 3567 2743; baseline -0 -20"><span class='ocrx_word' id='word_1_127' title='bbox 305 2668 469 2725; x_wconf 86' lang='lat' dir='ltr'><strong>liatus</strong></span> <span class='ocrx_word' id='word_1_128' title='bbox 501 2678 605 2734; x_wconf 87' lang='lat' dir='ltr'><strong>est,</strong></span> <span class='ocrx_word' id='word_1_129' title='bbox 637 2668 806 2723; x_wconf 89' lang='lat' dir='ltr'><strong>misso</strong></span> <span class='ocrx_word' id='word_1_130' title='bbox 837 2666 905 2721; x_wconf 90' lang='lat' dir='ltr'><strong>ad</strong></span> <span class='ocrx_word' id='word_1_131' title='bbox 947 2668 1104 2721; x_wconf 90' lang='lat' dir='ltr'><strong>illum</strong></span> <span class='ocrx_word' id='word_1_132' title='bbox 1145 2668 1314 2722; x_wconf 83' lang='lat' dir='ltr'><strong>Paulo</strong></span> <span class='ocrx_word' id='word_1_133' title='bbox 1346 2668 1617 2723; x_wconf 90' lang='lat' dir='ltr'><strong>Emeseno</strong></span> <span class='ocrx_word' id='word_1_134' title='bbox 1647 2682 1771 2722; x_wconf 91' lang='lat' dir='ltr'><strong>cum</strong></span> <span class='ocrx_word' id='word_1_135' title='bbox 1807 2666 1933 2723; x_wconf 85' lang='lat' dir='ltr'><strong>ﬁdei</strong></span> <span class='ocrx_word' id='word_1_136' title='bbox 1974 2668 2341 2736; x_wconf 82' lang='lat' dir='ltr'><strong>confessione,</strong></span> <span class='ocrx_word' id='word_1_137' title='bbox 2372 2686 2537 2740; x_wconf 88' lang='lat' dir='ltr'><strong>quam</strong></span> <span class='ocrx_word' id='word_1_138' title='bbox 2577 2670 2814 2743; x_wconf 83' lang='lat' dir='ltr'><strong>Cyrillus</strong></span> <span class='ocrx_word' id='word_1_139' title='bbox 2842 2686 2969 2726; x_wconf 91' lang='lat' dir='ltr'><strong>cum</strong></span> <span class='ocrx_word' id='word_1_140' title='bbox 3012 2670 3160 2725; x_wconf 90' lang='lat' dir='ltr'><strong>omni</strong></span> <span class='ocrx_word' id='word_1_141' title='bbox 3194 2669 3438 2725; x_wconf 87' lang='lat' dir='ltr'><strong>Ecclesia</strong></span> <span class='ocrx_word' id='word_1_142' title='bbox 3472 2683 3567 2723; x_wconf 83' lang='lat' dir='ltr'><strong>sua</strong></span> 
     </span>
    </p>
   </div>
   <div class='ocr_carea' id='block_1_18' title="bbox 303 2750 3567 2833">
    <p class='ocr_par' dir='ltr' id='par_1_18' title="bbox 303 2750 3567 2833">
     <span class='ocr_line' id='line_1_18' title="bbox 303 2750 3567 2833; baseline -0.001 -19"><span class='ocrx_word' id='word_1_143' title='bbox 303 2760 581 2831; x_wconf 84' lang='lat' dir='ltr'><strong>probavit.</strong></span> <span class='ocrx_word' id='word_1_144' title='bbox 614 2758 772 2827; x_wconf 86' lang='lat' dir='ltr'><strong>Quod</strong></span> <span class='ocrx_word' id='word_1_145' title='bbox 799 2761 919 2832; x_wconf 85' lang='lat' dir='ltr'><strong>ejus</strong></span> <span class='ocrx_word' id='word_1_146' title='bbox 944 2759 1124 2814; x_wconf 71' lang='lat' dir='ltr'><strong>faedus</strong></span> <span class='ocrx_word' id='word_1_147' title='bbox 1151 2759 1375 2829; x_wconf 66' lang='lat' dir='ltr'><strong>reliqua:</strong></span> <span class='ocrx_word' id='word_1_148' title='bbox 1403 2757 1646 2814; x_wconf 88' lang='lat' dir='ltr'><strong>Orientis</strong></span> <span class='ocrx_word' id='word_1_149' title='bbox 1690 2759 1971 2826; x_wconf 86' lang='lat' dir='ltr'><strong>Ecclesiae,</strong></span> <span class='ocrx_word' id='word_1_150' title='bbox 2002 2761 2194 2833; x_wconf 89' lang='lat' dir='ltr'><strong>paucis</strong></span> <span class='ocrx_word' id='word_1_151' title='bbox 2230 2761 2506 2831; x_wconf 89' lang='lat' dir='ltr'><strong>episcopis</strong></span> <span class='ocrx_word' id='word_1_152' title='bbox 2541 2762 2788 2833; x_wconf 76' lang='lat' dir='ltr'><strong>exceptis</strong></span> <span class='ocrx_word' id='word_1_153' title='bbox 2828 2761 2923 2833; x_wconf 87' lang='lat' dir='ltr'><strong>qui</strong></span> <span class='ocrx_word' id='word_1_154' title='bbox 2967 2750 3192 2832; x_wconf 87' lang='lat' dir='ltr'><strong>propter</strong></span> <span class='ocrx_word' id='word_1_155' title='bbox 3233 2759 3567 2815; x_wconf 88' lang='lat' dir='ltr'><strong>obstinatum</strong></span> 
     </span>
    </p>
   </div>
   <div class='ocr_carea' id='block_1_19' title="bbox 305 2851 3568 2926">
    <p class='ocr_par' dir='ltr' id='par_1_19' title="bbox 305 2851 3568 2926">
     <span class='ocr_line' id='line_1_19' title="bbox 305 2851 3568 2926; baseline -0.001 -17"><span class='ocrx_word' id='word_1_156' title='bbox 305 2853 553 2909; x_wconf 85' lang='lat' dir='ltr'><strong>animum</strong></span> <span class='ocrx_word' id='word_1_157' title='bbox 582 2852 878 2925; x_wconf 88' lang='lat' dir='ltr'><strong>proscripti</strong></span> <span class='ocrx_word' id='word_1_158' title='bbox 916 2851 1162 2919; x_wconf 84' lang='lat' dir='ltr'><strong>fuerunt,</strong></span> <span class='ocrx_word' id='word_1_159' title='bbox 1192 2852 1456 2923; x_wconf 88' lang='lat' dir='ltr'><strong>paulatim</strong></span> <span class='ocrx_word' id='word_1_160' title='bbox 1490 2854 1755 2925; x_wconf 63' lang='lat' dir='ltr'><strong>amplexae</strong></span> <span class='ocrx_word' id='word_1_161' title='bbox 1784 2863 1933 2909; x_wconf 88' lang='lat' dir='ltr'><strong>sunt.</strong></span> <span class='ocrx_word' id='word_1_162' title='bbox 1959 2852 2090 2920; x_wconf 84' lang='lat' dir='ltr'><strong>Quae</strong></span> <span class='ocrx_word' id='word_1_163' title='bbox 2132 2854 2315 2909; x_wconf 86' lang='lat' dir='ltr'><strong>omnia</strong></span> <span class='ocrx_word' id='word_1_164' title='bbox 2345 2854 2403 2908; x_wconf 91' lang='lat' dir='ltr'><strong>in</strong></span> <span class='ocrx_word' id='word_1_165' title='bbox 2437 2855 2624 2910; x_wconf 89' lang='lat' dir='ltr'><strong>multis</strong></span> <span class='ocrx_word' id='word_1_166' title='bbox 2651 2871 2774 2926; x_wconf 63' lang='lat' dir='ltr'><strong>quae</strong></span> <span class='ocrx_word' id='word_1_167' title='bbox 2802 2863 3037 2920; x_wconf 84' lang='lat' dir='ltr'><strong>exstant,</strong></span> <span class='ocrx_word' id='word_1_168' title='bbox 3064 2854 3326 2925; x_wconf 85' lang='lat' dir='ltr'><strong>Ephesini</strong></span> <span class='ocrx_word' id='word_1_169' title='bbox 3352 2852 3568 2909; x_wconf 90' lang='lat' dir='ltr'><strong>concilii</strong></span> 
     </span>
    </p>
   </div>
   <div class='ocr_carea' id='block_1_20' title="bbox 307 2946 3569 3023">
    <p class='ocr_par' dir='ltr' id='par_1_20' title="bbox 307 2946 3569 3023">
     <span class='ocr_line' id='line_1_20' title="bbox 307 2946 3569 3023; baseline 0 -20"><span class='ocrx_word' id='word_1_170' title='bbox 307 2948 698 3014; x_wconf 87' lang='lat' dir='ltr'><strong>monumentis,</strong></span> <span class='ocrx_word' id='word_1_171' title='bbox 727 2963 792 3003; x_wconf 91' lang='lat' dir='ltr'><strong>ac</strong></span> <span class='ocrx_word' id='word_1_172' title='bbox 813 2948 1089 3018; x_wconf 69' lang='lat' dir='ltr'><strong>praecipue</strong></span> <span class='ocrx_word' id='word_1_173' title='bbox 1115 2946 1170 3001; x_wconf 91' lang='lat' dir='ltr'><strong>in</strong></span> <span class='ocrx_word' id='word_1_174' title='bbox 1196 2948 1459 3021; x_wconf 82' lang='lat' dir='ltr'><strong>synodico</strong></span> <span class='ocrx_word' id='word_1_175' title='bbox 1480 2966 1549 3005; x_wconf 80' lang='lat' dir='ltr'><strong>ex</strong></span> <span class='ocrx_word' id='word_1_176' title='bbox 1574 2950 1840 3022; x_wconf 70' lang='lat' dir='ltr'><strong>tragmdia</strong></span> <span class='ocrx_word' id='word_1_177' title='bbox 1860 2950 2075 3016; x_wconf 69' lang='lat' dir='ltr'><strong>Irenmi,</strong></span> <span class='ocrx_word' id='word_1_178' title='bbox 2102 2950 2250 3021; x_wconf 88' lang='lat' dir='ltr'><strong>quod</strong></span> <span class='ocrx_word' id='word_1_179' title='bbox 2275 2949 2621 3008; x_wconf 90' lang='lat' dir='ltr'><strong>Christianus</strong></span> <span class='ocrx_word' id='word_1_180' title='bbox 2648 2952 2837 3023; x_wconf 90' lang='lat' dir='ltr'><strong>Lupus</strong></span> <span class='ocrx_word' id='word_1_181' title='bbox 2861 2953 3158 3023; x_wconf 79' lang='lat' dir='ltr'><strong>evulgavit,</strong></span> <span class='ocrx_word' id='word_1_182' title='bbox 3182 2952 3290 3023; x_wconf 78' lang='lat' dir='ltr'><strong>legi</strong></span> <span class='ocrx_word' id='word_1_183' title='bbox 3320 2959 3569 3023; x_wconf 86' lang='lat' dir='ltr'><strong>possunt.</strong></span> 
     </span>
    </p>
   </div>
   <div class='ocr_carea' id='block_1_21' title="bbox 304 3044 3569 3117">
    <p class='ocr_par' dir='ltr' id='par_1_21' title="bbox 304 3044 3569 3117">
     <span class='ocr_line' id='line_1_21' title="bbox 304 3044 3569 3117; baseline 0.002 -18"><span class='ocrx_word' id='word_1_184' title='bbox 304 3044 456 3100; x_wconf 90' lang='lat' dir='ltr'><strong>Obiit</strong></span> <span class='ocrx_word' id='word_1_185' title='bbox 487 3044 700 3100; x_wconf 90' lang='lat' dir='ltr'><strong>decimo</strong></span> <span class='ocrx_word' id='word_1_186' title='bbox 737 3044 900 3099; x_wconf 89' lang='lat' dir='ltr'><strong>tertio</strong></span> <span class='ocrx_word' id='word_1_187' title='bbox 925 3044 1275 3115; x_wconf 69' lang='lat' dir='ltr'><strong>episcopatus</strong></span> <span class='ocrx_word' id='word_1_188' title='bbox 1309 3061 1453 3101; x_wconf 88' lang='lat' dir='ltr'><strong>anno</strong></span> <span class='ocrx_word' id='word_1_189' title='bbox 1496 3046 1751 3102; x_wconf 88' lang='lat' dir='ltr'><strong>absoluto</strong></span> <span class='ocrx_word' id='word_1_190' title='bbox 1771 3087 1785 3110; x_wconf 93' lang='lat'><strong>,</strong></span> <span class='ocrx_word' id='word_1_191' title='bbox 1817 3044 2023 3101; x_wconf 87' lang='lat' dir='ltr'><strong>Christi</strong></span> <span class='ocrx_word' id='word_1_192' title='bbox 2053 3061 2251 3117; x_wconf 90' lang='lat' dir='ltr'><strong>nempe</strong></span> <span class='ocrx_word' id='word_1_193' title='bbox 2277 3046 2402 3111; x_wconf 71' lang='lat' dir='ltr'><strong>4M,</strong></span> <span class='ocrx_word' id='word_1_194' title='bbox 2427 3061 2554 3103; x_wconf 89' lang='lat' dir='ltr'><strong>cum</strong></span> <span class='ocrx_word' id='word_1_195' title='bbox 2596 3047 2928 3103; x_wconf 90' lang='lat' dir='ltr'><strong>Theodoreti</strong></span> <span class='ocrx_word' id='word_1_196' title='bbox 2975 3047 3288 3104; x_wconf 90' lang='lat' dir='ltr'><strong>testimonio</strong></span> <span class='ocrx_word' id='word_1_197' title='bbox 3325 3056 3569 3111; x_wconf 75' lang='lat' dir='ltr'><strong>constet,</strong></span> 
     </span>
    </p>
   </div>
   <div class='ocr_carea' id='block_1_22' title="bbox 304 3138 2457 3213">
    <p class='ocr_par' dir='ltr' id='par_1_22' title="bbox 304 3138 2457 3213">
     <span class='ocr_line' id='line_1_22' title="bbox 304 3138 2457 3213; baseline 0 -16"><span class='ocrx_word' id='word_1_198' title='bbox 304 3140 602 3213; x_wconf 77' lang='lat' dir='ltr'><strong>septimum</strong></span> <span class='ocrx_word' id='word_1_199' title='bbox 624 3139 844 3206; x_wconf 90' lang='lat' dir='ltr'><strong>Domni,</strong></span> <span class='ocrx_word' id='word_1_200' title='bbox 869 3140 1095 3195; x_wconf 89' lang='lat' dir='ltr'><strong>Joannis</strong></span> <span class='ocrx_word' id='word_1_201' title='bbox 1116 3138 1479 3207; x_wconf 77' lang='lat' dir='ltr'><strong>successoris,</strong></span> <span class='ocrx_word' id='word_1_202' title='bbox 1504 3157 1711 3199; x_wconf 88' lang='lat' dir='ltr'><strong>annum</strong></span> <span class='ocrx_word' id='word_1_203' title='bbox 1738 3142 1795 3196; x_wconf 89' lang='lat' dir='ltr'><strong>in</strong></span> <span class='ocrx_word' id='word_1_204' title='bbox 1821 3140 2027 3196; x_wconf 80' lang='lat' dir='ltr'><strong>Christi</strong></span> <span class='ocrx_word' id='word_1_205' title='bbox 2051 3141 2156 3197; x_wconf 70' lang='grc'><strong>448</strong></span> <span class='ocrx_word' id='word_1_206' title='bbox 2177 3141 2457 3197; x_wconf 88' lang='lat' dir='ltr'><strong>incidisse.</strong></span> 
     </span>
    </p>
   </div>
   <div class='ocr_carea' id='block_1_23' title="bbox 322 3333 2654 3367">
    <p class='ocr_par' dir='ltr' id='par_1_23' title="bbox 322 3333 2654 3367">
     <span class='ocr_line' id='line_1_23' title="bbox 322 3333 2654 3367; baseline -0.002 0"><span class='ocrx_word' id='word_1_207' title='bbox 322 3333 2654 3367; x_wconf 50' lang='lat' dir='ltr'><strong>mm</strong></span> 
     </span>
    </p>
   </div>
   <div class='ocr_carea' id='block_1_24' title="bbox 1800 3333 3551 3364">
    <p class='ocr_par' dir='ltr' id='par_1_24' title="bbox 1800 3333 3551 3364">
     <span class='ocr_line' id='line_1_24' title="bbox 1800 3333 3551 3364; baseline -0.001 -2"><span class='ocrx_word' id='word_1_208' title='bbox 1800 3333 3551 3364; x_wconf 50' lang='grc' dir='ltr'>Ἢ</span> 
     </span>
    </p>
   </div>
   <div class='ocr_carea' id='block_1_25' title="bbox 870 3507 3003 3670">
    <p class='ocr_par' dir='ltr' id='par_1_25' title="bbox 870 3507 3003 3670">
     <span class='ocr_line' id='line_1_25' title="bbox 870 3507 3003 3670; baseline 0.001 -7"><span class='ocrx_word' id='word_1_209' title='bbox 870 3508 1680 3666; x_wconf 86' lang='lat' dir='ltr'><strong>JOANNIS</strong></span> <span class='ocrx_word' id='word_1_210' title='bbox 1819 3507 3003 3670; x_wconf 85' lang='lat' dir='ltr'><strong>ANTIOCHENI</strong></span> 
     </span>
    </p>
   </div>
   <div class='ocr_carea' id='block_1_26' title="bbox 1546 3801 2338 3915">
    <p class='ocr_par' dir='ltr' id='par_1_26' title="bbox 1546 3801 2338 3915">
     <span class='ocr_line' id='line_1_26' title="bbox 1546 3801 2338 3915; baseline 0.004 -3"><span class='ocrx_word' id='word_1_211' title='bbox 1546 3801 2338 3915; x_wconf 67' lang='lat' dir='ltr'><strong>EPISTOLZE.</strong></span> 
     </span>
    </p>
   </div>
   <div class='ocr_carea' id='block_1_27' title="bbox 1070 4019 2828 4087">
    <p class='ocr_par' dir='ltr' id='par_1_27' title="bbox 1070 4019 2828 4087">
     <span class='ocr_line' id='line_1_27' title="bbox 1070 4019 2828 4087; baseline 0 -15"><span class='ocrx_word' id='word_1_212' title='bbox 1070 4020 1167 4084; x_wconf 82' lang='lat' dir='ltr'><strong>(Ex</strong></span> <span class='ocrx_word' id='word_1_213' title='bbox 1190 4021 1330 4074; x_wconf 80' lang='lat' dir='ltr'><strong>Actis</strong></span> <span class='ocrx_word' id='word_1_214' title='bbox 1361 4021 1558 4072; x_wconf 89' lang='lat' dir='ltr'><strong>concilii</strong></span> <span class='ocrx_word' id='word_1_215' title='bbox 1583 4019 1840 4083; x_wconf 83' lang='lat' dir='ltr'><strong>Ephesini,</strong></span> <span class='ocrx_word' id='word_1_216' title='bbox 1865 4034 1944 4083; x_wconf 88' lang='lat' dir='ltr'><strong>ap.</strong></span> <span class='ocrx_word' id='word_1_217' title='bbox 1973 4020 2124 4072; x_wconf 67' lang='lat' dir='ltr'><strong>Mansi</strong></span> <span class='ocrx_word' id='word_1_218' title='bbox 2154 4020 2333 4073; x_wconf 82' lang='lat' dir='ltr'><strong>Concil.</strong></span> <span class='ocrx_word' id='word_1_219' title='bbox 2375 4022 2583 4085; x_wconf 48' lang='lat' dir='ltr'><strong>tomaV,</strong></span> <span class='ocrx_word' id='word_1_220' title='bbox 2606 4024 2828 4087; x_wconf 69' lang='lat' dir='ltr'><strong>passum.)</strong></span> 
     </span>
    </p>
   </div>
   <div class='ocr_carea' id='block_1_28' title="bbox 1652 4302 2259 4360">
    <p class='ocr_par' dir='ltr' id='par_1_28' title="bbox 1652 4302 2259 4360">
     <span class='ocr_line' id='line_1_28' title="bbox 1652 4302 2259 4360; baseline 0 -1"><span class='ocrx_word' id='word_1_221' title='bbox 1652 4302 1990 4360; x_wconf 78' lang='lat' dir='ltr'><strong>EPISTOLA</strong></span> <span class='ocrx_word' id='word_1_222' title='bbox 2028 4302 2259 4359; x_wconf 78' lang='lat' dir='ltr'><strong>PRIMA.</strong></span> 
     </span>
    </p>
   </div>
   <div class='ocr_carea' id='block_1_29' title="bbox 319 4569 1929 4651">
    <p class='ocr_par' dir='ltr' id='par_1_29' title="bbox 319 4569 1929 4651">
     <span class='ocr_line' id='line_1_29' title="bbox 319 4569 1929 4651; baseline 0 -25"><span class='ocrx_word' id='word_1_223' title='bbox 319 4569 1077 4651; x_wconf 47' lang='grc' dir='ltr'><strong>Ἀντίγραφοηέπισζολῆς</strong></span> <span class='ocrx_word' id='word_1_224' title='bbox 1110 4574 1442 4651; x_wconf 53' lang='grc' dir='ltr'>γραφείσης</span> <span class='ocrx_word' id='word_1_225' title='bbox 1465 4575 1650 4651; x_wconf 43' lang='lat' dir='ltr'><strong>impii</strong></span> <span class='ocrx_word' id='word_1_226' title='bbox 1674 4572 1874 4628; x_wconf 77' lang='grc' dir='ltr'><strong>Ἰωάν-</strong></span> <span class='ocrx_word' id='word_1_227' title='bbox 1903 4592 1929 4651; x_wconf 51' lang='grc' dir='ltr'><em>Α</em></span> 
     </span>
    </p>
   </div>
   <div class='ocr_carea' id='block_1_30' title="bbox 1954 4569 3564 4651">
    <p class='ocr_par' dir='ltr' id='par_1_30' title="bbox 1978 4572 3564 4651">
     <span class='ocr_line' id='line_1_30' title="bbox 1978 4572 3564 4651; baseline 0.001 -22"><span class='ocrx_word' id='word_1_228' title='bbox 1978 4573 2296 4646; x_wconf 76' lang='lat' dir='ltr'><strong>Exemplum</strong></span> <span class='ocrx_word' id='word_1_229' title='bbox 2336 4573 2568 4651; x_wconf 67' lang='lat' dir='ltr'><strong>epistola:</strong></span> <span class='ocrx_word' id='word_1_230' title='bbox 2610 4575 2889 4651; x_wconf 80' lang='lat' dir='ltr'><strong>script_w__a</strong></span> <span class='ocrx_word' id='word_1_231' title='bbox 2918 4572 3125 4651; x_wconf 66' lang='lat' dir='ltr'><strong>Joanne</strong></span> <span class='ocrx_word' id='word_1_232' title='bbox 3173 4576 3410 4646; x_wconf 80' lang='lat' dir='ltr'><strong>episcopo</strong></span> <span class='ocrx_word' id='word_1_233' title='bbox 3454 4575 3564 4631; x_wconf 80' lang='lat' dir='ltr'><strong>An-</strong></span> 
     </span>
    </p>
   </div>
   <div class='ocr_carea' id='block_1_31' title="bbox 376 4640 1986 4713">
    <p class='ocr_par' dir='ltr' id='par_1_31' title="bbox 376 4640 1952 4713">
     <span class='ocr_line' id='line_1_31' title="bbox 376 4640 1952 4713; baseline 0.002 -18"><span class='ocrx_word' id='word_1_234' title='bbox 376 4658 488 4695; x_wconf 80' lang='grc' dir='ltr'>νου</span> <span class='ocrx_word' id='word_1_235' title='bbox 515 4641 852 4695; x_wconf 77' lang='grc' dir='ltr'><strong>ἐπισκόπου</strong></span> <span class='ocrx_word' id='word_1_236' title='bbox 893 4640 1256 4710; x_wconf 69' lang='grc' dir='ltr'>Ἀντιοχείαζ·</span> <span class='ocrx_word' id='word_1_237' title='bbox 1284 4640 1434 4712; x_wconf 77' lang='grc' dir='ltr'><strong>πρὸς</strong></span> <span class='ocrx_word' id='word_1_238' title='bbox 1455 4640 1803 4713; x_wconf 77' lang='grc' dir='ltr'>Νεάτόριον.</span> <span class='ocrx_word' id='word_1_239' title='bbox 1903 4640 1952 4651; x_wconf 72' lang='grc'><strong>’³</strong></span> 
     </span>
    </p>
   </div>
   <div class='ocr_carea' id='block_1_32' title="bbox 1514 4640 3124 4713">
    <p class='ocr_par' dir='ltr' id='par_1_32' title="bbox 1514 4640 3124 4713">
     <span class='ocr_line' id='line_1_32' title="bbox 1514 4640 3124 4713; baseline 0 -15"><span class='ocrx_word' id='word_1_240' title='bbox 1514 4640 1803 4713; x_wconf 77' lang='grc' dir='ltr'>εάτόριον.</span> <span class='ocrx_word' id='word_1_241' title='bbox 1903 4640 1952 4651; x_wconf 72' lang='grc'><strong>’⁸</strong></span> <span class='ocrx_word' id='word_1_242' title='bbox 2149 4640 2159 4646; x_wconf 82' lang='grc'><em>’</em></span> <span class='ocrx_word' id='word_1_243' title='bbox 2364 4640 2375 4647; x_wconf 85' lang='grc'><em>’</em></span> <span class='ocrx_word' id='word_1_244' title='bbox 2434 4647 2669 4699; x_wconf 67' lang='lat' dir='ltr'><strong>(ioc/leno</strong></span> <span class='ocrx_word' id='word_1_245' title='bbox 2706 4640 2774 4699; x_wconf 67' lang='lat' dir='ltr'><strong>ad</strong></span> <span class='ocrx_word' id='word_1_246' title='bbox 2807 4644 3124 4700; x_wconf 77' lang='lat' dir='ltr'><strong>Nestorium.</strong></span> 
     </span>
    </p>
   </div>
   <div class='ocr_carea' id='block_1_33' title="bbox 376 4750 1986 4828">
    <p class='ocr_par' dir='ltr' id='par_1_33' title="bbox 376 4750 1886 4827">
     <span class='ocr_line' id='line_1_33' title="bbox 376 4750 1886 4827; baseline 0.001 -22"><span class='ocrx_word' id='word_1_247' title='bbox 376 4751 468 4822; x_wconf 86' lang='grc' dir='ltr'>Τῷ</span> <span class='ocrx_word' id='word_1_248' title='bbox 526 4750 761 4824; x_wconf 81' lang='grc' dir='ltr'><strong>δεσπότῃ</strong></span> <span class='ocrx_word' id='word_1_249' title='bbox 823 4770 923 4823; x_wconf 89' lang='grc' dir='ltr'><strong>μου</strong></span> <span class='ocrx_word' id='word_1_250' title='bbox 984 4752 1389 4827; x_wconf 74' lang='grc' dir='ltr'>θεοφιλεστάτῳ</span> <span class='ocrx_word' id='word_1_251' title='bbox 1444 4758 1541 4811; x_wconf 78' lang='grc' dir='ltr'><strong>καὶ</strong></span> <span class='ocrx_word' id='word_1_252' title='bbox 1603 4757 1886 4826; x_wconf 79' lang='grc' dir='ltr'><strong>ὁσιωτάτῳ</strong></span> 
     </span>
    </p>
   </div>
   <div class='ocr_carea' id='block_1_34' title="bbox 1958 4750 3568 4828">
    <p class='ocr_par' dir='ltr' id='par_1_34' title="bbox 2058 4754 3568 4828">
     <span class='ocr_line' id='line_1_34' title="bbox 2058 4754 3568 4828; baseline 0 -17"><span class='ocrx_word' id='word_1_253' title='bbox 2058 4757 2293 4812; x_wconf 87' lang='lat' dir='ltr'><strong>Domino</strong></span> <span class='ocrx_word' id='word_1_254' title='bbox 2341 4772 2462 4811; x_wconf 90' lang='lat' dir='ltr'><strong>meo</strong></span> <span class='ocrx_word' id='word_1_255' title='bbox 2514 4755 2761 4826; x_wconf 90' lang='lat' dir='ltr'><strong>piissimo</strong></span> <span class='ocrx_word' id='word_1_256' title='bbox 2809 4755 3267 4827; x_wconf 90' lang='lat' dir='ltr'><strong>sanctissimoquc</strong></span> <span class='ocrx_word' id='word_1_257' title='bbox 3311 4754 3568 4828; x_wconf 86' lang='lat' dir='ltr'><strong>episc0po</strong></span> 
     </span>
    </p>
   </div>
   <div class='ocr_carea' id='block_1_35' title="bbox 306 4836 1916 4921">
    <p class='ocr_par' dir='ltr' id='par_1_35' title="bbox 306 4836 1812 4921">
     <span class='ocr_line' id='line_1_35' title="bbox 306 4836 1812 4921; baseline 0.003 -24"><span class='ocrx_word' id='word_1_258' title='bbox 306 4845 594 4915; x_wconf 75' lang='grc' dir='ltr'>ἐπισκὸπῳ</span> <span class='ocrx_word' id='word_1_259' title='bbox 631 4845 931 4917; x_wconf 83' lang='grc' dir='ltr'>Νεστορίῳ,</span> <span class='ocrx_word' id='word_1_260' title='bbox 959 4836 1243 4917; x_wconf 64' lang='grc' dir='ltr'><strong>’ῐωάννηςξ</strong></span> <span class='ocrx_word' id='word_1_261' title='bbox 1270 4849 1328 4902; x_wconf 85' lang='grc' dir='ltr'>ὲν</span> <span class='ocrx_word' id='word_1_262' title='bbox 1359 4849 1551 4919; x_wconf 84' lang='grc' dir='ltr'><strong>Κυρίῳ</strong></span> <span class='ocrx_word' id='word_1_263' title='bbox 1581 4848 1812 4921; x_wconf 82' lang='grc' dir='ltr'><strong>χαίρειν.</strong></span> 
     </span>
    </p>
   </div>
   <div class='ocr_carea' id='block_1_36' title="bbox 1559 4836 3169 4921">
    <p class='ocr_par' dir='ltr' id='par_1_36' title="bbox 1581 4848 3169 4921">
     <span class='ocr_line' id='line_1_36' title="bbox 1581 4848 3169 4921; baseline 0.001 -21"><span class='ocrx_word' id='word_1_264' title='bbox 1581 4848 1812 4921; x_wconf 81' lang='grc' dir='ltr'><strong>χαίρειν.</strong></span> <span class='ocrx_word' id='word_1_265' title='bbox 1987 4849 2260 4914; x_wconf 85' lang='lat' dir='ltr'><strong>Nestorio,</strong></span> <span class='ocrx_word' id='word_1_266' title='bbox 2283 4849 2540 4914; x_wconf 83' lang='lat' dir='ltr'><strong>Joannes,</strong></span> <span class='ocrx_word' id='word_1_267' title='bbox 2571 4848 2627 4903; x_wconf 91' lang='lat' dir='ltr'><strong>in</strong></span> <span class='ocrx_word' id='word_1_268' title='bbox 2652 4848 2885 4904; x_wconf 91' lang='lat' dir='ltr'><strong>Domino</strong></span> <span class='ocrx_word' id='word_1_269' title='bbox 2918 4850 3169 4904; x_wconf 87' lang='lat' dir='ltr'><strong>salutem.</strong></span> 
     </span>
    </p>
   </div>
   <div class='ocr_carea' id='block_1_37' title="bbox 378 4933 1988 5011">
    <p class='ocr_par' dir='ltr' id='par_1_37' title="bbox 378 4933 1886 5010">
     <span class='ocr_line' id='line_1_37' title="bbox 378 4933 1886 5010; baseline 0.003 -23"><span class='ocrx_word' id='word_1_270' title='bbox 378 4941 447 4989; x_wconf 81' lang='grc' dir='ltr'>α’.</span> <span class='ocrx_word' id='word_1_271' title='bbox 481 4934 586 4987; x_wconf 82' lang='grc' dir='ltr'>Τὸν</span> <span class='ocrx_word' id='word_1_272' title='bbox 636 4933 876 5004; x_wconf 78' lang='grc' dir='ltr'><strong>ἐμαυτοῦ</strong></span> <span class='ocrx_word' id='word_1_273' title='bbox 908 4936 1111 4988; x_wconf 70' lang='grc' dir='ltr'>σκοπὸν</span> <span class='ocrx_word' id='word_1_274' title='bbox 1144 4937 1274 5008; x_wconf 70' lang='grc' dir='ltr'>περὶ</span> <span class='ocrx_word' id='word_1_275' title='bbox 1302 4938 1403 5009; x_wconf 78' lang='grc' dir='ltr'><strong>τὴν</strong></span> <span class='ocrx_word' id='word_1_276' title='bbox 1441 4939 1541 5010; x_wconf 77' lang='grc' dir='ltr'><strong>σὴν</strong></span> <span class='ocrx_word' id='word_1_277' title='bbox 1573 4938 1886 4992; x_wconf 76' lang='grc' dir='ltr'>θεοσέϐειαν</span> 
     </span>
    </p>
   </div>
   <div class='ocr_carea' id='block_1_38' title="bbox 1955 4933 3565 5011">
    <p class='ocr_par' dir='ltr' id='par_1_38' title="bbox 2062 4938 3565 5011">
     <span class='ocr_line' id='line_1_38' title="bbox 2062 4938 3565 5011; baseline -0.001 -18"><span class='ocrx_word' id='word_1_278' title='bbox 2062 4940 2112 4993; x_wconf 77' lang='grc'><strong>1.</strong></span> <span class='ocrx_word' id='word_1_279' title='bbox 2149 4941 2323 4995; x_wconf 88' lang='lat' dir='ltr'><strong>Meam</strong></span> <span class='ocrx_word' id='word_1_280' title='bbox 2348 4939 2415 4995; x_wconf 89' lang='lat' dir='ltr'><strong>de</strong></span> <span class='ocrx_word' id='word_1_281' title='bbox 2443 4950 2533 4995; x_wconf 88' lang='lat' dir='ltr'><strong>tua</strong></span> <span class='ocrx_word' id='word_1_282' title='bbox 2569 4940 2773 5011; x_wconf 85' lang='lat' dir='ltr'><strong>pietate</strong></span> <span class='ocrx_word' id='word_1_283' title='bbox 2798 4942 3126 4997; x_wconf 88' lang='lat' dir='ltr'><strong>sententiam</strong></span> <span class='ocrx_word' id='word_1_284' title='bbox 3160 4954 3259 5010; x_wconf 89' lang='lat' dir='ltr'><strong>per</strong></span> <span class='ocrx_word' id='word_1_285' title='bbox 3281 4938 3565 4993; x_wconf 89' lang='lat' dir='ltr'><strong>dominum</strong></span> 
     </span>
    </p>
   </div>
   <div class='ocr_carea' id='block_1_39' title="bbox 310 5025 1920 5102">
    <p class='ocr_par' dir='ltr' id='par_1_39' title="bbox 310 5025 1883 5100">
     <span class='ocr_line' id='line_1_39' title="bbox 310 5025 1883 5100; baseline 0.004 -23"><span class='ocrx_word' id='word_1_286' title='bbox 310 5025 449 5096; x_wconf 79' lang='grc' dir='ltr'>μετὰ</span> <span class='ocrx_word' id='word_1_287' title='bbox 479 5025 660 5098; x_wconf 82' lang='grc' dir='ltr'>πάσης</span> <span class='ocrx_word' id='word_1_288' title='bbox 703 5025 959 5097; x_wconf 81' lang='grc' dir='ltr'><strong>ἀληθείας</strong></span> <span class='ocrx_word' id='word_1_289' title='bbox 991 5027 1079 5081; x_wconf 82' lang='grc' dir='ltr'><strong>διὰ</strong></span> <span class='ocrx_word' id='word_1_290' title='bbox 1133 5027 1230 5080; x_wconf 81' lang='grc' dir='ltr'><strong>τοῦ</strong></span> <span class='ocrx_word' id='word_1_291' title='bbox 1280 5030 1470 5099; x_wconf 85' lang='grc' dir='ltr'>κυρίου</span> <span class='ocrx_word' id='word_1_292' title='bbox 1505 5048 1605 5100; x_wconf 87' lang='grc' dir='ltr'><strong>μου</strong></span> <span class='ocrx_word' id='word_1_293' title='bbox 1668 5031 1763 5084; x_wconf 80' lang='grc' dir='ltr'><strong>τοῦ</strong></span> <span class='ocrx_word' id='word_1_294' title='bbox 1815 5031 1883 5083; x_wconf 81' lang='grc' dir='ltr'><strong>τὰ</strong></span> 
     </span>
    </p>
   </div>
   <div class='ocr_carea' id='block_1_40' title="bbox 1954 5025 3564 5102">
    <p class='ocr_par' dir='ltr' id='par_1_40' title="bbox 1988 5028 3564 5102">
     <span class='ocr_line' id='line_1_40' title="bbox 1988 5028 3564 5102; baseline 0.001 -19"><span class='ocrx_word' id='word_1_295' title='bbox 1988 5045 2194 5096; x_wconf 90' lang='lat' dir='ltr'><strong>meum,</strong></span> <span class='ocrx_word' id='word_1_296' title='bbox 2216 5030 2673 5102; x_wconf 78' lang='lat' dir='ltr'><strong>magniﬁcumque</strong></span> <span class='ocrx_word' id='word_1_297' title='bbox 2697 5047 2793 5102; x_wconf 90' lang='lat' dir='ltr'><strong>per</strong></span> <span class='ocrx_word' id='word_1_298' title='bbox 2815 5031 2997 5093; x_wconf 84' lang='lat' dir='ltr'><strong>omnia</strong></span> <span class='ocrx_word' id='word_1_299' title='bbox 3020 5029 3277 5083; x_wconf 88' lang='lat' dir='ltr'><strong>comitem</strong></span> <span class='ocrx_word' id='word_1_300' title='bbox 3299 5028 3564 5084; x_wconf 70' lang='lat' dir='ltr'><strong>Irenreum</strong></span> 
     </span>
    </p>
   </div>
   <div class='ocr_carea' id='block_1_41' title="bbox 308 5117 1918 5195">
    <p class='ocr_par' dir='ltr' id='par_1_41' title="bbox 308 5117 1883 5195">
     <span class='ocr_line' id='line_1_41' title="bbox 308 5117 1883 5195; baseline 0.004 -25"><span class='ocrx_word' id='word_1_301' title='bbox 308 5117 485 5172; x_wconf 85' lang='grc' dir='ltr'>πάντα</span> <span class='ocrx_word' id='word_1_302' title='bbox 530 5118 1118 5191; x_wconf 81' lang='grc' dir='ltr'>μεγαλοπρεπεστάτου</span> <span class='ocrx_word' id='word_1_303' title='bbox 1163 5120 1403 5191; x_wconf 82' lang='grc' dir='ltr'><strong>κόμητος</strong></span> <span class='ocrx_word' id='word_1_304' title='bbox 1434 5122 1725 5193; x_wconf 80' lang='grc' dir='ltr'>Εἰρηναίου</span> <span class='ocrx_word' id='word_1_305' title='bbox 1756 5124 1883 5195; x_wconf 79' lang='grc' dir='ltr'><strong>ἐδή-</strong></span> 
     </span>
    </p>
   </div>
   <div class='ocr_carea' id='block_1_42' title="bbox 1954 5117 3564 5195">
    <p class='ocr_par' dir='ltr' id='par_1_42' title="bbox 1988 5117 3564 5191">
     <span class='ocr_line' id='line_1_42' title="bbox 1988 5117 3564 5191; baseline 0.001 -20"><span class='ocrx_word' id='word_1_306' title='bbox 1988 5119 2201 5173; x_wconf 87' lang='lat' dir='ltr'><strong>sinccre</strong></span> <span class='ocrx_word' id='word_1_307' title='bbox 2231 5119 2440 5187; x_wconf 87' lang='lat' dir='ltr'><strong>absque</strong></span> <span class='ocrx_word' id='word_1_308' title='bbox 2474 5119 2588 5175; x_wconf 92' lang='lat' dir='ltr'><strong>ullo</strong></span> <span class='ocrx_word' id='word_1_309' title='bbox 2620 5135 2847 5191; x_wconf 90' lang='lat' dir='ltr'><strong>prorsus</strong></span> <span class='ocrx_word' id='word_1_310' title='bbox 2876 5119 3002 5173; x_wconf 79' lang='lat' dir='ltr'><strong>fuco</strong></span> <span class='ocrx_word' id='word_1_311' title='bbox 3023 5117 3304 5173; x_wconf 88' lang='lat' dir='ltr'><strong>dilectioni</strong></span> <span class='ocrx_word' id='word_1_312' title='bbox 3335 5124 3439 5173; x_wconf 65' lang='lat' dir='ltr'><strong>tuae</strong></span> <span class='ocrx_word' id='word_1_313' title='bbox 3464 5135 3564 5190; x_wconf 88' lang='lat' dir='ltr'><strong>pa-</strong></span> 
     </span>
    </p>
   </div>
   <div class='ocr_carea' id='block_1_43' title="bbox 305 5207 1915 5286">
    <p class='ocr_par' dir='ltr' id='par_1_43' title="bbox 305 5210 1885 5286">
     <span class='ocr_line' id='line_1_43' title="bbox 305 5210 1885 5286; baseline 0.003 -22"><span class='ocrx_word' id='word_1_314' title='bbox 305 5211 455 5266; x_wconf 86' lang='grc' dir='ltr'>λωσα</span> <span class='ocrx_word' id='word_1_315' title='bbox 481 5215 547 5283; x_wconf 83' lang='grc' dir='ltr'><strong>τῇ</strong></span> <span class='ocrx_word' id='word_1_316' title='bbox 576 5214 641 5283; x_wconf 76' lang='grc' dir='ltr'>σῇ</span> <span class='ocrx_word' id='word_1_317' title='bbox 676 5210 933 5266; x_wconf 80' lang='grc' dir='ltr'><strong>διαθέσει.</strong></span> <span class='ocrx_word' id='word_1_318' title='bbox 969 5212 1077 5266; x_wconf 72' lang='grc' dir='ltr'><strong>Καὶ</strong></span> <span class='ocrx_word' id='word_1_319' title='bbox 1106 5211 1314 5283; x_wconf 79' lang='grc' dir='ltr'><strong>ἐπειδὴ,</strong></span> <span class='ocrx_word' id='word_1_320' title='bbox 1337 5212 1414 5276; x_wconf 88' lang='grc' dir='ltr'><strong>ὡς</strong></span> <span class='ocrx_word' id='word_1_321' title='bbox 1444 5212 1669 5284; x_wconf 75' lang='grc' dir='ltr'>νομίζω,</span> <span class='ocrx_word' id='word_1_322' title='bbox 1700 5213 1885 5286; x_wconf 84' lang='grc' dir='ltr'>πάσης</span> 
     </span>
    </p>
   </div>
   <div class='ocr_carea' id='block_1_44' title="bbox 1950 5207 3560 5286">
    <p class='ocr_par' dir='ltr' id='par_1_44' title="bbox 1986 5207 3560 5280">
     <span class='ocr_line' id='line_1_44' title="bbox 1986 5207 3560 5280; baseline 0.001 -19"><span class='ocrx_word' id='word_1_323' title='bbox 1986 5207 2146 5263; x_wconf 86' lang='lat' dir='ltr'><strong>tct&#39;cci</strong></span> <span class='ocrx_word' id='word_1_324' title='bbox 2177 5225 2190 5261; x_wconf 90' lang='lat'><strong>:</strong></span> <span class='ocrx_word' id='word_1_325' title='bbox 2221 5217 2278 5264; x_wconf 91' lang='lat' dir='ltr'><strong>et</strong></span> <span class='ocrx_word' id='word_1_326' title='bbox 2308 5210 2567 5280; x_wconf 88' lang='lat' dir='ltr'><strong>quoniam</strong></span> <span class='ocrx_word' id='word_1_327' title='bbox 2598 5224 2728 5264; x_wconf 87' lang='lat' dir='ltr'><strong>vera</strong></span> <span class='ocrx_word' id='word_1_328' title='bbox 2764 5208 3157 5278; x_wconf 77' lang='lat' dir='ltr'><strong>cxpurgationc</strong></span> <span class='ocrx_word' id='word_1_329' title='bbox 3192 5221 3347 5271; x_wconf 90' lang='lat' dir='ltr'><strong>usus,</strong></span> <span class='ocrx_word' id='word_1_330' title='bbox 3385 5209 3560 5274; x_wconf 90' lang='lat' dir='ltr'><strong>omni,</strong></span> 
     </span>
    </p>
   </div>
   <div class='ocr_carea' id='block_1_45' title="bbox 305 5299 1915 5376">
    <p class='ocr_par' dir='ltr' id='par_1_45' title="bbox 305 5303 1882 5376">
     <span class='ocr_line' id='line_1_45' title="bbox 305 5303 1882 5376; baseline 0.003 -19"><span class='ocrx_word' id='word_1_331' title='bbox 305 5306 424 5374; x_wconf 71' lang='grc' dir='ltr'>εἰμὶ</span> <span class='ocrx_word' id='word_1_332' title='bbox 450 5304 686 5374; x_wconf 76' lang='grc' dir='ltr'><strong>ὑποψίας</strong></span> <span class='ocrx_word' id='word_1_333' title='bbox 711 5303 899 5357; x_wconf 81' lang='grc' dir='ltr'>λοιπὸν</span> <span class='ocrx_word' id='word_1_334' title='bbox 930 5307 1063 5376; x_wconf 79' lang='grc' dir='ltr'>παρ’</span> <span class='ocrx_word' id='word_1_335' title='bbox 1094 5306 1225 5375; x_wconf 84' lang='grc' dir='ltr'>ὑμῖν</span> <span class='ocrx_word' id='word_1_336' title='bbox 1261 5304 1438 5367; x_wconf 74' lang='grc' dir='ltr'><strong>ἐκτὸς,</strong></span> <span class='ocrx_word' id='word_1_337' title='bbox 1458 5304 1725 5376; x_wconf 48' lang='grc' dir='ltr'><strong>⁵ἀληθέσιν</strong></span> <span class='ocrx_word' id='word_1_338' title='bbox 1748 5308 1882 5361; x_wconf 83' lang='grc' dir='ltr'>ἀπο-</span> 
     </span>
    </p>
   </div>
   <div class='ocr_carea' id='block_1_46' title="bbox 1952 5299 3562 5376">
    <p class='ocr_par' dir='ltr' id='par_1_46' title="bbox 1988 5299 3562 5371">
     <span class='ocr_line' id='line_1_46' title="bbox 1988 5299 3562 5371; baseline 0.001 -18"><span class='ocrx_word' id='word_1_339' title='bbox 1988 5307 2047 5354; x_wconf 89' lang='lat' dir='ltr'><strong>ut</strong></span> <span class='ocrx_word' id='word_1_340' title='bbox 2085 5299 2346 5365; x_wconf 87' lang='lat' dir='ltr'><strong>arbitror,</strong></span> <span class='ocrx_word' id='word_1_341' title='bbox 2385 5301 2700 5371; x_wconf 86' lang='lat' dir='ltr'><strong>suspicione</strong></span> <span class='ocrx_word' id='word_1_342' title='bbox 2727 5300 2871 5370; x_wconf 88' lang='lat' dir='ltr'><strong>apud</strong></span> <span class='ocrx_word' id='word_1_343' title='bbox 2906 5307 2957 5353; x_wconf 90' lang='lat' dir='ltr'><strong>te</strong></span> <span class='ocrx_word' id='word_1_344' title='bbox 2980 5314 3142 5363; x_wconf 83' lang='lat' dir='ltr'><strong>vaco,</strong></span> <span class='ocrx_word' id='word_1_345' title='bbox 3178 5299 3352 5354; x_wconf 86' lang='lat' dir='ltr'><strong>libere</strong></span> <span class='ocrx_word' id='word_1_346' title='bbox 3376 5300 3562 5354; x_wconf 87' lang='lat' dir='ltr'><strong>eandi-</strong></span> 
     </span>
    </p>
   </div>
   <div class='ocr_carea' id='block_1_47' title="bbox 304 5376 1914 5464">
    <p class='ocr_par' dir='ltr' id='par_1_47' title="bbox 304 5376 1885 5464">
     <span class='ocr_line' id='line_1_47' title="bbox 304 5376 1885 5464; baseline 0 -19"><span class='ocrx_word' id='word_1_347' title='bbox 304 5393 510 5460; x_wconf 82' lang='grc' dir='ltr'>λογίαις</span> <span class='ocrx_word' id='word_1_348' title='bbox 555 5393 900 5464; x_wconf 77' lang='grc' dir='ltr'>χρησάμενος</span> <span class='ocrx_word' id='word_1_349' title='bbox 920 5432 935 5456; x_wconf 87' lang='grc'><em>,</em></span> <span class='ocrx_word' id='word_1_350' title='bbox 971 5392 1500 5464; x_wconf 76' lang='grc' dir='ltr'>πεπαρῤησιασμένῃ</span> <span class='ocrx_word' id='word_1_351' title='bbox 1527 5391 1710 5444; x_wconf 84' lang='grc' dir='ltr'>λοιπὸν</span> <span class='ocrx_word' id='word_1_352' title='bbox 1739 5376 1885 5464; x_wconf 58' lang='grc' dir='ltr'>χρῶ-</span> 
     </span>
    </p>
   </div>
   <div class='ocr_carea' id='block_1_48' title="bbox 1951 5376 3561 5464">
    <p class='ocr_par' dir='ltr' id='par_1_48' title="bbox 1984 5392 3561 5464">
     <span class='ocr_line' id='line_1_48' title="bbox 1984 5392 3561 5464; baseline -0.002 -15"><span class='ocrx_word' id='word_1_353' title='bbox 1984 5394 2165 5464; x_wconf 87' lang='lat' dir='ltr'><strong>deque</strong></span> <span class='ocrx_word' id='word_1_354' title='bbox 2200 5394 2505 5449; x_wconf 88' lang='lat' dir='ltr'><strong>sinceritati</strong></span> <span class='ocrx_word' id='word_1_355' title='bbox 2551 5402 2658 5447; x_wconf 68' lang='lat' dir='ltr'><strong>tuae</strong></span> <span class='ocrx_word' id='word_1_356' title='bbox 2704 5394 2759 5447; x_wconf 91' lang='lat' dir='ltr'><strong>in</strong></span> <span class='ocrx_word' id='word_1_357' title='bbox 2787 5401 3069 5462; x_wconf 84' lang='lat' dir='ltr'><strong>posterum</strong></span> <span class='ocrx_word' id='word_1_358' title='bbox 3114 5392 3403 5446; x_wconf 82' lang='lat' dir='ltr'><strong>consilium</strong></span> <span class='ocrx_word' id='word_1_359' title='bbox 3432 5392 3561 5447; x_wconf 85' lang='lat' dir='ltr'><strong>dare</strong></span> 
     </span>
    </p>
   </div>
   <div class='ocr_carea' id='block_1_49' title="bbox 308 5474 1918 5552">
    <p class='ocr_par' dir='ltr' id='par_1_49' title="bbox 308 5474 1883 5549">
     <span class='ocr_line' id='line_1_49' title="bbox 308 5474 1883 5549; baseline 0 -18"><span class='ocrx_word' id='word_1_360' title='bbox 308 5495 405 5549; x_wconf 83' lang='grc' dir='ltr'><strong>μαι</strong></span> <span class='ocrx_word' id='word_1_361' title='bbox 431 5477 568 5548; x_wconf 80' lang='grc' dir='ltr'>πρὸς</span> <span class='ocrx_word' id='word_1_362' title='bbox 587 5478 686 5548; x_wconf 83' lang='grc' dir='ltr'><strong>τὴν</strong></span> <span class='ocrx_word' id='word_1_363' title='bbox 721 5476 820 5545; x_wconf 83' lang='grc' dir='ltr'>σὴν</span> <span class='ocrx_word' id='word_1_364' title='bbox 852 5477 1185 5547; x_wconf 84' lang='grc' dir='ltr'>γνησιότητα</span> <span class='ocrx_word' id='word_1_365' title='bbox 1218 5476 1536 5548; x_wconf 77' lang='grc' dir='ltr'>συμϐουλίᾳ.</span> <span class='ocrx_word' id='word_1_366' title='bbox 1560 5474 1787 5543; x_wconf 60' lang='grc' dir='ltr'><strong>ΙΙἜξεστι</strong></span> <span class='ocrx_word' id='word_1_367' title='bbox 1820 5474 1883 5531; x_wconf 72' lang='grc' dir='ltr'><strong>δέ</strong></span> 
     </span>
    </p>
   </div>
   <div class='ocr_carea' id='block_1_50' title="bbox 1949 5474 3559 5552">
    <p class='ocr_par' dir='ltr' id='par_1_50' title="bbox 1984 5481 3559 5552">
     <span class='ocr_line' id='line_1_50' title="bbox 1984 5481 3559 5552; baseline -0.003 -14"><span class='ocrx_word' id='word_1_368' title='bbox 1984 5485 2221 5540; x_wconf 88' lang='lat' dir='ltr'><strong>institui.</strong></span> <span class='ocrx_word' id='word_1_369' title='bbox 2266 5483 2481 5539; x_wconf 87' lang='lat' dir='ltr'><strong>Poteris</strong></span> <span class='ocrx_word' id='word_1_370' title='bbox 2508 5491 2692 5537; x_wconf 89' lang='lat' dir='ltr'><strong>autem</strong></span> <span class='ocrx_word' id='word_1_371' title='bbox 2743 5498 2811 5537; x_wconf 81' lang='lat' dir='ltr'><strong>ex</strong></span> <span class='ocrx_word' id='word_1_372' title='bbox 2844 5481 2911 5536; x_wconf 90' lang='lat' dir='ltr'><strong>iis</strong></span> <span class='ocrx_word' id='word_1_373' title='bbox 2940 5497 3063 5552; x_wconf 76' lang='lat' dir='ltr'><strong>qua:</strong></span> <span class='ocrx_word' id='word_1_374' title='bbox 3112 5496 3381 5538; x_wconf 90' lang='lat' dir='ltr'><strong>suasurus</strong></span> <span class='ocrx_word' id='word_1_375' title='bbox 3415 5496 3559 5545; x_wconf 91' lang='lat' dir='ltr'><strong>sum,</strong></span> 
     </span>
    </p>
   </div>
   <div class='ocr_carea' id='block_1_51' title="bbox 308 5560 1918 5643">
    <p class='ocr_par' dir='ltr' id='par_1_51' title="bbox 308 5560 1877 5640">
     <span class='ocr_line' id='line_1_51' title="bbox 308 5560 1877 5640; baseline 0 -16"><span class='ocrx_word' id='word_1_376' title='bbox 308 5585 390 5624; x_wconf 88' lang='grc' dir='ltr'><strong>σοι</strong></span> <span class='ocrx_word' id='word_1_377' title='bbox 432 5568 491 5636; x_wconf 76' lang='grc' dir='ltr'><strong>ἐξ</strong></span> <span class='ocrx_word' id='word_1_378' title='bbox 517 5568 697 5623; x_wconf 86' lang='grc' dir='ltr'>αὐτῶν</span> <span class='ocrx_word' id='word_1_379' title='bbox 727 5560 802 5623; x_wconf 83' lang='grc' dir='ltr'>ὧν</span> <span class='ocrx_word' id='word_1_380' title='bbox 838 5568 1215 5639; x_wconf 81' lang='grc' dir='ltr'>συμϐουλεύω,</span> <span class='ocrx_word' id='word_1_381' title='bbox 1248 5569 1480 5640; x_wconf 75' lang='grc' dir='ltr'>ἐνέχυρα</span> <span class='ocrx_word' id='word_1_382' title='bbox 1515 5569 1669 5639; x_wconf 78' lang='grc' dir='ltr'>ἡμῶν</span> <span class='ocrx_word' id='word_1_383' title='bbox 1693 5569 1877 5625; x_wconf 78' lang='grc' dir='ltr'>λαϐεῖν</span> 
     </span>
    </p>
   </div>
   <div class='ocr_carea' id='block_1_52' title="bbox 1946 5560 3556 5643">
    <p class='ocr_par' dir='ltr' id='par_1_52' title="bbox 1988 5571 3556 5643">
     <span class='ocr_line' id='line_1_52' title="bbox 1988 5571 3556 5643; baseline -0.003 -14"><span class='ocrx_word' id='word_1_384' title='bbox 1988 5573 2164 5629; x_wconf 92' lang='lat' dir='ltr'><strong>nostri</strong></span> <span class='ocrx_word' id='word_1_385' title='bbox 2204 5588 2334 5643; x_wconf 77' lang='lat' dir='ltr'><strong>erga</strong></span> <span class='ocrx_word' id='word_1_386' title='bbox 2372 5580 2422 5629; x_wconf 89' lang='lat' dir='ltr'><strong>te</strong></span> <span class='ocrx_word' id='word_1_387' title='bbox 2455 5571 2710 5629; x_wconf 88' lang='lat' dir='ltr'><strong>candoris</strong></span> <span class='ocrx_word' id='word_1_388' title='bbox 2748 5587 2857 5627; x_wconf 87' lang='lat' dir='ltr'><strong>non</strong></span> <span class='ocrx_word' id='word_1_389' title='bbox 2884 5572 3005 5627; x_wconf 84' lang='lat' dir='ltr'><strong>leve</strong></span> <span class='ocrx_word' id='word_1_390' title='bbox 3041 5579 3425 5643; x_wconf 83' lang='lat' dir='ltr'><strong>argumentum</strong></span> <span class='ocrx_word' id='word_1_391' title='bbox 3471 5586 3556 5625; x_wconf 90' lang='lat' dir='ltr'><strong>su-</strong></span> 
     </span>
    </p>
   </div>
   <div class='ocr_carea' id='block_1_53' title="bbox 300 5660 1910 5735">
    <p class='ocr_par' dir='ltr' id='par_1_53' title="bbox 300 5660 1876 5735">
     <span class='ocr_line' id='line_1_53' title="bbox 300 5660 1876 5735; baseline 0.003 -20"><span class='ocrx_word' id='word_1_392' title='bbox 300 5661 402 5734; x_wconf 68' lang='grc' dir='ltr'><strong>τῆς</strong></span> <span class='ocrx_word' id='word_1_393' title='bbox 430 5662 561 5735; x_wconf 81' lang='grc' dir='ltr'>περὶ</span> <span class='ocrx_word' id='word_1_394' title='bbox 581 5662 640 5716; x_wconf 82' lang='grc' dir='ltr'>σὲ</span> <span class='ocrx_word' id='word_1_395' title='bbox 670 5660 1046 5732; x_wconf 76' lang='grc' dir='ltr'><strong>γνησιότητος,</strong></span> <span class='ocrx_word' id='word_1_396' title='bbox 1090 5664 1182 5714; x_wconf 76' lang='grc' dir='ltr'>καὶ</span> <span class='ocrx_word' id='word_1_397' title='bbox 1213 5661 1291 5725; x_wconf 83' lang='grc' dir='ltr'><strong>ὡς</strong></span> <span class='ocrx_word' id='word_1_398' title='bbox 1314 5661 1534 5732; x_wconf 74' lang='grc' dir='ltr'>φροντὶς</span> <span class='ocrx_word' id='word_1_399' title='bbox 1563 5662 1693 5734; x_wconf 78' lang='grc' dir='ltr'>ἡμῖν</span> <span class='ocrx_word' id='word_1_400' title='bbox 1730 5665 1876 5719; x_wconf 73' lang='grc' dir='ltr'>ἐστιν</span> 
     </span>
    </p>
   </div>
   <div class='ocr_carea' id='block_1_54' title="bbox 1947 5660 3557 5735">
    <p class='ocr_par' dir='ltr' id='par_1_54' title="bbox 1985 5660 3557 5735">
     <span class='ocr_line' id='line_1_54' title="bbox 1985 5660 3557 5735; baseline -0.004 -14"><span class='ocrx_word' id='word_1_401' title='bbox 1985 5680 2157 5732; x_wconf 87' lang='lat' dir='ltr'><strong>mere,</strong></span> <span class='ocrx_word' id='word_1_402' title='bbox 2191 5663 2465 5735; x_wconf 85' lang='lat' dir='ltr'><strong>simulque</strong></span> <span class='ocrx_word' id='word_1_403' title='bbox 2495 5671 2711 5735; x_wconf 79' lang='lat' dir='ltr'><strong>quantae</strong></span> <span class='ocrx_word' id='word_1_404' title='bbox 2741 5678 2805 5718; x_wconf 87' lang='lat' dir='ltr'><strong>ea</strong></span> <span class='ocrx_word' id='word_1_405' title='bbox 2835 5663 3078 5719; x_wconf 90' lang='lat' dir='ltr'><strong>charitas</strong></span> <span class='ocrx_word' id='word_1_406' title='bbox 3105 5678 3227 5733; x_wconf 80' lang='lat' dir='ltr'><strong>qua:</strong></span> <span class='ocrx_word' id='word_1_407' title='bbox 3254 5660 3557 5717; x_wconf 85' lang='lat' dir='ltr'><strong>secundum</strong></span> 
     </span>
    </p>
   </div>
   <div class='ocr_carea' id='block_1_55' title="bbox 622 5753 3150 5817">
    <p class='ocr_par' dir='ltr' id='par_1_55' title="bbox 622 5753 3150 5817">
     <span class='ocr_line' id='line_1_55' title="bbox 622 5753 3150 5817; baseline 0 -3"><span class='ocrx_word' id='word_1_408' title='bbox 622 5753 898 5817; x_wconf 76' lang='lat' dir='ltr'><strong>PATROL.</strong></span> <span class='ocrx_word' id='word_1_409' title='bbox 942 5754 1057 5815; x_wconf 81' lang='lat' dir='ltr'><strong>Gn.</strong></span> <span class='ocrx_word' id='word_1_410' title='bbox 1100 5753 1383 5817; x_wconf 80' lang='lat' dir='ltr'><strong>LXXVII.</strong></span> <span class='ocrx_word' id='word_1_411' title='bbox 3077 5754 3150 5815; x_wconf 77' lang='lat'><strong>46</strong></span> 
     </span>
    </p>
   </div>
  </div>
