4076 6440
460 308 585 363 “Si

1549 298 1832 352 JOANNIS
1870 297 2290 353 ANTLUCIIEM
2328 298 2634 356 EPISCOPI

3580 307 3604 360 I
3618 308 3726 362 £59.

459 421 631 472 Deum
661 424 764 479 est,
796 430 940 468 cura:
973 413 1130 467 nobis
1169 411 1258 475 sit,
1313 411 1650 480 perspicere.
1684 411 1858 476 Quam
1909 425 2040 464 sane

2167 413 2205 464 »ὑ
2243 412 2416 482 μικρά
2457 416 2554 483 τῆς
2592 414 2732 467 κατά
2779 414 2911 467 Θεὸν
2943 415 3197 486 ἀγάπης*
3229 415 3296 486 ἣν
3327 417 3376 470 οἱ
3399 417 3722 488 τηροῦντες,

457 509 782 563 charitatcm
812 508 904 576 qui
930 513 1333 567 consectantur,
1367 503 1446 556 illi
1474 501 1677 556 divinis
1702 501 1918 572 legibus
1939 501 2041 556 ob-

451 607 770 674 temperant
805 615 819 658 ;
849 599 944 667 qui
976 613 1127 660 vero,
1163 612 1228 649 ea
1259 596 1525 664 neglecta,
1575 593 1896 663 imposturis
1923 601 2039 647 stu-

2145 502 2270 565 τοὺς
2295 502 2471 566 θείους
2503 503 2839 575 ἐκπληροῦσι
2885 505 3115 575 νόμους·
3159 507 3210 560 οἱ
3256 507 3314 560 δὲ
3351 509 3684 579 ἀμελοῦντες
3705 551 3722 576 ,

2146 592 2241 646 καὶ
2274 593 2599 662 πανούργως
2625 595 3062 666 προσφερόμενοι
3095 599 3205 660 τοῖς
3231 599 3452 662 οἰκείοις
3480 599 3725 670 μέλεσιν,

454 693 611 756 dent,
649 692 686 744 ii
734 690 850 744 suis
883 705 940 743 se
988 687 1112 742 telis
1156 687 1314 756 prius
1357 685 1682 749 conficiunt,
1732 700 1896 754 quam
1947 699 2044 739 eos

2167 683 2371 746 ιαυτοὺς
2409 685 2674 755 πρότερον
2725 685 3078 755 βλάπτουσιν,
3111 688 3296 762 ἢμαθ*
3327 683 3402 743 ὧν
3439 692 3724 762 ἐγχειροῦ-

449 799 598 854 quos
618 781 964 836 adoriuntur.
986 779 1310 848 "accitaque
1334 786 1663 847 opportune,
1687 784 1746 829 ut
1765 774 2040 838 existimo,

453 874 737 946 praefatus,
775 881 825 927 te
847 871 1012 927 etiam
1041 879 1204 939 atque
1231 869 1398 923 etiam
1428 885 1578 938 rogo,
1609 876 1669 922 ut
1698 883 1785 921 me
1822 867 2043 921 consul-

463 976 636 1020 torcm
665 963 808 1030 haud
850 963 1050 1016 malum
1075 961 1171 1014 u’bi
1199 961 1446 1014 futurum
1470 959 1734 1014 benevole
1766 958 2042 1020 admittas,

463 1071 642 1124 neque
683 1055 728 1108 si
752 1052 884 1122 quid
914 1053 1069 1116 utile,
1096 1059 1191 1105 aut
1227 1050 1429 1104 divina:
1453 1050 1710 1104 cbaritati
1752 1059 2041 1119 cognatum

466 1147 519 1198 in
552 1146 713 1200 dictis
733 1148 867 1198 meis
888 1142 1218 1209 occurrerit,
1243 1142 1480 1211 idipsum
1514 1157 1762 1211 respuas.

533 1238 586 1290 ‘2.
617 1237 684 1291 Et
705 1236 927 1306 quidem
953 1235 1242 1304 oportebat
1289 1243 1349 1288 ut
1397 1234 1464 1288 de
1498 1233 1663 1287 rebus
1689 1232 1848 1288 bonis
1880 1242 2046 1301 atque

469 1328 697 1383 utilibus
745 1328 889 1381 inter
931 1342 1030 1380 nos
1074 1324 1473 1380 conferremus.
1511 1325 1708 1380 Verum
1750 1323 1878 1392 quia
1925 1339 2049 1392 pec-

467 1431 589 1474 cata
636 1428 824 1473 nostra
872 1416 1385 1487 perturbationibus
1429 1414 1824 1469 ecclesiasticis
1857 1415 2049 1484 ingens

462 1512 670 1565 .oslium
697 1511 1091 1580 patefecerunt,
1119 1509 1242 1562 idco
1262 1525 1326 1562 ea
1353 1507 1609 1562 cltaritati
1629 1517 1734 1561 tuae
1757 1507 2049 1576 explanare

469 1618 634 1670 cogor
674 1617 796 1670 quae
830 1598 1144 1668 nuperrime
1185 1615 1251 1653 ex
1302 1598 1545 1652 Romana
1590 1608 1647 1652 et
1684 1595 2052 1651 Alexandrina

472 1695 608 1747 urbe
637 1693 704 1746 ad
751 1707 837 1746 me
874 1691 1183 1761 perscripta
1241 1698 1388 1744 sunt.
1430 1688 1642 1743 Etenim
1689 1688 1876 1742 clerici
1923 1688 2050 1740 Ale-

2149 792 2250 829 σιν.
2298 776 2451 828 Ἐπεὶ
2503 772 2597 830 οὖν
2647 776 2821 832 ταῦτά
2861 795 2952 848 μοι
3003 758 3184 842 καλῶς
3218 772 3726 852 πεπροοιμίασταί,

2146 867 2221 930 ὡς
2253 867 2427 935 ἔγωγε
2465 862 2620 938 οἶμαι
2642 907 2657 931 ,
2689 868 2836 933 δέξαι
2872 885 2939 939 με
2963 909 2977 933 ,
3024 871 3332 940 παρακαλῶ
3354 911 3370 937 ,
3406 871 3610 940 ἀγαθόν
3643 891 3729 929 σοι

2149 960 2406 1029 ἐσόμενον
2445 960 2771 1030 σύμϐουλον,
2825 962 2900 1032 μὴ
2933 962 3357 1034 παρωθούμενος
3400 963 3461 1016 τὸ
3505 966 3565 1017 ἐν
3611 969 3732 1028 τοῖς

2149 1052 2278 1120 παρ’
2306 1053 2440 1121 ἐμοῦ
2471 1051 2782 1122 λεγομένοις
2815 1054 3106 1125 χρήσιμον,
3141 1055 3235 1108 καὶ
3260 1053 3398 1124 μετά
3426 1055 3609 1126 πάσης
3629 1057 3732 1126 τῆς

2149 1140 2292 1193 κατὰ
2316 1141 2450 1195 Θεὸν
2486 1141 2778 1205 διαθέσεως
2807 1143 3119 1213 λεγόμενον.

2221 1229 2287 1299 β’.
2327 1230 2475 1284 Ἔδει
2511 1231 2609 1302 μέν
2640 1227 2734 1284 οὖν
2767 1233 2913 1302 ἡμᾶς
2942 1233 3071 1302 περὶ
3097 1233 3352 1303 χρηστῶν
3379 1234 3730 1304 πραγμάτων

2148 1320 2217 1373 τά
2255 1322 2548 1392 σκέμματα
2595 1323 2732 1395 πρὸς
2761 1323 3026 1392 ἀλλήλους
3071 1323 3366 1378 ποιεῖσθαι.
3405 1326 3640 1398 ,Ἐπειδὴ
3667 1327 3728 1379 δὲ

2149 1411 2206 1463 αἱ
2241 1412 2516 1482 ἁμαρτίαι
2551 1412 2713 1483 ἡμῶν
2753 1413 2956 1484 πολλὴν
3002 1413 3252 1480 ἐξουσίαν
3279 1418 3399 1478 ταῖς
3431 1417 3729 1488 ἐκκλησια-

2153 1505 2367 1565 στικαῖς
2398 1505 2671 1574 ταραχαῖς
2729 1506 3088 1576 ἐποιήσαντο,
3125 1505 3314 1559 τούτου
3350 1507 3537 1560 ἕνεκεν
3569 1511 3733 1577 ἠπεί-

2152 1593 2289 1664 χθην
2317 1594 2386 1647 τά
2413 1596 2729 1666 πρόσφατον
2773 1597 2907 1667 ἡμῖν
2940 1597 3221 1668 γραφέντα
3255 1599 3364 1650 ἀπό
3397 1615 3457 1650 τε
3511 1597 3733 1668 Ῥώμης

2157 1685 2250 1737 καὶ
2284 1685 2710 1756 ’Λλεξανδρείας,
2735 1691 2801 1758 τῇ
2821 1690 2887 1758 σῇ
2922 1688 3184 1759 γνωρίσαι
3206 1689 3467 1758 ὁσιότητι.
3514 1690 3734 1760 Ἀθρόον

475 1785 723 1840 λοηὼ·ἱιιί
756 1784 1004 1838 diversas
1047 1783 1114 1837 de
1153 1791 1246 1836 tua
1277 1781 1481 1851 pietate
1510 1780 1723 1834 litteras
1763 1794 1958 1848 magno
1983 1778 2050 1832 ad

2167 1775 2262 1846 γὰρ
2304 1775 2700 1846 Ἀλεξανδρέων
2753 1779 3006 1851 κληρικοὶ
3052 1782 3408 1845 ἐπιστάντες,
3444 1781 3733 1844 ἐπιστολὰς

473 1894 573 1930 nos
598 1875 781 1930 studio
813 1875 1193 1944 pertulerunt;
1244 1888 1381 1926 unas
1410 1871 1634 1941 quidem
1666 1870 1898 1940 piissimi
1933 1870 2052 1938 epi-

473 1967 621 2037 scopi
652 1965 955 2029 leestini,
985 1964 1222 2033 reliquas
1243 1977 1435 2016 omnes
1462 1959 2055 2029 sanctissimiepiscopi

471 2059 681 2131 Cyrilli.
712 2058 917 2112 llarum
945 2067 1128 2110 autem
1159 2054 1407 2124 exempla
1442 2053 1699 2117 mittens,
1733 2051 2056 2106 cltaritatem

476 2161 621 2204 tuam
669 2147 868 2202 obnixe
923 2153 1168 2216 rogatam
1219 2145 1402 2213 cupio,
1441 2152 1501 2197 ut
1532 2143 1606 2197 ita
1647 2158 1741 2197 eas
1784 2143 1946 2212 legat,
1987 2157 2058 2195 ne

474 2258 582 2312 qua
615 2241 743 2294 hinc
777 2237 946 2292 animi
979 2236 1321 2308 perturbatio
1348 2242 1663 2306 consurgat,
1691 2250 1761 2288 ex
1795 2249 1902 2303 qua
1923 2248 2057 2287 eon-

479 2333 756 2388 tentiones
801 2329 1215 2398 seditionesque
1261 2326 1560 2380 admodum
1606 2325 1783 2379 noxia:
1812 2339 2061 2393 saepenu-

477 2440 632 2478 mero
657 2422 1004 2476 exoriuntur.
1037 2418 1143 2474 Sed
1168 2433 1343 2488 neque
1363 2433 1477 2471 rem
1507 2417 1648 2471 hanc
1672 2424 1876 2470 tantam
1904 2414 2059 2485 parvi

477 2530 696 2584 quoque
721 2513 911 2577 ducas,
947 2520 1042 2566 aut
1064 2520 1403 2564 contemnas.
1434 2508 1695 2563 Diabolus
1713 2522 1950 2577 namque
1973 2521 2062 2561 res

484 2606 645 2660 initio
687 2604 871 2658 minus
901 2611 1048 2658 recte
1089 2602 1359 2656 habentes
1403 2617 1500 2670 per
1547 2600 1862 2670 superbiam
1907 2599 2062 2653 novit

480 2697 857 2767 amplificare,
908 2697 965 2750 in
1013 2710 1245 2763 eamque
1304 2693 1740 2764 magnitudinem
1796 2693 2061 2762 paulatim

480 2791 738 2854 evehere,
772 2798 832 2843 Ill.
873 2798 1061 2858 postea
1090 2801 1311 2843 omnem
1363 2801 1551 2840 curam
1587 2799 1918 2854 omnemque
1949 2799 2064 2838 me-

481 2875 719 2929 dicinam
749 2883 1028 2944 respuant.
1064 2873 1243 2939 Quare
1283 2873 1613 2927 benevolum
1647 2887 1712 2928 ac
1753 2872 2063 2926 studiosum

481 2966 738 3021 affectum
795 2965 864 3019 ad
914 2965 1220 3018 litterarum
1274 2964 1566 3018 lectionem
1613 2963 1810 3020 afferas
1857 2982 1870 3016 :
1917 2964 2067 3020 viros

481 3070 702 3126 quoque
751 3055 1042 3108 nommllos
1074 3054 1352 3118 cordatos,
1399 3069 1464 3109 ac
1507 3054 1604 3110 tibi
1643 3055 1962 3118 benevolos,
1996 3055 2063 3110 ad

481 3147 889 3218 propositarum
920 3161 1102 3200 rerum
1126 3145 1621 3200 considerationem
1645 3146 1826 3200 socios
1851 3147 1949 3200 tibi
1976 3148 2070 3202 ad-

461 3237 704 3308 jungas;
734 3225 950 3304 illiSque
977 3250 1087 3289 non
1119 3250 1241 3304 quae
1259 3243 1433 3304 grata,
1463 3234 1559 3290 sed
1583 3250 1706 3304 quae
1742 3235 1898 3289 utilia
1916 3245 2067 3300 sunt,

481 3328 686 3384 eﬂ‘andi
709 3336 1053 3398 potestatem
1104 3327 1292 3381 facias.
1325 3325 1562 3381 Omnino
1609 3325 1758 3382 enim
1791 3327 1837 3381 si
1876 3327 2074 3382 arbitri

465 3423 693 3494 ,plures,
728 3421 1062 3490 minimeque
1089 3419 1279 3483 fucati,
1307 3434 1372 3473 ac
1395 3419 1626 3474 liberam
1653 3418 1798 3488 quod
1831 3419 2077 3475 sentiunt

466 3511 707 3568 .dicendi
730 3512 1048 3567 facultatem
1073 3510 1242 3575 nacti,
1264 3509 1554 3579 praesentis
1580 3509 1786 3580 negotii
1811 3508 2076 3580 disquisi-

2158 1868 2292 1937 ἡμῖν
2321 1866 2584 1922 δεδώκασι
2615 1870 2940 1942 διαφόρους,
2979 1870 3107 1942 περὶ
3154 1871 3253 1940 τῆς
3293 1870 3603 1935 θεοσεϐείας
3641 1874 3735 1925 ἐκ-

2159 1957 2507 2028 πεμφθείσας
2535 1977 2548 1991 ·
2577 1960 2676 2030 τὴν
2713 1961 2811 2031 μὲν
2840 1961 2934 2015 τοῦ
2968 1963 3274 2030 ἀγιωτάτου
3303 1963 3602 2016 ἐπισκόπου
3628 1965 3735 2016 Κε-

2158 2050 2424 2114 λεστίνου,
2451 2049 2551 2115 τὰς
2592 2053 2649 2105 δὲ
2679 2055 2770 2106 τοῦ
2814 2051 3232 2124 θεοφιλεστάτου
3269 2055 3569 2108 ἐπισκόπου
3622 2057 3738 2110 Κυ-

2167 2144 2370 2215 ρίλλου.
2409 2138 2511 2198 Ὦν
2562 2147 2630 2200 τά
2664 2147 2974 2219 ἀντίγραφα
3007 2149 3336 2211 ἀποστείλας
3364 2189 3380 2213 ,
3435 2149 3741 2220 παρακαλῶ

2163 2237 2257 2290 σοῦ
2286 2239 2385 2308 τὴν
2423 2237 2689 2303 διάθεσιν,
2718 2239 2892 2304 οὓτως
2921 2241 3104 2303 αὐτοῖς
3135 2242 3400 2311 ἐντυχεῖν,
3432 2241 3572 2295 ὥστε
3595 2243 3738 2312 μήτε

2160 2331 2408 2400 ταραχήν
2438 2347 2559 2384 τινα
2582 2331 2728 2384 κατά
2758 2331 2997 2398 διάνοιαν
3029 2334 3354 2403 ὑποστῆναι,
3390 2335 3484 2402 ἀφ’
3511 2329 3578 2405 ἧς
3612 2334 3742 2386 πολ-

2161 2421 2320 2485 λάκις
2355 2422 2676 2491 φιλονεικίαι
2723 2425 2817 2478 κα)⁵
2840 2426 3123 2490 ἐνστάσεις
3152 2425 3464 2489 ἐπιϐλαϐεῖς
3508 2426 3744 2496 συμϐαί⁴

2163 2530 2313 2566 νουσι
2331 2531 2343 2544 ο
2374 2516 2510 2586 μήτε
2532 2515 2638 2586 μὴν
2668 2517 3083 2588 καταφρονῆσαι
3102 2517 3195 2570 τοῦ
3219 2517 3573 2588 πράγματος·
3600 2519 3743 2571 εἰδό-

2163 2621 2254 2669 τος
2277 2605 2372 2659 τοῦ
2398 2605 2644 2659 διαϐόλου
2663 2608 2731 2660 δι’
2747 2608 3049 2678 ὑπεροψίαν
3075 2607 3244 2662 πολλὰ
3267 2608 3376 2662 τῶν
3408 2609 3468 2659 οὑ
3488 2608 3742 2678 χρηστῶν

2165 2695 2508 2766 πραγμάτων
2558 2697 2853 2768 κορυφοῦν,
2905 2698 3001 2751 καὶ
3050 2700 3130 2762 είς
3176 2698 3308 2768 ὕψος
3364 2698 3560 2769 αἴρειν,
3599 2697 3744 2751 ὥστε

2169 2785 2472 2857 ἀδιόρθωτα
2525 2788 2667 2842 αὐτὰ
2723 2790 2943 2860 ποιῆσαι
2988 2788 3278 2857 γενέσθαι·
3325 2790 3439 2843 ἀλλ’
3484 2789 3743 2860 ἐμμελῶς

2171 2876 2354 2940 αὑτοῖς
2388 2878 2629 2950 ἐντυχεῖν
2655 2895 2669 2910 ο
2700 2879 3033 2950 παραλαϐεῖν
3065 2879 3120 2932 δέ
3143 2897 3298 2944 τινας
3322 2879 3434 2933 τῶν
3455 2880 3746 2950 όμοψύχων

2173 2985 2256 3021 σοι
2294 2969 2430 3039 πρὸς
2457 2969 2555 3040 τὴν
2585 2970 2696 3023 τῶν
2728 2971 3105 3042 προκειμένων
3133 2972 3417 3041 διάσκεψιν
3443 2989 3456 3004 ·
3480 2971 3662 3024 δοῦναι
3685 2971 3746 3023 δέ

2171 3060 2356 3121 αὑτοῖς
2391 3060 2487 3113 καὶ
2520 3060 2769 3127 ἐξουσίαν
2799 3062 2858 3114 τὸ
2889 3061 3192 3132 συμφέρον,
3235 3061 3368 3116 ἀλλά
3403 3061 3476 3132 μὴ
3511 3061 3750 3132 τερπνὸν

2169 3148 2588 3217 είσηγήσασθαι.
2623 3150 2850 3214 Πάντως
2888 3150 2997 3222 γὰρ
3037 3152 3086 3203 εί
3115 3150 3288 3221 ἔχοιεν
3321 3152 3527 3216 ἄδειαν,
3559 3150 3750 3204 πολλοί

2169 3256 2229 3292 τε
2281 3240 2434 3302 δντες
2482 3240 2576 3293 καὶ
2624 3243 2840 3310 γνήσιοι
2886 3241 2936 3295 oi
2981 3241 3076 3295 τοῦ
3123 3245 3441 3314 σκέμματος
3485 3256 3513 3284 ι
3557 3260 3754 3297 κοινωο

2169 3332 2409 3396 νοῦντες,
2444 3333 2643 3404 ῥᾳδίως
2677 3334 2770 3387 ἐπὶ
2799 3336 2899 3405 τὴν
2923 3335 3263 3407 συμϐουλίαν
3301 3337 3517 3408 ἥξουσι,
3553 3336 3653 3390 καὶ
3688 3337 3753 3389 τὸ

2172 3422 2529 3494 νομιζόμενον
2578 3424 2846 3496 ὑπάρχειν
2897 3425 3226 3499 σκυθρωπὸν
3271 3425 3616 3498 παραχρῆμα
3661 3425 3752 3496 εἴη

2175 3516 2424 3604 φαιδρόνξ

481 3610 624 3666 tioni
662 3609 1050 3668 adhibeantur,
1094 3605 1352 3659 facillime
1397 3604 1530 3658 illud
1573 3619 1638 3659 ea
1698 3604 2099 3661 deliberatione
2139 3621 2568 3682 consequentur,
2634 3622 2696 3668 ut
2741 3613 2796 3670 id
2821 3615 2969 3684 quod
2995 3630 3143 3672 nunc
3178 3617 3519 3688 perplexum,
3551 3615 3755 3671 durum

466 3717 550 3758 .ac
572 3701 730 3756 triste
753 3705 1031 3761 censetur,
1056 3712 1181 3750 mox
1200 3695 1320 3750 leve
1345 3704 1403 3750 et
1426 3695 1611 3750 laetum
1643 3696 1735 3750 sit.

558 3792 613 3845 5.
636 3789 935 3844 Enimvero
961 3788 1091 3843 licet
1116 3787 1374 3844 dominus
1403 3803 1560 3844 meus
1584 3787 1938 3854 Caelestinus,
1967 3789 2081 3843 Deo

486 3882 878 3938 devotissimus
904 3881 1216 3950 episcopus,
1262 3879 1452 3935 decem
1486 3889 1697 3934 tantum
1747 3880 1962 3934 dierum
1993 3879 2080 3932 in-

492 3973 801 4036 tervallum,
834 3971 1128 4026 terminum
1158 3985 1332 4038 usque
1378 3971 1721 4039 responsioni
1751 3969 2080 4039 praeﬁnitum

486 4068 649 4123 valde
694 4075 1008 4136 angustum,
1035 4065 1236 4119 litteris
1275 4063 1391 4118 suis
1426 4063 1860 4132 interposuerit;
1900 4071 2082 4138 tamen

487 4177 584 4216 res
605 4176 670 4215 ea
696 4159 966 4230 ejusmodi
1000 4166 1106 4223 est,
1134 4167 1216 4223 ut,
1243 4171 1356 4211 non
1382 4156 1506 4212 dico
1529 4155 1720 4210 decem
1747 4155 1966 4219 diebus,
1984 4154 2080 4210 sed

493 4269 624 4315 uno,
653 4253 764 4306 imo
807 4266 938 4306 vero
960 4251 1149 4320 paucis
1193 4250 1345 4304 horis
1377 4249 1576 4303 confici
1618 4262 1778 4317 posse
1808 4247 2079 4302 videatur.

492 4347 627 4400 Nam
677 4343 810 4414 quid
861 4342 1076 4396 facilius
1124 4351 1227 4405 est,
1285 4356 1448 4410 quam
1499 4339 1722 4394 nomine
1767 4336 2080 4400 commodo,

495 4437 792 4506 multisque
837 4435 1038 4489 sanctis
1068 4433 1323 4487 Patribus
1353 4432 1576 4494 usitato,
1617 4438 1674 4485 et
1713 4446 1844 4485 vero
1878 4430 2082 4484 nihilo-

496 4530 698 4592 minus,
729 4526 1068 4596 salutarique
1104 4541 1172 4579 ex
1197 4524 1420 4594 Virgine
1442 4523 1589 4578 ortui
1625 4537 1991 4594 percongruo,
2027 4521 2084 4574 in

2250 3796 2321 3856 γ’.
2366 3790 2475 3844 Καὶ
2523 3789 2631 3862 γὰρ
2662 3791 2712 3844 εί
2759 3793 2852 3846 καὶ⁵
2889 3793 3229 3866 προθεσμίαν
3278 3798 3617 3868 στενωτάτην
3642 3805 3758 3866 τοῖς

2178 3881 2506 3951 γράμμασιν
2535 3883 2796 3952 ἐνέθηκεν
2831 3885 2859 3937 ό
2899 3884 3090 3956 κύριός
3140 3901 3242 3956 μου
3273 3889 3301 3940 ό
3342 3887 3757 3958 θεοφιλέστατος

2180 3971 2503 4031 Κελεστῖνος
2528 3973 2556 4024 ὀ
2576 3971 2896 4037 ἐπίσκοπος,
2919 3973 3056 4028 δέκα
3089 3975 3283 4044 μόναις
3304 3977 3556 4048 ἡμέραις,
3579 3979 3656 4043 ὡς
3689 3983 3759 4034 τὰ

2181 4059 2486 4131 γράμματα
2521 4060 2686 4113 αὑτοῦ
2739 4061 3007 4134 περιέχει,
3042 4064 3363 4134 περιορίσας
3387 4066 3488 4137 τὴν
3517 4067 3757 4138 ἀπόκρι-

2184 4169 2268 4206 σιν
2293 4168 2306 4181 ·
2352 4151 2470 4206 ἀλλ’
2520 4151 2729 4218 ἔξεστιν
2771 4153 2933 4225 ἔργον
2973 4155 3106 4209 αὐτὸ
3142 4156 3369 4226 ποιῆσαι
3399 4158 3492 4211 καὶ
3541 4159 3757 4229 ἡμέρας

2178 4245 2352 4316 μόνης
2387 4245 2536 4316 μιᾶς,
2560 4246 2700 4316 τάχα
2727 4245 2786 4298 δὲ
2819 4245 2914 4300 καὶ
2946 4246 3106 4318 ὡρῶν
3136 4247 3354 4317 ὀλίγων.
3390 4249 3464 4302 Τὸ
3488 4250 3596 4322 γὰρ
3622 4253 3761 4322 χρή-

2183 4335 2382 4390 σασθαι
2413 4336 2710 4408 προσφόρῳ
2737 4337 2961 4407 ὀνόματι
2993 4339 3052 4391 ἐν
3075 4340 3142 4410 τῇ
3179 4341 3322 4393 κατὰ
3356 4341 3448 4394 τὸν
3475 4343 3757 4412 παμϐασι-

2181 4427 2280 4481 λέα
2312 4427 2544 4499 Χριστὸν
2578 4429 2718 4503 ὑπὲρ
2745 4429 2901 4500 ἡμῶν
2934 4429 3246 4500 οἰκονομίᾳ,
3277 4431 3624 4503 τετριμμένῳ
3660 4433 3762 4504 μὲν

2185 4519 2398 4584 πολλοῖς
2449 4519 2558 4572 τῶν
2596 4520 2878 4591 Πατέρων,
2932 4520 3326 4592 ἐπαληθεύοντι
3361 4522 3420 4575 δὲ
3473 4524 3568 4576 καὶ
3613 4527 3680 4595 τῇ
3734 4526 3763 4564 δ

472 4619 699 4674 -.Cln'isti
741 4617 987 4672 omnium
1029 4615 1176 4686 regis
1211 4615 1624 4684 dispensatione
1653 4614 1732 4668 uti
1757 4615 1780 4668 ?
1802 4613 1940 4668 Cum
1976 4613 2066 4667 bo<

2188 4611 2444 4681 σωτηρίῳ
2465 4613 2529 4664 ἐκ
2563 4611 2841 4682 Παρθένου
2872 4613 3147 4682 γεννήσει,
3180 4612 3339 4666 τοῦτο
3373 4613 3556 4684 ῥᾴδιον
3582 4632 3596 4647 ο
3625 4616 3764 4686 ὅπερ

495 4725 628 4779 ergo
669 4707 1039 4778 periculosum
1083 4722 1193 4760 non
1226 4706 1317 4771 sit,
1349 4723 1566 4777 aequum
1601 4723 1708 4760 non
1741 4715 1828 4760 est
1869 4714 1928 4759 ut
1956 4720 2084 4758 san-

483 4801 659 4854 .Ctitas
693 4808 783 4853 tua
819 4798 952 4852 illud
989 4797 1210 4852 refutet.
1239 4799 1427 4869 Neque
1475 4799 1528 4852 id
1564 4813 1710 4851 nunc
1741 4796 1888 4866 apud
1914 4812 1971 4849 se
1997 4811 2086 4849 co—

496 4893 632 4962 gitet
686 4899 845 4960 turpe
885 4905 1007 4944 esse
1054 4890 1157 4944 sibi
1202 4888 1502 4960 pugnantia
1551 4888 1774 4942 docere.
1828 4886 1883 4940 Si
1937 4885 2085 4939 enim

500 4998 653 5037 mens
691 4990 782 5036 tua
821 4981 1012 5036 eadem
1055 4982 1200 5051 sapit
1229 4990 1284 5036 et
1313 4981 1499 5043 sentit,
1527 4995 1648 5048 quae
1687 4978 1861 5033 sancti
1897 4978 2087 5032 Patres

497 5075 863 5144 Ερριοεὶιιεῳιθ
895 5073 1148 5129 doctores
1183 5073 1431 5128 sentiunt
1453 5080 1509 5126 et
1541 5069 1758 5139 sapiunt
1785 5068 2081 5139 (namhoc,

498 5168 720 5223 domine
751 5168 846 5232 mi,
877 5176 933 5222 et
959 5183 1025 5223 ex
1065 5167 1272 5230 multis,
1301 5175 1357 5221 et
1383 5182 1450 5221 ex
1481 5163 1870 5220 communibus
1893 5163 2086 5218 amicis

498 5259 567 5315 de
595 5270 645 5314 te
675 5259 1035 5330 accepimus),
1093 5275 1359 5330 quorsum
1400 5257 1612 5312 vereris
1659 5256 1813 5326 pium
1863 5269 2088 5311 sensum

2184 4701 2310 4754 οὕτε
2361 4701 2438 4766 ὼς
2487 4701 2827 4755 ἐπικίνδυνον
2861 4703 2971 4772 χρὴ
3016 4701 3462 4773 παραιτήσασθαι
3513 4704 3612 4773 τὴν
3663 4707 3767 4776 σὴν

2184 4795 2440 4864 ὁσιότητα
2467 4836 2480 4857 ,
2523 4793 2649 4847 οὑτε
2707 4795 2885 4847 ἐκεῖνο
2920 4793 3388 4862 ὑπολογίσασθαι,
3417 4796 3496 4858 ὡς
3549 4796 3611 4848 οὑ
3656 4798 3768 4869 χρὴ

2186 4886 2398 4956 σεαυτῷ
2427 4887 2689 4940 τάναντία
2719 4885 2997 4940 ἐκθέσθαι.
3029 4887 3094 4940 El
3122 4885 3231 4958 γάρ
3254 4887 3287 4956 ἡ
3312 4886 3524 4941 διάνοιά
3549 4903 3643 4938 σου
3668 4889 3766 4941 τοῦ

2185 4977 2349 5030 αὑτοῦ
2389 4980 2498 5040 τοῖς
2529 4977 2778 5048 Πατράσι
2807 4976 2902 5029 καὶ
2930 4977 3030 5046 τῆς
3066 4977 3390 5048 Ἐκκλησίας
3423 4978 3768 5042 διδασκάλοις

2185 5069 2532 5140 φρονήματος
2561 5065 2745 5136 ἔχεται
2767 5081 2780 5095 '
2819 5063 2980 5118 τοῦτο
3006 5063 3114 5135 γὰρ
3152 5063 3238 5118 διὰ
3277 5064 3490 5117 πολλῶν
3525 5063 3622 5119 καὶ
3655 5082 3772 5118 κοι-

2183 5159 2291 5212 νῶν
2313 5159 2486 5227 φίλων
2509 5159 2636 5228 περὶ
2656 5157 2772 5222 σοῦ,
2796 5158 3054 5222 δέσποτα,
3077 5156 3483 5227 μεμαθήκαμεν
3501 5172 3514 5187 ο
3539 5157 3592 5208 τί
3609 5155 3772 5208 λυπεῖ

2186 5252 2248 5306 τὸ
2281 5251 2503 5315 εὑσεϐἐς
2545 5250 2806 5322 φρόνημα
2853 5247 3170 5319 καταλλήλῳ
3209 5247 3436 5317 ὀνόματι
3479 5247 3774 5317 δημοσιεῦ-

499 5353 851 5407 eonvenienti
883 5369 1017 5407 voce
1045 5352 1360 5421 publicare?
1381 5349 1684 5422 praesertim
1721 5364 1846 5403 cum
1871 5356 1951 5405 tot
1971 5358 2066 5402 tan

2189 5358 2303 5409 σαι;
2333 5343 2428 5396 καὶ
2452 5342 2576 5395 τότε
2608 5339 2876 5411 τοσαύτης
2908 5338 3302 5411 περικειμένης
3326 5350 3346 5376 ε
3376 5337 3646 5408 ταραχῆς,
3675 5336 3774 5390 καὶ

501 5445 650 5514 tique
678 5447 950 5501 tumultus
971 5462 1034 5500 ac
1057 5444 1486 5514 disceptationes
1507 5460 1573 5498 ex
1604 5451 1655 5497 te
1685 5450 1831 5496 nata:
1863 5441 1934 5495 ob
1959 5455 2094 5497 ocu-

2189 5436 2459 5507 τοσαύτης
2490 5435 2771 5506 ζητήσεως
2803 5435 2867 5486 ἐκ
2913 5431 3031 5486 σού.
3063 5431 3236 5485 Τοῦτο
3267 5429 3374 5500 γὰρ
3409 5429 3549 5496 ἴσθι,
3588 5429 3778 5500 θεοφι-

1578 5598 1750 5652 Varia:
1777 5596 2039 5652 lectiones
2071 5594 2279 5649 codicis
2313 5592 2676 5665 Seguieriani.

572 5735 600 5763 ι
641 5721 982 5792 πράγματος.
1061 5717 1086 5756 ι’
1128 5717 1192 5768 ῖσ
1243 5716 1332 5768 ἐπὶ.
1364 5716 1451 5785 τῇ.

1553 5709 1577 5737 ⁶
1599 5713 1684 5765 ἴσ.
1719 5711 1808 5765 καὶ
1841 5709 1997 5764 τοῦτο
2028 5706 2318 5779 τοσαύτης.
