4076 6442
381 322 512 378 2.1.33

1831 317 2205 374 EPISTOLIE.

3496 327 3632 382 1454

372 444 619 508 λέστατε,
661 443 941 513 κεκίνηται
979 441 1039 496 τὸ
1071 441 1386 511 κεφάλαιον,
1414 439 1508 492 καὶ
1536 435 1618 502 οἷς
1639 454 1697 491 τε
1727 439 1943 509 μακρὰν

2049 439 2131 493 los
2158 441 2271 510 jam
2315 442 2646 496 versentur?
2691 441 2794 494 Eas
2832 455 3068 509 namque
3102 442 3256 512 (mihi
3301 443 3486 506 crede,
3521 445 3633 499 Deo

370 532 466 585 καὶ
493 527 574 596 οἷς
601 533 788 601 ἐγγὺς,
814 533 1018 603 σφόδρα
1047 530 1554 602 περιτεθρύλληται.
1581 531 1692 584 Καὶ
1719 530 1944 597 πλείστη

371 626 470 692 ὅση
497 625 623 694 περὶ
651 622 842 676 τούτου
881 622 1019 692 ζάλη
1051 623 1328 693 ἀδοκήτως
1354 623 1454 685 τὰς
1498 621 1824 693 Ἐκκλησίας
1866 621 1945 672 δι-

378 713 539 766 ἐλαϐε
566 754 580 777 ,
615 713 722 765 τῶν
753 712 1024 782 πανταχοῦ
1063 712 1272 764 πιστῶν
1301 713 1504 782 ταύτης
1540 712 1703 766 ἕνεκα
1736 713 1834 780 τῆς
1865 712 1946 764 αἰ-

372 807 492 868 τίας
518 805 767 875 ἀλλήλοις
801 803 919 857 καθ’
946 806 1182 874 ἑκάστην
1207 807 1486 875 συρῤηγνυ
1497 804 1677 874 μένων
1693 801 1793 872 τὴν
1815 801 1946 872 ήμέ-

379 911 498 966 ραν.
555 895 666 948 Καὶ
697 895 779 947 δτι
811 894 966 947 τοῦτό
1009 896 1158 947 ἐστιν
1202 894 1398 964 ἀληθὲς
1429 935 1443 957 ,
1493 894 1587 947 ἀπ’
1625 894 1806 947 αὐτῶν
1834 893 1945 945 τῶν

376 986 718 1056 πραγμάτων
745 985 828 1056 ειη
859 984 1027 1053 σαφές
1043 989 1091 1038 d.
1109 985 1174 1038 Ἦ
1204 984 1313 1054 γὰρ
1338 984 1500 1048 Λύσις
1531 985 1627 1039 καὶ
1648 984 1942 1052 Αἴγυπτος,

375 1077 517 1145 τάχα
556 1076 614 1128 δὲ
655 1075 748 1129 καὶ
792 1075 1103 1128 Μακεδονία
1153 1074 1372 1146 ἔκριναν
1427 1075 1808 1145 ἀπορραγῆναι
1845 1073 1945 1144 τῆς

374 1165 642 1227 ὲνώσεως,
688 1164 756 1234 ἢν
782 1163 969 1234 ἱδρῶσι
1023 1163 1238 1226 πολλοῖς
1264 1164 1361 1216 καὶ
1411 1164 1596 1227 πόνοις
1641 1164 1814 1231 ἁγίων
1848 1166 1945 1216 καὶ

373 1256 660 1324 ἐπισήμων
683 1256 1016 1320 ἐπισκόπων,
1035 1256 1131 1309 καὶ
1149 1255 1384 1324 μάλιστα
1400 1255 1494 1307 τοῦ
1508 1257 1575 1307 τὰ
1592 1256 1769 1308 πάντα
1787 1256 1944 1322 ἁγίου

375 1346 470 1398 καὶ
501 1345 683 1399 κοινοῦ
710 1345 868 1415 ήμῶν
909 1345 1123 1416 Πατρὸς
1167 1344 1262 1397 τοῦ
1305 1345 1543 1413 μεγάλου
1587 1345 1842 1397 Ἀκακίου
1863 1384 1877 1408 ,
1909 1348 1942 1415 ή

372 1437 466 1490 τοῦ
517 1437 652 1490 Θεοῦ
705 1438 865 1508 χάρις
909 1437 987 1506 τῷ
1034 1436 1199 1506 κοινῷ
1242 1436 1350 1488 τῶν
1389 1435 1726 1506 Ἐκκλησιῶν
1781 1435 1945 1505 κεχά-

377 1546 574 1600 ρισται.
607 1529 703 1591 Τίς
731 1530 842 1600 γὰρ
872 1528 1169 1599 μέμψαιτο,
1210 1529 1258 1580 εὶ
1289 1527 1463 1590 δόξεις
1493 1526 1697 1594 λέγειν,
1749 1526 1784 1580 ἃ
1813 1543 1946 1597 φρο-

371 1623 514 1686 νεῖς;
547 1620 764 1672 Μᾶλλον
806 1619 864 1672 δὲ
896 1619 978 1681 τίς
1015 1619 1114 1671 οὐκ
1157 1618 1223 1671 ἂν
1258 1617 1613 1683 ἀποδέξαιτο,
1649 1619 1698 1669 εί
1736 1617 1946 1682 δέξεται

372 1711 768 1782 προσηγορίαν,
791 1707 858 1784 ἧς
887 1711 985 1780 τὴν
1011 1710 1268 1772 διάνοιαν,
1299 1709 1373 1772 ὼς
1398 1708 1664 1779 ἔγνωμεν,
1699 1711 1733 1780 ἡ
1760 1710 1827 1779 σὴ
1853 1710 1944 1761 εύ-

2047 531 2290 602 dilecte),
2329 547 2454 586 cum
2488 531 2631 601 apud
2657 530 2936 593 ﬁnitimos,
2968 539 3084 584 tum
3121 531 3264 600 apud
3297 532 3456 602 longe
3487 548 3629 602 quo-

2047 637 2154 690 que
2184 623 2394 691 positos
2433 622 2624 676 turbas
2652 622 2962 684 concitasti,
2999 637 3120 689 qua:
3145 623 3418 692 ingentem
3445 639 3513 678 ex
3547 623 3633 678 inn

2047 720 2266 780 sperato
2320 712 2581 768 Ecclesiis
2628 719 3006 782 tempestatem
3064 728 3348 781 peperere.
3402 713 3631 770 Constat

2046 805 2193 858 enim
2224 803 2413 858 ﬁdeles
2464 806 2892 875 circumquaque
2941 805 3223 876 degentes,
3268 807 3434 876 hujus
3474 823 3627 877 quae-

2047 895 2243 948 stionis
2272 903 2329 948 et
2379 894 2767 949 controversiae
2798 909 2962 949 causa
3008 895 3151 950 inter
3190 911 3248 950 se
3291 895 3623 960 conﬂictari,

2047 985 2404 1056 quotidieque
2433 1001 2463 1040 a
2489 1001 2548 1041 se
2574 986 2806 1040 invicem
2828 986 3036 1041 divelli.
3061 987 3264 1042 Verum
3287 997 3470 1042 autem
3499 1003 3625 1044 esse

2047 1076 2192 1143 quod
2251 1075 2510 1139 dicimus,
2568 1091 2636 1130 ex
2681 1075 2932 1144 ipsismet
2983 1074 3147 1129 rebus
3193 1075 3340 1129 haud
3400 1075 3626 1131 diﬁieile

2046 1167 2358 1235 perspicere
2389 1168 2539 1221 licet.
2567 1166 2703 1220 Nam
2729 1174 2785 1220 et
2811 1165 3080 1221 Occidens
3103 1207 3116 1231 ,
3158 1175 3214 1220 et
3247 1166 3531 1238 Egyptus,
3565 1178 3626 1224 et

2046 1257 2164 1326 ipsa
2187 1257 2417 1313 fortasse
2447 1257 2785 1317 Macedonia,
2813 1256 2882 1311 ab
2919 1272 2985 1311 ea
3014 1258 3216 1312 unione
3241 1273 3361 1312 sese
3397 1258 3625 1312 abrum-

2044 1362 2176 1416 pere
2205 1348 2588 1412 decreverunt,
2625 1363 2789 1418 quam
2819 1347 3116 1418 singularis
3144 1347 3240 1402 Dei
3264 1348 3628 1404 beneﬁcentia

2047 1453 2145 1507 per
2179 1439 2382 1494 multos
2414 1447 2731 1493 sanctorum
2774 1439 3018 1503 Patrum,
3070 1439 3482 1508 celebriumque
3507 1439 3627 1509 cpi-

2046 1544 2360 1600 scoporum,
2391 1539 2447 1585 et
2495 1531 2773 1600 praecipue
2812 1547 2911 1600 per
2961 1531 3297 1586 sanctissimi
3335 1532 3628 1602 magnique

2049 1619 2197 1674 illius
2256 1620 2434 1674 Patris
2481 1620 2656 1674 nostri
2709 1620 2892 1674 Acacii
2955 1620 3186 1674 sudores
3235 1620 3630 1691 molestiasque

2050 1709 2329 1764 communi
2355 1710 2615 1764 Ecclesia:
2640 1708 2865 1765 utilitati
2891 1711 3214 1780 impertivit.
3239 1711 3392 1778 Quis,
3416 1727 3624 1782 quaeso,

369 1799 562 1852 λάϐεια
602 1801 902 1870 κέκτηται,
960 1800 1056 1854 καὶ
1102 1798 1260 1852 τοῦτο
1305 1799 1442 1870 ὑπὲρ
1483 1797 1806 1862 εὐσταθείας
1850 1801 1943 1852 καὶ

2049 1800 2443 1871 reprehendat,
2501 1801 2547 1855 si
2599 1817 2814 1871 eaquae
2864 1802 3058 1867 sentis,
3111 1803 3288 1859 libere
3344 1805 3628 1874 exponas?

368 1893 591 1964 είρήνης
643 1891 1062 1963 οἰκουμενικῆς;
1107 1891 1171 1944 Ei
1222 1891 1369 1946 δοκεῖ
1425 1893 1503 1955 δὲ,
1543 1890 1712 1946 καλοῦ
1769 1909 1950 1962 παρα-

367 1983 660 2054 δείγματος
691 1984 770 2046 είς
792 1983 989 2053 καιρὸν
1028 1985 1334 2052 ἀπομνήσω
1362 2000 1420 2036 σε
1449 2022 1465 2043 ,
1495 1975 1556 2034 οὗ
1584 1981 1844 2052 βούλομαί
1884 1999 1944 2034 σε

368 2075 464 2128 καὶ
497 2073 823 2144 μεμνῆσθαι.
866 2073 999 2126 Οὐδὲ
1027 2073 1136 2145 γὰρ
1168 2074 1358 2145 χρόνος
1381 2073 1550 2138 πολύς
1594 2075 1765 2138 ἐστιν,
1797 2073 1858 2137 ἐξ
1881 2066 1943 2126 οὗ

367 2165 498 2235 παρ’
534 2165 668 2235 ἡμῖν
713 2163 1080 2234 συμϐέϐηκεν,
1127 2163 1268 2218 ὥστε
1294 2165 1427 2219 αὐτὸ
1457 2166 1552 2218 καὶ
1593 2164 1733 2237 λήθῃ
1768 2181 1945 2235 παρα-

366 2254 604 2326 δοθῆναι.
636 2255 933 2326 Μέμνησαί
960 2272 1062 2308 που
1095 2256 1313 2319 πάντως
1356 2255 1450 2309 τοῦ
1479 2256 1750 2326 μακαρίου
1797 2256 1944 2310 Παύ-

367 2345 460 2399 λου
491 2357 514 2386 θ
538 2345 633 2400 τοῦ
663 2346 988 2408 ἐπισκόπου,
1019 2348 1078 2401 ἐν
1106 2347 1363 2418 ἐξηγήσει
1396 2350 1642 2412 εἰπόντος
1669 2367 1722 2402 τι
1743 2350 1852 2403 τῶν
1881 2350 1942 2402 οὐ

366 2438 634 2504 δοξάντων
681 2437 862 2500 καλῶς
905 2440 1158 2510 εἰρῆσθαι
1208 2440 1410 2511 πρώτῳ
1463 2442 1524 2493 τέ
1559 2459 1668 2507 σοι,
1719 2443 1797 2512 τῷ
1849 2443 1944 2496 καὶ

369 2529 879 2601 παρῤησιασαμένῳ
926 2531 1048 2583 κατ’
1087 2533 1295 2584 ἐκεῖνον
1325 2533 1416 2584 τὸν
1466 2533 1656 2604 καιρὸν
1683 2573 1698 2598 ,
1750 2533 1943 2587 ἔπειτα

370 2619 468 2674 ml.
497 2621 632 2674 πᾶσι
659 2621 1073 2684 τοῖςάκούσασι
1097 2638 1112 2654 ’
1144 2624 1236 2675 καὶ
1265 2623 1414 2686 ὅπως
1457 2625 1664 2688 ἐκεῖνος
1693 2625 1946 2696 αἰσθόμε-

370 2729 458 2776 νος
493 2713 594 2782 τῆς
625 2713 830 2784 βλάϐης
870 2715 962 2767 καὶ
995 2714 1096 2784 τῆς
1133 2716 1413 2786 ταραχῆς,
1448 2718 1512 2787 ἢν
1540 2719 1568 2770 ὁ
1615 2717 1812 2788 μικρὸς
1844 2719 1942 2770 ἐν-

375 2801 880 2872 εποίησε-θόρυϐος,
917 2803 1180 2874 ἐννοήσας
1201 2803 1326 2874 ὼςὴ
1354 2805 1567 2875 ταραχὴ
1593 2807 1808 2878 ποιήσει
1831 2807 1946 2860 διά-

371 2910 586 2960 στασιν,
631 2894 833 2964 μᾶλλον
865 2894 922 2947 δέ
959 2895 1055 2948 καὶ
1103 2895 1421 2950 ἀντίστασιν
1445 2936 1460 2960 ,
1509 2897 1807 2964 φιλούντων
1834 2899 1944 2952 τῶν

369 2984 694 3056 ἀνθρώπων,
746 2987 797 3039 εί
851 2985 1108 3058 τοιαύτης
1151 2985 1433 3058 δράξοιντο
1479 2989 1770 3059 ἀφορμῆς,
1815 2991 1944 3060 τῇδε

2047 1892 2162 1946 lmo
2190 1907 2322 1947 vero
2350 1893 2476 1962 quis
2499 1893 2756 1948 laudibus
2784 1910 2895 1948 non
2915 1894 3130 1959 efferat,
3161 1896 3208 1950 si
3237 1910 3441 1950 nomen
3469 1898 3630 1967 cujus

2048 2000 2270 2040 sensum
2304 1985 2483 2054 pietas
2525 1992 2638 2050 tua,
2673 1996 2732 2039 ut
2761 1987 3138 2054 cognovimus,
3177 1985 3450 2055 possidet,
3497 2001 3628 2055 pro-

2045 2085 2167 2144 pter
2194 2075 2468 2145 publicam
2491 2075 2731 2144 quietem
2763 2090 3221 2144 communemque
3249 2074 3404 2130 orbis
3435 2091 3626 2145 pacem

2046 2166 2329 2220 admittat?
2349 2165 2507 2232 Quod
2531 2166 2577 2219 si
2604 2165 2844 2230 videtur,
2869 2165 3282 2235 perpulchrum,
3308 2176 3366 2222 et
3392 2167 3460 2222 ad
3481 2183 3614 2236 pra:-

2046 2267 2256 2313 sentem
2313 2258 2746 2313 controversiam
2795 2265 3270 2327 peropportunum
3314 2260 3626 2329 exemplum

2049 2350 2144 2404 tibi
2177 2349 2281 2404 hoc
2307 2350 2428 2405 loco
2458 2349 2514 2403 in
2548 2357 2788 2404 mentem
2824 2347 3105 2412 reducam,
3135 2349 3290 2419 cujus
3319 2356 3373 2403 te
3406 2364 3626 2420 quoque

2046 2441 2359 2496 meminisse
2383 2440 2570 2496 velim.
2597 2439 2883 2509 Temporis
2904 2439 3076 2504 enim,
3096 2455 3161 2494 ex
3183 2455 3292 2510 quo
3311 2439 3446 2494 illud
3478 2440 3625 2510 apud

2045 2550 2146 2589 nos
2177 2534 2399 2597 accidit,
2451 2533 2590 2588 adeo
2628 2533 2862 2587 multum
2907 2547 3019 2586 non
3044 2531 3376 2598 intercessit,
3408 2541 3469 2588 ut
3511 2535 3625 2605 jam

2045 2627 2228 2681 animo
2255 2625 2510 2680 excidere
2546 2624 2812 2694 potuerit.
2847 2623 3109 2678 Memoria
3146 2623 3294 2678 baud
3342 2623 3510 2678 dubie
3541 2633 3625 2678 te-

2045 2733 2164 2781 nes,
2193 2733 2316 2772 cum
2360 2717 2522 2771 beato
2557 2715 2727 2770 Paulo
2780 2713 2857 2784 (Ἰ)
2909 2713 2962 2767 in
3007 2714 3350 2783 expositione
3389 2714 3624 2784 quadam

2044 2807 2337 2862 excidisset
2373 2807 2656 2877 quiddam,
2684 2804 2832 2875 quod
2863 2804 2962 2858 tibi
2995 2803 3049 2858 in
3078 2806 3291 2874 primis,
3320 2806 3415 2876 qui
3441 2821 3540 2875 per
3570 2805 3624 2860 id

2046 2908 2264 2968 tempus
2309 2898 2525 2953 caeteris
2578 2897 2808 2951 liberius
2839 2895 3033 2965 egisti,
3075 2905 3188 2950 tum
3235 2897 3358 2951 aliis
3407 2911 3628 2966 quoque

2045 2990 2304 3044 omnibus
2334 2989 2427 3060 qui
2449 2988 2758 3052 audierant,
2787 3003 2896 3042 non
2923 2996 3069 3042 recte
3090 2987 3297 3042 dictum
3315 2987 3626 3054 videbatur;

370 3076 594 3129 κάκεῖσε
627 3077 983 3148 διαιρεῖσθαι,
1021 3079 1117 3131 καὶ
1142 3079 1241 3149 τὴν
1267 3079 1583 3134 ἀντίστασιν
1612 3079 1817 3148 αὔξειν,
1851 3082 1943 3137 τὸν

2047 3095 2158 3150 quo
2203 3087 2363 3149 pacto
2419 3079 2530 3143 ille,
2578 3086 2939 3149 posteaquam
2991 3079 3252 3134 damnum
3305 3080 3630 3148 turbamque

366 3163 626 3220 δοκοῦντα
663 3166 870 3238 βραχὺν
909 3163 1052 3222 εἶναι
1085 3167 1178 3222 τοῦ
1224 3168 1523 3223 σκανδάλου
1571 3169 1847 3242 σπινθῆρα
1873 3189 1886 3204 ν
1916 3171 1946 3225 ὃ

369 3256 450 3327 δὴ,
476 3257 573 3310 καὶ
601 3261 733 3330 παρ’
768 3261 902 3330 ἡμῖν
949 3259 1045 3315 νύν
1072 3261 1364 3331 γεγένηται
1390 3278 1404 3291 ·
1447 3261 1596 3324 ὅπως
1628 3262 1658 3313 ὁ
1697 3265 1945 3330 γενναῖος

368 3347 577 3420 ἐκεῖνος
623 3349 864 3416 ἀναστὰς
910 3351 972 3405 οὐ
1021 3352 1163 3421 μετὰ
1197 3353 1402 3418 πολλὰς
1423 3353 1644 3424 ἡμέρας
1665 3393 1680 3419 ,
1713 3354 1774 3407 τὸ
1810 3353 1941 3424 παρ’

367 3442 534 3497 αὐτοῦ
570 3443 850 3515 παραχθέν
899 3443 920 3484 ι
953 3445 1394 3518 ἀνερυθριάστως
1432 3446 1525 3498 ἐπὶ
1555 3445 1811 3516 χρησίμῳ
1842 3447 1944 3513 τῆς

381 3531 707 3602 Ἐκκλησίας
735 3534 1085 3606 διωρθώσατο
1102 3552 1116 3566 ·
1139 3537 1234 3589 καὶ
1248 3536 1706 3606 διορθωσάμενος,
1730 3553 1942 3604 παραυ-

367 3620 496 3674 τίκα
519 3622 863 3693 ἀπετρίψατο
885 3624 986 3695 τὴν
1017 3624 1140 3678 καθ’
1172 3625 1336 3678 αὑτοῦ
1358 3628 1644 3694 γεγονυῖαν
1669 3625 1942 3698 διαϐολὴν,

366 3710 430 3763 οὐ
459 3709 821 3781 λογισάμενος
845 3708 987 3769 εἷναί
1015 3731 1067 3768 τι
1109 3715 1309 3787 σαθρὸν
1333 3715 1434 3789 τήν
1464 3715 1773 3787 δίορθωσιν.
1808 3719 1946 3771 Καί-

364 3817 449 3855 τοι
478 3800 696 3856 πάντων
719 3802 939 3858 εἰδότων
968 3807 1089 3875 μὲν,
1111 3806 1187 3871 ὡς
1217 3805 1434 3879 σαθρῶς
1463 3807 1597 3878 παρ’
1623 3805 1788 3861 αὐτοῦ
1818 3807 1940 3862 ἐλέ-

366 3889 468 3962 χθη
497 3890 560 3944 τὸ
590 3891 800 3962 λεχθὲν,
834 3893 1259 3960 ἀποδεξαμένων
1293 3896 1351 3950 δὲ
1396 3898 1561 3955 αὐτὸν
1601 3899 1706 3970 τῆς
1730 3915 1944 3971 παραυ·

366 3980 498 4034 τίκα
525 3981 918 4052 μεταστάσεως
946 3983 996 4037 ⁸.

2050 3187 2173 3240 qua:
2193 3170 2422 3240 exiguus
2443 3178 2626 3224 motus
2643 3179 2953 3239 pepererat,
2971 3169 3398 3232 considerasset,
3424 3185 3630 3240 expen-

2049 3261 2353 3330 dissetqu‘e,
2395 3258 2667 3328 ejusmodi
2722 3257 3180 3312 tumultuationes
3228 3266 3426 3322 sectas,
3465 3259 3628 3314 dissi-

2049 3355 2246 3423 diaque
2275 3364 2539 3420 generare
2573 3362 2732 3418 posse
2758 3347 2959 3418 (solent
2981 3363 3218 3417 namque
3245 3348 3500 3404 homines
3525 3349 3628 3404 hu~

2043 3442 2283 3514 jusmodi
2297 3448 2513 3508 arrepta
2530 3437 2816 3493 occasione
2840 3437 2986 3491 ultro
3003 3437 3252 3508 citroque
3279 3438 3624 3505 tumultuari,

2047 3544 2210 3604 atque
2247 3549 2278 3586 a
2325 3545 2384 3586 se
2430 3538 2625 3584 mutuo
2677 3528 2948 3600 sejungi);
2995 3529 3286 3600 cogitasset
3333 3537 3624 3600 praeterea,

2037 3638 2260 3695 parvam
2289 3620 2608 3678 oﬁensionis
2635 3619 2930 3675 scintillam
2977 3635 3236 3690 magnum
3278 3634 3424 3690 saepe
3462 3619 3623 3674 fomi-

2039 3725 2148 3771 tem
2193 3712 2490 3768 discordiis
2535 3711 2956 3766 subministrare
3024 3710 3207 3781 (quod
3259 3711 3426 3766 etiam
3472 3727 3623 3766 nunc

2039 3803 2184 3874 apud
2216 3818 2318 3857 nos
2351 3817 2456 3856 usu
2482 3800 2699 3855 venisse
2743 3800 3043 3870 cernimus)
3067 3840 3082 3866 ,
3112 3818 3221 3856 non
3252 3812 3376 3871 post
3419 3806 3624 3862 multos

2040 3896 2160 3951 dies
2185 3905 2452 3964 generose
2481 3890 2538 3944 in
2573 3889 2818 3943 medium
2863 3904 3206 3959 progressus,
3241 3891 3295 3944 id
3333 3893 3478 3960 quod
3502 3910 3534 3949 a
3563 3911 3624 3950 se

2040 3986 2251 4042 dictum
2265 3982 2465 4046 fuerat,
2493 3981 2549 4035 in
2577 3980 2810 4050 gratiam
2847 3980 3124 4043 Ecclesiae,
3151 3980 3290 4034 nihil
3317 3983 3622 4053 quidquam

365 4075 576 4129 veritus
613 4077 953 4143 correxerit;
1021 4077 1277 4153 factaque
1338 4079 1750 4147 emendatione,
1797 4099 2014 4139 omnem
2053 4095 2178 4137 mox
2227 4075 2558 4163 calumniam
2611 4074 2903 4128 adversum
2953 4089 3012 4128 se
3068 4073 3356 4128 excitatam
3401 4077 3624 4144 penitus

365 4164 711 4222 exstinxerit.
747 4166 816 4222 Et
841 4167 1094 4237 quamvis
1122 4181 1285 4224 nemo
1304 4169 1553 4227 nesciret
1575 4171 1723 4236 quod
1747 4172 1816 4227 ab
1852 4174 1946 4228 illo
1983 4173 2194 4228 dictum
2214 4175 2355 4231 erat,
2383 4162 2567 4220 minus
2627 4173 2774 4218 recte
2805 4163 3128 4230 sincereque
3187 4162 3394 4219 dictum
3419 4165 3618 4228 fuisse;

366 4268 606 4315 attamen
627 4260 774 4330 quod
808 4269 1062 4331 prompte
1095 4261 1151 4315 id
1179 4271 1500 4318 retractaret
1525 4264 1672 4334 quod
1703 4265 1938 4333 dixerat,
1973 4267 2256 4323 hominem
2287 4260 2472 4318 statim
2497 4258 2766 4328 complexi
2801 4266 2931 4311 sunt
2960 4242 3169 4311 omnes.

433 4355 497 4408 δ’.
543 4353 684 4422 Ἐγὼ
714 4354 772 4406 δέ
800 4371 894 4407 σου
924 4356 1026 4426 τὴν
1053 4355 1367 4410 θεοσέϐειαν
1401 4359 1504 4412 οὐκ
1531 4360 1626 4412 ἐπὶ
1651 4360 1940 4433 διαϐεϐλη-

370 4444 503 4515 μένῃ
549 4445 876 4515 μεταστάσει
925 4444 1020 4498 τοῦ
1071 4445 1232 4516 λόγου
1285 4447 1582 4518 προτρέπω
1606 4490 1621 4515 ,
1655 4448 1780 4504 οὔτε
1832 4452 1940 4522 μὴν

367 4534 699 4605 ἐναντιότητι
727 4535 1098 4606 μειρακιώδει,
1123 4537 1200 4602 ὼς
1217 4539 1283 4593 ἄν
1303 4555 1391 4603 τις
1415 4540 1559 4593 εῐποι
1576 4555 1590 4569 ⁸
1619 4540 1734 4594 ἀλλ’
1751 4543 1935 4615 ἐπειδή

365 4643 447 4679 σοι
483 4625 745 4689 πολλάκις
783 4627 891 4698 πρὸ
920 4627 1119 4681 πολλοῦ
1159 4629 1185 4668 1³
1217 4630 1434 4702 εἴρηται
1457 4670 1472 4694 ,
1502 4629 1578 4694 ὡς
1612 4631 1936 4702 μεμαθήκα-

2118 4361 2171 4414 4.
2206 4359 2319 4428 Ego
2337 4370 2471 4412 vero
2497 4370 2610 4409 non
2633 4354 2701 4408 ad
2733 4353 3058 4423 probrosam
3091 4355 3329 4423 aliquam
3353 4355 3621 4411 orationis

2044 4449 2443 4506 correctionem
2469 4487 2484 4512 ,
2519 4460 2699 4515 neque
2743 4444 2811 4499 ad
2858 4444 3128 4514 puerilem
3162 4444 3518 4515 palinodiam,
3559 4457 3620 4502 ut

2044 4543 2124 4598 sic
2156 4542 2368 4609 loquar,
2396 4539 2658 4609 pietatem
2708 4547 2855 4592 tuam
2904 4537 3077 4593 invito
3103 4555 3116 4591 :
3141 4537 3238 4593 sed
3271 4539 3400 4608 quia
3423 4539 3616 4603 multi,

2045 4642 2106 4687 ut
2129 4630 2394 4700 intelligo,
2420 4644 2530 4684 non
2568 4627 2946 4697 infrequenter
2970 4645 3037 4682 ex
3073 4635 3126 4683 te
3151 4627 3448 4684 audierunt
3468 4631 3617 4699 quod

367 4733 486 4786 μεν,
512 4716 588 4780 ὡς
629 4717 731 4770 οὐκ
773 4691 1179 4788 ἐκτρεπόμενος
1213 4691 1782 4792 τῆνέὐσεϐῆνταύτην
1821 4691 1936 4777 διά-

2045 4725 2212 4794 ipsam
2244 4723 2415 4778 solam
2440 4735 2652 4784 vocem,
2687 4735 2799 4774 non
2823 4718 2970 4788 piam
2992 4735 3213 4790 quoque
3248 4720 3422 4791 ipsius
3463 4721 3618 4775 vocis

363 4825 531 4874 νοιαν,
562 4808 726 4877 μόνον
764 4807 824 4861 τὸ
848 4807 1019 4878 ὄνομα
1047 4813 1289 4880 παραιτῇ
1309 4827 1322 4841 ο
1351 4813 1401 4863 εἰ
1431 4811 1490 4864 δέ
1515 4812 1597 4864 σοί
1633 4829 1779 4876 τινες
1824 4814 1935 4870 τῶν

2045 4815 2321 4870 notionem
2369 4810 2642 4868 averseris
2677 4811 2764 4864 :si
2793 4811 2888 4880 qui
2931 4827 3066 4866 vero
3110 4811 3430 4867 celebrioris
3456 4811 3615 4865 fama:

360 4900 419 4952 ἐν
439 4903 505 4970 τῇ
547 4898 841 4970 Ἐκκλησία
868 4899 1156 4970 ἐπισήμων
1185 4902 1280 4954 καὶ
1307 4899 1464 4955 τοῦτο
1489 4901 1793 4966 ὑπόθοιντο,
1837 4904 1938 4957 οὑκ

2045 4905 2391 4960 ecclesiastici
2438 4913 2692 4958 auctores
2739 4902 2837 4958 tibi
2881 4902 3089 4959 fuerint
3134 4911 3193 4958 ut
3233 4903 3354 4971 ipso
3391 4917 3610 4972 quoque

362 4992 429 5045 ἂν
453 4993 692 5064 παραιτή
701 5009 821 5045 σαιο
841 4993 1231 5057 ἀνενδοιάστως
1251 4994 1346 5048 καὶ
1371 4994 1632 5047 Θεοτὸκον
1655 4995 1754 5064 τὴν
1772 4995 1936 5062 ἁγίαν

2045 4997 2255 5051 nomine
2285 4996 2548 5058 admisso,
2588 5009 2800 5049 sacram
2824 4993 3095 5063 virginem
3142 4993 3364 5046 Mariam
3407 4991 3609 5061 Deipa-

361 5084 636 5154 Παρθένον
664 5087 862 5138 εἰπεῖν.
907 5084 1112 5141 Τούτου
1144 5086 1307 5140 ἕνεκα
1333 5086 1428 5137 ἐπὶ
1452 5086 1610 5140 τόσον
1655 5088 1670 5126 i
1706 5104 1764 5139 σε
1795 5105 1934 5159 προ-

2045 5103 2150 5141 ram
2177 5088 2440 5157 appelles,
2467 5095 2517 5142 te
2539 5085 2686 5140 istud
2711 5085 3030 5153 neutiquam
3059 5091 3440 5138 recusaturum
3461 5097 3604 5138 esse.

356 5175 544 5245 τρέπω
573 5179 959 5247 προσενεγκεῖν
986 5176 1033 5240 i,
1064 5177 1464 5247 ἐκκαλούμενος
1503 5177 1643 5247 ὅπερ
1678 5179 1932 5250 μεμαθή-

2045 5179 2183 5234 llanc
2201 5181 2272 5234 ob
2298 5195 2413 5234 rem
2437 5188 2490 5234 te
2515 5193 2712 5234 moneo
2764 5177 3082 5243 hortorque,
3109 5181 3171 5228 ut
3194 5173 3368 5228 libera
3396 5173 3451 5228 id
3471 5188 3608 5229 voce

1434 5339 1608 5395 Varize
1631 5339 1895 5395 lectiones
1929 5340 2137 5397 codicis
2168 5337 2530 5410 Seguieriani.

1447 5451 1464 5489 τ
1509 5450 1720 5520 λεχθὲν.
1821 5454 1846 5491 ⁵
1882 5451 2203 5520 μεταϐολῆς.
2301 5453 2327 5492 ιι
2367 5448 2502 5520 πρὸς
2552 5445 2796 5510 πολλοὺς.
2899 5448 2914 5487 ί
2960 5444 3022 5499 τδ
3075 5447 3182 5499 σὺν.

421 5442 452 5530 ς
490 5445 609 5516 εἴσῃ
669 5447 872 5516 σαφῶς.

356 5531 490 5568 κειν.

979 5460 1001 5487 ⁶
1039 5449 1336 5522 Θεοδώρου.
1447 5451 1464 5489 τ
1509 5450 1720 5520 λεχθὲν.
1821 5454 1846 5491 ⁵
1882 5451 2203 5524 μεταϐολῆς.
2301 5453 2327 5492 ιι
2367 5449 2502 5520 πρὸς
2552 5449 2796 5510 πολλοὺς.
2899 5449 2914 5487 ί
2960 5449 3022 5499 τὸ
3075 5449 3182 5499 σὺν.
3287 5451 3300 5493 't
3349 5458 3606 5518 προενεγ-

1862 5602 2091 5664 ΝΟΤΛΕ.

423 5692 502 5765 (1)
528 5692 809 5760 Theodoro,
842 5708 910 5748 ex
933 5709 1034 5748 ms.
1055 5693 1424 5772 Segueriano.
