4076 6432
465 304 490 353 1
502 301 607 357 455

1560 293 1842 351 IOANNIS
1880 244 2297 347 ΑΝτιοὲιιΕΝι
2337 289 2645 346 EPISCOPI

3569 290 3590 342 l
3612 285 3715 342 $36

438 427 777 497 ~-depromas,
803 421 951 493 quod
985 422 1123 477 citra
1161 434 1409 475 errorem
1439 434 1632 489 sapere
1661 424 1815 471 certe
1840 415 2039 485 digno-

2145 430 2318 484 καμεν
2352 413 2426 484 μὴ
2451 411 2873 481 διασφάλλεσθαί
2902 428 2960 464 τε
2994 410 3319 483 φρονοῦντα,
3352 390 3716 478 προττιίῖἐντα

464 517 664 572 sceris.
692 518 826 585 Age,
863 514 1109 582 inquam,
1142 513 1218 565 rei
1244 527 1409 582 quam
1456 520 1605 566 recte
1638 518 1814 573 tenes,
1837 522 2039 563 nomen

462 607 610 678 quod
637 622 667 661 a
695 605 884 660 multis
910 620 1050 674 sa:pe
1094 604 1349 658 Patribus
1392 611 1737 672 usurpatum,
1773 600 2040 670 scriptum

463 711 526 751 ac
550 695 965 766 pronuntiatum
993 702 1097 758 est,
1128 693 1426 764 adjungerc
1449 708 1517 747 ne
1547 690 1787 763 graveris
1821 708 1832 742 :
1862 704 2041 759 neque

465 787 789 843 vocabulum
810 826 824 850 ,
853 786 999 855 quod
1039 786 1184 856 piam
1215 794 1529 855 rectamque
1562 784 1844 840 notionem
1871 782 2040 838 animi

446 878 751 947 exprimit,
813 876 1053 932 refutare
1111 890 1322 946 pergas.
1387 876 1603 930 Etenim
1655 889 1856 930 nomen
1911 874 2037 938 hoc,

464 969 762 1033 Theotocos,
790 968 977 1023 nullus
1022 981 1266 1036 unquam
1305 966 1808 1022 ecclesiasticarum
1851 964 2041 1020 docto-

464 1074 586 1112 rum
633 1056 966 1127 repudiavit.
995 1056 1099 1123 Qui
1143 1056 1293 1110 enim
1340 1056 1436 1108 illo
1463 1057 1548 1110 usi
1580 1063 1729 1119 sunt,
1781 1061 1838 1108 et
1879 1053 2037 1108 multi

465 1148 841 1217 reperiuntur,
878 1153 935 1200 et
974 1146 1222 1216 apprime
1264 1145 1511 1199 celebres
1545 1162 1556 1197 :
1589 1144 1684 1213 qui
1726 1159 1856 1198 vero
1901 1142 2038 1197 illud

464 1254 575 1293 non
610 1246 969 1308 usurparunt,
1013 1251 1297 1306 nunquam
1322 1236 1533 1290 erroris
1568 1236 1805 1306 alicujus
1827 1249 1925 1289 eos
1949 1235 2036 1287 in-

464 1331 819 1393 simularunt,
845 1328 940 1398 qui
972 1328 1066 1382 illo
1091 1327 1174 1381 usi
1200 1335 1349 1381 sunt.
1379 1326 1521 1381 Sane
1547 1326 1677 1380 dum
1704 1337 2037 1393 supervaca-

464 1436 567 1477 nea
606 1420 843 1490 quadam
885 1420 953 1474 ad
998 1433 1167 1473 vanas
1208 1417 1598 1472 haereticorum
1625 1416 1916 1485 opiniones
1945 1429 2037 1468 so-

464 1514 579 1567 lum
631 1521 917 1581 spectante
963 1509 1285 1565 curiositate
1343 1509 1576 1570 incitati,
1635 1522 1837 1561 nomen
1878 1506 2039 1576 cujus

457 1603 793 1658 Sententiam
836 1609 985 1656 recte
1012 1610 1262 1656 tenemus
1281 1641 1294 1663 ,
1317 1599 1676 1669 pertinaciter
1702 1596 2035 1666 respuimus;

464 1694 615 1749 aliud
634 1694 793 1757 nihil,
822 1702 884 1747 ut
909 1692 1147 1755 videtur,
1174 1692 1424 1754 facimus,
1447 1704 1612 1759 quam
1639 1688 1789 1759 quod
1803 1687 2039 1741 fratrum

464 1793 781 1839 nostrorum
821 1781 1189 1836 conscientias
1220 1788 1279 1834 et
1313 1787 1543 1841 temere,
1598 1784 1655 1830 et
1686 1776 1892 1844 absque
1928 1774 2038 1827 ulla
2074 1756 2112 1812 Β

465 1876 703 1931 utilitate
751 1874 991 1944 graviter
1027 1871 1233 1926 offendi
1279 1885 1393 1925 non
1433 1883 1597 1939 grave
1634 1867 1909 1922 ducimus.
1948 1866 2041 1919 Et-

462 1968 610 2043 enim
634 1967 679 2021 si
711 1964 765 2019 id
793 1963 938 2034 quod
956 1963 1199 2017 nominis
1218 1960 1621 2032 signiﬁcatione
1653 1957 1909 2021 oﬂertur,
1930 1971 2041 2011 non

460 2058 783 2129 recipimus,
819 2064 989 2110 restat
1028 2063 1089 2108 ut
1126 2054 1182 2107 in
1211 2051 1597 2123 gravissimum
1624 2063 1871 2105 errorem
1914 2062 2042 2117 pro-

464 2151 742 2211 labamur;
776 2148 888 2202 imo
919 2159 1071 2209 vero,
1107 2154 1170 2200 ut
1204 2141 1647 2213 inexplicabilem
1673 2140 1822 2194 illam
1849 2139 2042 2208 unige-

464 2240 567 2295 niti
595 2240 714 2295 Filii
750 2239 847 2295 Dei
875 2237 1236 2293 oeconomiam
1271 2235 1607 2303 abnegemus
1640 2250 1655 2286 :
1691 2230 2040 2303 quandoqui-

465 2332 613 2395 dem,
646 2330 869 2385 nomine
898 2330 1004 2398 hoe
1033 2327 1272 2392 sublato,
1296 2327 1382 2380 vel
1404 2326 1569 2396 hujus
1588 2324 1775 2394 potius
1798 2322 2043 2377 nominis

436 2422 690 2477 'nutione
736 2420 1046 2490 repudiata,
1097 2417 1349 2488 sequitur
1391 2431 1517 2469 mox
1566 2414 1722 2467 illum
1766 2427 1876 2467 non
1919 2426 2043 2466 esse

467 2513 659 2577 Deum,
697 2511 792 2582 qui
823 2509 1206 2565 admirabilem
1241 2509 1390 2562 illam
1431 2504 1899 2576 dispensationem
1939 2518 2043 2558 no-

466 2612 591 2658 stra:
632 2603 827 2658 salutis
858 2616 1024 2655 causa
1057 2599 1332 2669 suscepit;
1365 2608 1480 2653 tum
1530 2596 1626 2653 Dei
1659 2595 1900 2650 Verbum
1947 2609 2045 2649 ne-

464 2703 571 2759 que
615 2703 674 2743 se
722 2687 1111 2751 exinanivisse,
1164 2700 1343 2755 neque
1381 2685 1435 2739 in
1469 2684 1615 2739 servi
1661 2683 1892 2738 formam
1923 2697 2044 2738 sese

466 2778 784 2841 demittens,
828 2777 1162 2832 iuell‘abilem
1189 2776 1480 2846 quamdam
1526 2774 1886 2844 benignitatis
1924 2789 2043 2828 ma-

465 2869 811 2941 gnitudinem
839 2870 1079 2923 humano
1110 2868 1299 2938 generi
1325 2867 1643 2922 exhibuisse
1664 2907 1679 2932 ,
1713 2882 1838 2923 cum
1861 2878 2044 2922 tamen

465 2962 566 3016 Dei
598 2975 731 3031 erga
780 2976 880 3015 nos
924 2960 1273 3015 clementiam
1322 2960 1522 3015 divinas
1574 2960 1875 3029 Scriptura:
1913 2959 2046 3015 hinc

2140 504 2195 555 δὲ
2230 504 2381 573 ρἧα
2410 505 2695 573 πράγματα
2738 503 2833 556 καὶ
2873 502 3045 573 δνομα
3068 501 3283 563 πολλοῖς
3312 500 3421 552 τῶν
3453 498 3716 569 Πατέρων

2141 593 2235 646 καὶ
2268 593 2538 656 συντεθὲν,
2559 593 2654 647 καὶ
2684 591 2915 660 γραφὲν,
2943 592 3037 645 καὶ
3060 590 3225 661 ῥηθέν
3241 606 3253 618 ·
3277 590 3372 642 καὶ
3405 588 3481 659 μὴ
3506 605 3716 658 παραι-

2139 684 2407 755 τήσασθαι
2429 685 2582 757 ῥῆμα
2601 684 2736 747 ὅλως
2765 682 2864 753 τὴν
2893 682 3035 736 κατὰ
3059 681 3236 752 ψυχὴν
3259 680 3481 750 ἐλέγχον
3509 678 3715 749 εύσεῧῆ

2139 776 2399 830 διάνοιαν.
2433 775 2601 829 Τοῦτο
2626 774 2736 846 γὰρ
2758 773 2821 828 τὸ
2859 774 3037 846 ὄνομα
3057 772 3234 835 οὐδεὶς
3273 770 3386 825 τῶν
3415 770 3714 839 ἐκκλησια-

2144 868 2342 921 στικῶν
2383 866 2719 921 διδασκάλων
2769 864 3106 935 παρῄτηται.
3148 864 3217 916 Οἵ
3241 880 3302 915 τε
3355 861 3466 932 γάρ
3500 861 3718 932 χρησά-

2144 976 2296 1029 μενοι
2327 957 2485 1027 αὐτῷ
2500 957 2689 1012 πολλοὶ⁵
2718 957 2812 1011 καὶ¹
2840 957 3128 1026 ἐπίσημοι,
3161 955 3213 1008 οἵ
3234 971 3292 1006 τε
3324 953 3401 1024 μὴ
3429 953 3719 1023 χρησάμε-

2140 1067 2221 1103 νοι
2277 1051 2377 1103 οὐκ
2418 1048 2746 1103 ἐπελάϐοντο
2786 1047 2898 1101 τῶν
2946 1047 3332 1117 χρησαμένων.
3374 1044 3485 1098 Καὶ
3533 1044 3718 1113 μάτην

2138 1144 2337 1211 ἡμεῖς,
2378 1141 2454 1203 ὡς
2493 1141 2636 1193 ἔοικε
2660 1179 2675 1203 ,
2715 1139 2877 1209 δῆθεν
2914 1136 3202 1209 ἀκριϐείας
3241 1136 3504 1205 περιττῆς
3545 1135 3719 1188 ἕνεκα.

2141 1233 2278 1305 πρὸς
2323 1232 2605 1303 αίρετικὴν
2650 1230 2969 1294 κακοδοξίαν
3018 1230 3179 1299 μόνον
3236 1226 3573 1297 βλεπούσης,
3614 1227 3719 1289 τὰς

2143 1324 2479 1393 συνειδήσεις
2500 1322 2611 1374 τῶν
2642 1321 2889 1390 ἀδελφῶν
2913 1322 2994 1384 εἰς
3013 1321 3164 1373 οὐδὲν
3185 1319 3304 1372 δέον
3332 1317 3717 1388 πληττομένας

2140 1413 2507 1485 περιορῶμεν,
2553 1413 2723 1483 ὄνομα
2767 1412 3218 1484 παραιτούμενοι,
3259 1404 3321 1464 οὗ
3351 1410 3448 1481 τὴν
3474 1410 3719 1465 διάνοιαν

2140 1501 2199 1557 εὖ
2244 1504 2340 1558 καὶ
2389 1503 2570 1567 καλῶς
2615 1504 3053 1574 παραδεχόμεθα.
3090 1504 3153 1556 Ei
3203 1503 3313 1573 γὰρ
3360 1502 3422 1554 τὸ
3453 1502 3512 1567 ἐξ
3544 1501 3717 1556 αὐτοῦ

2142 1597 2541 1668 σημαινόμενον
2566 1595 2639 1666 μὴ
2660 1594 3100 1668 παραδεχόμεθα,
3124 1594 3368 1647 λείπεται
3390 1593 3521 1664 περὶ
3543 1592 3719 1646 πολλὰ

2141 1691 2288 1760 ἡμᾶς
2340 1687 2805 1756 διασφάὶλεσθαι,
2843 1686 3042 1755 μᾶλλον
3101 1686 3160 1738 δὲ
3203 1685 3539 1739 κινδυνεύειν
3585 1688 3722 1755 περὶ

2141 1780 2240 1849 τὴν
2275 1778 2513 1847 ἄρρητον
2561 1776 2875 1846 οἰκονομίαν
2927 1776 3022 1829 τοῦ
3064 1774 3391 1846 μονογενοῦς
3436 1776 3568 1829 Υίοῦ
3618 1775 3719 1828 τοῦ

2141 1870 2298 1923 Θεοῦ.
2339 1868 2720 1939 Ἀκολουθήσει
2748 1870 2857 1939 γὰρ
2882 1868 3044 1931 εὐθὺς
3072 1870 3139 1939 τῇ
3170 1866 3264 1921 τοῦ
3294 1867 3557 1938 ὀνόματος
3587 1868 3720 1921 τού-

2142 1980 2233 2017 του
2268 1961 2570 2032 ἀναιρέσει,
2598 1961 2694 2013 εἴτ’
2713 1957 2806 2014 οὖν
2828 1959 2905 2030 τῷ
2936 1959 2998 2024 ἐξ
3030 1958 3200 2013 αὑτοῦ
3222 1957 3630 2030 σημαινομένῳ,
3655 1958 3724 2012 τὸ

2146 2056 2282 2125 μήτε
2333 2053 2464 2107 Θεὸν
2511 2048 2649 2105 εἶναι
2676 2053 2764 2105 τὸν
2797 2051 2896 2123 τὴν
2944 2052 3183 2125 ἄρρητον
3230 2052 3545 2122 οἰκονομίαν
3577 2052 3724 2123 ὑπὲρ

2143 2146 2175 2213 ἡ
2184 2144 2301 2214 μῶν
2328 2143 2749 2214 ἀναδεξάμενον,
2775 2144 2911 2213 μήτε
2950 2142 3056 2211 μὴν
3079 2140 3171 2195 τὸν
3194 2141 3329 2195 Θεὸν
3355 2142 3528 2210 Δὸγον
3544 2141 3723 2195 κενώ-

2146 2252 2316 2289 σαντα
2349 2237 2540 2289 ἑαυτὸν
2578 2238 2658 2298 είς
2688 2235 2785 2305 τὴν
2809 2234 2900 2287 τοῦ
2928 2234 3117 2287 δούλου
3147 2234 3387 2306 μορφὴν,
3416 2234 3626 2302 ἄφατον
3666 2252 3724 2288 τι

2145 2327 2272 2397 περὶ
2330 2328 2476 2397 ἡμᾶς
2542 2326 2900 2395 ὲπιδεδεῖλθαι
2954 2325 3371 2397 φιλανθρωπίας
3427 2324 3661 2395 μέγεθος
3706 2340 3721 2353 ·

2144 2419 2288 2489 ἅπερ
2310 2418 2333 2459 ιι
2361 2420 2416 2472 αί
2432 2419 2571 2472 θεῖαι
2594 2419 2810 2489 Γραφαί
2830 2419 3067 2488 μάλιστα
3095 2418 3322 2488 κυροῦσι
3342 2417 3446 2489 τὴν
3470 2418 3552 2481 εἰς
3571 2418 3724 2487 ἡμᾶς

2145 2509 2575 2579 φιλανθρωπίαν,
2620 2511 2750 2563 ὅταν
2798 2510 2890 2563 τὸν
2930 2510 3259 2581 προαιώνιον
3295 2511 3393 2564 καὶ
3443 2511 3722 2564 συναΐδιρν

2145 2601 2239 2652 καὶ
2273 2602 2538 2670 μονογενῆ
2570 2600 2665 2654 τοῦ
2717 2600 2852 2653 Θεοῦ
2903 2600 3030 2655 ἱῖἰὸν
3056 2601 3151 2654 ἐπὶ
3188 2601 3289 2669 τὴν
3320 2602 3389 2654 ἐκ
3433 2599 3722 2671 Παρθένου

2145 2692 2396 2762 γέννησιν
2428 2693 2653 2756 ἀπαθῶς
2677 2692 2757 2762 τῷ
2784 2692 2930 2763 λόγῳ
2954 2693 3259 2759 κατάγωσι,
3294 2691 3438 2745 κατὰ
3473 2691 3535 2744 τὺ
3561 2692 3723 2761 εἰρη-

2150 2784 2310 2854 μένον
2338 2783 2416 2854 τῷ
2459 2783 2589 2852 Οείῳ
2624 2782 2933 2853 Ἀποστόλῳ
2957 2800 2972 2816 ο
3021 2801 3047 2833 ο
3094 2764 3509 2847 Ἐξαπέστειλεν
3529 2783 3559 2835 ὁ
3587 2782 3726 2845 Θεὸς

2148 2875 2238 2928 τὸν
2274 2875 2402 2928 Υίὸν
2434 2873 2600 2928 αὐτοῦ
2646 2874 2983 2944 γεννώμενον
3020 2871 3039 2912 1
3085 2875 3149 2927 ὲκ
3177 2874 3435 2943 γυναικός
3458 2891 3471 2906 ·
3516 2892 3536 2927 r
3587 2876 3729 2927 ἀπο-

2146 2964 2423 3018 δεικνύντι
2478 2964 2673 3033 σαφῶς.
2723 2965 2824 3033 τὴν
2859 2964 2954 3018 τοῦ
2983 2964 3320 3033 Μονογενοῦς
3349 2966 3415 3017 ἐκ
3440 2964 3725 3035 Παρθένου

466 3055 741 3125 praecipue
773 3052 1122 3117 conﬁrment,
1146 3052 1292 3123 quod
1320 3054 1545 3107 unicum
1574 3053 1731 3107 illum
1754 3053 2044 3120 sempiter-

2146 3054 2397 3123 γέννησιν
2418 3055 2670 3125 ἀρρήτως
2701 3062 2762 3118 ιιι,
2785 3054 2861 3116 ὡς
2888 3053 3101 3124 φθάσας
3124 3055 3285 3125 ἔφηνε
3301 3053 3419 3123 Ἀφ’
3444 3048 3515 3124 ἦς
3532 3055 3728 3125 γεννή-

467 3160 710 3216 numque
748 3145 847 3199 Dei
871 3144 1068 3199 Filium
1095 3152 1221 3198 ante
1246 3143 1431 3197 omnia
1463 3144 1662 3199 saecula
1696 3151 1906 3210 natum,
1935 3142 2044 3199 im-

2149 3161 2288 3208 σεως
2307 3145 2357 3197 εί
2383 3144 2843 3214 προσαγορεύοιτο
2867 3146 2900 3215 ἡ
2924 3146 3005 3198 Πα
3015 3145 3200 3216 ρθένος
3222 3144 3374 3217 παρὰ
3410 3144 3519 3198 τῶν
3548 3144 3731 3199 Πατέ-

466 3237 681 3309 patibili
707 3236 871 3293 modo
890 3252 957 3292 ex
985 3250 1137 3291 sacra
1163 3251 1383 3307 quoque
1404 3236 1626 3306 Virgine
1652 3245 1834 3291 ortum
1857 3244 2047 3291 osten-

466 3331 625 3385 dunt.
663 3328 784 3385 Huc
825 3343 1064 3399 namque
1092 3328 1317 3383 divinus
1352 3329 1529 3383 tendit
1565 3328 1885 3398 Apostolus,
1911 3329 2046 3384 dum

447 3421 544 3476 :ita
567 3420 645 3475 ait
677 3437 691 3473 :
727 3438 746 3470 σ
780 3419 928 3475 Misit
954 3419 1120 3474 Deus
1152 3417 1352 3473 Filium
1389 3433 1552 3473 suum
1591 3419 1797 3474 factum
1823 3434 1893 3473 ex
1918 3434 2043 3473 mu-

466 3510 606 3565 liere
625 3508 665 3561 ¹.
694 3526 716 3562 ι
742 3507 903 3565 Clare
930 3508 1023 3562 hic
1041 3507 1305 3571 ostendit,
1331 3507 1629 3576 ipsummet
1654 3508 1753 3563 Dei
1783 3508 2045 3578 Unigeni-

469 3606 586 3653 tum
610 3596 923 3653 admirabili
954 3608 1083 3651 ortu
1115 3609 1184 3650 ex
1213 3595 1438 3665 Virgine
1468 3595 1526 3650 in
1544 3595 1722 3651 lucem
1749 3595 2040 3665 prodiisse,

469 3698 534 3747 ut
558 3690 724 3760 paulo
751 3697 880 3743 ante
901 3686 1036 3742 dixi.
1050 3685 1208 3752 Quod
1233 3685 1279 3740 si
1310 3685 1478 3756 Virgo
1505 3702 1537 3740 a
1561 3685 1765 3742 sanctis
1790 3687 2048 3742 Patribus

468 3790 697 3853 propter
725 3779 866 3834 hanc
903 3778 1313 3848 generationem
1344 3776 1580 3847 Deipara
1607 3778 1946 3842 nominatur,
1986 3786 2049 3831 ut

452 3885 602 3926 Vere
632 3871 738 3925 hoc
764 3870 985 3924 nomine
1027 3869 1098 3924 ab
1149 3869 1261 3924 illis
1289 3869 1631 3934 nominatur,
1660 3869 1851 3925 nescio
1882 3883 2050 3939 quor-

471 3976 594 4016 sum
643 3960 951 4025 attinuerit,
984 3968 1047 4014 ut
1094 3961 1459 4030 quaestionem
1506 3961 1647 4017 hanc
1690 3973 2041 4030 nequaquam

469 4053 835 4109 necessariam
860 4054 1025 4122 (bona
1056 4052 1218 4107 venia
1262 4062 1356 4107 tua
1384 4051 1597 4107 dictum
1646 4052 1739 4123 sit)
1763 4059 1819 4105 et
1849 4059 2042 4106 contra

2146 3251 2279 3306 ρων,
2301 3233 2491 3305 ὥσπερ
2509 3230 2576 3288 αὖ
2603 3230 2697 3289 οὖν
2719 3236 2814 3289 καὶ
2824 3235 3295 3307 προσαγορεύεται
3315 3234 3587 3307 τούτῳτῷ
3600 3236 3729 3290 ὀνό-

2148 3344 2296 3395 ματι,
2337 3327 2438 3379 οὐκ
2470 3323 2571 3379 οἷδ’
2592 3327 2714 3380 ὅτου
2734 3327 2893 3397 χάριν
2926 3327 3024 3409 τὴν
3057 3328 3158 3381 οὐκ
3191 3326 3499 3396 ἀναγκαίων
3518 3324 3730 3399 ταύτην

2144 3417 2373 3488 ζήτησιν
2411 3431 2425 3446 ·
2486 3417 2584 3470 καί
2643 3434 2765 3487 μοιι
2797 3417 3075 3486 σύγγνωθι
3112 3434 3129 3451 ο
3175 3417 3301 3471 καθ’
3352 3417 3560 3473 ἑαυτῶν
3629 3420 3730 3474 καὶ

2148 3507 2252 3577 τῆς
2275 3507 2760 3577 ’ἆκκλησιαστικῆς
2806 3509 3068 3580 εἰρήνης,
3115 3508 3192 3572 ὡς
3217 3510 3350 3582 ὁρᾷς
3373 3548 3388 3573 ,
3431 3510 3726 3580 ἀναδεδέγ-

2156 3598 2317 3667 μεθα.
2352 3598 2609 3663 Κίνδννος
2633 3598 2741 3671 γάρ
2769 3599 2945 3663 οὐδεὶς
2973 3600 3152 3654 ταύτά
3171 3601 3354 3668 λέγειν
3381 3604 3562 3657 τεκαὶ
3592 3617 3728 3676 φρο-

2152 3690 2265 3740 νεῖν
2298 3690 2412 3751 τοῖς
2454 3689 2512 3742 ὲν
2550 3691 2616 3759 τῇ
2665 3689 2966 3762 Ἐκκλησία
3011 3688 3106 3745 τοῦ
3153 3691 3291 3745 Θεοῦ
3330 3692 3730 3765 εύδωαμήσασι

2149 3776 2490 3842 διδασκάλοις
2514 3819 2530 3843 ,
2562 3774 2639 3834 ὧν
2682 3781 2938 3851 περιττὸν
2974 3780 3073 3850 μὲν
3116 3781 3187 3834 τὰ
3220 3781 3467 3854 ὀνόματα
3491 3785 3730 3857 ἀπαριθ-

2152 3868 2390 3937 μεῖσθαιο
2415 3868 2709 3924 ἐπίστασαι
2731 3870 2843 3939 γὰρ
2869 3870 3068 3934 αὐτοὺς
3092 3870 3306 3936 οὐδενὸς
3331 3868 3513 3945 ἦττον,
3539 3874 3731 3946 insidi;

2147 3958 2225 4029 τῷ
2257 3954 2396 4012 εἶναι
2424 3960 2602 4013 αὐτῶν
2639 3960 2887 4032 μαθητὴς
2912 3962 3073 4026 αὐτός
3098 3980 3157 4015 τε
3197 3964 3295 4017 καὶ
3327 3965 3528 4029 πάντες
3565 3966 3730 4037 ἡμεῖς

2149 4051 2548 4122 σεμνυνόμεθα.

460 4145 758 4217 nosipses,
794 4154 853 4199 et
886 4152 1077 4199 contra
1107 4144 1540 4200 ecclesiasticam
1573 4159 1765 4215 pacem
1796 4158 2039 4215 quoque,
2081 4153 2143 4198 ut
2198 4142 2374 4205 vides,
2403 4142 2717 4212 agitandam
2772 4144 3195 4214 susceperimus.
3229 4146 3447 4202 Etenim
3466 4149 3606 4204 nulli
3627 4164 3731 4204 nos

470 4238 716 4309 periculo
766 4239 1095 4308 exponimus
1163 4239 1210 4294 si
1254 4254 1320 4294 ea
1396 4239 1669 4295 sentimus
1702 4246 1761 4294 et
1800 4238 2109 4309 loquimur,
2150 4252 2273 4306 quae
2296 4236 2554 4290 doctores
2582 4236 2637 4289 in
2672 4235 2918 4293 Ecclesia
2947 4236 3045 4292 Dei
3068 4237 3464 4295 celeberrimos
3490 4242 3731 4297 sensisse

468 4332 801 4386 etdecuisse
845 4339 999 4387 certo
1036 4333 1311 4389 novimus.
1350 4333 1831 4405 Supervacaneum
1860 4345 2048 4389 autem
2085 4341 2172 4387 est
2241 4331 2462 4386 illorum
2517 4330 2743 4385 nomina
2820 4331 2925 4386 hoc
2985 4332 3108 4387 loco
3153 4348 3483 4403 percensere
3526 4353 3541 4389 :
3582 4340 3729 4407 nosti

450 4424 617 4479 enim
652 4424 775 4479 illos
798 4439 954 4493 atque
988 4440 1053 4480 ac
1084 4438 1205 4489 nos,
1239 4435 1300 4481 ut
1327 4428 1423 4497 qui
1470 4427 1619 4483 haud
1660 4443 1824 4484 secus
1845 4444 1911 4483 ac
1942 4442 2045 4483 nos
2080 4440 2294 4485 onmes,
2325 4424 2475 4492 quod
2506 4423 2583 4478 sis
2606 4422 2911 4494 discipulus
2935 4422 3165 4478 illorum
3195 4425 3467 4495 glorieris.

543 4515 595 4569 5.
622 4515 739 4570 Hoc
766 4528 1039 4581 nostrum,
1070 4533 1276 4587 quasso,
1310 4520 1605 4576 consilium
1629 4521 1894 4586 admitte;
1929 4520 2044 4575 haec

2224 4515 2286 4570 ε’.
2324 4515 2508 4568 Ταῦτα
2558 4514 2688 4584 παρ’
2712 4515 2874 4585 ήμῶν
2899 4514 3135 4585 συμϐου)
3146 4516 3356 4588 εύθητι,
3383 4519 3687 4590 παρακαὶῶ
3711 4538 3729 4555 ο

457 4619 573 4675 .per
597 4619 700 4660 nos
732 4615 955 4675 rogatus
978 4622 1299 4678 exsequare,
1325 4610 1540 4665 nullum
1564 4611 1808 4666 dissidiis
1840 4610 2045 4674 locum,

477 4697 688 4750 nullum
720 4694 969 4769 gliscenti
996 4701 1225 4755 novitati
1256 4700 1560 4757 fomentum
1579 4700 1920 4771 suppedites.
1939 4701 2052 4757 .Co-

475 4789 609 4858 gita,
646 4788 691 4842 si
729 4789 1046 4859 priusquam
1078 4791 1204 4846 ulla:
1228 4793 1452 4848 omnino
1486 4792 1684 4846 litterae
1731 4791 1913 4847 missae
1963 4793 2050 4846 fo-

477 4885 619 4941 rent,
649 4877 806 4931 multi
828 4888 1025 4933 contra
1069 4894 1171 4936 nos
1200 4881 1461 4935 exstitere
1492 4879 1764 4945 infrenes,
1800 4896 2052 4951 peneque

460 4967 885 5035 intolerabiles;
910 4972 1104 5040 quales
1134 4987 1284 5026 nunc
1319 4971 1493 5025 futuri
1527 4972 1658 5035 sint,
1691 4980 1841 5028 tanta
1875 4988 1944 5028 ex
1972 4973 2051 5027 al-

478 5057 602 5111 latis
632 5057 831 5113 litteris
869 5060 1285 5114 subministrata
1321 5058 1541 5126 fidueia,
1581 5061 1837 5132 qualique
1868 5063 1925 5118 in
1951 5077 2054 5131 po-

477 5155 687 5202 sterum
719 5147 984 5204 adversus
1006 5164 1106 5204 nos
1144 5148 1372 5203 audacia
1404 5149 1517 5205 sint
1552 5152 1723 5207 usuri.
1758 5152 1885 5208 Haec
1921 5166 2047 5222 ego,

476 5236 787 5305 complures
817 5238 1283 5308 religiosissimos,
1322 5248 1537 5311 tuaeque
1584 5243 1803 5313 pietatis
1834 5243 2047 5297 studio-

477 5326 723 5381 sissimos
781 5328 1070 5396 episcopos
1121 5330 1264 5400 apud
1317 5347 1403 5386 me
1454 5334 1680 5400 habens,
1733 5350 1873 5404 quos
1922 5346 2053 5389 tunc

551 5485 567 5515 ⁸
601 5484 774 5540 Galat.
810 5503 882 5549 iv,
917 5488 971 5541 4.

2148 4605 2322 4661 ταῦτα
2372 4605 2580 4676 πρᾶξαι
2630 4604 3055 4675 παρακλήθητι·
3115 4606 3191 4676 μὴ
3230 4605 3337 4676 δῷς
3388 4609 3575 4679 χώραν
3630 4610 3733 4663 καὶ

2148 4696 2321 4769 νομὴν
2352 4706 2379 4735 υ
2405 4697 2650 4766 ἑρπούσῃ
2702 4695 2981 4749 διαστάσει
3026 4699 3394 4766 καινοτομεῖν.
3438 4699 3732 4769 Ἐννόησον

2147 4791 2277 4861 γάρ,
2306 4790 2382 4853 ὡς
2414 4790 2464 4842 εί
2496 4788 2604 4859 πρὸ
2644 4787 2754 4842 τῶν
2785 4787 2879 4842 νῦν
2925 4787 3339 4843 ἀποσταλέντων
3381 4792 3734 4861 γραμμάτων

2148 4886 2195 4937 οἱ
2237 4882 2423 4937 πολλοὶ
2455 4880 2671 4950 ἄσχετοι
2718 4874 2862 4949 ἦσαν
2896 4879 3018 4933 καθ’
3052 4879 3230 4950 ἡμῶν,
3259 4880 3357 4936 νῦν
3395 4881 3736 4955 δραξάμενοι

2151 4973 2250 5044 τῆς
2275 4972 2385 5026 ἀπὸ
2422 4971 2533 5024 τῶν
2574 4971 2919 5041 γραμμάτων
2943 4970 3146 5025 τούτων
3178 4972 3496 5043 παρρησίας
3519 5011 3536 5036 ,
3575 4973 3735 5037 τίνες

2150 5064 2251 5117 οὐκ
2275 5062 2511 5129 ἔσονται,
2542 5063 2635 5116 καὶ
2662 5062 2792 5131 ποίᾳ
2822 5062 2884 5123 οὐ
2913 5064 3209 5134 χρήσονται
3242 5063 3369 5117 καθ’
3396 5064 3557 5134 ἡμῶν
3581 5066 3734 5135 παρς

2152 5156 2337 5228 ρησίᾳ.
2371 5157 2557 5211 Ταῦτα
2593 5155 2706 5227 ἐγὼ
2736 5156 2966 5219 πολλοὺς
2994 5155 3100 5209 τῶν
3143 5154 3578 5225 θεοφιλεστάτων
3601 5155 3734 5208 ἑπι-

2152 5248 2390 5310 σκόπων,
2442 5250 2535 5301 καὶ
2576 5247 2684 5301 τῶν
2722 5248 2822 5319 τῆς
2875 5247 2973 5318 σῆς
3015 5246 3291 5315 φιλοοεῒας
3327 5245 3573 5318 ἐραστῶν
3601 5247 3736 5319 παρ’

2148 5339 2389 5408 ἐμαυτὸν
2413 5346 2438 5373 °
2471 5338 2631 5409 ἔχων,
2665 5339 2715 5392 οἳ
2749 5338 2940 5409 ἔτυχον
2963 5341 3218 5410 παρεῖναι
3243 5340 3377 5409 ἡμῖν
3404 5338 3516 5393 τῶν
3544 5355 3738 5410 γραμ-

1548 5574 1721 5628 Varia:
1756 5573 2016 5633 lectiones
2052 5579 2257 5635 codicis
2289 5580 2653 5652 Seguieriani.

554 5683 584 5725 Ιι
623 5684 708 5739 ισ.
749 5686 966 5759 καίπερ.
1052 5665 1407 5758 ¹γενόμενον.
1481 5696 1520 5723 ιη
1558 5683 1814 5754 ἄρρητον.
1894 5698 1919 5724 ιι
1967 5689 2219 5758 ῆνομὴν.
2300 5700 2324 5729 ο
2371 5696 2498 5757 παρ’
2526 5695 2697 5756 αὑτῶ.
