4076 6446
341 476 465 538 1461

1785 477 2165 538 EPISTOLAZ.

3453 466 3589 521 ’ίείδὲ

336 594 431 644 καὶ
459 590 632 645 ἐλθεῖν
659 589 801 661 μετά
829 590 1006 664 πάσης
1034 593 1336 665 ταχυτῆτος
1367 594 1425 647 ὲν
1454 595 1521 665 τῇ
1550 591 1908 664 Νικομηδέων

2032 589 2163 644 irbis
2188 586 2474 650 Ecclesiis,
2494 601 2615 655 qua:
2639 582 2844 653 ubique
2875 579 3240 636 orthodoxam
3268 575 3427 632 ﬁdem
3453 592 3585 646 pro-

340 680 531 746 πόλει,
585 681 789 753 μηδένα
820 683 881 737 τὸ
913 683 1130 739 σύνολον
1178 684 1491 740 ἐπισκόπων
1525 684 1666 756 μετὰ
1710 681 1908 737 σαυτοῦ

2010 681 2260 746 ﬁtentur,
2290 687 2347 734 et
2388 693 2486 748 per
2524 676 2648 731 illas
2681 673 2940 729 omnibus
2971 670 3211 727 subditis
3242 668 3447 724 nostris
3473 667 3591 739 [vc-

341 768 700 840 ὲπαγόμενος,
732 770 871 843 πλὴν
899 772 1095 841 ὀλίγων
1122 774 1234 828 τῶν
1262 773 1722 846 ὑπηρετουμένων
1745 775 1812 844 τῇ
1844 772 1910 843 σῇ

2032 770 2167 843 uris]
2191 786 2317 826 cum
2347 769 2445 824 Dei
2476 767 2683 822 auxilio
2722 765 3047 820 restituatur
3077 771 3295 831 rutque
3325 762 3391 816 ad
3423 760 3588 815 Nico—

339 859 587 931 ἀγιότητι
638 861 933 933 κληρικῶν.
982 865 1093 919 Καὶ
1146 864 1270 936 δίχα
1332 866 1513 937 πάσης
1565 864 1916 937 ὑπερθέσεως

344 950 667 1015 σπούδασον,
715 952 894 1021 εἰδὼς,
929 955 1006 1018 ὡς
1038 957 1134 1010 καὶ
1177 955 1450 1028 Κύριλλον
1474 957 1566 1010 τὸν
1610 954 1917 1024 ἁγιώτατον

343 1042 641 1098 ἐπίσκοπον
667 1046 866 1116 ὁμοίως
889 1046 1065 1102 ἐκεῖσε
1091 1048 1433 1120 ἐπειχθῆναι,
1466 1051 1563 1105 καί⁵
1593 1048 1919 1119 συνδραμεῖν

342 1137 412 1205 τῇ
438 1135 577 1207 αὑτῇ
608 1136 907 1211 προθυμίᾳ,
938 1138 1105 1204 θείοις
1133 1139 1290 1211 ἡμῶν
1319 1141 1611 1213 γράμμασι
1650 1136 1921 1211 προσετά-

347 1222 539 1295 ξαμεν·
580 1225 727 1297 αὐτῷ
758 1244 818 1281 τε
866 1232 1352 1303 παρεγγυήσαντες
1375 1273 1391 1300 ,
1437 1230 1513 1304 μὴ
1556 1229 1730 1294 ἄλλως
1759 1228 1921 1283 αὑτὸν

347 1316 485 1386 πρὸς
506 1318 653 1388 ἡμᾶς
678 1317 1022 1386 ἐλεύσεσθαι,
1047 1322 1178 1393 πρὶν
1207 1321 1241 1395 ἢ
1267 1322 1335 1377 ἂν
1368 1321 1721 1393 συντυχόντες
1757 1320 1923 1391 ἀλλή-

344 1405 479 1472 λοις,
515 1408 610 1461 καὶ
637 1408 734 1479 τῆς
768 1410 905 1479 πρὸς
937 1411 1163 1477 ἑαυτοὺς
1192 1410 1391 1485 ἔχθρας
1421 1412 1441 1453 τ
1472 1412 1819 1483 ἀποθέμενοι,
1844 1413 1923 1475 είς

346 1502 406 1555 τὸ
435 1502 533 1573 τὴν
563 1504 788 1574 εἰρήνην
819 1502 1184 1578 βεϐαιωθῆναι
1214 1507 1281 1561 δι’
1310 1506 1518 1573 οἰκείας
1545 1506 1821 1578 ὁμονοίας,
1846 1505 1925 1576 τῷ

349 1593 539 1664 σκοπῷ
580 1595 687 1648 τῶν
726 1596 946 1654 πάντων
985 1598 1300 1670 συνέλθητε.
1353 1599 1533 1670 Ὅπερ
1578 1597 1798 1652 ἔσεσθαι
1829 1596 1927 1651 καὶ

347 1684 443 1737 ἐπὶ
478 1687 543 1756 τῇ
576 1688 641 1758 σῇ
672 1687 928 1762 εὐλαϐείᾳ
972 1690 1328 1761 σημαίνομεν.
1362 1690 1593 1762 Ἀνδρες
1620 1689 1729 1763 γὰρ
1773 1688 1926 1752 ὅντες

346 1775 612 1844 τοσοῦτοι,
642 1777 739 1843 οὓς
775 1780 1056 1852 ἐκδέχεται
1086 1782 1112 1822 ⁸
1142 1781 1238 1836 καὶ
1260 1780 1331 1835 τά
1366 1781 1469 1851 τῆς
1500 1781 1723 1853 εἰρήνης
1746 1778 1931 1849 ἀγαθά

349 1870 445 1924 καί
489 1870 557 1924 τὰ
592 1871 692 1943 τῆς
730 1872 997 1945 διχονοίας
1025 1874 1171 1929 κακά
1201 1873 1389 1929 λαθεῖν
1425 1875 1527 1928 οὑκ
1563 1873 1843 1941 ἀνέξονται
1873 1873 1933 1936 ιι,

2014 862 2211 918 mediae
2263 860 2544 915 civitatem
2614 871 2827 913 summa
2877 871 3001 911 cum
3061 852 3343 909 celeritate
3397 851 3597 905 venire

2014 962 2287 1019 matures;
2324 966 2431 1007 nec
2477 949 2650 1004 ullum
2706 947 2936 1003 omnino
2986 944 3374 1015 episcOporum
3403 948 3587 997 tecum

2014 1045 2280 1110 adducas,
2311 1042 2405 1098 sed
2432 1054 2639 1112 paucos
2680 1047 2892 1099 tantum
2924 1035 3174 1098 clericos,
3202 1032 3590 1104 quisanctitati

2018 1143 2126 1189 tua:
2176 1132 2535 1189 famulentur.
2586 1128 2752 1186 Omni
2792 1142 2924 1199 ergo
2976 1125 3240 1180 dilatione
3290 1123 3615 1193 postposita—

2018 1230 2241 1294 festina,
2282 1235 2436 1284 certo
2471 1223 2573 1280 tibi
2602 1236 2931 1295 persuasum
2978 1219 3209 1281 habens,
3231 1216 3435 1287 Cyrillo
3474 1230 3597 1270 san-

2021 1321 2268 1379 ctissimo
2326 1318 2590 1390 episcopo
2634 1331 2736 1386 per
2781 1310 3085 1385 maiestatis
3132 1318 3332 1364 nostrae
3385 1307 3598 1361 litteras

2022 1414 2340 1471 mandatum
2359 1425 2503 1475 esse,
2538 1418 2599 1465 ut
2625 1409 2742 1478 ipse
2766 1418 2986 1477 quoque
3009 1400 3202 1457 eadem
3225 1398 3391 1456 animi
3418 1412 3601 1467 prom-

2022 1493 2299 1577 ptitudine
2365 1501 2435 1557 ad
2488 1498 2745 1556 eumdem
2796 1497 2982 1551 locum
3029 1499 3330 1555 accurrat;
3388 1488 3627 1558 ipsique

2025 1594 2436 1658 denuntiatum,
2476 1590 2691 1647 nullum
2718 1586 2876 1659 prius
2897 1585 2964 1641 ad
3000 1598 3103 1639 nos
3129 1581 3338 1638 aditum
3378 1578 3603 1633 habitu-

2026 1701 2173 1751 rum,
2205 1698 2373 1755 quam
2397 1682 2543 1738 inter
2563 1696 2664 1736 vos
2696 1675 3090 1741 conveneritis,
3116 1686 3446 1742 omnemque
3480 1685 3591 1724 mu-

2029 1787 2181 1834 tuam
2204 1774 2551 1833 inimicitiam
2569 1771 2795 1845 penitus
2816 1767 3105 1832 emeritis,
3122 1775 3180 1822 et
3193 1764 3262 1820 ad
3277 1755 3609 1820 conﬁhnam

2030 1871 2158 1927 dam
2212 1883 2405 1940 pacem
2445 1882 2548 1938 per
2591 1864 2869 1936 propriam
2917 1857 3265 1918 concordiam
3331 1851 3609 1911 communi

346 1960 412 2014 οὑ
442 1941 703 2033 πρότερον
730 1965 746 2003 i
782 1941 912 2036 παρ’
941 1963 1098 2035 ήμῶν
1125 1963 1482 2036 ὀφθήσεσθαι,
1512 1962 1673 2035 ἄχρις
1699 1964 1766 2018 ἂν
1781 1963 1927 2034 διορ-

2032 1961 2278 2019 omnium
2310 1957 2595 2030 proposito
2623 1951 3041 2011 consenseritis.
3073 1950 3252 2019 Atque
3290 1947 3397 2001 hoc
3428 1946 3609 2015 ipsum

350 2052 498 2126 θωθῇ
526 2053 735 2118 ταῦτα,
767 2055 910 2128 άπερ
947 2057 1094 2127 ήμάς
1122 2057 1183 2110 οὑ
1236 2055 1452 2130 μικρῶς
1497 2055 1780 2126 ἀθυμῆσαι
1828 2071 1930 2108 πε-

351 2144 597 2217 ποίηκεν.
630 2148 739 2200 Καὶ
765 2147 1005 2219 τοσούτῳ
1032 2148 1112 2212 δὲ,
1143 2150 1201 2202 ὲν
1232 2150 1341 2219 ὅσῳ
1365 2148 1401 2219 ἦ
1425 2164 1487 2201 τε
1517 2145 1925 2217 σπουδαζομένη

350 2236 452 2307 τῆς
484 2238 742 2309 εἰρήνης,
777 2239 871 2293 καὶ
907 2239 1006 2310 τῆς
1048 2239 1298 2311 ὁμονοίας
1321 2240 1421 2310 τῆς
1447 2238 1723 2310 ἡμετέρας
1753 2236 1801 2304 i,
1835 2237 1930 2292 καὶ

352 2330 453 2400 τῆς
466 2330 618 2401 ηπρδς
647 2329 907 2402 ἀλλήλους
937 2330 1140 2402 φιλίας,
1173 2333 1269 2386 καὶ
1310 2332 1375 2384 ὲκ
1411 2329 1618 2401 ταύτης
1646 2329 1748 2400 τῆς
1794 2330 1931 2401 πρὸς

248 2436 255 2437 ί
338 2421 503 2502 ,ἡμᾶς
542 2420 1061 2493 προοδοποιηθείσης
1102 2421 1392 2493 συντυχίας
1444 2421 1762 2493 βεϐαιοῦται
1800 2438 1932 2490 συγο

356 2511 648 2582 κρότησις,
680 2512 924 2583 μηδεμία
949 2512 1011 2579 ἐξ
1047 2512 1425 2568 ἑπισκοπικῶν
1457 2512 1867 2578 καταστάσεων,
1895 2512 1930 2585 ἢ

359 2601 751 2675 καθαιρέσεων,
777 2603 811 2675 ἢ
840 2605 937 2659 καὶ
957 2603 1347 2677 οἰασδηποτοῦν
1373 2604 1706 2677 χειροτονίας
1734 2602 1936 2676 προγέ-

358 2710 519 2765 νηται
570 2696 920 2767 καινοτομία·
956 2695 1071 2751 ἀλλ’
1112 2698 1164 2751 εῐ
1191 2714 1245 2750 τι
1288 2695 1384 2749 καὶ
1435 2694 1639 2767 μεταξὺ
1681 2692 1934 2764 γενέσθαι

361 2784 680 2856 συμϐέϐηκε
699 2826 715 2851 ,
751 2785 911 2840 τοῦτο
951 2787 1010 2841 ὲν
1049 2786 1247 2865 ἠσυχίᾳ
1296 2787 1456 2858 μόνον
1497 2786 1803 2858 ἀτάραχον,
1839 2785 1935 2857 τὴν

359 2876 461 2948 τῆς
498 2876 790 2951 καθολικῆς
850 2878 1177 2950 Ἐκκλησίας
1220 2877 1536 2949 φυλαττέτω
1582 2878 1932 2933 κατάστασιν

361 2967 752 3040 ὲπαρκούντων
799 2968 909 3023 τῶν
952 2969 1122 3025 όντων
1168 2969 1579 3025 εὑλαϐεστάτων
1631 2969 1935 3041 κληρικῶν,

362 3063 522 3136 ἄχρις
546 3064 613 3121 ἃν
643 3066 828 3121 τελεία
858 3066 1052 3132 ἓνωσις
1078 3066 1556 3140 παρακολουθήσῃ,
1589 3065 1725 3138 πρὸς
1752 3065 1814 3119 τὸ
1843 3064 1941 3130 τὰς

365 3157 519 3222 θείας
544 3158 845 3230 ὑπηρεσίας
867 3158 1153 3214 ἐπιτελεῖν.
1187 3160 1374 3230 Ἔχεις
1399 3160 1530 3231 παρ’
1556 3157 1714 3229 ἡμῶν
1743 3156 1938 3211 ταῦτα·

2028 2064 2086 2111 et
2130 2063 2237 2109 tuae
2280 2065 2501 2122 quoque
2543 2045 2873 2103 reverentiae
2905 2040 3288 2099 denuntiatum
3327 2037 3607 2091 volumus.

2029 2141 2247 2199 Etenim
2268 2138 2404 2195 viris
2423 2138 2560 2193 adeo
2580 2134 2915 2198 celebribus,
2944 2139 3007 2186 ut
3027 2144 3125 2186 eos
3153 2136 3250 2183 aut
3266 2126 3409 2181 bona
3435 2123 3627 2195 pacis,”

2029 2231 2116 2287 vel
2141 2230 2283 2286 mala
2311 2226 2604 2284 discordia:
2631 2227 2804 2280 latere
2826 2220 3061 2292 possint,
3088 2216 3241 2273 nullo
3263 2213 3428 2270 modo
3455 2213 3610 2283 prius

2030 2336 2126 2378 eos
2166 2321 2222 2375 in
2264 2324 2621 2389 conspectum
2660 2324 2913 2373 nostrum
2939 2311 3313 2373 admittemus,
3351 2321 3629 2378 quam‘ea»

2032 2412 2214 2469 omnia
2249 2416 2499 2467 correcta
2535 2406 2935 2475 emendataque
2966 2401 3196 2466 fuerint,
3222 2415 3344 2471 quae
3374 2397 3631 2453 maxima:

2034 2520 2134 2561 nos
2142 2500 2469 2574 aegritudine
2481 2499 2807 2556 all'eeeruut.
2820 2497 3200 2558 lutereavero,
3213 2491 3346 2546 dum
3357 2495 3625 2558 exoptata

2035 2594 2188 2667 pacis
2214 2591 2636 2662 concordiaeque
2679 2594 2991 2644 et.mutua‘.
3031 2583 3180 2639 inter
3219 2595 3318 2638 vos
3359 2576 3625 2635 amicitiar

2036 2687 2331 2744 conventio
2372 2700 2474 2756 per
2507 2683 2614 2739 iter
2639 2695 2861 2753 quoque
2891 2676 2962 2734 ad
2989 2684 3242 2732 nostrum
3274 2668 3619 2741 colloquium

2037 2777 2417 2839 conﬁrmatur,
2458 2774 2608 2829 nulla
2642 2784 2870 2843 prorsus
2902 2777 3361 2838 quorumcunque
3400 2760 3618 2829 episco-

2037 2883 2237 2940 porum
2276 2873 2371 2921 aut
2409 2860 2639 2930 creatio,
2680 2870 2775 2917 aut
2814 2856 3110 2929 depositio,
3148 2861 3244 2909 aut
3273 2861 3621 2923 quaecunque

2041 2957 2316 3015 ordinatio
2340 2955 2643 3013 tentabilur
2669 2972 2682 3007 :
2709 2951 2804 3008 sed
2837 2950 2880 3006 si
2904 2947 3037 3020 quid
3060 2944 3280 3002 interim
3302 2940 3621 3013 huiusmodi

2041 3051 2246 3108 factum
2277 3063 2398 3106 esse
2425 3046 2737 3118 contigerit,
2766 3043 2821 3099 id
2848 3043 3135 3118 immotum
3165 3045 3224 3093 et
3249 3033 3620 3106 imperturba-

2045 3153 2182 3210 tum,
2220 3141 2480 3198 Ecclesiae
2523 3116 2809 3197 catholica:
2836 3116 3291 3205 compositionem
3314 3136 3618 3198 exspectet,

365 3250 463 3304 καὶ
493 3220 596 3304 οὑκ
642 3220 1074 3323 ἀμφιϐάλλομεν,
1108 3250 1185 3315 ὡς
1648 3248 1744 3303 καὶ
1791 3248 1937 3318 πάσῃ

2044 3250 2170 3290 cum
2204 3222 2604 3304 religiosissimi
2624 3228 2811 3285 clerici
2836 3226 2905 3281 ad
2934 3225 3120 3280 divina
3141 3220 3447 3277 ministeria
3468 3233 3621 3273 exse-

365 3345 625 3415 δυνάμει,
655 3344 922 3415 εἰλικρινῆ
964 3344 1058 3399 καὶ
1104 3344 1520 3415 ἀμετάτρεπτον
1556 3340 1819 3411 ἑωρακὼς
1842 3339 1943 3409 τήν

367 3435 642 3509 ἡμετέραν
671 3435 950 3508 πρόθεσιν,
995 3437 1090 3490 καὶ
1131 3436 1288 3503 ἀξίαν
1323 3435 1713 3505 Χριστιανικῆς
1753 3429 1947 3484 ἐνστά-

372 3545 539 3594 σεως,
569 3527 911 3598 συμπράξεις
935 3527 1029 3580 καὶ
1056 3526 1239 3591 αὑτὸς,
1266 3525 1363 3579 καί.
1387 3523 1578 3578 οὐδένα
1606 3522 1874 3592 κάματον,
1909 3519 1944 3592 ἢ

372 3617 632 3688 σκυλμδν.
662 3616 759 3687 οὑχ
795 3615 1004 3688 ὕϐρεως
1031 3615 1467 3687 καταφρόνησιν,
1509 3613 1611 3666 οὑκ
1643 3612 1949 3684 ἀμνησικα-

371 3711 496 3764 κίαν
532 3709 703 3780 ὀργῆς
733 3709 758 3748 ιι
786 3706 1148 3774 ἀναδέξασθαι
1205 3705 1523 3777 παραιτήσῃ
1570 3701 1712 3773 ὑπὲρ
1742 3699 1837 3754 τοῦ
1878 3697 1950 3753 τὰ

372 3798 526 3870 παρὰ
559 3798 659 3868 τῆς
699 3795 976 3868 ἡμετέρας
1022 3794 1301 3858 εὐσεϐείας
1331 3792 1497 3847 ἓνεκα
1529 3791 1625 3863 τῆς
1664 3787 1948 3861 όρθοδόξου

374 3890 611 3954 πίστεως
630 3889 842 3959 καὶτῆς
856 3887 961 3942 τῶν
985 3888 1307 3957 ἁγιωτάτων
1340 3882 1676 3954 Ἐκκλησιῶν
1703 3880 1949 3944 ὲνὼσεως

373 3981 804 4056 προσταχθέντα,
840 3980 1038 4052 πέρατι
1074 3976 1467 4049 παραδοθῆναι.
1497 3975 1564 4029 El
1594 3975 1680 4040 δὲ,
1724 3974 1861 4045 ὅπερ
1888 3972 1950 4027 οὑ

374 4071 724 4143 πιστεύομεν,
750 4069 968 4124 ἐναντία
993 4067 1194 4139 ταύτης
1228 4065 1242 4105 Ῑ
1276 4065 1433 4138 ήμῶν
1462 4064 1563 4136 τῆς
1590 4062 1835 4134 γνώμης,
1859 4060 1955 4114 καὶ

374 4165 467 4220 τοῦ
490 4164 662 4228 οὕτως
681 4162 836 4234 ήμῶν
854 4161 1016 4233 ὀρθοῦ
1041 4159 1423 4232 βουλεύματος,
1457 4156 1725 4229 φρονῆσαι
1747 4163 1811 4218 π’,
1839 4153 1953 4224 ίδίῳ

372 4256 484 4309 τινὶ
509 4253 719 4325 σκοπῷ,
749 4252 783 4324 ἦ
816 4262 842 4289 ¹³
865 4248 1234 4306 ὲνστάσειάνθ
1245 4249 1480 4320 ρωπίνου
1504 4247 1711 4310 πάθους
1745 4247 1951 4315 ἐπιχει-

377 4352 622 4421 ρήσειας,
656 4345 766 4400 τῶν
788 4361 848 4400 τε
875 4343 1050 4399 ἄλλων
1078 4341 1186 4395 τῶν
1212 4340 1343 4412 παρ’
1370 4339 1527 4412 ἡμῶν
1552 4336 1955 4392 κελευσθέντων

373 4439 743 4511 ἀμελήσειας,
790 4435 972 4507 σαυτῷ
1009 4435 1220 4503 λογιεῖ,
1268 4434 1317 4486 εἰ
1355 4432 1453 4502 τῆς
1498 4430 1810 4503 προθυμίας
1851 4430 1954 4501 τῆς

374 4530 505 4602 περί
535 4531 633 4601 τὴν
678 4528 1045 4600 συγκρότησιν
1075 4525 1185 4580 τῶν
1229 4523 1325 4579 τοῦ
1357 4523 1494 4577 Θεοῦ
1549 4522 1888 4592 Ἐκκλησιῶν
1919 4523 1953 4592 ή

2043 3325 2261 3397 quenda
2284 3322 2535 3380 suﬂicere
2555 3328 2778 3392 queant,
2807 3317 2986 3373 donec
3035 3314 3277 3387 perfecta
3315 3311 3447 3367 unio
3490 3325 3625 3365 con-

2044 3423 2327 3488 sequatur.
2378 3413 2562 3470 Habes
2596 3413 2715 3467 haec
2754 3427 2786 3466 a
2827 3409 3030 3475 nobis;
3075 3422 3179 3462 uec
3206 3403 3546 3465 dubitamus,
3573 3400 3620 3456 si

2046 3511 2317 3566 sinceram
2384 3506 2775 3575 immotamque
2839 3509 2899 3558 et
2959 3497 3273 3556 Christiana
3330 3494 3623 3552 sedulitate

2046 3603 2273 3674 dignam
2318 3598 2489 3655 animi
2542 3595 2718 3653 nostri
2753 3591 3086 3651 sententiam
3121 3586 3448 3659 inspexeris,
3487 3583 3622 3655 quin

2048 3696 2180 3752 totis
2209 3692 2444 3757 viribus,
2470 3697 2695 3759 totaque
2718 3686 2920 3742 mentis
2941 3683 3150 3739 virtute
3172 3680 3229 3735 in
3262 3677 3369 3734 hoc
3407 3678 3624 3733 incum-

2049 3784 2168 3849 bas,
2203 3789 2264 3838 ut
2294 3796 2357 3837 ea
2388 3778 2594 3843 omnia,
2622 3790 2745 3847 qua:
2771 3790 2801 3829 a
2835 3781 3021 3828 nostra
3053 3770 3278 3842 pietate.
3309 3765 3626 3823 orthodoxae

2051 3875 2201 3939 ﬁdei,
2222 3878 2645 3939 sanctarumque
2659 3863 3031 3922 Ecclesiarum
3053 3859 3419 3915 uniendarum
3441 3872 3626 3919 causa,

2052 3965 2261 4022 sancita
2308 3971 2366 4018 et
2398 3959 2652 4017 ordinata
2700 3962 2849 4019 sunt,
2895 3948 3220 4021 tempestive
3244 3945 3628 4008 conﬁciantur,

2052 4058 2268 4113 nullum
2303 4055 2425 4126 eius
2456 4051 2539 4108 rei
2576 4048 2752 4123 gratia
2784 4046 3056 4105 laborem.
3096 4049 3195 4097 aut
3230 4037 3627 4109 fatigationem,

2054 4158 2150 4206 aut
2178 4145 2494 4220 ignominiae
2514 4138 2914 4211 contemptum,
2935 4142 3031 4192 aut
3066 4132 3391 4205 iniuriarum
3418 4128 3629 4184 condo-

2055 4216 2340 4298 nationem
2370 4249 2649 4293 recusans.
2691 4231 2748 4287 Si
2791 4244 2924 4286 vero
2957 4225 3127 4302 (quod
3166 4238 3278 4279 non
3329 4216 3660 4285 credimus).

2055 4339 2301 4386 nostram
2338 4327 2482 4382 hanc
2524 4320 2851 4379 sententiam
2914 4323 3241 4382 rectumque
3284 4307 3628 4380 propositum

2056 4421 2273 4494 privato
2295 4416 2527 4475 consilio
2552 4415 2915 4481 humanaeque
2944 4405 3177 4477 alicuius
3192 4396 3631 4473 perturbationis

2058 4487 2297 4584 impulsu
2339 4514 2695 4565 contemnere
2727 4516 2896 4557 ausus
2939 4497 3132 4561 fueris,
3181 4501 3483 4561 nostraque
3524 4487 3655 4544 alia

376 4583 462 4693 ei).
500 4583 715 4692 ὁσιότης
760 4583 1281 4694 ’καταρρονήσασω
1344 4614 1503 4681 ἀξίας
1572 4583 1805 4686 ἀμοιϐάς
1850 4614 1937 4668 ἀπ·

2058 4583 2278 4661 decreta
2305 4595 2679 4671 parvil‘eeeris,
2706 4593 2805 4649 tibi
2835 4589 3157 4662 imputabis,
3182 4586 3231 4643 si
3258 4583 3519 4641 sanctitas
3541 4590 3631 4636 tua

375 4712 687 4784 ενέγκηται.

2056 4689 2529 4768 promptitudiuis,
2579 4702 2703 4757 qua;
2743 4691 2946 4756 saneta:
2984 4680 3082 4737 Dei
3123 4679 3383 4735 Ecclesia:
3409 4688 3632 4742 compo-

2057 4766 2252 4844 nenda:
2288 4782 2544 4846 debetur,
2591 4778 2856 4850 neglectae
2887 4775 3115 4831 meritas
3145 4786 3337 4843 paruas
3393 4766 3631 4822 dederit:

1430 4947 1606 5006 Variae
1637 4946 1902 5004 lectiones
1933 4941 2141 4998 codicis
2177 4936 2539 5012 Seguieriani.

459 5107 479 5145 τ
515 5108 726 5169 ἑαυτοῖς
750 5105 894 5177 κατά
917 5106 1014 5177 τῆς
1047 5105 1181 5176 πρὸς
1203 5103 1460 5177 ἀλλήλους
1491 5102 1710 5174 ἔχθρας.

378 5178 585 5247 έχεται.
670 5178 686 5219 ί
732 5176 818 5231 ἷσ.
846 5176 947 5247 οὑκ
972 5169 1273 5246 ἀνεξόμεθα
1297 5169 1601 5246 πρότερον(
1663 5184 1677 5223 l
1727 5169 2020 5242 ὑμετέρας.

380 5245 670 5320 φρονῆσαι.
749 5256 773 5284 η
802 5245 916 5301 καί.

1789 5103 1814 5142 ⁸
1854 5100 1940 5153 Ia’.
1979 5095 2303 5169 ἄνδρεςγγὰρ
2328 5093 2480 5169 ὄντες
2508 5089 2803 5169 ἡτοσρύτους
2833 5084 2924 5169 οὓς
2944 5082 3042 5169 οὑκ
3067 5077 3355 5169 ἐνδέχεται.

3472 5073 3506 5112 δ’
3540 5070 3633 5123 ἀνθ

2098 5147 2477 5237 Psittacus;
2498 5159 2689 5232 ὀργῆς.
2771 5147 2796 5195 Ϊ
2840 5153 3022 5207 ἔναντι
3045 5147 3267 5218 ταύτης.
3381 5154 3420 5183 ω
3457 5156 3631 5196 κατα-
