4076 6432
2418 449 3561 464 um...-
3686 449 3732 461 α’.

519 421 3735 473 ΡΜΜᾚ
3471 453 3561 464 _____
3686 449 3732 461 .-

1615 559 1785 605 ANNO
1830 556 2048 601 DOMINI
2090 554 2597 599 ΕΠΪΧΧΥοΕῡΧιῐν

1276 991 2075 1102 EPHESINUS
2169 988 2948 1098 EPISCOPUS

1832 1290 2380 1382 NOTITIA.

1595 1458 1793 1521 (Oriens
1817 1456 2138 1517 Christianus,
2162 1460 2281 1507 tom.
2302 1454 2345 1516 l,
2370 1455 2463 1504 col.
2490 1455 2626 1516 677.)

547 1671 795 1728 Celebris
836 1679 921 1727 est
968 1669 1273 1727 Memnonis
1309 1668 1513 1740 Ephesi
1561 1668 1806 1739 episcopi
1845 1671 1901 1724 in
1940 1671 2202 1728 Ecclesiae
2241 1670 2395 1725 fastis
2435 1666 2723 1733 memoria,
2763 1682 2876 1737 quo
2918 1667 3143 1724 sedente
3187 1670 3429 1741 synodus
3465 1672 3747 1742 Ephesina

484 1768 750 1838 generalis
778 1768 967 1823 habita
996 1776 1083 1824 est
1106 1779 1252 1820 anno
1280 1765 1375 1819 4⁸51
1404 1765 1800 1834 Νεειοιὶυεειιιε
1823 1766 2102 1821 haereticus

2149 1764 2489 1835 proscriptus
2516 1762 2651 1829 fuit;
2676 1768 2733 1816 et
2758 1776 2883 1816 cum
2914 1762 3159 1831 potiores
3187 1761 3307 1833 ejus
3330 1773 3452 1833 post
3476 1763 3747 1835 Cyrillum

482 1859 905 1914 Alexandrinum
937 1861 994 1914 in
1025 1859 1120 1915 illo
1156 1874 1315 1915 sacro
1354 1868 1628 1917 conventu
1664 1860 1892 1927 Fuerint,
1928 1863 2058 1917 hinc
2081 1862 2381 1917 Orientalis
2408 1859 2664 1915 dimcesis
2696 1859 3078 1929 episcoporum
3115 1858 3304 1915 odium
3340 1861 3529 1927 subiit,
3565 1879 3748 1933 eoque

480 1953 671 2025 magis,
699 1954 847 2024 quod
885 1954 1091 2009 nullam
1123 1953 1205 2008 eis
1239 1954 1530 2009 ecclesiam
1571 1953 1629 2007 in
1660 1955 1799 2011 urbe
1839 1971 1959 2018 sua,
1996 1963 2188 2025 utpote
2214 1970 2243 2008 a
2269 1953 2512 2024 legitima
2549 1950 2761 2022 synodo
2790 1951 3004 2016 alienis,
3035 1962 3406 2016 concesserat,
3428 1953 3485 2008 in
3517 1970 3624 2024 qua
3656 1955 3745 2009 di-

479 2044 603 2099 vina
638 2045 894 2117 mysteria
929 2054 1274 2116 peragerent.
1317 2046 1606 2102 Jactabant
1638 2047 1695 2101 in
1715 2036 1876 2111 eum,
1910 2046 2059 2115 quod
2087 2045 2312 2115 triginta
2340 2043 2651 2113 episcopos,
2688 2042 2797 2096 imo
2821 2043 3184 2113 quadraginta
3211 2060 3279 2099 ex
3301 2047 3451 2110 Asia,
3481 2045 3745 2100 undecim

477 2151 507 2191 e
540 2136 878 2209 Pamphylia,
915 2147 1032 2191 tum
1075 2146 1218 2199 astu,
1259 2144 1377 2191 tum
1421 2144 1568 2190 metu
1621 2135 1877 2191 inductos
1910 2136 2188 2205 Ephesum
2230 2133 2541 2189 accivisset.
2581 2131 2850 2198 Quocirca
2894 2133 3259 2202 Memnonem,
3284 2147 3346 2193 ut
3386 2148 3442 2195 et
3473 2138 3759 2211 Cyrillum-

478 2241 590 2296 praa
632 2228 772 2292 aliis,
807 2229 917 2284 lata
948 2232 1220 2286 sententia
1267 2232 1577 2287 sacerdotio
1622 2233 1869 2301 privatos
1912 2231 2208 2297 dixerunt;
2250 2244 2414 2301 quam
2456 2236 2639 2283 tamen
2675 2236 2864 2282 sancta
2900 2230 3144 2299 synodus
3181 2232 3455 2302 susdeque
3493 2232 3741 2286 habitam

477 2322 764 2377 confestim
790 2324 1034 2379 rescidit.
1062 2326 1306 2396 Egerunt
1336 2325 1417 2380 illi
1452 2325 1596 2395 apud
1630 2326 1970 2396 Ephesinum
2010 2334 2263 2382 senatum
2293 2333 2350 2379 et
2370 2325 2591 2394 plebem
2617 2330 2677 2376 ut
2703 2322 2933 2379 antistes
2964 2324 3104 2377 alter
3122 2337 3223 2392 pro
3253 2322 3540 2377 Memnone
3564 2323 3740 2393 elige-

479 2424 630 2470 retur
656 2435 668 2469 :
703 2417 840 2472 nihil
870 2434 1003 2475 vero
1032 2418 1408 2474 confecerunt.
1440 2419 1555 2475 Hoc
1585 2436 1755 2474 unum
1789 2420 1857 2474 ab
1892 2419 2227 2489 imperatore
2258 2417 2644 2480 obtinuerunt,
2676 2423 2735 2469 ut
2763 2416 3048 2470 sententia:
3072 2430 3235 2484 quam
3265 2417 3524 2479 tulerant,
3554 2414 3741 2483 aliqua

478 2509 614 2563 ratio
638 2509 957 2578 haberetur;
992 2530 1050 2568 re
1074 2530 1205 2569 vero
1229 2513 1426 2568 melius
1455 2515 1694 2585 cognita,
1723 2515 1982 2585 princeps
2006 2508 2207 2569 litteris
2234 2513 2379 2567 datis
2403 2512 2672 2583 synodum
2694 2511 2879 2575 solvit,
2903 2510 3276 2581 Cyrillumque
3309 2520 3364 2565 et
3392 2511 3740 2564 Memnonem

476 2602 590 2656 suis
615 2602 875 2659 Ecclesiis
905 2608 1275 2663 restituendos
1301 2608 1700 2678 pronuntiavit.
1736 2608 1934 2662 Multos
1965 2623 2139 2662 annos
2160 2607 2368 2678 synodo
2391 2614 2676 2675 superstes
2704 2605 2957 2659 Memnon
2989 2604 3111 2657 fuit.
3140 2603 3261 2659 Aet.
3287 2603 3323 2657 2
3348 2602 3540 2675 synodi
3567 2602 3738 2657 Chal-

473 2699 799 2755 cedonensis
832 2701 1118 2773 Philippus
1142 2701 1784 2771 ConstantinOpolitanus
1819 2703 2109 2773 presbyter
2142 2702 2486 2756 Memnonem
2517 2715 2546 2753 a
2570 2697 3173 2767 Constantinopolitano
3203 2697 3405 2750 throno
3439 2694 3737 2749 confirma-

473 2800 587 2846 tum
626 2792 794 2848 fuisse
822 2794 962 2848 dixit
994 2814 1005 2848 :
1050 2796 1145 2848 καὶ
1184 2797 1423 2865 Μέμνων
1452 2796 1553 2849 ὦδε
1585 2796 1910 2868 ἐϐεϐαιώθη.
1956 2797 2102 2852 Bassi

2149 2812 2270 2861 nus,
2296 2780 2389 2866 qui
2417 2804 2547 2849 tunc
2570 2794 2638 2849 de
2668 2793 2942 2863 Ephesina
2974 2792 3105 2847 sedc
3136 2808 3259 2846 cum
3292 2789 3574 2860 Stephano
3598 2804 3739 2843 eon-

474 2882 751 2947 tcndebat,
780 2884 891 2937 vim
926 2884 1030 2938 sibi
1059 2899 1089 2936 a
1115 2883 1402 2939 Memnone
1428 2884 1700 2940 clamabat
1737 2886 1977 2950 allatam,
2006 2897 2067 2940 ut
2096 2888 2395 2941 Evazorum
2428 2885 2721 2954 episcopus
2749 2892 3189 2949 consecraretur,
3219 2896 3329 2952 quo
3356 2878 3543 2950 procul
3572 2879 3741 2937 ﬁeret

474 2973 710 3046 Epheso,
734 2976 791 3028 in
817 2989 922 3043 qua
950 2974 1019 3027 ab
1051 2975 1308 3029 omnibus
1339 2975 1645 3029 amabatur.
1674 2977 1836 3030 Plura
1865 2976 1932 3029 de
1965 2974 2253 3030 Memnone
2279 2991 2388 3029 non
2420 2986 2745 3029 occurrunt.

2288 3138 2764 3147 mw.“
2798 3138 2945 3146 —-——-

940 3282 1586 3376 MEMNONIS
1662 3279 2246 3372 EPISTOLA
2321 3279 2468 3366 AD
2542 3278 3025 3369 CLERUM
3102 3272 3279 3367 ΟΡ.

1750 3461 1944 3525 (iussn,
1972 3455 2174 3518 Concil.,
2201 3459 2280 3519 ιν,
2308 3458 2467 3521 H57.)

476 3680 792 3749 Exemplum
816 3677 1049 3749 epistotw
1074 3690 1107 3727 a
1132 3672 1781 3749 Mernnone‘Ephesiorunt
1808 3675 2045 3744 episcopo
2076 3680 2102 3733 Α

2153 3668 2682 3749 Ἴσον-ἐπιστρέῆς
2708 3667 3038 3749 γραφείσης
3053 3667 3231 3749 ’παρᾴ
3247 3669 3580 3749 ,Μέμνίρνος
3605 3669 3759 3726 ἔπιέ

645 3742 716 3802 od
743 3742 944 3800 clerum
969 3742 1611 3813 Constantinopolitanum
1639 3742 1869 3815 scriptis.

536 3922 749 3990 Quanta
790 3931 1013 3993 propter
1038 3937 1223 3977 veram
1253 3921 1722 3993 orthodoxamque
1751 3923 1849 3978 Dei
1885 3921 2048 3977 ﬁdem

466 4016 526 4071 in
558 4014 920 4084 Ephesiorum
951 4014 1171 4069 civitate
1203 4013 1450 4083 quotidie
1489 4014 1793 4084 patiamur,
1841 4014 1896 4070 id
1929 4030 2046 4070 ser-

467 4124 630 4164 mone
665 4106 927 4177 e'xplicari
958 4121 1069 4161 non
1093 4113 1292 4177 potest.
1324 4104 1648 4161 Turbationi
1672 4106 1818 4161 enim
1858 4106 2047 4160 turba-

466 4201 547 4256 tio
574 4200 780 4269 absque
809 4200 918 4254 ulla
951 4197 1359 4255 intermissione
1386 4197 1655 4254 succedit.
1684 4198 1836 4253 Fidei
1868 4207 2049 4255 tamen

465 4293 551 4348 vis
578 4300 635 4346 et
677 4290 951 4347 confessio
982 4291 1214 4345 multum
1250 4289 1410 4345 nobis
1442 4298 1503 4345 ut
1532 4291 1765 4347 viriliter
1787 4291 1903 4346 ιιιεο
1925 4307 2046 4346 sus-

469 4384 775 4448 tineamus,
824 4382 1039 4438 roboris
1084 4381 1256 4439 addit.
1301 4381 1519 4436 Etenim
1564 4381 2046 4454 magniﬁcentissi-

466 4490 589 4529 mus
630 4490 818 4531 comes
857 4473 1231 4532 Candidianus
1276 4474 1479 4530 milites
1524 4474 1799 4532 interdum
1839 4476 1894 4531 in
1945 4490 2049 4531 nos

463 4564 769 4629 concitans,
794 4572 962 4621 totam
985 4563 1263 4619 civitatem
1290 4564 1813 4622 tumultuationibus
1833 4566 2043 4635 implet,

465 4655 821 4725 omniumque
852 4654 1014 4709 simul
1045 4656 1171 4710 vitae
1197 4656 1629 4711 necessariorum
1660 4656 2045 4727 importatione

464 4763 565 4818 per
597 4746 901 4802 custodiam
931 4761 1033 4801 nos
1059 4736 1254 4816 priyat.
1288 4747 1471 4804 Multis
1497 4749 1663 4804 etiam
1694 4747 1956 4820 permittit
1990 4748 2046 4802 in

466 4854 571 4893 nos
599 4845 655 4894 et
681 4838 733 4892 in
762 4847 1006 4893 sanctam
1043 4838 1308 4909 synodum
1347 4841 1705 4895 contumelias
1727 4838 2011 4894 effundere
2029 4879 2044 4904 ,

467 4927 728 4997 Zeuxippi
765 4928 958 4984 incolis
1009 4929 1320 4999 depositum
1357 4930 1669 4985 Nestorium
1715 4945 1840 4984 cum
1873 4931 2045 4985 multa

2221 3744 2459 3795 σκόπου
2524 3739 2781 3809 Ἐφέσου
2820 3737 2968 3806 πρὸς
3005 3738 3110 3792 τὸν
3153 3737 3384 3809 κλῆρον
3416 3743 3741 3795 Κωνσταν-

2225 3812 2392 3864 τίνου
2430 3812 2678 3875 πόλεως.

2223 3923 2323 3981 Οἷα
2353 3925 2441 3980 διὰ
2486 3925 2583 3995 τὴν
2625 3924 2798 3994 ἁληΘῆ
2846 3922 3028 3976 πίστιν
3081 3923 3181 3993 τῆς
3217 3922 3525 3994 ὀρθοδοξίας
3554 3932 3580 3960 °
3609 3923 3738 3979 καθ’

2152 4020 2387 4090 ἑκάστην
2418 4017 2762 4087 ὑπομένομεν
2787 4017 2846 4069 ὲν
2880 4015 3112 4085 Ἐφέσῳ,
3138 4015 3258 4068 οὐδὲ
3282 4015 3423 4086 λόγῳ
3450 4017 3738 4087 παραστῆ-

2153 4129 2243 4165 σαι
2272 4109 2516 4162 δυνατόν.
2550 4107 2773 4176 Ταραχὴ
2808 4103 2916 4175 γὰρ
2956 4104 3203 4176 ταραχὴν
3236 4103 3532 4167 ἀπαύστως
3554 4104 3735 4157 διαδέ-

2150 4219 2327 4273 χεται.
2370 4198 2575 4270 Πολλὴν
2602 4198 2658 4252 δὲ
2690 4199 2821 4267 ἡμῖν
2860 4196 3103 4249 εὐτονίαν
3152 4195 3385 4266 παρέχει
3434 4193 3528 4247 τοῦ
3558 4194 3735 4247 ταῦτα

2152 4296 2338 4366 φέρειν
2378 4292 2636 4364 γενναίως
2666 4293 2698 4360 ἡ
2732 4292 2833 4360 τῆς
2863 4289 3098 4352 πίστεως
3130 4288 3391 4359 ὁμολογία
3426 4288 3521 4340 καὶ
3555 4286 3728 4357 ἰσχύς.

2151 4388 2291 4442 Ποτὲ
2343 4386 2441 4457 μὲν
2492 4384 2601 4455 γὰρ
2656 4384 2684 4436 ὁ
2732 4380 3314 4451 μεγαλοπρεπέστατος
3360 4379 3537 4450 κόμης
3580 4381 3731 4432 Καν-

2149 4474 2382 4537 διδιανὸς
2407 4512 2422 4537 ,
2453 4471 2709 4525 ἐπισείων
2751 4472 2883 4541 ἡμῖν
2928 4470 3054 4533 τοὺς
3097 4467 3465 4538 στρατιώτας,
3498 4468 3592 4521 καὶ
3629 4466 3732 4537 τὴν

2151 4566 2306 4621 πόλιν
2329 4563 2574 4635 ταραχῆς
2608 4559 2918 4631 ἐμπιπλῶν,
2949 4559 3044 4612 καὶ
3072 4557 3290 4610 πάντων
3325 4555 3455 4626 ὁμοῦ
3481 4554 3588 4609 τῶν
3618 4560 3733 4609 ἐπι-

2148 4657 2376 4729 τηδείων
2402 4655 2501 4724 τῆς
2528 4652 2849 4722 είσκομιδῆς
2875 4649 3195 4719 ἀποστερῶν
3217 4647 3305 4701 διὰ
3335 4648 3435 4716 τῆς
3468 4664 3733 4718 παραφυ-

2148 4750 2339 4819 λακῆς,
2370 4747 2601 4808 πολλοὺς
2625 4745 2682 4798 δὲ
2714 4742 3012 4813 συγχωρῶν
3038 4739 3226 4811 ὕϐρεις
3258 4741 3547 4815 καταχέειν
3572 4738 3735 4808 ἡμῶν

2148 4856 2208 4891 τε
2232 4839 2327 4890 καὶ
2355 4836 2455 4906 τῆς
2479 4835 2639 4902 ἁγίας
2669 4831 2884 4906 συνόδου
2915 4830 3115 4899 πάσης,
3150 4829 3259 4882 τῶν
3289 4828 3594 4894 Ζευξίππου
3626 4844 3735 4879 πα-

2153 4904 2499 4988 ραμενόντων
2519 4923 2598 4995 τῷ
2626 4904 2842 4996 καθῃρη
2850 4920 2996 4991 μένῳ
3018 4920 3315 4991 Νεστορίῳ,
3328 4921 3421 4972 καὶ
3441 4920 3532 4971 ἐπὶ
3553 4917 3734 4987 τούτῳ

468 5018 801 5075 rusticorum
829 5020 989 5076 turba
1018 5020 1476 5084 custodientibus,
1503 5021 1596 5089 qui
1632 5020 1701 5075 ad
1740 5020 1793 5074 id
1820 5026 2044 5074 aluntur
2077 5024 2102 5068 t‘

2149 5020 2513 5090 τρεφομένων,
2545 5016 2640 5069 καὶ
2668 5013 2803 5067 πολὺ
2848 5012 3050 5084 πλῆθος
3087 5022 3113 5061 ι’
3146 5011 3420 5082 χωρικῶν,
3471 5011 3579 5064 ἀπὸ
3616 5010 3734 5063 τῶν

464 5111 725 5168 Ecclesia:
766 5112 1021 5181 pecunia,
1068 5124 1124 5169 et
1163 5131 1262 5184 per
1293 5127 1430 5182 quos
1461 5112 1709 5167 convicia
1742 5113 2044 5183 jactantur.

2147 5108 2614 5182 ὲκκλησιαστικῶν
2634 5107 2950 5179 κτημάτων,
2973 5107 3068 5159 καὶ
3089 5105 3156 5159 δι’
3172 5105 3398 5159 ἐκείνων
3418 5104 3517 5167 τὰς
3539 5103 3733 5174 ὕϐρεις

470 5201 617 5256 lianc
649 5218 814 5272 porro
861 5203 1208 5259 insolentiam
1253 5214 1311 5258 et
1354 5203 1737 5269 temeritatem,
1769 5202 2047 5273 quotidia-

2149 5204 2539 5273 καταχεόντων.
2577 5201 2859 5267 Διεδέξατο
2901 5200 2994 5252 καὶ
3022 5200 3121 5269 τὴν
3151 5198 3560 5270 προειρημένην
3594 5197 3734 5250 ἀτα-

464 5307 672 5362 nasque
693 5292 882 5349 Irenaai
907 5293 1430 5364 magniﬁcentissimi
1453 5294 1669 5349 comitis
1693 5295 2046 5365 imposturas,

2145 5292 2287 5359 ξίαν,
2310 5291 2404 5344 καὶ
2431 5289 2524 5344 τοῦ
2555 5286 3142 5361 μεγαλοπρεπεστάτου
3169 5286 3409 5356 κόμητος
3431 5284 3729 5355 Εἰρηναίου

465 5386 667 5455 quibus
688 5386 1050 5457 simpliciores
1072 5385 1454 5451 circumvenit,
1479 5386 1694 5457 excepit
1715 5385 2044 5441 Antiocheni

2149 5385 2241 5455 τὴν
2285 5382 2658 5454 καθημερινὴν
2699 5381 2916 5451 ἀπάτην
2961 5379 3073 5433 τῶν
3107 5377 3508 5448 ὰφελεστέρων,
3556 5377 3650 5428 καὶ
3690 5377 3723 5446 ἡ

462 5476 703 5549 episcopi
733 5478 1042 5548 praesentia.
1087 5476 1227 5532 Cum
1271 5476 1420 5531 enim
1461 5486 1649 5533 sancta
1687 5477 1927 5549 synodus
1948 5477 2046 5531 ad-

466 5578 689 5625 ventum
737 5570 912 5639 ipsius
942 5577 1200 5638 appetere
1241 5569 1622 5637 intellexisset,
1654 5570 1941 5632 honorem,
1987 5576 2043 5623 et

2152 5476 2247 5530 τοῦ
2290 5474 2609 5543 Ἀντιοχέων
2653 5474 2957 5526 ἐπισκόπου
2991 5470 3282 5541 παρουσία.
3317 5467 3581 5523 Μαθοῦσα
3616 5465 3729 5537 γὰρ

2148 5568 2182 5638 ἦ
2242 5566 2376 5635 ἁγία
2426 5565 2643 5628 σύνοδος
2698 5563 2797 5633 τὴν
2861 5562 3162 5634 μέλλουσαν
3215 5558 3381 5615 αὑτοῦ
3431 5556 3730 5628 ἐπιδημίαν

1550 5712 1717 5768 Varia:
1746 5711 2013 5765 lectiones
2045 5707 2252 5764 codicis
2277 5706 2640 5778 Seguieriani.

540 5821 566 5853 °
602 5817 698 5872 τοῦ
725 5818 856 5872 Θεοῦ
888 5819 1084 5885 πίστιν,
1113 5824 1208 5892 τὴν
1240 5822 1413 5893 ἁληῦῆ
1439 5842 1492 5877 τε
1525 5827 1618 5878 καὶ
1647 5818 1941 5896 ὀρυόδοξον.
2024 5835 2048 5873 P
2086 5824 2169 5880 ῖσ.
2215 5824 2308 5877 καὶ
2344 5820 2536 5874 πολλοῦ
2572 5819 2826 5890 nihilo-4;.
