4076 6484
364 439 501 499 1465

1342 442 1700 501 MEMNONIS
1733 444 2070 503 EPISTOLA
2113 448 2206 504 AD
2241 449 2527 507 CLERUM
2561 452 2666 509 CP.

3482 451 3620 508 1466

362 562 726 635 γενήσεσθαι,
777 561 995 634 τιμῶσα
1022 604 1037 628 ,
1110 563 1206 618 καὶ
1240 564 1299 619 τὸ
1340 568 1825 640 κεχρεωστημένον
1876 571 1943 640 τῇ

2054 588 2211 642 quam
2251 574 2497 644 Oportuit
2530 571 2799 629 sacerdoti
2833 570 3238 627 observantiam
3270 568 3620 639 impendens,

364 654 632 727 ἱερωσύνῃ
652 666 680 705 (ι
709 654 1022 726 πληροῦσα,
1070 656 1359 710 ἀπέστειλέ
1388 675 1543 722 τινας
1579 669 1601 697 ι’
1625 659 1732 714 τῶν
1761 660 1945 730 θεοφια

361 747 636 801 λεστάτων
654 748 975 803 ἐπισκόπων
1013 747 1154 819 μετά
1185 748 1280 804 καὶ
1306 749 1719 806 εὐλαϐεστάτων
1752 752 1947 824 κληρι-

361 839 478 893 κῶν
515 840 597 902 είς
630 839 932 910 ὑπάντησιν
963 837 1131 895 αὐτοῦ
1165 850 1212 879 ι’
1248 840 1340 895 δύο
1374 840 1545 896 ταῦτα
1573 842 1823 908 ποιοῦσα,
1852 848 1948 898 καὶ

360 929 462 1001 τὴν
487 931 983 1002 κεχρεωστημένην
1017 930 1303 1003 πληροῦσα
1347 934 1534 1005 τιμὴν,
1583 936 1678 989 καὶ
1719 934 1948 988 ποιοῦσα

363 1018 620 1087 φανερὸν,
668 1019 744 1083 ὡς
771 1020 976 1089 ὀφείλει
1017 1021 1116 1092 τὴν
1150 1021 1282 1093 πρὸς
1313 1022 1609 1094 Νεστόριον
1659 1022 1949 1094 συντυχίαν

254 1134 259 1137 -
361 1108 726 1179 φυλάξασθαι,
759 1110 848 1164 διὰ
873 1111 935 1165 τὸ
957 1112 1106 1183 παρά
1135 1116 1236 1184 τῆς
1263 1113 1425 1182 ἁγίας
1455 1115 1675 1168 συνόδου
1702 1114 1949 1185 καθῃρῆ-

364 1200 491 1255 σθαι
514 1201 678 1255 αύτὸν
704 1203 804 1273 τῆς
829 1203 1081 1269 ἀσεϐείας
1109 1204 1303 1270 ἓνεκα,
1333 1198 1402 1276 ἦς
1435 1204 1766 1276 ὲμελέτησεν
1793 1205 1838 1258 ⁸.
1871 1206 1945 1258 Οὐ

362 1292 818 1373 συγχωρηθέντεςο
844 1294 901 1348 δὲ
947 1295 1097 1367 παρά
1128 1295 1238 1349 τῶν
1278 1296 1562 1367 ἑπομένων
1597 1297 1746 1367 αὑτῷ
1783 1314 1947 1367 στρα-

358 1379 572 1435 τιωτῶν
605 1381 748 1435 κατὰ
774 1383 875 1452 τὴν
902 1383 1018 1437 ὁδὸν
1052 1383 1202 1455 αύτῷ
1233 1388 1561 1457 περιτυχεῖν,
1600 1386 1755 1441 οὐδὲν
1786 1380 1948 1458 ἧττον

358 1471 760 1544 ἠκολούθησαν,
789 1473 884 1528 καὶ
911 1474 1009 1542 τὴν
1046 1475 1223 1529 οὶκίαν
1255 1475 1387 1530 ἔνθα
1430 1477 1696 1531 κατέλυσε
1716 1520 1732 1544 ,
1765 1494 1951 1532 κατει-

358 1564 567 1635 λήφασι
592 1604 608 1631 ,
635 1565 730 1618 καὶ
775 1565 977 1631 πολλάς
1023 1568 1610 1639 προσκαρτερήσαντες
1638 1567 1788 1640 ὥρας
1810 1610 1826 1634 ,
1854 1569 1949 1623 καὶ

364 1657 441 1726 μὴ
474 1655 924 1728 συγχωρηθέντες
961 1656 1063 1726 τὴν
1099 1657 1236 1729 πρὸς
1265 1656 1427 1710 αὐτὸν
1457 1658 1789 1728 ποιήσασθαι
1825 1676 1950 1712 συν-

359 1747 571 1818 τυχίαν,
598 1747 821 1818 ἔμειναν
845 1746 1033 1819 ὕϐρεις
1057 1747 1443 1818 ὑπομένοντες.
1472 1750 1629 1802 Μετᾶ
1656 1749 1713 1802 δὲ
1748 1750 1950 1815 πολλάς

358 1839 530 1912 ὥρας,
561 1838 722 1892 τοῦτο
743 1838 899 1903 δόξαν
926 1837 1092 1909 αὐτῷ,
1133 1839 1514 1909 μετεστείλατο
1544 1841 1671 1903 τοὺς
1700 1840 1950 1895 θεοσεϐε-

2048 664 2312 733 quosdam
2336 664 2448 718 Deo
2474 662 2861 719 dilectissimos
2910 661 3196 731 episcopos
3237 674 3360 713 cum
3386 659 3624 713 nonnul-

2047 754 2114 809 lis
2139 770 2358 824 quoque
2390 753 2813 824 religiosissimis
2845 752 3063 809 clericis
3094 749 3312 806 obviam
3341 751 3417 804 illi
3452 749 3619 815 misit,

2047 842 2165 897 haec
2203 843 2314 898 duo
2350 842 2591 907 faciens,
2620 857 2817 913 nempe
2855 850 2913 897 et
2954 841 3197 897 debitum
3240 839 3322 894 illi
3356 839 3624 894 honorem

2047 932 2324 994 deferens,
2354 933 2624 1002 simulque
2652 939 2712 986 ut
2758 947 2790 986 a
2831 931 3092 996 Nestorii,
3121 939 3346 1000 propter
3370 930 3623 999 impieta-

2048 1029 2157 1076 tem
2198 1039 2361 1092 quam
2389 1023 2671 1095 professus
2710 1023 2910 1087 fuerat,
2935 1038 2966 1077 a
2990 1031 3176 1077 sancta
3210 1021 3416 1092 synodo
3449 1021 3622 1091 depo-

2048 1112 2140 1167 siti
2181 1114 2457 1184 colloquio
2490 1129 2549 1169 se
2586 1114 2909 1179 abstineret,
2941 1127 3068 1168 eum
3105 1112 3621 1167 eommonefaeiens.

2047 1204 2184 1259 Cum
2232 1213 2417 1259 autem
2466 1205 2703 1261 militum
2748 1205 3012 1260 comitatu
3059 1203 3309 1273 impediti
3354 1218 3482 1257 eum
3524 1217 3626 1273 per

2046 1293 2191 1349 viam
2213 1295 2417 1365 alloqui
2450 1310 2563 1350 non
2591 1303 2844 1365 possent;
2872 1294 3236 1349 nihilominus
3274 1300 3457 1347 tamen
3484 1307 3627 1363 pone

2047 1385 2115 1440 ad
2149 1385 2298 1441 illius
2337 1385 2705 1440 diversorium
2752 1400 2928 1456 usque
2962 1383 3244 1440 consecuti
3272 1391 3418 1446 sunt.
3444 1383 3629 1439 Multis

2048 1490 2231 1536 autem
2253 1480 2407 1536 horis
2432 1479 2508 1533 ibi
2529 1479 2929 1549 praestolantes,
2956 1492 3137 1548 neque
3163 1476 3330 1530 ullam
3353 1477 3472 1547 ejus
3493 1490 3628 1531 cou-

2049 1572 2303 1627 veniendi
2332 1571 2544 1641 copiam
2584 1571 2834 1627 obtinere
2861 1570 3127 1634 valentes,
3164 1568 3401 1623 militum
3432 1573 3629 1622 contu-

2049 1664 2231 1719 meliis
2276 1664 2498 1719 interim
2537 1662 2781 1728 onerati,
2816 1661 3007 1717 tandiu
3050 1666 3407 1724 manserunt,
3457 1658 3635 1723 donec

2051 1763 2175 1826 post
2195 1755 2507 1810 diuturnam
2540 1768 2772 1818 moram,
2798 1767 2924 1808 cum
2949 1751 3209 1806 videlicet
3238 1750 3313 1804 ita
3347 1749 3427 1803 illi
3453 1748 3633 1804 visum

2048 1849 2159 1918 jam
2191 1854 2357 1910 esset,
2399 1845 2677 1916 piissimos
2719 1843 3029 1914 episcopos,
3080 1841 3634 1912 religiosissimosque

362 1932 594 1995 στάτους
616 1931 972 1993 ἐπισκόπους,
1002 1930 1095 1983 καὶ
1134 1931 1263 1994 τοὺς
1296 1930 1727 1995 εὐλαϐεστάτους
1755 1933 1943 2003 κληρι-

2054 1940 2284 1995 clericos
2329 1937 2659 2001 accersitos,
2707 1950 2806 2006 per
2856 1934 3058 1989 milites
3101 1932 3170 1988 ad
3220 1948 3278 1987 se
3313 1933 3630 1987 introducit.

359 2026 515 2087 κους,
569 2023 806 2092 εἰσάγων
848 2023 1045 2085 αὐτοὺς
1088 2021 1179 2076 διά
1228 2023 1599 2093 στρατιωτῶν.
1640 2024 1732 2087 Ὦς
1778 2024 1835 2078 δὲ
1877 2024 1947 2078 τά

363 2116 518 2187 παρά
541 2114 643 2185 τῆς
669 2114 831 2183 άτίας
860 2113 1080 2166 συνόδου
1115 2114 1325 2184 φανερά
1363 2115 1732 2185 πεποιήκασιν
1764 2114 1941 2185 αὐτῷ,

364 2205 710 2277 συνεχώρησε
743 2204 835 2257 τὸν
891 2204 1478 2274 μεγαλοπρεπέστατον
1514 2206 1821 2275 Είρηναῖον,
1853 2207 1948 2260 καὶ

360 2300 488 2361 τοὺς
521 2297 616 2349 σὺν
653 2294 802 2364 αὐτῷ
846 2295 1180 2358 ἐπισκόπους
1207 2311 1268 2347 τε
1302 2297 1396 2349 καὶ
1445 2297 1776 2366 κληρικοὺς,
1806 2298 1944 2367 ἀφο-

363 2390 562 2459 ρήτους
587 2385 852 2438 ἐπιθεῖναι
882 2384 1098 2457 πληγὰς
1134 2387 1251 2448 τοῖς
1279 2385 1571 2456 ἡμετέροις
1602 2384 1945 2457 συλλειτουρ-

360 2478 500 2545 γοῖς,
536 2476 629 2528 καὶ
662 2478 776 2538 τοῖς
827 2474 1144 2545 κληρικοῖς,
1177 2475 1253 2536 ὡς
1296 2476 1392 2528 καὶ
1434 2474 1700 2540 κινδύνοις
1749 2477 1947 2540 αὐτοὺς

362 2564 784 2638 προσομιλῆσαι.
818 2563 1037 2619 Τούτων
1059 2564 1240 2618 τοίνυν
1267 2564 1672 2635 γεγενημένων,
1701 2584 1947 2637 παραγε-

360 2658 575 2729 νόμενοι
602 2658 681 2721 είς
701 2657 800 2727 τὴν
830 2656 993 2724 ἁγίαν
1019 2655 1237 2710 σύνοδον
1261 2658 1309 2709 οί
1338 2656 1736 2719 ἀποσταλέντες
1766 2657 1948 2710 θεοσε-

362 2749 614 2804 ϐέστατοι
656 2747 981 2813 ἐπίσκοποι,
1023 2749 1119 2802 καὶ
1152 2747 1252 2811 τάς
1291 2747 1507 2819 πληγάς
1542 2747 1904 2814 ἐπιδείξαντες
1927 2787 1945 2813 ,

360 2839 460 2893 καὶ
483 2839 552 2892 τά
582 2838 926 2908 γεγενημένα
951 2837 1366 2909 διηγησάμενοι,
1400 2840 1495 2892 ἐπὶ
1527 2840 1780 2911 πράξεως
1810 2840 1946 2893 ὑπο-

364 2930 667 3002 μνημάτων
714 2928 809 2982 τοῦ
845 2928 1003 2995 ἁγίου
1041 2929 1373 2999 Εὑαγγελίου
1417 2930 1785 3002 προκειμένου
1811 2971 1825 2995 ,
1868 2931 1949 2992 εἰς

360 3022 738 3092 ἀγανάκτησιν
768 3022 1126 3093 διανέστησαν
1146 3022 1245 3093 τὴν
1271 3021 1435 3090 ἀγίαν
1468 3021 1710 3075 σύνοδον·
1745 3023 1838 3075 καὶ
1866 3039 1952 3092 μι-

360 3114 497 3183 κρὸν
540 3114 703 3166 αὑτὸν
741 3113 1166 3185 σωφρονίζοντες
1189 3152 1204 3178 ,
1247 3111 1612 3183 ἀκοινώνητον
1644 3113 1806 3168 αὑτὸν
1850 3130 1950 3166 πε-

362 3206 650 3277 ποιήκασι·
674 3205 770 3259 καὶ
793 3205 1084 3276 γεγένηται
1106 3203 1307 3275 αὐτῷἡ
1333 3205 1699 3274 ἀκοινωνησία
1714 3221 1852 3276 ,φανε
1862 3206 1948 3275 ρά.

2048 2032 2411 2100 Posteaquam
2444 2044 2575 2084 vero
2601 2042 2720 2097 quae
2748 2043 2778 2081 a
2806 2035 2997 2082 sancta
3033 2024 3240 2095 synodo
3263 2024 3323 2078 in
3357 2022 3635 2078 mandatis

2046 2122 2348 2185 habebant,
2379 2120 2460 2174 illi
2484 2119 2886 2188 exposuissent,
2907 2133 3007 2187 per
3030 2114 3631 2187 magniﬁcentissimum

2048 2213 2306 2268 comitem
2348 2211 2638 2275 Irenaeum,
2669 2218 3005 2278 caeterosque
3036 2207 3131 2277 qui
3191 2221 3318 2261 cum
3368 2206 3487 2276 ipso
3530 2204 3632 2259 ad-

2018 2350 2023 2354 .
2047 2302 2527 2373 erant,episcopos
2550 2309 2713 2372 atque
2731 2299 2984 2363 clericos,
3005 2297 3379 2353 intolerabiles
3405 2296 3634 2351 commi-

2044 2394 2239 2450 nistris
2260 2393 2466 2449 nostris
2494 2391 2715 2448 clericis
2740 2390 2925 2460 plagas
2948 2389 3140 2444 inferri
3170 2388 3444 2465 permisit,
3469 2387 3544 2441 ita
3572 2398 3634 2441 ut

2049 2489 2106 2544 in
2134 2486 2302 2560 (vitae)
2330 2500 2551 2557 quoque
2575 2484 2873 2538 discrimen
2901 2479 3120 2536 adducti
3152 2478 3377 2533 fuerint.
3406 2477 3502 2531 llis
3526 2477 3633 2530 ita-

2049 2597 2157 2651 que
2188 2578 2498 2641 transactis,
2531 2575 2764 2647 piissimi
2793 2572 3038 2644 episcopi
3064 2571 3159 2641 qui
3200 2570 3268 2625 ad
3297 2570 3451 2624 illum
3480 2567 3636 2623 missi

2049 2673 2286 2734 fuerant,
2317 2669 2384 2724 ad
2423 2675 2668 2724 sanctam
2701 2664 2970 2738 synodum
2996 2662 3314 2725 redeuntes,
3342 2661 3635 2730 plagasque

2050 2762 2155 2818 sibi
2181 2760 2464 2831 impositas
2486 2758 2862 2819 ostendentes,
2894 2762 2951 2809 et
2975 2770 3096 2824 quae
3123 2751 3438 2807 acciderant
3462 2763 3634 2819 expo-

2050 2863 2278 2916 nentes,
2331 2851 2400 2905 arl
2450 2845 2974 2904 commentariorum
3027 2843 3299 2897 actionem
3356 2837 3637 2910 proposito

2053 2951 2243 2998 sancto
2274 2938 2592 3010 Evangelio,
2627 2944 2871 2990 sanctam
2904 2931 3173 3004 synodum
3206 2931 3273 2984 ad
3303 2926 3636 2997 indignatio-

2051 3049 2181 3088 nem
2208 3034 2644 3087 commoverunt.
2677 3024 2796 3080 1am
2839 3037 2974 3077 vero
3016 3017 3269 3074 nonnihil
3304 3019 3451 3073 illius
3492 3014 3651 3070 insoJ

2054 3124 2279 3180 lentiam
2313 3119 2673 3181 refrenantes,
2716 3130 2842 3171 eum
2870 3109 3423 3168 excommunicationi
3454 3107 3642 3178 subje-

2054 3222 2271 3278 cerunt,
2297 3226 2419 3282 qua:
2448 3219 2505 3265 et
2529 3208 2632 3278 ipsi
2657 3207 2978 3263 denuntiata
3005 3211 3109 3259 est.
3140 3201 3469 3270 Accepimus
3493 3199 3642 3255 enim

365 3299 658 3369 Ἐγνωμεν
687 3296 834 3368 γὰρ,
881 3297 956 3360 ὡς
997 3296 1281 3367 ἁνώνυμόν
1324 3314 1378 3350 τι
1425 3297 1522 3350 καὶ
1568 3297 1953 3368 ἀνυπόγραφον

2054 3306 2318 3375 scriptum
2349 3299 2646 3371 quoddam,
2681 3304 2893 3377 certum
2940 3294 3090 3349 illius
3136 3290 3462 3347 temeritatis
3516 3289 3640 3345 ille-

363 3389 509 3444 κατά
550 3406 601 3442 τι
640 3388 805 3459 μέρος
842 3387 941 3458 τῆς
975 3387 1188 3452 πόλεως
1227 3387 1493 3459 προετέθη
1516 3426 1532 3450 ,
1560 3386 1757 3458 δηλοῦν
1787 3386 1951 3441 αὐτοῦ

363 3480 464 3552 τὴν
488 3480 715 3547 ἀταξίαν
745 3479 841 3534 καὶ
873 3479 1226 3532 ἀκανόνιστον
1258 3477 1482 3549 γνώμην
1519 3494 1531 3507 ·
1560 3476 1684 3531 καθ’
1716 3476 1954 3548 ἑκάστην

363 3571 423 3626 δὲ
457 3571 937 3643 προσκαλούμενος
964 3569 1026 3622 τὸ
1052 3568 1249 3637 σεμνὸν
1279 3568 1684 3638 βουλευτήριον,
1717 3567 1956 3631 καὶτοὺς

365 3663 806 3734 λαμπροτάτους,
842 3661 936 3713 καὶ
965 3660 1027 3725 ἐξ
1063 3657 1244 3712 αὐτῶν
1278 3668 1303 3696 ιι
1347 3658 1486 3729 μετὰ
1514 3658 1759 3728 ἀνάγκης
1789 3659 1959 3729 ψηφίυ

368 3769 575 3825 σματα,
623 3751 765 3806 ὥστε
799 3753 879 3815 είς
920 3751 1013 3804 τὸν
1053 3750 1219 3804 τόπον
1265 3750 1356 3804 τὸν
1390 3749 1521 3821 ὲμὺν
1552 3750 1952 3822 χειροτονῆσαι.

382 3845 475 3910 Ὧς
504 3844 712 3907 πάντας
736 3844 862 3908 τοὺς
886 3841 1278 3906 κατοικοῦντας
1303 3841 1402 3914 τὴν
1431 3843 1608 3908 πόλιν,
1640 3843 1956 3915 ὀρθοδόξους

365 3940 758 4012 τυγχάνοντας,
782 3941 908 4002 τοὺς
934 3936 1257 4009 εὐκτηρίους
1290 3937 1679 4009 κατειληφέναι
1699 3938 1876 4001 οἴκους
1907 3947 1957 4003 π,

369 4032 468 4088 καὶ
525 4033 586 4085 ὲν
628 4033 812 4095 αὐτοῖς
841 4032 1034 4085 οίκεῖνο
1069 4030 1158 4085 ἵνα
1207 4029 1283 4101 μὴ
1328 4031 1362 4101 ἠ
1399 4029 1608 4084 ἐκείνου
1661 4030 1961 4100 προπέτεια

369 4127 469 4180 καὶ
494 4125 847 4187 ἀκανόνιστος
876 4121 1153 4194 θρασύτης
1182 4125 1216 4194 ἡ
1243 4122 1333 4176 διά
1361 4121 1473 4177 τῶν
1496 4122 1859 4194 προθεμάτων
1882 4126 1962 4186 είς

370 4218 533 4289 ἔργον
555 4216 695 4290 ἀχθῇ
716 4216 816 4287 τῆς
840 4216 1052 4287 φήμης.
1079 4213 1243 4268 Ὅθεν
1268 4216 1364 4269 καὶ
1385 4217 1443 4269 ὲν
1469 4215 1546 4286 τῷ
1564 4215 1706 4285 ἀγίῳ
1743 4215 1964 4285 Ἰωάννῃ

369 4303 450 4373 τῷ
496 4303 858 4374 εὐαγγελιστῇ
918 4301 1197 4367 ἀνελθὼν,
1250 4301 1410 4371 τοῦτο
1468 4302 1835 4373 ὑπεμφήνας,
1888 4302 1965 4364 ὡς

368 4395 580 4464 ὀφείλει
607 4408 636 4436 ι
675 4394 837 4448 αὑτὸν
862 4395 978 4448 ἐκεῖ
1001 4392 1398 4464 χειροτονῆσαι,
1433 4392 1644 4460 στάσιν,
1677 4393 1769 4446 καὶ
1791 4409 1960 4463 ταρα-

372 4487 477 4559 χὴν
498 4495 527 4536 γ
547 4486 626 4557 τῷ
648 4488 801 4558 τόπῳ
829 4487 1053 4558 ἐποίησε
1077 4494 1127 4547 Ζ,
1160 4487 1255 4538 καὶ
1290 4485 1428 4555 μετά
1452 4484 1687 4556 πλήθους
1715 4485 1964 4539 ἀτάκτων

2052 3395 2365 3465 gitimaeque
2401 3388 2651 3461 ejusdem
2691 3384 2979 3442 sentcntiae
3023 3389 3407 3454 argumentum
3431 3422 3445 3444 ,
3486 3380 3643 3438 nullo

2055 3493 2208 3543 certo
2230 3492 2453 3539 auctore
2475 3479 2708 3543 editum,
2733 3477 2881 3531 nulla
2908 3473 3313 3543 subscriptione
3342 3472 3640 3535 munitum,

2057 3580 2114 3635 in
2145 3570 2379 3649 q‘uadam
2412 3573 2652 3632 civitatis
2683 3579 2841 3642 parte
2876 3569 3045 3625 fuisse
3077 3567 3446 3638 propositum.
3492 3564 3642 3632 Quo-

2060 3670 2190 3725 tidie
2211 3676 2397 3724 autem
2417 3662 2795 3721 venerandum
2830 3667 3083 3717 senatum
3134 3656 3644 3725 illustrissimosque

2060 3757 2251 3832 (cives)
2277 3758 2344 3812 ad
2377 3773 2435 3812 se
2468 3770 2726 3817 evocans,
2756 3767 2952 3823 magna
2981 3748 3395 3820 importunitate
3433 3745 3645 3817 ﬂagita-

2058 3853 2173 3917 bat,
2204 3859 2266 3906 ut
2289 3864 2481 3905 eorum
2516 3844 2794 3915 suffragiis
2827 3843 2968 3898 alius
2995 3842 3051 3896 in
3079 3856 3262 3896 meum
3288 3840 3470 3894 locum
3500 3837 3649 3891 ordi-

2060 3952 2287 3999 naretur
2334 3935 2690 4012 (episcopus),
2744 3942 2806 3989 ut
2846 3948 3038 3989 omnes
3071 3931 3363 3987 orthodoxi
3410 3928 3651 3984 civitatis

2061 4034 2256 4089 incolae
2279 4030 2516 4086 oratoria
2538 4032 2894 4100 occuparent,
2918 4023 3104 4093 ibique
3129 4037 3250 4077 sese
3270 4021 3646 4083 continerent,

2063 4141 2131 4181 ne
2166 4124 2311 4179 illius
2340 4120 2618 4177 temeritas
2643 4126 2700 4173 et
2724 4115 2968 4172 nefarius
2998 4127 3167 4168 ausus
3193 4110 3414 4198 public‘e
3450 4124 3651 4179 propo-

2064 4217 2204 4272 situs
2226 4213 2392 4285 (quod
2413 4211 2560 4282 vulgi
2582 4223 2838 4265 sermone
2860 4200 3374 4273 circumferebatur)
3392 4201 3650 4255 ell‘ectum

2060 4307 2374 4362 sortiretur.
2419 4302 2574 4359 Unde
2605 4299 2673 4355 ad
2713 4298 2886 4354 sancti
2915 4296 3143 4352 Joannis
3174 4292 3523 4364 evangelista:
3551 4290 3651 4344 ba-

2064 4398 2275 4453 silicam
2301 4394 2620 4457 ascendens,
2646 4398 2703 4447 et
2730 4389 2878 4460 quod
2907 4387 3112 4443 ibidem
3139 4384 3497 4440 ordinaturus
3524 4397 3653 4437 cum

2064 4496 2230 4552 esset,
2266 4486 2571 4554 divulgans,
2604 4482 2929 4538 seditionem
2962 4476 3556 4544 tumultuationemque
3588 4490 3655 4529 eo

370 4577 739 4648 ὡπλισμένων
770 4577 1032 4640 ἀνελθὼν,
1065 4578 1142 4640 ὡς
1165 4576 1259 4629 καί
1288 4594 1441 4639 τινας
1469 4576 1580 4629 τῶν
1603 4577 1783 4630 ἐκεῖσε
1816 4594 1953 4630 πτω-

2066 4581 2122 4635 in
2153 4580 2276 4634 loco
2300 4574 2615 4633 concitavit.
2647 4573 2817 4628 Tanta
2850 4586 3087 4639 namque
3120 4575 3458 4622 armatorum
3502 4566 3653 4619 inso-

375 4668 491 4739 χῶν
520 4667 806 4739 ἡμιθανεῖς
838 4669 1061 4739 ποιῆσαι
1086 4684 1100 4699 ·
1137 4668 1231 4721 καὶ
1260 4665 1337 4729 ὡς
1363 4666 1643 4737 ὑϐρισθεὶς
1674 4667 1828 4739 παρά
1851 4666 1961 4719 τῶν

377 4762 592 4826 ἐκεῖσε,
627 4760 929 4831 ἀνήνεγκεν
981 4760 1076 4813 ἐπὶ
1121 4757 1299 4830 φθόνῳ
1344 4758 1444 4828 τῆς
1498 4758 1663 4827 ἁγίας
1715 4760 1955 4813 συνόδου.

377 4850 768 4917 Καταξιώσατε
777 4851 978 4915 τοίνυν,
992 4848 1295 4915 όσιὼτατοι,
1312 4850 1493 4903 πᾶσαν
1506 4849 1740 4920 σπουδὴν
1754 4848 1963 4914 θέσθαι,

381 4946 477 4999 καὶ
496 4944 596 5015 τὴν
618 4944 897 5008 ἀπόνοιαν,
925 4943 1021 4998 καὶ
1046 4943 1400 4998 ἀκανόνιστον
1426 4942 1654 5013 γνώμην
1690 4943 1965 5008 Ἰωάννου,

381 5036 479 5090 καὶ
507 5036 617 5089 τῶν
647 5037 744 5089 σὺν
778 5033 928 5105 αὐτῷ
955 5033 1339 5106 δημοσιεῦσαι,
1372 5034 1509 5106 πρὸς
1537 5033 1600 5086 τὸ
1622 5045 1647 5074 α
1696 5035 1790 5088 καὶ
1835 5035 1964 5098 τοὺς

386 5124 1003 5198 μεγαλοπρεπεστάτους
1030 5122 1277 5195 κόμητας
1312 5119 1562 5177 ἐντεῦθεν
1589 5119 1961 5191 ἀναχωρῆσαι,

384 5220 510 5285 τοὺς
541 5219 663 5275 καθ’
714 5217 928 5289 ἡμέραν
972 5214 1338 5287 ταράττοντας
1384 5214 1485 5285 τὴν
1534 5212 1688 5269 πόλιν
1725 5213 1817 5266 καὶ
1869 5213 1969 5282 τὴν

386 5311 591 5378 πίστιν,
627 5311 715 5365 ἵνα
757 5310 834 5381 μὴ
885 5310 952 5362 ὲκ
984 5305 1345 5379 συναρπαγῆς
1389 5304 1595 5361 τούτων
1642 5303 1968 5359 νοθεύωνται

386 5404 456 5457 τὰ
487 5405 586 5474 τῆς
620 5403 879 5465 πίστεως.

2059 4671 2293 4727 lentium
2324 4667 2676 4723 multitudine
2708 4664 3004 4721 comitatus
3046 4658 3315 4721 ascendit,
3352 4665 3413 4712 ut
3443 4656 3656 4726 aliquos

2067 4764 2143 4819 ibi
2176 4760 2611 4817 mendicantium
2658 4756 2964 4812 semineces
3010 4749 3301 4821 reliquerit
3339 4765 3353 4801 :
3396 4754 3454 4801 et
3500 4746 3658 4815 quasi

2066 4854 2298 4909 allectus
2340 4850 2534 4905 fuisset
2567 4846 2768 4918 injuria
2801 4844 2871 4899 ab
2903 4843 2973 4897 iis
3005 4842 3100 4911 qui
3149 4841 3222 4895 ibi
3256 4837 3462 4910 reperti
3506 4842 3656 4897 sunt,

2066 4950 2128 4997 ut
2151 4939 2360 5012 synodo
2387 4937 2649 4993 invidiam
2685 4934 2861 5004 possit
2884 4931 3124 4989 conﬂare
3158 4928 3323 4998 (apud
3356 4926 3659 4994 imperato-

2068 5048 2158 5088 res
2180 5030 2433 5103 ctalios),
2452 5035 2789 5097 conquestus
2811 5034 2913 5080 est.
2943 5023 3145 5089 Quare,
3173 5015 3505 5073 sanctissimi
3529 5014 3656 5079 viri,

2069 5124 2219 5181 omni
2251 5120 2501 5179 adhibito
2529 5118 2714 5175 studio
2745 5116 2996 5186 satagite,
3035 5122 3096 5166 ut
3138 5124 3337 5165 vesana
3377 5122 3441 5162 ac
3484 5114 3659 5160 teme-

2067 5213 2210 5268 raria
2252 5210 2479 5269 Joannis
2526 5208 2913 5274 sociorumque
2962 5202 3112 5257 illius
3163 5196 3435 5254 sententia
3480 5196 3657 5265 palam

2068 5302 2161 5357 fiat
2180 5342 2194 5363 ,
2234 5294 2872 5370 magniﬁcentissimique
2905 5290 3155 5352 comites,
3183 5287 3277 5356 qui
3305 5284 3551 5356 quotidie
3575 5284 3656 5339 ci-

2070 5395 2294 5449 vitatem
2336 5404 2392 5446 et
2438 5388 2603 5444 fidem
2634 5384 3001 5449 conturbant,
3052 5378 3540 5445 liiuc.disccdant;
3586 5390 3657 5431 ne

387 5495 585 5552 callida
617 5508 810 5549 eorum
842 5488 1219 5562 subreptione,
1256 5503 1378 5560 quae
1405 5487 1536 5544 fidei
1575 5496 1726 5553 sunt,
1755 5484 2053 5542 adulterari
2095 5485 2395 5553 contingat.

1467 5641 1637 5699 Variae
1665 5642 1930 5699 lectiones
1964 5640 2173 5696 codicis
2198 5635 2560 5708 chuicriani.

463 5795 494 5837 τι
530 5788 627 5857 τῆς
659 5781 984 5857 ἱερωσύνης1
1014 5780 1047 5851 ἢ
1076 5781 1317 5857 εἰρήνης.
1350 5850 1378 5857 η
1400 5789 1419 5817 τ
1456 5781 1535 5844 είς
1564 5779 1884 5848 ἀπάντησιν.
1955 5788 1988 5857 ’³
2065 5777 2147 5837 εἰς
2175 5772 2482 5857 ύπόμνησιν
2512 5768 2679 5857 αύντῷ.

747 5865 773 5892 ι
812 5839 1106 5923 oud-iam,
1242 5839 1495 5920 όξρείλειν.
1517 5839 1528 5844 ’
1574 5858 1602 5898 Υ
1631 5839 1848 5912 στάσεις
1885 5848 1978 5901 καὶ
2009 5839 2297 5917 ταραχάς(
2355 5839 2388 5879 τ’
2411 5839 2713 5909 ἐνεποίησε.

398 5867 425 5899 ν
450 5857 667 5920 τόπους.

2766 5768 2780 5802 ι
2858 5762 3226 5831 ὡμολόγησεν.
3304 5773 3330 5801 ιι
3405 5759 3649 5825 ἐξαιτῶν.

2793 5848 2815 5875 ι
2855 5834 2988 5906 πρὸς
3022 5834 3118 5903 τῷ.
