4076 6434
528 403 1448 442 Ἠ

632 403 3798 498 Ἦ

1750 538 1921 585 ANNO
1965 543 2189 590 DOMINI
2229 548 2559 598 CDXXXVIII

820 654 1493 892 ACACIUS
1571 673 2508 914 MELI’I‘ENES
2610 692 3500 940 EPISCllPUS

1874 1061 2418 1161 ‘NOTITIA.

1765 1190 1960 1251 (Oriens
1983 1192 2308 1261 Christianus,
2337 1200 2376 1261 l,
2405 1201 2538 1267 ιιι.)

586 1362 788 1422 Exorta
828 1367 1149 1427 Nestoriana
1171 1371 1384 1441 haeresi,
1425 1377 1708 1436 catholicae
1731 1383 1995 1444 doctrina:
2025 1402 2211 1462 partes
2242 1399 2486 1469 suscepit
2523 1401 2754 1460 Aeacius

513 1448 788 1520 Ephesina
814 1459 1021 1528 synodo
1061 1471 1213 1532 gesta
1244 1478 1394 1535 sunt,
1429 1487 1557 1542 pars
1583 1491 1779 1548 magna
1817 1479 1923 1536 fuit
1953 1501 1966 1537 :
2000 1448 2145 1543 u‘nde

2792 1405 3096 1476 Melitenes,
3135 1423 3301 1485 atque
3329 1433 3520 1473 eorum
3549 1438 3672 1492 quae
3724 1425 3784 1480 in

2178 1489 2420 1549 Joannes
2454 1495 2835 1557 Antiochenus
2871 1519 2995 1559 cum
3035 1522 3132 1561 sua
3171 1508 3534 1569 Orientalium
3567 1519 3788 1588 synodo

2369 1546 2412 1549 _,_
2454 1546 2835 1557 ______------....,
2871 1546 2995 1559 νυ...
3035 1546 3132 1561 ,τι-α
3172 1546 3534 1569 νιιυιιιαιιιιιιι
3567 1546 3784 1588 θχιιυυυ

513 1546 823 1618 sacerdotio
855 1551 1008 1606 illum
1045 1563 1102 1608 et
1134 1561 1523 1620 communione
1565 1566 1822 1634 privavit.
1855 1573 2167 1633 Alexander
2200 1581 2665 1656 Hierapolitanus,
2699 1593 2931 1661 epistola
2965 1613 3086 1666 quae
3116 1601 3310 1660 Latine
3339 1618 3516 1662 exstat
3546 1626 3669 1680 cap.
3711 1613 3784 1667 87

513 1635 851 1680 ΩοΙΙρΜίηηία
880 1661 944 1680 ον
981 1643 1264 1680 ’νοω-ωλι..
1295 1655 1481 1680 1--....2
1535 1660 1647 1680 -2_L
1669 1671 1711 1680 ε·
1752 1663 1767 1680 ι
1889 1669 1900 1679 -
2166 1673 2200 1680 ··
2398 1679 2415 1680 ί

1155 2289 1666 2386 ΑΚΑΚΙΟΥ
1737 2305 2414 2402 ΕΠΙΣΚΟΠΟΥ
2488 2323 3146 2421 ΜΕΛΙΤΗΝΗΣ

1624 2445 1869 2503 OMIAIA
1895 2451 2238 2511 ΛΕΧΘΕΙΣΑ
2270 2457 2364 2516 ΕΝ
2389 2462 2625 2539 ΕΦΕΣῼ.

1345 2665 1676 2749 ACACII
1765 2671 2235 2754 EPISCOPI
2319 2680 2914 2766 MELITENES

1643 2811 1960 2874 HOMILIA
2003 2816 2276 2877 EPHESI
2317 2820 2622 2884 HABITA.

1781 2937 1980 3001 (Mum,
2020 2940 2227 3003 Concil.,
2260 2943 2321 3005 V,
2351 2944 2480 3008 181.)

552 3130 881 3193 Cernentem
906 3149 1013 3207 me,
1037 3144 1247 3213 dilecti,
1277 3149 1459 3208 laetum
1483 3154 1630 3214 hunc
1655 3162 2067 3239 spiritalemque
2102 3184 2144 3239 Α

482 3237 654 3281 sacrae
680 3231 871 3292 synodi
906 3249 1244 3306 consessum,
1288 3247 1546 3313 gaudium
1579 3251 1741 3309 simul
1774 3267 1831 3312 et
1866 3259 2067 3320 ﬁducia

478 3407 664 3464 nimus
692 3411 746 3465 in
778 3417 1016 3473 maximo
1040 3421 1144 3476 hoc
1165 3426 1446 3495 sapientiae
1467 3434 1678 3506 pelago,
1705 3448 1924 3497 tenuem
1949 3461 2066 3501 ser-

478 3501 656 3556 monis
689 3506 937 3575 cymbam
988 3513 1261 3570 moderari
1305 3525 1580 3579 contendo
1613 3545 1625 3580 :
1654 3528 1854 3588 ﬁducia
1895 3551 2058 3602 vero,

475 3594 622 3662 quod
653 3599 836 3667 magni
869 3601 947 3655 illi
993 3604 1283 3664 seditionis
1318 3610 1519 3671 ﬂuctus
1554 3623 1871 3691 propediem
1901 3594 2060 3685 seda;

475 3683 705 3750 buntur,
731 3689 1138 3764 Dominicazque
1169 3702 1319 3768 pacis
1348 3683 1713 3778 tranquillitas
1740 3717 1806 3771 ad
1836 3721 2059 3776 univcr-

475 3776 643 3830 salem
667 3779 926 3837 Ecclesiae
948 3795 1150 3843 emtum
1175 3794 1396 3850 redibit.
1429 3776 1654 3857 Si—enim
1682 3807 1898 3865 Domini
1924 3813 2060 3868 duo-

473 3865 652 3922 decim
686 3886 915 3929 numero
945 3877 1222 3951 discipuli,
1262 3901 1387 3941 cum
1424 3890 1644 3948 illorum
1681 3899 1837 3954 navis
1863 3911 2057 3957 vento-

475 3972 597 4012 rum
622 3961 828 4033 impetu
857 3969 1094 4037 graviter
1118 3983 1462 4044 quateretur,
1489 3983 1582 4037 ubi
1607 3986 1843 4054 primum
1869 3991 2056 4045 Domi—

471 4066 603 4107 num
627 4054 1041 4130 invocaverunt,
1066 4069 1248 4122 statim
1278 4076 1657 4141 tempestatem
1682 4085 2014 4138 evaserunt‘
2039 4103 2052 4139 :

469 4156 676 4214 quanto
700 4154 873 4223 magis
901 4155 1006 4210 hoc
1033 4158 1210 4228 ipsum
1242 4178 1390 4219 nunc
1413 4165 1551 4222 citra
1583 4185 1802 4228 omnem
1839 4176 2056 4235 haesita-

469 4239 675 4294 tionem
707 4259 926 4313 sperare
956 4253 1233 4319 convenit,
1261 4269 1384 4309 cum
1414 4265 1493 4312 tot
1521 4259 1774 4333 discipuli
1801 4268 1854 4322 in
1880 4286 2053 4327 unum

468 4335 780 4402 congregati
808 4336 1100 4394 Dominum
1129 4346 1364 4413 prOpriis
1388 4349 1614 4406 vocibus
1643 4351 1898 4411 ﬂectent?
1927 4376 2050 4416 cum

466 4437 696 4492 magnus
719 4435 775 4480 et
797 4429 1017 4496 sapiens
1043 4433 1380 4500 gubernator
1403 4439 1492 4494 hic
1514 4442 1688 4510 adest,
1718 4449 1812 4517 qui
1841 4453 2048 4508 nullam

465 4527 644 4582 neque
673 4525 986 4585 ventorum,
1016 4538 1195 4594 neque
1228 4531 1589 4596 procellarum
1619 4543 2044 4599 commotionem
2082 4525 2122 4579 Β

463 4602 742 4670 formidat,
769 4610 863 4663 sed
892 4628 1084 4682 magna
1110 4631 1234 4670 cum
1259 4619 1584 4682 dexteritate
1608 4629 1787 4685 socios
1808 4635 2044 4704 remiges

464 4694 532 4749 ad
581 4697 792 4752 clavum
839 4703 1083 4770 adhibet,
1133 4708 1420 4784 ipsumque
1457 4729 1518 4774 ut
1561 4721 1722 4774 simul
1757 4694 2044 4793 capessant

462 4787 799 4853 persuadens
825 4801 880 4845 et
917 4810 1112 4866 magna
1135 4808 1492 4862 consonantia
1518 4808 1586 4862 ad
1621 4812 1910 4868 Dominum
1935 4817 2044 4872 cla-

463 4892 614 4932 mare
634 4896 742 4935 non
775 4895 952 4940 cessat
980 4905 991 4940 :
1028 4909 1045 4938 (
1067 4890 1318 4958 Domine,
1351 4913 1459 4951 non
1486 4899 1552 4952 ad
1579 4907 1630 4954 te
1655 4904 2039 4978 pertinetquia

460 4972 707 5039 perimus
735 4975 786 5028 ’?
819 4996 835 5026 ι
864 4977 965 5044 Qui
1007 4996 1141 5038 voce
1185 4985 1335 5041 illius
1367 4990 1551 5042 statim
1589 5008 1739 5057 usus,
1774 5013 1881 5052 non
1922 5003 2038 5058 sine

460 5059 832 5131 increpatione
877 5085 1146 5126 saevorum
1197 5075 1364 5130 maris
1413 5077 1676 5135 ﬂuctuum
1727 5103 1740 5138 :
1792 5108 1809 5139 ι
1861 5090 2036 5157 Tace,

458 5149 656 5220 inquit,
679 5163 734 5208 et
754 5157 1072 5218 obmutesCe
1096 5163 1136 5216 ³.
1170 5183 1188 5213 ι
1216 5165 1783 5236 Congruentissimum
1805 5183 2037 5250 proinde

456 5250 542 5295 est
575 5253 632 5298 ut
660 5244 727 5300 de
755 5252 1010 5316 praesenti
1052 5267 1239 5307 rerum
1284 5265 1426 5312 statu
1471 5263 1675 5320 rectius
1715 5284 2033 5341 speremus,

457 5327 781 5404 debitasque
825 5339 1126 5407 gratiarum
1171 5345 1416 5403 actiones
1460 5350 1573 5406 Deo
1622 5361 2032 5430 persolvamus;

455 5426 898 5495 quandoquidem
933 5437 1254 5502 tempestas,
1285 5454 1405 5507 quae
1436 5443 1702 5504 adversus
1745 5426 2030 5510 veritatem

2253 3172 2482 3246 Ὀρῶντί
2513 3191 2625 3244 μοι,
2657 3175 2956 3248 ἀγαπητοὶ,
2973 3179 3036 3232 τὸ
3059 3182 3281 3254 φαιδρὸν
3305 3185 3462 3240 τοῦτο
3482 3190 3574 3244 καὶ
3595 3208 3766 3248 πνευ-

2171 3266 2403 3337 ματικὸν
2434 3267 2535 3336 τῆς
2586 3267 2750 3336 ἁγίας
2800 3271 3022 3326 συνόδου
3079 3277 3387 3346 συνέδριον,
3441 3282 3652 3353 χαίρειν
3697 3305 3760 3342 τε

2027 3355 2067 3409 i-
2166 3360 2303 3431 ὁμοῦ
2332 3361 2629 3433 ἐπέρχεται
2673 3364 2769 3418 καὶ
2797 3364 3043 3438 θαρρεῖν.
3079 3369 3304 3440 Χαίρειν
3345 3373 3465 3443 μὲν,
3503 3378 3585 3430 ὅτι
3612 3381 3756 3435 πάντ-

2165 3469 2274 3506 των
2305 3453 2591 3524 ἐλάχιστος
2620 3452 2696 3505 ὢν
2726 3457 2786 3509 ἐν
2818 3457 2896 3527 τῷ
2933 3459 3178 3530 μεγίστῳ
3217 3463 3391 3530 τούτῳ
3419 3469 3518 3536 τῆς
3561 3471 3757 3539 σοφίας

2165 3545 2397 3614 πελάγει
2426 3547 2488 3599 τὸ
2523 3549 2779 3619 πενιχρὸν
2800 3548 2960 3602 τοῦτο
2990 3551 3086 3603 τοῦ
3116 3551 3275 3621 λόγου
3312 3557 3517 3625 σκάφος
3551 3560 3756 3618 ἰθύνειν

2165 3635 2491 3707 ἐπείγομαι·
2547 3637 2770 3710 θαρρεῖν
2801 3639 2892 3703 δὲ,
2934 3641 3015 3693 ὅτι
3065 3641 3134 3695 τὰ
3177 3645 3277 3714 τῆς
3327 3647 3754 3716 ἐπαναστάσεως

2161 3727 2372 3796 ταχέως
2400 3729 2810 3803 Θραυσθήσεται
2846 3731 3089 3802 κύματα,
3117 3735 3212 3788 καὶ
3241 3739 3310 3808 τῇ
3338 3738 3548 3812 γαλήνῃ
3582 3743 3610 3782 ι)
3651 3745 3754 3814 τῆς

2161 3819 2255 3870 τοῦ
2313 3821 2524 3892 Κυρίου
2583 3825 2808 3895 εἰρήνης
2883 3825 3021 3896 πρὸς
3087 3825 3150 3879 τὸ
3209 3829 3587 3900 οἰκουμενικὸν
3646 3836 3750 3905 τῆς

2175 3908 2508 3980 Ἐκκλησίας
2543 3911 2864 3983 ἐπιστρέψει
2918 3912 3157 3982 πέλαγος
3191 3925 3239 3968 ο.
3271 3914 3335 3968 Εἰ
3382 3917 3491 3989 γὰρ
3536 3917 3748 3974 δώδεκα

2160 3999 2315 4063 ὅντες
2349 4001 2441 4054 τοῦ
2478 4003 2686 4074 Κυρίου
2740 4003 3008 4075 μαθηταὶ,
3056 4007 3146 4059 ὅτε
3192 4008 3377 4072 αὐτοῖς
3427 4009 3487 4062 τὸ
3535 4011 3746 4079 σκάφος

2160 4091 2265 4144 ὑπὸ
2312 4096 2411 4163 τῆς
2454 4093 2576 4164 βίας
2619 4095 2727 4149 τῶν
2779 4097 2999 4167 ἀνέμων
3038 4099 3366 4168 ἐκυμαίνετο
3395 4099 3445 4166 ἀ,
3495 4103 3632 4173 ὁμοῦ
3666 4105 3745 4175 τῷ

2161 4183 2356 4254 βοῆσαι
2392 4186 2529 4256 πρὸς
2559 4187 2790 4259 Κύριον,
2838 4188 2948 4242 τῶν
2991 4191 3264 4261 χειμῶνος
3308 4193 3737 4265 ἀπηλλάττοντο

2161 4274 2314 4344 πόσῳ
2353 4276 2556 4345 μᾶλλον
2603 4277 2762 4331 τοῦτο
2808 4277 2904 4332 νῦν
2949 4280 3082 4350 ἡμῖν
3137 4281 3380 4346 ἐλπίζειν
3435 4283 3740 4354 ἀναμφίὸοο

2156 4365 2247 4418 λον
2272 4378 2319 4434 ε,
2370 4369 2458 4423 ὅτε
2501 4369 2750 4423 τοσοῦτοι
2777 4370 2870 4423 τοῦ
2917 4373 3121 4444 Κυρίου
3158 4373 3398 4444 μαθηταὶ
3447 4375 3738 4432 ἐπιτοαυτὸ

2157 4459 2585 4530 συνδραμόντες,
2625 4463 2748 4525 ταῖς
2780 4463 3013 4527 οἰκείαις
3043 4464 3493 4536 ἐκδυσωπήσουσι
3530 4472 3738 4537 φωναῖς

2150 4551 2243 4603 τὸν
2266 4552 2505 4622 Κύριον;
2547 4554 2629 4606 ὅτι
2666 4553 2685 4592 ί
2727 4555 2755 4605 ὁ
2787 4555 2962 4624 μέγας
2987 4548 3142 4620 οὗτος
3173 4557 3405 4627 πάρεστι
3439 4560 3533 4612 καὶ
3568 4560 3734 4630 σοφὸς

2151 4644 2518 4716 κυϐερνήτης,
2566 4645 2690 4700 οὔτε
2729 4646 2846 4715 βίας
2881 4647 3100 4716 ἀνέμων
3141 4648 3560 4720 εὐλαϐούμενος,
3605 4651 3734 4706 οὔτε

2150 4736 2319 4807 ζάλης
2351 4737 2623 4809 ταραχὰς,
2687 4738 2824 4792 ἀλλὰ
2861 4738 2958 4791 σὺν
3001 4739 3168 4811 τέχνῃ
3214 4740 3382 4812 πολλῇ
3421 4744 3546 4805 τοὺς
3604 4761 3733 4798 συν-

2147 4847 2172 4880 ε
2184 4829 2347 4900 ρέτας
2368 4832 2394 4870 ⁸
2410 4830 2503 4884 ἐπὶ
2516 4829 2578 4883 τὸ
2596 4830 2856 4902 πηδάλιον
2873 4831 3045 4899 ἄγων,
3069 4834 3163 4886 καὶ
3178 4833 3372 4887 τούτου
3394 4839 3734 4903 συνεφάπτε-

2148 4919 2272 4972 σθαι
2317 4921 2541 4987 πείθων,
2578 4923 2674 4975 καὶ
2713 4923 2882 4994 πολλῇ
2930 4926 2996 4994 τῇ
3029 4925 3318 4995 συμφωνίᾳ
3345 4927 3483 4997 πρὸς
3512 4927 3602 4981 τὸν
3630 4930 3733 4982 As-

2147 5013 2356 5082 σπότην
2394 5013 2564 5083 βοῶν·
2600 5034 2618 5067 ι
2670 5017 2746 5070 Οὐ
2801 5018 2951 5083 μέλει
2994 5036 3110 5085 σοι,
3143 5020 3224 5073 ὅτι
3271 5019 3657 5090 ἀπολλύμεοα;
3703 5041 3721 5072 ι
3801 5041 3804 5044 ν

2142 5103 2253 5155 Καὶ
2281 5104 2492 5174 ταχέως
2513 5109 2580 5176 τῇ
2617 5108 2749 5178 παρ’
2765 5108 2931 5162 αὐτοῦ
2961 5113 3110 5181 φωνῇ
3144 5110 3282 5182 πρὸς
3310 5112 3402 5164 τὸν
3432 5112 3595 5164 σάλον
3613 5113 3726 5167 τῶν

2141 5193 2402 5262 κυμάτων
2435 5196 2724 5262 δυσωπῶν,
2776 5199 2963 5267 λέγει·
3005 5219 3023 5252 ι
3079 5202 3301 5255 Σιώπα⁸
3341 5204 3649 5272 πεφίμωσο.
3699 5225 3718 5257 ι

2141 5283 2378 5354 Θαρῤεῖν
2404 5283 2496 5341 οὖν
2535 5289 2630 5342 καὶ
2659 5290 3006 5362 εὐχαριστεῖν
3029 5293 3162 5362 ἡμῖν
3195 5292 3406 5347 ἔπεισιν
3431 5295 3458 5333 δ
3483 5295 3575 5346 ἐπὶ
3605 5299 3720 5360 τοῖς

2140 5373 2406 5443 παροῦσιν
2445 5377 2855 5448 ἁρμοδιώτατον
2878 5396 2894 5412 ·
2930 5381 3138 5453 ὅτιπερ
3166 5384 3198 5451 ἡ
3233 5381 3432 5447 δόξασα
3456 5383 3597 5438 κατά
3617 5383 3719 5454 τῆς

1543 5631 1717 5688 Variae
1745 5636 2006 5698 lectiones
2039 5651 2244 5706 codicis
2272 5639 2638 5723 Seguicriani;

494 5697 1072 5820 δῑέσὲίέῗέήῖῧῷςξῇ
1097 5712 1675 5820 ἶξέἱήᾜιείξξυχέξριον
1735 5730 1760 5767 ά
1793 5697 2390 5807 ὴλαύνετοηζέλπίζεῖν
2418 5747 2566 5815 ἡμᾶς
2592 5700 2980 5818 άναμφίϐολον.
3066 5748 3082 5786 ί
3117 5747 3222 5800 ὅτε.
3283 5749 3308 5789 ⁸
3347 5747 3703 5820 συνεργάτας-

456 5767 485 5806 ι
515 5767 599 5822 ῑσ.
643 5767 836 5837 ἐπίσης
865 5767 1072 5831 'deest"
1098 5767 1344 5840 bree'v'ot
1372 5767 1569 5844 initiis:
