4076 6452
313 441 443 499 ιιδο
1333 429 1552 486 ΑιλΑιλιι
1587 426 1920 483 ΜΕῌΤΕΝΕ

2021 426 2196 484 EPISC
2222 471 2236 484 .
2275 435 2577 486 llOMILIA.
3422 428 3556 483 15το

308 559 605 626 φωστῆρας
661 553 949 608 ἐπιτοαυτδ
995 553 1322 623 συνδραμεῖν
1368 545 1782 618 παρεσκεύασεν
1827 539 1920 604 ίἈ

2021 551 2216 603 xcitata
2242 550 2551 608 videbatur.
2583 559 2852 604 terrarum
2882 549 3034 604 orbis
3063 549 3271 602 lumina
3303 546 3356 601 in
3386 562 3555 600 ιιιιιιιιι

314 642 387 699 ὧν
431 650 460 700 6
491 647 588 716 μὲν
623 646 736 716 βίος
780 645 1018 716 Χριστοῦ
1054 643 1254 697 εὐωδία
1283 643 1400 694 ἐστὶ
1431 639 1510 710 τῷ
1555 637 1693 708 Θεῷ,
1739 638 1773 707 ἡ
1823 634 1880 686 δὲ

2021 643 2161 712 oegit
2187 659 2199 694 :
2225 657 2460 712 quorum
2481 641 2702 711 quidem
2733 641 2843 695 vita
2871 641 3049 695 bonus
3076 649 3159 695 est
3188 639 3390 695 Christi
3422 639 3558 692 odor

314 739 521 793 διάνοια
549 738 687 809 πρὸς
720 737 849 808 μίαν
881 737 978 790 καὶ
1017 736 1112 806 τὴν
1147 734 1316 805 αὐτὴν
1346 734 1445 802 τῆς
1475 730 1734 801 ἀληθείας
1760 744 1883 780 συν⁹

2021 743 2097 787 leo
2119 732 2168 795 ἰ;
2201 731 2472 786 sententia
2495 746 2624 785 vero
2653 730 2720 784 ad
2741 746 2905 784 unam
2928 727 3287 797 eamdemque
3309 727 3558 781 veritatis

315 831 484 900 ἧπται
520 827 848 899 ἑκφώνησιν.
878 829 953 880 Οὺ
989 826 1097 898 γὰρ
1128 825 1265 880 ἄλλα
1299 824 1396 893 μὲν
1423 825 1548 886 τοὺς
1580 836 1882 892 προσερχο-

2025 825 2428 879 medicationem
2471 823 2810 894 conspirans.
2855 822 3042 890 Neque
3079 822 3228 876 enim
3271 821 3418 874 aliud
3463 834 3559 874 eos

319 920 515 990 μένους
547 919 896 988 διδάσκομεν,
936 917 1070 972 ἄλλα
1097 917 1154 969 δέ
1184 917 1309 987 περί
1343 914 1451 967 τῶν
1485 910 1885 980 διδασκομένων

2026 917 2082 970 ui
2116 931 2217 971 nos
2251 915 2453 970 adeunt
2479 915 2758 978 docemus,
2795 912 2944 966 aliud
2975 913 3041 966 de
3075 912 3238 966 rebus
3273 911 3404 980 ipsis
3436 925 3559 964 cre-

316 1009 676 1080 πιστεύομεν·
706 1009 821 1063 ἀλλ’
860 1011 993 1079 ἡμῖν
1028 1003 1109 1072 εἷς
1135 1009 1339 1076 Κυριος
1385 1004 1590 1076 Ἰησοῦς
1628 1001 1884 1072 Χριστὸς.

2021 1011 2170 1064 imus
2213 1028 2226 1062 :
2259 1009 2300 1063 si
2337 1008 2558 1078 quidem
2607 1025 2750 1064 unus
2783 1017 2866 1063 est
2906 1007 3065 1061 nobis
3099 1005 3362 1058 Dominus
3404 1003 3561 1057 Jesus

315 1103 346 1155 6
395 1100 691 1171 μονογενὴς
723 1099 847 1162 Υἱὸς
887 1098 981 1151 τοῦ
1021 1098 1179 1160 Θεοῦ,
1210 1097 1343 1160 Θεὸς
1384 1097 1555 1164 Λόγος
1608 1095 1636 1146 6
1689 1093 1883 1155 αὑτός·

2021 1102 2269 1166 lbristus,
2318 1101 2632 1169 unigenitus
2689 1100 2786 1153 Dei
2834 1099 3033 1160 Filius,
3076 1098 3219 1150 Deus
3279 1094 3558 1149 Verbum:

316 1190 462 1262 πρδι
503 1191 604 1260 μὲν
627 1190 849 1242 πάντων
870 1190 978 1242 τῶν
1000 1187 1210 1242 αἰώνων
1245 1189 1308 1238 ἐκ
1345 1187 1506 1258 μόνου
1532 1185 1768 1256 Πατρδς,
1799 1182 1886 1235 ἐπ’

2021 1194 2135 1248 dem
2165 1200 2290 1246 ante
2319 1191 2503 1244 omnia
2545 1190 2741 1244 saecula
2779 1205 2846 1242 ex
2879 1189 2994 1243 solo
3027 1188 3217 1251 Patre,
3252 1185 3396 1238 idem
3434 1199 3562 1235 rur-

317 1281 568 1351 ἐσχάτων
597 1282 654 1334 δέ
696 1280 804 1335 τῶν
838 1279 1061 1351 ἡμερῶν
1105 1281 1162 1332 ἑν
1203 1281 1269 1350 τῇ
1301 1278 1395 1330 τοῦ
1441 1276 1627 1330 δούλου
1667 1276 1883 1346 μορφῇο

2022 1302 2111 1341 ιιιιι
2134 1286 2190 1339 ἰιι
2221 1283 2536 1338 novissimis
2570 1282 2766 1336 diebus
2794 1281 2850 1334 in
2895 1280 3039 1334 servi
3085 1277 3288 1340 forma;
3320 1275 3468 1330 solus
3499 1289 3565 1328 ex

318 1371 432 1425 ἄνω
480 1371 655 1442 μόνος¹
685 1372 750 1425 ἐκ
802 1371 988 1441 μόνου,
1030 1371 1182 1424 κάτω
1244 1370 1404 1439 μόνος
1447 1370 1511 1421 ἐκ
1577 1367 1763 1438 μόνης.
1809 1365 1888 1419 Τά

2022 1380 2110 1435 olo
2130 1395 2388 1449 superne,
2424 1376 2574 1431 solus
2611 1389 2830 1429 rursum
2855 1388 2921 1427 ex
2946 1373 3059 1426 sola
3086 1368 3323 1432 inferne;
3358 1373 3569 1419 utrum-

2359 1469 2394 1479 ε.
2439 1468 2450 1479 ο
2585 1467 2600 1479 ι
2796 1464 2829 1479 ο.
2983 1478 2991 1479 ,
3045 1477 3058 1479 _
3133 1458 3267 1479 ---ΑΔ
3301 1457 3351 1479 2...
3383 1463 3564 1479 _-..I_..

316 1462 461 1517 αὐτὰ
489 1463 775 1534 ἀμφότερα
795 1461 820 1498 ι
845 1461 1062 1526 θεῖκῶς,
1084 1461 1436 1533 ἀνθρωπίνως
1474 1460 1529 1513 δέ
1552 1463 1616 1530 τῇ
1650 1459 1892 1528 ἡμετέρᾳ

2021 1487 2098 1540 μιθ
2122 1479 2303 1524 autem
2343 1468 2548 1529 divine,
2585 1464 2904 1520 humanitus
2935 1477 3088 1525 vero,
3124 1458 3270 1529 quod
3301 1457 3355 1511 in
3383 1463 3570 1509 nostra

321 1556 490 1627 σαρκὶ
518 1557 614 1608 καὶ
646 1555 936 1624 νηπιότητι
964 1552 1220 1624 τεχθῆναι
1241 1569 1254 1584 ο
1288 1553 1316 1604 6
1343 1551 1507 1614 αὐτὸς
1534 1549 1751 1619 ἀπαθὴς
1777 1549 1894 1602 θεό-

2021 1577 2155 1616 rarne
2181 1570 2235 1617 et
2261 1561 2489 1616 infantia
2521 1560 2737 1631 genitus
2776 1557 2848 1611 sit
2886 1573 2898 1608 ε
2935 1554 3078 1608 idem
3108 1549 3460 1621 impassibilis
3489 1547 3572 1601 di-

319 1661 466 1714 τητι,
517 1644 704 1698 παθὼν
741 1645 800 1699 δέ
831 1644 974 1714 ὑπὲρ
1030 1644 1186 1714 ήμῶν
1233 1641 1495 1706 ἑκουσίως
1544 1641 1744 1710 σαρκί·
1796 1643 1894 1694 οὑκ

2021 1653 2247 1718 ’ἰιιίῑιιῑο,
2277 1668 2377 1722 pro
2403 1651 2566 1706 nobis
2589 1665 2720 1704 vero
2746 1654 2938 1718 sponte
2977 1660 3168 1714 passus
3191 1657 3355 1696 carne
3390 1641 3434 1703 ³,
3462 1655 3573 1693 non

320 1736 596 1800 ἀκουσίως
644 1736 742 1808 τὴν
794 1738 1107 1807 οἰκονομίαν
1167 1735 1483 1805 δεξάμενος,
1535 1733 1649 1786 ἀλλ’
1706 1733 1905 1785 ἑαυτὸὺ

2021 1742 2364 1797 nvoluntarie
2387 1739 2848 1810 dispensationem
2866 1734 3188 1803 suscipiens,
3208 1729 3303 1784 sed
3327 1729 3572 1797 seipsum

321 1828 569 1892 κενώσας
590 1828 875 1895 ἑκουσίως,
922 1827 1106 1882 λαϐὼν
1153 1828 1253 1897 τὴν
1291 1825 1385 1881 τοῦ
1428 1825 1616 1878 δούλου
1659 1824 1893 1895 μορφήν.

2021 1833 2308 1887 roluntaric
2337 1831 2679 1893 exinaniens,
2708 1832 2960 1895 suscepta
2988 1821 3131 1878 servi
3177 1820 3350 1874 forma
3387 1820 3428 1872 ‘.
3465 1817 3574 1872 Sed

323 1921 434 1974 Καὶ
460 1920 662 1986 λαϐὼν,
707 1920 796 1974 διὰ
946 1920 1033 1972 ἵνα
1064 1935 1125 1972 σε
1163 1892 1484 1988 σύμμορφον
1520 1915 1535 1954 ι
1570 1892 1671 1985 τῆς.
1692 1892 1897 1978 οίκείας

2021 1943 2100 1981 :ur
2133 1925 2414 1994 suscepta?
2443 1931 2504 1977 ut
2547 1937 2657 1977 suae
2690 1928 2743 1974 te
2782 1918 2966 1989 gloriae
2991 1914 3326 1970 conformem
3351 1925 3578 1964 consor-

320 2010 484 2080 δόξης
547 2010 885 2082 ἐργάσηται·
927 2010 1023 2064 καὶ
1084 2011 1354 2080 μαρτυρεῖ
1421 2007 1632 2071 Παῦλος
1685 2007 1894 2074 λέγων’

2021 2033 2221 2086 emque
2249 1997 2524 2070 redderet.
2559 2012 2617 2066 Id
2656 2009 2800 2080 quod
2835 2005 3128 2076 Apostolus
3157 2001 3422 2072 ejusmodi
3453 2014 3576 2056 ora-

329 2124 351 2154 ι
393 2101 655 2170 Ἥμῶνδέ
674 2102 736 2155 τὸ
763 2101 1067 2172 πολίτευμα
1097 2104 1155 2153 ἐν
1179 2101 1426 2172 οὐρανοῖς
1456 2098 1692 2169 ὑπάρχει
1716 2114 1729 2126 ·
1751 2096 1808 2162 ἐξ
1836 2089 1896 2149 οὗ

2021 2109 2151 2163 .ione
2183 2106 2342 2161 nobis
2372 2110 2631 2159 testatum
2656 2100 2785 2155 facit
2813 2117 2826 2152 :
2862 2117 2879 2149 ι
2917 2097 3133 2160 Nostra,
3161 2095 3256 2157 ait,
3286 2106 3577 2146 conversa-

325 2198 422 2250 καὶ
445 2197 674 2268 Σωτῆρα
693 2195 1103 2266 ἀπεκδεχόμεθα
1142 2195 1348 2266 Κύριον
1389 2193 1597 2265 Ἰησοῦν
1626 2192 1860 2262 Χριστόν
1880 2207 1893 2220 ·

323 2288 386 2352 ὃς
419 2288 892 2358 μετασχηματίσει
919 2287 979 2341 τὸ
1010 2289 1171 2358 σῶμα
1203 2287 1304 2358 τῆς
1331 2285 1712 2348 ταπεινώσεως
1744 2283 1900 2354 ήμῶν

324 2377 409 2439 εἰς
461 2376 524 2428 τὸ
574 2375 831 2444 γενέσθαι
884 2375 982 2428 καὶ
1031 2376 1164 2428 αὑτὸ
1211 2376 1534 2446 σύμμορφον
1569 2373 1646 2443 τῷ
1687 2371 1900 2442 σώματι

327 2468 428 2538 τῆς
455 2468 614 2540 δόξης
644 2476 683 2505 ω
707 2467 893 2522 αὑτοῦ.
927 2487 946 2520 ι
993 2466 1051 2519 '0
1080 2467 1258 2520 τοίνυν
1285 2467 1547 2529 ἑκουσίως
1587 2463 1768 2519 λαϐὼν
1803 2464 1902 2535 τὴν

330 2557 427 2611 τοῦ
451 2559 637 2612 δούλου
673 2558 909 2629 μορφὴν,
950 2561 978 2612 6
1009 2558 1108 2630 τὴν
1141 2558 1335 2612 ἑνωσιν
1378 2559 1452 2628 μὴ
1483 2556 1903 2629 παραιτησάμε-

332 2664 444 2709 νος,
491 2646 612 2708 πῶς
648 2648 714 2700 τὰ
753 2646 847 2699 τοῦ
894 2647 1081 2700 δούλου
1124 2648 1474 2718 παρῃτήσατο
1508 2648 1685 2717 πάθη;
1741 2647 1804 2700 Εἰ
1847 2646 1905 2699 δὲ

334 2740 714 2809 παρῃτήσατο,
767 2738 914 2802 τίνος
944 2739 1132 2792 ἕνεκεν
1181 2739 1428 2810 παθητὴν
1456 2735 1624 2792 οὖσαν
1663 2738 1761 2810 τὴν
1813 2737 1904 2792 τοῦ

332 2825 524 2878 δούλου
562 2825 776 2897 μορφὴν
799 2827 1202 2896 άνελάμϐανενς
1239 2829 1380 2882 Ἀλλ’
1419 2823 1572 2891 οὗτος
1603 2837 1631 2864 υ
1667 2830 1728 2882 οὐ
1764 2846 1908 2900 παρ-

335 2913 596 2983 ῃτήσατο,
618 2914 700 2966 ὅτι
722 2913 906 2966 λαϐὼν
941 2916 1038 2986 τὴν
1066 2915 1160 2968 τοῦ
1204 2915 1390 2968 δούλου
1427 2917 1637 2987 μορφὴν
1670 2918 1910 2987 ὑπήκοος

337 3003 548 3070 γίνεται
569 3021 582 3036 ο
608 3005 636 3057 6
685 3005 796 3060 ἄνω
844 3005 1218 3078 ἐξουσιαστὴς,
1251 3007 1401 3060 κάτω
1431 3007 1671 3078 ὑπήκοος
1693 3025 1705 3036 ’
1738 3010 1765 3060 6
1799 3009 1911 3061 ἄνω

339 3095 491 3161 Υἱὸς,
531 3098 684 3149 κάτω
709 3097 939 3151 παιδίον.
981 3097 1091 3151 Καὶ
1114 3099 1515 3168 ἀναμιμνήσκω
1554 3116 1613 3151 σε
1641 3102 1738 3170 τῆς
1775 3117 1910 3170 προ-

2003 2200 2079 2254 ιίο
2098 2199 2153 2253 in
2175 2198 2329 2252 cmlis
2349 2203 2450 2250 est.
2470 2193 2624 2250 Unde
2647 2193 2809 2247 etiam
2842 2190 3175 2244 Salvatorem
3199 2192 3578 2253 exspectamus
3652 2211 3654 2214 ν

2001 2285 2291 2340 Dominum
2325 2283 2512 2339 Jcsum
2547 2280 2852 2344 Christum,
2893 2278 2986 2347 qui
3022 2273 3344 2330 reformabit
3376 2286 3580 2340 corpus

2004 2377 2330 2434 humilitatis
2362 2385 2584 2438 nostrae,
2621 2372 3019 2442 configuratum
3060 2367 3279 2437 corpori
3315 2364 3579 2418 claritatis

2005 2486 2117 2524 suae
2145 2471 2186 2523 ".
2219 2488 2236 2521 ι
2263 2468 2366 2535 Qui
2397 2467 2562 2537 igitur
2586 2465 2783 2520 servile
2813 2477 3010 2532 corpus
3039 2467 3233 2529 sponte
3261 2455 3577 2524 assumpsit,

2003 2577 2184 2630 neque
2219 2560 2370 2615 carni
2401 2558 2550 2612 uniri
2593 2556 2866 2610 ullatenus
2907 2550 3197 2612 recusavit,
3229 2546 3502 2618 quomodo
3536 2546 3582 2600 is

2007 2654 2235 2709 serviles
2258 2653 2618 2707 detrectasset
2641 2645 2960 2718 passiones?
2983 2641 3138 2709 Quod
3161 2641 3205 2695 si
3231 2638 3579 2701 detrectavit,

2007 2759 2269 2815 quorsum
2299 2739 2580 2811 patibilem
2603 2736 2743 2792 servi
2767 2737 2996 2789 formam
3025 2731 3301 2800 suscepit?
3325 2729 3432 2783 Sed
3463 2723 3587 2781 ideo'

2008 2852 2119 2891 non
2143 2832 2442 2894 recusavit,
2467 2830 2593 2900 quia
2629 2835 2880 2896 suscepta
2914 2825 3056 2879 servi
3091 2823 3284 2885 forma,
3321 2820 3588 2874 obediens

2011 2927 2072 2982 lit
2096 2945 2108 2980 :
2136 2927 2182 2981 is
2211 2925 2306 2995 qui
2331 2931 2415 2978 est
2442 2923 2498 2975 in
2526 2921 2664 2975 caelo
2693 2917 3021 2978 dominator,
3046 2915 3098 2967 in
3127 2913 3287 2968 terris
3309 2912 3483 2966 factus
3505 2918 3590 2965 est

2013 3019 2270 3074 subditus
2297 3036 2310 3070 :
2338 3015 2430 3086 qui
2457 3028 2693 3084 superne
2719 3019 2837 3065 erat
2855 3009 3048 3073 Filius,
3073 3007 3283 3061 inferne
3310 3004 3485 3059 factus
3507 3013 3591 3058 est

2014 3128 2182 3183 puer:
2213 3125 2338 3164 nam
2376 3119 2427 3163 te
2452 3105 2754 3177 prophetiae
2778 3103 2923 3157 illius
2958 3101 3246 3155 admoneo.
3270 3096 3410 3163 Quid
3443 3097 3590 3150 enim

338 3189 593 3257 φητείας.
633 3187 698 3241 Τί
742 3188 870 3241 ἐϐόα
915 3190 944 3241 6
990 3189 1259 3259 μακάριος
1311 3190 1568 3254 Ἠσαΐαςς
1619 3209 1638 3242 ι
1696 3190 1912 3244 Παιδίον

2021 3202 2287 3256 clamabat
2318 3201 2511 3254 beatus
2540 3197 2707 3251 Isaias
2740 3195 2795 3247 εἳ
2829 3213 2846 3244 ι
2891 3194 3034 3248 Puer
3086 3199 3247 3244 natus
3285 3196 3370 3242 est
3409 3188 3590 3252 nobis,

341 3279 608 3350 ἐγεννήθη
636 3280 792 3349 ἡμῖν,
838 3279 955 3343 υἱὸς
991 3281 1088 3334 καὶ
1113 3279 1270 3349 ἐδόθη
1300 3281 1450 3350 ἡμῖν.
1487 3281 1552 3333 Τί
1584 3282 1720 3344 ἐστι,
1764 3299 1782 3330 ι
1823 3281 1916 3332 καὶ

342 3370 527 3441 ἐδόοη;
569 3389 588 3422 ι
624 3371 699 3424 Οὐ
731 3371 891 3441 μόνον
920 3371 1209 3442 ἐγεννήθη,
1243 3371 1380 3424 ἀλλὰ
1413 3371 1507 3425 καὶ
1532 3370 1690 3440 ἐδόθη
1712 3388 1725 3401 ’
1752 3373 1780 3423 6
1807 3370 1916 3441 γάρ

341 3461 420 3516 ὣν
459 3462 615 3532 ἐδόθη
637 3480 650 3494 ο
689 3482 708 3515 ι
747 3457 820 3518 Ob
855 3467 887 3534 ἡ
924 3464 1067 3535 ἀρχὴ
1107 3463 1339 3535 ἐγενήθη
1379 3465 1471 3517 ἐπὶ
1502 3465 1598 3517 τοῦ
1634 3463 1784 3534 ὤμου
1814 3467 1914 3518 αὑ-

343 3554 460 3608 τοῦ.
504 3573 522 3605 ›
571 3554 637 3607 Τί
679 3555 827 3608 ἐστιν
869 3558 901 3626 ἡ
941 3556 1084 3627 ἁρχὴ
1114 3555 1209 3608 τοῦ
1245 3554 1380 3608 Θεοῦ
1419 3556 1593 3623 Λόγου
1622 3555 1917 3626 γενομένου

345 3644 673 3716 ἀνθρώπους
718 3647 784 3698 Ἠ
821 3646 1151 3715 Ἐκκλησία·
1191 3645 1286 3699 καὶ
1331 3646 1494 3709 αὑτός
1527 3656 1552 3684 ο
1583 3649 1786 3717 ἐστινὴ
1825 3665 1919 3700 κε·-

346 3739 493 3810 φαλὴ
526 3738 622 3792 τοῦ
668 3738 919 3810 σώματος
967 3739 1066 3807 τῆς
1112 3738 1479 3809 Ἐκκλησίας’
1532 3737 1653 3801 πῶς
1687 3734 1781 3792 οὖν
1827 3739 1920 3792 ἐπὶ

347 3832 444 3887 τοῦ
465 3831 617 3902 ὤμου
649 3832 853 3903 ταύτην
877 3835 1034 3903 φορεῖ
1059 3848 1073 3897 ;
1108 3831 1180 3885 Τὸ
1214 3831 1680 3902 συντετριμμένον
1706 3832 1801 3884 ἐπὶ
1827 3830 1920 3886 τοῦ

347 3921 504 3992 ὤμου
538 3920 826 3991 βαστάζει·
861 3941 879 3973 ι
919 3916 992 3976 Οῦ
1021 3924 1114 3976 καὶ
1153 3925 1187 3991 ἡ
1219 3923 1360 3994 ἀρχὴ
1397 3923 1488 3977 ἐπὶ
1517 3923 1612 3977 τοῦ
1649 3924 1799 3994 ὤμου
1825 3925 1924 3977 αὑ-

348 4011 446 4064 τοῦ
467 4028 481 4043 ο
515 4011 612 4065 καὶ
635 4013 897 4065 καλεῖται
925 4012 985 4066 τὺ
1013 4013 1184 4083 ὄνομα
1227 4013 1397 4068 αὑτοῦ
1441 4014 1686 4084 μεγάλης
1731 4014 1925 4084 βουλῆς

324 4101 626 4172 Ἄγγελος.
667 4121 686 4153 ›
721 4103 987 4156 Καλεῖται
1030 4103 1087 4156 δὲ
1123 4105 1210 4157 διὰ
1257 4105 1356 4176 τὴν
1397 4105 1729 4176 οἰκονομίαν.
1767 4106 1831 4160 Τί
1867 4105 1925 4159 δέ

349 4195 471 4247 ἐστι
517 4193 599 4259 τὸ,
659 4192 1039 4263 (Σύμϐουλος,
1074 4193 1208 4257 Θεὸς
1263 4195 1505 4265 ἰσχυρὸς,
1548 4195 1921 4265 ἐξουσιαστὴςν

353 4285 538 4355 πατὴρ
573 4285 668 4338 τοῦ
717 4285 998 4356 μέλλοντος
1045 4285 1273 4352 αἰῶνος;
1315 4285 1371 4339 '0
1398 4281 1491 4339 οὖν
1523 4286 1636 4340 ἄνω
1678 4287 1924 4351 ἐξουσια-

356 4373 510 4444 στὴς,
543 4375 695 4428 κάτω
726 4376 969 4445 ὑπήκοος
989 4390 1003 4404 ·
1034 4375 1063 4427 6
1094 4373 1206 4428 ἀνω
1235 4375 1385 4438 Υἱὸς,
1433 4375 1584 4428 κάτω
1626 4377 1868 4430 παιδίον’
1898 4380 1926 4432 ὁ

352 4465 468 4521 ἄνω
503 4465 814 4537 θαυμαστὸς
843 4465 1165 4535 σύμϐουλος,
1215 4465 1364 4519 κάτω
1400 4465 1717 4537 ἄνθρωπος·
1757 4469 1786 4520 6
1815 4468 1926 4522 άνω

351 4554 486 4618 Θεὸς
520 4554 758 4626 ἰσχυρὸς,
793 4556 943 4610 κάτω
963 4554 1250 4623 ἄνθρωπος
1283 4557 1310 4608 6
1332 4554 1696 4626 ῥαπιζόμενός
1730 4575 1788 4610 τε
1829 4556 1922 4610 καὶ
1954 4555 2002 4612 D

352 4645 736 4716 ὑϐριζόμενος,
774 4648 870 4699 καὶ
900 4645 978 4716 τῷ
1007 4645 1230 4716 σταυρῷ
1253 4645 1694 4717 προσηλωμένος,
1724 4649 1817 4702 καὶ
1833 4648 1924 4702 τὸν

351 4740 444 4794 διὰ
473 4739 667 4793 τούτου
695 4739 985 4811 δεξάμενος
1014 4740 1244 4795 θάνατον
1269 4757 1282 4772 ·
1315 4741 1492 4794 πάντα
1511 4740 1620 4811 γὰρ
1637 4741 1810 4794 ταῦτα
1829 4743 1928 4812 τῆς

267 4833 275 4840 ’
353 4831 449 4884 τοῦ
477 4831 662 4884 δούλου
689 4830 816 4884 ὄντα
852 4832 1086 4902 μορφῆς.
1121 4830 1370 4902 οὐδαμῶς
1391 4834 1424 4902 ή
1453 4831 1660 4901 ταύτην
1691 4832 1931 4887 λαϐοῦσα

355 4919 546 4988 Οεότης
565 4921 856 4986 ἐξέκλινεν,
889 4923 976 4974 ἵνα
997 4921 1064 4973 δι’
1082 4922 1314 4975 ἑκάστου
1335 4921 1442 4974 τῶν
1460 4922 1766 4992 εἰρημένων
1795 4923 1929 4996 λύσῃ

362 5008 461 5078 μὲν
485 5011 620 5078 ἡμῖν
645 5009 711 5064 τά
747 5011 883 5080 πρὸς
914 5010 1188 5081 σωτηρίαν
1213 5011 1529 5081 κωλύματα,
1565 5012 1721 5077 ἀξίαν
1757 5013 1812 5066 δὲ
1834 5014 1932 5082 τῆς

356 5100 630 5170 τοσαύτης
666 5101 950 5165 κενώσεως
979 5101 1077 5173 τὴν
1111 5101 1430 5173 εὐεργεσίαν
1458 5104 1589 5174 ήμῖν
1617 5105 1930 5176 χαρίσηται.

357 5192 473 5244 Ούκ
509 5191 688 5246 ἀθετῶ
738 5195 835 5262 τήν
887 5193 1049 5264 χάριν
1093 5193 1187 5247 τοῦ
1231 5195 1401 5248 Θεοῦο
1443 5196 1503 5248 οὑ
1558 5197 1931 5266 παραιτοῦμαι

358 5286 532 5337 εἰπεῖν
551 5285 587 5338 ἃ
613 5287 820 5346 ἐκεῖνος
849 5286 1141 5354 ὑπέμεινεν
1176 5287 1317 5357 ὑπὲρ
1347 5286 1507 5356 ἐμοῦ.
1549 5288 1789 5359 Ἀπαθὴς
1822 5291 1929 5362 γὰρ

357 5379 435 5432 ὢν
467 5379 527 5432 οὐ
565 5379 944 5450 παρῃτήσατο,
979 5379 1115 5432 ἀλλὰ
1147 5379 1225 5450 τῷ
1256 5380 1483 5451 παθητῷ
1515 5383 1756 5450 συνάψας
1801 5386 1928 5439 ἑαυο

434 5503 455 5533 ⁸
489 5501 532 5555 ll
555 5499 681 5554 Cor.
714 5498 942 5571 u_,_16.d
971 5498 991 5571 ξ
1023 5499 1040 5552 l
1080 5499 1224 5571 Petr.
1259 5514 1329 5562 Iv,
1357 5499 1428 5571 1.-
1493 5501 1514 5531 ⁸
1537 5500 1773 5571 Philipp.
1813 5519 1869 5570 ιι,
1905 5505 1957 5559 7.

364 5571 630 5627 “Coloss.
673 5585 712 5632 ι,
742 5568 826 5620 18.
907 5569 945 5601 ¹¹
970 5569 1071 5622 lsa.
1099 5585 1169 5633 ix,
1195 5568 1245 5623 6.
1327 5570 1371 5600 "
1409 5569 1512 5624 lsa.
1545 5585 1618 5634 ix,
1643 5568 1694 5624 6.

2023 3293 2169 3345 ﬁlius
2190 3289 2533 3345 etiam‘datus
2553 3293 2637 3341 est
2656 3284 2833 3338 nobis.
2863 3301 2881 3332 ι
2917 3281 3058 3346 Quid
3083 3279 3216 3332 illud
3232 3288 3348 3332 est:
3377 3297 3394 3328 ι
3415 3277 3592 3330 Etiam

2017 3384 2178 3438 datus
2207 3379 2322 3434 est?
2350 3397 2367 3428 ι
2397 3377 2517 3431 Non
2547 3375 2722 3429 solum
2754 3379 2914 3425 natus
2946 3377 3049 3433 est,
3079 3367 3174 3421 sed
3213 3367 3376 3421 etiam
3411 3365 3593 3420 datus.

2019 3474 2071 3528 ls
2105 3471 2250 3527 enim
2294 3468 2388 3539 qui
2416 3474 2520 3532 est,
2555 3466 2714 3520 datus
2738 3463 2840 3516 fuit
2871 3480 2883 3513 :
2919 3483 2935 3512 ι
2973 3460 3143 3530 Cujus
3185 3456 3475 3526 imperium
3511 3454 3593 3509 fa-

2018 3573 2166 3620 ctum
2197 3569 2282 3617 est
2307 3575 2472 3629 super
2499 3559 2792 3611 humerum
2818 3555 2936 3624 ejus
2977 3553 3019 3606 ’.
3054 3571 3071 3600 ›
3103 3552 3171 3604 Et
3209 3548 3485 3619 quodnam
3511 3547 3597 3601 in-

2020 3653 2229 3709 carnati
2263 3652 2357 3706 Dei
2383 3650 2547 3705 Verbi
2578 3647 2867 3717 imperium
2892 3644 3008 3698 est?
3042 3641 3304 3697 Ecclesia.
3330 3639 3468 3706 Quid
3499 3655 3598 3695 au-

2020 3753 2130 3799 tem
2169 3744 2318 3813 ipse?
2340 3741 2516 3811 Caput
2543 3737 2790 3807 corporis
2833 3735 3092 3789 Ecclesia:
3125 3735 3187 3786 ¹⁰.
3224 3732 3292 3786 At
3324 3730 3599 3801 quomodo

2021 3833 2156 3889 illud
2189 3847 2354 3902 super
2383 3831 2675 3884 humerum
2700 3824 2917 3895 portat?
2940 3823 3095 3889 Quod
3136 3823 3435 3877 contritum
3473 3835 3603 3874 con-

2023 3935 2449 3998 quassatumque
2494 3922 2691 3984 fuerat,
2728 3919 2785 3974 id
2814 3916 3064 3971 humeris
3098 3915 3415 3984 impositum
3448 3913 3605 3981 baju—

2023 4020 2117 4073 lat.
2150 4039 2167 4069 ι
2194 4017 2364 4086 Cujus
2381 4013 2672 4083 imperium
2689 4026 2854 4080 super
2875 4010 3164 4062 humerum
3184 4007 3302 4075 ejus
3328 4022 3340 4056 :
3366 4011 3423 4057 et
3443 4017 3606 4056 voca—

2025 4119 2116 4164 tur
2139 4125 2338 4164 nomen
2360 4109 2499 4178 ejus,
2527 4108 2706 4177 magni
2729 4100 2942 4158 consilii
2963 4099 3202 4169 Angelus
3230 4098 3292 4149 “.
3315 4115 3332 4147 »
3363 4095 3604 4149 Vocatur

2024 4209 2208 4255 autem
2248 4207 2471 4268 propter
2493 4196 2975 4266 dispensationem.
3004 4190 3144 4256 Quid
3173 4197 3354 4242 autem
3381 4185 3485 4239 sibi
3509 4201 3597 4238 vo—

2025 4291 2146 4345 lunt
2175 4308 2187 4344 :
2222 4309 2239 4342 ι
2269 4289 2649 4352 Consiliarius,
2676 4289 2818 4342 Deus
2857 4287 3037 4349 fortis,
3075 4281 3406 4340 dominator,
3440 4277 3603 4330 Pater

2025 4383 2196 4439 futuri
2221 4382 2404 4438 seculi
2435 4381 2517 4433 l'?
2545 4400 2562 4430 ι
2591 4380 2862 4434 Nimirum
2890 4377 2980 4430 ille
3003 4388 3237 4444 superne
3267 4369 3602 4430 dominator,

2027 4475 2240 4532 inferne
2273 4473 2558 4530 subditus:
2594 4486 2832 4540 superne
2876 4468 3079 4530 Filius,
3111 4463 3375 4536 puerulus
3407 4461 3460 4514 in
3499 4467 3609 4513 ter-

2030 4569 2139 4633 ris;
2163 4582 2400 4636 superne
2421 4563 2762 4618 admirabilis
2782 4560 3150 4620 consiliarius,
3173 4557 3385 4610 inferne
3408 4554 3606 4616 homo;

2028 4675 2264 4729 superne
2308 4659 2455 4713 Deus
2485 4656 2678 4718 fortis,
2722 4654 2777 4708 in
2826 4653 2986 4708 terris
3030 4651 3197 4704 homo
3237 4647 3331 4718 qui
3367 4643 3613 4713 colaphis

2031 4750 2278 4814 caeditur,
2305 4746 2601 4819 ignominia
2623 4745 2876 4807 afﬁcitur,
2899 4742 3050 4798 cruci
3072 4740 3327 4812 alligitur,
3351 4745 3613 4790 mortem-

2033 4856 2140 4911 que
2167 4857 2264 4909 per
2292 4840 2439 4893 illam
2467 4835 2790 4908 perpetitur.
2829 4836 2964 4890 Nam
3001 4835 3118 4888 htec
3144 4832 3327 4886 omnia
3368 4827 3432 4882 ad
3467 4823 3612 4900 servi

2034 4929 2265 4984 formam
2291 4925 2625 4997 pertinentia
2647 4924 2798 4978 nullo
2827 4923 2992 4977 modo
3021 4921 3164 4974 Deus
3190 4915 3283 4986 qui
3309 4914 3454 4967 illam
3488 4923 3610 4962 sus-

2037 5026 2280 5087 ceperat,
2303 5013 2650 5079 detrectavit,
2676 5021 2739 5067 ut
2759 5027 2858 5084 per
2891 5006 3176 5080 quodlibet
3193 5005 3304 5072 jam
3337 4998 3611 5051 dictorum

2030 5093 2098 5167 ea
2121 5109 2502 5171 demoliretur,
2524 5122 2645 5176 quae
2668 5105 2860 5160 salutis
2885 5102 3026 5155 viam
3050 5095 3209 5150 nobis
3229 5087 3609 5147 obstruebant,

2034 5203 2364 5273 dignamque
2395 5207 2542 5252 tanta
2573 5193 2947 5251 exinanitione
2981 5181 3398 5242 beneﬁcentiam
3428 5177 3482 5231 in
3512 5191 3615 5229 nos

2035 5266 2464 5347 transfunderet.
2489 5285 2758 5356 Equidem
2787 5281 2882 5336 Dei
2910 5277 3136 5349 gratiam
3161 5289 3272 5328 non
3295 5268 3513 5340 abjicio.
3537 5266 3612 5319 Ea

2037 5403 2159 5458 quae
2195 5402 2315 5442 mea
2349 5398 2512 5439 causa
2536 5379 2780 5451 perferre
2808 5374 3132 5442 dedignatus
3154 5385 3264 5423 non
3289 5375 3393 5429 est,
3419 5364 3472 5417 in
3502 5377 3615 5415 me-

2070 5506 2090 5538 "
2128 5505 2364 5574 Philipp.
2396 5517 2475 5566 ιιι,
2500 5497 2590 5563 20,
2649 5495 2741 5550 Ἥ.
2841 5494 2862 5526 ⁸
2887 5492 2991 5547 lsa.
3028 5491 3101 5553 ix,
3165 5487 3217 5542 6.
3333 5485 3354 5516 ⁹
3387 5475 3525 5536 lbid.
3556 5478 3608 5533 9.

1453 5683 1629 5738 Varia:
1662 5685 1926 5741 lectiones
1957 5685 2166 5742 codicis
2201 5679 2562 5751 Seguieriani.

437 5775 454 5814 ι
503 5771 878 5826 συνεκάλεσεν.
982 5782 999 5820 1
1044 5773 1259 5842 όίαὺτδς
1289 5774 1412 5842 np“.

361 5843 494 5900 αὐτὸ
541 5843 859 5914 σύμμορφον
889 5842 982 5913 τῆς
1026 5841 1182 5913 δόξης
1304 5841 1344 5884 οῖ
1370 5843 1560 5909 οὕτως.

1514 5775 1996 5899 ἒτάοὰμέοὲἷετρᾶ.
2079 5774 2097 5814 ι
2160 5775 2285 5830 add.
2342 5789 2406 5827 ea:
2471 5771 2531 5825 L.
2593 5770 2682 5823 καὶ
2738 5768 3032 5838 σύμμορον.

1743 5886 1782 5901 θ,
1816 5886 1982 5914 υνυιν,

3134 5769 3167 5796 πε
3222 5753 3470 5824 γενέσθαι
3519 5749 3609 5806 καὶ
