4076 6460
510 432 641 487 M71

1424 425 1648 484 ACACll
1688 420 2083 479 MELITENES
2119 419 2422 477 EPISCOPI
2466 417 2839 475 EPISTOLIE.

3620 417 3647 470 1
3660 415 3773 471 172

506 544 659 600 dium
690 519 1014 613 depromere
1050 556 1161 597 non
1185 554 1400 595 vereor.
1425 539 1562 594 Nam
1588 536 1941 609 impassibilis
1963 550 2088 590 cor-

2198 531 2305 594 τίιν,
2321 530 2466 584 οὕτω
2479 529 2547 583 τά
2569 530 2709 599 ὑπὲρ
2734 527 2870 600 ἐμοῦ
2896 526 3111 594 ἐδέξατο
3134 523 3305 596 πάθη.
3331 527 3448 581 Οὐκ
3480 528 3778 598 ἀποστερῶ

506 634 626 706 pori
656 634 871 704 patibili
894 634 1250 702 semetipsum
1282 632 1641 703 coniungens,
1668 630 1950 700 passiones
1978 643 2090 684 non

436 714 442 755 ί
507 724 802 786 recusavit,
830 723 927 777 sed
962 723 1156 778 salutis
1196 737 1331 777 mea:
1372 722 1548 792 gratia
1581 720 1845 777 sustinuit
1874 721 1936 773 ".
1962 718 2091 774 Dei-

506 828 697 884 param
740 813 1019 885 Virginem
1067 828 1136 868 eo
1176 813 1388 869 honore
1431 828 1542 867 non
1572 814 1748 883 privo,
1785 827 1950 882 quem
1976 811 2090 865 dis-

505 902 846 973 pensationis
885 903 1259 959 ministerium
1316 902 1557 973 gratuito
1618 902 1723 972 ipsi
1766 900 2088 971 impertivit.

506 994 748 1060 Etenim,
772 994 1107 1060 charissimi,
1142 994 1444 1050 absurdum
1468 993 1655 1060 fuerit,
1686 1010 1909 1051 crucem
1940 994 2094 1064 igno-

507 1086 822 1151 miniosam,
854 1102 976 1157 qua:
1009 1086 1293 1143 Christum
1341 1087 1611 1157 portavit,
1657 1102 1782 1142 cum
1828 1086 2094 1142 altaribus

506 1174 713 1230 Christi
769 1175 1210 1245 congloriﬁcari,
1278 1186 1444 1247 atque
1495 1177 1550 1231 in
1603 1177 1785 1233 fronte
1846 1176 2094 1235 ecclesiae

508 1267 891 1338 splendentem
938 1284 1239 1338 apparere;
1279 1285 1401 1324 eam
1442 1285 1575 1325 vero
1604 1285 1726 1339 quae
1764 1269 1832 1324 ad
1883 1276 2093 1325 tantum

508 1358 845 1416 beneﬁcium
876 1359 1136 1415 deitatem
1169 1362 1432 1431 suscepit,
1462 1361 1705 1431 Deiparre
1741 1362 1949 1417 honore
1979 1360 2093 1431 pri-

508 1451 651 1507 vari.
672 1452 905 1522 Deipara
927 1453 1094 1523 igitur
1122 1462 1207 1508 est
1235 1461 1423 1508 sancta
1449 1454 1635 1524 Virgo.
1667 1454 1812 1508 Deus
1838 1453 1987 1508 enim
2011 1462 2096 1508 est

510 1539 607 1609 qui
628 1555 699 1594 ex
721 1555 786 1595 ea
810 1548 975 1596 natus
996 1549 1099 1606 est,
1125 1555 1237 1595 non
1262 1539 1411 1609 quod
1436 1539 1656 1595 initium
1682 1547 1742 1594 ut
1765 1548 1911 1594 esset
1932 1556 2007 1594 ex
2029 1554 2095 1593 ea

511 1630 829 1702 sumpserit,
864 1630 961 1686 sed
993 1630 1139 1701 quod
1172 1639 1231 1685 ut
1264 1631 1429 1685 homo
1458 1629 1633 1697 ﬁeret,
1665 1630 1933 1701 principia
1968 1629 2095 1686 inde

510 1720 779 1777 hauserit.
820 1720 901 1775 Ne
946 1720 1132 1791 igitur,
1174 1736 1208 1775 ο
1249 1720 1527 1787 haeretica,
1564 1721 1947 1791 impunitatem
1992 1719 2095 1775 tibi

511 1811 826 1881 polliceare,
855 1809 1011 1879 quasi
1042 1810 1095 1864 in
1124 1810 1407 1866 hominem
1439 1811 1787 1880 blasphemas
1815 1826 1978 1866 voces
2002 1810 2098 1866 de-

2190 622 2294 691 τῆς
2324 622 2490 691 τιμῆς
2520 621 2619 692 τὴν
2670 620 2933 673 Θεοτόκον
2971 616 3269 688 Παρθένον,
3308 619 3377 688 ἢν
3410 618 3546 688 αὐτῇ
3593 620 3625 688 ὴ
3668 619 3779 688 τῆς

2191 712 2505 782 οἰκονομίας
2534 711 2811 782 ὑπηρεσία
2839 710 3185 780 κεχάρισται.
3217 710 3330 763 Καὶ
3357 709 3466 780 γὰρ
3494 712 3590 763 καὶ
3630 711 3768 763 ἆτο-

2194 820 2316 867 πον,
2356 804 2653 873 ἀγαπητοὶ,
2693 802 2926 872 σταυρὸν
2959 802 3057 870 μὲν
3085 801 3175 853 τὸν
3213 801 3539 872 έφύὸριστον
3568 801 3784 872 βαστά-

2195 911 2369 950 σαντα
2411 897 2525 959 τοῖς
2576 893 2989 964 θυσιαστηρίοις
3041 892 3277 962 Χριστοῦ
3329 891 3783 959 συνδοξάξεσθαι,

2192 987 2287 1040 καὶ
2319 988 2413 1040 ἐπὶ
2472 986 2567 1041 τοῦ
2622 985 2876 1056 μετώπου
2926 986 3029 1055 τῆς
3075 984 3372 1055 ἐκκλησίας
3418 985 3783 1055 ὲκλάμποντα

2193 1079 2505 1149 φαίνεσθαι,
2534 1078 2635 1150 τὴν
2661 1079 2719 1132 δὲ
2751 1078 2849 1131 ὲπὶ
2879 1077 3118 1149 τοσαύτῃ
3148 1076 3438 1148 εὐεργεσίᾳ
3468 1077 3790 1147 δεξαμένην

2199 1169 2451 1241 θεότητα,
2485 1171 2583 1239 τῆς
2630 1170 2896 1222 Θεοτόκου
2937 1167 3382 1239 ἀποστερηθῆναι
3422 1168 3613 1237 τιμῆς.
3647 1167 3789 1220 Θεο-

2193 1263 2353 1325 τὸκος
2377 1258 2473 1315 οὖν
2504 1262 2537 1332 ἡ
2574 1261 2703 1329 ἁγία
2736 1259 3032 1331 Παρθένος.
3083 1258 3217 1321 Θεὸς
3262 1257 3371 1328 γὰρ
3420 1260 3449 1311 ὁ
3492 1259 3552 1324 ἐξ
3599 1258 3781 1327 αὐτῆς

2197 1353 2432 1423 τεχθεὶς,
2469 1355 2571 1406 οὐκ
2602 1352 2814 1406 ἐκεῖθεν
2854 1352 2949 1405 τοῦ
2999 1346 3140 1404 εἶναι
3185 1351 3285 1416 τὴν
3337 1350 3514 1420 ἀρχὴν
3564 1348 3779 1408 λαϐὼν,

2195 1441 2337 1496 ἀλλὰ
2367 1440 2578 1495 ἐκεῖθεν
2610 1442 2710 1509 τὴν
2736 1442 2910 1511 ἀρχὴν
2959 1438 3064 1509 τῆς
3096 1431 3566 1510 ὲνανθρωπήσεως
3610 1439 3781 1504 δεξά-

2199 1549 2381 1604 μενος.
2430 1531 2523 1603 Μὴ
2580 1527 2675 1585 οὖν
2722 1532 3028 1601 ἀμέριμνος
3077 1529 3192 1596 έσο,
3242 1529 3510 1599 αἰρετινκὲ,
3565 1530 3644 1593 ὡς
3693 1530 3784 1591 εἰς

2196 1624 2485 1696 ἄνθρωπον
2511 1624 2612 1687 τὰς
2645 1620 2994 1694 βλασφημίας
3028 1620 3307 1675 ἐκτείνων.
3344 1620 3459 1673 Οὐκ
3484 1619 3784 1691 ἄνθρωπός

2196 1716 2366 1777 ἐστιν,
2397 1716 2426 1768 ὁ
2455 1716 2560 1768 ὑπὸ
2596 1714 2689 1769 σοῦ
2715 1716 2796 1774 εἰς
2814 1714 2913 1782 τὴν
2940 1710 3036 1767 τοῦ
3073 1711 3264 1767 δούλου
3289 1711 3386 1765 καὶ¹
3406 1711 3503 1763 τοῦ
3535 1714 3779 1781 κτίσμα-

2195 1826 2290 1872 τος
2352 1807 2505 1872 τάξιν
2562 1807 2955 1878 καταγόμενος.
3010 1806 3104 1877 Μὴ
3137 1815 3167 1856 P
3214 1804 3470 1874 άνορθοῦ,
3526 1805 3777 1868 Ἰουδαῖε,

514 1908 788 1970 torqueas.
823 1900 943 1954 Non
984 1901 1133 1955 enim
1176 1901 1342 1955 homo
1388 1909 1493 1967 est,
1525 1917 1689 1971 quem
1722 1912 1780 1956 tu
1817 1902 1870 1955 in
1906 1917 2096 1958 servo-

2199 1902 2331 1954 ώσεί
2358 1911 2386 1950 ιι
2407 1900 2695 1969 ἄνθρωπον
2721 1899 2878 1969 ψιλὸν
2899 1897 3375 1968 σταυρώσας.οὐχ
3400 1898 3540 1968 ὑπὲρ
3570 1897 3785 1968 ἀνθρώο

512 2008 637 2046 rum
676 2000 733 2047 et
759 2001 1139 2047 creaturarum
1171 1992 1422 2047 ordinem
1455 1993 1659 2063 rejicis.
1693 1994 1770 2048 Ne
1808 1994 2091 2059 extollare,

508 2082 716 2145 Iudaee,
748 2080 976 2151 perinde
1017 2097 1082 2136 ac
1107 2080 1152 2136 si
1186 2097 1395 2136 merum
1426 2081 1706 2136 hominem
1732 2082 2092 2139 cruciﬁxeris.

509 2174 633 2229 Non
658 2190 757 2243 pro
786 2189 926 2244 puro
968 2173 1190 2229 homine
1221 2173 1415 2229 beatus
1448 2175 1616 2231 David
1647 2175 1937 2244 indignans
1969 2191 2098 2230 con-

513 2276 602 2323 tra
628 2266 775 2321 illam
798 2274 1013 2336 gentem
1037 2266 1303 2321 exclamat
1331 2283 1343 2319 :
1378 2284 1396 2317 ι
1424 2265 1806 2329 Obscurentur
1833 2267 1978 2322 oculi
2004 2282 2098 2321 eo—

513 2370 637 2411 rum
674 2372 746 2413 ne
803 2357 1057 2422 videant,
1098 2365 1152 2413 et
1206 2357 1431 2412 dorsum
1487 2372 1681 2413 eorum
1737 2371 1955 2427 semper
2009 2358 2095 2413 in-

512 2461 679 2501 curva
721 2447 782 2502 ”.
835 2467 854 2498 ι
902 2448 1022 2503 Non
1055 2448 1309 2503 concidat
1350 2448 1610 2502 Ecclesiae
1658 2447 1892 2514 ﬁducia,
1940 2448 2096 2517 quasi

511 2555 665 2610 spem
698 2556 853 2595 suam
892 2541 948 2595 in
991 2542 1213 2596 homine
1249 2548 1461 2595 tantum
1503 2540 1784 2609 posuerit;
1810 2540 1905 2594 sed
1935 2541 2098 2595 beato

510 2632 681 2687 Paulo
724 2630 887 2686 ﬁdem
930 2632 1150 2697 habeat,
1202 2632 1298 2701 qui
1342 2631 1419 2685 ita
1463 2632 1539 2685 ait
1583 2648 1649 2684 ε(
1688 2630 1744 2685 Si
1791 2632 2097 2686 secundum

500 2723 793 2778 ’hominem
820 2724 888 2778 ad
924 2723 1133 2779 bestias
1158 2723 1394 2794 pugnavi
1423 2722 1646 2793 Ephesi,
1676 2738 1799 2793 qua:
1830 2723 1965 2777 mihi
1994 2722 2100 2777 uti-

508 2814 641 2870 litas
664 2815 743 2869 '5?
774 2834 791 2866 ι
826 2814 946 2871 Νοιι
980 2815 1284 2871 secundum
1315 2814 1616 2877 hominem,
1651 2829 1831 2883 neque
1868 2830 1967 2883 pro
1998 2814 2098 2868 ho-

512 2907 663 2962 mine
686 2906 835 2962 beati
872 2907 1106 2977 apostoli
1144 2908 1201 2961 in
1236 2906 1429 2977 plagis,
1453 2905 1511 2959 in
1533 2906 1882 2969 ’carceribus,
1914 2904 1968 2963 in
2001 2903 2098 2959 ila-

510 2997 672 3067 gellis
706 2997 984 3067 propriam
1009 2997 1177 3050 vitam
1205 2997 1620 3065 insumpserunt
1645 2995 1687 3025 ³⁸
1715 3015 1728 3049 :
1757 3010 1868 3048 non
1905 3010 2101 3049 secun-

513 3087 647 3141 dum
688 3086 989 3149 hominem,
1022 3100 1202 3155 neque
1242 3101 1342 3155 pro
1372 3085 1593 3139 homine
1628 3083 1803 3139 sancti
1833 3093 2100 3155 martyres

514 3192 615 3247 per
664 3186 934 3232 terrarum
982 3176 1173 3232 orbem
1220 3178 1423 3246 passim
1474 3177 1848 3237 decertantes,
1896 3178 2098 3233 concisi

514 3269 810 3339 amictique
867 3279 1196 3339 praesentem
1244 3271 1423 3325 lucem
1477 3255 1848 3340 reliquerunt;
1903 3282 2096 3323 verum

513 3374 615 3428 pro
639 3360 871 3416 Domino
903 3369 1090 3417 nostro
1115 3377 1181 3417 ac
1213 3362 1357 3429 Deo;
1384 3362 1479 3431 qui
1508 3377 1635 3416 cum
1675 3364 1856 3418 omnia
1898 3363 2096 3419 sarcula

508 3453 916 3522 antecessisset,
950 3455 1247 3510 novissime
1263 3454 1332 3509 .in
1372 3455 1535 3510 terris
1564 3456 1714 3512 visus
1751 3464 1858 3521 est.
1883 3464 1940 3512 et
1971 3470 2097 3512 cum

515 3541 833 3600 hominibus
862 3553 1217 3605 conversatus
1247 3546 1311 3610 ",
1341 3554 1398 3601 et
1425 3554 1486 3600 ut
1511 3547 1631 3601 ovis
1662 3547 1732 3609 ad
1764 3547 2098 3603 occisionem

515 3631 716 3688 ductus
740 3641 827 3688 est
850 3634 915 3699 ¹⁸,
942 3642 1001 3688 et
1025 3634 1186 3689 tertia
1211 3634 1301 3689 die
1318 3636 1687 3691 exsuscitatus
1708 3645 1813 3699 est,
1838 3643 1896 3690 et
1915 3635 1970 3689 in
1994 3650 2105 3689 cm-

516 3722 632 3777 lum
691 3733 1041 3793 assumptus,
1117 3732 1174 3779 et
1229 3726 1545 3797 quingentis
1617 3726 1880 3781 fratribus
1941 3726 2103 3783 simul

516 3811 825 3879 visus",et
855 3814 909 3869 in
939 3828 1236 3886 conspectu
1271 3818 1669 3889 discipulorum
1693 3818 1750 3873 in
1780 3819 1951 3875 cmlos
1975 3821 2105 3875 sub-

519 3902 682 3968 latus,
718 3905 862 3960 unde
890 3906 1054 3963 etiam
1078 3909 1209 3964 olim
1237 3910 1386 3965 haud
1413 3910 1665 3966 dissimili
1703 3912 1867 3967 modo
1907 3922 2104 3967 ventu-

517 4010 615 4051 rus
652 3996 720 4052 ad
759 3998 912 4055 vivos
943 4000 1106 4057 simul
1147 4018 1213 4058 ac
1252 4012 1501 4058 mortuos
1523 4003 1850 4073 iudicandos
1876 4005 1941 4058 ’°.
1975 4003 2099 4058 Haec

514 4094 602 4169 est
633 4087 766 4144 ﬁdes
808 4099 1025 4158 nostra;
1051 4106 1218 4162 super
1253 4094 1360 4149 hoc
1400 4093 1821 4149 fundamentum
1853 4096 2100 4171 Ecclesia

513 4176 776 4233 wdiﬁcata
803 4189 909 4246 est,
938 4180 1202 4238 adversus
1226 4198 1393 4265 quam
1421 4194 1594 4253 portae
1630 4183 1793 4239 inferi
1821 4200 1931 4240 non
1961 4201 2101 4255 prm—

515 4265 779 4324 valebunt
798 4271 862 4323 ²¹.
886 4270 1105 4327 Utinam
1131 4273 1329 4329 vestris
1355 4273 1616 4342 precibus
1633 4274 1882 4330 munitus
1907 4274 2098 4345 dignas

2198 2010 2302 2045 που
2339 1990 2497 2060 ψιλοῦ
2540 1990 2721 2059 ἀλγῶν
2747 1992 2776 2044 ὁ
2806 1990 3078 2059 μακάριος
3119 1986 3284 2043 Δαυῒδ
3328 1987 3456 2040 ἐϐόα
3506 1987 3650 2040 κατὰ
3680 1988 3781 2041 τοῦ

2196 2083 2384 2147 ἔθνους
2407 2082 2582 2151 λέγων
2601 2097 2612 2109 ’
2651 2101 2669 2135 ι
2728 2081 3171 2152 Σκοτισθήτωσαν
3215 2081 3265 2133 οἰ
3297 2079 3568 2150 ὀφθαλμοί
3594 2080 3784 2134 αὐτῶν

2191 2176 2288 2230 τοῦ
2337 2175 2411 2245 μὴ
2467 2174 2709 2244 βλέπειν,
2762 2174 2858 2228 καὶ
2898 2173 2992 2225 τὸν
3026 2171 3197 2227 νῶτον
3243 2170 3423 2226 αὐτῶν
3478 2170 3781 2235 διαπαντὸς

2199 2266 2546 2337 σύγκαμψον.
2586 2285 2604 2315 ι
2642 2267 2735 2335 Μὴ
2781 2263 3174 2319 καταπιπτέτω
3211 2265 3310 2334 τῆς
3350 2262 3682 2333 Ἐκκλησίας
3712 2264 3783 2316 τὸ

2197 2360 2476 2430 φρόνημα,
2508 2359 2583 2420 ὼς
2630 2357 2710 2420 εἰς
2741 2356 3031 2425 ἄνθρωπον
3061 2355 3222 2426 μόνον
3250 2352 3600 2423 ἐλπιζούσης,
3639 2354 3782 2408 ἀλλὰ

2198 2447 2468 2502 πειθέσθω
2500 2446 2578 2516 τῷ
2625 2447 2884 2517 μακαρίῳ
2928 2444 3127 2515 Παύλῳ
3178 2443 3425 2512 λέγοντι’
3464 2463 3484 2495 ‹
3540 2444 3602 2497 Εἰ
3634 2444 3785 2497 κατὰ.

2197 2537 2483 2608 ἄνθρωπον
2532 2538 2950 2607 ἐθηριομάχησα
2984 2537 3044 2589 ἐν
3084 2535 3318 2605 Ἐφέσῳ,
3355 2534 3410 2587 τί
3440 2552 3530 2604 μοι
3561 2534 3622 2586 τὸ
3655 2535 3785 2602 ὄφε-

2198 2631 2288 2694 λος
2317 2640 2340 2670 ι’
2367 2648 2381 2694 ;
2424 2649 2441 2682 ι
2471 2631 2545 2683 Οὐ
2587 2630 2730 2684 κατὰ
2759 2628 3074 2699 ἄνθρωπον,
3101 2627 3225 2680 οὐδὲ
3244 2626 3387 2696 ὑπὲρ
3405 2624 3697 2696 ἀνθρώπου
3726 2624 3785 2677 οἱ

2203 2722 2465 2793 μακάριοι
2511 2720 2805 2775 ἀπόστολοι
2837 2722 2895 2773 ὲν
2924 2718 3184 2788 πληγαῖς,
3214 2717 3310 2771 καὶ
3345 2718 3637 2785 φυλακαῖς,
3682 2717 3786 2769 καὶ

2199 2816 2480 2883 αἰκισμοῖς
2517 2812 2617 2884 τὴν
2662 2811 2874 2865 ἑαυτῶν
2916 2810 3061 2881 ζωὴν
3092 2808 3512 2877 κατηνάλωσαν·
3541 2806 3604 2859 οὐ
3632 2807 3788 2859 κατὰ

2199 2909 2506 2980 ἄνθρωπον,
2533 2907 2567 2977 ἢ
2599 2908 2739 2978 ὑπὲρ
2769 2904 3059 2978 ἀνθρώπου
3085 2906 3136 2957 οἰ
3158 2903 3302 2972 ἆγιοι
3329 2904 3603 2975 μάρτυρες
3633 2902 3785 2956 κατὰ

2200 3002 2381 3053 πᾶσαν
2431 2999 2532 3069 τὴν
2587 2999 2913 3069 οἰκουμένην
2968 2996 3324 3066 ἀθλήσαντες,
3376 2993 3436 3046 έν
3487 2996 3784 3063 κατατομῇ

2200 3091 2311 3145 τῶν
2342 3091 2558 3144 οἰκείων
2584 3089 2766 3159 μελῶν
2798 3090 2893 3142 καὶ¹
2916 3085 3162 3141 κακώσει
3193 3086 3294 3157 τὴν
3321 3083 3604 3156 παροῦσαν
3633 3083 3789 3155 ζωὴν

2203 3183 2494 3238 κατέλιπον
2517 3197 2530 3209 ·
2562 3181 2703 3236 ἀλλὰ
2732 3182 2872 3252 ὑπὲρ
2906 3178 3001 3233 τοῦ
3038 3178 3245 3248 Κυρίου
3291 3177 3450 3249 ἡμῶν
3484 3176 3579 3230 καὶ
3616 3175 3788 3240 Θεοῦ,

2202 3275 2298 3328 τοῦ
2320 3274 2431 3346 πρὸ
2456 3273 2672 3327 αἰώνων
2688 3273 3052 3344 ὑπάρχοντος,
3075 3270 3172 3324 καὶ
3204 3270 3343 3341 μετὰ
3367 3267 3540 3323 ταῦτα
3560 3268 3657 3321 ἐπὶ
3685 3269 3790 3338 τῆς

2207 3366 2309 3435 γῆς
2324 3364 2603 3434 ὀφθέντος,
2621 3363 2717 3417 καὶ
2739 3364 2852 3426 τοῖς
2879 3361 3190 3433 ἀνθρώποις
3220 3360 3789 3432 συναναστραφέντος,

2207 3460 2303 3512 καὶ
2327 3459 2401 3522 ὡς
2433 3458 2705 3529 πρόϐατον
2735 3455 2828 3509 ἐπὶ
2859 3458 3075 3527 σφαγὴν
3104 3455 3385 3526 ἀχθέντος,
3413 3455 3508 3510 καὶ
3530 3457 3599 3526 τῇ
3620 3455 3790 3527 τρίτῃ

2208 3548 2396 3621 ἡμέρα
2420 3548 2783 3611 ἀναστάντος,
2811 3548 2907 3601 καὶ⁵
2935 3549 3015 3610 εἰς
3046 3547 3313 3618 οὐρανοὺς
3357 3544 3787 3616 ἀναληφθέντος,

2204 3644 2300 3697 καὶ
2332 3640 2715 3703 πεντακοσίοις
2744 3641 2828 3707 ἐφ’
2861 3640 3009 3705 ἅπαξ
3041 3651 3062 3679 ε
3101 3639 3382 3708 ὀφθέντος,
3413 3639 3508 3692 καὶ
3535 3639 3595 3691 ὲν
3626 3638 3792 3707 ὂψεσι

2202 3733 2312 3786 τῶν
2346 3731 2604 3803 μαθητῶν
2630 3734 2711 3795 εἰς
2732 3728 2999 3801 ὄῦρανοὺς
3028 3728 3374 3801 ἀναχθέντος,
3411 3727 3508 3783 καὶ
3538 3727 3616 3799 τῷ
3636 3726 3794 3799 αὐτῷ

2201 3824 2391 3894 τρόπῳ
2429 3824 2731 3895 ἐρχομένου
2774 3826 2957 3895 κρῖναι
2998 3823 3204 3889 ζῶντας
3237 3823 3333 3878 καὶ
3356 3822 3601 3892 νεκρούς.
3635 3820 3793 3886 Δῦτη

2205 3912 2363 3983 ἡμῶν
2396 3915 2430 3978 ή
2474 3914 2656 3976 πίστις
2677 3929 2691 3944 ·
2724 3913 2820 3966 ἐπὶ
2858 3913 3035 3983 τούτῳ
3068 3912 3148 3983 τῷ
3189 3912 3424 3983 θεμελίω
3459 3911 3790 3982 ᾠκοδομήθη

2206 4004 2240 4072 ἡ
2278 4004 2596 4074 Ἐκκλησία,
2625 4003 2722 4057 καὶ
2759 4004 2927 4058 πύλαι
2954 4003 3085 4074 ᾅδου
3123 4005 3184 4057 οὐ
3224 4003 3650 4075 κατισχύσουσιν
3683 4003 3791 4056 αὔ·-

2206 4092 2327 4162 τῆς.
2373 4093 2590 4146 Γένοιτο
2621 4092 2678 4146 δὲ
2721 4095 2941 4149 πάντων
2988 4092 3143 4163 ὑμῶν
3178 4093 3364 4162 εὐχαῖς
3411 4092 3793 4162 φυλαχθέντας

2208 4184 2378 4253 ἡμᾶς,
2418 4183 2579 4248 δόξαν
2610 4184 2934 4254 ἀναπέμψαι
2959 4183 3038 4254 τῷ
3061 4183 3311 4253 παναγίῳ
3330 4182 3453 4253 Θεῷ
3476 4202 3488 4214 ·
3521 4177 3566 4251 ᾧ
3593 4185 3626 4252 ἡ
3658 4182 3794 4248 δόξα

2177 4303 2181 4307 ~
2207 4278 2287 4338 εἰς
2308 4268 2435 4338 τοὺς
2464 4273 2672 4338 αἰῶνας
2700 4274 2808 4328 τῶν
2840 4273 3074 4328 αἰώνων.
3120 4274 3312 4344 Ἀμήν.

516 4361 845 4431 quandoque
868 4363 1059 4419 laudes
1089 4366 1438 4421 sanctissimo
1491 4367 1604 4422 Deo
1648 4366 1973 4437 depromere
1997 4366 2227 4421 valeam.
2251 4365 2354 4422 Cui
2383 4367 2456 4422 sit
2497 4367 2669 4437 gloria
2702 4367 2757 4421 in
2804 4366 3000 4422 saecula
3028 4367 3374 4421 sreculorum.
3411 4376 3605 4418 amen.

510 4493 787 4512 hu.

1200 4596 1580 4686 ACACII
1677 4530 2374 4685 MEUTENES
2446 4592 3114 4687 EPISTOLIE.

1965 4831 2304 4887 EPISTOLA
2343 4831 2383 4883 Ι.

1510 4939 1574 4978 ΑΒ
1612 4936 1867 4979 (ιῑιιιιιυιι
1901 4940 2306 4980 ALEXANDPJNUI
2332 4936 2794 4977 ABCBIEPISCOI‘UM.

522 5012 738 5086 (Exstat
773 5017 828 5071 in
862 5017 1120 5090 Synodico
1168 5016 1422 5073 adversus
1470 5016 1802 5088 Tragwdiam
1831 5020 2047 5085 Irenm‘,
2078 5038 2195 5091 cap.
2227 5020 2317 5084 85,
2346 5021 2487 5072 inter
2526 5016 2704 5088 Opera
2734 5017 3059 5083 Theodoreti,
3103 5017 3271 5088 infra,
3317 5026 3442 5073 tam.
3485 5015 3802 5095 LXXXIV.)

1968 5201 2304 5258 EPISTOLA
2341 5201 2405 5255 11.

1432 5312 1496 5353 ΑΙ)
1529 5308 1743 5352 ευιιοειι
1767 5308 1978 5349 SCRIPTA
2002 5309 2127 5348 POST
2158 5310 2396 5351 εἴκοι)οΜ
2429 5312 2609 5351 EPIIESI
2645 5309 2886 5349 HABI’I‘AM.

1868 5388 1991 5442 Vide
2013 5389 2161 5457 ibid.,
2190 5407 2308 5463 cap.
2336 5392 2458 5445 9.13.

600 5503 642 5535 ⁸³
665 5502 838 5559 Galat.
875 5521 933 5567 ιι,
972 5504 1063 5569 εἰθ,
1095 5504 1184 5560 2|.
1212 5468 1224 5483 ο
1265 5506 1308 5537 ²ἰ
1340 5505 1482 5560 Psal.
1521 5484 1702 5564 vant,
1730 5502 1819 5557 24.

1934 5504 1977 5535 "
2014 5503 2030 5557 Ι
2083 5502 2211 5559 Cor.
2259 5521 2346 5569 xv,
2384 5506 2473 5561 52.

2593 5506 2635 5537 ⁸⁸
2705 5504 2749 5559 II
2796 5504 2933 5577 Cor.
2985 5521 3057 5569 ιιι,
3110 5503 3178 5559 52
3257 5519 3411 5577 seqq.
3487 5505 3529 5538 "
3563 5504 3793 5564 Baruch

526 5589 604 5639 ιιι,
636 5574 723 5629 58.
788 5576 828 5607 ¹⁸
855 5576 955 5630 lsa.
990 5592 1098 5641 Llll,
1126 5579 1177 5631 7.
1262 5577 1304 5607 ¹⁹
1327 5576 1347 5631 l
1374 5575 1500 5630 Cor.
1537 5590 1623 5637 xv,
1650 5572 1767 5626 4-6.
1844 5573 1889 5618 ν
1918 5572 2037 5627 Act.
2061 5590 2096 5640 ι,

2198 5575 2278 5628 ll.
2356 5577 2395 5607 ²¹
2421 5576 2610 5631 Matth.
2642 5592 2748 5640 xw,
2786 5576 2871 5631 18.

1610 5687 1784 5744 Varia:
1817 5689 2081 5745 lectiones
2112 5689 2317 5746 codicis
2349 5688 2714 5761 chuieriani.

602 5813 627 5852 ιι
657 5803 750 5856 καὶ
782 5804 875 5874 μὴ.
952 5814 979 5853 ιι
1008 5804 1103 5868 ὡς.
1197 5813 1215 5840 ι·
1252 5802 1304 5856 τί
1328 5803 1388 5858 τὸ
1415 5803 1639 5873 ὅφελος;
1719 5810 1742 5840 ³
1777 5802 2012 5873 ἐφάπαξ.
