4076 6432
313 310 3507 380 ~—

897 329 3398 361 Μ

1542 452 1707 497 ANNO
1748 449 1971 495 DOMINI
2013 448 2287 492 CDXXXVI

1336 526 2481 793 BABBULAS

912 911 1861 1033 EDESSENUS
1974 902 2930 1023 EPISCOPUS.

1628 1222 2177 1312 NOTITIA.

1385 1373 1582 1440 (Oriens
1609 1368 1930 1432 Christianus,
1954 1376 2072 1421 tom.
2107 1372 2171 1433 ΙΙ,
2211 1375 2304 1424 col.
2338 1374 2474 1438 959.)

1905 1485 1973 1497 ..ι-
2014 1489 2017 1492 ’

360 1575 491 1631 Post
521 1572 814 1642 Diogenem
843 1571 909 1626 ad
935 1569 1269 1626 Edessenam
1301 1570 1485 1624 sedem
1517 1578 1742 1623 evectus
1772 1579 1857 1625 est
1896 1569 2176 1631 Rabbulas
2204 1586 2271 1625 ex
2299 1568 2562 1624 chronico
2591 1584 2745 1624 num.
2772 1569 2834 1623 51
2872 1586 2885 1622 :
2916 1570 3069 1624 Anno
3101 1571 3559 1641 septingentesimo

286 1670 530 1725 vicesimo
560 1666 711 1719 tertio
744 1664 1010 1720 Rnbbnlas
1042 1665 1363 1719 Edessenum
1397 1666 1751 1735 episcopatum
1784 1667 2077 1736 capessivit.
2120 1664 2218 1719 Hic
2252 1664 2584 1735 imperatoris
2602 1665 2754 1733 jussu
2783 1662 3061 1732 mdiﬁcavit
3101 1662 3353 1732 templum
3380 1660 3562 1717 Sancti

289 1760 549 1832 Stephani
573 1758 712 1829 quod
741 1767 900 1812 antea
924 1758 1107 1812 domus
1132 1755 1349 1812 Sabbati
1371 1757 1564 1826 fuerat,
1591 1757 1644 1810 id
1668 1766 1743 1811 est
1765 1775 2039 1830 synagoga
2058 1758 2385 1813 Judworum.
2410 1756 2603 1812 Annus
2626 1757 2955 1811 Graecorum
2971 1756 3075 1809 723
3103 1765 3186 1810 est
3207 1755 3412 1811 Christi
3437 1756 3561 1810 412.

290 1851 560 1906 Rabbulaa
590 1850 747 1904 initia
778 1849 1173 1911 describuntur
1208 1849 1265 1903 in
1293 1850 1417 1904 Vita
1453 1832 1625 1903 sancti
1662 1850 1960 1904 Alexandri
2004 1850 2293 1916 Aetemeti,
2329 1866 2451 1920 qua:
2479 1849 2675 1904 Latine
2708 1850 2855 1904 edita
2888 1858 2973 1904 est
3012 1848 3160 1903 inter
3194 1848 3327 1903 Acta
3367 1848 3464 1904 SS.
3495 1847 3563 1902 ad

288 1945 439 2001 diem
474 1945 541 1999 15
571 1945 841 2001 Januarii.
870 1945 946 1999 Ea
973 1943 1151 2000 fertur
1177 1943 1492 1998 Rabbulum
1529 1944 1645 1999 sive
1684 1944 2016 2011 Rabbulam,
2056 1946 2153 2015 qui
2182 1945 2568 2028 nescioocujus
2599 1943 2754 1998 urbis
2788 1942 3080 2012 praefectus
3110 1951 3249 2007 erat,
3276 1957 3339 1995 ex
3374 1941 3564 2010 gentili

286 2036 671 2094 Christianum
710 2036 937 2103 factum,
966 2036 1087 2091 viso
1117 2035 1383 2091 miraculo
1421 2035 1570 2105 quod
1608 2036 1753 2091 Deus
1790 2037 2087 2092 Alexandri
2111 2038 2369 2108 precibus
2401 2045 2659 2089 exoratus
2695 2034 2965 2100 ediderat,
2994 2034 3114 2104 ejus
3146 2049 3204 2087 se
3238 2049 3363 2087 mox
3395 2032 3564 2086 disci—

292 2128 462 2198 plinae
485 2126 817 2189 subdidisse,
844 2134 962 2181 tum
986 2127 1162 2181 altero
1189 2142 1409 2180 rursum
1437 2134 1673 2196 patrato,
1702 2127 2022 2198 reipublicae
2048 2141 2250 2181 munus
2280 2124 2426 2196 quod
2459 2123 2703 2195 gerebat,
2730 2124 3057 2193 resignasse,
3091 2121 3249 2176 uxori
3280 2122 3419 2174 bona
3446 2135 3568 2191 quie

291 2221 368 2277 ab
393 2236 456 2276 ea
482 2230 789 2292 acceperat,
833 2222 1159 2287 restituisse,
1197 2221 1524 2292 ﬁliabusque
1550 2224 1687 2288 suis,
1723 2239 1912 2279 servos
1936 2225 2068 2279 item
2103 2238 2232 2278 suos
2268 2222 2526 2277 libertate
2556 2219 2789 2275 donasse
2820 2236 2833 2273 :
2865 2234 3113 2293 uxorem,
3144 2225 3421 2273 annuente
3456 2222 3587 2271 ma-‘

294 2312 428 2378 rito,
455 2313 510 2367 in
540 2314 935 2369 monasterium
961 2315 1108 2385 quod
1136 2315 1429 2382 exstruxit,
1478 2330 1583 2370 una
1628 2331 1756 2373 cum
1781 2316 2001 2371 ﬁliabus
2022 2323 2079 2371 et
2106 2314 2323 2370 ancillis
2350 2313 2464 2368 Deo
2495 2311 2775 2375 serviisse,
2798 2326 2925 2365 cum
2954 2310 3046 2364 ille
3076 2309 3296 2365 interim
3322 2321 3571 2363 cremum

294 2403 571 2473 petiisset.
613 2404 742 2460 Post
773 2419 925 2469 vero,
960 2404 1234 2460 Edessena
1275 2406 1404 2461 sede
1437 2416 1657 2477 pastore
1685 2409 1931 2475 viduata,
1959 2409 2027 2464 ab
2059 2407 2316 2463 universa
2344 2392 2567 2462 civitate
2591 2402 3094 2472 circumvieinaque
3128 2402 3349 2473 regione
3378 2408 3571 2471 postu-

296 2495 447 2549 latus
468 2504 555 2551 est
582 2496 895 2567 episcopus,
935 2512 1168 2567 moxque
1199 2498 1399 2556 divinae
1432 2502 1765 2572 cognitionis
1804 2502 2068 2573 magister
2106 2515 2229 2555 esse
2266 2498 2443 2555 factus
2480 2497 2709 2563 dicitur,
2742 2513 2852 2552 non
2882 2497 3069 2573 solum
3112 2494 3279 2566 Syris,
3318 2492 3578 2548 Armenis

300 2603 368 2644 ac
390 2589 595 2655 Persis,
634 2589 730 2645 sed
771 2591 869 2646 toti
908 2591 1024 2647 fere
1069 2593 1189 2651 orbi
1223 2603 1516 2649 terrarum.
1548 2595 1743 2651 Erceta
1778 2596 1891 2667 jam
1926 2595 2059 2650 olim
2086 2595 2304 2650 Edessa:
2349 2603 2470 2650 erat
2502 2594 2737 2665 Syriacae
2780 2591 3000 2647 dialecti
3036 2589 3222 2645 schola
3262 2590 3318 2644 in
3351 2587 3576 2641 urbium

306 2681 619 2736 vicinarum
649 2684 1021 2750 commodum,
1059 2686 1124 2740 ad
1159 2702 1323 2756 quam
1354 2687 1457 2743 viri
1490 2688 1769 2758 principes
1793 2696 1849 2742 et
1873 2687 2176 2758 locupletes
2216 2687 2309 2742 alii
2336 2686 2477 2741 ﬁlios
2519 2700 2651 2741 suos
2674 2684 3040 2739 institutionis
3061 2683 3235 2753 gratia
3262 2683 3574 2739 mittebant.

306 2774 591 2829 Rabbulas
623 2790 758 2829 vero
789 2776 1076 2846 gentilium
1117 2777 1323 2833 liberos
1363 2778 1430 2832 ad
1473 2793 1530 2833 se
1570 2777 1658 2833 bis
1687 2779 1915 2850 singulis
1957 2779 2244 2833 mensibus
2284 2778 2626 2842 accersebat,
2654 2793 2794 2848 quos
2826 2777 3074 2833 veritatis
3100 2777 3282 2831 verbis
3309 2774 3577 2831 crudiret.

305 2866 366 2921 ω
401 2867 548 2937 quod
592 2866 721 2922 totis
748 2867 969 2939 triginta
1004 2869 1164 2923 annis
1192 2868 1368 2939 egisse
1396 2869 1602 2924 dicitur
1640 2869 1699 2924 in
1743 2870 1799 2925 S.
1831 2869 2131 2925 Alexandri
2167 2869 2309 2924 Vita.
2341 2870 2547 2923 Verum
2580 2884 2693 2924 non
2731 2876 2813 2923 tot
2851 2868 2942 2923 ille
2970 2866 3130 2922 annis
3162 2882 3389 2937 prorsus
3416 2867 3579 2933 sedit,

311 2958 409 3014 sed
443 2959 638 3030 viginti
668 2961 850 3016 tribus
874 2962 1158 3018 duntaxat.
1193 2962 1314 3030 Quo
1348 2973 1596 3035 tempore
1625 2965 1914 3020 Nestorius
1942 2963 2422 3034 Constantinopoli
2453 2964 2795 3035 impietatem
2819 2964 3131 3035 propalavit
3158 2978 3334 3029 suam,
3364 2963 3588 3018 Rabbu—

311 3049 396 3105 las
423 3064 551 3105 cum
587 3051 796 3107 Joanne
833 3053 1181 3110 Antiocheno
1211 3063 1268 3111 et
1291 3055 1667 3112 Orientalibus
1705 3055 1829 3113 aliis
1855 3056 2138 3127 Ephesum
2167 3071 2279 3127 quo
2316 3057 2560 3127 synodus
2608 3057 2880 3128 generalis
2909 3056 3225 3127 cogebatur,
3262 3044 3448 3122 venit;
3488 3056 3585 3110 sed

309 3143 510 3201 Joanni
539 3148 770 3219 ejusque
796 3150 963 3206 sociis
993 3151 1233 3221 primum
1262 3152 1570 3220 adhaerens,
1594 3152 1926 3223 quibusdam
1955 3168 2150 3208 eorum
2178 3153 2350 3224 gestis
2375 3153 2706 3225 suffragatus
2735 3162 2840 3218 est,
2864 3169 2895 3208 a
2925 3153 3167 3224 legitima
3201 3151 3409 3223 synodo
3435 3166 3589 3208 sece-

308 3239 472 3296 dens.
512 3241 635 3297 Mox
662 3258 816 3309 vero,
852 3259 1042 3300 errore
1077 3245 1287 3316 agnito,
1312 3246 1383 3300 ab
1411 3246 1494 3303 eis
1517 3245 1769 3309 descivit,
1806 3244 2152 3311 Nestorium,
2175 3244 2310 3313 quin
2341 3245 2509 3301 etiam
2542 3246 2893 3302 Theodorum
2922 3246 3389 3315 Mopsuestenum,
3417 3262 3447 3302 a
3476 3262 3591 3316 quo

311 3330 445 3385 mali
488 3332 643 3390 labes
680 3344 802 3390 orta
840 3344 979 3402 erat,
1012 3336 1374 3406 proscindere
1412 3352 1525 3392 non
1558 3339 1849 3395 dubitavit.
1894 3339 2133 3396 Joannes
2172 3337 2571 3403 Antiochenus,
2614 3345 2808 3392 coacto
2847 3335 3163 3392 Osrhoenes
3202 3336 3589 3407 episcoporum

309 3425 569 3492 concilio,
599 3428 1040 3485 animadvertere
1078 3430 1137 3484 in
1168 3431 1475 3486 Rabbulam
1513 3433 1822 3503 proposuit,
1851 3434 2001 3504 quod
2029 3442 2213 3511 tamen
2241 3433 2469 3489 minime
2502 3433 2774 3503 praestitit.
2807 3434 2958 3499 Post,
2990 3432 3199 3488 sancita
3233 3448 3367 3503 pace
3391 3434 3589 3490 Antio-

304 3518 547 3574 .cbenam
577 3519 721 3576 inter
750 3531 807 3576 et
831 3522 1256 3578 Alexandrinam
1286 3523 1611 3591 Ecclesium,
1654 3524 1905 3581 Andreas
1942 3525 2364 3590 Samosatensis,
2389 3526 2484 3597 qui
2524 3525 2789 3581 Rabe
2817 3526 2935 3592 diu,
2960 3534 3022 3580 ut
3055 3534 3113 3580 et
3146 3525 3462 3580 concordiae
3491 3523 3592 3580 ad-

313 3615 570 3663 versatus
594 3607 809 3677 ‘t‘uerat,
850 3624 975 3664 cum
1013 3625 1081 3665 eo
1125 3613 1531 3678 reconciliatus,
1570 3614 1750 3683 palam
1794 3616 2137 3686 gloriabatur
2173 3632 2234 3672 se
2274 3632 2401 3672 cum
2442 3617 2596 3674 Sixto
2634 3618 2903 3684 Romano,
2946 3617 3150 3689 Cyrillo
3196 3617 3589 3684 Alexandrino,

315 3697 650 3755 Maximiano
691 3699 1323 3774 Constantinopolitano,
1352 3714 1410 3761 et
1450 3706 1705 3762 Rabbula
1736 3708 2019 3763 Edesseno
2058 3708 2489 3764 communicare.
2534 3707 2691 3775 Quod
2719 3723 2787 3763 ex
2815 3723 2936 3779 cap.
2983 3709 3037 3774 7,
3066 3709 3153 3775 15,
3190 3710 3281 3773 25,
3312 3708 3400 3774 45,
3431 3708 3500 3763 ﬂ
3535 3716 3596 3764 et

315 3789 423 3846 106
450 3789 795 3848 collectionis
818 3808 887 3848 ex
916 3795 1181 3866 tragoedia
1206 3797 1398 3854 lrenzei
1430 3799 1584 3866 Tyrii
1622 3810 1963 3871 compertum
1999 3800 2078 3857 tit.
2107 3801 2190 3857 Ad
2225 3801 2535 3857 Rabbulam
2566 3808 2785 3857 exstant
2810 3803 2992 3873 magni
3018 3800 3205 3875 Cyrilli
3238 3802 3503 3872 epistolae,
3529 3814 3596 3858 ac

309 3881 587 3937 Rabbulze
621 3884 689 3938 ad
722 3883 1009 3955 Cyrillum.
1039 3886 1155 3953 Qua
1195 3888 1569 3945 sollicitudine
1600 3907 1744 3947 verte
1782 3891 1908 3946 ﬁdei
1939 3891 2313 3946 sinceritatem
2348 3891 2558 3947 servari
2588 3890 2837 3953 curabat,
2867 3906 2973 3946 una
2999 3907 3124 3947 cum
3152 3893 3353 3949 Acacio
3382 3893 3597 3949 Melite-

316 3974 478 4030 nensi
518 3974 777 4033 Armenis
823 3979 1040 4036 litteras
1073 3982 1229 4038 dedit
1266 3983 1335 4039 de
1373 4000 1486 4040 non
1527 3985 1779 4057 legendis
1816 3986 2092 4042 Theodori
2137 3986 2508 4058 Mopsuesteni
2558 3988 2952 4043 voluminibus.
2996 3984 3174 4049 Obiit,
3213 4000 3282 4039 ex
3330 3984 3599 4041 chronico

318 4065 624 4132 Edessena,
648 4085 801 4125 num.
833 4072 921 4136 59,
952 4089 1092 4128 anno
1116 4077 1574 4147 septingentesimo
1601 4079 2007 4149 quadragesimo
2042 4087 2208 4144 sexto,
2234 4077 2318 4132 die
2343 4077 2375 4132 8
2400 4080 2593 4133 mensis
2626 4078 2726 4144 Ab,
2752 4078 2869 4133 sive
2893 4076 3146 4148 Augusti,
3179 4074 3425 4144 adeoque
3450 4087 3600 4129 anno

311 4159 529 4216 Christi
552 4161 656 4217 456
680 4180 692 4216 :
719 4163 1005 4220 enimvero
1028 4166 1312 4222 Rabbulas
1340 4184 1487 4224 anno
1514 4169 1619 4225 455
1645 4170 1701 4225 in
1727 4170 1867 4224 vivis
1889 4178 2172 4239 superstes
2193 4179 2333 4237 erat,
2360 4185 2470 4241 quo
2498 4185 2698 4241 nempe
2723 4168 2997 4224 Theodori
3028 4165 3400 4238 Mopsuesteni
3424 4165 3602 4221 libros

320 4252 550 4309 haeresis
592 4256 905 4311 accusabat.
953 4257 1281 4315 Theodorus
1322 4260 1524 4316 Lector
1561 4262 1870 4317 Rabbulam
1911 4270 2040 4315 ante
2080 4262 2293 4319 obitum
2333 4262 2511 4318 oculis
2549 4271 2771 4335 captum
2812 4260 2982 4317 fuisse
3021 4259 3210 4332 prodit
3244 4266 3301 4316 et
3336 4271 3546 4314 caecum
3578 4271 3598 4314 :

328 4342 670 4411 Ῥαὸϐουλᾶς
701 4346 964 4418 Ἐδέσσης
1000 4350 1201 4416 τυφλὸς
1232 4345 1321 4420 ἦν.

377 4498 3563 4528 W—W

857 4627 1439 4719 BABBULIE
1514 4629 2105 4725 EPISTOLA
2174 4635 2325 4723 AD
2397 4632 3067 4727 CYBILLUM.

806 4804 977 4852 Exstat
996 4801 1046 4852 in
1064 4802 1312 4867 Synodico
1339 4804 1609 4867 Catinensi,
1635 4819 1744 4871 cap.
1766 4807 1862 4857 200
1884 4805 2012 4859 inter
2036 4809 2198 4873 Opera
2224 4805 2539 4870 Theodoreti,
2561 4804 2712 4873 infra,
2735 4810 2851 4858 tom.
2881 4807 3151 4859 LXXXIV.

842 5048 1531 5164 RABBUL/E
1610 5050 2297 5168 EDESSENI
2378 5052 3091 5173 CANONES.

335 5226 964 5304 {FPS‘QSiﬁAQl‘OGhAePQ
1005 5229 1242 5304 εγτρτιιιξι
1274 5230 1621 5304 ΔΝοιηοίελῐιοιι,
1664 5245 1691 5281 a
1729 5231 1970 5295 Gregorio
2015 5233 2412 5304 ΑζιιιὶιζιιεειςειείοΔ
2429 5237 2766 5304 nar-Hebrive
2806 5235 3014 5304 Syriaco
3048 5231 3368 5304 compositus,
3398 5237 3452 5282 et
3474 5247 3500 5304 a
3523 5232 3611 5282 Jo-

333 5290 508 5414 ἷέιέιῗίέ
530 5292 742 5431 satyro
781 5292 1054 5341 Assemauo
1095 5290 1148 5339 in
1203 5292 1423 5341 Latinam
1465 5290 1685 5357 linguam
1725 5290 2009 5345 conversus.
2045 5290 2192 5359 Apu'd
2234 5290 2349 5360 Mai,
2374 5296 2560 5360 Script.
2606 5304 2701 5350 vet.
2742 5290 2867 5349 nova
2907 5296 3126 5359 Collect.,
3158 5290 3278 5347 tom.
3313 5290 3371 5358 X,
3396 5301 3521 5359 part.
3552 5307 3608 5355 ιι,

360 4933 3591 4964 .——————————_____________________________________________._

486 5573 558 5628 De
587 5575 852 5645 primitiis,
874 5576 1310 5634 benedictionibus
1333 5590 1383 5636 et
1407 5581 1773 5657 eleemosynis.
2025 5588 2288 5659 episcopo
2309 5584 2534 5652 faciant,
2552 5591 2608 5639 et
2641 5597 2752 5638 non
2776 5578 3020 5636 indicant
3040 5577 3301 5634 collectas
3331 5571 3611 5631 saeculari-

412 5665 490 5720 Ex
521 5667 605 5731 iis,
635 5683 757 5738 qua:
790 5678 917 5742 sunt
956 5669 1233 5735 Ecclesiae,
1267 5674 1573 5747 presbyteri
1605 5678 1920 5735 convivium
2029 5680 2136 5736 bus
2153 5679 2257 5737 sub
2280 5678 2501 5735 nomine
2522 5675 2787 5753 episcopi,
2817 5672 3041 5747 quando
3056 5671 3124 5731 ad
3160 5670 3308 5742 ipsos
3338 5665 3605 5742 procedit-
