4076 6438
591 289 730 344 1475

1161 404 1234 458 De
1272 410 1568 462 oeconomia.

661 491 960 551 Saeculares
1008 512 1118 550 non
1165 498 1276 551 sint
1326 499 1618 564 aeconomi,
1657 501 1766 555 nisi
1812 503 1904 556 ubi
1937 519 2048 559 non
2083 515 2168 560 est

587 585 896 654 presbyter,
926 597 1021 642 aut
1047 588 1334 644 diaconus.

1109 701 1186 754 De
1219 704 1357 755 vasis
1392 703 1601 758 altaris.

656 785 851 841 Nullus
899 790 1206 860 presbyter,
1243 801 1337 846 aut
1391 794 1656 849 diaconus
1711 797 1910 853 audeat
1961 816 2166 870 ponere

587 889 715 928 vasa
760 879 986 946 profana
1033 896 1158 934 cum
1203 883 1351 936 vasis
1397 886 1750 941 sanctiticatis
1793 888 1847 942 in
1894 905 2042 955 arca,
2073 901 2167 946 aut

588 967 874 1034 paradisco
908 971 1063 1041 (cella
1095 975 1362 1042 sacrarii).

731 1078 810 1131 De
844 1083 1195 1136 anathematis
1230 1084 1484 1138 altarium
1517 1103 1633 1154 qua:
1665 1101 2059 1145 consecrantur.

663 1169 718 1223 Si
749 1180 967 1225 exstent
992 1173 1195 1226 alicubi
1226 1175 1469 1244 reliquiae
1511 1180 1698 1247 templi
1723 1181 1926 1246 idolici,
1955 1184 2160 1247 statim,

589 1261 634 1314 si
665 1261 781 1314 fieri
820 1262 1013 1330 possit,
1045 1264 1402 1331 subruantur,
1435 1276 1490 1320 et
1513 1269 1567 1321 in
1601 1270 1900 1326 Ecclesiam
1931 1289 2162 1328 conver—

591 1359 796 1414 tantur,
837 1353 882 1406 si
931 1354 1166 1408 ecclesia
1208 1356 1473 1411 aediﬁcata
1521 1375 1629 1413 non
1674 1361 1861 1418 fuerit.
1906 1365 2164 1419 Ecclesia:

589 1447 771 1492 autem
813 1440 1112 1506 :ediﬁcatze,
1160 1444 1508 1512 dealbentur,
1545 1459 1600 1503 et
1639 1451 1750 1504 sint
1790 1451 1846 1506 in
1885 1453 1992 1508 illis
2027 1470 2162 1509 con-

590 1527 706 1580 cha:
747 1527 845 1597 (l),
882 1538 938 1582 et
972 1531 1130 1584 atria.

690 1639 1080 1696 Admonitiones
1108 1645 1246 1698 circa
1275 1650 1618 1718 sumptionem
1650 1656 2036 1723 mysteriorum.

661 1724 983 1783 Sacerdotes
1022 1747 1091 1785 ne
1143 1732 1276 1786 dent
1319 1735 1650 1792 oblationem
1700 1743 1944 1807 tentatis,
1987 1753 2047 1798 ut
2076 1761 2164 1800 res

590 1825 791 1871 sanctae
813 1834 920 1872 non
946 1820 1253 1876 alliciantur
1276 1825 1654 1883 irreverentia.

656 1924 732 1978 De
770 1932 1166 1984 transmissione
1196 1937 1564 2015 mysteriorum
1605 1948 1654 1991 et
1687 1947 2093 2000 contrectatione

1243 2021 1497 2072 ipsorum.

655 2085 825 2141 Nemo
878 2090 1298 2162 presbyteratu,
1369 2105 1463 2150 aut
1521 2097 1812 2156 diaconatu
1866 2103 2162 2163 destitutus

586 2177 783 2230 audeat
813 2179 1143 2236 oblationem
1179 2184 1387 2239 homini
1418 2187 1568 2242 dare.

661 2269 984 2342 Presbyteri,
1013 2282 1069 2327 et
1105 2275 1341 2342 diaconi,
1371 2280 1467 2348 qui
1506 2281 1639 2335 dant
1676 2286 2157 2357 sanctiﬁcationes,

587 2373 697 2412 non
724 2360 928 2416 idcirco
953 2365 1218 2434 recipiant
1246 2367 1472 2424 donum.

933 2454 1010 2508 De
1042 2457 1366 2529 negligentiis
1399 2468 1805 2522 occurrentibus.

655 2563 1064 2634 Fragmentum,
1094 2573 1241 2639 quod
1276 2575 1422 2628 cadit
1467 2576 1537 2630 de
1575 2594 1806 2649 corpore
1844 2593 2033 2640 sancto
2063 2603 2158 2642 su-

583 2669 682 2724 per
723 2664 957 2723 terram,
989 2671 1245 2716 accurate
1293 2679 1593 2733 quaeratur,
1637 2679 1694 2724 et
1740 2674 1784 2726 si
1820 2673 2154 2744 inveniatur,

580 2747 839 2800 eradatur
864 2749 1017 2804 locus
1042 2753 1179 2822 ejus,
1212 2755 1256 2808 si
1285 2763 1498 2813 terrens
1539 2760 1630 2825 sit,
1657 2770 1712 2816 et
1741 2764 1856 2834 ipsa
1891 2767 1982 2821 illa
2014 2777 2159 2826 terra

579 2851 722 2906 aqua
749 2840 1136 2907 confundatur,
1161 2857 1216 2899 et
1241 2849 1455 2903 hanana
1483 2851 1557 2922 (‘2)
1584 2853 1745 2909 detur
1779 2856 2034 2915 fidelibus
2060 2879 2072 2914 :
2101 2871 2159 2917 et

582 2927 627 2982 si
653 2944 760 2982 non
783 2930 1113 2998 inveniatur,
1143 2936 1394 2992 similiter
1419 2943 1694 3012 scalpatur
1716 2947 1892 3014 locus,
1923 2963 1983 3005 ut
2018 2952 2158 3007 dixi-

580 3035 724 3076 mus.
757 3021 960 3075 Eodem
993 3026 1177 3090 modo,
1205 3037 1261 3082 et
1301 3030 1346 3084 si
1380 3047 1410 3085 e
1441 3036 1706 3104 sanguine
1743 3039 2066 3110 effunditur,
2107 3047 2153 3100 si

579 3106 832 3179 lapideus
857 3113 928 3166 sit
958 3114 1131 3181 locus,
1157 3119 1424 3175 carbones
1451 3127 1971 3197 superimponantur
1995 3135 2068 3191 ei.

1175 3232 1252 3286 De
1285 3239 1540 3292 aratione.

650 3334 772 3392 Sint
817 3354 1231 3409 perseverantes
1273 3347 1330 3403 in
1371 3352 1642 3419 oratione,
1672 3364 1739 3410 et‘
1767 3358 2056 3431 diligentes
2095 3365 2148 3420 in

578 3426 886 3485 ministerio
911 3449 1101 3490 omnes
1124 3437 1220 3491 filii
1245 3439 1526 3506 Ecclesiae,
1545 3461 1648 3502 nec
1669 3460 1885 3506 cessent
1905 3453 1974 3508 ab
1999 3455 2152 3513 horis

576 3519 885 3576 orationum
913 3534 971 3580 et
993 3529 1326 3594 psalmorum
1353 3545 1515 3588 nocte
1537 3544 1594 3590 et
1621 3537 1731 3593 die.

1035 3636 1106 3691 De
1135 3648 1268 3692 coetu
1294 3646 1688 3702 monachorum.

646 3743 895 3799 Monachi
936 3748 1131 3804 inclusi
1187 3753 1449 3812 duntaxat
1499 3761 1749 3818 nutriant
1794 3768 2048 3837 capillos,
2090 3783 2149 3828 et

574 3833 721 3888 ferro
757 3837 1072 3895 induantur.

644 3925 892 3982 Monachi
935 3932 1264 4001 visitatores,
1296 3948 1354 3992 et
1388 3955 1579 3997 omnes
1615 3943 1815 4001 fratres
1840 3957 1992 4005 extra
2025 3967 2145 4006 mo-

575 4019 828 4082 nasteria,
868 4032 1048 4078 vestes
1077 4026 1259 4096 nigras
1295 4045 1362 4083 ex
1398 4030 1525 4099 pilis
1553 4049 1661 4088 non
1702 4036 1934 4094 induant
1961 4042 2058 4113 (5),
2086 4055 2147 4100 ut

571 4120 681 4159 non
708 4109 1076 4179 vilipendatur
1103 4115 1280 4170 honor
1307 4119 1622 4177 schematis.

640 4195 811 4250 Nemo
841 4201 1103 4270 suscipiat
1133 4203 1379 4272 fratrem,
1415 4211 1507 4277 qui
1543 4212 1742 4283 migrat
1769 4216 1836 4272 de
1866 4232 2141 4279 monaste-

569 4287 654 4340 rio
680 4288 735 4342 in
765 4296 1178 4362 monasterium,
1205 4299 1309 4353 nisi
1337 4312 1526 4373 rogatu
1559 4308 1800 4376 praefecti
1828 4313 1996 4381 priori
2028 4333 2143 4372 mo-

569 4380 828 4434 nasterio.

638 4466 956 4534 Monachus,
989 4473 1084 4540 qui
1127 4477 1412 4548 presbyter
1453 4497 1561 4536 non
1595 4486 1686 4553 sit,
1719 4499 1814 4544 aut
1849 4489 2134 4561 diaconus,
2173 4475 2213 4529 θ

566 4569 676 4607 non
703 4557 902 4612 audeat
928 4560 1325 4620 Eucharistiam
1357 4573 1658 4644 porrigere.

638 4647 883 4701 Monachi
921 4667 989 4705 ne
1029 4668 1195 4724 pagos
1230 4660 1502 4731 urbesque
1539 4667 1766 4733 adeant,
1811 4672 1905 4726 sed
1944 4674 2136 4729 visita-

567 4745 714 4791 tores
756 4738 1018 4796 duntaxat
1049 4763 1062 4797 :
1093 4746 1242 4817 iique
1288 4751 1342 4806 in
1387 4757 1640 4824 ecclesia,
1669 4775 1764 4815 aut
1805 4768 2136 4821 monasterio

563 4829 810 4894 sedeant,
851 4843 908 4890 et
943 4850 1374 4910 commorentur,
1429 4864 1607 4917 neque
1662 4868 1762 4920 per
1802 4853 1995 4912 domos
2045 4875 2134 4914 va-

563 4934 782 4988 gentur.

631 5013 880 5072 Monachi
916 5023 1148 5079 multum
1181 5026 1368 5082 vinum
1397 5047 1506 5087 non
1539 5033 1750 5102 bibant,
1779 5055 1848 5093 ne
1878 5041 2135 5114 blasphe-

559 5113 732 5159 ment.
775 5107 1026 5167 Monachi
1062 5120 1463 5184 possessionem
1509 5126 1716 5191 ovium,
1742 5139 1837 5184 aut
1866 5147 2132 5201 equorum

558 5210 669 5251 non
717 5201 1066 5273 possideant,
1121 5211 1217 5266 sed
1261 5215 1436 5268 solum
1485 5217 1686 5283 asinos,
1733 5229 1788 5275 et
1831 5231 2014 5280 tauros
2063 5229 2131 5282 ad

560 5289 853 5349 arandum.

729 5466 805 5569 Ilp
844 5471 1109 5569 margine,
1230 5483 1464 5569 cs‘t,lubi
1496 5489 1911 5569 coquituratata.

628 5534 701 5623 t2)
727 5535 781 5623 ld
805 5548 917 5623 est,
936 5534 1033 5608 pro
1057 5534 1226 5613 gratia
1249 5559 1304 5604 et
1327 5534 1931 5618 clementia
1954 5581 2128 5623 massa

573 5601 652 5655 'lla
681 5601 1011 5678 porrigatur.

1508 295 1844 352 RABBULAE‘.
1885 295 2218 356 EDESSENI
2288 301 2594 358 EPISCOPI
2632 305 2965 367 CANONES.

3702 328 3822 385 M76

2198 427 2239 480 Α
2341 416 2538 472 Libros
2582 429 2873 478 extraneos
2912 441 3022 478 non
3072 425 3310 484 habeant
3359 430 3416 484 in
3461 440 3821 509 monasteriis,

2270 523 2449 578 neque
2483 521 2724 580 quaestus
2747 529 2814 568 ex
2847 517 3128 586 emptione
3157 535 3221 575 ac
3244 523 3582 580 venditione.

2339 603 2508 656 Nemo
2539 621 2603 659 ex
2641 606 2906 664 fratribus
2950 611 3252 681 quidquam
3275 614 3381 669 sibi
3407 621 3692 688 proprium
3713 639 3822 693 pos.

2269 692 2464 759 sideat,
2503 697 2597 750 sed
2631 701 2810 754 omnia
2837 705 3153 759 communia
3185 707 3315 773 sint,
3353 719 3410 764 et
3439 712 3541 766 sub
3566 692 3819 783 potestate

2267 786 2508 853 praefecti
2543 793 2897 848 monasterio.

2338 876 2634 954 Praefectus
2665 885 2999 940 monasterio
3036 903 3105 942 ne
3145 887 3411 946 fratribus
3446 895 3741 962 permittat,
3771 909 3824 955 ut

2267 971 2704 1039 consanguineos
2757 975 2992 1042 adeant,
3052 995 3123 1035 ne
3191 983 3480 1053 colloquiis
3532 982 3690 1042 vanis
3746 1006 3825 1046 re.

2267 1057 2540 1114 laxentur.

2335 1149 2412 1201 Ne
2450 1148 2782 1208 infirmitatis
2813 1171 2976 1210 causa
3017 1159 3270 1213 monachi
3306 1161 3620 1232 relinquant
3657 1181 3825 1222 cccno-

2265 1238 2356 1294 bia
2409 1257 2528 1303 sua,
2573 1253 2629 1297 et
2675 1260 2774 1313 per
2824 1247 3073 1302 civitates
3127 1265 3190 1304 ac
3241 1251 3359 1306 loca
3413 1263 3706 1324 vagentur,
3741 1261 3821 1314 scd

2265 1333 2573 1388 sustineant
2606 1338 2886 1406 angustias
2919 1349 3146 1411 propter
3170 1343 3461 1398 Dominum
3497 1357 3762 1404 nostrum.

2333 1423 2504 1478 Nemo
2539 1425 2768 1482 fratrum
2818 1431 3120 1486 solitariam
3158 1435 3324 1488 vitam
3360 1436 3546 1504 ducat,
3580 1441 3688 1496 nisi
3723 1442 3821 1508 ille,

2264 1514 2422 1582 cujus
2457 1531 2624 1584 opera
2659 1518 2751 1572 diu
2791 1523 3018 1590 probata
3051 1523 3237 1579 fuerit.

2334 1602 2634 1660 Praefectus
2669 1612 3002 1666 monasterio
3035 1615 3404 1670 constituatur
3440 1617 3552 1685 ille,
3584 1621 3681 1691 qui
3715 1639 3825 1694 pos-

2264 1693 2336 1747 sit
2370 1695 2678 1763 gubernare
2713 1699 3131 1758 fraternitatem.

2195 1759 2235 1814 Β
2334 1759 2644 1858 Presbyteri
2710 1800 2764 1844 et
2837 1791 3052 1846 diaconi
3121 1797 3375 1852 monachi
3443 1811 3677 1869 possunt
3735 1804 3823 1860 mi-

2264 1877 2500 1933 nistrare
2531 1881 2687 1950 jussu
2731 1884 2976 1956 episcopi
3023 1887 3078 1941 in
3121 1889 3275 1955 locis,
3325 1890 3380 1945 in
3405 1893 3610 1962 quibus
3655 1897 3823 1956 clerici

2262 1985 2372 2024 non
2408 1979 2552 2026 sunt.

2333 2065 2503 2128 Arcag,
2542 2067 2597 2118 in
2643 2065 2847 2134 quibus
2895 2072 3148 2125 monachi
3189 2075 3551 2143 sepeliuntur,
3593 2079 3652 2133 in
3694 2089 3821 2136 terra

2262 2153 2591 2208 condantur.

2333 2244 2630 2302 Praefectus
2663 2252 3016 2318 monasterio,
3043 2270 3167 2309 cum
3207 2257 3444 2324 decedit,
3477 2259 3678 2320 fratres
3708 2281 3819 2320 eum

2261 2335 2528 2402 sepeliant
2561 2353 2686 2391 cum
2723 2341 2964 2407 silentio,
3001 2351 3058 2397 et
3090 2361 3198 2400 non
3239 2361 3820 2422 congregentursaacu‘

2259 2423 2404 2479 lares
2435 2427 2502 2481 ad
2539 2429 2658 2498 ejus
2690 2429 2902 2486 funeris
2937 2450 3210 2504 pompam.

2330 2537 2602 2606 Monachi,
2637 2550 2694 2595 et
2726 2545 2992 2602 moniales
3015 2565 3084 2603 ne
3109 2551 3424 2609 cohabitent
3447 2572 3572 2612 cum
3605 2559 3820 2617 saeuia-

2260 2628 2432 2685 ribus.

2330 2743 2629 2803 Saeculares
2666 2722 2733 2806 n'e
2770 2757 3222 2814 sustentationem
3256 2765 3600 2832 corporalem
3647 2782 3826 2824 mona-

2258 2835 2488 2892 chorum
2521 2841 2814 2912 negligant.

2326 2940 2583 2999 Mulieres
2629 2946 2770 3003 intra
2818 2953 2966 3008 fores
3016 2961 3475 3018 monasteriorum
3527 2981 3600 3022 ne
3655 2968 3823 3042 ingre-

2257 3025 2501 3084 diantur.

2182 3110 2224 3168 δ
2330 3137 2610 3207 Moniales,
2636 3160 2758 3227 quin
2791 3149 2846 3202 in
2895 3151 3127 3210 urbibus
3159 3160 3418 3232 pagisque
3452 3172 3602 3222 sunt.
3639 3167 3685 3223 si
3719 3183 3818 3224 non

2255 3225 2494 3282 habeant
2527 3214 2942 3303 monasterium,
2968 3249 3062 3295 aut
3095 3246 3405 3301 coenobium
3440 3248 3516 3320 (4)
3549 3267 3816 3317 sororum,

2253 3315 2375 3371 duae
2407 3320 2570 3376 simul
2606 3325 2833 3382 sedeant
2867 3329 2923 3383 in
2963 3347 3071 3388 una
3108 3334 3293 3403 domo,
3328 3349 3379 3394 et
3415 3341 3575 3397 simul
3601 3353 3731 3401 eant
3755 3343 3818 3400 ad

2252 3411 2562 3468 ecclesiam.

2322 3522 2570 3580 llonachi
2605 3529 2844 3598 psalmos
2875 3534 3079 3605 dicant,
3108 3548 3163 3595 et
3198 3544 3461 3601 moniales
3493 3547 3662 3604 etiam
3693 3564 3815 3606 can-

2253 3612 2378 3669 tica.

2320 3727 2590 3794 Monachi,
2627 3739 2682 3786 et
2727 3735 2996 3793 moniales
3052 3740 3217 3798 horas
3266 3760 3490 3815 precum
3537 3749 3813 3822 impleant,

2247 3817 2595 3890 psalmosque
2631 3824 2869 3882 recitent
2900 3828 2994 3883 diu
3033 3841 3331 3904 noctuque.

2319 3933 2641 4000 Szncularis,
2706 3941 2799 4010 qui
2836 3942 3002 3998 ﬁliam
3060 3946 3286 4006 foederis
3339 3950 3670 4030 (monialem)
3715 3957 3813 4014 sibi

2247 4019 2684 4093 desponsaverit,
2721 4032 3236 4094 anathematizctur.

2313 4135 2584 4204 llonachi,
2621 4153 2677 4197 et
2719 4147 3006 4212 moniales,
3041 4142 3134 4220 qui
3181 4154 3402 4211 schema
3439 4170 3673 4226 exuunt,
3709 4177 3815 4232 pte-

2243 4225 2534 4283 nitentiam
2583 4244 2778 4303 agant,
2835 4239 3079 4309 alioquin
3134 4225 3672 4308 anathematizentur
3715 4270 3810 4308 una

2244 4331 2370 4372 cum
2407 4336 2598 4377 eorum
2629 4325 2906 4395 amnibus,
2943 4333 2989 4386 si
3026 4333 3160 4403 ipsis
3194 4340 3560 4398 consentiant.

2313 4429 2509 4489 Mulier
2539 4447 2731 4507 nupta,
2767 4441 2974 4513 absque
3020 4449 3202 4502 mariti
3238 4451 3321 4506 sui
3368 4455 3676 4522 voluntate,
3710 4473 3816 4512 non

2243 4523 2504 4592 suscipiat
2557 4527 2956 4589 institutionem
3013 4537 3454 4616 (monasticam),
3507 4563 3693 4618 neque
3735 4549 3818 4604 vir

2242 4611 2450 4681 absque
2485 4617 2768 4674 voluntate
2803 4625 3050 4695 conjugis
3085 4643 3216 4684 suae.

2313 4721 2561 4780 Monachi
2597 4729 2714 4784 sine
2750 4735 3093 4807 presbytero,
3140 4748 3196 4795 et
3249 4743 3515 4803 moniales
3545 4746 3674 4804 sine
3705 4747 3821 4802 dia-

2240 4816 2474 4882 conissa,
2496 4835 2567 4874 ne
2603 4833 2832 4893 pergant
2862 4827 2928 4882 ad
2963 4844 3213 4900 synaxes.

2311 4928 2614 4986 Haereticus
2659 4949 2728 4988 ne
2775 4937 2964 4992 sedeat
2996 4940 3051 4994 in
3087 4952 3276 4999 nostro
3319 4953 3678 5020 monasterio,
3727 4970 3822 5010 ne-

2236 5034 2343 5089 que
2379 5024 2606 5078 accedat
2644 5025 2711 5080 ad
2751 5043 2839 5084 res
2874 5032 3264 5092 sanctificatas.

2307 5129 2558 5188 Monachi
2582 5151 2651 5190 ne
2677 5139 2976 5194 ascendant
3000 5142 3068 5197 ad
3093 5145 3297 5215 gradus
3326 5149 3536 5207 altaris.

2300 5241 2550 5298 Monachi
2587 5256 2643 5302 ct
2682 5251 2946 5307 moniales
2991 5255 3060 5309 ab
3106 5272 3208 5312 usu
3254 5262 3436 5318 carnis
3472 5263 3812 5331 abstineant,

2229 5332 2358 5388 vino
2399 5347 2584 5392 autem
2626 5342 2845 5398 modico
2881 5357 3112 5416 propter
3147 5349 3518 5411 inﬁrmitatem
3561 5366 3813 5414 utantur.

2310 5508 2468 5599 φρ.ιὲ
2483 5515 2751 5599 margine2
2772 5518 2827 5573 id
2848 5529 2931 5575 cst
2953 5523 3173 5599 schema
3195 5529 3538 5586 saecularium
3555 5532 3817 5599 induant,

2236 5587 2534 5663 atltlve'stes
2554 5585 2708 5663 albas
2736 5587 3146 5663 laneasabsqne
3169 5600 3407 5656 cucullo.

2307 5645 2382 5716 (4)
2421 5648 2478 5704 In
2512 5656 2756 5726 margine
2790 5645 3525 5741 arabice‘l’egiturvé-elvlam).
