4076 6458
510 345 646 397 14Ἱεῦ

1621 330 1809 387 FIRMI
1846 326 2319 384 CAESARIENSIS
2357 326 2661 382 EPISCOPI

509 458 815 512 doctrinam
838 450 1289 524 propugnandam
1307 447 1850 517 conﬁrmandamque
1866 446 2085 516 scriptis
2112 448 2156 504 A
2252 445 2489 517 Cyrillus
2511 444 2804 515 episcopus
2828 442 3052 515 (Alex.),
3083 458 3264 498 xxxvi.

510 545 703 615 procul
728 544 897 597 dubio
925 542 1280 611 consignarit.
1306 540 1464 594 Nunc
1489 545 1701 592 tantum
1738 538 1857 608 ejus
1880 536 2088 605 episto:

512 638 580 692 lis
610 652 709 690 xcv
738 634 995 697 fruimur,
1037 628 1270 703 quarum
1302 630 1540 684 lectione
1575 626 1965 696 comperimus,
2004 624 2087 679 in-

513 728 634 797 quit
679 727 764 780 vir
798 725 1051 781 eruditus
1075 725 1178 794 (η).
1212 722 1455 776 Firmum
1487 726 1547 773 ut
1578 718 1892 772 litterarum
1922 714 2085 771 Chri-

512 814 836 877 stianarum,
864 813 938 866 ita
961 821 1018 866 et
1046 811 1389 867 szecularium
1413 808 1644 864 scientia
1673 806 1959 861 claruisse.
1978 804 2087 859 Has

510 923 643 961 vero
672 906 935 975 epistolas
974 920 1041 957 ex
1080 911 1299 958 vetusto
1339 901 1530 957 codice
1570 899 1921 953 bibliotheca:
1952 897 2086 950 Am-

511 998 781 1052 brosianac
829 996 1137 1065 descriptas
1182 1010 1246 1049 ac
1298 994 1493 1048 Latine
1544 992 1788 1046 redditas
1834 989 2087 1058 notisque

511 1090 832 1152 illustratus,
877 1086 1087 1141 Patavii
1131 1084 1407 1154 cvulgavit
1459 1081 1565 1137 hoc
1611 1068 1811 1137 sarculo
1859 1081 2086 1135 ineunte

512 1182 575 1235 γ.
627 1180 688 1234 C.
722 1178 1045 1257 Ludovicus
1076 1177 1346 1231 Antonius
1372 1174 1704 1229 Muratorius
1729 1172 1823 1243 (ο).
1848 1172 1924 1225 De
1960 1171 2087 1240 qui-

513 1271 619 1324 bus
648 1271 702 1323 in
739 1269 1148 1339 Prolegomenis
1179 1268 1293 1321 hate
1345 1266 1510 1320 habet
1550 1283 1562 1318 :
1620 1284 1637 1315 ι
1673 1264 1918 1318 Firmum
1962 1262 2083 1330 cpi-

513 1377 742 1433 scopum
797 1360 1190 1415 Caesariensem
1236 1359 1293 1412 in
1343 1372 1533 1411 eorum
1569 1356 1740 1409 fastos
1778 1355 1873 1423 qui
1900 1354 2083 1423 aliqua

511 1451 845 1505 eruditionis
905 1467 1017 1506 sua:
1072 1449 1409 1503 monimenta
1461 1446 1699 1516 posteris
1752 1444 2082 1508 mandarint,

512 1542 745 1611 primus,
792 1541 939 1610 quod
975 1542 1163 1603 sciam,
1196 1540 1392 1593 infero.
1435 1539 1515 1592 En
1543 1539 1664 1607 ejus
1684 1538 1931 1607 epistolae
1959 1554 2081 1599 χιιι,

513 1648 623 1687 non
667 1633 839 1686 multo
882 1632 1104 1701 quidem
1153 1647 1339 1685 rerum
1386 1630 1653 1700 pondere,
1695 1629 1793 1684 sed
1826 1628 2086 1682 familiari

513 1723 784 1793 elegantia
813 1722 1301 1776 commendabiles.
1354 1721 1598 1775 Brevitas
1634 1722 1691 1775 in
1737 1722 1820 1776 eis
1866 1728 2090 1790 praestat

515 1828 580 1868 ac
617 1813 878 1878 eruditio,
919 1824 1084 1882 prout
1128 1822 1515 1882 argumentum
1560 1820 1616 1865 et
1647 1827 1841 1866 eorum
1882 1821 2092 1879 tempo-
2121 1800 2164 1854 Β

518 1921 639 1958 rum
688 1904 1027 1958 consuetudo
1058 1904 1335 1973 poscebat.
1385 1903 1650 1972 Quodque
1680 1918 1788 1956 non
1831 1901 1984 1971 parvi
2007 1901 2089 1955 fa-

514 1998 793 2059 ciendum,
831 1996 921 2050 hic
962 1998 1155 2050 saltem
1193 1998 1373 2066 legere
1410 1997 1559 2061 licet,
1597 1995 1690 2065 qui
1733 2010 1934 2061 mores,
1970 2011 2092 2066 quae

512 2089 689 2143 oﬂicia
739 2088 884 2144 inter
933 2088 1229 2144 familiares
1270 2090 1403 2143 olim
1455 2098 1662 2155 essent,
1710 2090 1920 2144 nostris
1960 2104 2091 2144 sane

516 2198 782 2251 perquam
814 2182 1031 2235 similia.
1060 2181 1415 2250 Conscriptas
1435 2183 1552 2251 pari
1582 2183 1852 2237 brevitate
1881 2181 2089 2251 episto—

517 2278 598 2325 las
643 2271 942 2325 familiares
973 2271 1119 2339 apud
1163 2271 1301 2325 alios
1340 2271 1583 2341 Graecos,
1608 2273 1908 2342 scriptores
1940 2272 2091 2326 inve-

516 2363 654 2424 nias,
688 2363 878 2431 qualcs
921 2370 1143 2417 sanctus
1182 2361 1479 2431 Gregorius
1518 2364 1914 2427 Nazianzenus,
1971 2379 2095 2418 san-

514 2464 637 2509 ctus
702 2457 945 2511 Isidorus
1005 2459 1314 2524 Pelusiota,
1372 2466 1593 2512 sanctus
1646 2458 1835 2522 Nilus,
1890 2465 1950 2511 ut
2009 2471 2095 2509 re-

516 2546 696 2615 liquos
754 2549 1023 2602 omittam.
1060 2569 1076 2601 ι
1160 2550 1287 2603 llaec
1358 2549 1444 2603 vir
1500 2548 1886 2611 doctissimus,
1937 2548 2096 2618 cujus

516 2636 817 2690 editionem
866 2638 935 2693 ad
979 2641 1241 2694 amussim
1284 2638 1674 2709 expressimus.
1711 2639 1943 2693 Nomina
1964 2652 2095 2693 vero

517 2741 709 2781 eorum
746 2728 813 2782 ad
850 2745 990 2798 quos
1020 2731 1242 2800 scripsit
1274 2731 1513 2795 Firmus,
1559 2740 1725 2800 prout
1758 2746 1821 2786 ca
1866 2731 2096 2802 digessit

518 2819 805 2875 Fabricius
830 2823 930 2890 (p),
966 2821 1058 2875 hic
1092 2823 1435 2893 subjicimus.

588 2909 825 2965 Aeacius
848 2912 1163 2981 cpiscopus,
1195 2914 1359 2982 epist.
1382 2931 1495 2982 xxx,
1530 2930 1689 2969 xxxv.

588 2999 855 3064 Achilles,
889 3018 928 3055 ι.

589 3086 817 3158 Alypius
841 3090 1289 3161 chorcpiscopus,
1317 3110 1369 3148 v.

588 3178 885 3235 Armenius
915 3182 1210 3249 arehiater,
1242 3201 1356 3239 νιιι.

587 3271 805 3327 Atticus
832 3273 1145 3344 episcopus,
1182 3293 1293 3331 xm.

591 3362 867 3426 Ausonius
891 3368 1198 3439 presbyter,
1226 3384 1299 3422 xl.

587 3456 748 3511 Chilo
779 3459 1094 3529 episcopus,
1119 3476 1264 3515 xxxv.

590 3548 962 3613 Colossianus,
989 3566 1135 3604 xvnr.

588 3635 861 3708 Cynegius
881 3654 1085 3694 comes:
1117 3656 1190 3695 ιν.

595 3789 672 3931 ἕηὲ
695 3790 959 3859 Lequien.
985 3791 1022 3846 Ι.
1047 3807 1095 3846 c.
1120 3807 1175 3860 ιί.
1198 3792 1320 3848 475.

617 3876 646 3913 ο
711 3860 970 3916 Murator.
1028 3862 1275 3918 Anerdet.

617 3860 667 3930 ο)
711 3860 970 3916 Murator.
1028 3862 1275 3918 Anerdot.
1327 3861 1493 3920 erc.
1559 3877 1613 3932 p.
1648 3860 1905 3929 281—324,
1951 3862 2086 3918 cdit.

2256 536 2552 607 Cytherius
2586 537 2854 605 sophista,
2888 552 2946 590 ιι.

2256 627 2447 683 Daniel
2472 627 2785 697 episcopus,
2810 642 2938 681 xui.

2240 718 2511 784 .Didnius,
2538 734 2632 772 vn.

2257 808 2636 872 Dometianus,
2655 822 2844 863 xxxm.

2258 898 2536 965 Ecdicius,
2562 915 2727 953 xxxn.

2258 991 2569 1047 Evandrius
2600 991 2913 1061 episcopus,
2944 1007 3032 1056 xv,
3066 1006 3248 1048 xxxiv.

2260 1083 2601 1148 Eleusinius,
2627 1100 2773 1137 xxxi.

2258 1175 2527 1245 Eupnius,
2547 1191 2634 1229 XL.

2257 1264 2631 1329 Eustrathius,
2667 1280 2826 1318 xxxix
2851 1281 2866 1330 ;
2901 1280 3105 1329 comes,
3129 1281 3205 1318 ιιι.

2258 1357 2577 1421 Eutherius,
2598 1371 2752 1413 xxxi.

2263 1447 2597 1512 Florentius,
2636 1464 2781 1501 χχιιι.

2257 1540 2555 1593 Gerontius
2578 1541 2887 1611 presbyter,
2919 1556 2972 1593 x.

2260 1629 2483 1685 Gcssius
2504 1630 2890 1695 scholasticus,
2914 1647 2985 1684 vr.

2262 1721 2439 1784 llelio,
2464 1738 2646 1775 xxvm.

2264 1814 2564 1879 Helladius,
2595 1831 2690 1878 xn,
2715 1830 2838 1869 XXVI
2868 1833 2882 1880 ;
2911 1815 3225 1884 episcopus,
3252 1831 3353 1869 xu.

2265 1905 2541 1969 lnachius,
2587 1920 2714 1959 xm!
2751 1914 2807 1960 et
2842 1921 2981 1971 κων,
3024 1907 3129 1961 nisi
3161 1908 3433 1976 posterior
3464 1909 3656 1978 potius
3690 1929 3780 1969 re-

2195 1994 2481 2064 sponsoria
2531 1995 2603 2049 sit
2649 1996 2717 2049 ad
2761 1997 3041 2066 priorem;
3083 1998 3268 2067 itaque
3316 1999 3384 2053 ab
3433 2001 3660 2057 Inachio
3705 2002 3779 2057 ad

2196 2087 2463 2149 Firmum,
2500 2102 2611 2141 non
2636 2103 2667 2141 a
2703 2088 2888 2143 Firmo
2921 2089 2988 2143 ad
3015 2089 3297 2144 Inachium
3330 2093 3552 2162 scripta.

2266 2179 2530 2243 Isidorus,
2581 2195 2705 2233 xxx.
2762 2179 2920 2233 Hunc
2968 2194 3082 2235 non
3132 2180 3408 2238 diversum
3456 2185 3711 2255 suspicor
3745 2202 3779 2240 a

2195 2270 2492 2325 Pelusiota.

2268 2362 2498 2427 Lausus,
2531 2379 2605 2428 ιιι,
2648 2379 2734 2417 xx.
2778 2365 2797 2384 ⁶
2842 2363 2989 2418 Idcm
3028 2364 3169 2420 forte
3193 2382 3316 2421 cum
3341 2383 3426 2433 eo,
3463 2370 3551 2423 cui
3587 2369 3778 2425 Theo-

2196 2452 2363 2507 dotus
2382 2454 2706 2524 Ancyranus
2736 2454 2894 2508 libros
2913 2471 3006 2508 sea:
3035 2466 3221 2510 contra
3242 2458 3541 2512 Nestorium
3571 2460 3779 2520 inscri-

2197 2544 2307 2613 psit
2341 2563 2354 2597 :
2388 2553 2449 2598 ut
2472 2545 2792 2599 diximnsin
2814 2545 3071 2600 Theodoto
3108 2549 3408 2618 Ancyrano,
3442 2566 3629 2619 supra.

2265 2636 2531 2692 Leontius
2551 2638 2865 2707 episcopus,
2905 2654 3080 2692 xxxvr.

2265 2728 2568 2800 Olympius,
2596 2745 2756 2783 xxvn.
2784 2730 2958 2801 llujus
2984 2729 3335 2800 prudentiam
3363 2731 3777 2801 eloquentiams

2197 2836 2305 2891 que
2332 2835 2439 2890 qua
2464 2821 2891 2875 Themistoclem
2917 2837 2981 2876 ac
3002 2822 3269 2876 Periclem
3305 2831 3545 2892 superet,
3582 2823 3784 2881 laudat

2198 2914 2417 2969 Firmus
2438 2914 2669 2983 epistola
2693 2930 2808 2979 vin,
2833 2915 2916 2969 Ad
2934 2916 3164 2970 Atticum
3192 2917 3505 2987 episcopum.

2271 3008 2567 3077 Pergamus
2588 3007 3036 3076 ehorepiscopus,
3062 3022 3179 3061 va.

2271 3096 2535 3161 Pliethas,
2566 3095 2825 3166 Πλιήθας,
2846 3112 2956 3150 xxr.

2272 3188 2611 3252 Soterichus,
2658 3203 2785 3241 xvn.

2272 3276 2609 3341 Thalassius,
2645 3290 2755 3329 xvi.
2786 3280 2801 3296 '
2833 3275 3003 3331 Firmi
3030 3276 3170 3331 forte
3205 3275 3262 3330 in
3289 3275 3609 3346 episcopatu
3651 3291 3791 3332 suc-

2200 3385 2404 3424 CCSSOI’.

2273 3455 2591 3512 Theodotus
2615 3456 2931 3526 episcopus,
2958 3471 3086 3510 χιιι.
3116 3459 3135 3479 ⁴
3168 3456 3329 3512 Forte
3357 3456 3706 3525 Aneyranus.

2271 3548 2525 3603 Valerius
2543 3548 2857 3617 episcopus,
2882 3560 3101 3604 xxxvm.

2272 3638 2627 3706 Volusianus,
2650 3656 2773 3695 xxv.

2211 3794 2397 3849 Patav.
2433 3792 2590 3847 l709.

2267 3864 2343 3933 (p)
2376 3862 2590 3918 Fabric.
2626 3860 2757 3918 Bibl.
2792 3860 2906 3930 ϐπ,
2938 3869 3069 3918 tom.
3109 3859 3221 3929 Vll,
3254 3878 3307 3933 p.
3340 3862 3444 3918 4L9.
3466 3876 3626 3933 seqq.
