4076 6430
368 297 497 355 1481

1814 288 2191 346 ΕΡΙΒΪΟΙΛΞ.

3497 296 3633 350 US!

2406 486 3625 524 Μ

1733 669 2270 825 FIRMI

926 981 1565 1072 CIESARAEIE
1640 976 2436 1071 CAPPADOCIAE
2511 979 3062 1077 EPISCOPI

1400 1216 2142 1333 EPISTOLIE
2248 1221 2586 1339 XLV.

868 1595 949 1651 A‘.
989 1588 1275 1651 AXIAAEI
1330 1592 1427 1660 (ll.

430 1730 507 1786 Τὸ
524 1731 730 1785 ἁπλοῦν
751 1730 847 1784 τοῦ
863 1731 1033 1803 ἤθους
1058 1731 1156 1785 καὶ⁵
1179 1730 1582 1792 ἀκατάσκευον,
1599 1730 1694 1784 καὶ
1722 1733 1941 1802 ὴρωῖκῇ

362 1826 577 1897 πρέπον
613 1822 897 1895 φιλοτιμίᾳ
934 1822 1140 1885 ἰδόντες
1165 1822 1224 1875 ὲν
1256 1820 1341 1875 σοὶ
1364 1820 1650 1894 πόρρωθεν
1684 1823 1733 1875 οἱ
1763 1821 1947 1885 καλῶς

358 1898 459 1979 τὰς
490 1916 686 1985 φύσεις
708 1912 1158 1985 διερευνώμενοι,
1186 1911 1372 1966 ἐθεντό
1401 1929 1486 1966 σοι
1512 1911 1614 1983 τὴν
1644 1912 1738 1967 τοῦ
1761 1912 1949 1984 ἐκκρί-

356 2029 454 2065 του
477 2010 587 2065 1τεῶν
617 2009 815 2083 ἡρώων
841 2008 1240 2081 προσηγορίαν,
1269 2009 1347 2072 ὡς
1376 2010 1408 2079 ἡ
1442 2010 1608 2079 πεῖρα
1635 2010 1749 2071 τοῖς
1790 2024 1948 2077 γενο-

359 2105 546 2175 μένοις
575 2104 1017 2177 προσμαρτυρεῖ.
1044 2101 1120 2154 Τό
1149 2118 1210 2154 τε
1258 2101 1370 2170 γὰρ
1399 2099 1645 2169 ὑπήκοον
1677 2098 1818 2170 πρὸς
1855 2099 1946 2152 εὑ-

357 2198 552 2263 ταξίαν
599 2197 964 2272 esseom“,
1012 2193 1355 2265 ἀπελήλαται
1382 2192 1441 2247 δὲ
1477 2194 1589 2248 τῶν
1621 2192 1887 2264 ὲσχατιῶν
1914 2192 1945 2244 ὁ

360 2290 556 2359 φόϐος·
591 2289 698 2344 κᾶν
728 2287 849 2343 ὁδόν
874 2284 1109 2359 [ἄνοδον]
1147 2302 1230 2349 τις
1257 2286 1409 2359 sint],
1445 2282 1548 2339 κᾶν
1577 2283 1789 2354 πέτραν
1821 2282 1944 2352 ἠλί-

356 2381 525 2436 δαεον
554 2381 588 2452 ἢ
613 2380 939 2452 ἁπόρρωγα,
968 2376 1064 2432 καὶ
1089 2376 1296 2448 ταύτην
1321 2375 1470 2429 ἐστιν
1490 2376 1567 2438 ὡς
1590 2372 1945 2447 είρηνευομέ-

360 2485 459 2537 νην
486 2468 644 2521 πόλιν
666 2467 1050 2538 παραδραμεῖν
1065 2483 1080 2497 ·
1102 2466 1275 2529 οὕτως
1296 2466 1429 2536 ἡμῖν
1454 2465 1520 2518 hac
1541 2464 1651 2519 τῶν
1681 2463 1945 2535 κυμάτων

357 2556 583 2611 ἐκείνων
617 2557 717 2629 τῆς
746 2556 1013 2629 πονηρίας
1041 2554 1142 2625 τὴν
1174 2553 1267 2608 τοῦ
1316 2550 1531 2624 Ταύρου
1559 2552 1787 2623 πορείαν
1807 2568 1944 2623 τρα-

359 2648 687 2720 χυνομένην,
706 2648 882 2702 εὖδιον
901 2648 997 2702 καὶ
1019 2647 1172 2701 λείαν
1194 2647 1309 2708 τοῖς
1332 2643 1591 2717 παριοῦσι
1608 2645 1942 2717 πεποίηκας.

360 2740 469 2794 Καὶ
498 2740 705 2794 τοῦτων
761 2740 924 2811 χάρις
972 2741 1087 2803 τοῖς
1136 2738 1231 2792 ἐπὶ
1286 2740 1352 2810 τῇ
1404 2736 1802 2808 θαυμασιότητί
1847 2754 1944 2792 σου

351 2833 533 2906 ταῦτα
574 2833 840 2905 πράττειν
891 2828 1394 2901 καταϐαλλομένοις
1425 2828 1525 2900 τὴν
1552 2828 1763 2899 ψῆφον
1804 2846 1944 2901 χρη-

359 2923 521 2985 στοὺς
544 2921 779 2986 δεικνὺς,
818 2919 1060 2983 τοιοῦτος
1107 2913 1311 2984 ὣν,οἷς
1335 2918 1436 2990 ήδη
1483 2917 1677 2972 συνών.
1722 2920 1834 2973 Καὶ
1882 2920 1942 2974 ὲν

358 3013 497 3084 τῷδε
522 3012 905 3084 ὲξητασμένην
931 3012 1116 3083 ίδομεν
1140 3008 1369 3082 γνώμης
1400 3009 1711 3081 σεμνότητα
1735 3027 1749 3043 ο
1779 3008 1942 3075 αὔξο-

359 3106 463 3177 μέν
489 3122 550 3158 τε
570 3105 662 3159 διὰ
682 3106 904 3160 πάντων
930 3104 993 3158 τὸ
1012 3103 1219 3174 θαῦμα,
1238 3102 1335 3156 καὶ
1358 3102 1638 3167 τοιούτους
1657 3102 1940 3175 διαμένειν

355 3196 654 3267 εὐχόμεθα,
689 3196 785 3249 καὶ
809 3195 904 3249 ἐπὶ
935 3194 997 3248 τὸ
1024 3196 1217 3249 πλεῖον
1265 3192 1602 3264 προκόπτειν
1647 3193 1763 3257 τοῖς
1806 3210 1940 3246 κατ-

350 3286 694 3357 ορθώμασιν,
733 3287 835 3356 τῆς
881 3284 1095 3355 ἀγαθῆς
1137 3284 1351 3355 ἐρῶντα
1378 3282 1559 3355 δόξης,
1592 3283 1686 3336 καὶ
1729 3283 1830 3354 τὴν
1861 3282 1940 3354 τῷ

352 3376 474 3448 Θεῷ
499 3377 663 3449 φίλην
689 3378 914 3450 εἰρήνην
943 3379 1060 3442 τοῖς
1088 3376 1356 3447 ὑπηκόοις
1387 3375 1746 3447 βραϐεύοντα.

2651 1590 2691 1653 ι.
2727 1543 3027 1657 AClllLLl.

2121 1727 2520 1798 lngenuitatem
2542 1737 2601 1785 et
2628 1732 3040 1801 samplicitatem
3066 1745 3304 1801 morum,
3356 1736 3634 1792 animum-

2051 1834 2162 1889 que
2182 1820 2420 1875 heroicae
2439 1820 2699 1891 dignitati
2722 1823 3146 1880 convenientem
3170 1825 3227 1879 in
3252 1833 3308 1881 te
3325 1826 3486 1899 longe
3508 1840 3639 1886 ante

2051 1912 2451 1983 prospicientes
2476 1913 2536 1980 ii,
2569 1914 2664 1986 qui
2698 1923 2850 1972 recte
2867 1916 3154 1971 hominum
3177 1925 3405 1973 naturas
3424 1932 3636 1988 expeti-

2048 2004 2273 2070 derunt,
2329 2005 2430 2061 tibi
2481 2021 2683 2061 nomen
2731 2007 2966 2063 heroum
3014 2009 3424 2078 prteclarissimi
3460 2011 3637 2081 impo-

2047 2108 2245 2149 suere:
2270 2095 2417 2164 quod
2430 2095 2541 2166 jam
2569 2095 2911 2165 experientia
2942 2097 3114 2166 probe
3139 2097 3344 2152 factum
3372 2107 3631 2155 testatur.

2046 2186 2256 2242 Eodem
2280 2186 2428 2242 enim
2446 2195 2697 2257 tempore
2725 2188 2993 2258 populum
3020 2187 3121 2243 tibi
3139 2188 3446 2259 subjectum
3482 2199 3634 2244 recto

2046 2279 2370 2349 salubrique
2417 2268 2615 2335 ordine
2654 2281 3041 2351 composuisti,
3070 2282 3376 2353 pulsusque
3420 2282 3527 2337 fuit
3564 2269 3635 2338 ab

2043 2371 2312 2426 extremis
2358 2386 2424 2426 ac
2470 2370 2699 2425 remotis
2739 2370 2964 2427 ﬁnibus
2994 2381 3197 2426 terror.
3237 2372 3503 2439 Quamvis
3547 2372 3636 2429 in-

2045 2462 2190 2517 viam
2214 2463 2340 2533 quis
2364 2462 2624 2533 appellet,
2655 2463 2910 2533 quamvis
2936 2463 3274 2520 inaccessam
3311 2466 3636 2535 abruptam-

2044 2568 2155 2625 que
2179 2569 2409 2625 rupem;
2443 2554 2589 2609 hanc
2610 2563 2793 2610 tamen
2827 2556 3156 2626 praetervehi
3187 2556 3337 2622 licet,
3372 2569 3634 2629 tanquam

2045 2647 2315 2719 quietam,
2346 2656 2403 2703 et
2442 2647 2500 2703 in
2526 2663 2661 2719 pace
2711 2656 2965 2720 agentem
3020 2649 3248 2705 urbem:
3300 2651 3375 2725 ita
3409 2651 3574 2708 nobis
3600 2669 3636 2710 ο

2042 2739 2307 2796 ﬂuctibus
2335 2740 2445 2796 illis
2469 2740 2845 2811 improbitatis
2874 2741 3044 2797 Tauri
3074 2741 3183 2797 iter
3204 2759 3463 2814 asperum
3489 2759 3636 2815 prte-

2045 2831 2398 2887 tereuntibus
2455 2829 2690 2888 eﬂ‘ecisti
2736 2833 2962 2904 planum
3012 2841 3180 2904 atque
3251 2836 3635 2906 tranquillum.

2044 2923 2344 2980 Enimvero
2374 2925 2574 2979 harum
2630 2940 2819 2980 rerum
2847 2926 3022 2996 gratia
3081 2926 3333 2982 habenda
3395 2928 3484 2992 iis,
3537 2929 3636 2999 qui

2044 3014 2468 3087 magniﬁcentiae
2522 3025 2632 3071 tua!
2692 3023 2941 3088 tempore
2993 3017 3239 3087 ipsarum
3297 3019 3635 3090 agendarum

2047 3107 2373 3178 suffragium
2418 3106 2626 3173 tulere;
2660 3107 2900 3177 optimos
2947 3108 3117 3172 enim,
3151 3108 3481 3177 quibuscum
3509 3125 3636 3164 ver-

2049 3198 2210 3262 seris,
2241 3196 2371 3266 quia
2406 3196 2723 3268 huiusmodi
2770 3213 2849 3262 es,
2885 3196 3073 3253 eﬂicis.
3118 3196 3177 3253 ln
3219 3199 3324 3253 hoc.
3349 3199 3635 3270 probatam

2048 3296 2463 3358 spectatamque
2516 3287 2757 3342 vidimus
2805 3288 3096 3343 sementim
3135 3290 3500 3360 gravitatem;
3533 3291 3633 3345 ad-

2048 3378 2511 3447 mirationemque
2535 3391 2819 3448 augemus,
2851 3387 2909 3432 et
2939 3378 3078 3433 tales
3109 3393 3331 3434 manere
3356 3390 3632 3450 Optamus,

354 3486 522 3541 teque
555 3469 775 3541 longius
813 3467 1071 3539 progredi
1109 3476 1258 3524 recte
1296 3466 1478 3533 factis,
1518 3467 1727 3523 bonum
1770 3484 1972 3526 nomen
2011 3469 2268 3536 amando,
2338 3484 2641 3540 pacemque
2668 3468 2782 3525 Dco
2829 3468 3062 3524 amicam
3103 3470 3366 3542 subjectis
3413 3473 3635 3543 populis

351 3561 724 3633 comparando
750 3575 816 3616 ac
847 3557 1236 3614 ministrando.

711 3716 786 3770 ιιι.
809 3713 1118 3785 summa
1156 3712 1449 3783 molam
1474 3711 1574 3783 (ε).

434 3853 502 3906 Ἦ
538 3850 637 3923 μὲν
668 3851 845 3906 Πυθία
870 3849 948 3921 τῷ
991 3848 1378 3920 Σωφρονίσκου
1416 3846 1756 3919 προσέταττε
1799 3866 1935 3920 μου·

352 3945 514 4015 σικὴν
553 3946 759 4008 πονεῖν,
805 3943 903 3997 καὶ
926 3940 1134 4012 ταύτην
1178 3938 1532 4012 ἐργάζεσθαι,
1587 3940 1937 3995 ἐπιτείνουσα

345 4054 446 4105 την
492 4038 625 4107 περὶ
655 4037 717 4090 τὸ
747 4035 930 4105 λέγειν
958 4034 1036 4105 τῷ
1066 4031 1354 4105 πρεσϐύτῃ
1395 4031 1652 4102 σπουδήν.
1695 4030 1838 4100 Ἐγὼ
1876 4031 1934 4085 δὲ

347 4129 442 4183 τὸν
475 4129 540 4181 ὲκ
569 4126 760 4189 παιδὸς
784 4126 946 4179 τοῦτο
976 4124 1417 4196 μεμελετηκότα,
1469 4122 1565 4177 καὶ
1605 4121 1802 4193 τέχνην
1833 4141 1932 4175 πε-

351 4236 484 4290 ποιη
493 4218 654 4290 μένον
673 4216 886 4285 Θὲλγειν
915 4214 1017 4278 τὰς
1041 4214 1212 4277 ἀκοὰς
1243 4212 1446 4283 μᾶλλον
1470 4213 1503 4284 ἢ
1538 4213 1638 4277 τάς
1665 4212 1933 4284 Σειρῆνας

349 4313 515 4383 λόγῳ,
550 4307 741 4378 ἐπειδὴ
792 4306 1007 4374 ἀθρόως
1046 4300 1190 4359 εἶδον
1240 4305 1602 4375 σιωπήσαντα
1626 4303 1765 4375 πρὸς
1806 4304 1931 4373 ἐμὲ,

349 4401 745 4472 ἐκπέπληγμαι
764 4397 842 4468 τῷ
871 4395 1170 4467 γενομένῳ,
1204 4396 1351 4466 μήτι
1380 4394 1490 4466 ἄρα
1512 4394 1770 4465 ἐμπόδιον
1796 4394 1933 4464 πρὸς

347 4492 411 4548 τὸ
437 4491 672 4564 γράφειν
716 4491 751 4561 ἡ
778 4488 886 4560 ὲμή
920 4504 1004 4540 σοι
1049 4487 1275 4557 γέγονεν
1307 4485 1567 4557 ἀμουσία.
1615 4483 1777 4538 Ἀλλὰ
1825 4503 1932 4539 πα⁹

353 4580 580 4653 ρακαλῶ
607 4580 737 4633 ὄντα
768 4595 828 4630 σε
854 4577 950 4631 καὶ
971 4575 1150 4644 λόγων
1170 4575 1266 4629 καὶ
1295 4575 1638 4645 πραγμάτων
1672 4574 1925 4628 διδάσκα-

350 4675 463 4737 λον,
498 4672 574 4743 μὴ
603 4670 742 4742 πρὸς
784 4668 886 4741 τὴν
914 4666 1195 4740 ἡμετέραν
1225 4666 1458 4722 νωθείαν
1486 4665 1724 4736 βλέπειν,
1768 4666 1926 4738 μηδὲ,

2433 3714 2500 3769 ll.
2525 3713 2828 3771 CYTERIO
2853 3713 3223 3773 SOPlllST.’E

2116 3848 2309 3920 Pythia
2345 3848 2569 3918 quidem
2596 3844 2953 3918 Sophronisci
2980 3850 3093 3906 ﬁlio
3128 3853 3416 3920 musicam,
3451 3862 3513 3910 ut
3536 3870 3630 3909 cx-

2040 3941 2247 3997 eolcret
2279 3939 2336 3993 in
2368 3953 2543 4009 caque
2579 3954 2638 3994 sc
2669 3951 2977 4006 exerceret,
3023 3939 3338 4011 imperavit,
3371 3944 3491 3999 seni
3523 3944 3629 4000 hoc

2039 4043 2203 4104 pacto
2235 4031 2481 4088 studium
2528 4031 2749 4086 dicendi
2787 4040 2954 4102 atque
3000 4041 3175 4088 artem
3230 4049 3458 4105 augens.
3512 4036 3628 4107 Ego

2041 4133 2197 4183 vero,
2252 4116 2440 4171 statim
2477 4131 2542 4170 ac
2591 4115 2745 4170 illum
2770 4115 2860 4170 cui
2895 4116 2966 4171 ab
3010 4115 3238 4172 ineunte
3281 4127 3442 4174 aetate
3476 4120 3627 4176 istud

2043 4223 2194 4266 curae
2229 4206 2354 4291 fuit,
2414 4205 2622 4274 quique
2672 4216 2849 4259 artem
2893 4204 2999 4259 sibi
3040 4206 3333 4261 constituit
3381 4208 3624 4296 dulcius,

2041 4315 2208 4373 quam
2247 4298 2492 4360 Sirenes,
2526 4295 2875 4350 demulcendi
2902 4312 3156 4351 sermone
3173 4313 3356 4364 aures,
3389 4295 3622 4369 cognovi

2041 4387 2263 4447 silentio
2300 4399 2431 4455 erga
2461 4398 2548 4439 me
2580 4384 2690 4438 uti:
2723 4400 2790 4439 ex
2816 4384 2918 4440 ista
2950 4401 3008 4440 re
3037 4386 3217 4452 timui,
3252 4402 3323 4442 ne
3352 4388 3442 4443 cui
3479 4388 3624 4444 forte

2040 4480 2440 4553 impedimento
2474 4493 2594 4532 mea
2637 4477 2739 4532 tibi
2768 4477 2835 4532 ad
2870 4479 3224 4534 scribendum
3259 4479 3402 4536 foret
3445 4480 3621 4535 inele-

2039 4572 2244 4644 gantia.
2296 4569 2404 4625 Sed
2434 4568 2667 4625 obsecro
2702 4577 2755 4624 te
2780 4569 3078 4624 verborum
3118 4578 3512 4642 praeceptorem
3557 4588 3623 4627 ac

2039 4681 2252 4728 rerum,
2281 4679 2351 4717 ne
2383 4662 2451 4717 ad
2494 4671 2739 4717 nostram
2774 4661 3089 4717 tarditatem
3130 4663 3415 4734 respicias,
3460 4680 3622 4727 neve.

351 4768 401 4820 εί
433 4766 652 4836 ἥττοσιν
684 4760 1044 4833 ἀντιγράφοις
1070 4759 1437 4830 ἀμειϐόμεθα,
1472 4758 1632 4813 τοῦτο
1663 4761 1890 4812 σκοπεῖν
1910 4773 1923 4787 ·

2042 4758 2077 4813 si
2118 4755 2382 4812 deteriori
2418 4755 2560 4826 stylo
2599 4754 2927 4820 rescribam,
2955 4754 3009 4808 id
3054 4757 3399 4823 consideres;
3431 4773 3622 4812 verum

1452 5001 1615 5058 LUD.
1654 5000 1815 5056 ΛΝΤ.
1856 4999 2241 5056 MURATORII
2281 4999 2510 5055 ΝΟΤᾹῖ.

408 5242 487 5310 (ί)
528 5249 789 5307 Achillem
812 5248 1118 5319 provincia:
1145 5247 1583 5319 moderatorem,
1604 5261 1669 5319 ac
1691 5244 1923 5319 fortasse
2031 5254 2199 5319 tatus.
2240 5242 2380 5296 Tum
2415 5252 2588 5312 rogat,
2608 5251 2669 5296 ut
2692 5241 2748 5296 in
2764 5250 2872 5296 tam
2897 5241 3161 5296 laudabili
3187 5252 3313 5299 vna:
3337 5248 3620 5302 curriculo

344 5325 661 5393 prafecLum
680 5315 957 5390 praetorio,
998 5328 1094 5393 aut
1128 5317 1431 5393 dimceseos
1479 5316 1720 5393 Ponticae
1774 5315 1923 5393 vica-

343 5385 509 5453 rium,
548 5385 765 5444 Firmus
805 5387 1174 5449 commendat,
1206 5385 1351 5455 quod
1388 5387 1706 5455 compositis
1741 5385 1924 5455 publi-

342 5464 425 5517 cis
447 5461 632 5521 rebus,
663 5458 907 5527 purgatis
940 5465 1003 5527 et
1017 5454 1286 5527 restitutis
1315 5454 1533 5527 montis"
1550 5454 1715 5527 Tauri
1756 5454 1922 5527 itine-

346 5532 522 5595 ribus,
558 5524 679 5584 sive
707 5524 833 5581 inde
867 5525 1038 5596 pulsis
1070 5525 1378 5596 latronibus
1398 5531 1494 5579 aut
1525 5524 1779 5596 hostibus
1804 5524 1917 5576 Ro-

343 5602 491 5658 mani
527 5597 765 5669 imperii,
801 5594 883 5669 tot
904 5596 1140 5669 egregiis
1174 5594 1347 5669 factis
1369 5594 1609 5669 norninis
1651 5594 1734 5648 sui
1760 5608 1914 5669 nien-

345 5687 527 5729 suram
571 5664 897 5738 impleverit,
935 5664 1221 5734 antiquum
1257 5664 1526 5721 Achillem
1573 5680 1765 5721 revera
1797 5664 1918 5717 imi-

586 5767 853 5828 PATROL.
897 5766 1009 5825 Gn.
1042 5762 1330 5823 LXXVII.

2029 5313 2308 5384 persistat.

2102 5383 2179 5452 (2)
2196 5383 2479 5453 Cyterium
2501 5381 2803 5450 sophistam
2825 5380 3037 5436 diutius
3052 5398 3219 5451 quam
3244 5400 3343 5453 par
3365 5394 3510 5439 esset
3536 5386 3613 5439 si-

2033 5453 2205 5522 lentio
2251 5452 2646 5522 indulgentem,
2684 5467 2862 5522 neque
2920 5452 3339 5515 rescribentem,
3377 5454 3615 5509 dulciter

2032 5521 2195 5576 cilicii
2222 5522 2306 5577 sui
2342 5520 2548 5582 monet,
2575 5532 2738 5590 atque
2788 5520 2854 5575 ad
2885 5532 3214 5577 consuetum
3250 5524 3612 5591 epistolarnm

2027 5593 2420 5647 commercium
2482 5592 2695 5647 invitat.
2736 5592 2807 5663 lis
2858 5592 3198 5663 temporibus
3229 5593 3488 5663 scphistm
3512 5610 3612 5663 ap-

2025 5663 2394 5735 pellabantur,
2428 5664 2509 5719 uti
2529 5664 2741 5718 dictum
2772 5662 2829 5717 in
2850 5662 2996 5719 notis
3022 5662 3091 5717 ad
3115 5677 3285 5716 carm.
3318 5663 3339 5718 l
3370 5662 3611 5719 Nazian-

3111 5760 3180 5820 47
