4076 6456
486 334 626 395 1485

1596 324 1787 380 FIRMI
1824 322 2294 381 CJESABIENSIS
2333 322 2661 409 EPISQOPI‘

3611 314 3749 372 HM

482 474 658 542 probe
689 469 889 534 sciens,
923 466 1060 523 satis
1081 480 1202 522 esse
1235 480 1402 521 unam
1444 464 1775 535 eloquentia:
1799 473 1907 519 tua:
1950 461 2065 532 epi-

2184 464 2288 518 5ιλλ’
2323 463 2502 518 εἰδότα
2527 463 2605 525 ὡς
2649 462 2810 533 ἀρκεῖ
2853 460 3090 530 γράμμα
3135 461 3231 528 τῆς
3278 459 3376 527 σῆς
3414 457 3749 526 λογιότητος,

486 568 685 620 stoiam
713 557 780 614 ad
819 557 1123 613 sedandum
1166 555 1436 620 dolorem,
1477 556 1833 625 animumque
1865 569 2069 609 curan-

484 652 617 707 dum
641 658 697 706 et
720 650 892 704 robur
907 648 1124 719 corpori
1151 646 1485 711 faciendum,
1511 646 1720 701 scribas
1766 645 2069 701 identidem

486 758 639 812 rogo.
670 741 761 796 Sic
784 740 933 795 enim
976 740 1088 804 fiet,
1110 749 1172 794 ιιι
1199 739 1521 793 memoriam
1538 738 1850 807 famamque
1872 735 2066 803 nostri,

484 833 734 903 epistolis
768 831 898 897 tuis,
945 838 1062 885 tum
1101 829 1391 901 praesentis
1434 828 1535 883 aevi
1567 829 1906 892 hominibus,
1955 836 2070 881 lum

484 923 742 998 posteris,
772 923 1017 993 praebeas
1044 930 1210 991 atque
1235 920 1610 975 commendes.

865 1114 956 1169 111.
1008 1111 1401 1169 EUSTRATIO
1437 1110 1693 1167 COMITI.

557 1292 614 1346 Si
648 1301 874 1361 propter
899 1288 1235 1344 valetudinis
1263 1286 1637 1341 inﬁrmitatem
1661 1285 1907 1339 animum
1935 1299 2071 1355 quo-

484 1400 595 1454 que
645 1382 843 1454 abjcci,
895 1382 962 1437 de
1013 1380 1232 1435 silentio
1264 1389 1359 1434 tuo
1413 1392 1779 1447 conquerens,
1820 1393 1930 1431 non
1983 1378 2070 1432 in-

487 1476 709 1544 dignam
740 1471 900 1526 venia
926 1486 1041 1525 rem
1065 1486 1301 1525 censeo:
1341 1466 1749 1538 quodammodo
1781 1467 1931 1520 enim
1973 1482 2068 1521 co-

487 1565 784 1636 gitationes
812 1562 1078 1616 infirmari
1113 1575 1237 1614 cum
1264 1574 1499 1629 corpore
1535 1565 1833 1629 aegrotante
1866 1558 2066 1613 solent.

485 1655 730 1726 Contigit
782 1662 967 1709 autem
1023 1653 1130 1707 hoc
1166 1651 1593 1722 cegitationibus
1628 1649 1767 1705 meis
1795 1666 1922 1721 erga
1968 1651 2071 1705 doc

488 1746 750 1804 mesticos
775 1752 833 1800 et
874 1744 1208 1810 familiares;
1232 1743 1437 1814 quippe
1478 1757 1589 1797 non
1635 1742 1784 1812 apud
1819 1743 1942 1797 illos
1973 1745 2070 1813 qui

2174 556 2266 609 καὶ
2312 554 2490 625 λύπην
2540 552 2818 623 κοιμίσαι,
2856 551 2949 604 καὶ
3006 548 3344 620 θεραπεῦσαι
3400 547 3602 618 ψυχὴν,
3652 547 3751 603 καὶ

2175 646 2401 715 ποιῆσαι
2435 645 2649 715 σώματι
2680 642 2855 706 τόνον,
2883 641 3166 713 γράφοντα
3200 639 3486 700 διατελεῖν,
3530 639 3753 708 μνήμην

2174 739 2267 791 καὶ
2304 738 2462 805 λόγον
2517 735 2677 806 ἡμῶν
2712 737 2776 787 ἐκ
2831 734 2940 786 τῶν
2999 732 3303 786 ἐπιστολῶν
3355 735 3469 795 τοῖς
3513 749 3571 785 τε
3626 729 3750 784 καθ’

2173 830 2342 901 ἡμᾶς,
2372 830 2598 892 καὶτοῖς
2631 828 2825 881 ἔπειτα
2853 826 3246 896 παρεχόμενον.

2487 1117 2560 1171 Γν.
2606 1115 2991 1186 ΕΥΣΤΡΑΤΙῼ
3028 1115 3301 1168 KOMHTI
3345 1114 3442 1186 (δ).

2252 1291 2325 1347 Et
2366 1308 2422 1345 τι
2474 1289 2812 1362 μικρόψυχον
2859 1289 2965 1344 ὑπὸ
3002 1289 3105 1359 τῆς
3162 1290 3477 1359 ἀρρωστίας
3526 1288 3757 1352 ἔπαθον,

2175 1382 2537 1455 μεμψάμενός
2565 1399 2660 1435 σου
2686 1382 2784 1452 τὴν
2815 1380 3048 1451 σιωπὴν,
3084 1380 3144 1432 οὐ
3170 1380 3361 1451 πόρρω
3389 1397 3493 1432 που
3508 1379 3756 1448 συγγνὼ·

2174 1491 2285 1545 μης
2331 1473 2393 1527 τὸ
2435 1474 2672 1544 πρᾶγμα
2696 1489 2711 1502 ·
2757 1471 3109 1525 συνασθενεῖν
3146 1471 3255 1540 γάρ
3294 1486 3413 1533 πως
3474 1470 3762 1538 πεφύκασι

2172 1566 2267 1619 καὶ
2297 1566 2344 1617 οἱ
2388 1563 2642 1634 λογισμοὶ
2676 1561 2892 1634 τῇετοῦ
2937 1560 3200 1639 σώματος,
3243 1561 3376 1628 ἔξει.
3415 1560 3659 1613 Ἐπαθον
3701 1561 3761 1613 δὲ

2170 1654 2330 1709 τοῦτο
2358 1655 2493 1727 πρὸς
2514 1657 2641 1718 τοὺς
2665 1654 2900 1719 οἰκείους
2933 1653 3055 1725 ἐμοί
3075 1670 3088 1681 ·
3114 1652 3241 1715 τοὺς
3263 1652 3371 1723 γὰρ
3394 1652 3765 1722 κεχρωσμένῃ

2176 1748 2330 1820 φιλίᾳ
2364 1747 2640 1811 συζῶντας
2685 1747 2786 1800 οὐκ
2826 1746 2894 1800 ἀν
2938 1744 3276 1816 ἐμεμψάμην
3321 1744 3475 1805 ποτὲ,
3511 1743 3587 1806 ὡς
3624 1742 3766 1813 μηδὲ

488 1838 734 1894 colorata
791 1845 1023 1892 utuntur
1075 1835 1317 1890 amicitia
1374 1849 1749 1904 conquererer
1795 1849 2071 1904 unquam,

2184 1841 2281 1910 τὴν
2320 1840 2499 1912 ἀρχήν
2541 1856 2631 1910 μοι
2656 1837 2985 1909 εἰλικρινοῦς
3021 1835 3317 1898 διαθέσεως
3351 1837 3549 1905 πεῖραν
3573 1850 3766 1904 παρα-

492 1930 637 1999 quod
661 1929 876 1983 nullum
904 1928 1041 1981 mihi
1069 1936 1228 1981 antea
1252 1926 1483 1980 sincera
1511 1924 1820 1979 affectionis
1852 1926 2071 1994 experi-

489 2028 738 2075 mentum
788 2016 1176 2087 prazbuissent.
1224 2014 1332 2070 Sed
1374 2014 1481 2069 hoc
1512 2013 1647 2068 satis
1686 2022 1791 2079 est,
1828 2014 2072 2084 satisque

488 2110 682 2167 fuitad
741 2108 1109 2179 praecedentia
1152 2106 1416 2162 curanda.
1463 2105 1595 2161 Mihi
1622 2120 1756 2160 vero
1799 2105 2074 2176 cupiditas

490 2201 610 2271 ipso
638 2197 1026 2271 disjunctionis
1051 2208 1299 2267 tempore
1341 2197 1508 2251 altius
1545 2196 1770 2258 insidet,
1810 2205 1977 2266 atque
2004 2198 2073 2253 ad

488 2308 590 2347 vos
616 2291 923 2362 respiciens
956 2290 1034 2345 ita
1073 2289 1305 2344 affectus
1336 2304 1481 2352 sunt,
1507 2298 1569 2343 ut
1606 2288 1800 2343 sitiens
1825 2288 2068 2344 allicere-

490 2393 605 2450 tur,
630 2383 721 2439 cui
764 2391 932 2438 aestus
955 2381 1178 2452 quidam
1234 2380 1595 2450 cupiditatem
1639 2380 1912 2434 accendit.
1960 2379 2073 2435 0b-

491 2491 648 2533 secro
685 2484 889 2542 autem,
941 2484 999 2530 et
1049 2483 1111 2530 ut
1163 2472 1485 2528 memineris
1543 2472 1749 2542 aliquid
1805 2472 2073 2537 scribere,

488 2567 638 2639 quod
666 2567 915 2623 idoneam
946 2581 1044 2638 per
1070 2565 1334 2637 epistolas
1358 2562 1625 2619 absentia:
1641 2562 2074 2618 consolationem

490 2658 629 2715 mihi
656 2658 867 2715 afferat.

929 2837 1018 2893 IV.
1051 2835 1350 2893 CYNEGIO
1371 2833 1627 2892 COMITI.

562 3002 693 3058 lllos
753 3002 849 3072 qui
895 3000 1236 3065 desiderant,
1293 3015 1402 3055 una
1444 2997 1535 3054 die
1590 3013 1905 3066 senescere,
1940 3000 2081 3056 anti-

493 3109 665 3164 quum
715 3092 883 3148 habet
915 3091 1190 3163 adagium.
1262 3090 1396 3145 Mihi
1440 3105 1573 3146 vero
1603 3090 1945 3162 duplicatum
1996 3098 2082 3147 est

2178 1931 2500 2003 σχομένους.
2557 1929 2720 1985 Ἀλλά
2770 1927 2932 1982 τοῦτο
2990 1927 3089 1998 μὲν
3135 1924 3429 1996 αὑταρκῶς
3505 1923 3619 1993 ἔχει
3666 1924 3769 1976 καὶ

2175 2023 2411 2092 ἦρκεσεν
2445 2020 2527 2083 είς
2558 2016 2859 2091 θεραπείαν
2892 2014 3002 2068 τῶν
3044 2012 3430 2085 προλαϐόντων
3461 2010 3559 2081 (4).
3604 2009 3771 2078 Ἐμοὶ

2173 2112 2232 2166 δέ
2271 2113 2303 2183 ή
2352 2110 2623 2181 ἐπιθυμία
2676 2108 2755 2180 τῷ
2787 2109 2885 2178 τῆς
2928 2104 3272 2174 ἀπολείψεως
3329 2101 3508 2172 χρόνῳ
3560 2098 3770 2171 μᾶλλον

2176 2205 2502 2274 ἐγκάθηται,
2545 2202 2640 2256 καὶ
2682 2200 2819 2271 πρὸς
2848 2198 2992 2269 ὑμᾶς
3027 2196 3168 2265 ὁρῶν
3194 2193 3439 2247 πέπονθα
3459 2186 3571 2244 οἷον
3598 2191 3667 2245 ἄν
3712 2207 3767 2244 τι

2179 2296 2350 2366 διψῶν
2379 2295 2545 2348 πάθοι
2577 2290 2793 2363 αὐχμοῦ
2824 2306 2968 2352 τινος
3000 2286 3099 2356 τὴν
3132 2284 3314 2357 ὄρεξιν
3342 2281 3766 2349 ἀναφλέγοντος,

2182 2386 2496 2462 Παρακαλῶ
2521 2387 2599 2450 δὲ,
2637 2386 2733 2439 καὶ
2765 2380 3046 2454 μέμνησθὲ
3077 2397 3128 2433 τι
3154 2378 3412 2451 γράφειν,
3442 2375 3639 2443 ἱκανήν
3674 2391 3770 2443 μοι

2179 2479 2280 2548 τῆς
2318 2476 2660 2546 ἀπολείψεως
2684 2472 3016 2546 παραψυχὴν
3046 2469 3155 2523 τῶν
3186 2465 3489 2523 ἐπιστολῶν
3516 2465 3770 2535 παρεχό-

2183 2586 2343 2640 μενον

2596 2832 2669 2885 Δο.
2714 2828 3027 2899 Kanrin
3056 2825 3352 2882 KOMHTI.

2252 3008 2392 3071 Τοὺς
2407 2980 2741 3069 ποθοῦντας..
2756 3004 2813 3057 ἐν
2834 3002 3020 3074 ἡμέρᾳ
3052 3003 3354 3073 γηράσκειν
3377 3000 3609 3065 παλαιὸς
3630 3018 3777 3057 κατ-

2182 3100 2298 3171 έχει
2333 3099 2510 3167 λόγος.
2556 3096 2714 3167 Ἐμοὶ
2741 3096 2798 3150 δὲ
2826 3095 3212 3150 ἐδιπλασίασεν
3250 3094 3313 3148 τὸ
3342 3097 3521 3167 γῆρας
3549 3094 3628 3164 τῷ
3667 3097 3779 3167 μή·

494 3185 731 3249 senium,
763 3182 911 3255 quod
945 3190 1070 3254 post
1094 3180 1526 3252 pollicitationes
1559 3181 1941 3252 longissimum
1966 3191 2079 3238 sta-

2185 3208 2272 3245 κει
2302 3188 2399 3243 τοῦ
2432 3188 2627 3260 χρόνου
2658 3184 3164 3256 συνεπιλαϐομένης
3192 3183 3407 3248 ἐλπίδος
3438 3186 3536 3255 τῆς
3567 3184 3778 3255 busti-

494 3275 671 3331 tueris
698 3283 916 3345 tempus
939 3283 1219 3345 conceptae
1264 3271 1333 3329 de
1366 3281 1461 3329 tuo
1492 3272 1560 3328 ad
1588 3288 1690 3328 nos
1720 3272 1901 3329 reditu
1931 3274 2079 3345 spei:

494 3376 787 3423 venturam
840 3366 992 3423 enim
1043 3365 1342 3438 aliquando
1402 3363 1868 3437 magnificentiam
1933 3374 2084 3420 tuam

496 3474 659 3529 spero
697 3458 765 3513 ad
795 3459 991 3514 urbem
1038 3467 1305 3519 nostram,
1356 3457 1515 3527 quasi
1557 3456 1625 3512 ad
1675 3466 1930 3523 matrem,
1958 3458 2087 3529 jure

497 3549 729 3604 nutritia
749 3549 1084 3621 exigentem.
1108 3548 1208 3603 Sin
1227 3548 1475 3603 etnostri
1490 3546 1673 3619 aliqua
1692 3548 1791 3603 tibi
1819 3558 1905 3603 est
1921 3549 2082 3613 ratio,

497 3655 567 3696 ne
620 3640 893 3696 secundos
931 3655 1033 3695 nos
1077 3639 1349 3694 arbitrere
1394 3639 1539 3694 inter
1587 3654 1685 3695 eos
1728 3641 1823 3710 qui
1860 3641 1960 3696 tibi
1991 3641 2085 3697 hic

499 3738 630 3785 sunt
659 3731 855 3784 amici:
883 3743 1010 3787 cum
1031 3729 1180 3784 enim
1207 3728 1263 3783 in
1288 3729 1518 3799 reliquis
1539 3729 1709 3785 rebus
1729 3731 1796 3786 ab
1824 3732 2085 3788 omnibus

497 3821 808 3885 vincamur,
847 3820 1024 3891 parati
1052 3829 1233 3876 tamen
1268 3835 1460 3876 sumus
1492 3835 1616 3876 cum
1644 3820 1985 3892 quibuslibet
2015 3822 2085 3879 de

495 3913 741 3969 amicitia
771 3920 1005 3979 certare,
1061 3920 1117 3969 et
1186 3914 1532 3985 potissimum
1567 3914 1788 3984 quando
1843 3917 2088 3973 victoria:

498 4006 789 4076 praemium
816 4005 888 4060 sit
916 4004 1025 4061 tuis
1051 4004 1263 4059 aﬂatim
1290 4004 1399 4059 frui
1421 4003 1600 4059 bonis.
1620 4005 1864 4061 Obsecro
1896 4007 2087 4078 igitur,

501 4107 561 4155 ut
614 4097 785 4158 missa
829 4096 1166 4171 negligentia
1220 4095 1289 4152 ad
1322 4112 1417 4173 me.
1471 4095 1686 4165 redeas,
1718 4097 1851 4153 dum
1901 4098 2082 4155 adhuc

2189 3297 2288 3352 ρας
2312 3278 2451 3349 πρὸς
2481 3278 2629 3348 ἡμᾶς
2652 3275 2895 3345 ἀφίξεως
2922 3277 3047 3338 ταῖς
3074 3273 3439 3343 ἐπαγγελίαις
3465 3271 3774 3344 τιθεμένῳ·

2182 3370 2334 3441 ἥξειν
2368 3369 2476 3441 γάρ
2513 3384 2644 3421 ποτε
2685 3364 2969 3437 προσδοκῶ
3005 3364 3106 3437 τὴν
3140 3363 3619 3435 μεγαλοπρέπειαν
3648 3380 3775 3428 σου,

2183 3464 2259 3526 ὡς
2307 3464 2403 3516 ἐπὶ
2460 3461 2679 3532 μητέρα
2728 3460 2829 3530 τὴν
2873 3459 3153 3530 ἡμετέραν
3198 3459 3373 3522 πόλιν,
3424 3457 3780 3512 ἀπαιτοῦσαν

2185 3555 2417 3619 δικαίως
2445 3555 2555 3609 τῶν
2581 3554 2858 3625 τροφείων
2889 3553 2990 3621 τὴν
3026 3552 3285 3623 ἀμοιϐήν.
3316 3552 3382 3605 El
3412 3551 3468 3605 δὲ
3491 3550 3588 3605 καὶ
3611 3549 3781 3619 ἡμῶν

2189 3663 2273 3709 τις
2293 3646 2450 3715 λόγος
2476 3645 2630 3716 παρά
2645 3644 2754 3707 σοὶ,
2787 3644 2860 3715 μὴ
2884 3644 3172 3714 δευτέρους
3201 3642 3418 3716 ἀγάγῃς
3442 3642 3551 3695 τῶν
3577 3641 3780 3696 αὐτόθι

2185 3736 2393 3806 φίλωνο
2427 3735 2536 3788 τῶν
2585 3734 2696 3804 γὰρ
2729 3733 2905 3787 ἄλλων
2952 3732 3169 3786 πάντων
3216 3732 3383 3786 πᾶσιν
3426 3729 3766 3801 ἡττώμενοι,

2182 3828 2390 3898 ἕτοιμοι
2438 3826 2575 3899 πρὸς
2620 3826 2749 3889 τοὺς
2778 3823 3061 3887 ἐθέλοντας
3104 3823 3234 3893 περὶ
3281 3822 3464 3892 φιλίας
3513 3820 3778 3888 διαγωνί-

2188 3918 2401 3985 ζεσθαι,
2425 3917 2520 3972 καὶ
2550 3916 2789 3987 μάλιστα
2832 3916 2961 3969 ὅταν
2995 3909 3157 3968 ἆθλον
3188 3913 3288 3982 τῆς
3310 3913 3468 3984 νίκης
3496 3907 3531 3988 ᾖ
3561 3912 3622 3965 es
3660 3914 3781 3976 τοῖς

2203 4013 2315 4074 σοῖς
2364 4008 2701 4081 ἐντρυφῆσαι
2750 3996 2957 4069 καλοῖς.
3008 4002 3319 4076 Παρακαλῶ
3351 4000 3465 4069 οὖν,
3495 4003 3587 4057 τὸν
3614 4000 3782 4061 ὄκνον

2192 4098 2626 4167 ἀποσεισάμενος
2660 4094 2925 4150 ἐπάνελθέ
2962 4113 3052 4166 μοι
3083 4094 3220 4169 πρὸς
3261 4095 3358 4165 τὴν
3387 4094 3481 4150 τοῦ
3519 4093 3784 4166 σώματος

1598 4360 1756 4417 LUD.
1799 4360 1957 4417 ANT.
1998 4360 2385 4419 MURATORII
2426 4358 2651 4416 ΝΟΤᾸΕ.

505 4570 650 4636 aeni,
679 4567 1026 4638 eloquentiae,
1047 4566 1419 4638 professores;
1466 4575 1633 4636 atque
1668 4566 1815 4638 inter
1846 4562 1942 4638 eos
1961 4566 2088 4638 illu-
2120 4572 2167 4632 ι)
2190 4564 2502 4638 Eustratius
2523 4564 2784 4638 dedisset,
2802 4575 3141 4638 conquestus
3157 4565 3590 4638 fueratFirmus.
3616 4566 3789 4626 Nunc

506 4654 620 4697 stre
649 4638 755 4695 sibi
778 4635 978 4691 nomen
997 4635 1252 4697 Ci’terius
1286 4635 1652 4697 compararat.
1675 4636 1734 4690 In
1756 4636 1918 4691 titulo
1950 4635 2088 4691 scri-

504 4708 746 4767 bendum
775 4707 913 4761 mihi
960 4705 1179 4761 videtur
1207 4705 1488 4778 Κυθηρίῳ,
1526 4707 1632 4760 hoc
1678 4713 1765 4761 est
1816 4705 2083 4775 Gythei-io,

505 4796 615 4835 non
649 4784 836 4832 autem
869 4778 1140 4848 κυτερίῳ.

582 4849 671 4919 Τῷ
695 4842 1102 4919 Σωφρονίσκου.
1149 4844 1484 4919 δορίινοῃὶδοί
1518 4842 1707 4919 ﬁlio]
1745 4842 1805 4897 In
1829 4842 1962 4919 _MS.
2005 4844 2089 4919 le-

507 4914 739 4991 gebatur
787 4914 866 4991 τῷ
920 4914 1418 4991 Σωφρονίσκρηίι.
1468 4932 1519 4970 e.
1578 4914 1947 4991 βαρζινοηὶεςο.
2006 4914 2087 4991 ita

507 4983 911 5044 emendandum
943 4983 1122 5041 locum
1148 4983 1376 5041 historia
1406 4983 1659 5049 monuit,
1680 4983 1894 5038 Socrati
1934 4985 2087 5040 enim

509 5055 1005 5129 Sophroniscifilio
1041 5055 1589 5129 (non_S_ophronisc_o
1627 5052 1755 5122 ipsi)
1781 5054 1894 5122 jam
1925 5068 2089 5129 sene-

508 5122 704 5192 scenti,
734 5127 929 5196 Apollo
957 5122 1149 5181 auctor
1183 5122 1308 5192 fuit,
1335 5124 1885 5196 utmusiczeoperam
1908 5122 2085 5196 daret.

508 5199 679 5269 Qujus
718 5192 800 5250 rei
852 5203 1047 5269 testem
1078 5196 1149 5252 do
1181 5192 1722 5269 Quintilianum,_lib.
1762 5209 1799 5247 l.
1860 5193 2090 5269 cap:_l0

510 5262 688 5323 lnitit.
721 5274 899 5327 erat,
955 5267 1050 5321 ubi
1106 5266 1374 5320 musicam
1436 5262 1737 5318 ostendens
1775 5262 2093 5319 oratoribus

511 5354 621 5393 non
651 5336 841 5391 utilem
867 5344 1099 5400 tantum,
1136 5335 1232 5390 sed
1262 5342 1319 5388 et
1352 5333 1740 5397 necessariam,
1795 5331 1955 5400 Quid,
2009 5333 2094 5387 in-

510 5409 655 5488 quit,
679 5408 746 5461 de
771 5404 1322 5488 philosdphisloqu'or,
1350 5419 1577 5474 quorum
1600 5403 1716 5488 fons
1742 5405 1855 5488 ipse
1878 5399 2092 5488 “Spern-

511 5471 587 5533 {es
614 5471 736 5546 jam
768 5471 931 5530 senem
976 5471 1192 5546 institui
1226 5471 1489 5546 lyrq'ngn
1521 5471 1900 5546 erubescebat?
1923 5471 2087 5546 ldem

513 5541 739 5604 tradunt
763 5546 1034 5616 Diogenes
1053 5541 1305 5616 Laertius
1330 5544 1389 5616 in
1419 5542 1654 5616 Socratis
1675 5544 1821 5616 fita,
1843 5541 2094 5616 Valerius

513 5616 652 5672 Max.
671 5617 770 5670 lib.
792 5613 890 5670 vni
903 5633 915 5667 :
937 5615 1095 5669 Plato
1115 5615 1171 5669 in
1198 5614 1464 5679 Phedone,
1491 5622 1551 5669 et
1584 5615 1638 5669 in
1667 5613 2018 5685 Euthydcmo,
2039 5619 2096 5667 et

513 5686 597 5741 Ad
614 5687 839 5741 Pratum.

660 5695 839 5741 (etum.

585 5756 663 5826 (ὅ)
693 5754 851 5821 Quod
886 5754 1068 5833 nullas
1088 5754 1158 5810 ad
1208 5769 1269 5812 se
1300 5753 1516 5810 litteras
1566 5770 1599 5811 a
1641 5754 1806 5825 longo
1850 5764 2099 5822 tempore

2190 4636 2249 4690 in
2282 4634 2535 4708 corporis
2585 4634 2993 4708 aagritudincm
3029 4652 3137 4708 qua
3188 4637 3567 4708 premebatur,
3605 4638 3787 4693 ardo-

2189 4721 2306 4777 rem
2334 4703 2807 4777 querimoniarum
2845 4703 3064 4777 rejieitz'
3086 4703 3216 4760 dum
3233 4705 3382 4762 enim
3404 4722 3607 4777 corpus
3631 4708 3787 4764 male

2188 4775 2457 4847 seghabet,
2495 4775 2765 4847 languere,
2781 4775 3003 4847 animus
3028 4790 3247 4847 quoque
3264 4775 3521 4847 ridetur,
3539 4777 3788 4847 ideoque

2188 4793 2247 4831 se
2270 4793 2457 4840 nanet,
2495 4793 2756 4844 languere
2781 4793 3003 4831 animus
3066 4793 3247 4847 uoque
3273 4793 3512 4841 Videtur,
3539 4793 3788 4847 lucoque

2188 4845 2268 4899 nil
2291 4846 2513 4909 mirum,
2538 4844 2585 4899 si
2608 4854 2737 4916 tunc
2754 4846 2808 4916 in
2820 4845 3012 4900 olIiciis
3028 4793 3422 4916 delinquimus.
3454 4845 3593 4901 llinc
3612 4849 3789 4915 petit,

2189 4930 2253 4970 ac
2280 4922 2467 4985 sperat
2499 4915 2737 4970 veniam.
2765 4914 2837 4969 Ut
2857 4922 3040 4970 autem
3076 4914 3367 4981 rescribat,
3400 4924 3459 4972 et
3503 4914 3792 4973 diuturnae

2190 4985 2456 5040 absentia:
2501 4986 2937 5040 consolationem
2965 4985 3260 5041 scribendo
3301 4986 3505 5051 mittat,
3538 4986 3789 5042 sollicite

2191 5065 2565 5137 precatus...
2607 5057 2843 5137 Κόμητι.
2880 5056 3219 5137 Χροοῂιιιιιω
3274 5056 3516 5137 antiquis
3554 5056 3792 5137 Graecia:

2191 5124 2391 5180 incolis
2419 5124 2703 5196 ignotum,
2736 5124 2831 5180 sed
2869 5125 3047 5196 Firmi
3088 5133 3334 5196 tempore
3366 5124 3426 5181 iri
3479 5127 3792 5196 imperato—

2194 5210 2316 5249 rum
2345 5194 2845 5265 aulausurpatum.
2867 5195 3037 5249 Erant
3065 5194 3249 5251 autem
3269 5197 3483 5251 comites
3498 5195 3604 5265 viri
3623 5195 3792 5264 prin—

2193 5265 2366 5335 cipes,
2400 5264 2496 5334 qui
2530 5264 2803 5336 Augustos
2842 5264 3270 5336 comitabantur.
3297 5266 3507 5321 Eorum
3557 5264 3791 5336 diversa

2195 5333 2445 5401 munera,
2509 5333 2798 5406 variasque
2851 5335 3248 5406 appellationes
3282 5350 3394 5390 non
3427 5338 3482 5391 in
3521 5333 3795 5391 civilibus

2198 5412 2433 5477 tantum,
2470 5404 2663 5477 sedet
2696 5404 3124 5477 inmilitaAribus
3162 5406 3418 5477 negotiis,
3444 5407 3512 5461 ab
3538 5414 3793 5477 utroque

2195 5474 2278 5529 Du
2311 5473 2525 5545 Fresnii
2555 5475 2821 5545 glossario
2843 5515 2857 5541 ,
2888 5490 2920 5529 a
2952 5473 3330 5532 Pancirolo'in
3350 5475 3524 5532 Notit.
3570 5473 3794 5532 utrius-

2197 5558 2315 5615 que
2334 5543 2580 5615 imperii;
2600 5552 2765 5615 atque
2790 5545 2860 5599 ab
2892 5545 3016 5600 aliis
3039 5545 3242 5602 discas.

2273 5614 2350 5687 (ί)
2388 5615 2481 5677 Εἰς
2505 5613 2803 5687 θεραπείαν
2850 5615 3401 5687 τῶν-προλαϐόντων.
3443 5615 3504 5671 In
3544 5613 3642 5670 Ms.
3667 5626 3796 5687 _§e-

2202 5682 2477 5762 quebatur
2501 5682 2920 5762 τᾶπράγματα.
2951 5682 3133 5757 Quod,
3157 5700 3283 5744 cum
3318 5687 3587 5762 glossema
3624 5682 3797 5743 ride-

2205 5761 2380 5825 retur,
2416 5769 2448 5810 e
2474 5762 2625 5809 textu
2649 5755 2868 5811 sustuli.
