4076 6480
351 443 521 508 Ἠθδ

1852 454 2224 508 ΕΡΙΞἸῸΙη-ὶῖ.

3519 452 3655 508 ttat
3711 509 3724 528 ,

384 568 571 620 air-dav
626 567 724 638 τὴν
772 567 1082 624 θεοσέϐειαν
1130 587 1246 636 σου,
1296 571 1380 624 ἵνα
1430 572 1506 642 μὴ
1551 573 1756 640 γελοῖον
1794 572 1971 636 πάθω,

2086 568 2263 624 vitans
2286 569 2352 623 ad
2387 578 2535 623 tuam
2569 571 2792 623 domum
2824 572 3087 639 pietatem
3134 576 3307 631 tuam,
3349 581 3418 619 ne
3457 580 3544 618 me
3577 569 3653 617 ri-

383 658 482 728 τὴν
512 659 753 728 ἐμαυτοῦ
787 660 1087 732 ἐπιθυμίαν
1126 663 1482 734 προστίθημι,
1526 664 1600 728 ὡς
1640 664 1715 736 μὴ
1758 666 1969 735 πρόφα-

386 768 470 802 σιν
509 754 572 820 τῇ
605 750 886 822 θεοσεϐείᾳ
927 771 1018 806 σου
1051 755 1150 824 τῆς
1179 754 1521 824 ἀπολείψεως
1557 757 1656 827 τὴν
1689 759 1969 829 ἡμετέραν

387 843 660 914 ρᾳθυμίαν
701 845 982 913 γενέσθαι.
1055 848 1163 906 Καὶ
1214 850 1596 920 παρακληθεὶς
1655 852 1971 904 ὑπάκουσον

385 937 641 1006 παρεῖναι
697 939 762 1006 τῇ
817 939 873 990 ἐν
911 939 1224 1006 ’Λργοκνοίς
1270 941 1378 994 τῶν
1434 943 1605 1009 ἁγίων
1644 945 1856 1014 μνήμῃ,
1905 946 1971 1014 ἣν

381 1024 543 1087 αὐτὸς
582 1026 674 1077 καὶ
702 1028 1191 1098 παρακαλούμενος
1227 1031 1484 1096 τελέσεις,
1522 1035 1616 1086 καὶ
1648 1035 1972 1106 ἀπαράκλη-

379 1133 490 1181 τος.

845 1212 958 1278 ις’.
1001 1212 1333 1285 eamme
1375 1213 1510 1286 (ιθ).

458 1299 724 1371 ἽΙγειρας
757 1302 854 1373 σὴν
889 1305 1088 1356 σαυτοῦ
1125 1307 1277 1359 πόλιν
1309 1307 1407 1378 ἤδη
1464 1308 1602 1378 πρὸς
1649 1309 1777 1376 γόνυ
1839 1329 1972 1380 καμ-

383 1392 634 1460 φθεῐσαν,
677 1394 909 1458 ἀποδοὺς
942 1399 1079 1469 αὐτῇ
1118 1399 1223 1451 τῶν
1261 1401 1531 1470 τροφείων
1582 1402 1682 1466 τὰς
1709 1405 1968 1473 ἀμοιϐάς·

384 1481 496 1536 Καὶ
523 1481 703 1554 χαίρει
748 1487 858 1548 τοῖς
899 1489 1120 1550 οἰκείοις
1146 1491 1493 1561 κοσμουμένη
1535 1492 1742 1558 καλοῖς
1777 1495 1859 1546 ὅτι
1889 1512 1969 1560 σε,

384 1572 628 1626 τοιοῦτον
658 1575 840 1640 καλὸν,
877 1579 1232 1651 ἀνεθρέψατο.
1281 1586 1483 1636 Λοιπὸν
1525 1586 1580 1638 δὲ
1612 1588 1973 1657 ἐπιφανεστέ-

390 1682 488 1735 ραν
527 1667 696 1737 αὐτὴν
724 1671 833 1732 τοῖς
865 1671 1140 1741 ἀξιώμασι
1177 1677 1499 1747 γενομένην,
1534 1681 1625 1731 καὶ
1655 1683 1719 1750 τῇ
1747 1681 1972 1752 δυνάμει

385 1755 475 1818 δὸς
509 1756 595 1808 διὰ
627 1757 726 1826 τῆς
778 1761 876 1830 σῆς
928 1761 1232 1832 αὐξηθῆναι
1272 1768 1472 1837 χειρὸς,
1503 1769 1597 1821 καὶ
1628 1769 1854 1840 πληρῶν
1886 1774 1974 1826 τὸν

386 1848 554 1900 αὑτοῦ
591 1849 812 1913 σκοπὸν,
862 1854 957 1905 καὶ
993 1856 1124 1924 ἡμῖν
1157 1859 1518 1928 χαριζόμενος
1571 1861 1971 1931 παρακαλοῦσι,

2081 661 2320 715 dendum
2381 663 2674 731 praebeam,
2722 677 2893 715 unum
2950 660 3048 714 tibi
3102 660 3275 713 offero
3316 655 3653 711 desiderium

2082 770 2288 818 n'retnn,
2320 765 2477 808 utne
2530 753 2720 824 pietati
2761 764 2866 808 tum
2913 751 3194 805 silentium
3246 758 3497 804 nostrum
3545 762 3653 800 non

2083 847 2382 901 accedendi
2424 848 2701 902 sitcausa.
2743 847 3010 900 Invitatus
3052 845 3218 916 igitur
3250 843 3411 897 nobis
3442 854 3656 894 morem

2083 955 2233 1009 gere,
2292 947 2351 993 ut
2379 940 2436 994 in
2465 939 2730 1010 Argocnis
2768 947 3086 992 sanctorum
3145 929 3654 991 commemorationi

2083 1029 2328 1092 intersis,
2366 1015 2614 1099 quamet
2651 1030 2915 1085 invitatus
2954 1028 3232 1093 conﬁcies,
3285 1037 3449 1097 atque
3487 1025 3657 1078 etiam

2081 1138 2191 1175 non
2219 1123 2500 1176 imitatus.

2578 1214 2716 1268 XVI.
2763 1211 3163 1268 TllALASSIU.

2153 1303 2389 1358 Ercxisti
2427 1313 2574 1357 tuam
2611 1303 2784 1373 ipsius
2828 1301 3019 1355 urbem
3047 1303 3159 1371 jam
3218 1298 3535 1352 inclinatam
3573 1304 3656 1349 at-

2079 1409 2187 1463 que
2217 1395 2515 1463 jacentem,
2557 1409 2682 1446 cum
2715 1391 2794 1446 illi
2837 1390 3186 1446 educationis
3216 1389 3446 1459 gratiam
3496 1385 3656 1439 retri-

2083 1486 2292 1540 bueris.
2324 1486 2392 1540 Et
2418 1502 2546 1540 sane
2579 1487 2696 1555 ipsa
2724 1483 3042 1539 domesticis
3075 1487 3337 1538 exornata
3378 1480 3536 1534 bonis
3566 1481 3658 1533 lm—

2087 1587 2255 1644 tatur,
2284 1579 2432 1648 quod
2469 1586 2542 1643 te,
2583 1586 2795 1632 tantum
2817 1592 3014 1645 nempe
3049 1577 3278 1636 bonum,
3321 1569 3656 1626 cducavcrit.

2083 1673 2239 1738 Quod
2273 1682 2465 1738 restat,
2487 1688 2612 1726 eum
2638 1672 2811 1740 ipsam
2841 1668 3149 1724 honoribus
3173 1667 3534 1720 illustriorem
3577 1664 3660 1717 ef-

2084 1764 2303 1830 feceris,
2365 1765 2452 1819 fac
2492 1765 2658 1819 etiam
2710 1774 2772 1817 ut
2819 1763 2970 1817 illius
3002 1760 3248 1830 potentia
3297 1774 3396 1828 per
3438 1771 3661 1810 manum

2087 1867 2236 1912 tuam
2263 1866 2552 1927 augeatur,
2589 1868 2644 1911 et
2665 1855 3010 1925 propositum
3035 1862 3191 1907 tuum
3217 1867 3326 1906 non
3350 1850 3526 1910 solum
3564 1849 3664 1902 im-

389 1941 484 1992 καὶ
523 1941 753 2013 δεομένῃ
782 1947 846 2014 τῇ
881 1941 1034 1999 πόλει
1059 1950 1152 2001 καὶ
1182 1950 1273 2002 τὸν
1313 1949 1570 2020 ἄρχοντα,
1611 1953 1671 2005 ὃν
1711 1955 1978 2023 ἐπιφανέ-

2086 1950 2259 2018 plens,
2305 1924 2401 2003 sed
2444 1948 2605 2003 nobis
2650 1924 2819 2002 etiam
2873 1944 3226 1999 hortantibus
3282 1942 3518 2009 urbique
3569 1955 3664 1993 ro-

390 2044 580 2097 στερον
605 2031 738 2100 ἡμῖν
763 2033 1069 2102 πεποίηκας
1087 2038 1156 2106 τῇ
1178 2038 1378 2108 σπουδῇ
1412 2040 1634 2111 χάρισαι
1658 2045 1768 2104 τοῖς
1803 2043 1977 2112 πράγ-
2004 2071 2005 2074 η

392 2138 580 2190 μασιν,
612 2122 686 2186 ὡς
715 2127 1060 2196 προσήκοντά
1079 2146 1159 2182 σοι
1182 2130 1564 2200 γνωρίζεσθαι.
1590 2133 1650 2184 Ei
1681 2134 1789 2204 γὰρ
1819 2135 1978 2189 τοῦτο

390 2213 687 2283 προσθείης
714 2219 825 2280 τοῖς
847 2219 1121 2287 προλαέἲοῦ
1132 2237 1233 2284 σιν,
1265 2217 1483 2275 ἅπαντα
1506 2226 1639 2293 ἡμῖν
1673 2227 1816 2278 κατὰ
1841 2227 1980 2295 γνώ-

393 2322 504 2375 μην
550 2307 863 2377 ὲκὸήσεται.
915 2311 1011 2374 Δὸς
1059 2312 1117 2365 δὲ
1159 2316 1251 2365 καὶ⁵
1291 2316 1498 2368 πόλεων
1541 2317 1828 2388 προσθήκῃ
1863 2319 1977 2389 (‘20)

389 2400 490 2468 τὴν
528 2399 704 2471 ἀρχὴν
754 2403 1121 2472 εῦθηνείσοαι,
1175 2405 1262 2458 ἵνα
1315 2425 1397 2460 σοι
1466 2409 1831 2477 περίϐλεπτος
1890 2412 1979 2466 διὰ

390 2492 612 2545 πάντων
666 2495 699 2564 ἡ
753 2496 956 2566 πατρὶς
992 2497 1242 2567 γένηται.
1285 2501 1474 2571 Ἦμῶν
1499 2503 1556 2555 δὲ
1584 2504 1858 2574 μέμνησο,
1890 2522 1979 2573 φι-

389 2582 616 2650 λοῦντας
641 2586 812 2657 φιλῶν
829 2606 842 2619 ·
872 2589 1029 2643 τοῦτο
1057 2590 1165 2662 γάρ
1190 2593 1334 2645 ἐστιν
1372 2594 1639 2658 ἀντίδοσις
1661 2597 1882 2665 ἀγαθῶν

863 2857 959 2912 IZ'.
1002 2861 1343 2936 ΣΩΤΗΙἾΧῼ
1379 2865 1514 2936 (si).

466 2947 834 3018 Περίῦλεπτον
860 2952 991 3022 ἡμῖν
1027 2955 1126 3026 ἤδη
1157 2957 1252 3026 τὴν
1287 2960 1522 3028 πατρίδα
1552 2964 1892 3034 πεποιήκατε
1921 2966 1978 3018 ὲν

397 3040 708 3109 προοιμίοις
738 3042 836 3111 τῆς
882 3046 1236 3115 προστασίας,
1272 3049 1490 3113 πολλοῖς
1543 3053 1664 3104 ποσὶ
1708 3057 1982 3125 παρασχό-

399 3144 550 3196 μενοι
574 3129 671 3192 τὰς
694 3132 1017 3199 γειτνιώσας
1039 3138 1443 3209 παραδραμεῖν.
1479 3143 1543 3194 At
1575 3143 1684 3213 γὰρ
1714 3145 1983 3215 πρότερον

396 3220 526 3288 περὶ
559 3221 856 3293 ὁμοτιμίας
903 3226 1206 3297 ἐρίζουσαι,
1249 3231 1344 3284 νῦν
1390 3233 1512 3286 οὐδὲ
1567 3235 1859 3291 πολλοστοῦ
1894 3239 1984 3308 μὲ-

398 3327 526 3380 (ou;
549 3315 677 3383 ¹τῆς
747 3315 902 3380 ἀξίας
949 3318 1015 3372 δι’
1055 3321 1201 3390 ὑμᾶς
1254 3325 1630 3392 ὲφικνοῦνταν
1695 3328 1868 3391 οὕτως
1922 3334 1981 3383 ὲν

396 3403 712 3472 προοιμίοις
752 3407 1116 3481 φαιδροτέραν
1162 3413 1296 3481 ἡμῖν
1331 3416 1422 3466 καὶ
1473 3417 1719 3485 μεγάλην
1745 3417 1844 3488 τὴν
1880 3420 1978 3471 πό-

396 3491 483 3544 iw
514 3492 774 3560 ἐδείξατε.
821 3498 881 3550 Εἰ
923 3499 980 3551 δὲ
1029 3502 1125 3552 καὶ
1164 3502 1233 3554 τὰ
1279 3503 1533 3556 λείποντα
1571 3507 1978 3580 προσθείητε,ἢ

399 3588 608 3642 πόλεων
639 3589 895 3658 ἀριθμὸν,
934 3591 965 3659 ἦ
1001 3593 1304 3645 ἀνανέωσιν
1336 3595 1790 3667 οἰκοδομημάτων
1826 3600 1982 3669 (πάν-

397 3698 466 3734 τα
511 3681 620 3752 γὰρ
670 3683 798 3752 ὑμῖν
850 3682 1058 3736 δυνατὰ
1099 3683 1494 3755 βουλομένοις),
1541 3688 1779 3753 ταινίαις
1834 3693 1980 3762 ὑμᾶς

398 3772 722 3844 ἀναδοῦμεν,
748 3774 822 3836 ὡς
856 3774 1171 3844 εὐεργέτας,
1199 3776 1484 3848 δευτέρους
1509 3780 1756 3844 οἰκιστὰς
1786 3783 1978 3854 ὀνομά-

400 3863 608 3928 ζοντες,
641 3864 841 3932 μᾶλλον
870 3865 924 3917 δὲ
950 3869 1042 3918 καὶ
1072 3868 1232 3920 πλέον
1263 3869 1552 3941 ἐπᾴδοντες
1573 3887 1587 3900 ·
1624 3871 1751 3926 ὅσον
1781 3877 1982 3931 ἐκεῖνοι

405 3957 505 4026 μὲν
538 3956 597 4008 τ’)
629 3952 770 4012 εἶναι
801 3957 900 4028 τὴν
930 3958 1106 4023 πάλιν,
1147 3959 1308 4030 ὑμεῖς
1344 3961 1400 4014 δὲ
1445 3961 1507 4015 τὸ
1546 3965 1986 4038 ἐπιφανεστέραν

402 4048 654 4116 γενέσθαι
688 4052 1163 4120 παρεσκευάσατε.
1197 4054 1466 4125 Ποιήσατε
1490 4055 1546 4110 δὲ
1582 4059 1717 4128 ἡμῖν
1760 4060 1856 4113 καὶ
1894 4061 1987 4113 τὸν

401 4137 639 4208 ἄρχοντα
668 4141 893 4212 μείζονα
931 4142 1008 4214 μὴ
1043 4145 1121 4216 τῷ
1149 4145 1374 4217 ὀνόματι
1407 4149 1590 4218 μόνον,
1624 4152 1760 4206 ἀλλὰ
1789 4155 1882 4209 καὶ
1913 4158 1978 4226 τῇ

400 4230 645 4299 δυναμει.

2081 2040 2231 2108 ganti
2253 2038 2590 2109 gratiﬁcans,
2641 2037 2930 2106 prmsidem
2960 2051 3125 2105 quem
3168 2033 3460 2088 clariorem
3502 2030 3666 2085 nobis

2081 2131 2558 2199 illustrioremquc
2593 2129 2778 2184 studio
2809 2138 2906 2183 tuo
2947 2126 3261 2190 reddidisti,
3303 2123 3547 2180 concede
3575 2138 3663 2175 re-

2057 2224 2206 2287 ‘bus,
2243 2231 2386 2278 utet
2438 2222 2506 2276 ad
2561 2231 2614 2276 te
2659 2221 2864 2276 caedem
2925 2220 3206 2288 pertinere
3255 2216 3571 2271 videantur.
3605 2215 3662 2268 Si

2080 2316 2229 2369 enim
2281 2315 2399 2368 haec
2452 2312 2898 2383 prmcedentibus
2944 2311 3136 2376 addas,
3175 2311 3359 2366 omnia
3394 2309 3555 2364 nobis
3597 2307 3666 2362 ad

2080 2417 2270 2461 votum
2304 2406 2523 2461 cedent.
2551 2405 2657 2459 Fac
2687 2413 2868 2460 autem
2913 2413 2993 2469 ut,
3028 2413 3151 2473 post
3177 2402 3464 2458 civitatum
3504 2399 3664 2454 addi-

2083 2507 2408 2563 tamentum,
2441 2497 2739 2567 imperium
2764 2513 2986 2567 quoque
3038 2497 3256 2551 felicius
3305 2495 3665 2550 administre-

2084 2597 2198 2653 tur,
2222 2604 2333 2658 quo
2367 2587 2468 2643 tibi
2489 2603 2588 2656 per
2614 2586 2802 2640 omnia
2831 2585 3149 2655 spectabilis
3173 2584 3352 2652 patria
3393 2583 3504 2637 ﬁat.
3553 2583 3666 2637 No-

2082 2681 2182 2736 stri
2207 2696 2342 2736 vero
2370 2687 2670 2742 memento,
2695 2687 2945 2734 amantes
2967 2692 3191 2731 amans:
3220 2676 3326 2730 hoc
3381 2675 3531 2730 enim
3581 2684 3665 2728 est
3707 2721 3712 2728 .

2082 2771 2355 2826 bonorum
2387 2769 2780 2827 remuneratio.

2566 2859 2730 2914 XVII.
2771 2856 3199 2914 SOTERICIIO.‘

2157 2953 2434 3007 Illustrem
2475 2951 2766 3020 nobisjam
2810 2949 3045 3019 patriam
3079 2947 3399 3002 reddidistis
3427 2947 3480 3000 in
3503 2960 3667 3001 cxor—
3705 2999 3708 3002 .

2085 3044 2178 3099 dio
2208 3043 2581 3112 praefectum,
2599 3056 2725 3095 cum
2763 3040 2853 3094 illa
2894 3039 3095 3094 vicinis
3127 3037 3452 3092 civitatibus
3479 3033 3668 3088 multis

2085 3139 2324 3208 pedibus
2361 3137 2572 3192 anteire
2611 3135 2875 3191 feceritis.
2903 3133 3035 3199 Quae
3059 3131 3206 3187 enim
3252 3138 3415 3184 antea
3441 3129 3507 3183 de
3533 3144 3672 3197 prie-

2087 3229 2287 3284 stantia
2319 3229 2612 3282 nobiscum
2633 3226 2941 3287 certabant,
2976 3238 3125 3276 nunc
3164 3237 3333 3290 opera
3389 3228 3570 3274 vestra
3599 3233 3671 3274 ne

2088 3321 2434 3374 millesimam
2461 3317 2686 3387 quidem
2727 3323 2940 3384 partem
2996 3313 3282 3383 dignitatis
3328 3319 3530 3365 nostra:
3583 3316 3668 3363 at-

2087 3413 2337 3479 tingunt:
2365 3410 2447 3463 sic
2485 3425 2516 3463 a
2547 3407 2823 3478 principio
2863 3404 3317 3475 splendidiorem,
3364 3417 3528 3471 quam
3570 3416 3670 3454 an-

2089 3511 2174 3554 tea
2199 3500 2321 3565 fuit,
2344 3508 2510 3568 atque
2532 3497 2856 3567 ampliorem
2896 3495 3062 3549 nobis
3082 3494 3225 3548 hanc
3265 3493 3459 3547 urbem
3509 3490 3670 3546 exhi—

2086 3594 2308 3650 buistis.
2345 3591 2504 3660 Quod
2531 3593 2576 3646 si
2609 3607 2732 3661 qua:
2765 3591 2986 3653 desunt,
3015 3588 3128 3643 sive
3188 3588 3412 3642 urbium
3471 3605 3670 3643 nume-

2086 3701 2232 3749 rum,
2297 3684 2413 3739 sivo
2463 3683 2824 3738 aediﬁciorum
2881 3679 3336 3735 instaurationem
3379 3686 3667 3748 spectent,

2083 3775 2411 3830 addideritis
2439 3773 2775 3841 (volentibus
2811 3772 2960 3826 enim
2989 3771 3167 3834 vobis,
3200 3769 3432 3824 arduum
3477 3770 3666 3840 nihil),

2085 3868 2267 3924 tmniis
2290 3884 2388 3922 vos
2401 3865 2732 3929 vinciemus,
2750 3873 3010 3932 tanquam
3027 3864 3165 3919 bene
3189 3862 3437 3928 meritos;
3463 3878 3668 3933 vosque

2084 3961 2291 4016 alteros
2316 3958 2642 4014 laudatores
2679 3955 3030 4026 appellando,
3051 3956 3226 4024 magis
3247 3955 3670 4011 decantabimus

2086 4069 2151 4108 ac
2181 4051 2611 4107 celebrabimus.
2649 4049 2947 4104 Enimvero
2989 4049 3089 4107 illi,
3139 4055 3198 4099 ut
3224 4055 3400 4111 esset;
3437 4063 3555 4110 vos,
3610 4055 3672 4100 ut.

2089 4140 2360 4195 illustrior
2382 4139 2558 4204 ﬁeret,
2577 4154 2800 4208 operam
2825 4138 3074 4193 dedistis.
3094 4138 3288 4191 Create
3314 4145 3495 4189 autem
3509 4136 3664 4190 nobis

2091 4228 2383 4298 praesidem
2439 4228 2726 4298 majorem,
2768 4243 2882 4284 non
2923 4227 3143 4282 nomine
3191 4234 3422 4290 tantum,
3476 4233 3696 4304 verumi

2095 4319 2262 4375 etiam
2278 4335 2340 4374 re
2371 4326 2540 4389 atque
2571 4319 2798 4373 virtute.

1527 4438 1683 4494 LUD.
1723 4440 1883 4496 ANT.
1922 4445 2309 4507 MURATORII
2347 4450 2573 4506 ΝΟΤᾸΞΞ.
3391 4489 3396 4494 ·

480 4527 930 4614 (19).Thala.ssi_o,
961 4531 1173 4614 potenti
1209 4529 1430 4614 inﬁaula
1477 4530 1987 4614 Constan'tinopoli—
2018 4546 2062 4603 ί)
2087 4543 2264 4598 civem
2327 4543 2723 4614 Ctesariensem
2767 4550 2823 4598 et
2862 4541 3063 4612 ipsum,
3090 4543 3346 4612 protinus
3380 4541 3668 4610 obtulerit,

410 4606 534 4671 tana
567 4600 706 4664 viro,
744 4600 1147 4671 plurimasagit
1169 4599 1392 4670 gratias,
1427 4601 1572 4671 quod
1628 4599 1985 4662 Czesariénsis

408 4669 565 4740 urbis
602 4671 840 4725 honores
869 4669 1364 4740 ampliﬁcaveritac
1397 4669 1721 4728 ornamenta
1747 4677 1982 4731 auxerit.

409 4739 587 4812 Rogat
623 4740 850 4810 insuper
883 4748 942 4812 ut
967 4739 1034 4794 ad
1073 4740 1377 4795 feliciorem
1411 4743 1531 4812 ejus
1561 4742 1719 4798 urbis
1753 4745 1987 4800 admini-

408 4809 1026 4866 strationem’studium
1086 4826 1249 4866 onme
1302 4809 1571 4867 conferat.
1634 4813 1984 4871 Thalassium

410 4888 594 4955 autem
628 4880 1080 4955 istumeumdem
1120 4897 1242 4936 esse
1289 4882 1488 4951 opinor
1509 4883 1784 4955 cunr‘illo
1819 4901 1985 4955 quem

412 4949 467 5020 in
493 4949 816 5005 Caesariensi
840 4951 1161 5020 episcopatu
1195 4949 1572 5007 successorem
1616 4949 1853 5008 Firmus
1882 4956 1983 5010 ha-

412 5018 570 5091 buit,
600 5020 680 5074 uti
727 5020 784 5075 in
831 5018 1238 5091 prolegomenis
1285 5022 1670 5078 animadverti.
1710 5022 1848 5078 Cum
1899 5027 1983 5080 vi-

411 5089 787 5164 ven_di_frne_m_
821 5089 1067 5164 scriptor
1105 5101 1293 5164 noster
1343 5091 1490 5164 fecit,
1527 5091 1820 5162 prrefectus
1842 5110 1984 5164 pra:-

413 5160 558 5234 torio
588 5160 800 5234 Illyrici
826 5161 1144 5234 Thalassius
1173 5163 1261 5234 ille
1292 5169 1432 5228 erat,
1469 5160 1573 5234 hoc
1606 5170 1692 5234 est
1749 5160 1980 5234 amplis-

413 5229 555 5303 simo
588 5229 802 5298 imperii
842 5246 1074 5303 munere
1121 5229 1430 5303 fruebatur.
1474 5232 1689 5303 Isterrita
1745 5229 1984 5303 impera-

417 5298 521 5370 tori
552 5308 825 5370 acceptus,
846 5315 909 5354 ac
937 5299 994 5353 in
1029 5300 1149 5370 ejus
1176 5302 1300 5355 aula
1332 5311 1528 5370 potens
1571 5302 1796 5366 dicitur,
1826 5298 1896 5357 'ut
1928 5305 1980 5360 ei

417 5369 517 5441 uni
535 5378 758 5441 accepta
788 5369 1006 5441 Firmus
1054 5369 1277 5436 referat,
1325 5369 1668 5441 quaecunque
1704 5373 1829 5428 urbi
1863 5374 1982 5428 Cre-

413 5438 645 5511 sariensi
670 5440 926 5511 princeps
949 5439 1126 5511 fuerat
1141 5438 1510 5511 οἰοῖ-εἰωθΛὰ
1534 5438 1648 5496 hfec
1670 5444 1988 5499 Thalassius

417 5507 543 5573 iste,
581 5507 931 5580 Cmsaricnsis
979 5509 1132 5564 'civis
1177 5507 1477 5580 patriaeque
1513 5527 1625 5564 sua:
1671 5513 1987 5567 amantissi-

419 5594 560 5643 mus,
601 5578 655 5650 in
698 5578 1081 5650 haciepistola
1112 5578 1547 5648 prbditurCVcri
1603 5581 1771 5650 igitur
1815 5583 1996 5638 simile

417 5658 522 5712 est,
585 5648 929 5702 Thalassium
974 5666 1002 5702 a
1062 5649 1283 5703 Socrate
1332 5648 1692 5704 memoratu-nr
1737 5654 1992 5707 eunrdem

420 5736 543 5772 cum
582 5719 686 5772 isto
713 5718 880 5792 fuisse
907 5737 918 5772 ε
946 5719 1456 5792 nimirunrl’roelus
1489 5720 1991 5792 Constantinopoli-

421 5798 582 5842 tanns
653 5789 976 5858 episcopus,
1027 5789 1452 5845 Caesariensibus
1512 5794 1798 5860 praesulem
1849 5789 1980 5856 sibi,

427 5869 642 5913 mortuo
683 5861 794 5930 jam
852 5860 1064 5929 Firmo,
1115 5861 1558 5932 deposcentibtls,
1615 5863 1978 5931 'l‘halassium,

2087 4629 2328 4676 eumque
2361 4612 2614 4668 sacrarit.
3303 4669 3316 4676 ,

2157 4681 2268 4753 (20)
2304 4681 2637 4753 Προσθήκῃ
2675 4683 2929 4736 πόλεων.
2967 4682 3093 4736 Post
3133 4683 3410 4736 civitatum
3458 4684 3671 4736 addita-

2088 4761 2340 4823 mentum.
2376 4752 2556 4809 Urbes
2570 4752 2782 4823 aliquot
2812 4753 2881 4807 ab
2910 4754 3145 4809 alterius
3171 4753 3438 4823 regimine
3464 4754 3672 4807 scissas

2082 4831 2139 4894 et
2161 4822 2530 4894 Cappadociae
2564 4822 2780 4877 additas
2803 4863 2816 4887 ,
2851 4824 3084 4877 innuere
3131 4822 3447 4891 hujusmodi
3495 4825 3670 4894 verba

2082 4891 2374 4958 videntur;
2430 4893 2667 4962 ideoque
2717 4894 3074 4949 Ctesariensis
3118 4895 3272 4948 urbis
3314 4893 3684 4962 splendor-em.

2083 4962 2380 5017 adauctum
2404 4964 2532 5033 jure
2567 4964 2784 5018 Firmus
2809 4964 2905 5018 ait.
2931 4965 3086 5030 Quod
3130 4964 3174 5016 si
3211 4980 3310 5031 pro
3337 4963 3544 5014 πόλεων
3580 4963 3664 5016 le—

2087 5048 2182 5102 gas
2241 5033 2470 5097 πόλεως,
2521 5033 2891 5105 urb_is_unius,
2938 5033 3447 5105 nempeCazsamm,
3495 5033 3670 5085 incre-

2089 5112 2326 5156 mentum
2357 5111 2452 5156 aut
2486 5103 2954 5172 ampliﬁcationem
2986 5102 3276 5170 intelligas.

2163 5171 2272 5243 (‘21)
2301 5173 2478 5227 Simili
2532 5171 2586 5225 in
2637 5171 2983 5241 argumento,
3030 5171 3382 5243 acsuperior,
3416 5177 3670 5243 versatur

2090 5241 2208 5314 lucc
2243 5241 2494 5314 epistola.
2525 5243 2726 5297 Urbem
2753 5243 3066 5314 Caesaream
3084 5241 3405 5314 Soterichus
3442 5241 3670 5314 integror-

2089 5311 2182 5364 dio
2219 5309 2556 5382 praefectura!
2583 5328 2695 5366 suae
2718 5313 2905 5382 multis
2941 5310 3148 5382 additis
3176 5311 3518 5382 ornamentis
3542 5309 3671 5363 illu-

2092 5381 2658 5462 strioremnelfeeerat.
2695 5382 2832 5434 llinc
2858 5381 2946 5436 illi,
2985 5381 3252 5462 plurimas
3287 5381 3520 5462 “Firmus
3558 5382 3672 5447 agit

2093 5451 2314 5521 gratias.
2349 5450 2693 5521 Sote‘riehum
2750 5459 2931 5504 autem
2983 5450 3148 5504 istum
3169 5450 3486 5519 prtefectum
3527 5465 3668 5521 pra:-

2101 5518 2240 5575 torio
2277 5519 2520 5576 Orientis
2575 5520 2742 5574 fuisse
2780 5521 2977 5588 opinor
3020 5528 3114 5574 aut
3172 5518 3365 5573 Saltem
3422 5518 3668 5588 ejusdem

2096 5592 2336 5660 praefecti
2389 5591 2443 5642 in
2508 5589 2732 5643 Pontica
2823 5591 3047 5644 dimeesi
3097 5590 3396 5650 vicarium,
3465 5589 3669 5656 quippe

2090 5675 2158 5714 eo
2183 5676 2353 5729 usque
2377 5668 2618 5728 potestas
2659 5660 2806 5714 illius
2853 5661 3206 5729 procedebat,
3245 5661 3516 5713 utabuna
3545 5673 3672 5725 pro-

2090 5731 2370 5798 provincia
2393 5730 2878 5785 urbcsdistrahere
2901 5731 3169 5799 alterique
3191 5731 3522 5798 conjungere
3547 5743 3671 5799 pos-

2084 5796 2184 5856 εῡῑ.
2211 5801 2461 5859 Caesarea
2490 5817 2620 5857 vero
2645 5800 2940 5872 provinciae
2970 5796 3326 5870 Cappadocae
3355 5796 3518 5868 caput
3543 5796 3666 5852 fuit.
