4076 6444
345 450 485 509 1497

1794 463 2169 523 ΕΡΙΞΤΟΙΑΕ.

3463 484 3610 544 1498

342 568 402 620 ιν
439 568 505 637 τῇ
557 566 712 620 πόλει
757 568 1013 635 γενέσθαι
1066 571 1453 644 περίϐλεπτος,
1482 575 1656 651 δῶρον
1698 579 1798 649 τῆς
1827 581 1922 651 σῆς

2031 583 2339 641 maritimos
2375 600 2686 658 superaret,
2718 598 2775 647 et
2811 608 2841 647 a
2886 593 3100 651 civibus
3129 598 3387 656 omnibus
3417 606 3605 672 suspi-

341 661 425 725 εῑς
452 661 599 732 ἡμᾶς
622 659 936 733 φιλοτιμίας
954 662 1124 729 ἄξιον.

942 864 1028 919 κν.
1064 866 1314 939 narro.

412 971 540 1036 Τοῖς
570 973 860 1044 συντυχίας
887 975 1086 1046 ἐρῶσιν
1113 977 1272 1050 ἱκανὴ
1307 981 1406 1035 καὶ
1442 978 1594 1045 ἡδεῖα
1620 980 1729 1034 τῶν
1742 999 1924 1054 γραμ-

343 1063 532 1137 μάτων
564 1064 771 1134 γίνεται
801 1067 1005 1137 ὁμιλία,
1046 1070 1174 1124 ὅταν
1210 1071 1390 1144 πολλῷ
1424 1070 1501 1142 τῷ
1530 1071 1678 1143 μέσῳ
1703 1073 1924 1143 διαστή-

345 1173 475 1226 ματι
503 1155 708 1227 τύχωσι
754 1157 1132 1232 χωριζόμενοι.
1199 1164 1265 1216 ’0
1307 1163 1373 1234 δὴ
1399 1163 1494 1217 καὶ
1541 1164 1662 1234 ἐμοὶ
1704 1164 1797 1218 ἐπὶ
1821 1165 1924 1235 τῆς

343 1245 619 1319 ὑμετέρας
677 1249 990 1323 συμϐέϐηκε
1040 1254 1543 1326 μεγαλοπρεπείας.
1610 1257 1923 1328 Ἐφιέμενος

341 1337 454 1408 γὰρ
482 1338 584 1408 τῆς
633 1342 919 1406 συνουσίας
959 1344 1057 1415 τῆς
1086 1347 1358 1419 ὑμετέρας
1391 1347 1636 1419 ἐπέθηκα
1667 1348 1765 1418 τὴν
1799 1350 1923 1404 ἐπι-

342 1430 555 1503 στολὴν,
586 1434 818 1488 ἐπινοῶν
849 1436 1101 1490 ἐντεῦθεν
1132 1438 1354 1510 ἐμαυτῷ
1373 1439 1473 1510 τῆς
1494 1439 1787 1511 ἐπιθυμίας
1817 1458 1923 1496 πα-

342 1524 611 1596 ραψυχήν.
644 1527 706 1579 El
736 1522 829 1581 οὖν
860 1528 1011 1600 παρὰ
1036 1533 1103 1601 τῇ
1130 1530 1525 1604 Θαυμασιότητι
1562 1532 1716 1602 ὐμῶν
1744 1532 1921 1587 τοιοῦ-

336 1630 431 1679 τος
456 1616 585 1686 περὶ
609 1619 642 1688 ἡ
652 1618 770 1688 μῶν
797 1619 827 1671 ὁ
848 1619 1006 1689 λόγος
1027 1662 1042 1685 ,
1068 1622 1385 1687 διατελεῖτε,
1422 1624 1518 1693 καὶ
1555 1625 1922 1696 μεμνημένοι,

338 1706 435 1759 καὶ
478 1707 805 1778 γράφοντεςσ
845 1710 1037 1783 ἐπειδὴ
1085 1713 1299 1780 τούτοις
1331 1712 1589 1782 αὐξεσθαι
1623 1715 1773 1786 φιλία
1824 1717 1923 1773 πέ-

336 1814 529 1868 φυκεν.

902 1913 1036 1968 KA'.
1069 1915 1353 1988 ΠΛΙΗΘᾼ.

412 2016 484 2074 ’0
513 2020 627 2083 τοῖς
672 2019 1073 2093 δανειζομένοις
1108 2024 1197 2077 διὰ
1225 2025 1420 2080 πενίαν
1459 2026 1689 2094 γίνεται,
1712 2028 1775 2082 τὸ
1806 2030 1922 2093 τοῖς

335 2112 578 2201 πρώτοις
621 2114 935 2187 ὀφλήμασιν
985 2117 1285 2173 ἐπιτιθέναι
1341 2120 1436 2173 καὶ
1465 2118 1718 2193 δεύτερα,
1763 2120 1922 2176 τοῦτο

336 2203 508 2273 κάμοὶ
538 2204 656 2259 νυνὶ
701 2204 790 2258 διὰ
820 2204 916 2277 τὴν
943 2206 1254 2278 ἀρρωστίαν
1295 2207 1633 2280 συμϐέϐηκε,
1664 2208 1759 2262 καὶ
1787 2208 1924 2279 πρό·

333 2310 494 2365 τερον
520 2295 622 2366 τῆς
663 2295 954 2367 συντυχίας
980 2297 1422 2368 διαμαρτάνοντι,
1473 2300 1570 2354 καὶ
1605 2298 1701 2355 νῦν
1732 2302 1793 2355 οὐ
1832 2301 1924 2354 δυ-

335 2386 551 2459 νηθέντι
583 2387 675 2440 τὸν
725 2387 824 2459 τῆς
857 2387 1166 2460 ὁδοιπορίας
1198 2390 1497 2461 ὑποστῆναι
1531 2392 1721 2447 κόπον.
1761 2392 1923 2447 Ἀλλὰ

336 2478 650 2548 συγγνῶναι
694 2482 727 2552 ἡ
790 2481 1234 2552 μεγαλοπρέπειά
1288 2499 1381 2536 σου
1415 2483 1803 2550 καταξιώσασα
1830 2484 1925 2555 καὶ

338 2573 564 2643 μνήμης
595 2573 744 2642 ἡμᾶς
775 2570 1028 2639 ἀξιούτω,
1064 2574 1158 2626 καὶ
1203 2574 1528 2645 γράμμασιν
1575 2575 1918 2646 ἀμειψάσθω,

336 2661 427 2716 ἵνα
451 2662 527 2734 μὴ
554 2663 656 2734 τὴν
693 2662 877 2734 φιλίαν
913 2664 1013 2735 τῆς
1058 2664 1397 2737 ἀπολείψεως
1439 2666 1763 2739 ἀμαυρώσει
1790 2666 1923 2738 χρό-

334 2768 448 2820 νος.
1710 2780 1725 2784 ’

582 2887 714 2944 KB'.
777 2887 1087 2959 ΘΕΟΔΟΤῼ
1132 2890 1485 2963 ΕΠΙΣΚΟΠῼ
1512 2891 1647 2963 (25).

407 2996 521 3052 Καὶ
534 2997 635 3070 τὴν
653 2999 902 3069 γλῶτταν
933 2999 1377 3073 Ἐλληνισμένον,
1402 3002 1501 3056 καὶ
1519 3001 1686 3073 ἦθους
1708 3000 1929 3072 μετριό-

335 3104 466 3161 τητι
492 3089 797 3162 χρώμενον,
820 3092 1151 3163 εὐπατρίδην
1177 3109 1237 3147 τε
1263 3094 1415 3161 ὄντα,
1439 3095 1535 3148 καὶ
1558 3094 1776 3159 πολλοῖς
1794 3094 1925 3166 τρό-

340 3197 469 3247 ποις
494 3181 781 3237 δεικνύντα
812 3184 913 3254 τῆς
941 3184 1222 3252 εὐγενείας
1248 3186 1548 3257 τεκμήρια,
1576 3187 1641 3241 ἐκ
1662 3186 1761 3257 τῆς
1783 3185 1927 3255 ἑῴας

2026 684 2276 822 geretur;
2312 695 2515 738 munus
2545 690 2642 738 tuo
2667 684 2723 739 in
2746 700 2850 742 nos
2895 688 3081 745 studio
3110 698 3167 745 et
3210 691 3603 755 benevolentia

2067 785 2273 822 mnum.

2067 785 2273 841 tgnum.

2622 886 2742 944 XX.
2783 889 3027 950 LAUSO.

2093 996 2167 1054 Iis
2199 996 2294 1068 qui
2329 1000 2646 1057 conversari
2697 1016 2884 1058 coram
2931 1005 3193 1076 cupiunt,
3222 1010 3517 1077 succurrit,
3545 1021 3610 1069 et

2024 1089 2186 1146 dulce
2211 1098 2298 1146 est
2320 1107 2418 1162 per
2441 1092 2659 1149 litteras
2693 1095 2954 1167 colloqui,
2980 1112 3107 1153 cum
3132 1099 3297 1171 longo
3329 1102 3602 1158 terrarum

2024 1180 2203 1251 spatio
2226 1188 2355 1235 sunt
2381 1181 2526 1236 inter
2545 1197 2605 1239 se
2624 1181 2906 1255 disjuncti.
2937 1186 3087 1242 ldem
3115 1203 3282 1258 perm
3308 1190 3444 1245 mihi
3472 1208 3602 1262 erga

2021 1271 2490 1342 magniﬁcentiam
2520 1284 2756 1330 vestram
2786 1277 3011 1333 accidit.
3039 1278 3339 1336 Enimvero
3365 1281 3607 1353 colloqui

2022 1361 2310 1417 vobiscum
2362 1362 2711 1433 desiderans,
2735 1366 3025 1438 epistolam
3074 1369 3144 1425 ad
3188 1386 3289 1427 vos
3328 1370 3477 1438 dedi,
3514 1388 3605 1428 ra-

2025 1454 2231 1510 tionem
2260 1457 2576 1529 excogitans
2607 1475 2715 1529 qua
2752 1459 3091 1517 desiderium
3115 1462 3223 1519 hoc
3245 1479 3430 1519 meum
3456 1464 3607 1520 leva-

2023 1562 2163 1602 rem.
2190 1546 2350 1614 Quod
2387 1548 2433 1604 si
2459 1566 2490 1605 a
2524 1550 2871 1609 miriﬁcentia
2903 1564 3089 1611 vestra
3124 1555 3194 1612 de
3220 1556 3383 1613 nobis
3412 1557 3613 1627 hujus«

2022 1640 2172 1695 modi
2222 1641 2365 1697 ratio
2415 1642 2683 1711 habetur,
2729 1645 3031 1702 identidem
3085 1647 3259 1709 nostri
3311 1664 3606 1718 memores.

2023 1733 2253 1791 scribite
2289 1752 2302 1788 :
2339 1734 2429 1791 his
2459 1736 2609 1791 enim
2643 1736 2887 1792 amicitia
2920 1737 3110 1809 augeri
3142 1738 3302 1796 solet.

2521 1910 2665 1967 XXI.
2706 1911 3049 1969 PLIETHE.
3148 1868 3151 1871 Α

2094 2023 2251 2092 Quod
2314 2024 2497 2079 fenori
2560 2025 2965 2095 accipientibus
3023 2032 3252 2096 propter
3308 2034 3610 2098 egestatem

2023 2116 2322 2172 usuveuire
2348 2117 2513 2182 solet,
2535 2125 2598 2172 ut
2617 2133 2815 2188 nempe
2839 2117 3042 2174 debitis
3065 2117 3347 2188 prioribus
3367 2119 3613 2174 secunda

2022 2208 2319 2279 adjiciam;
2377 2207 2527 2263 idem
2576 2223 2727 2263 nunc
2775 2208 2914 2264 mihi
2964 2217 3190 2280 propter
3232 2208 3611 2265 inﬁrmitatem

2022 2299 2273 2369 corporis
2302 2298 2524 2365 accidit,
2549 2306 2613 2354 ut
2646 2314 2976 2372 congressus
3004 2311 3170 2371 atque
3209 2300 3468 2372 colloquii
3512 2316 3611 2371 spe

2023 2401 2183 2447 antea
2222 2391 2539 2458 frustratus,
2574 2408 2724 2448 nunc
2769 2393 2985 2449 itineris
3025 2393 3267 2448 laborem
3312 2393 3458 2448 ferre
3495 2408 3607 2447 non

2022 2499 2263 2555 possem.
2307 2482 2415 2539 Sed
2453 2483 2590 2539 mihi
2630 2485 2847 2540 veniam
2892 2484 3024 2541 dare
3065 2484 3470 2555 magniﬁcentia
3516 2492 3609 2538 tua

2023 2573 2301 2645 dignetur,
2337 2584 2450 2630 neu
2487 2576 2756 2632 memoria
2794 2584 3007 2641 tantum
3049 2591 3145 2631 sua
3175 2576 3369 2645 dignos
3399 2590 3502 2631 nos
3527 2575 3607 2631 fa-

2023 2665 2198 2730 ciens,
2231 2666 2328 2721 sed
2368 2674 2562 2722 mutuo
2593 2667 2903 2723 litterarum
2933 2668 3112 2724 oﬁicio
3146 2666 3508 2737 respondens,
3538 2682 3610 2723 ne

2025 2757 2325 2814 amicitiam
2361 2766 2580 2830 tempus
2617 2776 2728 2831 quo
2763 2761 3048 2826 absumus,
3079 2760 3361 2815 obliteret.

2345 2888 2513 2944 XXII.
2550 2889 2924 2947 THEODOTO
2959 2888 3312 2948 EPISCOPO.

2098 2998 2169 3054 Et
2216 2996 2404 3070 lingua
2442 2999 2633 3057 Graeca
2676 3002 2850 3073 probe
2884 3003 3239 3067 instructum,
3268 3009 3327 3058 et
3364 3000 3616 3057 moribus

2029 3091 2502 3147 modestissimum
2554 3109 2620 3149 ac
2661 3110 3028 3165 generosum,
3084 3096 3383 3165 multisque
3436 3095 3616 3150 modis

2029 3184 2337 3240 nobilitatis
2371 3194 2523 3241 certa
2560 3187 2714 3257 signa
2737 3188 3141 3254 ostendentem,
3166 3188 3236 3242 ab
3262 3186 3489 3244 Oriente
3515 3203 3613 3243 re»

337 3273 548 3345 ἥκοντα
570 3274 721 3329 τόνδε
753 3275 916 3340 αὐτός
959 3294 1018 3330 τε
1069 3277 1416 3349 ὑπεδεξάμην
1447 3278 1587 3350 μετὰ
1617 3277 1922 3349 μαρτυρίας

2028 3275 2273 3330 nientem
2323 3275 2520 3341 istum,
2565 3292 2676 3331 non
2719 3278 2898 3333 solum
2947 3278 3065 3349 ipse
3108 3280 3350 3350 hospitio
3397 3282 3612 3349 excepi,

335 3366 448 3420 τῶν
476 3368 659 3420 ἐκεῖσε
692 3368 1029 3431 ἐπισκόπων,
1056 3369 1150 3421 καὶ
1171 3371 1237 3440 τῇ
1260 3370 1500 3441 ὀσιότητί
1517 3386 1612 3424 σου
1630 3369 1924 3437 συνίστημι

335 3457 433 3511 ἐπὶ
469 3457 569 3528 τὴν
624 3457 868 3528 μεγάλην
909 3458 1214 3513 σπεύδοντα
1258 3459 1434 3519 πόλιν.
1473 3458 1560 3510 ἵνα
1590 3457 1719 3509 ἰδεῖν
1758 3455 1922 3509 αὐτὸν

335 3550 682 3615 καταξιώσας
717 3551 983 3622 εὐμενῶς,
1019 3552 1113 3604 καὶ
1142 3551 1216 3614 ὡς
1246 3554 1311 3622 τῇ
1353 3550 1635 3622 οεοσε6είᾳ
1668 3566 1763 3604 σου
1796 3550 1923 3604 σύνο

333 3641 491 3714 ηθες,
523 3642 924 3714 εὐπετεστέραν
945 3641 1098 3712 αὐτῷ
1124 3642 1358 3714 ποιήσῃς
1386 3640 1483 3712 τὴν
1522 3641 1614 3694 ἐπὶ
1640 3642 1753 3705 τοῖς
1788 3657 1922 3711 προ⁶

336 3735 618 3807 κειμένοις
648 3735 791 3790 ὁδόν.

884 3953 1013 4008 K1".
1050 3953 1369 4028 ΕΥΘΗΡΙῼ.

408 4067 667 4141 Χρήστης
688 4066 802 4121 τισὶ
823 4067 932 4123 τῶν
963 4068 1069 4122 ὐπὸ
1100 4069 1199 4141 τὴν
1229 4069 1542 4125 θεοσέϐειάν
1572 4087 1668 4124 σου
1699 4069 1925 4141 γέγονεν

331 4159 366 4215 ὁ
399 4160 567 4225 δεῖνα,
628 4161 725 4219 καὶ
780 4161 986 4217 τούτων
1029 4162 1208 4235 τυχὼν
1257 4163 1594 4234 ἀγνωμόνων
1643 4163 1767 4218 ἀντὶ
1814 4164 1924 4217 τῶν

332 4252 637 4324 χρημάτων
665 4249 820 4316 δίκας
855 4251 967 4323 ἔχει
987 4253 1083 4306 καὶ
1102 4253 1425 4323 πράγματα.
1447 4248 1549 4307 Ὦν
1569 4254 1734 4308 ἕνεκα
1761 4254 1927 4325 πρόσ-

333 4360 477 4403 εισιν
532 4342 792 4398 ἱκετεύων
828 4343 938 4397 τῶν
987 4343 1213 4396 δικαίων
1268 4346 1472 4414 τυχεῖν.
1525 4345 1765 4409 Τούτους
1808 4363 1925 4400 συν-

334 4434 593 4506 εΜθῆναι
626 4433 763 4505 πρὸς
813 4433 1235 4505 εὐγνωμοσύνην
1280 4434 1592 4488 κελευσάτω
1630 4437 1663 4506 ή
1709 4435 1925 4507 ὁσιότης

336 4542 456 4591 σου,
491 4527 624 4597 ἡμῖν
674 4542 736 4579 τε
788 4525 1145 4598 χαριζομένη,
1191 4526 1412 4581 καὶτὸν
1463 4527 1556 4582 ἐπὶ
1606 4527 1686 4599 τῷ
1728 4527 1924 4600 δικαίῳ

334 4617 575 4673 ἁνύουσα
602 4617 823 4690 δρόμον.

2026 3381 2219 3420 eorum
2251 3366 2348 3436 qui
2386 3367 2503 3423 illic
2541 3376 2673 3423 sunt
2714 3370 3100 3439 episcoporum
3134 3372 3452 3427 testimonio
3485 3387 3611 3426 mu-

2026 3458 2226 3523 nitum,
2258 3473 2455 3513 verum
2479 3466 2536 3513 et
2561 3459 2840 3514 sanctitati
2870 3468 2977 3515 tua:
3001 3460 3329 3516 commendo
3351 3460 3612 3515 festinan-

2027 3558 2139 3605 tem
2174 3549 2244 3605 ad
2285 3565 2538 3621 magnam
2583 3552 2803 3618 urbem,
2843 3558 2907 3606 ut
2936 3560 2993 3607 et
3034 3551 3214 3623 ipsum
3247 3552 3484 3623 benigne
3518 3552 3605 3607 di-

2024 3642 2209 3712 gneris
2254 3642 2528 3712 accipere,
2562 3652 2749 3713 atque,
2780 3643 2863 3699 uti
2901 3643 3093 3714 pietati
3137 3651 3244 3699 tuae
3285 3650 3609 3698 consuetum

2024 3748 2091 3789 ac
2121 3732 2393 3788 familiare
2422 3741 2528 3798 est,
2554 3734 2661 3804 ipsi
2689 3734 2759 3790 ad
2787 3751 2853 3791 ea
2882 3751 3008 3808 qua:
3045 3735 3154 3792 sibi
3190 3734 3497 3807 proposuit,
3526 3731 3614 3789 fa»

2025 3824 2277 3880 ciliorem
2300 3823 2446 3879 viam
2480 3832 2687 3881 struas.

2511 3955 2703 4014 XXIII.
2746 3956 3120 4015 EUTHERIO.

2101 4070 2477 4139 Quorumdam
2511 4071 2607 4142 qui
2650 4070 2842 4142 pietati
2883 4078 2991 4126 tum
3032 4068 3269 4140 subjecti
3302 4076 3453 4134 sunt,
3486 4083 3615 4126 cro-

2027 4161 2177 4219 ditor
2221 4163 2446 4234 quidam
2491 4171 2577 4219 cst
2620 4162 2820 4229 factus,
2863 4171 3030 4232 atque
3081 4160 3185 4216 bos
3225 4160 3468 4231 ingratos
3504 4159 3612 4216 sibi

2026 4253 2335 4318 oﬁ‘endens,
2361 4269 2464 4324 pro
2505 4254 2750 4309 nummis
2781 4254 2908 4310 lites
2942 4263 2998 4309 et
3024 4253 3334 4309 molestiam
3372 4252 3480 4308 sibi
3520 4269 3611 4310 rc-

2026 4345 2196 4401 tribui
2236 4346 2407 4401 videt.
2448 4346 2656 4401 Ilerqu
2702 4362 2866 4402 causa
2909 4346 2978 4402 ad
3010 4361 3110 4402 vos
3151 4345 3362 4402 accedit
3400 4344 3611 4415 suppli‘

2025 4452 2179 4503 cans,
2213 4446 2275 4493 ut
2312 4422 2404 4508 jus
2455 4437 2711 4495 obtinere
2756 4438 2952 4509 possit.
2996 4438 3107 4493 Eos
3147 4436 3316 4508 igitur
3356 4434 3611 4505 compelli

2025 4529 2097 4585 ad
2130 4528 2444 4601 aequitatem
2478 4531 2672 4602 jubeat
2710 4531 2973 4586 sanctitas
3001 4538 3117 4595 tua,
3147 4545 3235 4585 me
3263 4542 3613 4599 summopere

1951 4615 2001 4675 D
2028 4621 2133 4678 sibi
2163 4622 2490 4679 devinctum
2517 4631 2575 4678 et
2591 4622 2820 4694 iustitia:
2842 4637 3069 4678 cursum
3094 4621 3439 4694 expeditum.

1435 4796 1594 4855 LUD.
1633 4797 1795 4853 ANT.
1836 4796 2224 4857 MURATORII
2256 4795 2486 4854 NOTAE.

410 4955 522 5037 (εξ)
549 4953 850 5037 ΔἸΊιεξοίᾁοιο
876 4954 1149 5037 episcopo
1185 4954 1480 5037 quemdam
1510 4955 1734 5037 Firmus
1768 4969 1924 5037 eom-

337 5025 565 5083 mendat
599 5040 667 5079 ex
702 5025 927 5080 Oriente
974 5025 1327 5090 venientem,
1368 5033 1431 5079 ut
1474 5025 1526 5081 ei
1572 5025 1643 5080 sit
1687 5034 1922 5095 praesto,

343 5097 785 5165 benevolumque
816 5095 1181 5166 seexhibeat,
1234 5104 1398 5166 atque
1449 5096 1570 5166 ejus
1624 5095 1844 5166 negotia
1867 5096 1926 5149 in

338 5167 467 5222 urbe
495 5163 893 5235 magna‘juvet,
930 5165 1036 5219 hoc
1070 5174 1156 5219 est
1183 5173 1277 5219 aut
1308 5163 1792 5235 Constantinopoli,
1828 5172 1928 5220 aut

335 5237 646 5292 Antiochiet.
696 5236 780 5289 Ab
828 5235 1105 5304 episcopis
1144 5235 1522 5292 Orientalibus
1556 5235 1820 5304 epistolas
1855 5235 1924 5290 ad

338 5307 583 5361 Firmum
617 5305 818 5359 tulerat
854 5306 966 5367 ille,
994 5320 1205 5375 nempe
1249 5306 1450 5359 litteras
1505 5306 1785 5375 formatas,
1822 5321 1922 5374 per

336 5393 475 5456 quas
505 5374 691 5456 clerici
806 5375 941 5428 alias
973 5374 1239 5456 digeeses
1272 5374 1571 5456 profecturi
1607 5375 1676 5456 a_b
1703 5374 1920 5456 episco-

338 5444 422 5516 pis
441 5447 559 5501 suis
581 5445 1003 5516 muniebantur,
1036 5444 1111 5498 ita
1136 5452 1247 5498 uta
1272 5444 1500 5513 reliquis
1522 5444 1787 5516 Ecclesiis
1809 5460 1920 5499 non

336 5514 403 5570 ad
430 5515 877 5572 communionem
913 5522 1122 5569 tantum
1155 5528 1439 5568 sacrorum
1468 5514 1918 5580 admitterentur,

337 5587 433 5641 sed
476 5587 664 5647 etiam,
694 5583 789 5639 ubi
830 5585 1130 5639 necessitas
1166 5593 1438 5652 posceret,
1466 5585 1808 5654 iuvarentur.
1844 5586 1920 5640 De

339 5656 535 5713 harum
585 5655 962 5724 epistolarum
994 5655 1101 5709 ritu
1152 5654 1539 5708 ecclesiasticae
1586 5654 1922 5724 eruditionis

337 5727 583 5782 cultores
604 5723 771 5794 plura
792 5723 1086 5779 tradidere.
1116 5723 1535 5778 Animadvertas
1562 5724 1750 5786 etiam,
1775 5723 1920 5794 inter

340 5796 504 5866 nujus
556 5795 745 5851 clerici

340 5863 534 5923 laudes
558 5865 866 5937 computari
895 5864 1097 5921 Graeca:
1139 5864 1338 5936 linguae
1364 5866 1639 5936 peritiam.
1670 5863 1919 5921 Fortasse

802 5794 1003 5864 (talem
1058 5793 1206 5849 enim
1250 5809 1378 5848 eum
1431 5794 1599 5850 fuisse
1645 5793 1939 5864 arbitror)

2024 4953 2153 5010 inde
2187 4952 2466 5021 veniebat,
2485 4952 2581 5008 ubi
2611 4951 2860 5010 Graecum
2888 4954 3089 5011 idioma
3111 4969 3219 5009 non
3252 4958 3373 5006 erat
3397 4949 3453 5007 in
3472 4965 3609 5021 usu,

2023 5034 2121 5079 aut
2170 5024 2265 5079 ubi
2313 5020 2486 5079 moris
2525 5040 2635 5078 non
2682 5034 2804 5079 erat
2852 5034 3001 5080 recte
3042 5024 3195 5092 loqui
3237 5020 3610 5092 Graacanicam

2023 5095 2287 5171 linguam.
2330 5093 2400 5171 ᾼι
2419 5095 2564 5171 _quis
2595 5094 2686 5148 ille
2724 5091 3615 5171 Theodotus_episeopus?.Firnto

2023 5164 2081 5219 in
2110 5160 2378 5219 Immanis
2414 5160 2664 5227 ﬂorente,
2696 5165 2882 5232 plures
2921 5160 3171 5230 ejusdem
3209 5160 3608 5232 neminisepi—

2024 5234 2175 5303 scopi
2208 5234 2384 5297 fuere,
2410 5234 2672 5288 nimirum
2696 5230 3009 5303 Antiochiae,
3040 5232 3267 5303 Ancyra!
3286 5232 3341 5283 in
3369 5230 3606 5303 Galatia,

2028 5301 2190 5374 Hyan:
2226 5314 2282 5359 et
2313 5304 2495 5375 Nysam
2520 5301 3241 5375 episeopialkntioclten-um
3291 5307 3473 5375 tamen
3518 5301 3610 5355 hic

2028 5371 2380 5445 signiﬁcari,:
2412 5374 2528 5427 veri
2568 5371 2709 5426 mihi
2754 5371 2999 5445 videtur
3030 5372 3231 5437 simile,
3250 5371 3511 5445 ‘quippe,
3547 5379 3609 5425 ut

2028 5440 2265 5509 aiebam,
2300 5443 2404 5498 sub
2441 5457 2649 5512 magna:
2678 5441 2822 5512 uritis
2852 5441 3076 5497 nomine
3110 5450 3207 5496 aut
3234 5440 3609 5512 Constantine-

2027 5513 2213 5585 polim,
2247 5521 2343 5568 aut
2370 5510 2702 5585 Antiochiam
2734 5510 2951 5585 Firmus
2976 5513 3170 5581 procul
3192 5510 3605 5585 dubio_i_ntelli-

2026 5579 2122 5654 git.
2156 5585 2494 5658 Postremum
2529 5582 2723 5636 urbem
2764 5579 3091 5658 Theodotus
3117 5579 3417 5658 episcopali
3450 5579 3602 5658 virga

2027 5649 2269 5722 regebat.
2305 5653 2362 5707 In
2400 5653 2586 5722 priore
2622 5667 2775 5715 vero,
2801 5667 2927 5707 cum
2957 5653 3024 5707 Α.
3051 5652 3114 5708 C.
3153 5649 3280 5716 Z26,
3308 5649 3601 5722 concilium

2027 5671 2087 5709 re
2124 5671 2269 5709 eoat.
2307 5671 2362 5707 tn
2400 5671 2586 5722 priore
2622 5671 2775 5715 vero,
2801 5671 2927 5707 cum
2957 5671 3024 5707 Δ.
3051 5671 3114 5708 ιι.
3156 5671 3280 5716 uo,
3308 5671 3601 5710 com-mum

2026 5740 2057 5778 a
2090 5671 2336 5780 gisinnio
2368 5722 2973 5793 Constantinopolitano
3005 5723 3265 5793 episeopo
3297 5719 3604 5793 celebrare-

2028 5802 2138 5859 tur,
2169 5801 2227 5848 et
2256 5793 2371 5863 ipse
2392 5791 2596 5863 adfuit,
2629 5784 2769 5847 teste
2811 5784 3006 5849 Pbotio
3037 5784 3141 5849 cod
3178 5784 3269 5858 in,
3294 5798 3351 5845 et
3377 5787 3600 5844 Baluzio

2027 5864 2082 5919 in
2113 5861 2496 5935 Nova—collect.
2530 5862 2889 5918 conciliorum.
