2038 3224
226 228 295 257 Ηυξ)

398 283 492 310 XXIV.
513 281 652 310 CHlLONl
672 278 845 307 EPISCOPO.

260 342 346 369 Nobis
367 341 491 376 profecto
505 348 553 375 pcr
567 338 712 374 epistolam
726 345 773 365 ver
790 337 832 372 (ut
847 340 889 364 est
908 336 936 363 in
955 342 1018 370 pro-

225 387 332 421 verbio)
360 386 515 418 adduxisti,
541 393 596 412 non
623 384 712 412 solum
740 391 841 417 corpus
865 382 967 417 frigore
990 384 1019 408 et

226 432 341 458 horrore
366 431 505 462 liberans,
530 430 578 456 sed
606 429 690 457 ctiam
714 435 761 455 cor
782 427 900 454 feliciter
925 426 1019 453 levans

225 476 381 503 vehementi
398 476 492 503 dolore
504 483 600 502 eorum
616 482 677 509 qum
692 472 759 500 mihi
773 471 930 499 renuntiata
943 475 1017 504 sunt,

225 529 407 556 oppressum,
440 526 569 555 tanquam
603 519 758 555 periculum
797 518 849 545 sibi
883 518 1020 549 bonorum

225 567 350 593 omnium
374 567 555 601 impenderet.
579 566 680 593 Verum
695 564 805 599 quando
825 564 872 598 qui
892 563 1019 598 benigni-

226 616 311 639 tatem
334 619 412 638 suam
436 611 655 646 uniuscujusque
682 609 795 637 utilitati
820 608 1018 641 accommodat,

227 658 251 683 is
272 657 341 684 mihi
363 657 502 693 prwstitit,
518 662 547 684 ut
562 665 576 684 e
590 657 686 683 morbo
706 664 803 683 rursus
821 663 971 686 recrearer,
992 658 1020 682 et

228 703 344 733 litteras,
360 707 388 729 ut
403 710 452 737 par
465 706 535 733 erat,
553 702 658 732 darem,
678 701 705 728 in
726 708 853 735 magnam
869 707 946 734 spem
970 699 1019 727 ad-

228 748 328 775 ductus
346 756 417 780 sum,
439 748 497 775 l'ore
518 752 548 774 ut
566 747 659 774 omnia
679 747 745 773 mihi
762 746 795 773 ad
812 750 906 773 votum
927 753 1021 773 succe-

228 794 295 821 dant
317 799 462 828 postquam
479 794 537 821 lucc
551 801 611 820 sum
626 797 779 820 assecutus.

457 837 539 865 XXV.
560 837 765 865 VOLUSIANO.

264 895 379 922 Plurimi
400 895 512 930 quidem
534 895 620 930 inepti
641 903 688 923 eas
707 895 760 923 sibi
777 902 844 930 opes
861 900 1021 930 procurant,

784 220 879 248 FlRMl
897 213 1133 247 CIESABIENSIS
1152 214 1307 244 EPXSCOPI

1792 214 1862 242 ιεῦο

1256 272 1319 297 KA’.
1338 270 1457 297 ΧΙΛΩΝΙ
1472 268 1657 304 ΕΠῘΣΚΟΠῼ.

1111 327 1245 362 Ἀτεχνῶς
1267 329 1333 363 ἡμῖν
1360 327 1410 361 ἔαρ
1434 326 1478 353 διὰ
1505 326 1554 360 τῆς
1579 324 1726 360 ἐπιστολῆς
1748 325 1788 360 (τὸ
1812 326 1864 352 τοῦ

1068 373 1159 409 λόγου)
1181 374 1352 409 πεποίηκας,
1377 373 1452 404 ἀνεὶς
1475 372 1583 407 κρυμοῦ
1603 373 1652 398 καὶ
1669 372 1772 407 φρίκης
1787 373 1817 398 οὐ
1832 373 1864 398 τδ

1070 420 1151 454 σῶμα
1171 420 1262 455 μόνον,
1277 419 1345 446 ἀλλὰ
1360 420 1407 446 καὶ
1423 419 1473 454 τὴν
1486 417 1600 453 καρδίαν
1617 418 1689 444 οὕτω
1703 418 1865 452 πεπιλημέ-

1069 473 1118 500 νην
1140 464 1192 491 ὑπὸ
1208 464 1257 499 τῆς
1281 464 1334 490 τῶν
1352 463 1580 498 ἀπαγγελθέντων
1612 463 1710 498 λύπης,
1733 462 1771 494 ὡς
1798 463 1866 497 περὶ¹

1071 510 1180 537 πάντων
1194 509 1243 545 ἤδη
1263 510 1316 535 τῶν
1332 509 1442 544 ἀγαθῶν
1458 508 1678 536 κινδυνεύουσαν,
1702 508 1770 534 Ἀλλ’
1791 510 1867 534 ἐπει-

1069 556 1101 591 δὴ
1117 557 1131 583 ὁ
1147 557 1196 592 τὴν
1214 556 1311 583 ἑαυτοῦ
1328 555 1533 591 φιλανθρωπίαν
1549 557 1610 587 ταῖς
1623 555 1739 581 ἑκάστου
1758 554 1866 590 χρείαις

1039 600 1042 610 “
1071 601 1226 636 ἐπιμετρῶν
1241 601 1340 627 ἔδωκεν
1361 600 1514 635 ἁνασφῆλαι
1529 600 1578 635 τῆς
1598 599 1752 635 ἀρρωστίας
1770 599 1866 631 πάλιν,

1071 646 1118 673 καὶ
1136 647 1270 673 ἐπιθεῖναι
1289 646 1442 681 γράμματα
1465 645 1616 680 πρέποντα,
1634 644 1739 680 ἀγαθῆς
1757 645 1868 676 ἐλπίδος

1071 693 1268 729 πεπλήρωμαι,
1285 693 1322 724 ὡς
1336 693 1444 719 πάντων
1466 701 1509 727 μοι
1527 692 1734 727 καταρρεόντων
1750 699 1867 726 προκει-

1073 738 1193 773 σομένων
1204 759 1211 771 ,
1229 738 1322 774 ἐπειδὴ
1339 738 1440 764 τούτων
1458 738 1598 772 ἐπέτυχον,

1299 839 1364 866 KE'.
1384 837 1636 874 ΟΥΟΛΟΥΣΙΛΝῼ.

1108 896 1171 927 Τοῖς
1194 895 1243 929 μὲν
1256 894 1362 926 πολλοῖς
1377 895 1431 921 τῶν
1449 894 1637 929 ἀπειροκάλων
1661 895 1675 920 ὁ
1694 894 1723 920 ὲν
1742 895 1875 930 χρήμασιν

229 949 291 976 qua:
315 941 343 968 in
365 941 492 975 pecuniis
505 941 563 968 sita:
576 945 641 968 sunt
659 950 665 968 :
683 949 734 977 ego
748 950 814 969 vero
830 950 880 977 pro
900 943 1026 977 pecuniis

1080 941 1260 973 σπουδάζεται
1281 941 1405 973 πλοῦτος·
1419 941 1482 976 ἐμοὶ
1495 941 1523 967 δὲ
1537 942 1597 967 ἀντὶ
1612 941 1762 977 χρημάτων
1779 942 1805 967 οἱ
1821 941 1869 975 φί-

230 988 343 1014 amicos.
359 987 448 1021 Atque
469 987 573 1022 optime
593 988 718 1022 intelligo
741 995 788 1015 vos
809 988 877 1015 mihi
897 988 1024 1016 utiliores

230 1041 290 1060 esse
307 1041 388 1068 quam
414 1033 547 1060 divitibus
565 1033 696 1068 pecunias
717 1043 723 1060 :
744 1034 847 1061 etenim
864 1033 1024 1061 dulcissimo

231 1078 295 1106 huic
316 1078 483 1106 adolescenti
507 1078 579 1113 apud
604 1079 809 1106 miriﬁcentiam
832 1082 906 1106 tuam
930 1079 1024 1114 perl‘u-

230 1124 305 1158 gium
322 1124 475 1158 prmbuisti.
494 1125 528 1151 Et
548 1124 622 1151 nulla
641 1132 707 1152 sane
729 1132 773 1152 me
790 1132 867 1158 cura,
889 1125 944 1152 lilio
964 1133 1025 1160 per-

231 1177 295 1205 egre
320 1170 450 1202 abeunte,
472 1170 621 1197 sollicitum
646 1171 754 1203 habuit,
776 1176 921 1206 postquam
948 1171 1025 1198 illum

231 1215 414 1243 moderationi
445 1220 498 1243 tua:
527 1217 736 1250 commendavi;
768 1217 904 1252 siquidem
930 1223 1026 1253 aperte

232 1261 308 1294 novi,
328 1266 458 1295 quantam
487 1262 611 1289 orunium
640 1271 735 1290 curam
766 1272 841 1291 esses
869 1264 1025 1297 habiturus,

232 1311 364 1334 consueta
381 1307 551 1335 humanitate
567 1309 643 1335 illum
659 1318 740 1336 manu
756 1310 871 1342 ducens,
891 1315 919 1338 et
936 1319 1027 1339 mores

233 1354 379 1388 castigans,
394 1359 419 1394 et
438 1354 605 1382 adolescenti
623 1356 697 1383 velut
712 1357 798 1384 altera
816 1358 904 1392 patria
918 1358 1006 1385 factus
1019 1367 1025 1384 :

232 1406 295 1426 cum
318 1399 371 1427 hoc
393 1400 443 1426 tibi
466 1401 638 1435 propositum
661 1402 705 1434 sit,
722 1411 778 1429 non
798 1403 949 1430 familiares
965 1409 1026 1431 tau-

234 1448 303 1477 tum,
322 1445 371 1472 sed
387 1453 566 1481 quoscunque
583 1447 663 1480 alios,
678 1445 726 1483 qui
742 1453 768 1476 te
782 1449 961 1481 conveniunt,
977 1449 1027 1477 bc—

234 1489 341 1518 neﬁciis
357 1490 474 1520 allicere.

483 1539 578 1567 XXVI.
600 1540 783 1569 IIELLADIO.

1076 987 1125 1015 λοι.
1144 988 1197 1014 Καὶ
1213 985 1272 1013 οἶδα
1292 987 1382 1015 πλεῖον
1404 987 1481 1023 ὑμῶν
1497 987 1685 1023 ἀπωνάμενος,
1708 987 1763 1022 ἢοί
1784 988 1870 1014 εὐπο-

1078 1033 1188 1069 ροῦντες
1210 1033 1256 1060 τοῦ
1277 1033 1403 1060 πλούτου·
1429 1032 1468 1069 τῷ
1487 1042 1516 1059 τε
1535 1033 1589 1069 γὰρ
1616 1033 1776 1069 γλυκυτάτω
1799 1033 1869 1068 τῷδε

1076 1079 1124 1115 τὴν
1141 1080 1216 1114 παρὰ
1230 1080 1262 1115 τῇ
1281 1079 1480 1114 θαυμασιότητί
1498 1088 1544 1105 σου
1561 1079 1680 1110 δέδωκας
1692 1079 1869 1113 καταφυγήν.

1077 1126 1132 1153 Καὶ
1147 1125 1234 1157 οὐδὲν,
1251 1125 1456 1160 ἀποδημοῦντος
1471 1125 1517 1151 τοῦ
1529 1125 1625 1151 τέκνου
1641 1124 1820 1159 πεφρόντικα,
1834 1125 1871 1160 τῇ

1079 1173 1111 1207 σῇ
1126 1172 1284 1206 κοσμιότητι
1306 1171 1509 1207 παραθέμενος,
1523 1171 1570 1197 καὶ
1584 1171 1705 1206 ἀκριϐῶς
1725 1170 1813 1203 εἰδὼς,
1831 1170 1872 1202 ὡς

1077 1218 1187 1244 πάντων
1202 1217 1356 1252 ἐπιμελήσῃ
1370 1217 1414 1243 διὰ
1430 1216 1602 1252 χρηστότητα
1617 1216 1807 1251 χειραγωγῶν,
1823 1217 1872 1243 καὶ

1078 1262 1108 1289 τὺ
1120 1260 1186 1298 ἦθος
1208 1262 1357 1298 ῥυθμίζων,
1375 1262 1422 1288 καὶ
1444 1262 1504 1288 ἀντὶ
1520 1261 1649 1297 πατρίδος
1667 1260 1706 1295 τῷ
1730 1260 1782 1296 νέῳ
1796 1261 1872 1294 γινὸ-

1080 1317 1170 1343 μενος.
1193 1308 1299 1343 Ἐπειδὴ
1324 1316 1365 1334 σοι
1388 1307 1488 1339 σκοπὸς
1505 1307 1535 1333 οὐ
1551 1307 1613 1338 τοὺς
1634 1307 1751 1338 οἰκείους
1777 1308 1872 1341 μόνον,

1078 1354 1147 1381 ἀλλὰ
1165 1355 1212 1381 καὶ
1229 1354 1292 1385 τοὺς
1307 1353 1430 1380 ὁπωσοῦν
1447 1354 1486 1385 είς
1503 1352 1598 1386 λόγους
1615 1352 1778 1387 ἐληλυθότας
1795 1352 1872 1387 εὐερ-

1079 1408 1178 1434 γετειν.

1343 1542 1415 1575 Καί.
1452 1541 1609 1575 ΕΛΛΛΔΙῼ.

271 1595 299 1623 Si
316 1596 445 1623 omnibus
464 1597 645 1633 contingeret,
666 1598 761 1625 talium
783 1593 906 1625 virorum
930 1598 1026 1625 amici-

1116 1598 1147 1624 Εί
1161 1597 1270 1624 πάντων
1284 1594 1319 1631 ἦν
1339 1596 1468 1623 τοιούτων
1486 1597 1525 1628 εἰς
1541 1595 1632 1630 φιλίαν
1659 1595 1851 1630 ἐπιτυγχάνειν
1866 1615 1875 1627 ,

234 1642 301 1669 tiam
316 1643 464 1677 consequi,
479 1643 559 1671 facile
568 1652 635 1672 sane
645 1644 679 1672 ad
696 1644 852 1679 priman‘am
865 1644 1028 1679 simplicita—

235 1693 290 1715 tem
309 1688 374 1716 vitae
388 1690 497 1724 negotia
520 1690 654 1722 redirent,
670 1690 841 1726 benignitate
858 1695 940 1725 atque
959 1690 1029 1717 ami—

236 1734 301 1761 citia
323 1734 407 1762 rebus
427 1735 556 1763 omnibus
583 1736 794 1763 interveniente.
818 1735 852 1762 Et
870 1740 898 1763 tu
918 1735 1029 1771 quidem

236 1787 288 1807 nos
300 1781 404 1808 amicos
420 1785 550 1815 tanquam
567 1782 593 1808 in
608 1781 679 1808 ﬁlios
693 1781 841 1816 adoptasti,
854 1786 881 1809 et
897 1786 1032 1816 perpetuo

236 1825 325 1853 nostri
344 1827 511 1858 recordaris,
530 1831 558 1854 et
568 1827 603 1854 de
615 1827 696 1854 nobis
713 1827 831 1862 benigne
847 1827 955 1859 scribis,
970 1834 1031 1853 om-

237 1871 339 1906 niaque
356 1871 424 1899 facis
440 1880 610 1908 quaecunque
626 1881 761 1908 germanae
776 1873 971 1901 familiaritatis
988 1873 1031 1900 in-

238 1916 311 1944 dicia
332 1923 396 1945 sunt
418 1924 500 1953 atque
522 1924 693 1954 argumenta.
714 1921 766 1946 l‘ro
787 1919 830 1946 his
844 1919 927 1954 igitur
945 1928 959 1946 a
976 1919 1032 1945 lleo

238 1963 283 1990 cui
313 1963 427 1990 honesta
458 1965 582 1999 placent,
611 1966 715 2000 accipis
736 1966 764 1992 in
785 1966 919 1992 bonorum
941 1966 1031 1991 fructu

239 2010 504 2043 remunerationem;
521 2020 534 2037 a
544 2011 623 2037 nobis
637 2019 701 2037 vero
716 2012 864 2046 gratiarum
874 2010 1009 2037 actionem
1025 2019 1031 2036 :

239 2062 294 2081 non
315 2055 387 2081 enim
411 2060 472 2081 vota
500 2056 720 2087 intermittinnis,
738 2060 767 2082 ut
789 2063 852 2082 eum
875 2054 1033 2090 huiusmodi

239 2100 275 2128 sit
297 2100 500 2135 magnificentia
526 2107 581 2133 tua,
600 2110 630 2128 ea
656 2102 806 2137 majoribus
832 2101 859 2128 in
885 2101 943 2128 dies
969 2108 1033 2135 pro—

239 2145 389 2179 gressibus,
406 2147 431 2173 in
454 2151 578 2173 nostrum
597 2151 623 2173 et
642 2147 667 2173 in
681 2148 776 2182 patria:
794 2146 969 2174 commodum
985 2154 1034 2173 au-

240 2195 350 2225 gcatur.

488 2239 593 2266 XXV".
615 2239 775 2267 OLYlll’lO.

276 2292 410 2324 Quoniam
440 2294 538 2321 litterae
566 2296 720 2330 prudentiae
747 2301 800 2324 tua:
824 2298 976 2326 honoriﬁca
1004 2286 1070 2327 etD

242 2336 371 2369 praeclara
387 2337 420 2363 de
435 2346 477 2364 me
494 2347 549 2373 pra:
562 2348 590 2366 se
603 2340 716 2371 ferrent,
734 2341 835 2369 factum
849 2347 900 2374 est,
915 2348 944 2369 ut
959 2344 1032 2371 desi—

242 2380 349 2407 derium
367 2382 449 2408 simul
470 2387 497 2409 ct
520 2384 687 2418 voluptatem
713 2386 780 2413 mihi
803 2388 970 2422 pepererint.
988 2390 1035 2416 Et-

243 2426 317 2452 enim
334 2428 427 2455 nescio
443 2437 496 2462 quo
511 2435 590 2464 pacto
609 2431 651 2458 his
669 2431 735 2458 dmn
757 2432 940 2466 permulccor,
956 2434 1035 2462 oble—

243 2477 312 2505 ctor,
324 2479 351 2501 et
366 2475 431 2501 licet
447 2475 552 2507 irrisus,
567 2477 619 2503 mei
634 2477 796 2504 couiaadiam
813 2478 910 2512 probo.
932 2479 1033 2506 Verum

244 2526 305 2545 cum
319 2521 387 2547 mihi
401 2523 560 2549 earumdem
577 2523 826 2550 communicatione
839 2524 959 2551 Atticum
980 2527 1033 2553 mel

244 2567 407 2598 gustandum
419 2568 580 2601 praebueris,
597 2569 670 2602 vide,
690 2577 792 2603 qumso,
811 2577 846 2597 ne
865 2570 898 2597 ab
919 2570 952 2597 iis
972 2572 1034 2605 qui-

246 2609 297 2637 bus
312 2619 345 2638 ex
359 2613 559 2640 consuetudine
576 2613 682 2648 copiam
697 2613 786 2641 fecisti
798 2614 909 2642 fruendi
925 2616 1036 2649 optimis

1082 1643 1181 1679 ῥᾳδίως
1205 1643 1239 1670 ἂν
1264 1642 1304 1677 τῷ
1327 1642 1375 1677 βίῳ
1401 1642 1440 1673 εἰς
1464 1641 1514 1677 τὴν
1529 1641 1664 1677 προτέραν
1679 1640 1817 1675 ἁπλότητα
1829 1641 1877 1666 ἐττ-

1080 1689 1181 1724 ανῆλοε
1194 1688 1227 1715 τὰ
1250 1688 1411 1723 πράγματα,
1423 1688 1607 1722 χρηστότητος
1628 1687 1675 1713 καὶ
1690 1686 1780 1721 φιλίας
1796 1694 1878 1720 μεσι-

1079 1735 1212 1771 τευούσης
1225 1737 1279 1767 τοῖς
1297 1735 1454 1770 πράγμασι.
1474 1734 1528 1760 Καὶ
1543 1734 1597 1768 γὰρ
1609 1734 1730 1768 ἐποιήσω
1745 1733 1819 1767 ἡμᾶς
1833 1732 1876 1762 εἰς

1081 1782 1179 1813 παῖδας
1190 1781 1295 1816 φίλους,
1313 1781 1359 1807 καὶ
1376 1780 1507 1811 διατελεῖς
1522 1779 1696 1815 μεμνημένος
1704 1787 1735 1805 τε
1749 1779 1795 1804 καὶ
1806 1778 1878 1812 γρά-

1082 1837 1139 1863 φων
1154 1828 1218 1864 περὶ
1230 1827 1309 1862 ἡμῶν
1322 1826 1408 1859 δεξιὰ,
1427 1826 1475 1852 καὶ
1490 1825 1577 1852 ποιῶν
1589 1826 1640 1852 ὅσα
1652 1824 1766 1860 γνησίας
1782 1824 1878 1858 φιλίας

1082 1875 1141 1901 ἐστὶ
1156 1874 1346 1908 γνωρίσματα.
1369 1872 1477 1899 Τούτων
1493 1872 1541 1907 μὲν
1555 1869 1601 1898 οὖν
1617 1871 1731 1897 αὐτόθεν
1753 1871 1825 1905 ἔχεις
1846 1872 1878 1897 ἐν

1082 1922 1116 1956 τῇ
1128 1920 1183 1946 τῶν
1199 1919 1289 1946 καλῶν
1304 1918 1455 1945 ἀπολαύσει
1478 1917 1554 1953 παρὰ
1568 1918 1615 1944 τοῦ
1631 1917 1664 1943 τὰ
1685 1917 1756 1944 καλὰ
1774 1915 1876 1943 ἀποδε-

1082 1967 1198 2002 χομένου
1208 1965 1275 1992 Θεοῦ
1289 1965 1338 2001 τὴν
1348 1964 1477 2001 ἀμοιϐὴν,
1487 1964 1562 1999 παρὰ
1577 1963 1606 1990 δὲ
1620 1963 1698 1998 ἡμῶν
1712 1962 1762 1998 τὴν
1776 1963 1877 1998 ὁμολο-

1083 2012 1145 2048 γίαν
1163 2012 1212 2047 τῆς
1230 2012 1350 2047 χάριτος.
1368 2011 1405 2038 Οὐ
1430 2010 1484 2047 γὰρ
1499 2009 1717 2045 διαλιμπάνομεν
1732 2009 1877 2044 εὐχόμενοι

1083 2058 1211 2094 τοιαύτην
1225 2055 1308 2084 οὖσαν
1323 2057 1372 2093 τὴν
1388 2056 1436 2093 σὴν
1448 2056 1689 2092 μεγαλοπρέπειαν
1704 2055 1750 2081 ἐπὶ
1769 2055 1880 2090 μείζοσι

1084 2105 1237 2141 προχοπαῖς
1254 2102 1393 2138 αὒξεσθαι,
1407 2103 1474 2138 ἡμῖν
1488 2111 1518 2129 τε
1536 2102 1583 2128 καὶ
1594 2101 1714 2137 πατρίδι,

1315 2234 1380 2263 ιη’.
1396 2235 1552 2271 minima
1579 2234 1645 2270 (et).

1126 2293 1289 2329 Ἐπιθυμίας
1315 2292 1483 2328 ὑπέκκαυμά
1507 2300 1552 2327 μοι
1574 2291 1686 2326 γέγονεν
1708 2289 1743 2317 τὰ
1758 2290 1808 2325 τῆς
1826 2291 1881 2326 σῆς

1081 2343 1237 2377 λογιότητος
1253 2341 1417 2376 γράμματα,
1429 2338 1558 2371 ἐπίδειξίν
1581 2346 1611 2364 τε
1628 2336 1785 2372 φιλοτιμίας
1800 2336 1882 2371 ἔχον-

1083 2398 1128 2422 τα,
1140 2388 1187 2415 καὶ
1203 2387 1380 2423 παρεχόμενα
1397 2386 1455 2417 τοῖς
1469 2385 1523 2416 σοῖς
1541 2383 1758 2419 ἐνευφρανοῆναι
1769 2382 1877 2413 καλοῖς.

1084 2434 1139 2461 Καὶ
1155 2434 1209 2468 γάρ
1228 2442 1287 2464 πως
1309 2432 1356 2457 ἐπὶ
1371 2432 1428 2462 τοῖς
1450 2429 1581 2461 τοιούτοις
1599 2429 1700 2464 ἥδομαι
1715 2428 1880 2462 τωθαζόμε-

1087 2489 1143 2513 νος,
1159 2479 1207 2506 καὶ
1221 2479 1270 2515 τὴν
1287 2477 1435 2513 κωμῳδίαν
1447 2476 1552 2503 ἐπαινῶ
1568 2475 1613 2502 διὰ
1627 2474 1717 2502 τοῦτο.
1731 2474 1836 2505 Γεύσας
1849 2474 1883 2500 δὲ

1088 2526 1162 2560 ἡμᾶς
1186 2523 1310 2550 ’Δττικοΰ
1331 2522 1438 2557 μέλιτος
1449 2522 1499 2556 τῆς
1513 2521 1556 2547 διὰ
1571 2520 1624 2547 τῶν
1634 2519 1806 2555 γραμμάτων
1817 2519 1883 2553 ὁμι-

1088 2571 1157 2602 λίας,
1178 2570 1273 2596 σκόπει
1294 2567 1468 2603 προστιθέναι
1494 2567 1550 2597 τοῖς
1567 2565 1778 2601 πεπειραμένοις
1794 2561 1832 2590 ὧν
1846 2564 1884 2590 ἐκ

1090 2614 1232 2649 συνηθείας
1245 2614 1363 2645 δέδωκας
1375 2611 1522 2640 ἀπολαύειν
1530 2611 1568 2643 ὡς
1578 2612 1609 2637 τό
1618 2619 1650 2645 γε
1660 2610 1814 2645 στερεῖσθαι
1824 2609 1884 2637 τῶν

796 2693 874 2722 LUD.
895 2693 973 2721 ΑΝΤ.
995 2694 1186 2722 MURATORII
1205 2693 1319 2721 NOTE.

283 2761 338 2797 (‘21)
358 2763 481 2801 Obscura
500 2766 566 2792 mihi
587 2768 713 2801 epistola,
732 2768 775 2795 eui
795 2768 883 2795 lucem
901 2768 966 2795 dare
984 2776 1037 2794 una

247 2800 354 2837 poterat
372 2800 533 2837 priecedens
548 2800 675 2837 Olympii,
692 2803 739 2829 sed
756 2811 771 2830 a
787 2804 866 2831 nobis
884 2803 1039 2830 desiderata

247 2834 373 2871 cpistola.
386 2834 442 2861 Hoc
456 2839 547 2861 tamen
561 2834 752 2871 argumentum
767 2846 826 2866 esse
838 2838 961 2865 videtur:
971 2838 1040 2864 Cum

250 2865 535 2909 glyutpiuymultuut
554 2865 691 2909 lauUdassct
711 2881 760 2909 per
779 2873 886 2900 litteras
906 2873 1039 2904 Firmum,

254 2903 382 2942 rescribit
399 2904 455 2942 hic,
473 2904 624 2932 modestius
639 2906 673 2933 de
691 2903 721 2933 se
737 2907 796 2941 ipso
811 2908 944 2938 sentiens,
956 2913 983 2934 et
1003 2912 1042 2934 tot

254 2932 349 2963 laudes
362 2937 432 2971 jecls
450 2932 612 2971 aeccuscns,
633 2932 1042 2977 jocaturler

1089 2767 1127 2794 ait
1139 2767 1247 2794 Firmus
1257 2766 1304 2792 καὶ
1323 2765 1372 2800 τὴν
1391 2764 1539 2800 κωμῳδίαν
1553 2762 1668 2800 ὲπαινῷ,
1678 2766 1754 2800 _etc.,
1769 2769 1885 2800 sensum

1089 2803 1164 2829 hunc
1179 2809 1226 2836 per
1243 2796 1563 2837 conjecturam-reddidi,
1577 2798 1655 2837 quasi
1669 2797 1743 2837 dicat
1759 2806 1765 2822 :
1780 2796 1887 2837 Quam--

1089 2837 1131 2864 vis
1157 2832 1195 2863 tot
1220 2832 1317 2870 parum
1339 2835 1424 2869 :equis
1445 2834 1573 2861 laudibus
1587 2832 1624 2870 iac
1642 2832 1738 2870 festina
1756 2832 1887 2870 oratione

1090 2867 1284 2911 me‘exagiles,
1301 2867 1379 2905 quasi
1398 2870 1565 2911 comoediam
1590 2868 1690 2911 devme
1705 2867 1886 2911 “instituens;

1092 2901 1282 2941 nihilominus
1299 2901 1463 2933 eorumdiam
1487 2903 1646 2940 hujusmodi
1674 2901 1741 2929 mihi
1773 2901 1888 2935 placere

1092 2940 1210 2968 libenter
1231 2940 1330 2968 l'atcor.
