4076 6446
323 452 457 511 ’ἑόθὶ

1765 444 2143 503 ΕΡιδΤοιΑῑ.

3461 446 3605 513 ιδοτ

322 561 579 634 χρηστῶν
629 561 768 631 μετά
815 561 915 631 τὴν
961 562 1158 631 πεῖραν
1195 562 1309 625 τοῖς
1363 558 1909 632 άπολιμπανομένοις

2029 560 2199 626 'ebus,
2233 561 2278 616 si
2322 571 2613 633 postquam
2657 576 2751 617 eas
2796 562 3087 634 degustare
3137 566 3444 629 coeperunt,
3485 557 3609 633 adi-o

321 656 548 721 τούτων,
578 654 898 727 βαρύτερον.
940 656 1003 709 El
1026 653 1083 708 δὲ
1112 654 1327 726 τρυφῆς
1359 654 1500 709 δέοιο
1540 653 1749 724 σεμνῆς
1780 651 1911 706 ταύ-

322 763 424 818 την
442 749 564 810 ταῖς
589 744 862 813 εὐλογίαις
881 745 1376 819 ἐπικρυπτόμενος,
1398 745 1618 799 καὶτῶν
1649 743 1913 815 πραγμά-

321 854 431 891 των
463 836 766 909 φροντίζων
810 835 1035 891 ἔλαττον
1076 836 1154 908 τῷ
1184 836 1453 908 ἀγαπητῴ
1496 835 1633 906 τῷδε
1681 835 1780 905 τὴν
1819 834 1925 893 ἐπὶ,

321 929 437 991 τοῖς
468 927 707 995 φθάσασι
737 926 1094 996 λογισάμενος
1127 925 1419 997 ρᾳθυμίαν,
1448 924 1745 993 ἀνάμεινον
1776 920 1909 992 παρ’

324 1018 484 1089 ἡμῶν
515 1019 614 1089 τὴν
643 1019 737 1072 ἐπὶ
767 1021 883 1082 τοῖς
905 1018 1184 1089 ἐχομένοις
1211 1017 1522 1087 διόρθωσιν.
1555 1015 1780 1078 Πάντως
1802 1013 1912 1084 γάρ

322 1110 426 1163 οὐκ
445 1108 610 1179 ἐλαίῳ
655 1109 851 1179 μόνον,
901 1108 1039 1162 ἀλλὰ
1085 1109 1184 1163 καὶ
1240 1107 1436 1180 μύροις
1488 1105 1780 1176 άλείψομεν
1835 1104 1912 1169 ὡς

336 1201 594 1272 Ἀττικὴν
616 1200 786 1271 δρνιν,
809 1200 906 1255 καὶ
928 1199 1221 1272 ὁμοφόριον
1250 1199 1388 1270 (‘25).

894 1311 1031 1366 KH’.
1073 1311 1337 1365 ΗΛΙΩΝΙ.

407 1419 498 1484 Ὠς
523 1421 637 1483 τοῖς
657 1419 890 1489 διψῶσιν
922 1423 1019 1493 ἡδὺ
1048 1421 1258 1491 γίνεται
1284 1422 1353 1476 τὸ
1381 1421 1565 1485 ποτὸν,
1597 1420 1771 1484 οὕτως
1799 1421 1917 1483 τοῖς

2018 662 2258 717 mantur,
2285 670 2473 709 earum
2508 652 2708 709 deinde
2756 653 2993 724 privatio
3037 651 3324 707 molestius
3368 648 3597 703 feratur.

2016 742 2171 811 Quod
2201 744 2248 800 si
2280 745 2424 801 serio
2442 746 2615 816 jocari
2649 746 2705 801 in
2748 745 2931 801 animo
2963 743 3053 809 sit,
3082 752 3135 799 et
3172 743 3275 796 hos
3299 741 3455 812 jocos
3498 740 3599 795 be-

2015 835 2424 891 nedictionibus
2452 837 2717 903 occultas,
2744 836 2945 892 dilecto
2977 835 3067 890 isti
3102 834 3172 891 ob
3201 849 3266 890 ea
3304 848 3425 903 qua:
3455 848 3598 901 pra:-

2015 941 2251 988 cessere,
2287 926 2674 997 negligentiam
2717 925 3028 996 imputans;
3069 939 3101 977 a
3135 921 3299 976 nobis
3339 921 3601 989 deinceps

2014 1018 2459 1074 emendationem
2508 1026 2766 1098 ex‘speeta
2799 1035 2813 1071 :
2850 1017 3077 1073 omnino
3124 1014 3271 1071 enim
3320 1028 3431 1067 non
3474 1012 3635 1065 oleo

2016 1117 2252 1175 tantum,
2286 1108 2382 1165 sed
2426 1118 2483 1164 et
2526 1109 2839 1180 unguentis,
2869 1118 3126 1178 tanquam
3163 1105 3397 1161 Atticam
3442 1118 3597 1158 avem

2014 1210 2072 1258 et
2100 1200 2553 1257 contubernalem
2595 1199 2834 1255 linemus

2522 1313 2760 1369 XXVIII.
2802 1311 3102 1368 HELIONI.

2088 1426 2159 1483 Ut
2204 1423 2525 1487 sitientibus
2565 1425 2745 1481 dulcis
2779 1433 2865 1480 est
2905 1433 3089 1495 potus,
3120 1423 3195 1477 ita
3240 1420 3310 1477 iis
3344 1419 3439 1489 qui
3463 1432 3597 1473 eon-

328 1512 622 1584 συντυχίας
653 1513 823 1584 ἐρῶσι
871 1514 931 1568 τὸ
973 1516 1234 1585 γράφειν,
1266 1516 1392 1571 ὅταν
1440 1514 1646 1584 ταύτης
1685 1514 1913 1567 κατόπιν

2029 1535 2264 1590 gressum
2305 1518 2610 1575 amicorum
2652 1525 2919 1588 expetunt
2965 1516 3230 1580 scribere,
3266 1512 3486 1584 quando
3530 1511 3600 1565 ah

324 1603 604 1674 ἔρχονται.
641 1602 815 1671 Κάγὼ
842 1603 1023 1658 τοίνυν
1069 1605 1441 1667 ἐπιτείναντος
1475 1621 1566 1674 μοι
1596 1604 1695 1675 τὴν
1724 1602 1914 1655 ἐπιθυ-

2029 1610 2086 1666 lis
2115 1610 2306 1667 abesse
2341 1619 2632 1680 coguntur.
2665 1610 2837 1681 Igitur
2870 1616 2927 1664 ct
2956 1622 3080 1679 ego,
3111 1605 3430 1660 intendente
3465 1602 3601 1657 mihi

329 1697 458 1767 μίαν
504 1693 599 1748 τοῦ
647 1694 750 1765 τῆς
795 1693 1135 1763 ἀπολείψεως
1179 1694 1399 1766 χρόνου,
1456 1693 1710 1764 ἀσμένως
1747 1689 1915 1764 ἦλθον

2029 1697 2283 1753 absentiae
2345 1706 2593 1767 tempore
2654 1695 3047 1767 cupiditatem,
3105 1692 3470 1747 libentissime
3532 1689 3600 1743 ad

323 1789 420 1840 ἐπὶ
448 1785 515 1851 τὰ
544 1786 871 1858 γράμματα,
917 1784 993 1849 ὠς
1022 1784 1090 1840 δι’
1129 1785 1311 1838 αὐτῶν
1347 1788 1413 1856 τῇ
1467 1783 1915 1855 μεγαλοπρεπείᾳ

2018 1789 2375 1844 scribendum
2427 1804 2515 1844 me
2561 1788 2806 1854 contuli,
2857 1787 3014 1858 quasi
3066 1801 3163 1857 per
3210 1785 3424 1839 litteras
3474 1798 3601 1837 cum

326 1894 422 1931 σου
474 1876 687 1948 μέλλων
728 1874 1103 1940 ὲντεύξασθαι·
1152 1875 1404 1929 ἀπαιτῶν
1444 1874 1504 1928 τὺ
1537 1875 1735 1929 αὐτίκα
1765 1875 1915 1945 ἡμᾶς

2029 1880 2427 1950 magniﬁcentia
2482 1889 2575 1935 tua
2626 1879 3023 1935 collocuturus.
3068 1876 3241 1946 Exige
3289 1883 3493 1936 autem,
3544 1882 3605 1928 ut

323 1967 681 2039 ἀντιγράφοις
713 1966 1072 2039 ἀμείψασθαιο
1099 1966 1127 2020 δ
1149 1969 1327 2019 ποιεῖν
1352 1967 1597 2035 συνήθως
1627 1966 1907 2030 καταξίου,

322 2057 473 2123 ὅπως
507 2057 653 2128 ἔχεις
686 2057 816 2128 περὶ
845 2057 1013 2128 ἡμᾶς,
1052 2055 1229 2127 δηλῶν
1260 2059 1373 2122 τοῖς
1408 2055 1748 2128 πράγμασιν.

745 2266 878 2323 κδ’.
921 2263 1313 2334 ΦΛΩΡΕΝΤΙῼ
1351 2262 1487 2334 (εδ).

396 2381 512 2455 Τὴν
539 2381 676 2454 πρὸς
724 2380 882 2446 ἀξίαν
932 2378 1034 2449 τῆς
1070 2376 1177 2455 σῆς
1224 2375 1701 2448 μεγαλοπρεπείας
1746 2374 1912 2446 τιμὴν

323 2452 596 2547 ὑπὲρντὴν
629 2470 868 2543 ἐμαυτοῦ
892 2452 1251 2540 λογισάμενος
1289 2466 1543 2538 δύναμιν,
1570 2468 1664 2522 ἐπὶ
1695 2468 1797 2538 τήν
1828 2484 1914 2521 σοι

327 2567 495 2637 φίλην
525 2565 620 2619 τοῦ
654 2564 848 2634 Πάσχα
893 2562 1205 2630 κατέφυγον
1234 2558 1451 2631 ἑορτὴν,
1487 2559 1557 2613 τά
1586 2559 1680 2612 ἐπὶ
1710 2559 1915 2629 ταύτης

328 2657 579 2729 σύμϐολα
616 2655 873 2726 δεχθῆναι
917 2655 1051 2724 παρ’
1090 2651 1251 2723 ἡμῶν
1297 2654 1376 2713 είς
1429 2651 1593 2722 τιμὴν
1630 2650 1726 2705 τοῦ
1769 2651 1913 2706 θείου

327 2745 687 2821 παρακαλῶν.
731 2747 798 2798 'A
840 2740 1236 2816 προσδέξασθαι
1272 2742 1414 2795 αἰδοῖ
1440 2741 1541 2811 τῆς
1570 2741 1712 2812 ὑπὲρ
1753 2743 1785 2812 ὴ
1797 2740 1915 2811 μῶν

328 2836 759 2912 πρεσϐευούσης.
818 2834 1268 2904 Καταδεξάμενος
1313 2833 1371 2888 δὲ
1424 2832 1637 2899 ἀντίδος
1678 2833 1814 2902 ἡμῖν
1855 2830 1918 2884 τὸ

330 2930 604 3004 διηνεκῶς
634 2930 779 3001 ἔχειν
807 2926 904 2982 ἐπὶ
945 2928 1189 3000 μνήμην,
1222 2928 1369 2999 ἡμᾶς
1410 2924 1700 2995 φιλοῦντας
1742 2925 1917 2996 φιλεῖν

332 3017 628 3086 καταξιῶν.

900 3195 980 3251 an
1058 3196 1352 3268 tmere.

405 3307 516 3365 Καὶ
550 3308 657 3363 τίνι
710 3309 779 3365 ἂν
834 3310 1036 3381 μᾶλλον
1078 3310 1190 3381 (27)
1225 3310 1472 3382 ἥρμοσεν
1517 3308 1619 3383 τὴν
1653 3307 1780 3381 περὶ
1820 3309 1922 3380 τῆς

334 3402 493 3474 ἱερᾶς
521 3398 802 3472 τραπέζης
830 3399 1093 3470 ἀγγελίαν
1120 3402 1255 3471 ἡμῖν
1276 3400 1383 3472 πρὸ
1408 3400 1506 3454 τοῦ
1529 3400 1625 3454 σοῦ
1657 3400 1924 3472 μεγέθους

1946 3242 1993 3303 C

2019 1971 2308 2028 confestim
2358 1971 2520 2027 nobis
2563 1969 2923 2029 rescribendo
2969 1977 3221 2025 mutuum
3278 1964 3547 2035 rependas
3584 1982 3595 2017 :

2016 2064 2167 2134 quod
2208 2062 2390 2119 facere
2418 2077 2520 2132 pro
2544 2077 2698 2117 more
2731 2068 2824 2115 tuo
2849 2076 2918 2115 ne
2947 2059 3264 2128 dedignere,
3301 2069 3362 2110 ut
3394 2073 3451 2110 re
3484 2056 3599 2125 ipsa

2017 2156 2196 2227 palam
2221 2153 2412 2220 facias,
2437 2153 2715 2223 quomodo
2744 2167 2875 2224 erga
2906 2166 3007 2206 nos
3034 2150 3264 2205 affectus
3291 2148 3386 2202 sis.

2436 2242 2441 2245 ’
2480 2267 2675 2323 xxxx.
2715 2263 3129 2323 FLORENTIO.

2090 2383 2216 2439 Tibi
2268 2382 2497 2454 dignum
2539 2379 2946 2452 magniﬁcentia
2986 2386 3080 2437 tua
3130 2377 3399 2432 honorem
3441 2392 3468 2429 a
3515 2389 3602 2431 me

2021 2473 2192 2529 tribui
2240 2488 2352 2527 non
2396 2486 2557 2542 posse
2613 2478 2898 2539 reputans,
2943 2466 3014 2523 ad
3062 2464 3448 2522 charissimum
3499 2462 3602 2517 tibi

2019 2565 2222 2620 festum
2249 2563 2530 2619 Pascbatis
2553 2562 2699 2617 diem
2724 2560 3035 2631 perfugium
3065 2556 3258 2623 habui,
3283 2557 3599 2617 obsecrans,

2022 2665 2083 2712 ut
2118 2655 2367 2728 symbola
2398 2670 2520 2724 qua}
2548 2654 2603 2708 in
2634 2654 2729 2709 illo
2762 2651 2900 2707 llum.
2921 2651 2988 2706 ad
3020 2651 3284 2707 honorem
3324 2646 3600 2711 Numinis,

2022 2763 2054 2803 a
2095 2746 2257 2801 nobis
2307 2746 2595 2816 suscipias.
2634 2745 2760 2800 Haec
2812 2743 2981 2814 igitur
3036 2749 3355 2796 reverenter
3393 2738 3601 2807 accipe,

2022 2838 2112 2895 die
2139 2838 2246 2893 hoc
2266 2837 2406 2893 festo
2428 2852 2527 2907 pro
2550 2836 2711 2892 nobis
2733 2835 2879 2905 apud
2906 2841 2957 2889 te
2980 2834 3310 2906 legationem
3341 2830 3601 2884 obcunte.

2021 2928 2128 2987 Ubi
2161 2944 2294 2984 vero
2331 2926 2632 2998 acceperis,
2663 2926 2716 2981 id
2750 2926 2912 2980 nobis
2945 2923 3209 2995 repende,
3240 2929 3303 2976 ut
3342 2925 3607 2991 perpetuo

2023 3019 2201 3077 nostri
2247 3018 2322 3075 sis
2370 3033 2604 3085 memor,
2640 3033 2852 3088 nosque
2884 3017 2964 3073 tui
3002 3020 3253 3071 amantes
3298 3026 3483 3067 amare
3525 3006 3609 3063 di-

2024 3113 2230 3186 gneris.

2556 3199 2724 3255 XXX.
2765 3197 3057 3254 ISIDORO.

2089 3313 2158 3369 Et
2182 3326 2476 3383 quemnam
2505 3311 2630 3383 plus
2654 3310 2948 3375 decuisset,
2976 3323 3139 3380 quam
3170 3305 3606 3377 magnitudinem

2020 3412 2172 3459 tuam
2230 3401 2301 3457 de
2348 3416 2504 3457 sacra
2561 3415 2749 3456 mensa
2803 3398 3061 3454 nuntium
3117 3396 3387 3452 mittendo
3447 3395 3608 3451 nobis

335 3489 709 3563 χαρίσασθαι;
756 3489 854 3554 Τίς
885 3490 943 3543 δὲ
982 3489 1257 3557 τοσοῦτος,
1296 3489 1331 3562 ἦ
1371 3489 1538 3561 ἄνδρα
1571 3489 1854 3561 σεμνῦναι,
1886 3490 1921 3562 ἢ

2029 3493 2358 3567 gratificari?
2380 3491 2517 3559 Quis
2536 3500 2801 3563 praeterea
2825 3490 2949 3545 talis
2969 3504 3031 3544 ac
3054 3496 3240 3543 tantus
3260 3502 3380 3542 esse
3405 3495 3604 3557 potest,

333 3579 627 3634 ἐπαινέσαι
668 3577 891 3651 τρόπον,
941 3578 1037 3631 καὶ
1071 3580 1288 3650 ἑταῖρον
1326 3580 1460 3651 ἡμῖν
1509 3579 1730 3651 ποιῆσαι
1785 3579 1927 3651 πρὸς

333 3670 432 3725 τοῦ
458 3669 736 3742 γνωρίμου
767 3669 859 3723 τὸν
887 3668 1059 3747 καλόν³
1089 3687 1149 3724 τε
1190 3671 1286 3725 καὶ
1326 3670 1531 3740 ἀγαθὸν
1569 3670 1853 3738 Κάνδιτον,
1883 3672 1918 3744 ἢ

335 3761 369 3813 ὁ
413 3759 613 3831 ῥᾳδίως
640 3758 934 3830 δυνάμενος
978 3761 1091 3824 τοῖς
1138 3764 1353 3833 μικροῖς
1393 3761 1732 3833 περιτιθέναι
1760 3762 1923 3834 μέγε-

336 3851 466 3917 Bac;
514 3851 655 3921 Ἐγὼ
685 3852 744 3906 δὲ
791 3851 980 3923 ἡσθεὶς
1002 3853 1105 3922 τὴν
1136 3853 1278 3907 κατά
1310 3855 1410 3925 τὴν
1451 3853 1604 3924 ἱερὰν
1640 3854 1924 3924 τράπεζαν

339 3944 654 4017 ιπιτυχίαν,
682 3945 803 4000 ούδὲ
836 3947 1012 4001 εἰπεῖν
1040 3945 1170 4017 ἔχω,
1190 3948 1315 4004 ὅσον
1344 3947 1519 4020 ἥσθην
1545 3950 1611 4021 τῇ
1642 3950 1924 4024 ἐπιστολῇ·

2023 3585 2113 3640 vel
2141 3584 2198 3639 in
2222 3582 2449 3639 homine
2481 3581 2916 3647 cohonestando,
2941 3581 3027 3637 vel
3059 3580 3115 3637 in
3145 3579 3319 3650 ipsius
3357 3578 3609 3633 moribus

2026 3673 2500 3741 commendandis,
2535 3672 2667 3729 dum
2700 3672 2996 3729 Canditum
3030 3671 3212 3727 virum
3252 3677 3414 3724 antea
3452 3670 3608 3739 igno-

2028 3777 2169 3832 tum,
2213 3766 2313 3822 sed
2354 3766 2653 3822 honestum
2692 3780 2757 3820 ac
2800 3764 3068 3835 probum,
3111 3762 3358 3818 amicitia
3402 3761 3608 3832 iungis,

2030 3875 2197 3932 quam
2239 3859 2336 3930 qui
2373 3859 2527 3913 nullo
2565 3857 2787 3929 negotio
2831 3865 3013 3927 potest
3057 3856 3241 3926 parvis
3282 3851 3614 3926 magnitudi-

2032 3966 2160 4007 nem
2200 3949 2535 4027 conciliare?
2576 3950 2691 4021 Ego
2734 3964 2887 4015 vero,
2928 3955 3216 4019 postquam
3264 3947 3333 4001 iis
3382 3961 3504 4016 qua:
3543 3945 3612 4001 ad

1445 4079 1601 4137 LUD.
1641 4080 1805 4138 ΑΝΤ.
1846 4082 2233 4141 MURATOBII
2269 4079 2498 4139 NOTAE.

416 4190 529 4264 (25)
564 4189 884 4265 ’Δλείψομεν
1014 4190 1272 4265 Ἀττικὴν
1291 4192 1463 4265 ὄρνιν,
1492 4194 1590 4265 καὶ
1611 4194 1927 4265 ὁμοςρόριον.

341 4259 769 4333 Ιηίιιέεοοᾱὶοε
815 4260 943 4333 haec
976 4259 1056 4314 ita
1096 4259 1356 4333 leguntur
1397 4259 1768 4333 ἀλειψαμένῶς
1793 4259 1933 4318 ’Ἁτ-

342 4333 505 4404 τικὴν
536 4332 717 4404 ὅρμιν,
752 4337 861 4384 ctc.
904 4328 1175 4399 Corrupta
1208 4331 1377 4387 verba
1422 4328 1613 4404 aliquo
1640 4335 1933 4404 restituere

386 4400 510 4458 acto
571 4400 805 4457 conatus
862 4414 983 4454 sum
1012 4438 1027 4464 ,
1078 4414 1394 4469 quanquam
1453 4400 1586 4469 quid
1634 4401 1742 4457 sibi
1799 4403 1937 4457 velit

386 4421 510 4458 acw
571 4421 805 4457 conatus
862 4421 983 4454 sum
1012 4438 1027 4464 ,
1078 4421 1394 4469 quanquam
1453 4421 1586 4469 qum
1634 4421 1742 4457 SIBI
1800 4421 1932 4457 νειιι

344 4421 604 4536 ἓὶνιηιιε,
653 4485 765 4525 non
816 4478 1129 4540 assecutum
1170 4484 1260 4524 me
1307 4484 1430 4540 esse
1473 4469 1751 4540 proﬁtear.
1784 4472 1932 4529 Num

2028 4194 2135 4266 viri
2151 4194 2387 4266 alicujus
2401 4202 2487 4250 est
2502 4192 2729 4266 nomen)
2743 4191 2813 4248 ad
2833 4191 3345 4266 Fimm_lsidom
3364 4191 3614 4266 miserat,

2028 4262 2312 4335 simulque
2352 4263 2595 4335 muneris
2639 4262 2716 4317 ae
2752 4263 2956 4335 nuntii
2964 4262 3165 4335 laudes
3210 4262 3614 4335 elegantissime

2029 4330 2421 4405 descripserat.
2452 4332 2611 4405 Nunc
2639 4333 2895 4405 rescribit
2918 4330 3320 4405 Eirmus,__cuni
3350 4333 3613 4405 eloquen-

2031 4404 2185 4469 tiam,
2214 4402 2327 4459 tum
2370 4403 2685 4459 comitatem
2723 4403 2994 4458 mittentis
3029 4402 3315 4457 extollens.
3359 4402 3617 4472 Epistula}

2032 4482 2219 4529 tamen
2260 4481 2472 4529 textum
2512 4488 2623 4529 non
2666 4487 2854 4529 carere
2891 4472 3109 4528 mendis
3145 4472 3419 4540 suspicor.
3457 4474 3616 4539 Quod

344 4545 523 4627 Attica
547 4543 664 4614 apis
685 4541 779 4627 hic
799 4538 1325 4627 inteliigen_da,‘q‘uae
1340 4538 1934 4627 .formaapud
1969 4593 2012 4627 η
2032 4552 2127 4627 est
2150 4544 2218 4599 ad
2251 4543 2569 4627 lsidorum,
2588 4543 2833 4613 episcopi
2865 4542 3091 4627 quidem
3122 4538 3345 4627 nomine
3366 4538 3495 4624 ‘non’
3518 4545 3617 4626 do—
3700 4546 3711 4550 ’

346 4593 899 4683 angustiam
925 4593 1032 4683 esi,
1058 4619 1121 4663 ut
1156 4593 1335 4683 iudica
1367 4593 1934 4683 renuntiata;
1966 4593 2012 4648 Ι)
2036 4593 3614 4683 53.15;;‘55s;'ea'm'sasiaaeus'summa}.

348 4678 705 4754 retur'iATum
727 4678 1086 4754 sénsusiforet
1108 4678 1209 4754 :__Si
1231 4695 1433 4754 perges
1447 4696 1532 4735 me
1560 4678 1805 4754 laudare,
1829 4698 1933 4754 ego

348 4751 665 4876 facundliam
704 4758 854 4806 tuam
891 4749 1242 4805 uberioribus
1268 4749 1523 4806 laudibus
1554 4752 1841 4824 aggrediar
1867 4749 1938 4809 ac

349 4839 411 4876 sa
439 4838 537 4876 ura
578 4837 632 4876 o.

349 4832 471 4879 satu
479 4832 632 4876 rabo.

427 4892 537 4961 (26)
578 4892 660 4946 Ad
711 4889 1051 4945 Florentium
1116 4889 1388 4961 illustrem
1434 4892 1616 4945 virum
1672 4892 1937 4948 nonnulla

352 4959 526 5019 mittit
549 4977 802 5025 munera,
834 4975 1031 5029 nempe
1058 4959 1316 5029 symbota,
1344 4977 1468 5027 qua:
1504 4963 1735 5016 solemni
1764 4964 1939 5017 sancti

355 5033 639 5090 Pasebatis
682 5032 771 5086 die
807 5031 993 5100 peragi
1035 5031 1306 5085 solebant.
1342 5029 1713 5101 Symbolorum
1755 5042 1940 5087 autem

353 5104 581 5183 nomine
619 5101 813 5183 Grynei.
836 5102 1024 5183 Patres
1068 5109 1180 5183 tum
1216 5111 1729 5183 sacramentaLtum
1763 5103 1939 5183 ipsam

356 5175 633 5246 praacipue
659 5171 849 5227 altaris
875 5171 1223 5246 incruentam
1256 5171 1494 5225 hostiam
1529 5172 1661 5226 olim
1691 5171 1943 5246 designa-

357 5239 652 5299 ierefllie
690 5250 883 5312 tamen
915 5239 1148 5312 eulogius
1184 5240 1498 5312 Graecorum
1542 5258 1694 5297 more
1734 5239 1943 5311 signiti-

358 5313 495 5377 cari,
526 5321 740 5367 certum
771 5310 1317 5373 arbitror,'vidclicet
1345 5323 1441 5365 aut
1462 5312 1645 5367 edulia
1667 5310 1938 5380 quaedam,

359 5391 455 5438 aut
485 5384 589 5437 alia
627 5380 940 5451 huiusmodi
973 5380 1318 5451 arsacerdote
1372 5382 1614 5450 paschali
1656 5382 1743 5435 die
1777 5383 1942 5435 bene-

359 5455 538 5518 dicta;
582 5450 738 5521 cujus
772 5451 866 5521 rei
888 5450 1122 5521 vestigia
1140 5452 1351 5521 nostris
1388 5452 1443 5505 in
1479 5452 1731 5507 ecclesiis
1762 5452 1943 5506 adhuc

358 5518 668 5647 gupersréuct'.
715 5522 821 5574 Pro
848 5520 883 5573 ἃ
930 5518 1345 5591 προσδέξασθαι,
1382 5520 1611 5576 fortasse
1646 5523 1938 5592 legendum

428 5610 566 5647 προσ
601 5607 778 5647 ςςοισο.

428 5607 778 5656 προσοεζοισο.

433 5611 778 5662 προσοεςοισο.

433 5664 543 5732 (‘27)
596 5660 753 5732 Quid
787 5658 892 5713 sibi
933 5658 1167 5732 velit_in
1192 5659 1379 5732 Abujus
1418 5660 1664 5732 epistola:
1711 5661 1939 5716 exordio

368 5729 606 5794 Firmus,
647 5731 897 5786 divinare
942 5729 1148 5783 nescio.
1191 5729 1573 5785 Fortassc’hic
1610 5747 1807 5786 sensus
1835 5742 1939 5787 est.

367 5800 651 5872 Eulogium
683 5802 944 5872 aliquam,
974 5798 1028 5853 id
1064 5807 1149 5853 est
1174 5813 1391 5872 imunius
1430 5801 1651 5870 aliquod
1690 5802 1747 5856 in
1789 5817 1943 5872 sacra

373 5868 557 5933 mensa
599 5868 979 5938 benedictum,
1024 5884 1123 5939 per
1162 5868 1455 5925 Canditum
1496 5868 1790 5943 (siquidem
1837 5871 1943 5928 hoc

2039 4692 2157 4754 ium
2199 4682 2349 4754 quod
2382 4682 2615 4753 eulogia:
2659 4681 2729 4737 ad
2772 4682 3015 4754 firmum
3036 4680 3280 4754 miserit,
3319 4680 3435 4754 tuui
3469 4683 3617 4754 quod

2035 4750 2258 4810 Firmus
2280 4754 2452 4809 Deum
2475 4750 2650 4821 regat,
2683 4759 2744 4805 ut
2776 4752 2932 4806 illum
2963 4753 3085 4813 ταῖς
3115 4750 3466 4821 Ἐκκλησίαις
3486 4750 3618 4805 ἔαυ-

2035 4824 2166 4889 τοῦ,
2221 4824 2330 4877 suis
2377 4821 2643 4887 Ecclesiis,
2670 4822 3002 4876 incolumem
3048 4828 3250 4877 servet.
3304 4821 3418 4875 Imo
3463 4822 3617 4878 illum

2037 4893 2447 4948 commilitonem
2488 4893 2700 4957 bonum,
2728 4901 2787 4962 et
2826 4891 3139 4962 προστάτην
3171 4890 3617 4962 ἀκαταγὼνιστον

2036 4964 2297 5033 appellat,
2331 4962 2479 5033 quod
2523 4962 2699 5033 etiam
2734 4959 3099 5033 interpretari
3131 4959 3304 5033 possit
3343 4959 3618 5033 prwsideut

2036 5028 2589 5104 iir'eprchensibilem,
2618 5028 2989 5104 Nihilominus
3046 5043 3170 5104 cum
3223 5028 3355 5104 haec
3387 5029 3619 5098 cpistola

2040 5097 2235 5158 referri
2258 5104 2423 5158 etiam
2447 5103 2622 5171 possit
2644 5101 2711 5156 ad
2733 5101 3001 5171 Isidornm
3024 5097 3205 5152 virum
3227 5097 3615 5171 clarissumum,

2038 5173 2133 5243 qui
2162 5173 2343 5243 primo
2373 5168 2664 5243 praefectus
2695 5170 2974 5243 praetorio,
3012 5175 3127 5221 tum
3167 5168 3360 5221 consul
3399 5168 3621 5243 ordina-

2038 5235 2181 5309 rius,
2206 5245 2270 5299 A.
2304 5235 2530 5306 c.3156,
2560 5235 2780 5306 fuit,'ut
2812 5255 2879 5293 ex
2905 5235 3298 5309 imperatorum
3335 5238 3621 5309 sanctione

2038 5305 2231 5368 contra
2266 5311 2577 5368 Nestorium
2620 5305 2787 5381 patet,
2828 5316 2929 5381 aut
2965 5305 3031 5360 ad
3069 5305 3207 5381 aiios
3242 5307 3428 5381 smcuii
3461 5309 3623 5381 priu-

2040 5384 2191 5454 cipes
2215 5383 2370 5454 viros
2394 5399 2406 5434 :
2432 5382 2508 5434 nil
2534 5376 2670 5454 certi
2696 5380 2797 5454 hac
2827 5378 2881 5430 in
2905 5393 2969 5454 _rc
2995 5376 3247 5454 proferre
3269 5378 3431 5454 nobis
3459 5376 3621 5454 iicet;

2039 5446 2111 5508 et.
2132 5451 2430 5516 prmsertim
2452 5465 2577 5505 cum
2604 5449 2874 5502 Isidorum
2905 5447 3071 5501 istum
3095 5447 3364 5501 vocabulo
3394 5446 3486 5499 τοῦ
3532 5465 3623 5516 με-

2046 5470 2097 5508 [ξι
2169 5470 2430 5510 mserum
2452 5470 2577 5505 cum
2606 5470 2874 5502 lsmuruul
2905 5470 3071 5501 lat.qu
3099 5470 3364 5501 vucuuuw
3394 5470 3486 5499 του
3532 5470 3623 5516 με-

2046 5470 2268 5591 γέοιδυς,
2321 5521 2376 5591 ιι.
2425 5535 2476 5573 e.
2531 5518 2908 5591 nmgnitudinis
2960 5516 3279 5591 compellet,
3334 5516 3627 5591 cpiscupos

2045 5586 2179 5649 vero
2220 5586 2506 5645 nominare
2555 5586 2728 5643 soleat
2772 5587 2934 5643 titulo
2973 5586 3299 5650 θεοσεϐείας,
3346 5594 3439 5639 aut
3483 5586 3625 5637 ὁσιό-

2046 5679 2224 5733 τητος,
2244 5660 2463 5733 scilicet
2486 5660 2694 5730 pietatis
2720 5667 2817 5712 aut
2836 5657 3153 5733 sanctitatis.
3181 5656 3450 5733 Nimirum
3476 5654 3624 5733 vige-

2050 5723 2147 5786 hat
2180 5723 2335 5796 olim,
2374 5723 2496 5784 non'
2535 5745 2695 5785 secus
2740 5743 2804 5783 ac
2844 5726 3491 5796 bodie,rappellatiomtm
3538 5723 3623 5776 di-

2048 5794 2327 5866 versitas,
2373 5801 2577 5870 quibus
2631 5798 2980 5857 indicabatur
3025 5794 3279 5851 diversus
3337 5794 3623 5851 hominum

2050 5873 2250 5943 gradus
2280 5887 2343 5927 ac
2369 5886 2589 5927 munus.
