4076 6474
349 358 491 417 1505
1797 349 2175 406 EPISTOLJE.
3457 368 3478 422 ι
3491 368 3595 424 506

349 476 494 531 Είδὲ
527 478 705 550 ἥττων
751 475 855 545 τῆς
891 473 1048 540 ἀξίας
1094 474 1126 528 ό
1177 473 1310 546 παρ’
1364 471 1525 544 ἡμῶν
1570 469 1815 534 ἔπαινος,
1850 470 1909 538 τῇ

2027 468 2241 523 meritis
2292 468 2473 525 minor
2526 479 2714 527 nostra
2763 471 3034 540 laudatio,
3086 474 3190 532 hoc
3240 476 3595 546 epistolarum

345 568 445 635 τῆς
478 567 772 638 ἐπιστολῆς
824 567 1038 635 λόγισαι
1090 564 1428 636 συμμετρίᾳ.
1477 563 1576 627 Τίς
1624 560 1737 633 γὰρ
1767 559 1834 614 ἂν
1857 559 1909 612 τὶ

2027 559 2252 615 modulo
2290 561 2507 616 ascribe
2539 580 2552 615 :
2580 562 2706 632 quis
2739 563 2886 617 enim
2928 567 3239 621 encomium
3269 584 3336 623 ex
3367 579 3485 625 arte
3513 571 3598 627 fat--

346 656 489 708 κατά
513 656 712 726 τέχνην
765 654 1043 725 ἐγκώμιον
1084 656 1144 707 ὲν
1194 652 1483 723 ἐπιπολῆς
1538 651 1723 722 μέτρῳ
1746 644 1921 718 δηλώ-

349 765 494 802 σειεν
519 767 533 815 ;
579 746 718 816 Ἐγὼ
742 747 799 800 δὲ
836 745 898 800 τὸ
924 746 1108 801 λοιπὸν
1138 744 1253 818 ἥξω
1271 744 1340 798 δι’
1368 741 1608 814 ὲμαυτοῦ
1647 737 1923 811 θεραπεύ-

347 855 477 902 σων,
511 839 831 909 συμμάχους
852 837 1034 893 λαϐὼν
1058 838 1157 906 τῆς
1183 853 1245 888 τε
1269 836 1400 906 περὶ
1430 833 1638 895 πάντας
1664 829 1922 900 σπουδῆς,

345 927 442 981 καὶ
474 928 573 996 τῆς
623 927 937 998 φιλοτιμίας
970 926 1095 990 τοὺς
1135 924 1290 997 παρὰ
1309 927 1376 997 τῇ
1412 921 1687 993 λογιότητί
1720 938 1813 975 σου
1842 937 1923 974 τι·

347 1017 635 1089 μωμένους
661 1020 727 1090 τῇ
756 1019 945 1089 μνήμη
982 1017 1289 1089 μάρτυρας-

680 1133 799 1187 ΛΔθ.
843 1131 1184 1213 ΕΥᾹΝΔΡΙῼ
1215 1128 1584 1199 ΕῌΙΣΚΟΠῼ.

427 1242 849 1309 Ἐδιπλασίασας
885 1246 1017 1316 ἡμῖν
1052 1245 1143 1298 τὸν
1175 1244 1275 1315 τῆς
1312 1241 1510 1314 ἑορτῆς
1547 1240 1759 1311 χρόνον,
1792 1240 1923 1293 ἀνα-

342 1334 687 1405 νεωσάμενος
730 1335 900 1405 αὐτὴν
940 1336 1054 1399 τοῖς
1094 1331 1196 1405 τῆς
1230 1333 1413 1404 φιλίας
1462 1331 1771 1403 συμϐόλοις.
1810 1331 1921 1385 Καὶ

341 1425 541 1497 λευκὴν
560 1425 798 1496 ἀτεχνῶς
822 1427 1103 1497 ἠγάγομεν
1123 1427 1336 1497 ἡμέραν
1362 1424 1471 1479 τῶν
1496 1423 1596 1494 τῆς
1612 1418 1922 1486 θεοσεϐείας

344 1532 439 1567 σου
465 1515 808 1585 γραμμάτων
840 1514 1205 1585 ἐπιτυχόντες.
1242 1512 1428 1585 Γράφε
1454 1513 1655 1576 τοίνυν,
1681 1511 1779 1566 καὶ
1824 1511 1919 1581 μέ-

345 1621 543 1674 μνησο,
575 1604 900 1676 παρακαλῶ,
932 1605 1022 1659 ἵνα
1054 1605 1129 1676 μὴ
1159 1604 1330 1677 λήθης
1353 1606 1484 1676 ἡμῖν
1514 1607 1544 1658 ὁ
1578 1603 1679 1674 τῆς
1710 1605 1921 1672 σιωπῆς

342 1692 533 1765 χρόνος
553 1693 772 1764 γένηται
803 1694 1095 1766 πρόφασις·
1137 1694 1240 1765 τῆς
1267 1695 1324 1747 δὲ
1355 1695 1454 1766 σῆς
1494 1693 1655 1764 φίλης
1698 1694 1920 1765 εἰρήνης

342 1785 487 1855 εχειν
520 1787 652 1856 ἡμῖν
682 1785 857 1850 διδοὺς
884 1785 1208 1858 συνθήματα
1231 1786 1330 1847 τὰς
1362 1784 1671 1848 ἐπιστολάς.

646 1897 772 1953 ΔΕ’.
811 1899 1079 1969 ΑΚΑΚΙῼ
1117 1898 1463 1970 ΕΠΙΣΚΟΠῼ
1493 1896 1626 1968 (50).

422 2006 627 2064 Ἱκανὸν
668 2012 886 2083 ἥδυσμα
910 2012 1236 2085 γράμμασιν
1280 2014 1399 2083 μετ’
1430 2011 1683 2080 εὐλογίας
1724 2010 1912 2082 ἰχθὺς,

337 2098 534 2154 θάττον
560 2100 595 2171 ἢ
625 2101 783 2170 λόγος
814 2104 944 2174 παρ’
971 2104 1120 2174 ἡμᾶς
1154 2103 1517 2174 ἀφικόμενος,
1551 2103 1645 2155 καὶ
1670 2102 1771 2173 τὴν
1811 2102 1914 2172 τῆς

336 2190 649 2255 θεοσεϐείας
695 2209 790 2246 σου
834 2194 965 2265 περὶ
1008 2194 1156 2264 ἡμᾶς
1204 2192 1286 2264 τῷ
1330 2194 1486 2264 τάχει
1536 2193 1636 2264 τῆς
1678 2193 1914 2261 ἀφίξεως

338 2281 589 2351 μηνύσας
618 2284 825 2353 σχέσιν.
858 2284 971 2338 Καὶ
996 2285 1106 2356 γὰρ
1135 2285 1226 2339 καὶ
1249 2284 1352 2356 τὴν
1382 2284 1475 2338 τοῦ
1503 2284 1663 2354 ἀέρος
1691 2284 1913 2353 διέφυγε

335 2366 564 2436 βλάϐην,
600 2369 694 2421 καὶ¹
724 2369 801 2432 ὡς
837 2369 1087 2425 ἐντεῦθεν
1130 2371 1195 2424 ἐκ
1241 2371 1337 2424 τοῦ
1373 2371 1614 2440 γείτονος
1645 2372 1914 2442 ἀνανηξά-

337 2472 502 2526 μενος
535 2457 784 2528 ποταμοῦ
818 2460 1124 2531 ἐπιτήδειον
1146 2461 1273 2531 ὄψον
1300 2462 1440 2533 πρὸς
1467 2462 1788 2516 πανδαισίαν
1817 2480 1912 2531 γε-

334 2547 581 2619 γένηται.
612 2550 722 2603 Καὶ
750 2549 966 2623 πλήρης
1003 2554 1037 2623 ἡ
1070 2553 1318 2624 τράπεζα
1344 2552 1437 2605 τοῦ
1466 2552 1643 2619 δεξιοῦ
1672 2554 1912 2625 θύματος

333 2639 474 2710 πρὸς
515 2640 688 2696 πολλά
725 2645 847 2704 ταῖς
878 2645 1203 2715 καρυκείαις
1241 2644 1550 2715 ἀρμόσασα,
1592 2647 1668 2708 ὡς
1710 2648 1912 2716 μικρὰν

332 2723 478 2783 εἶναι
519 2731 616 2803 τὴν
656 2733 931 2787 Ἀλκινόου
965 2735 1076 2806 (51)
1105 2736 1338 2807 τρυφὴν,
1374 2736 1510 2808 πρὸς
1554 2736 1655 2808 τὴν
1694 2738 1792 2809 σὴν
1823 2738 1912 2805 ἐξ·

331 2821 674 2894 ιταζομένην
700 2825 1036 2896 φιλοτιμίαν,
1053 2826 1162 2880 τῶν
1191 2827 1477 2900 ἡμετέρων
1496 2829 1913 2900 περιτευμάτων

330 2911 684 2970 διαδοθέντων
710 2919 823 2981 τοῖς
852 2917 1150 2988 δεομένοις.

599 3029 739 3096 Αςν.
775 3031 1074 3104 ΛΕΟΝΤΙῼ
1112 3032 1462 3103 ΕΠΙΣΚΟΠῼ
1508 3032 1642 3104 (52).

416 3116 850 3176 Ἀκατάλλακτον
902 3125 1058 3193 μῖσος
1085 3126 1199 3189 τοῖς
1234 3123 1476 3188 οἰκέταις
1507 3123 1644 3196 πρὸς
1671 3125 1797 3188 τοὺς
1823 3123 1878 3177 δε

330 3211 540 3275 σπότας
569 3212 737 3277 ἐστὶν,
764 3213 815 3266 οἳ
856 3214 984 3278 τοὺς
1015 3213 1391 3286 κεκτημένους
1422 3214 1910 3287 ἀποδιδράσκοντες

327 3299 539 3374 ἑτέροις
579 3301 852 3357 δουλεύειν
895 3304 1096 3375 μᾶλλον
1136 3305 1170 3376 ἢ
1218 3307 1331 3370 τοῖς
1362 3304 1583 3371 οίκείοις
1628 3306 1913 3370 δεσπόταις

326 3395 638 3466 ἀνέχονται.
673 3397 845 3451 Τοῦτο
872 3399 927 3453 δὲ
954 3399 1048 3452 καὶ
1084 3398 1222 3469 τῷδε
1250 3399 1458 3453 οἰκέται
1503 3398 1873 3468 πεποιήκασιν
1892 3413 1908 3429 ·

327 3487 666 3559 ἀποδράντες
689 3488 800 3559 γὰρ
824 3488 986 3543 αὑτὸν
1009 3492 1122 3553 τοῖς
1145 3489 1335 3544 αὐτόθι
1364 3488 1701 3558 ὲμφωλεύειν
1725 3488 1909 3557 λέγον-

326 3596 423 3634 ται
462 3580 669 3643 τόποις.
706 3581 944 3644 Τούτους
987 3581 1245 3635 κέλευσον
1278 3581 1738 3652 ἀνερευνηθέντας
1760 3622 1777 3648 ,
1811 3581 1909 3636 καὶ

331 3670 564 3735 ἁλόντας
599 3672 738 3743 μετὰ
787 3671 1203 3741 ἀσφαλεστάτης
1248 3673 1491 3744 φρουρᾶς
1530 3672 1628 3726 ἐπὶ
1667 3671 1737 3726 τά
1786 3673 1907 3745 τῇδε

327 3763 835 3835 παραπεμφθῆναι,
876 3762 1094 3818 δικαίαν
1143 3764 1238 3817 καὶ
1293 3763 1649 3835 ὀφειλομένην
1687 3764 1766 3835 τῷ
1806 3765 1906 3836 βίῳ

330 3872 449 3921 σου,
482 3856 614 3926 ἡμῖν
635 3873 694 3909 τε
724 3856 822 3909 καὶ.
845 3859 959 3921 τοῖς
982 3856 1050 3911 δι’
1073 3856 1230 3926 ήμῶν
1252 3856 1508 3926 αἰτήσασι
1536 3857 1912 3929 παρεχόμενος

325 3945 427 4016 τὴν
464 3947 643 4017 χάριν.

594 4058 718 4114 ΛΖ⁹.
760 4061 1067 4132 ΚΥΡΙΛΛῼ
1105 4061 1454 4132 ΕΠΙΣΚΟΠῼ
1492 4060 1626 4133 (33).

399 4149 482 4205 Τὰ
509 4150 610 4220 μὲν
638 4151 740 4204 ὅσα
765 4153 894 4222 περὶ
935 4153 1033 4222 τῆς
1056 4149 1166 4206 τῶν
1196 4153 1542 4223 γραμμάτων
1571 4152 1690 4206 ἐστὶ
1718 4152 1910 4224 διηγή-

2026 657 2176 703 ctum
2215 651 2462 721 epistolae
2497 667 2755 710 mensura
2792 657 3258 726 comprehendat?
3291 648 3421 732 Ego
3442 678 3595 730 vero,

2024 743 2175 811 quod
2215 743 2492 814 reliquum
2531 753 2636 811 est,
2667 746 2882 802 veniam
2921 748 3153 818 ipsemet
3195 762 3508 821 curaturus,
3543 768 3601 811 et

2024 833 2195 888 studii
2227 849 2355 905 erga
2386 850 2598 902 omnes,
2634 846 2797 907 atque
2826 838 3222 899 benevolentiae
3251 845 3432 901 socios
3456 847 3598 903 acci-

2023 923 2193 993 pia'm,
2231 940 2329 981 eos
2344 925 2456 996 -qui
2493 942 2524 982 a
2562 927 2855 998 prudentia
2883 938 2977 986 tua
3004 933 3267 990 memoria
3299 935 3596 992 honestan-

2025 1020 2136 1081 tur,
2176 1023 2466 1086 martyres.

2284 1124 2526 1182 XXXIV.
2561 1127 2911 1186 EVANDRIO
2948 1132 3300 1191 EPISCOPO.

2094 1234 2187 1293 Bis
2208 1237 2331 1293 festi
2354 1239 2463 1296 diei
2491 1251 2737 1312 tempore
2766 1242 2875 1297 frui
2901 1243 3062 1299 nobis
3080 1245 3183 1300 visi
3212 1261 3425 1313 sumus,
3449 1259 3599 1319 post-

2022 1336 2186 1397 quam
2218 1328 2397 1399 ipsum
2446 1332 2703 1387 amicitiae
2735 1340 2843 1388 tute
2888 1334 3150 1404 symbolis
3198 1339 3493 1394 renovasti.
3528 1341 3599 1396 Et

2021 1429 2174 1474 certe
2210 1421 2432 1490 pietatis
2459 1431 2566 1479 tuae
2601 1424 2800 1479 litterae
2839 1424 3166 1493 effecerunt,
3206 1436 3267 1482 ut
3298 1429 3455 1484 albus
3476 1431 3597 1487 dies

2022 1510 2185 1566 nobis
2207 1511 2523 1569 duceretur.
2547 1514 2739 1570 Scribe
2765 1515 2955 1586 igitur,
2976 1524 3032 1570 et
3050 1517 3362 1583 recordare,
3387 1535 3595 1589 qureso.

2022 1614 2094 1654 ne
2119 1607 2336 1670 tempus
2379 1618 2491 1673 quo
2530 1603 2841 1670 silebimus,
2865 1606 3158 1675 utriusque
3180 1616 3433 1664 nostrum
3453 1610 3596 1667 obli-

2021 1691 2268 1747 viscendi
2290 1693 2362 1748 sit
2384 1709 2550 1751 causa
2569 1714 2585 1763 ;
2606 1695 2769 1751 nobis
2791 1704 2975 1752 autem
2996 1696 3065 1751 da
3089 1696 3313 1754 interim
3336 1700 3598 1771 epistolas

2022 1787 2131 1835 tuae
2158 1780 2371 1838 dilectae
2393 1782 2545 1854 pacis
2561 1792 2818 1839 tesseras.

2380 1895 2599 1953 XXXV.
2626 1895 2874 1953 ACACIO
2906 1894 3255 1952 EPISCOPO.

2088 2010 2575 2065 Accommodatum
2615 2008 3029 2065 condimentum
3060 2009 3264 2065 litteris
3286 2008 3391 2064 fuit
3427 2010 3597 2080 piscis

2019 2101 2131 2166 ille,
2159 2102 2255 2172 qui
2282 2102 2430 2157 dicto
2460 2100 2626 2156 citius
2670 2100 2739 2156 ad
2766 2116 2869 2156 nos
2916 2100 3172 2171 pervenit
3198 2141 3212 2165 ,
3240 2100 3464 2171 pietatis
3486 2110 3595 2157 tua:

2017 2206 2146 2264 erga
2188 2207 2292 2248 nos
2317 2192 2581 2249 allectum
2629 2191 2718 2247 sui
2760 2191 3036 2247 adventus
3073 2192 3357 2249 celeritate
3388 2193 3595 2264 signifi-

2016 2299 2167 2339 cans.
2207 2282 2425 2339 Etenim
2473 2290 2532 2338 et
2555 2284 2700 2339 aeris
2726 2282 3131 2340 inclementiam
3156 2284 3372 2350 vitavit,
3420 2295 3477 2342 et
3501 2301 3594 2342 vc-

2017 2372 2121 2427 luti
2176 2372 2269 2427 hic
2310 2387 2342 2427 e
2387 2372 2645 2443 proximo
2695 2386 2946 2427 emersus
2987 2370 3159 2427 ﬂuvio
3205 2374 3589 2431 commodissi-

2016 2479 2169 2519 mum
2196 2462 2266 2518 ad
2305 2463 2668 2518 lautissimam
2723 2476 2937 2518 omnem
2977 2462 3225 2517 edulium
3270 2471 3355 2519 est
3391 2464 3588 2520 factus.

2015 2554 2084 2609 Et
2113 2569 2245 2610 sane
2276 2553 2560 2625 praestanti
2605 2552 2828 2607 victima
2856 2552 2960 2607 hac
3002 2552 3269 2608 instructa
3292 2569 3480 2609 mensa
3514 2555 3594 2610 ita

2015 2646 2384 2702 condimentis
2437 2645 2553 2702 suis
2591 2644 2661 2700 ad
2691 2660 2825 2700 usus
2867 2645 3055 2715 plures
3102 2644 3388 2711 inserviit,
3440 2656 3503 2701 ut
3542 2647 3591 2701 si

2014 2752 2139 2791 cum
2173 2735 2689 2807 tuamagniﬁcentia
2721 2734 3132 2800 conferrentur,
3156 2734 3590 2792 iuferioresesse

2013 2827 2335 2883 viderentur
2377 2826 2591 2882 Alcinoi
2623 2825 2854 2890 deliciae,
2894 2825 2981 2882 vel
3007 2833 3210 2883 nostra:
3252 2839 3425 2882 omna;
3456 2826 3588 2882 reli-

2013 2919 2159 2989 quiis
2179 2920 2236 2974 in
2259 2934 2532 2990 pauperes
2552 2917 2889 2973 distributis.

2331 3030 2571 3086 XXXVI.
2600 3029 2901 3086 LEONTIO
2924 3026 3276 3086 EPISCOPO.

2091 3121 2433 3178 lnexorabile
2458 3121 2648 3177 odium
2682 3120 2738 3175 in
2762 3120 3018 3175 dominos
3046 3119 3266 3174 famulis
3289 3128 3396 3183 est,
3421 3118 3538 3190 qui,
3560 3134 3594 3175 a

2017 3213 2431 3285 possessoribus
2454 3212 2570 3267 suis
2596 3227 2656 3267 se
2681 3212 2807 3281 fuga
2838 3210 3233 3274 subducentes,
3267 3209 3391 3264 aliis
3412 3210 3592 3265 inser-

2009 3303 2151 3367 vire,
2181 3317 2347 3373 quam
2381 3301 2704 3356 domesticis
2722 3300 3073 3370 propriisque
3093 3299 3335 3355 dominis
3357 3300 3591 3356 malunt.

2009 3393 2158 3448 ldem
2192 3401 2377 3449 autem
2406 3399 2601 3449 contra
2644 3392 2794 3447 hunc
2832 3393 2999 3449 etiam
3021 3392 3327 3463 praestitere
3378 3393 3524 3448 servi
3573 3408 3589 3448 :

2007 3484 2282 3555 siquidem
2325 3491 2614 3554 postquam
2663 3484 2733 3539 ab
2770 3483 2891 3554 ipso
2914 3484 3041 3554 fuga
3079 3498 3201 3539 sese
3242 3483 3588 3548 subtraxere,

2010 3576 2068 3631 in
2102 3575 2225 3631 istis
2247 3576 2468 3632 latitare
2492 3574 2757 3631 dicuntur
2787 3574 2945 3630 locis.
2982 3574 3095 3631 Hos
3111 3573 3281 3645 igitur
3296 3575 3430 3645 jube
3453 3590 3589 3630 eon-

2013 3668 2248 3739 quisitos
2266 3676 2324 3723 et
2352 3676 2561 3739 captos,
2595 3666 2700 3723 sub
2725 3666 3001 3722 tutissima
3031 3665 3281 3722 custodia
3311 3665 3381 3720 ad
3406 3667 3589 3736 regio-

2011 3773 2112 3814 nes
2146 3766 2366 3813 nostras
2414 3756 2655 3821 remitti,
2702 3757 2909 3826 justam
2960 3755 3263 3824 utilemque
3312 3755 3440 3809 vitae
3482 3764 3592 3812 tua:

2007 3850 2303 3920 nobisque,
2341 3856 2400 3904 et
2421 3848 2491 3904 iis
2525 3847 2622 3917 qui
2645 3863 2745 3917 per
2775 3861 2878 3902 nos
2906 3860 3071 3916 opem
3099 3853 3251 3901 tuam
3274 3846 3593 3917 implorant,

2007 3942 2236 4015 gratiam
2270 3939 2601 4011 rependens.

2321 4054 2586 4111 XXXVII.
2625 4050 2928 4109 CYRILLO
2952 4049 3305 4107 EPISCOPO.

2075 4149 2271 4208 Omnia
2287 4147 2512 4220 quidem
2531 4160 2654 4218 quae
2669 4144 2738 4202 de
2751 4144 3061 4201 litterarum
3074 4143 3391 4200 narratione
3404 4143 3589 4200 ferun-

1418 4305 1575 4360 LUD.
1615 4305 1775 4361 ANT.
1816 4303 2201 4363 MUllATORIl
2236 4299 2463 4358 NOTIE.
3536 4368 3541 4371 _

402 4420 512 4492 (δυ)
532 4420 603 4475 Et
621 4415 853 4499 ερίιιοιε
876 4414 965 4480 ιθν
1008 4414 1087 4499 ad.
1110 4415 1366 4499 ευιιιςθξρ
1403 4414 1666 4471 Acacium
1696 4374 1903 4497 scribta
1939 4416 1978 4468 υ
2005 4421 2206 4499 serant.
2231 4412 2480 4499 demitte:
2520 4409 2665 4499 ctu
2683 4408 3591 4499 £90395E’P‘§99939§9£°€§F_'9‘i'

321 4483 432 4557 est,
461 4483 625 4561 quem
651 4483 972 4561 episcgium
1011 4485 1182 4561 fuisse
1222 4483 1632 4561 Melitenensem
1657 4523 1672 4547 ,
1703 4483 1901 4561 verisi-

324 4553 458 4618 mile
479 4553 776 4637 ’ςιυκίκξΑύ
815 4553 1058 4637 Firmum
1075 4556 1179 4637 _ill_e
1211 4553 1498 4637 eulogiam,
1523 4554 1636 4637 _ho‘c
1656 4556 1901 4636 ‘est,.pi-

325 4647 475 4688 seem
503 4628 856 4685 benedictum
892 4626 950 4680 in
971 4626 1149 4679 mutui
1180 4624 1383 4679 amoris
1401 4624 1711 4694 symbolum
1736 4626 1903 4679 mise-

325 4710 433 4767 rat,
459 4714 652 4756 eorum
679 4706 989 4767 temporum
1033 4704 1257 4767 secutus
1297 4693 1530 4767 morem,
1559 4693 1763 4767 quibus
1803 4709 1903 4764 per

324 4763 645 4842 huiusmodi
673 4763 893 4842 quoque
922 4781 1151 4842 munera
1183 4763 1552 4842 Christianam
1578 4763 1901 4842 charitatem

324 4833 490 4911 atque
545 4833 988 4911 contnluttiorrem
1057 4833 1304 4911 episcopi
1373 4833 1561 4911 fovere
1628 4833 1899 4911 solebant.

323 4903 506 4976 Quare
531 4908 736 4979 gratias
771 4906 848 4979 illi
879 4903 1110 4960 Firmus
1137 4903 1270 4976 agit,
1310 4904 1612 4974 multisque
1645 4903 1903 4960 laudibus

323 4976 946 5048 donum'prosequituu.

399 5050 482 5121 (5i
548 5041 892 5121 _"A.1mr:60v.
912 5046 972 5100 In
992 5041 1897 5121 lus.'cod_iqe‘legebalurzAluivou.

325 5110 562 5174 Librarii
583 5132 824 5172 errorem
848 5114 1155 5171 emendavi.
1180 5110 1439 5169 Celebrés
1463 5110 1595 5167 fecit
1626 5112 1818 5166 hortos
1838 5126 1904 5167 ac

324 5189 556 5262 delicias
573 5187 787 5262 Alcinoi
805 5183 1282 5262 Homerus_0¢_1yss.
1308 5182 1408 5262 lib:
1428 5198 1502 5236 vu
1533 5181 1590 5262 (Ῡ
1614 5182 1683 5237 85
1690 5181 1897 5262 seqq),

326 5260 401 5313 ita
425 5267 487 5313 ut
526 5258 582 5311 in
620 5256 872 5327 adagium
907 5251 1242 5327 transierint
1263 5251 1410 5322 apud
1442 5251 1634 5327 poetas
1655 5251 1901 5327 aliosque

324 5328 641 5397 scriptores.
694 5320 1062 5397 Quamobrem
1104 5320 1315 5397 Plinius
1361 5320 1559 5397 merito
1592 5321 1715 5397 hate
1760 5320 1901 5397 seri-

325 5389 563 5470 psit-lib.
597 5389 936 5470 x1§,'cap._4
970 5412 984 5447 :
1014 5393 1317 5470 antiquitas
1354 5389 1487 5444 nihil
1521 5392 1668 5470 prius
1700 5391 1900 5470 mirata

324 5460 427 5532 ἓδι,
452 5484 615 5538 quam
646 5460 993 5538 Hesperidum
1024 5460 1200 5538 hortus
1245 5477 1330 5538 ac;
1343 5460 1527 5538 regum
1559 5460 1814 5538 Agonidis
1848 5468 1899 5515 et

324 5529 550 5594 Alcinoi.
592 5529 871 5606 Virgilius,
917 5532 1258 5606 Propertius,
1293 5529 1553 5606 Ovidius,
1596 5529 1805 5606 Statius
1843 5539 1901 5585 ct

326 5608 419 5661 alii
447 5598 767 5661 Latinoer
811 5598 880 5659 de
924 5604 992 5658 iis
1026 5598 1366 5657 mentionem
1408 5599 1608 5655 fecere.
1649 5598 1802 5654 Fecit
1841 5607 1899 5654 et

324 5675 701 5732 Nazianzenus
726 5676 782 5730 in
805 5673 987 5729 Carm.
1026 5672 1096 5726 ad
1133 5670 1480 5726 Vitalianum.

377 5745 507 5816 (52)
540 5745 775 5818 improbi
809 5744 1032 5814 quidam
1060 5742 1204 5799 servi
1241 5739 1487 5812 legitimo
1522 5754 1643 5796 sese
1680 5738 1891 5795 subdu-

2006 4493 2125 4540 tare
2153 4483 2502 4538 dicebantur.
2550 4480 2758 4535 Eorum
2807 4476 2996 4549 itaqué
3031 4476 3317 4535 dominum
3369 4476 3589 4540 Firmus

2006 4554 2240 4609 Leontio
2271 4549 2641 4621 commendat,
2691 4559 2753 4621 ut
2789 4550 2954 4621 hujus
2998 4564 3114 4621 ope
3137 4564 3326 4605 servos
3360 4566 3590 4621 recupe-

2005 4639 2131 4678 rare
2160 4622 2354 4693 possit.
2400 4610 2646 4693 Concilio
2679 4610 3136 4693 Chalcedonensi
3160 4634 3305 4693 anno
3335 4610 3462 4686 451,
3494 4610 3591 4677 ’ἰηο

2005 4688 2247 4748 terfuére
2283 4699 2397 4746 tres
2446 4690 2733 4762 minimum
2783 4688 3001 4762 Leontii
3048 4689 3587 4762 _epis_copi,_nempe

2004 4764 2275 4834 episcOpus
2308 4761 2482 4834 Aram:
2493 4759 2701 4834 Lyciae,
2726 4761 2995 4834 episcopus
3024 4758 3302 4834 Asculanus
3334 4758 3585 4834 Palaesti-

2005 4828 2107 4897 τίω,
2147 4828 2432 4902 episcopus!
2456 4828 2740 4902 Magnesia:
2756 4828 3076 4902 ξΜιιξιὶηιξή.⁸
3094 4828 3173 4882 Ad
3203 4835 3371 4883 unum
3403 4846 3471 4884 ex
3487 4831 3585 4902 _his

2003 4898 2236 4957 fortasse
2267 4898 2394 4956 data
2411 4899 2517 4954 fuit
2546 4898 2663 4955 haec
2689 4898 2943 4968 epistola.
2972 4898 3216 4953 Isidorus
3235 4913 3456 4967 quoque
3486 4900 3586 4953 Pe-

2001 4971 2205 5026 lusiota
2236 4969 2606 5041 epistolam_2,
2647 4968 2746 5023 lib.
2778 4984 2834 5034 γ,
2869 4968 2938 5024 ad
2962 4968 3252 5023 Leontium
3287 4968 3583 5036 quemdam

2001 5038 2323 5112 episcopum
2348 5038 2595 5112 scripsit.

2077 5057 2323 5112 iscopum
2353 5055 2595 5162 εει-ιρειι.
3361 5103 3373 5116 ο
3537 5107 3548 5118 _

2077 5110 2188 5182 (55)
2216 5110 2298 5165 Ad
2334 5109 2461 5182 Cyri
2487 5110 2601 5182 lum
2630 5109 3037 5182 sanctissimum
3079 5105 3424 5182 Alexaudnat
3458 5121 3583 5175 epi-

2001 5174 2230 5251 seo'pu'm
2272 5174 2465 5251 scribit
2503 5179 2740 5244 Firmus,
2780 5174 3336 5251 significatque,__sibi
3371 5174 3585 5230 moram

2001 5244 2228 5321 Ephesi,
2250 5259 2412 5305 antea
2443 5248 2733 5319 ingratam,
2760 5244 2909 5302 nunc
2935 5246 3150 5368 placere
3170 5244 3319 5299 illius
3340 5259 3505 5299 causa
3528 5256 3587 5301 et

2001 5336 2210 5368 amore-
2260 5319 2433 5368 Nemo
2476 5326 2603 5368 est.
2639 5315 2734 5368 aui
2786 5315 2975 5368 Cvrili
3021 5314 3373 5368 notissimum
3412 5329 3584 5368 onera

2001 5314 2210 5394 amore:
2260 5319 2433 5375 Nemo
2476 5314 2568 5394 est
2588 5357 2603 5381 ,
2639 5315 2734 5387 qui
2786 5314 2975 5387 Cyrilli
3021 5314 3373 5394 potissimum
3412 5329 3584 5394 opera

2002 5389 2338 5459 Ephesinam
2388 5385 2687 5459 synodum:
2720 5385 2968 5459 coactam
3019 5385 3189 5459 fuisse
3236 5399 3346 5459 non
3391 5385 3580 5459 sciat:

2001 5452 2173 5529 quare
2203 5475 2304 5515 cur
2334 5458 2403 5529 ad
2428 5452 2587 5529 illum
2631 5455 2850 5529 Firmus
2886 5453 3276 5529 hmc‘scribatt
3309 5452 3468 5508 facile
3496 5454 3583 5529 iu:

2002 5521 2371 5600 t'elligas.’S‘ed
2395 5525 2616 5597 quando
2649 5524 2854 5594 scripta
2887 5525 3052 5600 fuerit
3081 5523 3334 5600 epistola,
3370 5531 3425 5577 et
3446 5521 3581 5600 quid

2001 5598 2093 5671 ille
2124 5593 2438 5671 significet,
2474 5609 2601 5649 cum
2652 5593 2921 5671 memorat
2965 5595 3066 5665 τὴν
3094 5593 3201 5671 τῷν
3237 5596 3582 5671 γραμμάτων

2000 5662 2272 5740 διήγησιν,
2316 5667 2615 5740 litterarum
2651 5662 3053 5740 nari-utiquam}
3082 5663 3162 5719 uti
3208 5672 3265 5716 et
3310 5662 3415 5715 alia
3438 5676 3582 5740 ﬂag?

2003 5729 2115 5794 hié'
2147 5729 2381 5796 obscure
2424 5737 2764 5802 innuuntur,
2800 5735 3020 5793 dillicile
3074 5746 3366 5803 assequare
3438 5729 3578 5785 illud
