4076 6454
524 342 658 399 1307

1642 327 1836 383 FliiMl
1876 321 2349 382 CIESARIENSIS
2385 322 2689 379 EPISCOI‘I

3653 320 3798 373 1508

521 467 634 518 tur,
665 461 781 507 tum
809 465 841 506 e
870 448 1109 521 publicis
1139 454 1257 501 tum
1290 461 1322 500 e
1348 444 1581 515 privatis
1607 443 1857 513 epistolis
1891 440 2096 496 sancti-

2212 457 2341 503 ςεως
2366 435 2486 494 οῖδα
2512 440 2712 503 κοινοῖς
2732 455 2793 492 τε
2822 438 3113 510 γράμμασι
3144 436 3238 490 καὶ
3268 434 3373 489 τῶν
3399 435 3529 505 παρ’
3557 434 3800 488 ἑκάστου

522 556 687 601 tatem
723 551 874 597 tuam
920 538 1182 594 didicisse
1227 536 1479 607 cognovi.
1522 535 1637 606 Ego
1683 549 1819 588 vero
1848 531 2099 587 scribere

518 633 830 706 properavi,
864 646 987 701 quae
1020 645 1143 685 sum
1177 642 1373 699 passus
1406 643 1423 680 τ
1455 626 1609 680 visus
1636 625 1785 680 enim
1819 639 1941 679 sum
1974 622 2099 678 Ste-

520 724 725 791 sichori
760 721 1098 794 palinodiam
1149 733 1374 783 canere,
1426 730 1556 771 cum
1610 731 1676 771 ea
1721 731 1871 771 nunc
1920 729 2101 769 amem

520 832 642 887 quae
666 825 825 871 antea
848 815 1092 885 graviter
1120 827 1184 867 ac
1213 811 1424 882 prolixe
1448 809 1863 865 accusabamus.
1895 804 2102 876 Ephesi

518 909 669 963 enim
721 921 938 961 moram
986 906 1219 959 moleste
1249 902 1434 958 ferens
1460 941 1474 967 ,
1516 910 1574 957 et
1613 900 1683 955 ab
1720 899 1840 969 ipsa
1876 896 2103 953 liberari

521 998 772 1068 cupiens,
810 1010 959 1051 nunc
986 996 1134 1049 illam
1166 1009 1356 1048 amare
1394 990 1675 1049 desiderio
1700 995 1808 1044 tua:
1838 986 2104 1043 sanctita-

522 1091 594 1145 tis
622 1104 743 1144 sum
784 1094 1008 1142 coactus
1039 1103 1053 1139 :
1084 1086 1222 1140 adeo
1240 1084 1313 1139 ad
1333 1082 1388 1139 id
1412 1083 1559 1154 quod
1590 1092 1650 1136 tu
1682 1080 1987 1144 desideras,
2021 1080 2106 1134 in-

522 1179 751 1235 cendor.
783 1179 856 1233 At
884 1177 931 1232 si
961 1176 1061 1231 tibi
1079 1190 1321 1246 quoque,
1359 1189 1392 1230 o
1417 1175 1529 1229 Deo
1556 1171 1903 1235 charissime,
1930 1170 2106 1225 nostri

522 1280 609 1325 est
644 1269 827 1340 aliqua
854 1267 1019 1333 ratio,
1041 1271 1112 1321 ad
1151 1280 1240 1321 me
1271 1265 1476 1329 scribe,
1513 1279 1687 1334 eaque
1705 1278 1828 1332 qua:
1863 1262 1933 1317 ab
1965 1260 2105 1316 ami-

522 1362 603 1416 cis
628 1359 934 1432 excogitata
968 1365 1118 1422 sunt,
1157 1370 1357 1425 resque
1399 1354 1584 1424 ipsas,
1620 1352 1862 1408 breviter
1899 1350 2107 1406 referre

522 1440 823 1515 memento,
849 1465 946 1520 spe
977 1457 1185 1504 temere
1212 1446 1473 1516 utrinque
1496 1445 1820 1499 fluctuante.

784 1578 1073 1635 xxxvm.
1105 1575 1413 1634 VALERIO
1454 1540 1829 1632 EPISCOPO.»

594 1693 958 1764 Interrogavit
977 1690 1347 1747 Alexandrum
1387 1690 1648 1762 quidam,
1685 1689 1911 1744 ubinam
1936 1687 2111 1759 ipsius

2199 533 2299 605 τὴν
2346 532 2611 601 ἁγιότητά
2661 549 2756 584 σου
2800 529 3211 600 δεδιδαγμένην.
3278 525 3426 594 Ἐγὼ
3471 525 3531 579 δὲ
3579 525 3796 595 γράψαι

2201 622 2463 695 ἐπείχθην
2490 623 2529 677 ἃ
2552 622 2798 677 πέπονθα
2816 636 2831 652 ·
2870 620 3027 674 ἔοικα
3052 619 3167 690 γὰρ
3195 615 3659 688 τὴν”Στησιχόρου
3692 632 3775 666 πα

2201 714 2453 783 λινῳδίαν
2509 713 2677 785 ᾤδειν,
2706 714 2890 767 ἐκεῖνα
2928 711 3134 776 ποθῶν,
3161 702 3237 765 ὧν
3262 708 3536 778 πρότερον
3573 704 3799 777 μακρὰν

2203 808 2496 879 ἐποιοῦμεν
2523 807 2877 878 κατηγορίαν.
2904 806 3015 877 Τὴν
3038 805 3150 874 γὰρ
3170 804 3231 857 ὲν
3271 800 3486 871 Ἐφέσῳ
3510 798 3800 868 διαγωγὴν

2203 901 2593 974 δυσχεραίνων,
2642 900 2737 953 καὶ
2765 899 3019 969 ἁσμένως
3059 896 3270 966 ταύτης
3298 894 3665 962 ἀπαλλαγεὶς,
3699 890 3803 945 νῦν

2206 997 2338 1067 ὲρᾷν
2387 994 2561 1065 αὐτῆς
2606 993 2758 1064 πόθῳ
2797 994 2895 1063 τῆς
2940 992 3042 1061 σῆς
3087 990 3371 1060 ὁσιότητος
3415 987 3802 1057 ἠνάγκασμαι.

2206 1085 2366 1138 Οὕτω
2409 1083 2547 1155 πρὸς
2588 1083 2691 1154 τὴν
2724 1081 3024 1152 ἐπιθυμίαν
3067 1080 3386 1150 ὲκκαίομαι.
3438 1076 3578 1130 Ἀλλ’
3612 1076 3667 1127 εἴ
3713 1091 3805 1135 τις

2206 1176 2302 1231 καί
2335 1192 2419 1229 σοι
2449 1175 2605 1244 λόγος
2633 1174 2812 1245 ἡμῶν,
2850 1171 3272 1241 ῡεοφιλέστατε,
3314 1168 3527 1240 γράφε,
3558 1167 3656 1219 ml.
3694 1166 3806 1237 μέ-

2210 1286 2383 1341 μνησο
2410 1268 2447 1323 ἃ
2482 1271 2595 1331 τοῖς
2646 1266 2818 1336 φίλοις
2855 1265 3232 1333 ἐπινενόηται,
3277 1263 3347 1316 τὰ
3390 1261 3446 1314 δὲ
3489 1260 3804 1331 πράγματα

2211 1360 2494 1432 συντόμως
2533 1360 2729 1423 εἰπεῖν,
2767 1358 2905 1429 πρὸς
2956 1356 3109 1411 οὐδὲν
3153 1355 3251 1426 τῆς
3292 1352 3505 1417 ἐλπίδος
3544 1351 3630 1420 ἐφ’
3670 1348 3805 1403 ὲκὰ-

2208 1468 2342 1523 τερα
2380 1454 2778 1522 στρεφομένης.

2459 1562 2589 1616 All'.
2631 1559 2976 1630 orAAEPm
3015 1556 3366 1628 animone
3403 1554 3539 1625 (54).

2287 1693 2491 1765 Ἤρετὸ
2512 1710 2597 1757 τις
2625 1691 2716 1745 τὸν
2763 1687 3130 1760 Ἀλέξανδρον,
3171 1686 3306 1741 ὅπου
3338 1683 3490 1756 αὐτῷ
3514 1685 3566 1737 oi
3593 1683 3806 1753 θησαυ-

522 1784 771 1839 thesauri
810 1783 994 1838 forent
1031 1791 1132 1838 :et
1174 1781 1265 1837 ille
1297 1781 1506 1836 amicos
1533 1779 1811 1846 ostendit;
1861 1778 2108 1834 abunda-

2212 1789 2298 1862 ροὶ
2329 1783 2462 1841 εἶεν.
2503 1787 2563 1840 '0
2595 1784 2652 1838 δὲ
2680 1785 2805 1849 τοὺς
2837 1783 3026 1852 φίλους
3055 1779 3274 1846 ἔδειξεν,
3311 1776 3545 1848 ηὐπόρει
3587 1774 3696 1844 γὰρ
3721 1767 3806 1826 οἷ-

524 1876 620 1931 bat
650 1874 820 1940 enim,
865 1879 929 1928 ut
978 1880 1145 1943 puto,
1198 1868 1516 1941 huiusmodi
1550 1868 1717 1933 viris,
1774 1868 1966 1938 quales
2004 1882 2109 1939 ego

523 1982 745 2040 quoque
765 1965 970 2031 inveni,
1002 1974 1112 2019 tua:
1150 1964 1462 2019 sanctitatis
1485 1962 1740 2017 notitiam
1763 1962 2110 2032 adeptus.'Et

523 2069 673 2116 certe
712 2060 1037 2114 thesaurum
1082 2055 1231 2112 hunc
1276 2063 1397 2111 arte
1439 2055 1781 2125 complector
1826 2064 1884 2111 et
1925 2070 2106 2121 servo,

523 2166 651 2206 eum
686 2151 743 2204 in
772 2162 940 2204 aurea
968 2148 1248 2212 columna,
1272 2145 1379 2201 hoc
1400 2152 1486 2201 est
1510 2145 1568 2200 in
1599 2145 1768 2201 corde
1798 2145 2111 2201 sanctitatis

525 2254 633 2298 tuae
665 2239 931 2296 memoria
959 2239 1068 2294 mei
1094 2238 1366 2308 insculpta
1394 2235 1584 2291 fuerit.
1623 2235 1778 2292 Hanc
1808 2251 1939 2307 ergo
1973 2237 2110 2291 mihi

526 2334 582 2388 in
603 2342 871 2387 atomum
902 2338 1143 2397 servate,
1169 2339 1287 2384 tum
1312 2343 1403 2385 me
1418 2328 1698 2399 dignando
1720 2330 1989 2385 memoria
2012 2345 2108 2384 ve-

525 2435 659 2489 stra,
702 2433 817 2478 tum
849 2439 950 2493 per
986 2422 1202 2477 litteras
1225 2419 1665 2490 complectendo.
1703 2418 1837 2486 Qua:
1874 2435 2008 2476 vero
2040 2421 2111 2477 ad

525 2514 807 2585 negotium
828 2519 1099 2583 spectant,
1123 2510 1495 2581 quomodolse
1518 2510 1781 2576 habeant,
1817 2510 1950 2582 quid
1979 2511 2111 2566 atti-

525 2614 621 2658 net
663 2603 896 2659 dicere?
920 2602 1141 2674 Sisyphi
1180 2616 1374 2657 saxum
1410 2601 1593 2657 adhuc
1629 2601 1938 2668 volvimus;
1974 2612 2033 2658 et
2061 2605 2111 2659 si

528 2697 805 2752 interdum
846 2696 914 2750 ad
947 2694 1111 2751 ﬁnem
1154 2694 1491 2760 accedimus,
1532 2709 1727 2751 saxum
1761 2694 1818 2749 in
1853 2696 2112 2750 eumdem

526 2797 653 2845 ante
686 2788 884 2845 recidit
914 2789 1119 2852 locum,
1143 2800 1309 2857 quam
1353 2786 1633 2857 fastigium
1675 2796 1991 2856 superetur,
2035 2786 2111 2842 ita

527 2890 591 2937 ut
617 2882 804 2947 nullus
824 2879 987 2934 nobis
1011 2878 1084 2933 sit
1115 2886 1247 2937 ante
1279 2885 1666 2947 susceptorum
1698 2877 1952 2933 laborum
1991 2878 2110 2933 fru-

528 2982 670 3028 etus.
700 2973 908 3026 Vestra:
940 2979 1122 3023 tamen
1152 2983 1345 3038 preces
1378 2967 1640 3033 efficient,
1672 2977 1733 3023 ut
1753 2969 1861 3025 hoc
1891 2969 2111 3024 tandem

530 3063 1132 3137 superimponaturaet
1166 3075 1266 3117 nos
1295 3058 1661 3115 incommodis
1696 3059 2019 3127 liberemur,
2055 3070 2112 3116 et

531 3158 587 3212 in
610 3158 755 3211 idem
787 3155 1026 3211 invicem
1052 3154 1449 3209 conveniamus
1475 3170 1487 3205 :
1512 3152 1632 3207 'boc
1657 3151 1805 3208 enim
1825 3160 1961 3221 puto
1991 3153 2112 3209 diu-

533 3254 711 3310 turnis
743 3251 1030 3307 laboribus
1060 3250 1222 3305 finem
1253 3265 1375 3305 esse
1398 3249 1813 3319 impositurum.

972 3340 1218 3398 XXXIX.
1265 3340 1682 3397 EUSTRATIO.

602 3458 658 3513 Si
693 3458 938 3527 ignotum
968 3455 1149 3509 virum
1182 3452 1602 3524 magnificentia:
1638 3462 1744 3508 tute
1762 3453 2116 3509 commcnda-

533 3559 691 3604 turus
719 3562 920 3611 essem,
951 3555 1238 3617 oporteret
1263 3559 1351 3600 me
1374 3544 1662 3614 prooemiis
1704 3554 1761 3599 et
1797 3546 2115 3600 narratione

532 3647 636 3701 uti.
670 3638 960 3697 referendo
976 3639 1102 3708 quis
1116 3644 1285 3700 esset,
1309 3646 1367 3691 et
1393 3636 1563 3700 unde,
1588 3646 1645 3690 et
1674 3638 1853 3707 cujus,
1871 3646 1927 3691 et
1942 3651 2117 3706 quan-

533 3745 650 3789 tum
679 3735 733 3788 in
763 3729 1050 3802 psallendo
1085 3744 1202 3784 non
1237 3728 1487 3783 viventes
1512 3737 1748 3793 tantum,
1784 3729 1879 3783 sed
1913 3738 1971 3782 et
1997 3744 2115 3782 ma-

529 3829 678 3895 jores
717 3832 936 3878 nostros
964 3820 1258 3891 superarit.
1286 3821 1489 3876 Verum
1518 3828 1594 3883 te,
1621 3835 1787 3890 quem
1830 3836 1979 3890 saepe
2013 3821 2116 3874 ho-

532 3925 689 3970 nesta
716 3914 997 3983 voluptate
1036 3928 1100 3967 ac
1123 3911 1491 3967 delectatione
1534 3911 1593 3965 in
1631 3910 1839 3967 divinis
1884 3911 2120 3966 canticis

532 4006 646 4075 ipsc
675 4003 940 4075 implevit,
985 4002 1251 4059 brevibus
1284 4002 1539 4065 obsecro,
1586 4008 1647 4055 ut
1684 4017 1808 4071 quae
1839 4001 2115 4067 instituit,

532 4095 714 4151 facilia
751 4095 830 4151 illi
859 4094 1079 4159 reddas,
1109 4101 1277 4164 atque
1299 4100 1363 4147 ut
1391 4108 1493 4163 per
1516 4108 1577 4149 se
1610 4093 1788 4163 ipsum
1821 4101 1879 4148 et
1900 4094 2116 4165 magni-

534 4185 876 4242 ficentissimi
903 4185 1124 4241 comitis
1139 4199 1266 4255 0pc,
1293 4184 1624 4239 calumniam
1655 4184 1759 4239 sibi
1786 4200 1885 4253 per
1908 4184 2119 4253 aliquot

533 4278 939 4336 obtrectatores
994 4277 1322 4332 instructam
1366 4276 1612 4347 effugiat.
1668 4276 1876 4331 Nostra
1931 4277 2117 4349 itaque

539 4384 707 4425 causa
731 4368 803 4423 da
826 4382 1073 4438 operam,
1102 4376 1159 4423 et
1189 4367 1298 4421 hoc
1330 4367 1406 4421 ilii
1436 4377 1654 4438 praesta,
1688 4379 1751 4424 ut
1775 4370 1958 4423 omnis
1987 4385 2119 4424 con-

2216 1897 2335 1953 μαι,
2364 1876 2646 1941 τοιούτων,
2670 1876 2815 1937 οἴους
2845 1867 3005 1946 εὖρον
3035 1870 3191 1939 κάγὼ
3222 1870 3319 1925 νῦν
3351 1870 3430 1932 είς
3451 1865 3655 1935 γνῶσιν
3696 1864 3805 1934 τῆς

2213 1971 2485 2043 ὑμετέρας
2507 1968 2786 2038 ὁσιότητος
2810 1964 3001 2022 ἐλθών.
3026 1965 3139 2019 Καὶ
3158 1964 3354 2033 ἔχομαι
3373 1958 3468 2014 τοῦ
3495 1956 3802 2030 θησαυροῦ,

2212 2064 2309 2119 καὶ⁸
2351 2061 2608 2133 φυλάττω
2644 2060 2854 2121 τοῦτον,
2897 2060 3071 2129 χρυσῇ
3116 2057 3286 2127 στήλῃ
3331 2056 3399 2125 τῇ
3448 2051 3649 2122 καρδίᾳ
3701 2049 3806 2119 τῆς

2213 2154 2488 2225 ὑμετέρας
2515 2151 2795 2220 ὁσιότητος
2825 2147 3137 2218 ἐγχαράξας
3165 2146 3263 2216 τὴν
3290 2144 3529 2214 μνήμην.
3558 2138 3674 2193 Καὶ
3697 2155 3795 2205 φυ-

2211 2243 2436 2300 λάττετέ
2471 2260 2561 2315 μοι
2602 2241 2805 2311 ταύτην
2839 2243 2921 2302 είς
2960 2238 3070 2301 ἀεὶ,
3099 2236 3194 2291 καὶ
3228 2235 3449 2306 μνήμης
3478 2230 3763 2299 ἀξιοῦντες
3784 2271 3802 2297 ,

2213 2334 2308 2388 καὶ
2324 2332 2616 2404 γράμμασι
2633 2328 3083 2400 δεξιούμενοι.Τὰ
3107 2326 3165 2379 δὲ
3184 2324 3277 2378 τοῦ
3300 2324 3626 2394 πράγματος
3651 2321 3805 2384 ὅπως

2212 2425 2346 2496 ἔχοι,
2369 2424 2422 2477 τί
2444 2424 2527 2477 δεῖ
2547 2421 2728 2485 λέγειν
2753 2437 2768 2486 ;
2796 2419 3055 2489 Σισύφιον
3076 2418 3274 2487 πέτρον
3298 2415 3593 2468 κυλιόντων
3618 2411 3798 2482 ἡμῶν*

2212 2519 2308 2573 καὶ
2338 2517 2467 2570 ὅταν
2498 2515 2633 2586 πρὸς
2671 2512 2751 2583 τῷ
2785 2513 2930 2565 τέλει
2959 2508 3271 2580 γενώμεθα,
3298 2507 3429 2580 πρὶν
3456 2506 3489 2576 ἢ
3524 2503 3805 2574 ὑπερϐάλ-

2212 2609 2403 2663 λεσθαι
2432 2608 2526 2661 τὸν
2550 2607 2713 2677 λόφον
2741 2606 2835 2659 ἐπὶ
2873 2603 2945 2658 τὰ
2972 2603 3113 2656 αὐτὰ
3142 2601 3447 2672 φερομένου
3487 2596 3581 2651 τοῦ
3609 2595 3802 2658 λίοου,

2212 2701 2289 2765 ὡς
2318 2700 2485 2771 μηδὲν
2504 2696 2644 2752 εἶναι
2660 2697 2768 2750 τῶν
2792 2694 3172 2769 πῳλαόὀντων
3191 2693 3382 2762 ὄφελος
3404 2691 3601 2744 πόνων.
3640 2687 3807 2742 Ἀλλὰ

2211 2794 2322 2846 τῶν
2368 2791 2652 2862 ὑμετέρων
2684 2789 2859 2861 εὐχῶν
2909 2788 3073 2859 ἔργον
3118 2787 3407 2856 γενήσεται
3431 2821 3446 2846 ,
3481 2784 3577 2836 καὶ
3609 2779 3805 2833 τοῦτον

2215 2884 2580 2957 ὑπερτεθῆναι
2604 2899 2755 2944 ποτε,
2783 2883 2877 2935 καὶ
2903 2881 3047 2950 ὑμᾶς
3067 2879 3337 2948 ἀφεθῆναι
3361 2876 3470 2930 τῶν
3492 2873 3803 2943 δυσχερῶν.

2216 2978 2309 3030 καὶ
2337 2979 2414 3039 είς
2448 2975 2645 3028 ταυτὸν
2672 2972 2924 3043 ἀλλήλοις
2954 2970 3152 3024 ἐλθεῖνο
3187 2968 3347 3023 τοῦτο
3376 2968 3484 3039 γὰρ
3510 2961 3662 3035 οἶμαι
3692 2962 3804 3016 τῶν

2218 3069 2446 3139 μακρῶν
2485 3067 2663 3120 πόνων
2690 3062 3016 3135 γενήσεσθαι
3048 3060 3240 3131 πέρας.

2720 3339 2847 3397 Αθο.
2887 3336 3292 3408 ΕΥΣΤΡΔΤΙῼ.

2286 3459 2350 3511 Et
2376 3456 2598 3525 ἀγνῶτα
2624 3458 2691 3527 τῇ
2721 3454 3121 3525 Θαυμασιότητί
3152 3469 3249 3505 σου
3288 3448 3606 3504 συνιστάναι
3635 3446 3804 3516 ἔμελ-

2214 3552 2326 3614 λον,
2360 3551 2473 3604 ἔδει
2506 3564 2596 3620 μοι
2635 3547 2957 3619 προοιμίων,
2985 3545 3079 3599 κα)⁵
3111 3546 3211 3615 τῆς
3242 3542 3373 3611 περὶ
3399 3539 3566 3595 αὐτοῦ
3600 3538 3805 3607 διηγή-

2216 3657 2375 3705 σεως,
2404 3638 2512 3706 τίς,
2539 3640 2633 3692 καὶ
2667 3638 2852 3703 πόθεν,
2883 3637 2980 3690 καὶ
3009 3635 3273 3699 ποδαπὸς,
3296 3634 3389 3687 καὶ⁸
3414 3632 3539 3685 ὅσον
3566 3629 3647 3697 τῷ
3666 3629 3808 3698 ψάλ-

2215 3734 2327 3787 λειν
2351 3733 2461 3785 τῶν
2486 3731 2666 3786 tre-vf»:
2691 3731 2787 3783 καὶ
2816 3729 3103 3799 προτέρων
3130 3726 3495 3799 κεκράτηκεν.
3535 3720 3809 3775 ’Πσοέντα

2215 3826 2275 3880 δέ
2300 3843 2361 3879 σε
2390 3825 2653 3888 πολλάκις
2672 3824 2739 3876 δι’
2766 3821 2930 3876 αὑτοῦ
2955 3825 3067 3885 τοῖς
3093 3821 3260 3883 θείοις
3284 3820 3491 3891 ᾄσμασι
3525 3815 3667 3885 μετὰ
3697 3813 3805 3868 σώ-

2202 3934 2414 3989 ,φρονος
2434 3916 2625 3986 ἡδονῆς
2643 3953 2657 3976 ,
2686 3913 3049 3985 ὲξευμαρίσαι
3076 3910 3225 3982 αὐτῷ
3248 3906 3554 3981 παρακαλῶ
3574 3904 3645 3958 τὰ
3677 3920 3808 3974 προ-

2217 4008 2446 4079 κείμενα
2466 4046 2481 4073 ,
2515 4008 2611 4059 καὶ
2641 4006 2707 4058 δι’
2744 4004 2940 4059 ἑαυτοῦ
2962 4044 2977 4070 ,
3014 4003 3111 4057 καὶ
3132 4002 3222 4056 διὰ
3250 3999 3345 4054 τοῦ
3385 3997 3807 4069 μεγαλοπρεπε-

2219 4100 2417 4155 στάτου
2461 4099 2702 4169 κόμητος
2746 4096 3018 4167 ἀφεθῆναι
3062 4095 3225 4150 αὐτὸν
3270 4096 3370 4164 τῆς
3422 4092 3486 4144 ὲκ
3543 4086 3808 4156 διαϐολῆς

2218 4194 2372 4263 παρά
2402 4208 2564 4245 τινων
2599 4190 2900 4262 γενομένης
2927 4188 3310 4258 συκοφαντίας.
3340 4182 3804 4256 Παρασκεύασαι,

2217 4288 2312 4342 καὶ
2336 4286 2425 4350 δὸς
2449 4285 2550 4357 τὴν
2588 4284 2772 4355 χάριν,
2799 4284 2868 4337 δι’
2906 4284 3056 4353 ἡμᾶς
3084 4281 3448 4348 ἀπωσάμενος
3485 4276 3546 4329 τὸ
3570 4272 3809 4342 φιλόνει-

2218 4396 2335 4446 κον,
2379 4379 2468 4433 ἵνα
2505 4378 2579 4449 μὴ
2614 4378 2835 4449 ἔλεγχος
2873 4378 3008 4448 ἡμῖν
3038 4374 3101 4430 τὸ
3129 4375 3360 4445 πρᾶγμα
3412 4366 3808 4436 πεπλασμένης

537 4458 712 4514 tentio
754 4473 818 4511 ac
851 4457 1153 4527 pertinacia
1198 4458 1518 4527 repellatur,
1562 4473 1633 4513 ne
1678 4458 1818 4514 lietse
1860 4460 2110 4516 amicitim

2225 4471 2408 4541 φιλίας
2437 4469 2697 4541 γένηταν
2727 4468 2995 4536 λυπήσεις
3036 4465 3148 4535 γὰρ
3175 4466 3277 4517 οὐκ
3310 4462 3409 4531 ἐμὲ
3443 4460 3625 4530 μόνον.
3669 4454 3813 4509 ἀλλὰ.

535 4557 721 4604 notam
776 4548 940 4604 nobis
982 4548 1091 4603 hoc
1135 4547 1414 4619 negotium
1463 4549 1649 4604 inurat
1691 4568 1704 4603 :
1740 4550 1927 4605 dolore
1966 4552 2111 4606 enim

534 4656 645 4696 non
688 4656 776 4695 me
819 4639 1103 4705 duntaxat,
1138 4640 1235 4696 sed
1282 4641 1589 4697 Ecclesiam
1622 4657 1843 4711 quoque
1881 4653 2114 4699 matrem

534 4745 683 4786 tuam
713 4731 937 4797 aﬂicics,
973 4733 1017 4787 si
1047 4734 1230 4788 obiter
1263 4749 1327 4789 ac
1350 4732 1726 4803 perfunctorie
1762 4736 2118 4792 commenda-

534 4822 740 4878 tionem
776 4823 937 4880 istam
972 4823 1227 4892 accipies.

2223 4565 2321 4620 καὶ
2355 4564 2455 4637 τὴν
2486 4562 2700 4635 μητέρα
2733 4578 2826 4615 σου
2854 4560 2953 4630 τὴν
2992 4558 3319 4628 Ἐκκλησίαν
3344 4558 3402 4610 ὲν
3428 4553 3693 4623 παρέργῳ
3718 4549 3809 4601 δε-

2226 4658 2460 4728 ξάμενος
2482 4655 2583 4726 τὴν
2614 4652 2979 4723 παράκλησιν.

1633 5027 1788 5084 LUD.
1832 5029 1993 5085 ΛΝΤ.
2036 5030 2423 5089 MURATORII
2461 5029 2688 5087 ΝΟΤᾸΞ.

533 5236 768 5292 certum,
820 5226 1204 5298 nempeiintcr
1250 5223 1611 5298 ferventiores
1656 5227 1967 5298 episcopos,
2016 5229 2113 5298 qui

533 5298 712 5352 eidem
768 5293 1067 5353 universali
1135 5293 1714 5367 conciliointerfuere
1768 5293 2110 5367 impiumque

533 5367 845 5421 Nestorium
878 5367 1231 5437 damnavere,
1271 5366 1596 5437 scriptorem
1623 5379 1878 5437 nostrum
1926 5366 2111 5437 excel-

536 5437 727 5509 luisse,
760 5447 813 5490 et
849 5436 1277 5509 saneto_Cyrillo
1304 5436 1521 5509 semper
1549 5437 1605 5491 in
1633 5436 1907 5509 sententia
1930 5436 2112 5493 feren-

535 5507 616 5587 da.
632 5505 799 5587 fuisse
834 5505 1183 5587 concordem,
1224 5507 1389 5562 sicuti
1417 5505 1537 5580 ejus
1575 5507 1796 5561 concilii
1814 5506 1948 5560 Acta
1984 5523 2114 5577 per-

536 5584 725 5644 spicue
751 5584 1042 5632 testantur.

611 5645 721 5716 (54)
755 5646 813 5717 In
860 5646 1359 5717 subscriptionibus
1393 5645 1860 5701 Chalcedonensis
1890 5647 2113 5700 concilii

539 5715 866 5771 meumenici
897 5715 1237 5771 memoratur
1259 5716 1522 5786 Valerius,
1542 5717 1812 5773 Laodicew
1839 5717 2118 5771 Pha’nicia:

2222 5235 2512 5304 episcopus.
2537 5232 2619 5304 An
2654 5230 2799 5285 idem
2841 5244 2965 5304 cum
3006 5230 3130 5304 isto
3140 5224 3334 5304 fuerit,
3368 5224 3653 5304 ad_quem_
3674 5222 3818 5278 scri-

2222 5293 2305 5357 bit
2328 5293 2564 5366 Firmus,
2603 5303 2896 5355 incertum.
2918 5298 3154 5354 Nestorii
3180 5311 3345 5352 causa
3368 5293 3538 5351 fuisSc
3562 5293 3815 5366 videtur.

2211 5388 2378 5444 quam
2423 5363 2660 5443 scriptor
2692 5379 2883 5444 noster
2924 5370 3099 5424 amice
3123 5366 3385 5444 componi
3428 5363 3817 5444 posse_baud-

2212 5435 2489 5513 quaquam
2520 5435 2730 5497 censet.
2761 5441 2902 5513 Iliae
2933 5454 3085 5493 more
3120 5435 3341 5513 Sisyphi
3363 5450 3566 5513 saxum
3602 5435 3819 5513 frustra

2211 5502 2422 5569 versari
2466 5513 2560 5568 ait.
2589 5512 2723 5579 Quae
2748 5511 2797 5564 si
2823 5526 2956 5564 vera
2990 5518 3153 5571 sunt,
3185 5502 3543 5579 ad—Ephesini
3584 5502 3817 5579 concilii

2214 5592 2462 5653 tempora
2510 5574 2883 5653 intélligimus
2947 5577 3294 5636 referendam
3330 5574 3473 5631 esse
3514 5574 3819 5644 epistolam

2216 5654 2399 5708 istam.
