4076 6500
354 350 488 413 1509

932 460 1020 514 M'.
1062 458 1342 530 ΕΥΠΝΙῼ.

424 577 520 640 Είς
569 575 767 647 καιρὸν
805 573 986 627 ἔοικεν
1027 573 1062 644 ἡ
1098 571 1223 644 δίκη
1267 571 1655 644 τεταμιεῦσθαι
1694 570 1829 642 τῷδε
1856 572 1936 634 είς

351 672 563 743 ἄμυναν
583 662 656 725 ὧν
680 667 958 739 ἠδίκησεν,
974 666 1077 721 ὑπὸ
1096 667 1181 720 σοὶ
1203 669 1366 740 κριτῇ
1382 667 1482 738 τῆς
1497 666 1652 738 δίκης
1673 665 1937 738 βραϐευοο

355 764 543 837 μένης.
570 762 682 818 Καὶ
703 759 1062 828 καταξίωσον,
1104 759 1429 832 παρακαλῶ,
1481 759 1689 831 μαθὼν,
1719 760 1818 813 ὅσα
1844 775 1934 812 τε-

350 855 615 926 τόλμηται
647 853 799 925 αὐτῷ
821 853 962 908 κατὰ
989 850 1176 917 τοῦδε,
1202 851 1295 905 καὶ
1325 851 1632 919 ἐπεξελθεῖν
1665 851 1935 925 ἀνδρικῶς

348 948 416 1018 τῇ
442 944 720 1011 ὑποθέσει,
748 945 845 998 καὶ
879 942 1142 1014 βοηθῆσαι
1177 941 1257 1013 τῷ
1290 942 1622 1014 ἠδικημένῳ,
1660 943 1753 997 καὶ
1782 943 1936 1008 δίκας

348 1036 751 1108 εἰσπράξασθαι
802 1035 894 1091 τὸν
937 1032 1229 1088 ἀδικοῦντα
1253 1073 1269 1098 ,
1317 1033 1418 1103 τῆς
1465 1033 1594 1105 περὶ
1629 1033 1690 1087 τὸ
1730 1033 1934 1088 δίκαιον

347 1129 643 1203 γινομένης
673 1129 911 1200 σπουδῆς
938 1128 1019 1191 είς
1045 1125 1322 1198 ἡμετέραν
1349 1126 1670 1198 περιουσίας
1696 1128 1882 1198 τιμήν.

619 1410 761 1470 MA'.
802 1412 1096 1488 ΕΛΛΔΔΙῼ
1131 1414 1481 1487 ΕΠΙΣΚΟΠῼ
1518 1414 1656 1486 (35).

1811 343 2188 402 EPISTOLAE.

1958 462 2009 517 -Α

418 1520 649 1580 Γύναιον
678 1526 952 1600 μοχθηρὸν
974 1527 1388 1599 ἀποταξάμενον
1413 1527 1678 1600 πρότερον
1711 1527 1787 1598 τῷ
1809 1526 1930 1599 βίῳ,
1984 1514 1985 1517 η

347 1614 468 1671 εἶτα
493 1617 559 1671 δι’
591 1618 861 1673 ἀσωτείαν
894 1620 975 1684 είς
1002 1620 1111 1674 πᾶν
1138 1620 1394 1684 ἀσεϐείας
1418 1619 1704 1693 ὲληλακὸς,
1736 1621 1933 1692 μικρὸν

348 1705 695 1776 ἡγησάμενον
725 1706 1031 1776 ψεύσασθαι
1066 1709 1165 1779 τὴν
1192 1708 1417 1781 πρώτην
1450 1709 1766 1779 ὁμολογίαν,
1804 1727 1933 1764 συν-

3482 353 3613 410 ιδιο

2619 460 2726 515 XL.
2765 462 3035 517 EUPNIO.

2106 572 2236 627 Viro
2282 572 2413 627 huic
2444 572 2664 627 videtur
2711 588 2874 643 pmna
2908 584 3215 645 opportune
3266 576 3320 630 in
3368 578 3614 633 futurum

2035 662 2203 718 dilata
2234 664 2301 719 ad
2325 680 2518 719 eorum
2558 666 3026 735 propulsationem
3057 682 3178 737 quae
3222 676 3432 737 patrata
3461 680 3612 734 sunt,

2036 770 2199 810 causa
2258 756 2360 810 sub
2412 764 2464 811 te
2499 755 2683 826 judice
2738 757 3056 813 constituta.
3103 759 3338 814 Proinde
3364 761 3615 831 dignare,

2035 860 2241 915 quasso,
2272 845 2486 901 discere
2515 861 2860 916 quaecunque
2882 856 3079 902 contra
3112 848 3262 904 hunc
3286 851 3510 906 molitus
3532 861 3617 907 est

2036 936 2386 992 adversarius
2408 977 2422 1003 ,
2458 946 2514 991 et
2544 945 2764 992 causam
2788 939 3025 996 viriliter
3048 956 3332 1013 peragere,
3370 953 3425 997 et
3450 960 3613 1016 opem

2035 1027 2237 1099 injuste
2264 1042 2532 1098 Oppresso
2571 1028 2792 1094 afferre,
2822 1038 2880 1085 et
2910 1031 2980 1085 ab
3028 1032 3227 1101 injuste
3270 1034 3614 1103 opprimente

2034 1130 2227 1186 poenas
2278 1117 2517 1188 exigere,
2566 1117 2928 1189 sedulamque
2962 1120 3035 1177 .in
3074 1121 3347 1191 implenda
3398 1124 3614 1196 iustitia

2032 1221 2256 1276 operam
2282 1208 2567 1273 adhibere,
2602 1217 2665 1264 ut
2692 1208 2932 1265 cilicium
2967 1212 3072 1267 hoc
3103 1228 3288 1268 meum
3315 1216 3615 1273 aestimasse

2033 1296 2293 1355 videaris.

2374 1410 2514 1466 XLI.
2542 1412 2890 1469 HELLADIO
2922 1412 3276 1472 EPISCOPO.

2106 1520 2347 1577 Scelesta
2369 1522 2696 1579 muliercula
2720 1540 2842 1595 qua:
2863 1527 3045 1596 primo
3064 1529 3491 1587 renuntiaverat
3510 1548 3616 1590 sm.

2033 1611 2181 1677 culo,
2197 1611 2398 1669 deinde
2424 1612 2659 1670 luxuriae
2680 1631 2847 1671 causa
2861 1616 2917 1671 in
2933 1632 3151 1672 omnem
3169 1617 3511 1690 impietatem
3536 1625 3620 1680 ef-

2034 1700 2153 1759 fusa
2176 1712 2280 1770 est,
2299 1720 2530 1775 quaeque
2548 1722 2740 1776 parum
2776 1707 2929 1763 ducit
2951 1709 3005 1764 id
3029 1711 3174 1780 quod
3193 1712 3349 1781 prius
3370 1713 3618 1783 professa

346 1795 495 1867 έργῳ
538 1795 618 1867 τῷ
669 1798 1092 1871 κεκοινωνηκότι
1137 1800 1238 1871 τῆς
1295 1800 1572 1871 ἁμαρτίας
1623 1801 1926 1873 χρώμενον,

2034 1792 2218 1849 fuerat
2255 1797 2518 1867 operibus
2557 1814 2707 1854 nunc
2749 1799 3083 1869 improbare,
3114 1818 3346 1873 quaeque
3366 1804 3617 1877 adjutore

345 1885 567 1954 ἐφόδους
596 1886 895 1959 ἐτόλμησεν
924 1888 1067 1944 κατὰ
1110 1890 1293 1960 τῆσδε,
1324 1892 1419 1946 καὶ
1445 1893 1554 1946 τῶν
1586 1891 1755 1948 ὄντων
1790 1895 1929 1967 αὐτῇ

342 1973 621 2046 ἁρπαγὰς,
652 1976 748 2031 καὶ
781 1977 1132 2051 ἀνδραπόδων
1165 1979 1519 2054 ἀφαιρέσεις,
1555 1983 1813 2052 οὐδεμίαν
1843 1985 1931 2038 έλ-

342 2061 531 2117 λεῖπον
560 2062 861 2137 μοχθηρίας
886 2065 1190 2139 ὐπερϐολὴν
1217 2069 1298 2132 είς
1315 2069 1376 2122 τὸ
1403 2069 1722 2140 προσθεῖναι
1750 2073 1930 2145 ἀμαρ-

341 2151 464 2223 τίίας
508 2155 595 2225 ἐφ’
625 2156 938 2228 ἁμαρτίαις.
984 2156 1154 2212 Τοῦτο
1200 2158 1306 2213 ὑπὸ
1342 2160 1442 2231 τὴν
1477 2160 1577 2233 σὴν
1618 2161 1928 2217 θεοσέϐειαν

346 2248 701 2318 μετοικῆσαν,
735 2249 831 2303 καὶ
860 2248 961 2319 τῆς
990 2250 1071 2314 είς
1102 2249 1194 2304 τὸν
1231 2251 1467 2321 Χριστὸν
1495 2254 1805 2324 ἀρνήσεως,
1834 2255 1929 2309 καὶ

341 2337 454 2415 Ιιζίῖιν
484 2338 622 2409 μετά
642 2339 816 2394 ταῦτα
840 2340 1207 2412 τολμωμένων
1234 2342 1630 2415 εἰσπραχθῆναι
1657 2344 1813 2409 δίκας
1838 2362 1929 2399 κε-

343 2429 591 2486 λευσάτω
638 2432 673 2504 ἡ
721 2432 938 2507 ὁσιότης
994 2452 1131 2502 σου,
1179 2435 1275 2488 καὶ
1307 2435 1763 2509 ἀποκηρυχθῆναι
1796 2439 1929 2492 αὐτὸ

344 2520 527 2592 πάσης
553 2522 1016 2594 ὲκκλησιαστικῆς
1032 2524 1337 2591 κοινωνίας,
1361 2528 1410 2580 εἰ
1436 2526 1535 2599 μὲν
1554 2527 1925 2600 δοκιμάσειας,

324 2604 442 2664 καὶ
467 2611 576 2666 ἀεί’
609 2611 657 2665 εί
681 2611 739 2667 δὲ
773 2612 852 2687 μὴ
880 2613 1058 2682 τοῦτο,
1086 2614 1215 2687 ἄχρι
1239 2617 1371 2686 γοῦν
1399 2617 1499 2690 τῆς
1536 2619 1632 2673 τοῦ
1660 2620 1926 2694 πράγμα-

342 2717 436 2769 τος
463 2703 829 2782 διορθώσεως.

643 2816 777 2873 MB’.
814 2804 1072 2875 AANIHA
1107 2821 1456 2895 ΕΠιΣκοΠο
1487 2825 1622 2897 (56).

415 2930 482 2984 Εί
499 2924 568 3000 ἦν
596 2928 843 3002 σύμϐολα
859 2933 961 3003 τῆς
991 2934 1364 3004 προαιρέσεως
1387 2937 1480 2990 ἐπὶ
1507 2937 1600 2991 τοῦ
1631 2941 1925 3009 προσώπου

2032 1885 2301 1956 participe
2330 1887 2542 1957 peccati
2575 1889 2769 1956 utitur,
2799 1890 3141 1948 incursiones
3166 1894 3345 1951 facere
3377 1912 3509 1952 ausa
3532 1908 3619 1953 est

2032 1975 2300 2032 adversus
2334 1978 2493 2033 istam
2515 2019 2530 2043 ,
2570 1978 2712 2034 bona
2744 1982 2865 2050 ejus
2901 1981 3172 2052 diripere,
3210 1987 3481 2057 mancipia
3509 1990 3616 2042 tol—

2030 2066 2167 2133 lere,
2202 2069 2417 2123 nullum
2446 2070 2766 2140 relinquens
2786 2072 3012 2127 sceleris
3043 2089 3218 2144 genus
3240 2076 3506 2132 intactum
3533 2091 3617 2136 at-

2030 2174 2138 2229 que
2187 2160 2466 2225 inausum,
2508 2169 2571 2214 ut
2608 2162 2889 2232 prioribus
2927 2162 3150 2236 ﬂagitiis
3193 2183 3336 2223 nova
3364 2169 3611 2226 adderet.

2029 2249 2113 2303 Ab
2144 2249 2246 2306 hac
2277 2248 2445 2321 igitur
2471 2249 2675 2305 femina
2712 2266 2835 2321 quae
2875 2252 2944 2308 ad
2974 2254 3234 2323 pietatem
3263 2265 3411 2313 tuam
3441 2258 3617 2314 demi-

2030 2341 2226 2410 gravit,
2257 2341 2403 2412 quod
2428 2340 2709 2396 Christum
2736 2345 3039 2413 negaverit,
3075 2346 3224 2417 quod
3241 2349 3487 2417 posthaec
3507 2351 3615 2407 alia

2031 2432 2347 2498 tentaverit,
2381 2442 2573 2503 punias
2596 2435 2740 2507 exigi
2774 2436 2968 2507 jubeat
3001 2438 3264 2494 sanctitas
3308 2449 3420 2505 tua,
3450 2443 3615 2512 eique

2030 2522 2179 2575 omni
2206 2523 2575 2579 ecclesiastica
2595 2526 2985 2582 communione
3018 2527 3315 2585 interdieat
3335 2532 3392 2586 in
3414 2548 3612 2604 perpe-

2031 2612 2209 2678 tuum’,
2238 2614 2283 2668 si
2312 2610 2409 2670 tibi
2438 2610 2741 2686 placuerit;
2769 2619 2857 2672 sin
2886 2619 3091 2685 minus,
3127 2621 3303 2678 donec
3333 2638 3393 2680 se
3419 2624 3487 2679 ad
3510 2624 3614 2681 bo-

2030 2717 2155 2757 nam
2176 2702 2388 2774 frugem
2408 2705 2679 2775 receperit
2700 2716 2758 2760 et
2780 2722 2896 2761 rem
2935 2709 3331 2767 emendaverit.

2383 2817 2545 2874 XLII.
2593 2820 2872 2875 DANIELI
2897 2819 3248 2879 EPISCOPO.

2101 2927 2158 2983 Si
2181 2928 2450 2998 propositi
2478 2929 2563 2984 sui
2587 2929 2741 3000 signa
2763 2929 2821 2985 in
2855 2930 3011 2984 vultu
3032 2930 3270 3002 improbi
3295 2934 3618 2993 circumfbr-

344 3019 536 3090 φέρειν
567 3020 696 3085 τοὺς
727 3024 1031 3096 πονηροὺς,
1061 3024 1223 3098 ἤρκει
1260 3027 1289 3079 ὁ
1318 3027 1468 3081 δεῖνα
1495 3065 1511 3090 ,
1555 3029 1652 3082 καὶ
1700 3030 1928 3102 μηδενὸς

2032 3025 2177 3081 rent,
2226 3019 2364 3073 satis
2404 3018 2653 3089 quidam,
2698 3020 2786 3075 vel
2826 3021 3052 3076 nemine
3094 3024 3615 3082 accnsationemin-

342 3108 666 3208 ἐπιστάντος
695 3113 762 3183 τῇ
796 3113 1101 3185 κατηγορίᾳ
1122 3154 1138 3179 ,
1164 3113 1354 3184 ὀφθεὶς
1387 3118 1454 3188 τῇ
1493 3115 1779 3192 θεοσεϐείᾳ
1808 3138 1924 3189 σου,
1953 3151 1997 3208 C

343 3201 600 3266 ὑπόδικος
652 3203 907 3273 γενέσθαι
969 3207 1083 3270 τοῖς
1132 3205 1483 3278 τολμηθεῖσιν
1547 3209 1886 3281 ἐγκλήμασιν
1912 3231 1925 3244 ·

343 3291 538 3364 ἐπειδὴ
566 3292 955 3366 λωττοδυτήσας
978 3296 1078 3351 ἀνθ
1088 3295 1304 3369 ρώπους
1318 3298 1590 3364 εὐλαϐεῖς,
1611 3302 1704 3355 καὶ
1734 3303 1930 3372 σεμνὸν

344 3385 660 3456 ᾑρημένους
699 3385 833 3457 βίον,
878 3387 975 3442 καὶ
1024 3388 1292 3461 περιελὼν
1330 3390 1510 3446 αὐτῶν
1547 3391 1648 3456 τὰς
1698 3392 1838 3464 πρὸς
1867 3394 1930 3448 τὸ

345 3477 446 3547 ζῇν
477 3475 764 3549 ἀφορμὰς,
809 3478 1060 3534 ἐντεῦθεν
1090 3481 1332 3552 ἀποδρὰς
1383 3482 1522 3551 πρὸς
1564 3483 1665 3553 τὴν
1696 3483 1802 3538 ὑπὸ
1828 3486 1930 3558 τὴν

346 3566 657 3623 θεοσέϐειαν
695 3587 790 3624 σου
819 3571 1160 3642 τεταγμένην
1197 3572 1431 3645 μετέστη
1452 3612 1468 3639 ,
1497 3574 1684 3629 τοῦτον
1712 3577 1928 3633 ὑποδει-

346 3658 614 3731 κνύμενον
653 3661 909 3716 κέλευσον
943 3663 1037 3716 καὶ
1068 3664 1139 3716 τά
1180 3663 1484 3736 πράγματα
1530 3665 1566 3720 ἀ
1599 3667 1926 3736 ὑπεξέθετο,

344 3751 834 3823 ἀποκαταστῆσαι,
865 3752 961 3807 καὶ
988 3753 1363 3826 παραδοθῆναι
1389 3757 1505 3820 τοῖς
1534 3757 1893 3828 ἀφικομένοις
1910 3801 1925 3825 ,

318 3840 584 3895 Ἐνταῦθα
626 3844 766 3911 μετά
802 3842 929 3910 τούς
974 3840 1232 3916 ἐλέγχους
1271 3847 1353 3911 είς
1398 3850 1776 3920 σωφρονισμὸν
1819 3851 1930 3907 τῶν

344 3929 492 3984 οὐτω
540 3933 944 4007 προῃρημένων
986 3932 1142 4001 δίκας
1181 3936 1467 4005 ὑφέξοντα.
1523 3940 1728 3995 Ἱκανὸν
1758 3942 1815 3995 δὲ
1852 3944 1932 4006 είς

346 4019 628 4092 ἀναίρεσιν
660 4023 997 4096 ἀδικήματος
1029 4026 1090 4079 τὸ
1122 4027 1197 4098 μὴ
1219 4024 1429 4082 οἴεσθαί
1458 4045 1612 4095 τινας
1640 4032 1699 4084 ὲν
1723 4026 1930 4103 ἀλλαγῇ

343 4109 456 4163 τῶν
485 4111 665 4167 τόπων
687 4113 1001 4185 διαφεύγειν
1026 4116 1126 4188 τὴν
1146 4119 1443 4190 τιμωρίαν.
1472 4120 1567 4174 καὶ
1594 4121 1803 4188 αὐτόθι,
1838 4125 1934 4177 καὶ

345 4201 481 4275 παρ’
510 4204 644 4274 ἡμῖν
673 4205 955 4277 ἐπιμελῶς
981 4206 1079 4281 τῆς
1108 4208 1202 4264 τοῦ
1227 4210 1437 4266 δικαίου
1469 4213 1720 4285 φυλακῆς
1755 4232 1932 4286 τιμω-

352 4293 544 4365 μένης.

916 4409 1053 4466 MI".
1092 4410 1350 4484 tNAXto.

2034 3108 2314 3172 tendente,
2339 3125 2371 3164 a
2398 3110 2604 3180 pietate
2640 3118 2733 3165 tua
2767 3121 3120 3182 conspectus,
3153 3122 3498 3183 patratorum
3531 3119 3614 3194 fa-

2032 3200 2285 3256 cinorum
2319 3216 2447 3256 reus
2465 3212 2757 3272 appareret
2788 3222 2801 3257 :
2829 3213 3121 3274 postquam
3150 3206 3299 3260 enim
3330 3208 3451 3277 pios
3467 3210 3619 3265 viros

2032 3300 2088 3347 et
2119 3291 2225 3361 piae
2255 3293 2380 3347 vita:
2407 3293 2649 3348 cultores
2672 3292 2953 3362 expilavit,
2981 3303 3037 3349 et
3065 3310 3187 3364 qua:
3224 3297 3292 3351 ad
3318 3298 3615 3355 vivendum

2031 3384 2343 3438 necessaria
2370 3392 2520 3447 sunt,
2571 3383 2640 3439 ab
2678 3384 2761 3439 eis
2796 3385 3053 3451 abstulit;
3078 3386 3210 3442 hinc
3260 3387 3445 3460 fugam
3474 3392 3616 3446 arri-

2030 3474 2192 3545 piens
2216 3473 2272 3529 in
2307 3474 2588 3546 regionem
2620 3475 2811 3545 pietati
2844 3485 2954 3531 tuae
2996 3477 3305 3547 subjectam
3341 3481 3615 3553 demigra-

2030 3563 2128 3618 vit.
2180 3564 2351 3619 lstum
2417 3565 2586 3636 igitur
2639 3566 2886 3622 indicare
2955 3568 3089 3640 iube
3151 3584 3241 3625 res
3303 3571 3619 3630 subtractas

2031 3654 2453 3727 distraetasque,
2504 3673 2709 3730 easque
2753 3661 3048 3717 restituere
3093 3670 3151 3717 et
3189 3664 3616 3722 advenientibus

2034 3746 2273 3811 tradere,
2297 3748 2407 3810 hic,
2433 3757 2722 3819 postquam
2747 3750 2815 3805 de
2841 3753 3101 3809 omnibus
3120 3756 3407 3811 convictus
3428 3756 3614 3821 fuerit,

2031 3838 2099 3893 ad
2116 3839 2452 3893 coercendos
2469 3853 2563 3894 eos
2580 3841 2673 3910 qui
2700 3840 2842 3895 idem
2861 3843 2984 3896 vitm
3000 3845 3347 3913 propositum
3369 3856 3616 3918 tenuere,

2031 3945 2224 3999 prunas
2253 3930 2583 3985 subiturum.
2611 3932 2752 3986 lllud
2790 3941 2921 3988 vero
2953 3935 3019 3988 ad
3049 3936 3319 3992 tollendas
3344 3938 3398 3992 in
3433 3950 3618 4009 postc—

2035 4022 2396 4094 rnminjurias
2423 4022 2767 4094 aptissimum
2790 4024 2915 4087 erit,
2945 4025 2990 4078 si
3022 4041 3130 4078 non
3161 4027 3418 4081 credatur
3451 4046 3614 4099 quos-

2035 4113 2158 4169 dam
2190 4116 2438 4171 locornm
2460 4115 2766 4170 mutatione
2803 4116 3065 4170 ultionem
3093 4123 3257 4187 atque
3303 4119 3617 4190 castigatio-

2035 4221 2161 4260 nem
2195 4207 2371 4261 vitare
2396 4206 2601 4277 "posse,
2653 4214 2965 4276 patentque,
2994 4215 3109 4260 tum
3135 4207 3276 4272 istic,
3313 4219 3425 4263 tum
3467 4209 3615 4279 apud

2035 4313 2158 4362 nos,
2180 4297 2271 4369 jus
2298 4297 2568 4367 integrum
2601 4296 2892 4367 diligenter
2915 4298 3143 4353 servari.

2617 4412 2804 4469 XLIII.
2832 4413 3128 4470 l-NACIIIO.

426 4522 663 4592 Ἤνεγκε
685 4523 782 4579 καὶ
806 4521 930 4578 καθ’
950 4524 1099 4594 ἡμᾶς
1123 4523 1314 4594 χρόνος
1349 4523 1567 4594 Ἑλένην
1589 4522 1701 4594 (57)
1725 4524 1930 4578 Λάκαι-

2110 4526 2366 4581 llabuere
2411 4534 2600 4580 nostra
2645 4525 2812 4579 etiarn
2853 4536 3102 4597 tempora
3148 4526 3408 4582 llelenam
3435 4527 3619 4585 Lauc-

1430 4651 1434 4655 ‘
1486 4656 1611 4714 .UD.
1652 4656 1813 4712 ANT.
1855 4640 2240 4713 nunaronn
2277 4655 2502 4713 now.

425 4779 541 4853 (55)
563 4778 842 4853 Helladios
878 4787 993 4853 tres
1029 4794 1319 4853 episcopos
1349 4775 1516 4853 Firmi
1559 4786 1615 4832 et
1645 4776 1938 4853 Ephesinae
2038 4777 2231 4848 synodi
2264 4777 2556 4847 Ephesium
2597 4776 2789 4853 Daniel
2830 4772 3086 4853 Defensa;
3122 4778 3455 4853 aut_Dr_z_r_n_ei
3498 4781 3618 4853 epi-

349 4847 543 4923 synodi
563 4849 910 4923 temporibus
933 4847 1506 4923 ﬂoruisse‘eomperio,
1539 4862 1737 4923 nempe
1754 4848 1940 4923 Adra-

351 4916 526 4992 ηἱῃειί,
558 4916 903 4992 Ptolémaidis
944 4934 1010 4973 ac
1054 4919 1224 4992 Tarsi.
1275 4916 1479 4992 Eorum
1510 4916 1807 4992 primusin
1824 4916 1936 4992 _Ca-

353 4987 683 5045 tholicorum
714 4989 912 5044 castris
943 4996 1137 5043 contra
1164 4989 1481 5044 Nestorium
1522 4987 1798 5041 militavit.
1824 4988 1903 5043 tte
1922 5018 1934 5029 -

318 5064 323 5069 ’
351 5060 491 5131 liqui
508 5057 1560 5131 duoproinfelicihmreticogsteterunt,
1586 5065 1641 5111 ct
1668 5057 1934 5131 concilia-

352 5124 486 5186 lnilo
508 5124 787 5199 Ephésino
803 5127 1125 5184 interfuere.
1145 5124 1561 5183 Ad‘Helladium
1590 5138 1774 5183 tamen
1796 5127 1931 5181 Tar-

352 5198 593 5261 sensem,
615 5199 1187 5269 antequamiNestorii
1214 5198 1506 5269 erroribus
1529 5198 1925 5269 implicaretur,

354 5270 499 5324 hanc
528 5266 815 5339 epistolam
841 5283 872 5323 a
896 5268 1079 5323 Firmo
1119 5267 1378 5339 scriptam
1406 5266 1928 5339 fuisse,*verisimile

354 5339 533 5395 videri
566 5337 752 5409 potest
782 5356 795 5392 :
825 5339 1032 5394 etenim
1064 5354 1093 5393 a
1123 5337 1447 5409 Cms’ariensi
1483 5354 1595 5393 non
1630 5339 1789 5407 Longe
1818 5337 1931 5392 dis-

357 5412 464 5465 sita
486 5408 606 5463 erat
620 5409 912 5464 Tarsensis
942 5408 1286 5477 metrOpotis.

280 5486 289 5495 ‘
433 5480 546 5552 (56)
571 5480 690 5534 Duo
728 5478 983 5552 Danicles
1022 5474 1304 5552 Epliesjno
1329 5474 1573 5552 concilio
1616 5474 1938 5552 interfuere,

356 5544 599 5620 quorum,
616 5565 758 5603 unus
771 5546 1024 5620 Coloniqz,
1037 5544 1174 5620 alter
1188 5546 1593 5620 Dardanorum
1610 5562 1707 5601 seu
1727 5544 1941 5602 Darda-

2033 4846 2238 4917 scopus
2274 4846 2620 4902 numeratur.
2644 4846 2856 4917 iV'erum
2886 4846 3275 4901 Dardaniensis
3307 4847 3511 4902 ibidem
3532 4846 3616 4905 le-

2033 4916 2270 4987 gendum
2319 4933 2476 4982 reor,
2514 4925 2570 4972 et
2600 4916 2957 4971 librariorum
2995 4917 3261 4972 duntaxat
3302 4932 3494 4971 errore
3538 4919 3617 4973 fa-

2033 4997 2206 5051 ctum,
2239 4994 2303 5040 ut
2331 4987 2427 5067 hic
2454 4997 2713 5067 tanquam
2746 4987 3149 5067 aliusasupra
3180 4994 3485 5067 memorato
3524 5002 3615 5041 re-

2033 5066 2344 5113 censeatur.
2388 5052 2663 5112 Credibile
2708 5064 2813 5119 est,
2839 5056 2907 5111 ad
2932 5052 3212 5110 Danielem
3254 5052 3616 5111 Colonienscm

2033 5128 2354 5196 episc0pum
2392 5126 2738 5183 referendam
2770 5125 2919 5196 hanc
2943 5125 3232 5196 epistolam
3258 5139 3379 5196 esse
3420 5143 3433 5179 :
3464 5128 3619 5183 Colo-

2012 5262 2013 5271 ‘
2035 5193 2126 5271 13in
2164 5193 2369 5267 quippe
2391 5195 2586 5271 civitas
2607 5196 2662 5250 in
2677 5195 2959 5271 provincia
2985 5193 3342 5271 Qappadocite
3363 5200 3618 5253 secunda:

2034 5266 2161 5330 fuit,
2182 5264 2370 5330 'amae
2407 5267 2549 5322 adeo
2569 5264 2693 5321 non’
2710 5265 2902 5321 dissita
2924 5280 2958 5329 pa
2986 5264 3251 5320 Caesarea.

2110 5337 2220 5407 (3'1)
2250 5333 2383 5407 Mihi
2410 5337 2559 5407 Aquid
2591 5351 2731 5390 nova
2766 5335 2884 5407 haec
2928 5334 3133 5407 Helena
3164 5333 3325 5407 foret,
3358 5334 3616 5407 nondum

2113 5403 2366 5476 rcipienti
2393 5403 2486 5461 diu
2522 5421 2747 5465 crucem
2775 5406 2895 5476 haec
2921 5404 3151 5476 epistola
3190 5404 3325 5476 linit.
3368 5403 3616 5461 Tandem

2113 5423 2366 5476 retptentt
2393 5423 2486 5461 (ιιιι
2522 5423 2747 5465 crucem
2778 5423 2895 5461 ntec
2921 5423 3151 5473 οριδιοιιι
3190 5423 3325 5459 ιικιι.
3377 5423 3611 5461 ιεὶηαθιιι

2036 5423 2282 5532 Firmum
2310 5476 2377 5531 de
2405 5491 2541 5531 cane
2565 5475 2871 5540 venatoria,
2904 5474 2993 5530 cui
3018 5489 3220 5529 nomen
3245 5474 3470 5535 Helena,
3498 5489 3611 5528 ser-

2037 5562 2255 5601 monem
2303 5544 2513 5600 habere
2559 5545 2828 5600 intellexi.
2876 5543 3029 5599 Hanc
3058 5544 3129 5599 ab
3165 5545 3286 5599 aliis
3317 5544 3616 5612 expetitam

358 5613 461 5675 nia:
520 5618 716 5690 Libym,
750 5617 997 5690 episcopi
1032 5617 1227 5690 fuere.
1282 5616 1457 5690 fixit
1480 5616 1673 5690 iisdem
1717 5632 1939 5686 quoque
2037 5618 2128 5690 ille
2163 5616 2346 5690 potius
2373 5614 2750 5690 adhaebiurp
2792 5613 3013 5670 mittere
3043 5615 3350 5690 constituit.
3383 5614 3616 5690 [iterans

360 5685 704 5757 temporibus
739 5685 930 5743 Daniel
944 5685 1250 5757 episcopus
1274 5685 1822 5756 Faustinopolitmms,
1848 5703 1938 5741 er-

2034 5680 2194 5757 plane
2220 5702 2283 5740 ac
2310 5685 2487 5757 lepida
2530 5680 2783 5757 cpistola,
2831 5699 3062 5757 qumque
3085 5684 3150 5737 ad
3182 5684 3388 5757 bellum
3398 5682 3612 5757 _Tr_oj;t-

360 5753 579 5815 roribus
611 5759 848 5815 Nestorii
891 5753 1163 5814 add—ictus:
1209 5758 1267 5812 In
1315 5757 1465 5813 Actis
1499 5753 1664 5814 etiam
1701 5758 1936 5813 laudata:
2035 5753 2190 5823 num,
2228 5753 2598 5825 Helenamque
2624 5754 2908 5808 Lat-tenam
2936 5763 2991 5807 et
3018 5754 3315 5808 Homerum
3342 5753 3557 5808 alludit.
