4076 6464
582 329 716 388 15η

1692 327 1885 384 FlllMl
1922 323 2392 382 CASAltlENSlS
2430 322 2734 378 EPISCOPI

3701 326 3818 381 l5l2

579 457 730 510 nam,
762 439 1030 496 bellorum
1076 437 1382 505 materiem,
1416 440 1574 511 cujus
1594 440 2011 510 pulchritudine
2045 456 2156 495 non

2273 456 2356 494 ναν
2390 439 2646 509 πολέμων
2686 436 2964 503 ὑπόθεσιν,
3000 433 3068 509 ἧς
3101 433 3198 490 τοῦ
3231 435 3460 502 κάλλους
3491 440 3550 493 ὲν
3592 439 3806 495 ἀπολαύ-

580 535 676 589 diu
708 547 796 588 mc
819 533 1120 599 obiectans,
1155 546 1296 601 smpe
1338 546 1460 586 eam
1508 531 1577 586 ad
1618 540 1673 587 te
1712 534 1995 588 remittere
2025 548 2158 588 con-

581 622 759 687 stitui,
791 622 985 677 eadem
1009 632 1169 677 utens
1194 621 1612 688 deliberatione,
1643 638 1807 692 quam
1830 623 2052 694 Trojani
2089 623 2159 678 de

580 710 829 781 ejusdem
869 711 1110 766 nominis
1139 710 1341 766 femina
1370 710 1637 766 habuere.
1671 712 1943 782 Equidem
1978 712 2035 766 in
2060 728 2163 783 pu-

583 820 688 874 gna
713 804 1086 870 diuturniore,
1111 818 1276 874 quam
1307 817 1431 872 quae
1461 802 1531 857 ab
1552 802 1689 873 ipsis
1714 811 1870 874 gesta
1907 811 2015 869 est,
2054 803 2164 857 huc

584 912 761 968 usque
803 897 1151 967 perseveravi
1180 915 1196 950 :
1229 897 1456 969 quidam
1488 896 1671 961 enim,
1707 911 1834 950 cum
1868 897 2012 951 hanc
2043 896 2165 965 pul-

584 987 955 1043 chritudinem
980 997 1281 1057 expeteret,
1304 988 1613 1045 molestiam
1635 989 1770 1043 mihi
1800 998 1857 1044 et
1882 989 2163 1058 negotium

584 1078 860 1145 exhibuit,
893 1079 1077 1135 nullas
1099 1078 1157 1134 in
1193 1079 1433 1150 petendo
1469 1079 1655 1134 ferens
1684 1078 1955 1145 inducias,
1984 1094 2164 1149 neque

586 1168 815 1224 brevem
874 1169 1340 1226 intermissionem
1383 1169 1522 1225 dans
1565 1185 1762 1241 pugnae
1802 1187 1816 1223 :
1850 1178 2003 1225 tanto
2035 1185 2166 1241 erga

587 1260 737 1314 illam
767 1259 1001 1331 quisque
1037 1260 1438 1316 incendebatur
1468 1275 1673 1315 amore.
1709 1260 1820 1314 Nec
1853 1260 2162 1315 immerito:

585 1351 683 1419 qui
725 1351 876 1405 enim
914 1366 1026 1405 non
1060 1351 1207 1420 capti
1242 1351 1480 1405 fuissent
1524 1350 1595 1404 ab
1646 1350 1811 1421 hujus
1855 1349 2167 1420 pulchritu-

587 1441 737 1506 dine,
766 1456 889 1515 quze
922 1441 1093 1496 forma
1118 1442 1270 1496 'adeo
1309 1450 1551 1511 praestat,
1585 1441 1889 1512 habituque
1917 1441 2169 1511 corporis

587 1540 645 1586 et
668 1532 870 1602 pedum
898 1531 1226 1601 pernicitate
1250 1540 1501 1598 ornatur,
1532 1540 1595 1587 ut
1637 1546 1744 1586 una
1773 1532 1932 1586 ruina
1976 1547 2169 1587 omnes

588 1626 791 1695 ubique
819 1625 1035 1694 lepores
1056 1625 1432 1689 conciderent,
1462 1624 1721 1680 timentes
1750 1640 1816 1679 ac
1844 1632 2166 1691 trementes,

589 1718 807 1788 quoties
834 1718 1048 1773 Helenae
1072 1717 1335 1772 adversus
1360 1717 1509 1786 ipsos
1530 1716 1937 1788 expeditionem
1962 1716 2170 1772 audiis—

2264 547 2346 584 σει
2372 528 2610 598 γεγονὼς
2644 528 2874 600 βραχείᾳ
2910 530 2991 592 είς
3019 527 3123 591 τὰς
3160 527 3262 591 σὰς
3289 528 3553 592 πολλάκις
3585 529 3819 602 ἀναπέμ-

2263 637 2386 673 πειν
2428 619 2664 690 ὥρμησα
2712 621 2931 689 χεῖρας,
2976 614 3065 671 οἷα
3106 618 3172 689 δὴ
3207 619 3396 690 Τρῶες
3449 619 3823 675 ἐϐουλεύσαντο

2264 704 2390 775 περὶ
2417 705 2517 773 τῆς
2543 704 2858 775 ὁμωνύμου.
2908 704 3052 773 Ἐγὼ
3092 705 3193 776 μὲν
3224 706 3565 778 μακρότερον
3602 709 3823 778 πόλεμον

2263 792 2297 862 ἢ
2337 792 2455 846 κατ’
2492 793 2692 856 αὐτοὺς
2741 794 3150 865 πολεμούμενος
3190 798 3354 868 μέχρι
3404 797 3499 854 νῦν
3538 799 3823 855 διετέλεσα.

2265 881 2362 944 Τις
2398 884 2505 954 γὰρ
2539 884 2596 935 ὲν
2626 884 2810 953 ἐφέσει
2842 886 2940 953 τῆς
2978 885 3180 956 ταύτης
3228 885 3565 958 ώραιότητος
3602 890 3826 958 γεγονὼς

2266 974 2326 1039 ὃς
2357 974 2434 1047 (a)
2457 976 2659 1042 κόπους
2684 979 2808 1048 ἐμοὶ
2834 980 3078 1051 παρέσχε
3108 981 3200 1035 καὶ
3226 983 3555 1054 πράγματα,
3584 986 3827 1057 οὐδεμίαν

2267 1067 2577 1138 ἐκεχειρίαν
2618 1069 3036 1141 ἀσπαζόμενος,
3083 1072 3205 1126 οὐδὲ
3247 1072 3507 1146 βραχεῖαν
3550 1078 3829 1148 ἀνακωχὴν

2265 1157 2440 1220 διδοὺς
2470 1157 2548 1228 τῷ
2576 1157 2795 1231 πολέμῳ
2815 1177 2829 1191 ο
2860 1162 3115 1226 τοσοῦτος
3151 1154 3220 1235 ἦν
3253 1167 3282 1217 ό
3311 1159 3518 1231 πάντας
3551 1168 3639 1220 ἐπ’
3672 1169 3829 1242 αὐτὴν

2268 1251 2433 1307 κινῶν
2461 1252 2663 1324 θερμὸς
2690 1253 2848 1325 ἔρως.
2879 1254 3136 1321 Εἰκότως.
3174 1259 3240 1311 Τί
3268 1259 3325 1312 δὲ
3351 1260 3453 1312 ούκ
3480 1259 3707 1330 ἔμελλον
3735 1261 3830 1313 τῶν

2267 1341 2472 1411 ταύτης
2506 1342 2766 1412 ἡττᾶσθαι
2804 1343 3005 1410 καλῶν,
3050 1344 3170 1417 ὥρᾳ
3203 1346 3455 1417 σώματος
3504 1350 3827 1421 εύεχούσης,

2271 1430 2473 1500 σχέσει,
2509 1430 2603 1485 καὶ
2628 1430 2899 1505 ποδωκείᾳ
2927 1430 2985 1488 εὖ
3026 1437 3171 1505 μάλα
3202 1440 3605 1510 κοσμουμένης,
3638 1442 3715 1504 ώς
3744 1444 3834 1512 μιᾷ

2269 1522 2474 1576 πτώσει
2523 1526 2847 1596 κατέχεσθαι
2900 1529 3276 1608 πάντας-τοὺς
3317 1534 3569 1603 πανταχῆ
3621 1535 3835 1600 πτῶκας

2270 1613 2578 1679 δεδοικότας
2602 1656 2618 1678 ,
2650 1618 2744 1670 καὶ
2772 1619 3075 1690 τρέμοντας
3096 1661 3111 1682 ,
3156 1623 3344 1686 ὁσάκις
3374 1622 3441 1677 ἂν
3496 1624 3715 1695 Ἑλένης
3745 1626 3835 1696 τήν

2273 1705 2394 1758 κατ’
2444 1706 2624 1763 αὐτῶν
2681 1711 2973 1779 στρατείαν
3022 1711 3335 1777 πύθωνται;
3383 1713 3587 1767 Τούτου
3648 1716 3707 1769 δὲ
3749 1716 3834 1768 τοῦ

590 1808 756 1862 sent?
791 1808 907 1863 Hoc
948 1816 1132 1862 autem
1172 1815 1321 1862 metu
1350 1807 1471 1862 illos
1495 1808 1590 1878 qui
1620 1807 1765 1878 apud
1798 1823 1898 1863 nos
1930 1807 1988 1862 in
2017 1822 2172 1862 mon-

2273 1795 2425 1860 δέους
2449 1797 2735 1869 ἀπήλλαξα
2761 1800 2885 1864 τοὺς
2913 1802 3041 1873 παρ’
3066 1805 3199 1873 ήμίν
3226 1804 3282 1857 ὲν
3308 1807 3422 1867 τοῖς
3451 1805 3601 1875 ὄρεσι
3639 1807 3838 1875 διάγον·

592 1898 739 1952 tibus
767 1897 993 1968 degunt,
1018 1897 1271 1962 liberavi,
1305 1897 1351 1952 si
1378 1897 1504 1966 quis
1545 1897 1778 1952 fortasse
1803 1907 2053 1967 superest
2076 1898 2171 1968 qui

591 1987 810 2042 latendo
838 1988 1001 2057 hujus
1021 1986 1363 2042 celeritatem
1386 1988 1635 2057 effugere
1669 1987 1934 2057 potuerit.
1964 1988 2047 2043 Tu
2074 1989 2175 2059 igi-

592 2087 703 2143 tur,
755 2078 906 2132 omui
946 2092 1014 2131 ex
1054 2084 1210 2147 parte
1254 2076 1341 2131 vir
1392 2076 1782 2147 integerrime,
1842 2078 1971 2133 totis
2036 2078 2172 2133 viri-

592 2165 696 2221 bus
730 2168 871 2221 hanc
903 2165 1212 2221 demirare:
1235 2166 1432 2237 exigua
1465 2168 1634 2232 enim,
1663 2176 1723 2224 ut
1756 2168 2020 2237 arbitror,
2055 2170 2176 2228 laus

591 2258 772 2312 omnis
799 2258 928 2322 erit,
959 2272 1275 2327 quanquam
1302 2258 1357 2313 in
1390 2274 1512 2314 eam
1559 2269 1735 2315 totum
1767 2262 2023 2318 intendas
2057 2264 2176 2318 ani-

593 2364 766 2412 mum,
819 2347 867 2404 si
920 2348 1147 2418 quidem
1203 2364 1329 2405 cum
1374 2352 1495 2423 ejus
1539 2361 1891 2422 comparetur
1933 2353 2173 2410 dotibus.

593 2439 780 2494 Lauda
820 2451 1007 2496 autem
1034 2440 1257 2511 eloquio
1292 2457 1420 2497 eum
1453 2443 1547 2514 qui
1582 2442 1752 2510 misit,
1792 2444 2015 2510 blando,
2045 2445 2179 2501 sim-

593 2532 746 2602 plici,
780 2532 1049 2598 laconico,
1087 2534 1315 2589 conciso
1346 2543 1403 2589 et
1437 2534 1586 2591 claro
1618 2552 1631 2589 :
1662 2550 1783 2607 qua:
1821 2553 1910 2593 res
1941 2537 2178 2593 maxime

592 2626 910 2680 orationum
946 2625 1418 2696 pulchritudinem
1465 2626 1682 2684 efﬁcere
1720 2629 1920 2684 solent.
1976 2627 2179 2685 Verum

596 2717 784 2783 timeo,
816 2733 886 2772 ne
923 2718 1140 2788 lepores
1174 2719 1319 2774 hanc
1360 2717 1556 2774 adesse
1594 2720 1708 2792 jam
1749 2721 2069 2786 sentientes,
2096 2720 2182 2776 fu-

594 2824 719 2880 gam
770 2817 1109 2879 capessant:
1152 2825 1377 2880 sagaces
1427 2810 1577 2865 enim
1624 2826 1751 2865 cum
1796 2812 1929 2879 sint,
1972 2813 2183 2869 malitia

538 2962 541 2965 _
593 2898 1001 2969 quodammodo
1022 2899 1105 2954 uti
1133 2909 1528 2965 consuescunt,
1566 2909 1626 2956 et
1663 2916 1734 2955 ex
1769 2912 2061 2958 ventorum
2086 2919 2184 2958 au-

597 2988 677 3043 ris
710 3004 809 3059 per
844 3003 974 3043 suos
1018 3003 1212 3043 sensus
1235 3004 1680 3060 praecognoswre
1706 3000 1945 3046 structas
1980 2993 2086 3047 sibi
2112 2994 2181 3049 ab

597 3077 877 3148 aliquibus
902 3077 1148 3133 insidias.
1189 3078 1269 3133 Ne
1303 3077 1411 3133 hoc
1436 3077 1602 3148 igitur
1630 3078 1872 3144 eveniat,
1908 3095 2048 3137 neve
2072 3082 2182 3137 illis

595 3181 666 3249 ex
689 3167 965 3222 sententia
1000 3167 1263 3223 succedat
1299 3175 1553 3233 conatus,
1588 3177 1808 3239 tempus
1832 3177 1938 3235 est,
1960 3180 2020 3226 ut
2041 3172 2185 3228 cele—

598 3261 715 3318 rior
744 3277 937 3317 eorum
973 3263 1385 3333 exspectatione
1429 3261 1488 3316 in
1517 3261 1644 3318 illos
1667 3263 1890 3333 eruptio
1930 3265 2025 3321 flat
2065 3266 2186 3323 :sic

595 3354 744 3408 enim
785 3353 920 3407 mihi
951 3360 1210 3423 tanquam
1250 3351 1385 3407 tanti
1433 3351 1589 3407 exitii
1630 3354 1841 3408 auctori
1872 3354 2183 3411 convicium

596 3445 829 3511 facient;
857 3451 910 3499 te
935 3459 1089 3507 vero,
1114 3444 1320 3513 quippe
1342 3442 1439 3513 qui
1472 3457 1589 3498 rem
1611 3442 1753 3500 adeo
1778 3445 2035 3500 eximiam
2058 3461 2185 3517 pos-

599 3533 800 3600 sideas,
830 3534 1206 3589 mirabuntur.

1157 3666 1343 3724 XLIV.
1370 3667 1605 3723 EIDEM.

2276 1904 2410 1952 τας,
2446 1887 2502 1941 εἴ
2533 1906 2618 1953 τις
2660 1890 2770 1960 ἄρα
2818 1908 2922 1945 που
2961 1892 3058 1946 καὶ
3103 1893 3507 1964 περιλέλειπται
3551 1896 3629 1967 τῷ
3664 1896 3837 1952 λαθεῖν

2277 1978 2503 2048 ἰσχύσας
2528 1979 2811 2051 διαδρᾶναι
2841 1982 2939 2052 τήν
2966 1982 3171 2055 ταύτης
3201 1984 3500 2057 ταχύτητα.
3529 1988 3601 2041 Σὺ
3627 1988 3708 2054 δὲ,
3738 1990 3838 2053 τοῖς

2275 2071 2464 2135 πᾶσιν,
2489 2072 2771 2138 όσιώτατε,
2803 2072 3050 2142 θαύμαζε
3078 2077 3176 2146 μὲν
3202 2077 3409 2149 ταύτην
3440 2080 3563 2132 ὅσον
3591 2080 3735 2150 ἔχεις
3759 2081 3840 2134 δυ-

2275 2162 2512 2234 νάμεως
2538 2164 2733 2235 μικρὸς
2764 2164 2894 2237 γὰρ,
2917 2161 3089 2237 οἶμαι,
3124 2169 3217 2223 καὶ
3236 2169 3267 2222 ό
3296 2169 3460 2222 παντὶ
3493 2170 3672 2224 σθένει
3701 2169 3839 2239 γινό-

2280 2272 2441 2325 μενος
2492 2253 2752 2320 ἐπαινος,
2804 2257 2856 2309 ετ
2901 2274 2966 2326 γε
3033 2261 3145 2322 τοῖς
3191 2256 3397 2331 ταύτης
3449 2261 3840 2327 ἀντεξετάζοιτο

2277 2346 2480 2411 καλοῖς.
2536 2347 2776 2402 Ἐπαίνει
2807 2348 2864 2401 δὲ
2894 2348 3007 2420 (58)
3041 2349 3260 2425 γλώττῃ
3299 2352 3392 2406 τὸν
3433 2352 3728 2424 πέμψαντα
3758 2354 3842 2406 καὶ

2276 2442 2345 2510 τῇ
2370 2440 2689 2512 προσφιλεῖ,
2723 2444 2790 2513 τῇ
2832 2441 3137 2515 ἀπερίττῳ,·
3170 2445 3237 2515 τῇ
3270 2445 3561 2515 Λακωνικῇ
3583 2484 3597 2507 ,
3630 2447 3697 2516 τῇ
3732 2463 3841 2498 συν-

2277 2530 2429 2601 τόμῳ
2452 2529 2547 2583 καὶ
2575 2534 2756 2601 σαφεῖ,
2781 2529 2810 2583 δ
2835 2531 3070 2601 μάλιστα
3092 2532 3264 2602 λόγων
3290 2532 3483 2598 κάλλος
3504 2532 3842 2606 δημιουργεῖν

2279 2618 2541 2688 πέφυκεν.
2594 2619 2758 2673 Ἀλλὰ.
2786 2620 3000 2674 δέδοικα
3047 2623 3122 2693 μή
3176 2639 3291 2687 πως
3322 2622 3576 2695 αἴσθησις
3608 2624 3711 2697 ἠδη
3751 2621 3843 2695 τῆς

2279 2710 2481 2782 ταύτης
2503 2714 2803 2783 παρουσίας
2821 2717 2935 2779 τοῖς
2956 2716 3085 2785 παρ’
3113 2716 3242 2786 ὑμῖν
3264 2716 3498 2785 λαγωοῖς
3527 2715 3845 2788 ἐγγινομένη

2279 2802 2457 2875 τρέψῃ
2494 2804 2724 2870 τούτους
2768 2806 2905 2877 πρὸς
2949 2808 3158 2878 φυγήνο
3195 2810 3525 2880 κακουργεῖν
3550 2809 3662 2880 γὰρ
3705 2810 3847 2870 ὄντες

2284 2894 2473 2961 σοφοὶ,
2519 2896 2744 2950 εἰώθασί
2779 2914 2899 2960 πως
2939 2898 3036 2951 καὶ
3059 2902 3182 2963 ταῖς
3207 2900 3266 2966 ἐξ
3293 2901 3508 2972 ἀνέμων
3541 2900 3742 2971 αὔραις
3766 2898 3848 2952 διὰ

2283 2983 2392 3040 τῶν
2416 2988 2633 3042 οἰκείων
2661 2990 2966 3062 αἰσθήσεων
2996 2993 3095 3056 τὰς
3120 2993 3273 3063 παρά
3298 3008 3462 3045 τινων
3486 2994 3676 3056 αὐτοῖς
3705 2991 3851 3063 μελε-

2284 3078 2535 3149 τωμένας
2551 3079 2841 3147 γινώσκειν
2865 3083 3176 3147 ἐπιϐουλάς.
3194 3085 3292 3138 Ἵν’
3314 3080 3407 3138 οὖν
3426 3083 3502 3156 μὴ
3514 3083 3675 3138 τοῦτο
3698 3084 3850 3153 γένη-

2284 3187 2395 3236 ται,
2425 3171 2559 3242 μηδὲ
2589 3174 2805 3237 τούτοις
2856 3175 2994 3247 έκσῇ
3029 3177 3172 3230 κατὰ
3208 3176 3413 3230 σκοπὸν
3437 3177 3500 3229 τὸ
3524 3177 3849 3246 ἐγχείρημα.

2284 3259 2406 3331 ὥρα
2432 3262 2739 3332 ταχυτέραν
2775 3265 2876 3335 τῆς
2898 3266 3080 3320 αὐτῶν
3117 3267 3445 3338 προσδοκίας
3475 3267 3575 3338 τὴν
3602 3268 3727 3320 κατ’
3757 3265 3849 3318 αὖα

2283 3352 2392 3406 τῶν
2411 3352 2588 3420 ἔξοδον
2606 3355 2877 3423 γενέσθαι’
2904 3356 3048 3411 οὕτω
3071 3358 3178 3430 γὰρ
3200 3359 3302 3429 ἐμὲ
3331 3360 3430 3429 μὲν
3453 3359 3855 3429 λοιδορήσονται

2283 3445 2374 3498 τὸν
2407 3446 2483 3509 ώς
2523 3447 2788 3518 τοσαύτης
2829 3449 3010 3513 αὐτοῖς
3048 3449 3226 3521 λύμης
3254 3452 3427 3505 αἴτιον
3451 3452 3761 3522 γινόμενον,
3802 3448 3856 3499 σὲ

2282 3534 2339 3588 δὲ
2370 3534 2746 3606 θαυμάσονται
2775 3533 2862 3593 οἶα
2891 3540 2956 3612 δὴ
2981 3540 3225 3596 τοιούτου
3251 3544 3529 3614 κτήματος
3558 3543 3775 3614 κύριον.

2739 3653 2871 3708 MA'.
2914 3653 3001 3725 Tn
3037 3655 3221 3726 ΑΥΤῼ
3259 3656 3391 3726 (39).

667 3781 914 3837 Venusta
949 3796 1101 3848 sane,
1138 3781 1392 3852 elegans,
1427 3782 1816 3854 ebaritumque
1857 3786 2021 3855 plena
2062 3786 2172 3855 epi-

2365 3761 2753 3832 Ἐπαφρόδιτος
2803 3764 3021 3834 ἀληθῶς
3066 3767 3099 3837 ή
3148 3766 3440 3837 ἐπιστολὴ,
3487 3766 3581 3822 καὶ
3621 3765 3862 3839 χαρίτων

598 3870 757 3924 stola.
812 3869 962 3925 Illam
999 3870 1229 3925 forsitan
1283 3871 1404 3942 ipsa
1448 3852 1923 3928 amorum—mater
1972 3852 2172 3928 variam

2284 3852 2481 3924 μεστὴ,
2510 3854 2681 3923 αὐτῆς
2709 3854 2850 3924 τάχα
2880 3856 2979 3926 τῆς
3003 3855 3110 3909 τῶν
3139 3857 3360 3928 ἐρώτων
3391 3857 3599 3929 μητρὸς
3628 3859 3864 3929 ἐργασα-

598 3960 883 4013 nominum
912 3960 1315 4031 compositione
1337 3977 1403 4017 ac
1422 3961 1683 4016 sensibus
1711 3969 1965 4015 ornatam
1992 3961 2172 4017 elabo-

2284 3943 2453 4015 μένης
2501 3944 2673 4014 αὐτὴν
2704 3947 2955 4019 ποικίλην
2994 3950 3063 4020 τῇ
3112 3949 3222 4001 τῶν
3268 3947 3549 4018 ὀνομάτων
3579 3948 3858 4021 συνθήκῃ,

600 4049 762 4106 ravit.
784 4050 1003 4105 Etenim
1026 4065 1152 4105 cum
1175 4065 1206 4105 a
1228 4050 1515 4105 nominum
1534 4051 1895 4107 similitudine
1924 4068 1955 4106 a
1979 4052 2172 4121 patria,

2281 4037 2377 4090 καὶ
2410 4040 2522 4101 τοῖς
2552 4041 2808 4110 νοήμασι.
2846 4040 2921 4093 Τὸ
2953 4040 3062 4112 γὰρ
3093 4040 3202 4095 ἀπὸ
3236 4041 3593 4113 ὁμωνυμίας,
3635 4042 3737 4097 καὶ
3766 4059 3863 4094 m-

597 4150 763 4211 atquc
813 4156 844 4196 a
894 4141 1103 4197 femina
1154 4157 1277 4212 qure
1328 4142 1536 4197 bellum
1571 4143 1889 4207 concitavit,
1946 4158 2172 4213 qumque

2277 4129 2492 4199 τρίδος,
2541 4131 2635 4183 καὶ
2685 4133 3063 4202 περιμαχήτου
3120 4133 3377 4201 γυναικὸς
3421 4135 3501 4198 είς
3541 4134 3723 4205 ὥραν,
3775 4132 3862 4185 καὶ

596 4240 823 4303 propter
862 4231 1097 4289 formam
1127 4248 1194 4289 ac
1240 4241 1590 4289 venustatem
1636 4234 1911 4290 celebrata
1944 4243 2050 4299 est,
2076 4234 2172 4290 du-

2280 4222 2475 4285 κάλλος
2522 4222 2861 4293 βεόοημένης
2886 4264 2901 4289 ,
2950 4225 3220 4279 συνθεῖναι
3265 4225 3487 4279 ἔπαινον
3529 4227 3596 4297 τῇ
3650 4225 3864 4280 κονίπο-

596 4328 749 4376 ctum
770 4321 842 4376 sit
871 4322 1185 4377 encomium
1214 4320 1556 4391 cineripedi:
1591 4321 1716 4392 quis
1738 4322 1859 4393 ejus
1892 4318 2172 4378 auctorem

2277 4315 2328 4368 δι
2359 4314 2494 4385 (40),
2523 4315 2607 4379 τίς
2634 4316 2734 4369 οὐκ
2765 4315 2832 4369 ἂν
2863 4317 3129 4389 ἀγασθείη
3158 4318 3251 4371 τὸν
3279 4318 3726 4389 τεχνησάμενον;
3754 4315 3864 4371 ἀλλ’

596 4424 708 4465 non
735 4410 1084 4467 admiretur?
1111 4410 1314 4465 Verum
1344 4409 1489 4465 inter
1507 4411 1703 4466 heroes
1730 4421 1782 4466 te
1808 4412 1985 4481 ipsum
2007 4411 2170 4466 etiam

2276 4406 2359 4460 ὃτι
2390 4406 2486 4460 καὶ
2507 4404 2703 4459 σαυτὸν
2724 4407 2859 4476 ἡμῖν
2891 4405 3129 4470 δέδωκας
3149 4407 3207 4461 ὲν
3225 4410 3337 4471 τοῖς
3357 4407 3565 4477 ἥρωσιν
3583 4408 3867 4480 ἀριθμεῖν,

599 4499 1002 4554 numerandum
1052 4498 1213 4553 nobis
1259 4498 1585 4565 exhibuisti,
1636 4509 1789 4556 tanto
1825 4468 1933 4557 illis
1975 4501 2172 4557 robore

2283 4496 2537 4551 τοσοῦτον
2581 4468 2807 4550 ἐκείνων
2846 4496 3006 4570 ῥώμῃ
3041 4468 3350 4570 κρατήσας,
3381 4468 3508 4553 δσον
3540 4468 3647 4571 μὲν
3683 4468 3868 4560 αύτοῖς

600 4599 888 4661 praestans,
924 4600 1133 4661 quanto
1188 4589 1363 4660 magis
1400 4590 1610 4647 eisdem
1650 4591 1875 4646 fortium
1928 4592 2172 4648 virorum

2284 4588 2483 4660 περιῆν
2511 4589 2781 4658 ἀριστέων
2808 4589 3035 4659 πλῆθος,
3063 4591 3159 4644 καὶ
3186 4591 3416 4663 στρατὸν
3444 4592 3563 4646 ὅλον
3592 4592 3740 4662 πρὸς
3772 4591 3871 4660 τὴν

599 4680 930 4751 suppetebat
962 4679 1119 4749 copia
1140 4720 1155 4745 ,
1205 4693 1331 4734 cum
1363 4678 1433 4733 ad
1467 4696 1701 4751 pugnam
1750 4682 1898 4736 acies
1934 4682 2172 4752 integras

2286 4679 2467 4751 μάχην
2491 4681 2718 4751 ἐγεῖραι.
2742 4680 2914 4744 Αὐτὸς
2937 4680 2996 4735 δὲ
3018 4681 3257 4753 ήρκεσας
3294 4682 3392 4754 τὴν
3433 4683 3636 4738 σαυτοῦ
3678 4684 3872 4755 ῥώμην

1703 4834 1859 4889 LUD.
1905 4835 2062 4890 ANT.
2108 4835 2493 4893 MURATOBH
2530 4835 2757 4892 NOTAE.

667 4975 778 5049 (58)
811 4974 1050 5053 ‘Egaiyet
1079 4974 1157 5040 δέ,
1185 4983 1316 5053 etc,
1337 4975 1521 5028 Lauda
1546 4983 1740 5053 autem,
1767 4974 1899 5053 et_c.]
1922 4976 2037 5053 μορ
2061 4977 2178 5031 vult
2276 4988 2471 5053 nostro
2492 4979 2818 5053 accipitrem
2845 4989 3013 5053 antea
3027 4982 3321 5051 accepisse,
3348 4998 3458 5053 quo
3491 4998 3551 5037 se
3581 4983 3643 5037 in
3677 4984 3877 5039 avibus

596 5044 783 5102 dicere
829 5063 842 5098 ε
879 5045 1093 5122 Helena
1128 5045 1355 5122 minime
1395 5056 1509 5122 pro_
1544 5044 1757 5122 meritis
1812 5044 2024 5122 laudari
2077 5062 2175 5116 po-
2276 5048 2587 5122 capiendis
2618 5044 2939 5122 oblectaret.
2998 5044 3316 5121 Propterea
3343 5044 3560 5122 inquit:
3606 5054 3872 5109 Nondum

596 5127 736 5192 test,
772 5129 1007 5192 namque
1045 5115 1166 5184 ejus
1202 5114 1427 5192 dotibus
1459 5112 1549 5192 vis
1593 5128 1693 5192 par
1731 5114 2016 5192 invenitur
2051 5112 2175 5192 01-9-
2276 5112 2479 5192 Helena
2523 5118 2588 5192 ad
2638 5134 2724 5192 me
2764 5120 3027 5192 profecta,
3060 5112 3181 5175 eam
3226 5112 3489 5192 accipiter
3531 5130 3671 5177 tuus
3698 5124 3872 5179 couti-

597 5188 694 5240 tiu.
717 5181 1107 5262 Lauda-figitur
1136 5198 1262 5262 eum
1288 5182 1384 5251 qui
1417 5181 1710 5262 niisit,.e_tc‘.
1731 5183 1836 5262 Pro
1850 5184 2171 5262 διακωνικῇ,
2274 5186 2514 5262 dentiam
2532 5181 2813 5262 leporibus
2828 5181 3108 5262 attulerat,
3142 5198 3203 5245 ut
3225 5181 3481 5262 tanquam
3506 5209 3626 5247 sua:
3656 5205 3875 5249 natura:

597 5188 694 5240 tiu.
717 5188 902 5239 Lauda
939 5188 1107 5253 igitur
1136 5198 1262 5237 cum
1288 5188 1384 5251 qui
1417 5188 1586 5245 misit,
1604 5190 1710 5237 etc.
1731 5188 1836 5236 Pro
1850 5188 2130 5255 Gzamwx.
2155 5227 2171 5252 ,
2274 5188 2514 5241 dentiam
2532 5188 2813 5257 leporibus
2828 5190 3108 5254 attulerat,
3142 5207 3175 5245 u

597 5255 740 5325 quod
762 5260 881 5325 erat
897 5255 951 5325 in
976 5264 1081 5325 ms.
1095 5250 1533 5325 mihilegendum
1555 5251 1845 5325 videbatur
1858 5188 2169 5325 Λακωνικί
2273 5255 2625 5312 immemores
2646 5258 2806 5313 nobis
2827 5259 3176 5314 insultarent.

669 5322 978 5393 (39)_ilujus
998 5322 1244 5393 epistola
1276 5328 1559 5393 auctorem
1588 5322 1781 5393 titulus
1803 5323 2028 5392 quidem
2056 5322 2172 5377 Fir-

597 5390 948 5457 nniml'acit;
983 5390 1081 5446 sed
1119 5406 1240 5445 eam
1272 5405 1394 5445 esse
1417 5390 1641 5445 Inachio
1677 5390 2045 5457 tribuendam,
2086 5392 2170 5447 fa-

595 5463 699 5516 cile
734 5459 1054 5532 enicunque
1076 5460 1301 5532 patebit.
1337 5461 1664 5532 Responsio,
1705 5463 1950 5532 inquam,
1986 5472 2071 5517 est
2103 5464 2171 5517 ad

638 5529 1017 5585 medentem.
1039 5530 1313 5594 Inachius,
1336 5537 1392 5584 et
1414 5529 1531 5594 ipse
1554 5530 1623 5585 ad
1645 5529 1907 5586 Helenam
1928 5531 2170 5587 Graecam

635 5601 910 5667 ellumque
949 5599 1246 5669 Trojanum
1298 5599 1570 5669 alludens,
1609 5615 1802 5657 canem
1835 5602 2172 5656 venatoriam

599 5670 662 5719 ad
693 5684 751 5722 se
780 5669 1022 5730 missam,
1052 5668 1324 5736 Simulque
1352 5668 1597 5724 Firmum
1627 5670 1936 5725 mittentem
1967 5671 2170 5725 laudat.

605 5737 739 5791 tliuc
764 5737 930 5792 etiam
962 5736 1174 5794 discere
1193 5738 1330 5795 mihi
1367 5737 1579 5809 videor,
1617 5740 1898 5799 Inachium
1935 5755 1963 5793 a
1993 5739 2175 5797 Firmo

2348 5326 2457 5401 (40)
2478 5328 2789 5401 libratam.
2821 5328 2881 5382 In
2902 5330 3220 5401 msacodice
3248 5331 3511 5401 scriptum
3547 5343 3645 5387 est
3695 5333 3872 5387 κονώ-

2272 5395 2406 5475 πιδι,
2439 5395 2705 5475 vitiosum.
2730 5398 2891 5467 plane
2908 5400 3158 5453 verbum.
3184 5395 3377 5475 itaque
3430 5403 3687 5475 κονίποδι
3747 5404 3904 5458 sub—.

2271 5466 2502 5537 stituere
2528 5466 2753 5535 placuit,
2784 5484 2890 5537 qua
2920 5484 3054 5523 voce
3085 5471 3238 5524 canis
3272 5466 3423 5537 pedes
3459 5473 3751 5526 cinericios
3781 5476 3874 5526 ha-

2273 5533 2397 5610 bens
2428 5533 2878 5610 significatur._'ld
2922 5554 2989 5592 ex
3016 5533 3378 5610 sequentibus
3421 5556 3653 5610 quoque
3684 5542 3877 5599 verbis

2272 5604 2587 5686 celligjturi
2629 5608 2868 5676 appellat
2894 5610 3043 5661 enim
3075 5604 3330 5686 Inachius
3385 5604 3664 5686 Helenam
3696 5616 3874 5686 ἀργυ-

2277 5673 2542 5751 ρόπεζαν,
2574 5673 2678 5751 hoc
2700 5673 2804 5751 est,
2824 5690 3104 5751 argenteos
3133 5679 3283 5751 pedes
3306 5681 3609 5737 habentem.

2340 5743 2411 5805 (a)
2448 5745 2729 5797 Delendum
2755 5743 2951 5798 videtur
2978 5757 3040 5805 ὅς.
