4028 6208
342 326 405 384 Η
1372 326 1426 381 S.
1469 323 1746 381 ογιιιιιι
1787 325 2256 381 ALEXANDRINI
2297 326 2614 382 ARCIIIEP.
3539 324 3610 382 i2

342 451 666 509 iescentum,
683 459 820 515 quos
840 445 892 498 in
911 445 1162 514 palaestra
1189 446 1525 499 exercendus
1549 457 1922 516 susceperunt,

2036 449 2088 500 εί
2107 465 2157 500 τι
2180 448 2408 518 γένηται
2429 449 2564 520 παρ’
2581 447 2760 506 αὐτῶν
2781 447 2890 501 τῶν
2920 449 2995 510 είς
3021 445 3276 510 ἐπαίνους
3300 444 3607 501 συντελούν-

342 537 624 592 alacritate
659 546 715 592 et
748 538 945 591 robore
979 537 1313 606 voluptatem
1345 552 1564 606 capere,
1600 553 1662 592 ac
1709 539 1754 592 si
1797 539 1928 608 quid

340 634 481 688 forte
515 634 990 689 commendatione
1037 633 1262 703 dignum
1313 635 1448 689 artis
1489 635 1754 690 industria
1789 652 1927 705 pra:-

340 726 602 790 stitcrint,
637 726 742 780 hoe
786 726 964 796 ipsum
995 725 1164 780 veluti
1213 741 1472 782 coronam
1505 727 1796 796 quamdam
1832 743 1914 781 ca-

339 819 548 887 pitibus
573 820 687 874 suis
717 819 1034 888 adjungere.
1063 825 1228 888 atque
1259 819 1396 874 adeo
1423 835 1543 888 qua:
1574 819 1682 874 illis
1704 829 1930 889 propter

339 910 716 964 fortitudinem
748 911 868 964 laus
898 909 1184 974 tribuitur,
1221 925 1341 964 eam
1376 925 1537 965 suum
1575 909 1746 966 decus
1777 910 1927 964 arbi-

341 998 473 1053 trari
519 1017 530 1052 :
575 1014 674 1053 nos
703 1006 884 1055 autem
930 1008 1114 1069 patres
1159 1000 1468 1071 spiritales,
1517 1003 1612 1072 qui
1660 1001 1930 1056 doctrinis

337 1106 460 1158 qua:
491 1090 558 1144 ad
605 1090 775 1144 animi
826 1091 1009 1146 cultus
1047 1090 1304 1163 viresque
1349 1093 1750 1162 comparandas
1781 1091 1927 1148 haud

337 1196 531 1249 parum
575 1181 801 1246 faciunt,
831 1198 928 1237 vos
969 1183 1286 1250 imbuimus,
1314 1200 1423 1254 quo
1457 1185 1718 1240 nimirum
1743 1185 1930 1240 carnis

340 1270 668 1324 tumultibus
709 1270 933 1334 sedatis,
979 1272 1274 1343 vitatisque
1317 1275 1580 1344 peccatis,
1629 1284 1928 1345 quantum-

337 1375 554 1430 cunque
601 1362 810 1417 laboret
857 1363 1084 1418 Satanas
1131 1373 1190 1417 ut
1241 1365 1356 1419 suis
1401 1365 1499 1422 tios
1549 1365 1929 1428 molitionibus

2027 558 2135 592 των
2169 543 2233 610 τῇ
2265 541 2450 613 τέχνῃ,
2475 540 2632 594 τοῦτο
2664 543 2784 604 ταῖς
2813 540 2964 609 σφῶν
2993 539 3173 594 αὐτῶν
3201 533 3291 592 οἷά
3322 553 3446 592 τινα
3483 537 3606 590 στέ-

2029 647 2196 700 φανον
2231 631 2494 690 ἀνάπτειν
2523 631 2809 700 κεφαλαῖς,
2841 633 2934 685 καλ⁹
2966 632 3062 701 τῆς
3093 629 3315 683 ἐκείνων
3356 628 3608 700 ἀνδρείας

2030 724 2352 794 μερίζεσθαι
2401 725 2470 777 τά
2509 725 2803 796 αὐχήματα
2829 741 2841 756 ·
2877 726 3023 796 ἡμᾶς
3069 723 3125 777 δὲ
3159 722 3404 793 πατέρας
3437 738 3604 773 πνευσ-

2029 819 2292 888 ματικούς
2338 818 2519 883 ὖντας,
2555 819 2650 872 καὶ
2683 819 2862 887 λόγοις
2888 819 3032 889 ὑμᾶς
3066 816 3464 885 ἐπαλείφοντας
3493 815 3607 876 τοῖς

2025 912 2107 974 εἰς
2133 911 2345 982 ἀγαθὴν
2390 910 2703 981 εὐτολμίαν,
2742 911 2830 965 ἱνα
2877 908 3322 980 καταθλήσαντες
3355 907 3452 976 μὲν
3496 903 3607 956 τῶν

2025 1003 2123 1073 τῆς
2156 1003 2357 1073 σαρκὸς
2381 1005 2718 1074 κινημάτων,
2755 1001 3182 1073 παραιτούμενοι
3212 998 3268 1052 δέ
3295 997 3360 1052 τὸ
3387 997 3607 1050 πίπτειν

2025 1096 2108 1160 εἰς
2149 1095 2426 1167 ἁμαρτίαν
2455 1094 2481 1134 δ
2504 1135 2519 1159 ,
2565 1095 2662 1148 καὶ
2699 1093 2804 1164 μὴν
2840 1093 2934 1148 καὶ
2983 1089 3250 1161 ἡττᾶσθαι
3289 1085 3606 1158 πειράζοντι

2023 1185 2102 1258 τῷ
2133 1187 2381 1257 Σατανᾷ,
2430 1184 2732 1257 κομίσησθε
2759 1184 2823 1238 τὸ
2861 1182 3146 1254 βραϐεῖον,
3190 1179 3283 1232 καὶ
3321 1189 3344 1215 ο
3379 1175 3501 1245 οὐχὶ
3537 1173 3604 1244 δὴ

2049 1276 2252 1348 μᾶλλον
2294 1277 2327 1348 ἦ
2363 1277 2603 1342 ἐκείνους
2646 1273 2929 1346 θεοφιλοῦς
2973 1269 3426 1344 ἀναπίμπλασθαι
3474 1267 3610 1335 θυμ-

2023 1369 2201 1439 ηδίας.

337 1466 670 1526 prosternat,
722 1459 1020 1529 gloriosum
1070 1460 1411 1533 triumphum
1449 1464 1784 1534 reponetis,
1829 1479 1940 1524 non
1981 1465 2154 1537 magis
2201 1481 2364 1538 quam
2411 1465 2533 1524 illos
2576 1465 2666 1535 pia
2720 1461 2958 1538 quadam
3009 1458 3210 1517 mentis
3263 1453 3609 1528 iucunditate

337 1549 462 1618 pcrf
462 1550 612 1603 undi.

406 1646 596 1717 Igitur,
618 1654 677 1700 ut
697 1645 898 1701 Christi
935 1647 1236 1702 Salvatoris
1262 1647 1435 1703 nostri
1469 1647 1774 1719 discipulus
1799 1664 1919 1703 mo-

337 1747 430 1791 net
461 1741 498 1801 ',
537 1758 554 1789 ‹
590 1754 776 1793 curam
809 1755 1028 1794 omnem
1071 1740 1496 1807 subinferentes,
1527 1742 1834 1797 ministrate
1864 1741 1921 1796 in

336 1828 442 1884 title
469 1839 650 1884 vestra
681 1830 963 1894 virtutem,
996 1829 1051 1884 in
1078 1831 1278 1888 virtute
1307 1841 1490 1890 autem
1522 1832 1832 1896 scientiam,
1865 1831 1920 1894 in

335 1922 562 1975 scientia
609 1931 796 1976 autem
843 1923 1254 1988 abstinentiam,
1285 1924 1342 1978 in
1376 1923 1706 1980 abstinentia
1738 1934 1920 1979 autem

2097 1649 2337 1714 Οὐκοῦν,
2388 1649 2532 1703 καθά
2582 1666 2716 1720 φησι
2767 1647 2864 1702 τοῦ
2921 1646 3175 1717 Σωτῆρος
3233 1645 3262 1698 ὁ
3315 1643 3606 1716 μαθητὴς,

2034 1761 2053 1795 ι
2091 1742 2326 1812 σπουδὴν
2356 1743 2535 1796 πᾶσαν
2553 1739 3068 1813 παρεισενεγκόντες
3097 1737 3141 1799 ί,
3169 1737 3609 1807 ἐπιχορηγήσατε

2027 1835 2084 1887 ἐν
2113 1837 2178 1906 τῇ
2211 1834 2389 1887 πίστει
2427 1833 2582 1905 ὑμῶν
2615 1833 2712 1903 τὴν
2746 1831 2972 1904 ἀρετὴν,
3014 1831 3072 1883 ἐν
3114 1829 3166 1882 δὲ
3201 1832 3266 1900 τῇ
3312 1829 3480 1900 ἀρετῇ
3512 1830 3609 1896 τὴν

2027 1923 2258 1992 γνῶσιν,
2299 1924 2356 1977 ἐν
2390 1923 2450 1976 δὲ
2487 1925 2557 1996 τῇ
2589 1921 2786 1991 γνώσει
2813 1920 2910 1994 τὴν
2950 1919 3313 1990 ἐγκράτειαν,
3369 1919 3426 1970 ἐν
3455 1918 3511 1971 δὲ
3540 1920 3609 1988 τῇ

333 2011 678 2080 patientiam,
708 2012 763 2065 in
805 2013 1067 2083 patientia
1099 2021 1281 2067 autem
1313 2013 1601 2084 pietatem;
1629 2015 1686 2068 in
1720 2013 1922 2083 pietate

2026 2015 2326 2087 ἐγκρατείᾳ
2355 2014 2455 2088 τὴν
2479 2014 2781 2086 ὑπομονὴν,
2813 2016 2870 2066 ἐν
2902 2013 2956 2066 δὲ
2972 2014 3038 2083 τῇ
3063 2012 3306 2082 ὑπομονῇ
3330 2010 3428 2082 τὴν
3462 2011 3601 2062 εὐσέο

330 2109 514 2154 autem
544 2117 789 2155 amorem
822 2101 1200 2167 fraternitatis,
1231 2102 1284 2156 in
1309 2118 1497 2157 amore
1521 2113 1704 2158 autem
1731 2102 1922 2156 frater-

2026 2108 2198 2171 σειαν,
2231 2109 2292 2161 ἐν
2309 2108 2366 2160 δέ
2391 2109 2459 2178 τῇ
2487 2106 2741 2176 εὐσεϐείᾳ
2768 2107 2868 2176 τὴν
2885 2103 3257 2173 φιλαδελφίαν,
3277 2104 3334 2156 ἐν
3351 2102 3404 2156 δὲ
3425 2104 3490 2172 τῇ
3524 2119 3610 2170 φι-

336 2193 526 2246 nitatis
550 2193 892 2248 charitatem.
919 2193 1045 2249 [hac
1082 2203 1267 2250 autem
1297 2195 1457 2251 vobis
1483 2209 1607 2250 cum
1645 2194 1828 2250 adsint
1869 2201 1922 2249 et

2026 2199 2284 2269 λαδελφίᾳ
2319 2198 2418 2270 τὴν
2449 2199 2690 2271 ἀγάπην.
2729 2197 2914 2250 Ταῦτα
2938 2196 3047 2268 γὰρ
3077 2196 3204 2266 ύμῖν
3235 2193 3480 2265 παρόντα
3517 2195 3611 2246 καὶ

250 2318 256 2323 η
335 2291 620 2352 superent,
649 2299 760 2337 non
793 2298 996 2337 vacuos
1021 2298 1201 2352 neque
1227 2283 1347 2339 sine
1375 2282 1557 2338 fructu
1587 2282 1922 2337 constituent

2026 2289 2517 2354 πλεονάζοντα,οὐκ
2538 2289 2742 2360 ἀργοὺς
2755 2288 2876 2340 οὐδέ
2891 2287 3173 2358 ἀκάρπους
3191 2285 3512 2356 καθίστησιν
3530 2286 3608 2347 είς

333 2389 435 2428 vos
468 2374 521 2428 in
549 2374 762 2428 Domini
788 2375 964 2428 nostri
987 2375 1116 2430 Jesu
1143 2374 1344 2430 Christi
1369 2373 1704 2445 cognitione.
1740 2392 1758 2424 ι
1789 2373 1922 2427 Nam

2026 2383 2122 2456 τὴν
2159 2382 2253 2437 τοῦ
2293 2382 2500 2453 Κυρίου
2529 2380 2688 2452 ἡμῶν
2730 2379 2903 2451 Ἰησοῦ
2949 2377 3184 2450 Χριστοῦ
3233 2377 3546 2443 ἐπίγνωσιν.
3585 2395 3602 2426 ι

331 2481 431 2519 eos
446 2466 537 2534 qui
561 2465 827 2519 internam
851 2465 1266 2536 spiritalemque
1284 2465 1337 2518 in
1349 2463 1570 2520 Christo
1581 2465 1747 2518 vitam
1764 2462 1927 2519 laude

325 2554 791 2624 amtulationeque
811 2553 1028 2624 dignam
1049 2554 1195 2608 serio
1217 2554 1358 2609 inire
1375 2554 1588 2618 volunt,
1607 2553 1714 2609 (ide
1739 2553 1793 2607 in
1816 2553 1930 2622 pri-

333 2645 439 2699 mis
464 2644 676 2699 sincera
713 2655 878 2714 atque
918 2645 1126 2715 integra
1156 2654 1381 2700 ornatos
1415 2660 1536 2700 esse
1567 2645 1758 2709 decet;
1801 2643 1926 2698 ﬁdei

333 2749 501 2803 porro
526 2733 846 2804 integritati,
867 2735 1089 2789 virtutis
1115 2750 1335 2805 quoque
1361 2734 1606 2789 studium
1629 2734 1929 2805 adiungant

334 2836 570 2896 oportet;
593 2826 696 2880 hoc
711 2834 892 2881 autem
907 2827 1053 2898 jacto
1069 2826 1450 2890 fundamento,
1465 2826 1778 2898 cognitione
1792 2840 1929 2896 mys-

333 2917 457 2974 tcrii
486 2916 689 2971 Christi
722 2933 782 2972 se
798 2917 1158 2988 locupletent,
1175 2927 1236 2973 et
1252 2917 1328 2972 ad
1354 2917 1661 2972 absolutam
1681 2917 1929 2988 ejusdem

333 3009 753 3078 intelligentiam
781 3007 1137 3071 contendant,
1165 3024 1452 3063 necessum
1477 3018 1580 3063 est.
1605 3008 1780 3074 Quam
1805 3010 1930 3064 vitae

333 3099 603 3154 rationem
641 3108 850 3162 tenere,
871 3107 976 3163 est,
1003 3106 1066 3153 ut
1092 3111 1224 3170 puto
1244 3138 1260 3163 ,
1295 3117 1312 3150 ι
1340 3099 1400 3152 In
1421 3099 1599 3153 virum
1623 3099 1928 3168 perfectum

331 3206 649 3255 occurrere,
664 3198 718 3244 et
733 3189 800 3244 ad
818 3204 1131 3245 mensuram
1149 3189 1327 3244 aetatis
1349 3189 1927 3259 plenitudinisChristi

2027 2476 2237 2549 Χρῆναι
2257 2475 2370 2546 γάρ
2383 2473 2560 2542 ἔγωγέ
2587 2489 2730 2543 φημι
2760 2471 2888 2533 τούς
2915 2469 3076 2540 οἷπερ
3112 2467 3178 2522 ἂν
3207 2467 3408 2520 ἕλοιντο
3431 2467 3526 2537 τῆς
3549 2468 3611 2520 ἐν

2027 2564 2247 2637 Χριστῷ
2265 2563 2560 2636 νοουμένης
2591 2561 2736 2632 ζωῆς
2763 2561 2862 2632 τὴν
2889 2559 3084 2614 εὐκλεᾶ
3103 2559 3266 2612 τεκαὶ
3290 2557 3608 2628 ἀξιέραστον

2027 2658 2232 2726 διάγειν
2256 2659 2280 2698 ⁸
2295 2656 2433 2721 ὁδὸν,
2452 2655 2669 2726 πρῶτον
2693 2653 2791 2725 μὲν
2805 2653 2948 2724 ἁπλῇ
2968 2669 3026 2706 τε
3043 2652 3138 2706 καὶ
3153 2650 3416 2721 ἀλωϐήτῳ
3437 2666 3605 2703 κατα-

2031 2744 2392 2819 σεμνύνεσθαι
2423 2745 2628 2811 πίστει,
2667 2743 3040 2816 προσεπάγειν
3059 2741 3114 2795 δὲ
3146 2740 3318 2802 οὕτως
3341 2740 3478 2810 αὐτῇ
3507 2737 3608 2810 τὴν

2031 2841 2255 2912 ἀρετήν·
2278 2834 2340 2894 οὐ
2366 2839 2430 2910 δὴ
2457 2839 2761 2907 γεγονότος,
2792 2835 3083 2908 πειρᾶσθαι
3107 2832 3500 2888 καταπλουτεῐν
3514 2830 3606 2884 τοῦ

2029 2933 2172 2988 κατὰ
2189 2931 2423 3004 Χριστὸν
2448 2931 2750 3002 μυστηρίου
2764 2930 2865 3000 τὴν
2877 2927 3099 2997 γνῶσιν,
3120 2927 3216 2981 καὶ
3233 2924 3529 2994 άναφοιτᾷν
3547 2917 3606 2976 εὖ

2035 3026 2182 3098 μάλα
2230 3025 2370 3096 πρὸς
2409 3023 2754 3093 τελεωτάτην
2787 3020 3025 3074 σύνεσιν.
3061 3017 3236 3072 Τοῦτο
3271 3015 3404 3088 γὰρ,
3431 3012 3608 3086 οἶμαι,

2030 3119 2146 3172 ἐστι
2170 3117 2250 3180 τὸ,
2293 3137 2310 3168 ι
2341 3117 2435 3178 Είς
2457 3114 2626 3185 ἄνδρα
2650 3113 2854 3167 τέλειον
2890 3110 3248 3181 καταντῆσαι,
3279 3109 3372 3161 καὶ
3401 3107 3480 3170 εἰς
3511 3105 3608 3175 μέ-

2035 3223 2166 3277 τρον
2211 3203 2428 3275 ἡλικίας
2458 3202 2632 3256 ἐλθεῖν
2655 3201 2751 3255 τοῦ
2786 3199 3154 3272 πληρώματος
3183 3197 3277 3251 τοῦ
3311 3193 3601 3267 Χριστοῦ.»

332 3282 625 3354 pervenire
653 3284 694 3335 '.
735 3301 752 3332 ι
783 3279 1090 3335 Sobrietate
1114 3279 1345 3350 proinde
1369 3289 1425 3334 et
1446 3281 1789 3345 castimonia,
1816 3295 1922 3351 qua

2037 3294 2218 3376 Νήψει
2263 3294 2327 3365 δὴ
2365 3289 2459 3347 οὖν
2497 3295 2564 3363 τῇ
2602 3291 2889 3363 πρεπούσῃ
2925 3292 3215 3360 μονασταϊς
3255 3287 3354 3370 τάς
3402 3287 3610 3340 ἑαυτῶν

333 3375 632 3430 solitariam
651 3374 818 3428 vitam
839 3382 1061 3446 agentes
1085 3373 1329 3428 excultos
1349 3388 1468 3428 esse
1484 3373 1762 3438 convenit,
1781 3373 1922 3427 Inm-

333 3469 434 3522 bos
456 3475 668 3521 vestros
693 3466 920 3536 pulchre
952 3464 1229 3536 prtecincti
1256 3466 1296 3530 ³,
1312 3464 1470 3520 virile
1494 3475 1687 3520 contra
1713 3465 1921 3518 animo-

333 3576 456 3614 rum
469 3571 869 3628 corporumque
884 3555 1329 3626 perturbationes
1339 3565 1616 3609 certamen
1634 3554 1914 3624 suscipite.

333 3651 424 3707 Sic
443 3649 591 3704 enim
621 3648 756 3705 clari
783 3655 839 3703 et
862 3647 914 3719 3
944 3647 1000 3701 in
1029 3645 1175 3701 bono
1201 3645 1319 3716 spei
1361 3660 1482 3715 qua:
1505 3645 1707 3700 sanctis
1731 3651 1922 3714 parata

333 3752 437 3806 est,
464 3742 707 3798 illustres
738 3739 1002 3795 evadetis.
1024 3738 1164 3794 Ante
1192 3737 1397 3802 omnia,
1429 3746 1577 3792 recta
1605 3736 1662 3791 in
1688 3735 1844 3791 vobis
1864 3744 1920 3791 et

333 3833 576 3895 sincera,
643 3830 890 3900 nullique
939 3844 1166 3898 prorsus
1207 3826 1627 3898 reprehensioni
1681 3825 1920 3881 obnoxia

333 3923 470 3978 ﬁdes
487 3922 731 3976 exsistat.
749 3921 826 3974 Ita
847 3936 1103 3991 namque,
1127 3921 1224 3984 ita,
1245 3919 1490 3991 inquam,
1510 3927 1566 3974 et
1585 3934 1683 3974 vos
1700 3933 1919 3989 quoque

331 4023 646 4070 sanctorum
682 4013 905 4067 Patrum
943 4013 1200 4082 pietatem
1230 4011 1424 4066 iisdem
1449 4011 1693 4082 vestigiis
1725 4025 1918 4081 prose-

331 4115 584 4178 quentes,
619 4104 676 4159 in
712 4120 976 4175 supernas
1001 4105 1125 4159 illas
1149 4104 1434 4159 beatorum
1469 4103 1632 4159 sedes
1653 4103 1784 4158 olim
1819 4104 1920 4158 im-

331 4197 662 4268 migrabitis,
704 4195 1057 4265 coalestiaque
1090 4195 1444 4250 tabernacula
1489 4209 1600 4248 una
1643 4209 1768 4248 cum
1812 4193 1922 4247 illis

331 4291 606 4346 incoletis.
628 4289 746 4357 Qua
772 4289 841 4344 de
864 4304 923 4342 re
947 4286 1170 4342 divinus
1193 4285 1462 4356 propheta
1491 4285 1656 4340 Isaias
1687 4285 1760 4338 ita
1783 4284 1921 4338 scri-

331 4384 452 4438 bit:
484 4401 502 4433 (
538 4381 697 4437 Oculi
729 4381 810 4434 tui
857 4379 1125 4434 videbunt
1154 4377 1487 4442 Jerusalem,
1522 4375 1918 4430 habitationem

331 4474 672 4544 opulentam,
702 4469 1060 4526 tabernacula
1083 4484 1210 4538 quae
1233 4483 1345 4522 non
1394 4467 1784 4522 concutientur
1811 4472 1852 4518 ⁵.
1893 4485 1912 4517 ι

400 4565 533 4619 Esse
578 4564 746 4635 igitur
787 4563 954 4616 vitam
984 4571 1224 4617 vestram
1261 4559 1422 4631 plane
1467 4558 1818 4628 conspicuam
1863 4565 1921 4610 et

2024 3371 2232 3456 ὀσφύας
2254 3382 2312 3440 εὖ
2347 3385 2492 3456 μάλα
2524 3381 2877 3453 διεζωσμέναι
2919 3366 3340 3450 κατανδρίζεσθε
3371 3379 3479 3431 τῶν
3509 3395 3609 3430 πα-

2023 3478 2131 3531 θῶν
2142 3477 2389 3548 ψυχικῶν
2401 3491 2459 3528 τε
2481 3475 2594 3543 ἅμα
2613 3473 2705 3527 καὶ
2725 3468 3315 3542 σωματικῶν.Ἒσεσθε
3342 3466 3610 3538 γὰροῢτω

2020 3570 2262 3642 λαμπροὶ
2293 3569 2389 3624 καὶ
2425 3568 2722 3637 εὐδόκιμοι,
2755 3564 2848 3618 καὶ
2875 3564 2934 3616 ἐν
2963 3560 3111 3633 καλῷ
3133 3561 3230 3632 τῆς
3260 3558 3470 3621 ἐλπίδος
3507 3557 3604 3627 τῆς

2021 3664 2132 3726 τοῖς
2166 3661 2342 3731 ἁγίοις
2382 3657 2842 3732 ηὐτρεπισμένης.
2895 3656 3076 3709 Ἔστω
3104 3654 3162 3708 δὲ
3216 3654 3345 3724 ὑμῖν
3376 3651 3470 3706 καὶ
3497 3650 3606 3722 πρό

2021 3771 2085 3824 γε
2127 3754 2234 3808 τῶν
2266 3753 2442 3808 ἄλλων
2479 3753 2511 3822 ἡ
2563 3750 2744 3813 πίστις
2771 3747 2907 3820 ὀρθὴ
2943 3748 3038 3802 καὶ
3067 3745 3463 3816 άκαπήλευτος,
3515 3743 3608 3797 καὶ

2019 3845 2083 3898 τὸ
2135 3841 2545 3912 ἀνεπίπληκτον
2574 3837 2601 3877 ιι
2657 3838 2858 3909 ἔχουσα
2909 3835 3212 3897 παντελῶς.
3268 3833 3426 3888 υῦτω
3473 3833 3608 3904 γάρ,

2021 3936 2167 3991 σ’ύτω
2201 3936 2298 3989 καὶ
2331 3935 2491 4004 ὑμεῖς
2519 3930 2674 3986 αὐτοὶ
2717 3930 2815 4003 τὴν
2845 3928 2955 3984 τῶν
2999 3927 3169 3997 ἁγίων
3208 3924 3463 3995 πατέρων
3495 3927 3606 3995 ἰχν-

2022 4025 2349 4100 ηλατοῦντες
2365 4025 2674 4087 εὐσέϐειαν,
2689 4018 3142 4091 ἐναιιλισθήσεσθε
3163 4018 3260 4073 σὺν
3283 4017 3468 4080 αὐτοῖς
3483 4017 3604 4080 ταῖς

2022 4119 2136 4172 ἄνω
2178 4118 2390 4188 μοναῖς,
2438 4118 2535 4168 καὶ
2568 4114 2776 4184 σκηνὰς
2825 4113 3076 4182 οἰκήσετε
3109 4108 3205 4173 τὰς
3240 4109 3297 4163 ἐν
3333 4108 3602 4180 οὐρανοῖς.

2022 4202 2121 4261 Ὧν
2157 4208 2174 4247 ί
2220 4208 2313 4261 καὶ
2339 4207 2368 4258 ὁ
2401 4205 2694 4267 θεσπέσιος
2732 4204 2963 4268 Ἠσαῖας
2989 4201 3359 4272 διαμέμνηται
3382 4199 3564 4268 λέγων
3585 4212 3598 4226 °

2027 4315 2046 4349 ι
2084 4297 2148 4350 Oi
2171 4294 2438 4366 ὀφθαλμοί
2471 4311 2565 4348 σου
2589 4293 2833 4363 ὄψονται,
2881 4292 3234 4365 Ἰερουσαλὴμ
3263 4289 3416 4354 πόλις
3443 4289 3606 4343 πλου-

2025 4387 2116 4442 σία
2147 4386 2193 4452 i,
2231 4384 2435 4457 σκηνὰς
2468 4382 2526 4438 αἲ
2559 4382 2621 4436 οὐ
2655 4382 2730 4456 μὴ
2761 4382 3039 4436 σεισθῶσι.
3081 4401 3100 4434 ι

2093 4557 2360 4630 Λαμπρδς
2401 4557 2500 4628 μὲν
2533 4552 2628 4611 οὖν
2655 4557 2742 4610 ὅτι
2772 4555 2869 4609 καὶ
2895 4555 3224 4624 άξιάγαστος
3251 4553 3380 4622 ύμῖν
3405 4551 3433 4603 ὁ
3463 4548 3599 4620 βίος,

225 4695 230 4700 ~
329 4659 696 4714 admiratione
723 4657 967 4729 dignam,
997 4655 1269 4726 ﬁdemque
1297 4655 1474 4710 modis
1498 4653 1755 4709 omnibus
1783 4654 1922 4708 inte

2026 4651 2157 4721 ὀρθή
2199 4668 2260 4704 τε
2310 4651 2407 4704 καὶ
2465 4648 2846 4720 ὰκαπήλευτος
2897 4645 3170 4715 ἐνίδρυται
3227 4642 3451 4708 πίστις,
3503 4639 3605 4692 οὐκ

329 4767 483 4823 gram
525 4759 582 4805 et
638 4750 1013 4820 incorruptam
1038 4749 1197 4804 vobis
1223 4756 1516 4819 suppetere
1545 4762 1656 4801 non
1689 4747 1920 4816 ignoro;

328 4843 633 4897 conturbor
653 4853 833 4898 tamen
855 4858 963 4897 non
985 4857 1177 4912 parum
1190 4841 1545 4895 vehementer
1560 4857 1574 4893 :
1591 4839 1756 4894 audio
1770 4839 1918 4894 enim

327 4933 579 4989 exitiales
604 4934 870 5002 quosdam
901 4949 1151 4988 rumores
1180 4931 1325 4987 inter
1353 4947 1456 4987 vos
1481 4931 1921 5004 proseminatos;

327 5034 386 5081 et
413 5025 709 5080 nonnullos
730 5026 1011 5089 oberrarc,
1040 5023 1135 5096 qui
1167 5023 1440 5079 sinceram
1482 5030 1722 5078 vestram
1753 5021 1915 5076 ﬁdem

312 5108 580 5172 ‘demoliri
603 5119 879 5182 studeant,
898 5129 954 5174 et
978 5118 1221 5172 inanium
1238 5116 1555 5170 vocularum
1580 5115 1774 5170 turbas
1791 5130 1921 5170 eru-

329 5217 564 5274 ctantes,
611 5217 797 5264 utrum
847 5210 1134 5280 Deiparam
1165 5207 1441 5279 appellare
1497 5207 1659 5262 liceat
1704 5222 1916 5262 sacram

328 5297 633 5365 Virginem,
649 5299 704 5350 in
723 5307 1134 5352 controversum
1148 5311 1342 5350 vocare
1356 5296 1611 5350 audeant.
1624 5296 1918 5352 Prmstaret

403 5455 424 5486 ¹
464 5453 509 5508 ll
547 5454 694 5509 Petr.
725 5468 763 5515 ι,
791 5453 910 5508 5-8.
987 5454 1008 5483 ¹
1051 5453 1253 5523 Ephcs.
1307 5469 1378 5517 tv,
1407 5451 1490 5508 l5.
1567 5451 1588 5484 ³
1623 5451 1756 5506 Luc.
1811 5466 1904 5515 χιι,

1983 5450 2011 5466 υ

1944 5471 2034 5505 δέ).

2022 4741 2270 4814 ὴγνόηκά
2300 4741 2484 4796 ποθεν⁸
2518 4741 2870 4812 τετάραγμαι
2895 4738 2952 4791 δὲ
2978 4737 3038 4789 οὐ
3065 4734 3321 4808 μετρίως,
3349 4729 3604 4804 ἀκηκοὼς

2023 4838 2110 4892 ὃτι
2149 4833 2366 4907 θρύλλοι
2401 4832 2543 4897 τινές
2585 4833 2666 4896 είς
2713 4833 2858 4904 ὑμᾶς
2905 4829 3170 4898 ἀφίκοντο
3205 4825 3458 4897 χαλεποὶ,
3508 4822 3606 4877 καὶ

2026 4929 2409 5004 περινοστοῦσί
2451 4944 2628 4990 τινες,
2663 4925 2763 4996 τὴν
2801 4923 2983 4993 ἁπλῆν
3031 4919 3187 4992 ὑμῶν
3228 4917 3605 4988 παραλύοντες

2026 5022 2229 5085 πίστιν,
2256 5021 2351 5074 καὶ
2381 5016 2668 5091 ῥηματίων
2700 5015 2922 5068 είκαίων
2957 5009 3327 5072 ὐποπτύοντες
3360 5009 3386 5048 ¹ι
3424 5007 3582 5080 ὄχλον

2031 5107 2535 5181 ἀναπυνθανόμενοι
2566 5125 2627 5161 τε
2658 5107 2751 5161 καὶ
2781 5105 3054 5174 λέγοντη,
3081 5101 3179 5172 τὴν
3201 5101 3360 5172 ἁγίαν
3394 5097 3598 5169 Παρθέ-

2025 5220 2116 5256 νον
2148 5202 2369 5273 Μαρίαν
2399 5199 2626 5271 πότερόν
2657 5215 2789 5252 ποτε
2822 5193 3163 5264 Θεοτόκον,ἧ
3199 5192 3274 5264 μὴ
3299 5185 3598 5258 κατονομά-

2026 5294 2216 5360 ζεσθαι
2239 5295 2385 5366 ἶχρή.
2413 5293 2522 5348 Καὶ
2547 5288 2614 5364 ἦν
2643 5291 2742 5364 μὲν
2786 5289 3008 5361 ἄμεινον
3045 5285 3156 5342 τῶν
3180 5284 3430 5340 τοιούτων
3453 5279 3594 5348 ὑμᾶς
3628 5298 3630 5300 ’

2156 5448 2179 5480 ⁸
2228 5449 2332 5504 lsa.
2358 5464 2543 5514 χχχιιι,
2567 5446 2658 5502 20.

1438 5567 1611 5622 Variae
1642 5566 1905 5621 lectiones
1928 5565 2137 5622 codicis
2160 5563 2516 5636 Seguicriani.

400 5687 430 5728 ιι
451 5687 744 5772 ἁμαρτίας.
824 5701 847 5728 θ
872 5688 968 5758 μή.

330 5777 686 5831 ριπτυοντες.

1054 5687 1069 5724 ί
1101 5691 1625 5754 συνεισενέγκαντες.
1695 5691 1718 5728 ε
1738 5687 1992 5740 δεὰττειν.
2067 5685 2097 5728 Ι·
2121 5685 2502 5755 ἀνεπίληπτον.

3439 5666 3466 5709 ι
3491 5686 3597 5724 πα-

3429 5889 3617 6012 ορ.

2609 5687 2622 5726 ί
2655 5684 2748 5749 ὡς.
2830 5694 2843 5732 ι
2875 5682 3059 5743 πόλεις
3085 5674 3362 5738 πλουσίας.
