4028 6208
347 357 487 415 15‘

1773 336 1940 395 EPIS’

2042 336 2116 390 LA
2152 332 2175 389 Ι
3551 330 3624 390 ιι

344 468 679 544 ζητημάτων
704 465 785 526 είς
812 463 966 519 ἅπαν
1000 460 1334 532 άποφοιτᾷν,
1388 458 1486 515 καὶ
1518 453 1557 512 ἃ
1601 455 1759 528 μόλις
1782 455 1933 509 ἐστὶν

2042 462 2169 505 sane
2190 444 2463 520 eiusmodi
2485 442 2881 515 quaestionibus
2906 443 3135 499 omnino
3155 443 3457 513 abstinere,
3488 455 3546 503 et
3572 447 3629 503 in

341 562 418 625 ὡς
444 562 508 614 ἐν
532 557 785 628 ισόπτρῳ
812 555 907 608 καὶ
954 553 1242 623 αἰνίγματι
1302 547 1657 622 θεωρούμενα
1694 548 1810 612 τοῖς
1836 546 1929 618 άρ-

341 653 475 714 τίοις
508 651 616 721 τὴν
660 648 836 718 φρένα
893 644 990 699 καὶ
1040 643 1302 715 βεϐηκόσι
1345 640 1438 695 τὸν
1480 640 1627 706 νοῦν,
1667 638 1804 711 μηδὲ
1832 638 1931 692 άν-

342 742 593 816 ορύττειν
614 740 774 802 ὅλως.
796 736 881 792 Τά
903 736 1012 808 γάρ
1041 733 1325 806 ίσχνότερα
1353 731 1465 787 τῶν
1494 730 1871 803 θεωρημάτων
1906 727 1926 768 ι

340 833 429 888 τὸν
475 830 589 886 τῶν
630 816 1045 900 ἁκερᾶιοτέρων
1076 825 1449 894 ὑπρνήχεται
1493 821 1641 877 νοῦν.
1704 818 1927 891 Ἐπειδὴ

339 927 395 982 δὲ
452 923 606 991 ﬁmi
662 922 769 976 οὐκ
822 921 1052 991 ἀνήκοοι
1103 915 1213 971 τῶν
1256 914 1520 970 τοιούτων
1578 910 1929 985 μεμενήκατε

340 1017 541 1085 λόγων,
571 1014 669 1068 καὶ
699 1010 1028 1082 φιλονεικεῖν
1058 1006 1278 1063 ἑλέσθαι
1305 1004 1459 1070 τινὰς
1486 1005 1657 1070 είκὸς,
1688 1003 1787 1057 καὶ
1819 1004 1933 1066 τοῖς

340 1110 437 1164 τὸν
460 1107 591 1162 νοῦν
620 1105 725 1160 οὐκ
766 1102 1183 1176 Ξρηρεισμένοις
1201 1140 1217 1163 ,
1251 1094 1343 1153 οἷά
1382 1114 1505 1152 τινα
1561 1097 1805 1152 σκόλοπα
1825 1136 1843 1163 ,
1871 1094 1935 1149 τὸ

340 1202 431 1254 ἐπ’
463 1200 653 1263 αὐτοῖς
676 1197 742 1269 δὴ
768 1195 929 1250 τοῦτο
966 1192 1340 1265 ἐμπερονῆσαι
1372 1187 1589 1261 βλάϐος,
1619 1188 1731 1242 δεῖν
1748 1186 1934 1261 ᾠήθην

339 1290 665 1361 ἀναγκαίοις
689 1287 849 1356 ὀλίγα
872 1285 997 1340 τινὰ
1037 1296 1079 1325 ιιι
1110 1284 1248 1355 πρὸς
1285 1281 1432 1351 ὑμᾶς
1462 1279 1594 1350 περὶ
1619 1277 1827 1332 τούτων
1852 1277 1931 1329 εί-

339 1384 468 1435 πεῖν
489 1398 507 1412 ’
534 1380 637 1449 οὐχ
663 1379 754 1432 τνα
799 1375 1146 1447 λογομαχῖῃε
1186 1372 1411 1444 μᾶλλον,
1443 1370 1560 1425 ἀλλ’
1589 1370 1678 1424 ἵνα
1704 1370 1759 1423 εί
1783 1385 1931 1431 τινες

342 1474 476 1543 ὑμῖν
516 1467 857 1536 ὲπιφύοιντο,
887 1467 1010 1528 ταῖς
1050 1462 1273 1517 ἐκείνων
1303 1460 1695 1529 εἰκαιολογίαις
1721 1459 1784 1512 τὸ
1811 1457 1937 1529 ἁλη-

344 1565 436 1628 θὶς
467 1561 868 1629 ἀντεξάγοντες
901 1567 952 1623 1³,
988 1554 1143 1610 αὐτοί
1183 1572 1244 1609 τε
1279 1552 1699 1625 διαδιδράσκητε
1727 1554 1828 1621 τὴν
1868 1552 1936 1605 ὲκ

342 1656 436 1711 τοῦ
458 1652 773 1709 πλανᾶσθαι
801 1648 1028 1721 ζημίαν.
1060 1646 1458 1719 προσωφελῆτε
1479 1645 1538 1699 δὲ
1567 1645 1666 1701 καὶ
1689 1643 1932 1716 ἐτέρους,

344 1750 455 1811 τοῖς
472 1746 782 1817 καθήκουσι
806 1741 1114 1812 λογισμοῖς,
1133 1738 1211 1802 ὡς
1233 1737 1523 1809 ἀδελφοὺς,
1544 1735 1936 1800 ἀναπείθοντες

345 1842 443 1912 τὴν
477 1839 689 1895 ἄνωθεν
746 1840 871 1901 ταῖς
920 1833 1275 1907 mnu-fat;
1323 1832 1392 1886 hc
1428 1832 1539 1886 τῶν
1584 1830 1756 1901 ἁγίων
1799 1830 1937 1885 ἀπο-

355 1934 553 1988 πῶλον
581 1929 986 2002 παραδοθεῖσαν
1016 1928 1238 1991 πίστιν,
1281 1924 1536 1996 καθάπερ
1561 1923 1687 1978 τινά
1717 1920 1940 1977 πολυτί-

364 2043 530 2098 μητον
555 2022 898 2095 μαργαρίτην
926 2023 986 2074 ὲν
1012 2019 1170 2082 ἰδίαις
1199 2017 1346 2090 ἔχειν
1370 2017 1596 2088 ψυχαῖς.

2039 556 2105 597 ea
2130 555 2252 611 qua:
2275 536 2636 595 abstrusioris
2659 536 3121 593 eonsiderationis
3143 546 3295 603 sunt,
3331 553 3436 594 nec
3464 537 3632 597 aliter

2039 632 2157 688 fere
2178 629 2289 686 nisi
2312 628 2483 685 veluti
2520 628 2577 682 in
2606 626 2831 698 speculo
2854 635 2911 683 et
2940 627 3227 698 aenigmate
3260 628 3426 685 etiam
3462 628 3534 684 ab
3560 628 3631 685 iis

2041 722 2136 793 qui
2176 720 2453 777 soliditate
2493 717 2689 790 iudicii
2736 717 3048 789 mentisque
3086 717 3344 776 firmitate
3380 719 3626 792 pollent,

2043 812 2281 885 perspici
2309 819 2559 882 possunt,
2597 825 2945 880 nequaquam
2978 809 3279 881 inquirere.
3310 811 3447 868 Nam
3488 812 3626 869 sim-
3687 839 3724 851 -κ

2042 904 2335 976 pliciorum
2373 910 2595 974 captum
2627 901 2916 957 subtiliora
2951 902 3291 958 theoremata
3328 904 3624 960 excedunt.

2041 997 2111 1053 At
2135 997 2266 1068 quia
2295 997 2494 1051 horum
2525 1009 2844 1051 sermonum
2882 1002 3139 1066 expertes
3173 1010 3285 1053 non
3320 997 3628 1067 permansi-

2042 1090 2162 1154 stis,
2194 1089 2363 1160 ﬁtque
2394 1087 2679 1161 probabile
2703 1088 3080 1145 contentiosos
3102 1089 3369 1159 quosdam
3401 1105 3512 1145 non
3534 1090 3631 1146 de-

2042 1185 2280 1251 futuros,
2306 1183 2401 1255 qui
2429 1196 2701 1240 venenum
2726 1182 2874 1254 quod
2906 1183 3077 1238 semel
3104 1182 3429 1248 hauserunt,
3457 1183 3630 1240 veluti

2043 1277 2256 1350 spicula
2287 1277 2558 1348 quaedam,
2593 1276 2651 1330 in
2686 1275 3112 1331 imbecilliorum
3142 1276 3355 1331 animos
3391 1274 3632 1347 deﬁgere

2043 1370 2410 1435 conabuntur,
2437 1384 2620 1439 opera:
2645 1383 2734 1425 me
2760 1367 3001 1439 pretium
3038 1366 3314 1422 facturum
3345 1368 3555 1439 putavi,
3583 1366 3630 1423 si

2042 1477 2217 1533 pauca
2240 1461 2491 1533 quasdam
2524 1459 2593 1515 iis
2612 1460 2681 1515 de
2708 1459 2876 1515 rebus
2903 1458 2972 1514 ad
2999 1472 3097 1514 vos
3127 1458 3490 1525 dissererem;
3519 1473 3634 1513 non

2042 1569 2110 1610 eo
2144 1553 2201 1609 id
2225 1552 2450 1625 quidem
2478 1551 2731 1617 consilio,
2760 1559 2823 1606 ut
2847 1566 2948 1607 vos
2977 1550 3047 1606 ad
3074 1550 3201 1606 lites
3224 1549 3635 1621 verborumque

2043 1646 2462 1718 digladiationes
2490 1644 2844 1710 inﬂammem,
2866 1658 3062 1699 verum
3079 1654 3142 1699 ut
3165 1644 3211 1699 si
3230 1643 3324 1714 qui
3340 1642 3411 1698 de
3433 1652 3635 1699 cmtero

2042 1755 2142 1796 vos
2158 1740 2337 1796 adorti
2366 1739 2594 1804 fuerint,
2622 1737 2845 1794 illorum
2865 1737 3111 1793 futilitati
3140 1736 3428 1793 veritatem
3458 1751 3630 1807 oppo-

2045 1841 2262 1899 nentes,
2288 1840 2346 1888 et
2373 1830 2711 1902 ipsi-erroris
2734 1829 3038 1900 perniciem
3069 1829 3366 1901 eﬂ‘ugiatis,
3402 1838 3461 1886 et
3498 1829 3638 1886 alios

2046 1922 2371 1994 opportunis
2399 1922 2711 1978 rationibus
2738 1920 2990 1992 perinde,
3018 1930 3081 1976 ut
3114 1920 3328 1987 fratres,
3361 1920 3638 1978 inducatis

2046 2027 2158 2084 quo
2188 2011 2352 2069 ﬁdem
2373 2013 2485 2084 iam
2515 2012 2645 2067 olim
2673 2010 2937 2067 Eeclesiis
2969 2025 3070 2081 per
3096 2019 3316 2067 sanctos
3355 2012 3637 2082 apostolos

358 2119 630 2183 traditam,
651 2133 763 2174 non
798 2131 962 2173 secus
989 2130 1055 2171 ac
1082 2111 1428 2186 margaritam
1463 2110 1666 2166 animis
1695 2107 1816 2165 suis
1848 2106 2110 2163 insertam
2140 2112 2460 2171 constanter
2491 2105 2786 2161 retineant.

428 2228 759 2306 Ἰεθαύμακα
800 2232 983 2287 τοίνυν
1002 2273 1018 2297 ,
1049 2231 1210 2301 εἴπερ
1233 2229 1372 2293 δλως
1421 2227 1759 2291 ὲνδοιάζουσί
1790 2242 1945 2291 τινες

360 2328 581 2399 πότερον
606 2326 891 2390 Θεστόκος,
916 2324 951 2396 ἢ
978 2323 1076 2395 μὴ,
1103 2321 1302 2391 λέγοιτ’
1330 2321 1399 2375 ἂν
1417 2321 1452 2393 ἡ
1474 2320 1607 2389 ἁγία
1636 2318 1934 2390 Παρθὲνος.

351 2422 408 2474 ει
434 2419 549 2489 γάρ
580 2421 699 2472 ἐστι
733 2416 871 2481 Θεὸς
900 2417 929 2469 ὁ
970 2415 1176 2487 Κύριος
1212 2412 1377 2487 ἡμῶν
1426 2410 1637 2484 Ἰησοῦς
1666 2409 1935 2483 Χριστὸς,

348 2511 462 2574 πῶς
493 2511 555 2562 οὗ
584 2509 847 2572 Θεοτὸκος
878 2508 912 2578 ἡ
941 2506 1178 2561 τεκοῦσα
1211 2508 1246 2578 ἡ
1283 2504 1418 2575 ἁγία
1444 2503 1761 2576 Παρθένος;
1793 2501 1938 2557 Ταύ-

347 2616 445 2670 την
481 2602 620 2671 ἡμῖν
664 2598 769 2669 τὴν
800 2598 984 2652 πίστιν
1025 2598 1334 2670 παρέδοσαν
1361 2599 1411 2651 oi
1450 2596 1728 2652 θεσπέσιοι
1762 2597 1940 2670 μαθη-

346 2693 453 2756 ταὶ,
489 2693 596 2745 κᾶν
626 2693 676 2745 εἰ
698 2691 778 2764 μὴ
804 2690 902 2761 τῆς
932 2689 1133 2757 λέξεως
1155 2690 1479 2762 πεποίηνται
1513 2692 1754 2762 μνήμην.
1778 2689 1937 2744 Οὕτω

348 2786 570 2855 φρονεῖν
587 2780 952 2853 δεδιδάγμεθα
979 2781 1133 2853 παρὰ
1153 2781 1264 2835 τῶν
1294 2780 1467 2851 ἁγίων
1503 2782 1792 2853 Πατέρων.
1824 2784 1937 2836 Καὶ

343 2872 479 2941 γοῦν
521 2873 553 2925 δ
576 2874 679 2942 τῆς
712 2871 958 2942 ἀοιδίμου
1008 2870 1230 2942 μνήμης
1277 2868 1469 2942 Πατὴρ
1498 2868 1658 2940 ἡμῶν
1701 2867 1933 2922 Ἀθανά-

343 2979 486 3028 σιος,
514 2962 623 3033 τῆς
683 2959 1083 3032 Ἀλεξανδρέων
1137 2960 1467 3031 Έκκλησίας
1505 2961 1936 3031 κατακοσμήσεις

341 3052 432 3105 τὸν
465 3051 664 3122 θρόνον
703 3051 790 3119 ἐφ’
836 3049 980 3115 ὅλοις
1010 3049 1157 3104 Ετεσι
1191 3051 1606 3122 τεσσαράκοντα
1634 3051 1731 3105 καὶ
1756 3051 1815 3118 ἓξ
1844 3050 1937 3105 τὸν

342 3143 618 3213 ἀριθμὸν,
647 3144 745 3197 καὶ
768 3144 893 3207 ταῖς
927 3141 1041 3196 τῶν
1068 3143 1298 3197 ἀνοσίων
1334 3143 1626 3214 αίρετικῶν
1662 3143 1937 3215 εὑρεσιλο-

340 3240 501 3302 τίαις
528 3233 747 3303 ἄμαχόν
771 3251 886 3288 τινα
913 3234 1012 3288 καὶ
1043 3234 1408 3303 ἁποστολικὴν
1435 3234 1772 3289 ἁντιτάττων
1797 3234 1928 3289 σύν-

352 3341 532 3389 εσιν,
597 3324 691 3377 καὶ
736 3317 845 3377 οἷον
883 3321 1237 3395 εὐοσμοτάτῳ
1274 3324 1380 3378 τινὶ
1427 3324 1585 3396 μύρῳ
1628 3327 1742 3388 τοῖς
1786 3324 1938 3389 ίδίοις

346 3414 765 3486 συγγράμμασι
813 3415 1230 3485 κατευφραίνων
1268 3414 1368 3486 τὴν
1415 3415 1509 3470 ὑπ’
1549 3416 1813 3488 οὐρανὸν,
1843 3417 1940 3470 καὶ

344 3507 432 3561 ἔπ’
461 3506 729 3578 ὀρθότητι
752 3505 849 3560 καὶ
872 3505 1126 3579 εὐσεϐείᾳ
1157 3514 1183 3542 ο
1218 3506 1505 3577 δογμάτων
1535 3506 1688 3577 παρὰ
1717 3508 1938 3562 πάντων

351 3598 833 3672 μαρτυρούμενος,
854 3599 913 3652 τί
935 3599 1070 3671 περὶ
1093 3599 1192 3670 τῆς
1209 3598 1371 3667 ἁγίας
1395 3598 1529 3670 ἡμῖν
1542 3598 1936 3669 καὶὸμοουσίου

349 3692 588 3761 τριάδος
617 3689 887 3754 συντιθεὶς
911 3690 1138 3761 βιϐλίον,
1182 3693 1242 3744 ὲν
1270 3689 1348 3761 τῷ
1376 3691 1545 3762 τρίτῳ
1568 3689 1732 3762 λόγῳ,
1750 3691 1937 3746 ἁνωτε

356 3780 450 3834 καὶ
480 3782 643 3835 κάτω
676 3779 940 3835 Θεοτὸκον
975 3780 1246 3835 ἀποκαλεῖ
1280 3780 1383 3851 τὴν
1430 3780 1596 3851 ἁγίαν
1637 3780 1933 3853 Παρθένον.

356 3871 719 3942 Κιχρήσομαι
744 3868 801 3924 δὲ
822 3872 943 3933 ταῖς
969 3869 1137 3924 αὐτοῦ
1156 3871 1363 3940 φωναῖς
1382 3870 1717 3939 ἀναγκαίως.
1744 3870 1938 3934 αὐταῖς

351 3963 565 4029 λέξεσιν
613 3962 870 4033 quam;
912 3954 1041 4017 ὧδε·
1089 3980 1108 4013 ι
1165 3962 1377 4026 Σκοπὸς
1419 3962 1603 4015 τοίνυν
1642 3956 1797 4024 οὗτος
1842 3962 1939 4016 καὶ

348 4057 652 4128 χαρακτὴρ
679 4056 783 4128 τῆς
811 4055 964 4119 θείας
990 4055 1238 4127 Γραφῆς,
1270 4055 1347 4120 ὡς
1391 4054 1655 4119 πολλάκις
1686 4055 1935 4126 εἴπομεν,

347 4147 554 4216 διπλῆν
586 4142 728 4199 εἶναι
770 4144 873 4215 τὴν
915 4145 1045 4216 περὶ
1082 4144 1176 4198 τοῦ
1210 4144 1463 4215 Σωτῆρος
1504 4141 1838 4213 ἐπαγγελίαν
1879 4143 1938 4196 ὲν

349 4239 501 4308 αὐτῇ
521 4252 538 4268 ⁸
564 4239 648 4291 ὅτι
666 4238 755 4291 άεί
770 4253 834 4290 τε
857 4236 988 4301 Θεὸς
1012 4231 1103 4307 ἦν,
1132 4236 1231 4290 καὶ
1257 4235 1406 4289 ἔστιν
1430 4236 1459 4289 ὁ
1487 4233 1634 4300 Υίδς,
1668 4234 1840 4302 Λόγος
1862 4232 1940 4287 ὣν

348 4330 452 4385 καὶ
486 4328 835 4400 ἀπαύγασμα
868 4328 966 4383 καὶ
995 4328 1160 4398 σοφία
1189 4327 1285 4382 τοῦ
1329 4328 1578 4400 Πατρός·
1610 4327 1708 4381 καὶ
1733 4328 1818 4380 ὅτι
1839 4326 1937 4380 ὓσ-

2112 2223 2283 2279 Miror
2304 2223 2491 2293 itaque
2517 2224 2779 2295 majorem
2809 2219 2863 2277 in
2888 2222 3113 2278 modum
3138 2237 3259 2279 esse
3281 2222 3495 2294 aliquos
3517 2237 3636 2278 om-

2039 2315 2173 2372 nino
2200 2316 2293 2387 qui
2332 2326 2514 2371 utrum
2545 2330 2697 2371 sacra
2735 2314 2901 2387 Virgo
2924 2310 3159 2386 Deipara
3190 2315 3512 2387 appellanda
3538 2316 3630 2381 sit,

2040 2411 2203 2482 plane
2241 2409 2588 2465 addubitent.
2616 2408 2856 2474 Etenim,
2884 2407 2930 2465 si
2966 2409 3234 2465 Dominus
3267 2416 3456 2464 noster
3472 2408 3635 2465 ,ἰοειιέ

2039 2506 2295 2564 Christus
2330 2508 2479 2563 Deus
2520 2512 2626 2569 est,
2666 2518 2777 2575 quo
2802 2501 3026 2558 tandem
3057 2501 3223 2559 modo
3261 2518 3416 2558 sacra
3443 2499 3631 2574 Virgo,

2041 2615 2164 2670 qua:
2199 2599 2351 2655 illum
2381 2597 2576 2662 edidit,
2603 2595 2834 2667 Deipara
2866 2611 2975 2651 non
3004 2595 3259 2650 dicatur?
3287 2595 3439 2651 Hanc
3470 2596 3631 2650 fidem

2042 2692 2216 2747 divini
2240 2690 2495 2763 discipuli
2522 2688 2685 2744 nobis
2709 2688 3075 2753 tradiderunt,
3096 2687 3348 2757 quamvis
3369 2688 3528 2743 istius
3550 2688 3632 2743 di-

2042 2782 2243 2841 ctionis
2270 2797 2377 2836 non
2408 2778 2781 2835 meminerint.
2807 2777 2887 2833 Ad
2912 2778 3062 2833 hunc
3098 2777 3322 2832 modum
3364 2790 3394 2831 ιι
3428 2777 3631 2832 sanctis

2044 2875 2299 2931 Palribus
2320 2872 2557 2928 instituti
2592 2887 2802 2928 sumus.
2828 2870 3124 2927 Enimvero
3151 2869 3489 2942 percelebris
3511 2886 3629 2925 me-

2044 2967 2233 3022 moria:
2274 2967 2438 3021 Pater
2477 2973 2666 3021 noster
2691 2963 3045 3029 Athanasius,
3075 2962 3169 3034 qui
3208 2970 3350 3018 totos
3389 2962 3629 3033 quadra-

1967 3085 2011 3143 ο
2043 3060 2193 3132 ginta
2223 3075 2319 3115 sex
2345 3073 2519 3114 annos
2543 3055 2926 3114 Alexandrina:
2955 3056 3214 3112 Ecclesia:
3248 3055 3629 3127 pontiﬁcatum

2043 3151 2259 3225 egregia
2281 3165 2405 3206 cum
2429 3150 2590 3206 laude
2613 3149 2800 3221 gessit,
2828 3147 3263 3219 loquacibusque
3288 3148 3627 3218 impurorum

2042 3242 2486 3312 nefariorumque
2511 3241 2894 3297 hazreticorum
2917 3240 3245 3297 commentis
3271 3239 3494 3303 invicta,
3516 3239 3633 3309 pla-

2043 3347 2223 3403 neque
2264 3331 2564 3403 apostolica
2595 3330 2867 3401 sapientia
2909 3330 3131 3396 restitit,
3166 3328 3371 3401 quique
3409 3329 3633 3401 scriptis

2043 3420 2161 3475 suis
2184 3419 2352 3475 veluti
2398 3419 2834 3491 fragrantissimo
2863 3418 2920 3493 4
2959 3421 3194 3489 quodam
3237 3428 3519 3491 unguento
3545 3429 3629 3474 to-

2044 3511 2382 3566 tum'orbem
2410 3510 2643 3566 miriﬁce
2681 3512 2968 3577 recreavit,
3001 3520 3058 3566 et
3094 3510 3183 3565 cui
3218 3511 3286 3566 de
3312 3512 3629 3582 dogmatum

2043 3601 2293 3657 absoluta
2340 3602 2654 3673 integritate
2688 3602 2925 3673 fideique
2957 3602 3285 3657 rectitudine
3314 3618 3506 3659 omnes
3547 3612 3631 3659 te-

2043 3694 2363 3748 stimonium
2379 3693 2532 3759 dant,
2550 3694 2693 3749 libro
2709 3707 2871 3763 quem
2888 3693 2956 3748 de
2982 3703 3168 3748 sancta
3188 3701 3245 3749 et
3270 3696 3633 3751 consubstan-

2044 3781 2158 3836 tiali
2186 3782 2229 3835 Τ
2234 3781 2453 3836 rinitate
2498 3783 2857 3853 conscripsit,
2898 3783 3149 3840 oratione
3191 3785 3388 3851 tertia,
3419 3802 3630 3842 sacram

2042 3870 2320 3945 Virginem
2361 3874 2565 3944 passim
2604 3873 2894 3947 Dciparam
2935 3875 3203 3931 nominat.
3240 3874 3419 3948 Cogor
3445 3887 3629 3934 autem

2044 3965 2179 4037 ipsis
2204 3965 2357 4022 illius
2386 3967 2572 4023 verbis
2597 3968 2702 4023 hoc
2728 3968 2850 4024 loco
2873 3966 2978 4033 uti,
3000 3983 3123 4039 quae
3146 3968 3295 4024 hunc
3316 3969 3374 4023 in
3405 3972 3629 4027 modum

2044 4058 2284 4115 habent:
2326 4078 2344 4109 ι
2379 4059 2568 4130 Itaque
2600 4060 2800 4117 divina:
2829 4058 3126 4132 Scriptum
3151 4076 3352 4133 scopus
3390 4078 3455 4118 ae
3496 4063 3630 4119 cha-

2044 4162 2244 4217 racter,
2273 4162 2334 4208 ut
2361 4169 2504 4224 smpe
2534 4155 2869 4221 monuimus,
2899 4155 3168 4227 ejusmodi
3197 4164 3285 4211 est
3313 4166 3379 4212 ut
3418 4164 3631 4213 utrum-

2043 4259 2152 4314 que
2192 4244 2262 4298 de
2306 4243 2527 4300 Christo
2549 4246 2833 4303 Salvatore
2862 4253 3055 4303 nostro
3096 4248 3450 4318 pronuntiet;
3497 4260 3629 4320 puta

2043 4334 2216 4391 Deum
2259 4336 2416 4391 illum
2458 4351 2600 4403 esse,
2630 4345 2686 4392 et
2713 4352 2997 4409 nunquam
3027 4354 3139 4393 non
3169 4338 3277 4395 hoc
3310 4338 3488 4410 ipsum
3530 4356 3628 4395 ex-

343 4439 516 4494 ττρον
538 4422 612 4476 δι’
639 4423 791 4493 ἡμᾶς
825 4419 1004 4492 σάρκα
1022 4418 1205 4474 λαϐὼν
1229 4420 1295 4474 ὲκ
1317 4419 1595 4492 Παρθένου
1614 4419 1719 4489 τῆς
1744 4417 1939 4471 Θεοτό-

2043 4425 2272 4490 stitisse,
2292 4433 2354 4479 ut
2378 4425 2474 4496 qui
2497 4424 2678 4480 Patris
2701 4425 3053 4490 sitVerbum,
3071 4425 3428 4497 ejusdemque
3450 4424 3630 4495 splen-

349 4532 449 4569 νου
494 4513 767 4587 Καρίας,
799 4512 1081 4585 ἄνθρωπος
1129 4512 1339 4582 γέγονε.
1391 4530 1411 4564 ι
1459 4511 1565 4566 Καὶ
1609 4512 1728 4582 μεθ’
1778 4510 1941 4581 ἕτερα

353 4607 548 4662 πόλιν
594 4625 617 4658 ι
665 4603 866 4660 Πολλοὶ
895 4605 1023 4675 γοῦν
1064 4605 1209 4673 ἅγιοι
1237 4604 1520 4674 γεγόνασι,
1565 4603 1663 4657 καὶ
1707 4600 1944 4673 καθαροὶ

361 4698 542 4766 πάσης
584 4696 889 4769 ἁμαρτίας.
931 4697 1204 4769 Ἱερεμίας
1232 4697 1292 4751 δὲ
1316 4696 1414 4751 καὶ
1456 4697 1523 4750 ἐκ
1545 4695 1756 4759 κοιλίας
1779 4693 1942 4766 ἡγιά-

360 4788 492 4859 σθη,
526 4791 626 4843 καὶ
665 4788 920 4859 Ἰωάννης
941 4789 1024 4842 ἔτι
1069 4788 1513 4859 κυοφορούμενος
1536 4787 1864 4856 ὶσκίρτησεν
1886 4787 1944 4840 ἐν

354 4881 681 4950 ἀγαλλιάσει
717 4881 814 4935 ἐπὶ
861 4883 927 4952 τῇ
966 4884 1120 4953 φωνῇ
1170 4880 1273 4951 τῆς
1314 4878 1578 4934 Θεοτόκου
1628 4877 1869 4949 Μαρίας.
1918 4896 1938 4930 ι

365 4970 696 5040 ’Δξιόχρεως
722 4972 823 5042 μιν
845 4966 989 5025 οὖνὸ
1018 4969 1183 5041 ἀνὴρ.
1212 4969 1307 5023 καὶ
1338 4968 1661 5040 θαρσείσθαι
1692 4966 1943 5039 πρέπων,

339 5064 427 5129 ὡς
448 5064 563 5117 οὐκ
586 5063 653 5116 ἂν
680 5065 789 5134 ἔφη
818 5079 874 5116 τι
914 5062 1027 5117 τῶν
1065 5063 1168 5115 ὅσα
1202 5060 1279 5131 μὴ
1322 5060 1439 5114 ἐστι
1467 5062 1581 5124 τοῖς
1607 5060 1772 5130 ἱεροῖς
1799 5075 1944 5130 συμ-

337 5155 620 5213 6α-ίνοντα
643 5155 861 5223 Δόγοις.
891 5153 1017 5218 Πῶς
1059 5151 1169 5225 γὰρ
1196 5152 1264 5207 ἂν
1306 5152 1546 5223 ἁμάρτοι
1570 5150 1621 5205 τ’
1652 5149 1889 5222 ἀληθοῦς
1916 5150 1946 5204 δ

335 5253 618 5324 λαμπρὸς
646 5249 794 5306 οὕτω
827 5251 927 5304 καὶ
958 5249 1264 5320 διαῦὀητος,
1306 5248 1402 5303 καὶ⁸
1439 5249 1499 5302 ιν
1523 5246 1663 5319 αὐτῇ
1694 5245 1826 5319 ἁγίᾳ
1851 5244 1948 5300 καὶ

341 5344 578 5417 μεγάλῃ
611 5342 836 5414 συνόδῳ,
868 5344 937 5415 τῇ
975 5343 1040 5396 ὲν
1072 5341 1279 5412 Nimia
1316 5338 1485 5412 φημὶ,
1530 5338 1674 5393 κατὰ
1718 5338 1949 5409 καιροὺς

406 5512 432 5544 ⁸
460 5510 646 5567 Hebr.
667 5525 709 5575 ι,
731 5507 794 5574 3;
844 5507 865 5562 l
904 5505 1037 5564 Cor.
1062 5523 1100 5571 ι,
1127 5507 1217 5561 51.
1294 5504 1538 5561 ‘Jerem.
1570 5503 1682 5568 1,5.

2045 4515 2146 4570 dor
2165 4521 2223 4570 et
2248 4513 2515 4584 sapientia
2536 4514 2559 4548 ⁸
2586 4532 2599 4569 :
2627 4523 2744 4569 tum
2778 4516 3035 4571 eumdem
3062 4528 3282 4571 rursum
3311 4514 3629 4569 novissimis

2039 4608 2193 4663 hisce
2222 4606 2567 4677 temporibus
2592 4619 2825 4677 corpore
2849 4622 2918 4662 ex
2953 4606 3188 4678 Deipara
3217 4605 3431 4678 virgine
3459 4604 3628 4660 Maria

2040 4703 2281 4767 sumpto,
2315 4693 2492 4751 nostri
2534 4709 2699 4751 causa
2740 4694 3020 4751 hominem
3065 4697 3270 4752 factum
3316 4709 3459 4750 esse.
3508 4712 3527 4747 ι
3560 4695 3629 4751 Et

2041 4786 2323 4843 nonnullis
2340 4785 2647 4859 interiectis
2664 4786 2865 4842 iterum
2885 4805 2899 4843 :
2928 4807 2948 4840 ι
2968 4788 3122 4844 Multi
3143 4788 3405 4844 exstitere
3428 4790 3627 4850 sancti.

2039 4887 2099 4935 et
2129 4878 2202 4934 ab
2224 4877 2375 4935 omni
2409 4887 2637 4949 peccato
2665 4877 2962 4937 immunes.
2992 4879 3129 4936 Nam
3165 4888 3224 4934 et
3253 4879 3523 4936 Jercmias
3561 4881 3629 4935 de

2042 4979 2296 5024 materno
2330 4977 2492 5024 utero
2540 4968 2914 5027 sanctiﬁcatus
2935 4977 3021 5027 est
3041 4971 3064 5002 ⁸
3086 4987 3099 5024 :
3125 4977 3182 5026 et
3202 4969 3442 5025 Joannes
3461 4970 3516 5025 in
3540 4971 3629 5026 lu-

2044 5078 2165 5118 cem
2187 5060 2434 5118 nondum
2460 5061 2666 5128 editus,
2695 5077 2831 5120 voce
2859 5062 3105 5134 Deipara:
3132 5062 3318 5118 Maria:
3345 5071 3628 5133 percepta.

2044 5152 2392 5211 laetabundus
2417 5154 2623 5212 exsiliit
2642 5157 2715 5211 ’.ι
2745 5156 2888 5212 Sane
2921 5153 3153 5211 idoneus
3174 5163 3260 5211 est
3286 5154 3378 5211 hic
3405 5154 3511 5221 vir,
3537 5170 3632 5224 ap.

2046 5246 2357 5318 primeque'
2382 5245 2585 5319 dignus
2631 5247 2723 5304 cui
2774 5246 3049 5319 intrepide
3089 5247 3252 5304 fidem
3299 5247 3628 5320 adiungere,

2045 5352 2322 5410 quemque
2356 5347 2479 5395 tuto
2507 5339 2665 5411 sequi
2689 5340 2872 5407 liccat,
2903 5350 2966 5399 ut
3002 5341 3097 5414 qui
3132 5341 3269 5400 nihil
3312 5338 3631 5415 protulisset

1742 5502 1764 5533 ν
1788 5501 1922 5558 Luc.
1946 5518 1985 5569 ι,
2010 5503 2100 5558 Li.

1457 5644 1632 5700 Varia:
1661 5640 1928 5697 lectiones
1945 5639 2152 5697 codicis
2171 5638 2536 5715 Seguieriani.

432 5790 457 5834 ¹
482 5780 801 5864 νοημάτων.
877 5800 917 5830 ω
941 5790 1099 5845 ἅττα.
1176 5797 1202 5826 ³³
1225 5784 1689 5852 ἀντεξετάζοντες.
1771 5791 1795 5819 °
1821 5780 2097 5855 ἀκριϐείᾳ.
