4028 6208
429 320 504 382 15
1460 323 1514 382 S.
1557 298 1831 382 Ci’lilLlJ
1871 323 2340 384 ALEXANDRINI
2381 324 2700 392 ARCHIEPi
2760 324 2762 326 ⁷
3634 338 3697 392 l6

429 437 576 510 quod
627 452 658 492 a
712 436 914 493 divinis
948 437 1173 494 Litteris
1213 440 1454 494 alienum
1496 450 1662 494 esset.
1707 441 1826 506 Quo
1866 441 1986 494 enin

2121 433 2616 517 συναγηγερμένῃ,
2686 444 2822 516 πρὸς
2883 446 3139 499 ἁπάντων
3207 445 3694 518 τεθαυμασμένος;
3766 468 3770 472 ‘

425 539 585 600 pacto
618 529 848 584 illustris
881 531 970 587 ille
999 532 1421 602 celebratusque
1443 533 1624 596 Pater,
1651 534 1744 602 qui
1771 533 1823 586 in
1854 548 1986 586 sacr:

2115 533 2281 588 Οὔπω
2312 536 2410 605 μὲν
2435 535 2544 606 γὰρ
2581 537 2671 589 τὸν
2693 537 2793 606 τῆς
2822 538 3124 607 ἐπισκοπῆς
3148 538 3319 592 διεῖπε
3345 540 3554 610 θρόνον,
3581 540 3696 592 ἐτέ-

424 621 516 675 illa
551 636 853 691 magnaque
885 622 1094 692 synodo
1129 622 1345 676 Nicama
1375 621 1429 675 in
1461 629 1608 676 tanta
1635 621 1880 675 omnium
1907 623 1986 675 ad-

2114 624 2196 677 λει
2237 625 2302 695 δὲ,
2335 626 2540 696 μᾶλλον
2570 629 2628 680 ἐν
2675 628 2986 698 κληρικοῖς,
3021 629 3159 699 πλὴν
3193 630 3470 700 ἀγχινοίας
3509 630 3690 695 ἕνεκα,

423 714 717 772 miratione
745 715 967 768 habitus
990 722 1091 776 est,
1117 731 1148 768 a
1173 713 1420 768 veritatis
1448 714 1664 768 tramite
1689 714 1986 768 aberraret

2115 719 2209 770 καὶ
2237 717 2336 787 τῆς
2360 719 2528 790 ἄλλης
2557 721 2882 784 ἐπιεικείας,
2903 721 2996 774 καὶ
3021 721 3207 792 ἰσχνῆς
3238 724 3375 790 ἄγαν
3401 722 3496 775 καὶ
3525 723 3694 790 ἀσυγ-

421 808 556 864 Nam
596 809 700 864 etsi
743 824 840 878 per
883 807 937 860 id
968 817 1184 875 tempus
1224 806 1466 875 episcopi
1515 819 1716 859 munus
1758 804 1984 858 nondun

2113 810 2303 880 κρίτου
2353 811 2583 881 φρενὸς,
2617 811 2944 883 παρελήφθη
2989 813 3088 882 μὲν
3128 814 3380 884 τηνικάδε
3420 813 3570 884 παρά
3597 813 3691 867 τοῦ

421 901 740 964 sustineret,
759 899 852 954 sed
879 899 1021 952 inter
1042 897 1272 952 clericos
1291 898 1589 951 etiamnqu
1607 895 1850 966 degeret,
1869 905 1986 951 atta-

2102 903 2203 970 τῆς
2251 901 2533 973 μακαρίας
2586 904 2812 974 μνήμης
2858 904 3208 974 Ἀλεξάνδρου
3238 906 3331 958 τοῦ
3365 905 3687 958 ἐπισκόπου.

420 1012 546 1050 men
580 1003 806 1063 propter
837 992 1150 1062 praiclaram
1186 989 1446 1054 indolem,
1478 989 1858 1059 insignemque
1880 989 1986 1044 vita

2103 991 2275 1061 Συνῆν
2305 992 2360 1044 δὲ
2387 991 2465 1062 τῷ
2495 992 2775 1064 πρεσϐύτῃ
2826 988 2915 1048 οἷά
2941 1011 3046 1066 περ
3070 995 3184 1056 υίὸς
3215 994 3405 1063 πατρὶ,
3438 993 3690 1063 ποδηγόω

419 1085 770 1157 probitatem,
799 1093 855 1138 et
881 1083 1139 1138 subtilem
1175 1097 1239 1137 ac
1275 1080 1762 1150 incomparabilem
1803 1082 1986 1135 menti:

2102 1081 2180 1145 εἰς
2219 1083 2428 1136 ἕκαστα
2457 1082 2569 1137 τῶν
2613 1085 2922 1156 χρησίμων,
2955 1087 3048 1138 καὶ
3091 1087 3192 1156 τὴν
3221 1087 3303 1156 ἐφ’
3333 1086 3549 1156 ἑκάστῳ
3581 1085 3689 1138 τῶν

311 1193 318 1208 '
419 1177 835 1250 perspicaeiam,
863 1191 893 1230 a
919 1176 1093 1230 beatae
1115 1173 1394 1229 memoriae
1412 1173 1672 1243 episc0po
1695 1173 1986 1228 Alexandrc

2101 1171 2634 1250 πρακτέωνόδὸνιεῦ
2662 1176 2807 1246 μάλα
2841 1176 3225 1244 παραδεικνύς.

417 1249 485 1324 ad
526 1264 794 1340 synodum
832 1282 1018 1323 comes
1060 1266 1265 1321 ascitus
1303 1265 1786 1321 est..Versabatur
1817 1276 2002 1322 autem
2040 1282 2165 1322 cum
2191 1283 2320 1322 sene
2353 1249 2610 1338 tanquam
2647 1268 2792 1324 ﬁlius
2822 1285 2948 1324 eum
2975 1278 3151 1339 patre,
3212 1271 3278 1324 ad
3307 1271 3526 1341 quidvis
3577 1270 3689 1324 nti-

417 1366 544 1422 liter
575 1363 974 1420 conﬁciendum
1007 1377 1128 1418 sese
1161 1362 1357 1418 ducem
1388 1362 1658 1432 praebens,
1689 1377 1906 1418 necnon
1944 1363 2001 1418 in
2037 1363 2297 1419 omnibus
2327 1379 2449 1434 qua;
2477 1363 2730 1420 obeunda
2795 1365 3006 1429 forent,
3043 1365 3390 1420 commodum
3437 1364 3540 1419 iter
3595 1379 3684 1419 os—

419 1463 668 1518 tendens.

489 1557 688 1612 Vernm
746 1555 875 1625 quia
925 1555 1227 1610 verisimile
1276 1563 1362 1611 est
1409 1571 1521 1609 non
1570 1555 1862 1610 defuturos
1902 1555 1995 1610 hic

413 1647 680 1718 quosdam
727 1647 822 1716 qui
849 1663 917 1701 ex
947 1663 1101 1702 sacra
1123 1663 1345 1718 quoque
1387 1647 1682 1717 divinaque
1706 1647 1993 1717 Scriptura

413 1755 478 1795 ea
530 1754 652 1808 qua:
697 1739 804 1793 hoc
830 1739 952 1794 loco
995 1747 1213 1794 asserta
1256 1747 1386 1794 sunt
1432 1739 1840 1794 corroboranda
1873 1752 1994 1793 esse

412 1830 853 1894 existimabunt;
923 1829 1172 1884 dic-turos
1223 1838 1488 1900 praaterea
1545 1839 1787 1885 sanctam
1843 1829 1992 1883 illam

2184 1556 2407 1627 Ἐπειδὴ
2451 1555 2510 1609 δέ
2551 1573 2706 1618 τινας
2747 1555 2896 1620 είκὸς
2925 1555 3036 1609 δεῖν
3083 1557 3182 1628 μὲν
3223 1557 3428 1612 οἴεσθαι
3471 1557 3561 1609 τὸν
3592 1557 3686 1609 ὲπί

2099 1649 2308 1713 τούτοις
2335 1650 2468 1720 ἡμῖν
2495 1647 2864 1718 ὲμπεδοῦσθαι
2905 1647 3062 1717 λόγον
3089 1649 3184 1702 ἀπ’
3216 1650 3384 1721 αὐτῆς
3407 1650 3506 1718 τῆς
3531 1650 3684 1719 ἱερᾶς

2101 1744 2194 1798 καὶ
2224 1741 2582 1796 θεοπνεύστου
2617 1741 2872 1812 Γραφῆς,
2900 1740 3068 1810 φάναι
3095 1758 3156 1795 τε
3195 1740 3332 1809 πρὸς
3363 1739 3558 1810 τούτῳ,
3581 1741 3684 1809 τὴν
3785 1795 3798 1812 δ

2107 1833 2274 1899 ἁγίαν
2313 1832 2530 1901 ἐκείνην
2564 1831 2659 1883 καὶ
2685 1831 2927 1900 μεγάλην
2975 1829 3192 1884 σύνοδον
3243 1830 3378 1900 μήτε
3419 1827 3686 1881 Θεστόκον

411 1934 778 1989 magnamque
857 1919 1128 1991 synodum
1211 1936 1392 1990 neque
1460 1921 1681 1976 Domini
1757 1928 1986 1975 matrem

2096 1927 2271 1979 εἰπεῖν
2299 1924 2399 1996 τὴν
2421 1923 2516 1977 τοῦ
2545 1921 2754 1994 Κυρίου
2785 1922 3015 1993 μητέρα,
3043 1923 3178 1994 μήτε
3204 1922 3307 1993 μὴν
3343 1921 3480 1984 ὅλως
3499 1921 3688 1990 ὁρίσαι

410 2010 699 2080 Deiparam
731 2025 959 2080 usquam
983 2011 1312 2080 appellasse,
1339 2027 1520 2082 neque
1545 2012 1846 2082 quidquam
1872 2027 1994 2066 om-

409 2107 542 2160 nino
593 2121 761 2176 super
798 2121 861 2159 ea
913 2120 974 2160 re
1006 2103 1317 2159 decrevisse
1369 2121 1382 2157 :
1429 2119 1530 2174 age
1565 2118 1804 2173 quonam
1832 2112 1994 2172 pacto

408 2213 672 2253 arcanum
729 2196 865 2251 illud
917 2195 1241 2252 (economiaa
1285 2195 1490 2250 Christi
1524 2195 1846 2266 mysterium
1895 2210 1994 2264 per

407 2291 628 2346 divinas
657 2305 878 2361 quoque
906 2289 1144 2344 Litteras
1170 2287 1530 2358 praedicatum
1561 2287 1653 2352 sit,
1700 2300 1803 2357 pro
1844 2285 1991 2340 virili

407 2390 565 2453 parte
591 2381 816 2451 planum
859 2380 1129 2435 faciamus
1161 2397 1173 2432 :
1205 2389 1321 2433 tum
1352 2377 1484 2448 quid
1506 2378 1610 2448 ipsi
1632 2393 1852 2448 quoque
1886 2377 1984 2432 Pa-

411 2488 545 2539 tres,
581 2474 675 2545 qui
709 2473 921 2544 Spiritu
950 2479 1162 2537 sancto,
1193 2486 1262 2526 ne
1294 2487 1324 2526 a
1355 2485 1488 2525 vero
1517 2470 1868 2525 discederent
1907 2469 1990 2524 af-

407 2566 544 2630 ﬂati,
575 2582 685 2622 non
711 2565 859 2621 enim
882 2566 986 2636 ipsi
1009 2565 1059 2636 5
1080 2563 1467 2634 loquebantur,
1504 2561 1600 2618 sed
1622 2562 1841 2618 Christo
1871 2561 1989 2616 Sal-

406 2668 598 2714 vatorc
651 2666 844 2713 nostro
883 2665 1138 2720 testante,
1185 2655 1424 2724 Spiritus
1452 2653 1548 2708 Dei
1577 2662 1635 2708 et
1665 2652 1844 2708 Patris
1872 2660 1992 2707 erat

407 2751 502 2820 qui
531 2751 590 2803 in
617 2750 750 2820 ipsis
771 2745 1159 2818 loquebatur“,
1187 2748 1415 2802 sincerae
1437 2745 1837 2815 inculpataeque
1862 2744 1990 2800 ﬁdei

406 2858 677 2897 canonem
724 2841 1042 2904 ediderunt,
1073 2855 1139 2894 ea
1169 2839 1236 2894 de
1265 2854 1324 2893 re
1351 2838 1857 2908 pronuntiaverint,
1892 2853 1990 2892 ex-

406 2949 699 3002 ponamus.
755 2933 904 2987 lstud
953 2941 1136 2986 autem
1180 2930 1567 3001 percommode
1613 2930 1726 2994 ﬁet,
1762 2931 1807 2985 si
1834 2931 1990 2984 illum

407 3029 611 3097 ipsum,
643 3025 738 3095 qui
767 3041 834 3079 ex
869 3039 1025 3078 sacra
1053 3023 1277 3092 Virgine
1299 3021 1623 3092 progenitus
1651 3031 1755 3085 est,
1793 3030 1991 3076 natura

394 3118 580 3174 EDcum
630 3132 751 3172 esse
809 3115 1219 3169 demonstretur
1254 3132 1266 3167 :
1300 3112 1405 3167 hoc
1430 3127 1668 3181 namque
1701 3126 1978 3167 common-

396 3214 601 3273 Strato,
651 3207 928 3262 neminem
959 3219 1186 3276 prorsus
1225 3204 1609 3259 dubitaturum
1634 3204 1890 3259 existimo
1919 3205 1987 3260 de

2094 2033 2148 2068 τι
2175 2014 2414 2069 τοιοῦτον
2435 2030 2450 2046 ’
2476 2014 2610 2084 φέρε
2628 2013 2714 2083 δὴ,
2742 2013 2876 2084 φέρε
2895 2013 2989 2066 καὶ
3015 2013 3132 2077 νῦν,
3157 2013 3232 2076 ὡς
3269 2011 3369 2076 ενι,
3395 2010 3690 2065 καταδεικ-

2093 2107 2309 2176 νύωμεν
2329 2107 2428 2176 τῆς
2451 2109 2508 2160 ὲν
2533 2105 2752 2176 Χριστῷ
2779 2117 2806 2155 P
2827 2105 3125 2176 νοουμένης
3153 2104 3464 2174 οἰκονομίας
3489 2102 3552 2158 τὸ
3579 2121 3687 2175 μυ-

2095 2198 2315 2270 στήριον
2353 2197 2475 2250 τίνα
2519 2197 2618 2267 μὲν
2645 2198 2849 2268 τρόπον
2883 2196 3036 2268 παρά
3053 2199 3152 2266 τῆς
3182 2197 3332 2259 θείας
3355 2197 3488 2268 ἡμῖν
3514 2197 3689 2266 κεκή-

2095 2307 2290 2363 ρυκται
2316 2289 2558 2361 Γραφῆς,
2593 2289 2645 2342 τί
2670 2288 2727 2342 δὲ
2758 2291 2853 2342 καὶ
2886 2288 3040 2342 αὐτοὶ
3084 2288 3447 2358 λελαλήκασιν
3482 2289 3533 2340 οἱ
3566 2289 3685 2340 Πα-

2092 2383 2268 2454 τέρες,
2301 2381 2392 2435 τὸν
2423 2383 2525 2450 τῆς
2549 2382 2854 2452 ἀμωμήτου
2889 2380 3131 2443 πίστεως
3167 2380 3292 2451 ὅρον
3327 2379 3688 2449 ἐκφέροντες,

2091 2472 2413 2544 ὲνηχοῦντος
2439 2473 2626 2536 αὐτοῖς
2651 2471 2882 2542 τάληθὲς
2905 2469 2998 2525 τοῦ
3028 2471 3186 2540 ἁγίου
3224 2470 3543 2541 Πνεύματος
3570 2487 3583 2500 ο
3621 2470 3686 2522 οὐ

2092 2567 2200 2638 γάρ
2223 2563 2365 2639 ἦσαν
2391 2569 2439 2620 οἱ
2472 2567 2759 2628 λαλοῦντες
2793 2565 2968 2628 αὐτοὶ,
2997 2564 3140 2620 κατὰ
3168 2565 3266 2635 τὴν
3295 2563 3390 2618 τοῦ
3419 2562 3688 2632 Σωτῆρος

2094 2659 2300 2729 φωνὴν,
2330 2658 2468 2712 ἀλλά
2487 2658 2592 2711 «Τὸ
2617 2657 2844 2728 Πνεῦμα
2871 2656 2964 2711 τοῦ
2981 2657 3117 2711 Θεοῦ
3138 2657 3232 2710 καὶ
3257 2655 3471 2727 Πατρὺς
3498 2654 3564 2708 τὸ
3587 2655 3690 2708 λα-

2091 2750 2218 2804 λοῦν
2251 2752 2306 2802 έν
2333 2750 2540 2812 αὐτοῖς.
2557 2768 2576 2801 ι
2597 2749 3076 2820 Ἀποδεδειγμένου
3106 2748 3214 2820 γάρ
3242 2746 3412 2811 οὕτως
3437 2747 3518 2799 ὅτι
3548 2746 3691 2809 Θεὸς

2091 2840 2232 2894 κατά
2269 2839 2428 2908 φύσιν
2463 2839 2610 2893 ἐστὶν
2641 2841 2668 2892 ὁ
2697 2841 2760 2892 ὲκ
2785 2839 2882 2909 τῆς
2908 2837 3070 2908 ἀγίας
3099 2838 3377 2910 Παρθένου
3415 2853 3691 2906 γεγεννη-

2095 2933 2275 3002 μένος,
2317 2933 2675 3003 κατοκνήσειν
2711 2926 2866 3002 οἶμαι
2906 2932 3190 2995 παντελῶς
3218 2930 3412 2985 οὐδένα
3443 2931 3588 3002 πρός
3619 2947 3688 2999 γε

2090 3025 2150 3078 τὸ
2180 3025 2377 3096 χρῆναι
2401 3027 2545 3078 νοεῖν
2571 3025 2667 3077 καὶ
2697 3023 2802 3095 μὴν
2826 3024 2920 3077 καὶ
2961 3024 3188 3095 φράσαι,
3214 3025 3297 3077 ὅτι
3324 3023 3595 3086 Θεοτόκος
3620 3022 3691 3076 ἂν

2089 3115 2302 3183 λέγοιτο
2328 3117 2418 3169 καὶ
2450 3115 2596 3185 μάλα
2615 3115 3026 3185 είκότως.Ἔχει
3058 3116 3115 3170 δὲ
3140 3115 3312 3181 οὕτως
3334 3117 3467 3188 ἡμῖν
3488 3115 3554 3169 τὸ
3585 3115 3692 3184 τῆς

2092 3207 2328 3269 πίστεως
2355 3205 2419 3258 σύ
2427 3205 2644 3272 μὸολον.

404 3301 652 3372 Virgine,
683 3301 816 3371 quin
844 3299 1096 3356 habenda
1113 3300 1205 3354 illa
1229 3300 1321 3365 sit,
1345 3307 1401 3354 et
1421 3299 1745 3369 appellanda
1765 3314 1986 3370 quoque
2025 3302 2290 3372 Deipara;
2321 3311 2378 3356 ct
2403 3302 2528 3372 jure
2554 3302 2780 3371 quidem
2806 3302 3035 3372 optimo.
3064 3303 3236 3373 Igitur
3291 3302 3419 3357 ﬁdei
3472 3313 3693 3359 nostra:

404 3403 721 3476 symbolum
752 3401 901 3457 hunc
929 3399 984 3454 in
1008 3397 1236 3453 modum
1264 3398 1450 3453 habet.

471 3493 653 3549 Credo
673 3492 730 3546 in
752 3505 922 3546 unum
946 3490 1142 3552 Deum,
1174 3489 1392 3543 Patrem
1415 3487 1871 3558 omnipotentem,
1897 3489 1977 3542 vi-

2161 3487 2409 3542 Πιστεύω
2463 3489 2542 3546 είς
2586 3487 2683 3541 ἕνα
2725 3487 2858 3540 Θεὸν
2883 3527 2896 3553 ,
2951 3486 3173 3557 Πατέρα
3211 3487 3638 3558 παντοκράτορα
3667 3528 3685 3553 ,

403 3586 650 3642 sibilium
692 3583 946 3639 omnium
994 3591 1051 3636 et
1101 3580 1463 3636 invisibilium
1509 3580 1794 3635 factorem.
1829 3581 1896 3635 Et
1927 3580 1984 3634 in

407 3694 578 3733 unum
629 3677 922 3732 Dominum
949 3675 1134 3730 Jesum
1163 3672 1467 3738 Christum,
1500 3674 1698 3728 Filium
1730 3674 1828 3729 Dei
1857 3674 1985 3728 uni-

403 3770 674 3840 genitum,
724 3783 791 3822 ex
816 3767 1006 3830 Patre,
1045 3765 1149 3820 hoc
1177 3774 1281 3827 est,
1318 3781 1385 3820 ex
1425 3765 1606 3820 Patris
1630 3765 1867 3821 essentia
1892 3781 1991 3819 na-

407 3873 556 3926 tum;
588 3861 760 3914 Deum
788 3859 856 3912 de
876 3859 1008 3920 Deo,
1040 3859 1226 3913 lumen
1251 3859 1319 3913 de
1339 3859 1571 3924 lumine,
1601 3860 1774 3913 Deum
1795 3872 1987 3911 verum

405 3952 476 4006 de
497 3951 608 4005 Deo
625 3964 778 4011 vero,
800 3949 1067 4019 genitum,
1093 3964 1203 4002 non
1221 3949 1987 4014 factum,consubsumtialem

402 4041 591 4106 Patri;
637 4056 744 4110 per
769 4056 930 4109 quem
958 4041 1142 4094 omnia
1166 4040 1308 4094 facta
1329 4049 1477 4104 sunt,
1509 4049 1566 4095 et
1593 4057 1717 4110 quae
1742 4041 1795 4095 in
1821 4042 1984 4106 caalo,

401 4144 460 4191 et
517 4149 640 4204 qua:
678 4133 731 4186 in
783 4141 932 4186 terra
978 4140 1126 4185 sunt.
1179 4130 1284 4196 Qui
1326 4140 1549 4201 propter
1576 4147 1678 4185 nos
1712 4131 1984 4198 homines,

403 4237 462 4282 et
520 4235 748 4297 propter
821 4232 1066 4278 nostram
1121 4224 1352 4277 salutem
1405 4223 1731 4287 descendit,
1786 4233 1843 4278 et
1899 4225 1986 4278 in-

403 4327 665 4375 carnatus
724 4324 846 4380 est,
902 4323 958 4370 et
1009 4315 1174 4369 homo
1226 4313 1404 4369 lactus
1444 4323 1568 4375 est,
1628 4331 1824 4384 passus
1868 4323 1982 4379 est,

401 4418 459 4464 et
509 4406 668 4462 tertia
713 4405 803 4460 die
856 4405 1179 4460 resurrexit.
1254 4405 1322 4460 Et
1369 4405 1619 4461 ascendit
1662 4406 1718 4459 in
1765 4407 1982 4471 malos;

401 4501 497 4571 qui
551 4507 818 4554 venturus
839 4506 924 4552 est
951 4496 1019 4552 ad
1053 4496 1417 4568 judicandum
1451 4497 1606 4553 vivos
1633 4505 1691 4553 et
1714 4505 1980 4552 mortuos.

401 4593 472 4646 Et
504 4591 558 4646 in
591 4589 862 4661 Spiritum
893 4597 1164 4643 sanctum.

463 4684 637 4736 Porro
685 4682 974 4737 baareseon
1003 4680 1341 4745 inventores,
1400 4696 1526 4737 cum
1561 4681 1826 4752 sibiipsis,
1865 4690 1985 4736 tum

401 4772 621 4829 ceteris
650 4787 871 4843 quoque
895 4771 1048 4826 exitii
1071 4770 1394 4826 barathrum
1423 4772 1758 4842 aperientes,
1785 4772 1838 4826 in
1863 4787 1985 4827 eam

2087 3580 2316 3652 ποιητὴν
2369 3579 2589 3633 πάντων
2629 3579 2840 3648 ὁρατῶν
2877 3597 2936 3633 τε
2985 3579 3079 3634 καὶ
3125 3579 3411 3650 ἀοράτων,
3449 3580 3546 3632 καὶ
3599 3582 3688 3644 είς

2085 3673 2181 3726 ἕνα
2233 3672 2436 3742 Κύριον
2495 3671 2702 3737 Ἰησοῦν
2741 3671 2994 3740 Χριστὸν,
3053 3671 3144 3724 τὸν
3188 3670 3318 3724 Υἱὸν
3363 3670 3458 3723 τοῦ
3510 3670 3686 3736 Θεοῦ,

2087 3763 2419 3835 γεννηθέντα
2463 3765 2526 3817 ὲκ
2557 3762 2651 3815 τοῦ
2691 3762 2903 3833 Πατρδς
2951 3762 3250 3834 μονογενῆ,
3284 3763 3566 3816 τουτέστιν
3617 3767 3688 3818 ὲκ

2085 3857 2186 3927 τῆς
2233 3856 2420 3919 οὐσίας
2463 3853 2664 3908 αὐτοῦ’
2702 3854 2835 3909 Θεὸν
2868 3857 2934 3909 ὲκ
2983 3855 3138 3920 Θεοῦ,
3191 3855 3306 3925 φῶς
3359 3857 3424 3908 ὲκ
3459 3856 3686 3924 φωτὸς,

2087 3948 2222 4002 Θεὸν
2265 3947 2522 4020 ἀληθινὸν
2552 3950 2617 4004 ἐκ
2669 3948 2806 4003 Θεοῦ
2858 3948 3112 4019 ἀληθινοῦ
3137 3989 3153 4014 ,
3209 3949 3540 4020 γεννηθέντα
3567 3990 3584 4017 ,
3616 3953 3688 4006 οὐ

2087 4038 2423 4108 ποιηθέντα,
2457 4039 2742 4109 ὀμοούσιον
2780 4039 2860 4110 τῷ
2903 4039 3107 4110 Πατρὶ,
3161 4039 3227 4094 δι’
3273 4033 3335 4094 οὗ
3382 4040 3452 4094 τὰ
3493 4041 3690 4097 πάντα

2086 4128 2328 4196 ἐγένετο,
2358 4131 2426 4184 τά
2463 4147 2521 4184 τε
2556 4133 2615 4184 ὲν
2651 4131 2730 4201 τῷ
2769 4131 2986 4204 οὐρανῷ
3014 4132 3109 4185 καὶ
3153 4131 3226 4186 τὰ
3258 4135 3315 4187 ἐν
3345 4135 3410 4204 τῇ
3445 4136 3549 4205 γῇ·
3585 4135 3689 4190 τὸν

2085 4219 2152 4272 δι’
2192 4220 2339 4289 ἡμᾶς
2370 4220 2497 4282 τοὺς
2522 4220 2845 4291 ἀνθρώπους
2861 4261 2876 4285 ,
2899 4223 2994 4277 καὶ
3021 4222 3110 4276 διὰ
3134 4222 3230 4294 τὴν
3253 4225 3532 4294 ἡμετέραν
3569 4242 3688 4279 σω-

2084 4310 2283 4380 τηρίαν
2313 4309 2676 4373 κατελθόντα,
2725 4313 3075 4381 σαρκωθέντα
3101 4355 3115 4378 ,
3152 4315 3685 4386 ένανθρωπήσαντα,

2085 4397 2346 4465 παθόντα,
2372 4399 2467 4452 καὶ
2494 4399 2808 4455 ἀναστάντα
2831 4403 2897 4472 τῇ
2930 4403 3089 4475 τρίτῃ
3117 4403 3332 4475 ἡμέρᾳ,
3378 4403 3689 4460 ἀνελθόντα

2087 4497 2167 4558 εἰς
2193 4496 2320 4560 τοὺς
2353 4495 2637 4566 οὐρανοὺς,
2670 4497 2964 4567 ἐρχόμενον
2990 4500 3174 4568 κρῖναι
3205 4497 3416 4560 ζῶντας
3444 4496 3539 4550 καὶ
3559 4517 3690 4554 ,νε-

2087 4584 2256 4656 κρούς
2275 4601 2292 4617 ο
2319 4586 2415 4639 καὶ
2447 4586 2526 4648 είς
2554 4585 2615 4638 τὸ
2640 4586 2796 4655 ἀγιον
2817 4586 3066 4657 Πνεῦμα.

2159 4679 2222 4732 Οἱ
2262 4678 2362 4748 μὲν
2388 4677 2498 4749 γάρ
2527 4678 2640 4731 τῶν
2677 4679 2946 4749 αἱρέσεων
2993 4678 3234 4750 εὑρεταὶ,
3270 4680 3397 4742 τοὺς
3438 4679 3542 4750 τῆς
3571 4683 3694 4737 ἀπ.

2088 4769 2280 4835 ωλείας
2304 4770 2456 4839 σφίσι
2479 4787 2538 4823 τε
2560 4770 2866 4836 αὐτοῖς,καὶ
2893 4771 3000 4840 μὴν
3022 4771 3115 4824 καὶ
3129 4770 3336 4841 ἑτέροις
3349 4769 3692 4843 ὀρύττοντες

401 4864 703 4921 amentiam
745 4863 1180 4933 opinionumque
1216 4861 1516 4917 vanitatem
1546 4862 1854 4932 praecipites
1882 4863 1983 4917 ab-

2091 4861 2319 4934 βόθρους
2347 4863 2729 4934 ματαιότητος,
2759 4864 2838 4925 εἰς
2863 4861 3022 4917 τοῦτο
3060 4861 3398 4916 κατώλισθον
3424 4864 3687 4937 ἐννοιῶν,

400 4959 609 5021 ierunt,
671 4964 732 5010 ut
777 4955 975 5011 Filium
1001 4954 1098 5010 Dei
1123 4961 1422 5018 recentem,
1453 4953 1794 5023 perindeque
1815 4970 1846 5008 a
1868 4955 1982 5009 Deo

400 5049 561 5103 Patre
611 5062 677 5101 ac
717 5056 912 5101 caetera
943 5044 1126 5099 omnia
1161 5051 1509 5114 procreatum
1533 5043 1852 5099 existiment
1875 5060 1980 5113 pu-

400 5141 655 5211 bliceque
700 5147 968 5195 asserant.
1001 5138 1114 5194 Nec
1149 5137 1696 5192 erubescuntmiseri
1723 5153 1850 5192 eum
1885 5136 1981 5206 qui

398 5242 527 5288 ante
571 5245 734 5286 omne
784 5239 1000 5301 tempus
1037 5237 1093 5284 et
1126 5244 1303 5284 revum
1331 5227 1560 5293 exstitit,
1595 5227 1706 5282 imo
1727 5244 1859 5283 vero
1884 5227 1980 5296 qui

399 5339 562 5379 omne
605 5336 781 5377 aavum
828 5331 1154 5392 tempusque
1181 5320 1448 5385 condidit,
1479 5329 1786 5390 temporum
1819 5319 1980 5373 initio

397 5414 879 5471 circumscribere.
905 5413 1160 5481 Cumque
1185 5414 1356 5483 gloria
1389 5421 1442 5467 et
1472 5412 1786 5481 aequalitate
1815 5428 1978 5481 quam

444 5558 465 5581 '
501 5555 686 5608 Mat-“li.
710 5569 762 5615 Χ,
788 5554 857 5607 ‘20

2089 4952 2165 5016 ὡς
2193 4951 2404 5005 οἴεσθαί
2431 4969 2491 5006 τε
2518 4955 2613 5007 καὶ
2636 4953 2838 5021 λέγειν,
2874 4952 3188 5025 πρόσφατον
3221 4947 3361 5007 εἶναι
3391 4955 3483 5008 τὸν
3521 4957 3690 5026 Υίὸν,

2080 5047 2138 5098 ἐν
2171 5045 2274 5115 ἴσῳ
2300 5063 2360 5098 τε
2386 5048 2500 5108 τοῖς
2533 5047 2796 5117 κτίσμασι
2817 5046 3097 5118 παρῆχθαι
3129 5047 3280 5116 παρά
3301 5047 3394 5100 τοῦ
3419 5050 3563 5104 Θεοῦ
3586 5056 3690 5108 καὶ

2081 5137 2315 5207 Πατρός.
2368 5137 2476 5190 Καὶ
2515 5137 2606 5192 τὸν
2657 5138 2765 5209 πρὸ
2809 5138 3011 5202 παντὸς
3064 5138 3261 5202 αίῶνος
3311 5141 3404 5193 καὶ
3451 5142 3685 5210 χρόνου,

2085 5229 2285 5299 μᾶλλον
2312 5229 2368 5282 δὲ
2392 5229 2500 5282 τῶν
2528 5231 2741 5285 αἰώνων
2768 5230 3017 5303 ποιητὴν,
3040 5234 3105 5303 τῇ
3129 5232 3273 5286 κατά
3307 5231 3496 5304 χρόνον
3527 5234 3684 5306 ἀρχῇ

2084 5322 2522 5393 περιγράφοντες
2554 5324 2653 5404 οὐκ
2697 5323 3022 5396 ὲρυθριῶσιν
3059 5326 3109 5378 οἱ
3141 5325 3384 5378 δείλαιοι.
3444 5324 3687 5378 ’Υποΰι-

2085 5411 2345 5477 ϐάζοντες
2385 5413 2464 5480 δὲ,
2515 5415 2657 5468 κατά
2697 5431 2760 5484 γε
2791 5415 2852 5469 τὸ
2891 5417 3102 5480 ἑαυτοῖς
3131 5415 3340 5482 δοκοῦν,
3394 5416 3492 5486 τῆς
3530 5421 3684 5488 trp)";

1495 5673 1669 5728 Varia:
1697 5674 1960 5729 lectiones
1984 5672 2190 5729 codicis
2220 5673 2585 5746 Seguieriani.

471 5801 498 5842 Ρ
518 5791 610 5845 ἐπὶ
642 5791 878 5862 Χριστῷ.
