4028 6208
407 336 479 393 ,τ
1857 327 1965 384 EPI

2066 326 2193 386 DLA
2234 330 2272 385 ι
2564 422 2571 425 _
3608 350 3677 409 l8

399 454 500 508 τὸν
534 450 755 520 Πατέρα
784 447 877 501 καὶ
905 445 1038 509 Θεὸν
1060 446 1308 517 ἰσότητός
1335 463 1392 500 τε
1421 448 1515 500 καὶ
1549 445 1728 517 δόξης,
1760 446 1821 499 τὺ
1850 463 1958 516 προ

2093 462 2219 502 cum
2249 450 2361 504 Deo
2382 460 2438 506 et
2467 451 2628 508 Patre
2651 453 2887 522 obtinet,
2911 472 3012 514 suo
3039 458 3133 515 illo
3152 474 3467 519 commento
3492 465 3671 536 ipsum

404 551 614 623 ετεάρχε
624 565 672 601 ιν
693 557 725 596 <t
740 544 894 617 αὐτῷ
912 545 1022 597 τῶν
1048 543 1227 598 ἄλλων
1249 542 1640 615 παραχωροῦσι
1660 540 1833 613 μόλις,
1855 558 1988 611 μεσ-

393 645 521 713 ίτην
560 641 623 695 δὲ
663 635 807 693 εἶναί
850 656 987 708 φασι
1031 637 1171 692 Θεοῦ
1219 637 1313 691 καὶ
1350 636 1691 708 ἀνθρώπων·
1722 634 1844 689 οὔτε
1890 634 1990 705 τῆς

391 736 472 797 εἰς
505 733 667 804 λῆξιν
702 732 981 804 ὑπεροχῆς
1002 728 1240 800 λαχόντα
1258 728 1358 799 τὴν
1378 727 1560 792 δόξαν,
1589 725 1713 779 οθτε
1745 726 1853 798 μὴν
1875 727 1989 789 τοῖς

384 827 490 896 τῆς
526 825 767 890 κτίσεως
800 825 1129 894 ἐνιζήσαντα
1160 821 1402 893 μέτροις.
1434 820 1532 884 Τίς
1577 816 1670 874 σῦν
1700 819 1808 891 ἄρα
1838 818 1987 871 ἐστὶν

382 920 413 971 ό
440 918 550 988 τῆς
588 916 746 981 θείας
767 916 1046 988 ὑπεροχῆς
1073 914 1408 985 ἡττώμενος,
1440 911 1537 966 καὶ
1585 910 1696 965 τῶν
1740 911 1839 982 τῆς
1870 908 1987 963 κτί-

384 1026 536 1074 σεως
565 1008 787 1080 μέτρων
814 1005 1227 1077 ἀνῳκισμένοςς
1264 1003 1605 1074 Ἀδιανόητον
1622 1001 1902 1066 παντελῶς
1924 1002 1986 1056 τὸ

382 1105 586 1176 χρῆμά
625 1107 765 1168 ἐστι,
798 1103 895 1157 καὶ
921 1102 1089 1165 τόπος
1109 1100 1144 1172 ἢ
1177 1100 1337 1168 λόγος
1360 1098 1537 1163 οὐδεὶς
1561 1099 1755 1170 ὁρᾶται
1776 1094 1982 1168 μεταξὺ

379 1195 621 1265 ποιητοῦ
652 1196 751 1248 καὶ
774 1194 1101 1264 κτίσματος.
1136 1192 1555 1261 Κατασύροντες
1585 1191 1763 1244 τοίνυν
1794 1188 1980 1253 αὐτὸν,

377 1286 443 1339 τό
476 1303 544 1354 γε
571 1282 715 1358 ἧκον
735 1285 822 1338 ἐπ’
845 1285 1054 1349 αὐτοῖς,
1082 1283 1192 1337 τῶν
1213 1285 1313 1355 τῆς
1332 1283 1589 1352 θεότητος
1616 1281 1830 1347 θὼκων,
1850 1282 1980 1336 Υίὸν

378 1379 478 1431 καὶ
511 1377 648 1430 Θεὸν
671 1376 1027 1448 ὀνομάζουσι,
1046 1377 1142 1429 καὶ
1166 1374 1593 1447 προσκυνεῖσθαι
1623 1375 1735 1429 δεῖν
1751 1373 1978 1439 οἴονται,

378 1472 567 1523 καίτοι
618 1468 716 1523 τοῦ
785 1469 956 1539 νόμου
1011 1467 1245 1539 βοῶντος
1291 1467 1597 1536 ἀναφανδόν
1620 1484 1638 1501 ο
1697 1485 1717 1519 ι
1769 1467 1979 1540 Κύριον

376 1562 473 1612 τὸν
507 1560 649 1613 Θεόν
674 1576 770 1612 σου
796 1559 1223 1629 προσκυνήσεις,
1259 1559 1351 1612 καὶ
1382 1557 1534 1629 αύτῷ
1565 1560 1711 1630 μόνῳ
1743 1558 1978 1629 λατρεύ-

381 1671 519 1715 σεις.
560 1672 584 1705 ι
627 1652 741 1706 Καὶ
775 1652 884 1721 μὴν
913 1651 1005 1704 καὶ
1036 1649 1125 1705 διὰ
1161 1651 1343 1721 φωνῆς
1368 1649 1465 1704 τοῦ
1496 1650 1681 1715 Δαυῒδ,
1719 1652 1856 1705 Θεοῦ
1891 1651 1981 1704 λέ-

377 1763 571 1812 γοντος
621 1747 738 1808 τοῖς
780 1744 842 1811 ἐξ
876 1743 1134 1814 Ἰσραήλ·
1182 1762 1203 1796 ι
1253 1744 1368 1796 Ούκ
1401 1742 1555 1796 ἔσται
1608 1745 1667 1797 ἐν
1716 1743 1800 1797 σοὶ
1842 1742 1975 1809 Θεὸς

377 1840 724 1908 πρόσφατος,
758 1834 886 1889 οὐδὲ
912 1835 1317 1908 προσκυνήσεις
1344 1834 1467 1907 Θεῷ
1496 1835 1787 1906 ἀλλοτρίῳ.
1828 1854 1851 1905 »Α

469 2008 613 2061 ’ω’
654 2009 861 2061 ἐκείνοι
894 2007 1016 2077 μὲν,
1054 2000 1145 2060 οἷά
1170 2023 1274 2078 περ
1307 2005 1573 2077 ἁμαξιτὸν
1605 2007 1838 2077 ἀφέντες
1879 2007 1971 2061 εύ-

395 2099 551 2171 τριὸἧ
602 2099 695 2169 τὴν
734 2097 1021 2167 ἀλήθειαν,
1080 2096 1175 2149 ἐπὶ
1230 2096 1460 2167 βόθρους
1508 2097 1682 2150 ίενται
1742 2097 1839 2151 καὶ
1877 2097 1975 2149 πέ-

388 2208 553 2262 τρας,
601 2191 701 2243 καὶ
745 2184 778 2263 ᾖ
816 2206 987 2259 φησιν
1032 2190 1062 2242 ό
1094 2189 1375 2260 Σολομὼν·
1409 2209 1428 2241 ι
1476 2191 1614 2254 Τοὺς
1639 2189 1839 2256 ἄξονας
1875 2190 1969 2245 τοῦ

389 2282 532 2335 ἰδίου
578 2281 836 2352 γεωργίου
871 2280 1273 2352 πεπλάνηνται,
1310 2281 1405 2335 καὶ
1439 2284 1734 2352 συνάγουσι
1779 2284 1970 2355 χερσὶν

393 2376 686 2445 ἀκαρπίαν.
733 2394 753 2426 ι
800 2374 1003 2444 Ἡμεῖς
1037 2373 1117 2437 δὲ,
1162 2364 1245 2438 οἷς
1288 2373 1351 2427 τὸ
1403 2375 1548 2429 θεῖον
1595 2376 1677 2439 είς
1718 2375 1845 2429 νοῦν
1891 2376 1969 2429 ὲνο

381 2464 624 2535 ἠστραδγε
648 2464 790 2534 φῶς,
814 2466 912 2535 τῆς
940 2464 1169 2518 ἐκείνων
1186 2464 1518 2536 ἀϐελτηρίας
1532 2465 1597 2519 τὰ
1622 2466 1971 2536 ἀσυγκρίτως

373 2559 594 2627 ἀμείνω
624 2561 851 2628 φρονεῖν
891 2560 1183 2630 ᾑρημένοι,
1227 2557 1322 2612 καὶ
1352 2560 1416 2629 τῇ
1448 2558 1557 2612 τῶν
1587 2558 1758 2628 ἁγίων
1795 2559 1970 2614 Πατέ-

379 2665 487 2719 ρων
521 2650 785 2719 ἑπόμενοι
817 2649 1024 2714 πίστει,
1057 2647 1420 2719 γεγεννῆσθαί
1449 2664 1632 2719 φαμεν
1656 2647 1879 2720 ἀληθῶς
1904 2649 1969 2702 ἐκ

372 2742 470 2811 τῆς
496 2739 595 2794 τοῦ
625 2740 767 2793 Θεοῦ
794 2740 892 2792 καὶ
921 2739 1136 2810 Πατρὺς
1162 2739 1352 2803 οὐσίας
1372 2739 1465 2793 τὸν
1489 2739 1617 2792 Υίὸν
1646 2738 1967 2812 θεοπρεπῶς

368 2847 427 2882 τε
475 2830 579 2883 καὶ
608 2831 963 2901 ἀπορρήτως,
993 2830 1089 2883 καὶ
1120 2831 1178 2883 ὲν
1208 2829 1313 2900 ἰδίᾳ.
1352 2830 1451 2901 μὲν
1482 2829 1779 2885 ὑποστάσει
1824 2833 1964 2884 νοεί-

370 2922 520 2982 σθαι,
556 2925 626 2995 τῇ
670 2923 736 2976 δὲ
784 2923 1078 2993 ταυτότητι
1116 2925 1215 2996 τῆς
1264 2922 1453 2987 οὐσίας
1489 2922 1742 2977 ἑνοῦσθαι
1776 2922 1855 2994 τῷ
1881 2940 1967 2993 γε-

365 3013 688 3084 γεννηκότι,
723 3014 823 3066 καὶ
853 3015 909 3067 ὲν
942 3014 1089 3089 αύτῷ
1123 3015 1223 3088 μὲν
1256 3011 1418 3079 εἶναι,
1449 3013 1594 3086 ἔχειν
1620 3015 1678 3068 δὲ
1706 3014 1871 3069 πάλιν
1905 3015 1964 3068 ὲν

364 3103 555 3174 ἑαυτῷ
593 3105 688 3157 τὸν
737 3105 980 3177 Πατέρα.
1028 3106 1431 3178 Ὀμολογοῦμεν
1478 3108 1535 3161 δὲ
1575 3103 1713 3162 εἷναι
1744 3108 1860 3188 φῶς
1895 3109 1959 3162 ἐκ

365 3195 583 3262 ςωτὸῖ,
637 3195 771 3248 Θεὸν
810 3196 875 3249 ἐκ
917 3195 1054 3250 Θεοῦ
1102 3197 1246 3251 κατὰ
1287 3196 1470 3267 φύσιν,
1512 3197 1731 3251 ίσοκλεᾶ
1762 3214 1823 3251 τε
1863 3199 1960 3252 xui.

368 3285 668 3357 ίσουργδν,
715 3287 1035 3363 χαρακτῆρα
1075 3303 1135 3340 τε
1164 3285 1259 3345 καὶ
1288 3287 1653 3359 ἀπαύγασμα,
1694 3288 1788 3341 καὶ
1818 3287 1962 3342 κατὰ

368 3378 490 3430 πᾶν
532 3376 713 3430 ὁτιοῦν
743 3378 1043 3450 ίσομέτρως
1093 3377 1311 3449 ἔχοντα,
1352 3377 1475 3432 κατ’
1517 3378 1706 3433 οὐδένα
1760 3380 1960 3455 τρόπον

365 3468 886 3541 μειονεκτούμενον.
954 3470 1463 3545 Ἐπαριθμουμένου
1518 3472 1616 3540 μὲν
1662 3472 1773 3544 γὰρ
1816 3472 1959 3527 οὕτω

365 3561 463 3616 τοῦ
482 3563 646 3629 ἁγίου
676 3554 1074 3635 Πνεύματος,ἠ
1103 3565 1235 3634 ἁγία
1263 3581 1325 3618 τε
1357 3564 1452 3623 καὶ
1469 3564 1759 3638 όμοούσιος
1785 3565 1958 3638 Τριὰς

362 3654 443 3719 είς
475 3654 615 3724 μίαν
645 3654 905 3726 θεότητος
938 3654 1153 3711 ἑνοῦται
1183 3656 1368 3726 φύσιν.

437 3824 588 3877 Ἀλλ’
622 3826 658 3901 ἡ
690 3825 792 3898 μὲν
821 3824 1176 3893 θεόπνευστος
1202 3829 1394 3902 Γραφὴ
1428 3828 1608 3902 σάρκα
1630 3832 1763 3902 φησὶ
1793 3848 1954 3902 γεγε-

361 3916 567 3985 νῆσθαι
601 3917 694 3970 τὸν
725 3919 789 3970 ἐκ
816 3918 952 3994 Θεοῦ
980 3920 1176 3989 Λόγον,
1198 3920 1475 3975 τουτέστιν
1498 3921 1763 3994 ἐνωθῆναι
1789 3925 1954 3995 σαρκὶ

361 4006 553 4079 ιξςυχὴν
588 4008 795 4086 ἐχούσῃ
822 4009 922 4082 τὴν
948 4010 1197 4083 λογικήν.
1236 4013 1508 4085 Ἐπομένη
1540 4014 1597 4068 δὲ
1638 4017 1751 4080 τοῖς
1786 4017 1953 4087 εὐαγ-

356 4097 612 4163 γελικοῖς
660 4100 1016 4173 κηρύγμασιν
1060 4105 1095 4175 ἡ
1129 4104 1259 4174 ἁγία
1316 4106 1413 4160 καὶ
1460 4107 1671 4178 μεγάλη
1712 4108 1951 4177 σύνοδος,

358 4190 538 4242 αὐτον
586 4190 692 4262 ἔφη
722 4192 814 4246 τὺν
854 4195 920 4247 ἐκ
961 4193 1064 4265 τῆς
1096 4196 1284 4260 οὐσίας
1313 4195 1406 4251 τοῦ
1432 4196 1567 4252 Θεοῦ
1599 4201 1691 4252 καὶ
1735 4201 1953 4273 Πατρδς

357 4281 767 4349 γεγεννημένον
797 4283 1101 4356 Μονογενῆ,
1129 4286 1232 4346 τὸν,
1261 4304 1280 4338 ι
1315 4286 1383 4340 δι’
1412 4281 1474 4342 οῦ
1513 4288 1582 4343 τὰ
1620 4289 1822 4355 πάντα,
1855 4292 1951 4346 καὶ

355 4368 419 4420 ἐν
448 4363 502 4437 ᾧ
533 4370 604 4422 τὰ
646 4372 846 4438 πάντα,
878 4394 897 4426 ›
925 4376 994 4430 δι’
1021 4378 1170 4448 ἡμᾶς
1206 4380 1333 4445 τοὺς
1364 4380 1689 4454 ἀνθρώπους
1738 4387 1830 4440 καὶ
1858 4386 1948 4443 διὰ

2091 540 2350 608 spolient,
2384 545 2599 600 caeteris
2624 546 2778 602 illum
2809 560 3071 619 prmstare
3095 567 3239 623 aegre
3265 554 3585 624 admittunt,
3616 569 3675 616 et

2091 630 2285 686 mediae
2303 634 2586 704 cujusdam
2612 637 2759 694 inter
2779 640 2952 699 Deum
2970 650 3029 697 et
3049 643 3302 700 homines
3322 656 3533 704 naturae
3546 665 3673 706 esse

2088 729 2365 791 statuunt;
2414 735 2476 780 ut
2514 728 2609 797 qui
2639 745 2820 800 neque
2846 731 3047 789 divinae
3071 736 3415 793 excellentia:
3440 739 3671 812 gloriam

2087 813 2248 882 plene
2279 829 2627 888 assequatur,
2662 837 2842 893 neque
2862 827 3255 882 communibus
3275 837 3459 886 tamen
3482 847 3677 888 rerum

2086 911 2499 970 procreatarum
2519 910 2768 967 terminis
2784 913 3160 970 contineatur.
3179 916 3402 989 Ecquis,
3414 920 3666 988 obsecro,

2084 1004 2170 1049 est
2195 997 2291 1065 qui
2319 997 2562 1054 divinam
2590 1006 2963 1072 praestantiam
2987 1023 3098 1062 non
3118 1010 3375 1082 attingat,
3398 1023 3670 1071 creaturae

2087 1094 2268 1143 tamen
2290 1091 2667 1150 cotiditionem
2700 1100 3034 1169 exsuperat?
3063 1102 3172 1157 Res
3209 1104 3358 1159 enim
3376 1106 3495 1162 haec
3515 1107 3667 1179 cogi-

2085 1178 2289 1236 tatione
2302 1185 2696 1254 comprehendi
2714 1204 2824 1244 non
2845 1200 3055 1261 potest;
3081 1210 3186 1250 nec
3203 1196 3358 1252 locus
3374 1198 3469 1253 ulli
3486 1199 3564 1254 rei
3582 1178 3670 1257 est

2084 1270 2231 1326 inter
2258 1283 2565 1331 creaturam
2593 1287 2648 1333 et
2668 1278 3010 1338 Creatorem.
3041 1285 3283 1341 Rursum
3311 1303 3437 1343 cum
3460 1289 3669 1346 divini-

2084 1360 2213 1418 tatis
2244 1365 2488 1443 sedihus,
2524 1370 2670 1440 quod
2696 1372 2765 1426 ad
2795 1388 2853 1428 se
2881 1374 3103 1445 quidem
3125 1378 3344 1441 attinet,
3376 1381 3533 1437 illum
3564 1383 3666 1440 de-

2082 1452 2330 1519 turbeut,
2377 1456 2475 1512 Dei
2518 1468 2701 1515 tamen
2739 1461 2938 1518 Filium
2973 1474 3031 1520 et
3073 1466 3246 1522 Deum
3266 1472 3576 1540 nominant,
3608 1485 3667 1532 et

2080 1544 2302 1611 adorari
2334 1557 2596 1619 oportere
2621 1554 2957 1623 praedicant;
2994 1572 3121 1612 cum
3146 1568 3327 1616 tamen
3359 1563 3468 1628 lex,
3511 1584 3530 1616 ι
3552 1566 3666 1621 Βο-

2079 1636 2290 1692 minum
2323 1639 2498 1696 Deum
2537 1652 2694 1698 tuum
2719 1645 2997 1714 adorabis,
3035 1659 3091 1706 et
3112 1650 3192 1707 illi
3212 1653 3314 1708 soli
3343 1656 3610 1722 servies’,
3637 1678 3655 1710 ι

2078 1738 2267 1797 aperte
2303 1731 2523 1788 clamet.
2578 1735 2723 1802 Quin
2763 1745 2822 1793 et
2858 1739 3005 1796 Deus
3043 1758 3265 1814 quoque
3302 1745 3525 1803 Davidis
3563 1764 3665 1805 ore

2004 1794 2047 1849 Β
2072 1819 2413 1891 sejusmodi
2437 1827 2686 1884 oratione
2708 1830 2982 1889 Israelitas
3003 1837 3298 1907 compellat
3324 1855 3342 1893 :
3368 1858 3388 1890 ι
3407 1839 3529 1898 Non
3552 1844 3664 1901 erit

2073 1909 2130 1965 in
2156 1919 2209 1968 te
2226 1914 2372 1971 Deus
2398 1932 2612 1985 recens,
2633 1938 2813 1993 neque
2833 1925 3092 1983 adorabis
3108 1930 3279 1985 Deum
3296 1933 3538 1991 alienum
3557 1938 3619 1993 ‘°.
3633 1957 3653 1991 ι

2135 2005 2339 2061 Verum
2379 2009 2474 2065 isti
2522 2013 2672 2084 regia
2701 2016 2942 2088 tritaque
2964 2022 3217 2079 veritatis
3240 2024 3330 2080 via
3355 2027 3567 2095 relicta,
3600 2029 3660 2085 in

2071 2091 2259 2150 foveas
2286 2105 2344 2151 et
2368 2102 2626 2170 scopulos
2648 2106 2962 2176 praecipites
2985 2109 3265 2181 feruntur,
3293 2122 3458 2187 atque
3483 2091 3675 2176 ut'Sa-.

2071 2184 2232 2254 piens
2264 2187 2347 2243 ait
2376 2207 2389 2243 :
2433 2209 2452 2243 ι
2476 2191 2704 2250 Semitis
2745 2198 2905 2268 agelli
2933 2201 3019 2256 sui
3049 2214 3259 2273 errant,
3291 2184 3658 2293 manibusque

2070 2276 2418 2335 sterilitatem
2445 2283 2826 2355 colligunt‘u
2854 2289 2969 2346 Nos
2998 2300 3205 2361 autem,
3235 2314 3470 2368 quorum
3496 2276 3656 2360 men-

2071 2366 2222 2423 tibus
2252 2369 2508 2427 divinum
2536 2376 2672 2431 illud
2699 2378 2889 2437 lumen
2916 2383 3119 2452 illuxit,
3157 2366 3269 2458 quiw
3286 2391 3509 2450 saniora
3535 2396 3656 2453 sine

2069 2462 2481 2529 comparatione
2508 2466 2618 2522 ulla
2642 2471 2848 2527 sentire
2880 2476 3175 2546 malumus,
3209 2484 3469 2541 vesanam
3504 2487 3653 2546 illam

2067 2543 2360 2608 stultitiam
2393 2571 2736 2629 aversamur,
2776 2543 3203 2643 sanctorumque
3231 2574 3456 2634 Patrum
3488 2580 3652 2638 ﬁdem

2066 2645 2280 2710 sectati,
2307 2646 2403 2701 Dei
2428 2645 2625 2706 Filium
2649 2669 2802 2720 vere,
2824 2658 2989 2715 modo
3011 2662 3201 2720 divino
3222 2667 3385 2737 plane
3408 2681 3475 2736 et,
3492 2670 3651 2730 ines-

2066 2734 2333 2803 plicabili',
2353 2754 2420 2793 ex
2437 2741 2534 2796 Dei
2548 2751 2604 2799 et
2621 2745 2799 2802 Patris
2814 2752 3058 2807 essentia
3082 2734 3277 2811 natum
3298 2734 3647 2837 proﬁtemur;

2063 2834 2121 2881 et
2146 2844 2245 2897 per
2268 2845 2326 2885 se
2343 2832 2567 2901 quidem
2589 2835 2646 2890 in
2664 2841 2886 2912 propria
2902 2841 3187 2923 hypostasi
3204 2832 3530 2919 subsistere,
3549 2870 3649 2910 na-

2065 2926 2204 2975 turae
2237 2929 2418 2979 tamen
2443 2924 2735 2985 identitate
2763 2946 2889 2988 cum
2914 2947 3210 3007 generante
3233 2958 3403 2998 unum
3426 2960 3549 3002 esse
3569 2947 3647 3015 ης

2063 3022 2119 3070 et
2145 3014 2296 3071 hunc
2316 3016 2373 3071 in
2394 3018 2575 3085 Patre,
2594 3032 2651 3078 et
2667 3022 2889 3081 Patrem
2905 3028 3149 3085 vicissim
3167 3032 3222 3087 in
3247 3033 3366 3104 ipso
3382 3035 3563 3093 inesse
3581 3039 3645 3099 "z

1988 3146 2033 3206 ο
2060 3105 2406 3164 Conﬁtemur
2448 3110 2581 3167 item
2607 3116 2865 3172 eumdem
2894 3118 3051 3176 illum
3090 3122 3282 3181 lumen
3303 3142 3426 3183 esse
3457 3128 3526 3184 de
3558 3129 3646 3186 lu-

2065 3196 2233 3263 mine,
2265 3199 2439 3255 Deum
2465 3201 2533 3259 de
2560 3203 2674 3260 Deo
2702 3209 3034 3276 naturalem,
3064 3212 3313 3284 ejusdem
3337 3232 3462 3272 cum
3484 3218 3648 3275 Patre

2058 3289 2323 3359 potentiae
2366 3303 2423 3348 et
2458 3294 2669 3369 gloriae,
2701 3297 2933 3369 ﬁguram
2967 3303 3511 3375 acesplendorem“;
3546 3325 3648 3380 per

2056 3382 2244 3437 omnia
2274 3391 2331 3438 et
2371 3383 2429 3439 in
2458 3387 2717 3443 omnibus
2750 3390 2896 3446 Patri
2938 3395 3230 3464 aequalem,
3276 3400 3426 3453 nul-la
3457 3410 3643 3458 autem

2058 3486 2303 3546 exparte
2328 3476 2650 3536 inferiorem
2688 3492 2784 3539 aut
2806 3484 3093 3556 imparem.
3130 3487 3228 3544 His
3250 3491 3398 3546 enim
3432 3491 3641 3564 Spiritu

2058 3578 2250 3625 saneto
2295 3583 2680 3639 annumerato,
2728 3592 2883 3631 sacra
2930 3577 3025 3632 illa
3067 3590 3125 3633 et
3156 3583 3643 3642 consubstantialis

2057 3658 2304 3717 Trinitas
2350 3662 2407 3718 in
2450 3679 2560 3718 una
2588 3665 2895 3737 eademque
2924 3667 3234 3725 divinitatis
3263 3680 3463 3730 natura
3503 3690 3639 3737 con-

2056 3751 2318 3807 sociatur.

2129 3844 2198 3899 Et
2225 3859 2255 3898 a
2276 3845 2388 3899 Deo
2423 3846 2646 3916 quidem
2671 3848 2935 3920 inspirata
2957 3850 3244 3928 Scriptura
3275 3854 3373 3913 Dei
3396 3855 3640 3920 Verbum

2053 3950 2276 3991 carnem
2325 3938 2616 4005 factum",
2672 3940 2778 3998 hoc
2821 3954 2928 4009 est,
2959 3946 3112 4003 carni
3143 3947 3385 4007 animam
3408 3950 3640 4014 rationis

2053 4038 2365 4099 compotem
2402 4031 2628 4095 habenti
2656 4035 2874 4097 unitum
2901 4035 3154 4093 aﬂirmat.
3191 4038 3358 4095 Sacra
3385 4058 3518 4097 vero
3545 4042 3639 4099 illa

2049 4128 2105 4174 et
2129 4135 2322 4193 magna
2345 4124 2588 4195 synodus
2617 4127 2951 4201 evangelicae,
2966 4128 3231 4187 doctrinm
3249 4130 3546 4199 inhaerens,
3574 4133 3640 4191 il-

2050 4211 2166 4267 lum
2197 4213 2377 4293 ipsum
2400 4216 2774 4289 Unigenitum,
2807 4219 2903 4291 qui
2927 4236 2995 4276 ex
3010 4221 3107 4277 Dei
3129 4230 3185 4278 et
3204 4223 3382 4285 Patris
3399 4224 3636 4285 essentia

2050 4316 2214 4361 natus
2237 4316 2341 4374 est,
2368 4327 2387 4359 ι
2405 4319 2460 4371 et
2473 4324 2573 4379 per
2595 4296 2761 4381 quem
2777 4320 2832 4367 et
2854 4311 2909 4367 in
2926 4328 3038 4383 quo
3060 4322 3317 4375 constant
3335 4315 3628 4383 omnia'°,p

2050 4406 2277 4473 propter
2296 4413 2398 4454 nos
2419 4408 2475 4455 et
2497 4409 2723 4472 propter
2753 4412 2997 4459 nostram
3020 4405 3253 4463 salutem
3281 4406 3350 4463 de
3373 4407 3514 4463 caelo
3539 4408 3637 4465 de-

350 4459 457 4531 τὴν
486 4463 776 4532 ἡμετέραν
810 4467 1080 4538 σωτηρίαν
1112 4473 1507 4544 καταφοιτῆσαι
1556 4476 1656 4545 μὲν
1689 4478 1747 4545 ἐξ
1786 4480 1951 4550 ούρα-

2066 4470 2357 4555 secndisse,
2389 4500 2781 4564 assumptaque
2806 4510 2971 4552 carne
3008 4495 3291 4554 hominem
3316 4496 3544 4565 factum,
3578 4507 3636 4555 et

354 4550 487 4613 νῶν,
548 4553 907 4624 σαρκωθῆναι
935 4557 994 4610 δὲ
1039 4561 1133 4613 καὶ
1177 4562 1620 4637 ὲνανθρωπῆσαι,
1657 4568 1853 4623 παθεῖν
1888 4588 1948 4625 τε

355 4642 449 4694 καὶ
470 4644 813 4712 ἀναστῆναισ
832 4647 922 4700 καὶ
940 4649 1022 4703 ὅτι
1040 4652 1181 4705 κατὰ
1204 4655 1432 4731 καιροὺς
1458 4656 1709 4729 ἀφίξεται
1731 4663 1946 4738 κριτής·

362 4732 628 4824 ὠνόμαζε
664 4744 689 4772 τ
714 4735 769 4789 δὲ
789 4737 876 4793 τὸν
898 4741 963 4796 ἐκ
984 4742 1121 4797 Θεοῦ
1150 4745 1343 4814 Λόγον,
1368 4748 1464 4801 ἕνα
1499 4749 1706 4821 Κύριον
1741 4732 1947 4824 Ἰησοῦν

368 4815 625 4895 Χριστόν.
682 4828 872 4900 Ἀθρει
916 4833 982 4905 δὴ
1019 4829 1114 4889 οὖν
1168 4837 1316 4902 ὅπως
1362 4838 1458 4894 ἕνα
1493 4815 1745 4910 λέγοντες
1795 4815 1944 4909 Ϋίὸν,

365 4912 573 4982 Κύριον
598 4915 657 4968 δὲ
700 4918 865 4972 αὑτὸν
898 4922 995 4975 καὶ
1035 4924 1269 4995 Χριστὸν
1313 4928 1524 5000 Ἰησοῦν
1565 4932 1947 5004 ὀνομάζοντες,

352 5005 426 5057 ἐκ
475 5004 610 5059 Θεοῦ
659 5010 755 5063 καὶ
806 5013 1020 5085 Πατρὸς
1067 5018 1431 5087 γεγεννῆσθαί
1478 5008 1675 5091 φασιν,
1714 5021 1854 5080 εἷναί
1892 5047 1950 5082 τε

344 5097 671 5169 Μονογενῆ,
701 5102 799 5156 καὶ
837 5104 975 5158 Θεὸν
1011 5107 1076 5160 ἑκ
1121 5108 1279 5173 Θεοῦ,
1323 5112 1419 5165 καὶ
1469 5113 1585 5184 φῶς
1633 5117 1699 5180 ἐκ
1750 5121 1949 5193 φωτὸς,

338 5186 718 5257 γεννηθέντα,
744 5191 807 5249 ού
832 5194 1148 5273 ποιηθέντα,
1187 5200 1475 5271 ὀμοούσιον
1505 5205 1583 5278 τῷ
1606 5208 1805 5284 Πατρί.

2052 4592 2273 4646 passum
2297 4593 2438 4645 esse,
2472 4597 2687 4637 necnon
2716 4598 2785 4638 ex
2806 4586 3042 4642 mortuis
3090 4586 3158 4645 ad
3186 4587 3356 4641 vitam
3379 4588 3631 4656 rediisse,

2051 4682 2117 4722 ac
2139 4668 2384 4739 judicem
2407 4672 2538 4726 olim
2558 4683 2854 4737 venturum,
2873 4692 2993 4734 esse
3017 4689 3412 4737 commemorat
3441 4700 3454 4735 :
3479 4690 3537 4737 et
3562 4683 3634 4738 il-

2051 4758 2146 4813 Iud
2168 4759 2347 4830 ipsum
2367 4762 2634 4830 Verbum,
2660 4766 2806 4843 quod
2830 4777 2885 4823 et
2906 4784 2973 4824 ex
2996 4770 3108 4826 Deo
3128 4772 3353 4845 prodiit,
3379 4781 3436 4827 et
3459 4789 3630 4831 unum

2049 4851 2307 4918 allirmat,
2337 4863 2393 4909 et
2414 4856 2709 4913 Dominum
2741 4871 2992 4917 nostrum
3014 4863 3199 4918 Jesum
3221 4863 3501 4922 Christum
3528 4885 3631 4923 no—

2052 4946 2244 5001 minat.
2283 4946 2385 5003 llic
2429 4957 2486 5003 tu
2532 4950 2667 5006 mihi
2699 4968 2848 5010 nunc
2877 4955 3110 5010 observa
3137 4958 3415 5027 quomodo
3440 4960 3632 5018 Patres

2051 5035 2128 5090 illi
2153 5077 2167 5100 ,
2201 5052 2372 5091 unum
2405 5038 2657 5101 dicentes
2684 5042 2904 5109 Filium,
2935 5044 3084 5099 hunc
3123 5043 3311 5102 Jesum
3348 5048 3629 5106 Christum

2048 5126 2341 5185 Dominum
2368 5131 2667 5200 appellant,
2693 5141 2750 5187 et
2773 5150 2839 5188 ex
2871 5135 2985 5190 Deo
3011 5135 3173 5192 Patre
3196 5148 3385 5193 natum
3410 5150 3466 5195 et
3490 5141 3625 5227 Uni-

2045 5216 2313 5286 gcnitum,
2347 5229 2402 5272 et
2433 5219 2606 5274 Deum
2640 5221 2708 5276 de
2739 5222 2871 5287 Deo,
2902 5222 3164 5280 etlumen
3186 5225 3254 5279 de
3279 5226 3512 5293 lumine;
3537 5218 3627 5300 ge-

2046 5307 2244 5374 nitum,
2267 5325 2378 5366 non
2398 5311 2624 5380 factum,
2646 5329 2710 5368 ae
2731 5313 2876 5368 Patri
2899 5315 3446 5374 consubstantialem.

660 5434 1087 5541 vulgi-Magi).
1123 5458 1198 5541 1ξὲ
1227 5446 1364 5541 1'9.“
1392 5450 1439 5541 “ﬁ
1465 5453 1610 5541 Psal.
1637 5470 1797 5541 trgi.
1833 5457 1918 5541 ιο.
1999 5461 2038 5492 ¹¹
2066 5462 2228 5541 Prov.
2268 5482 2343 5534 ix,
2382 5467 2468 5535 12,
2495 5482 2606 5525 see.
2634 5468 2799 5524 LXX.
2884 5470 2925 5503 ¹²
2951 5471 3107 5530 Joan.
3140 5491 3192 5541 χ,
3222 5476 3310 5531 50.
3395 5477 3435 5509 ⁸³
3460 5476 3618 5534 Joan.

333 5514 449 5566 xxv,
489 5505 577 5558 10.
660 5505 701 5535 “
732 5505 901 5562 Hebr.
926 5525 967 5575 ι,
990 5510 1046 5564 5.
1156 5505 1198 5546 ⁸⁸
1231 5516 1389 5575 Joan.
1421 5505 1587 5589 ιξίλξ

1683 5526 1726 5558 ¹⁶
1751 5527 1965 5585 Coloss.
2012 5548 2050 5598 ι,
2076 5534 2164 5591 l7.

1460 5658 1634 5719 Variae
1654 5664 1923 5725 lectiones
1949 5670 2156 5746 codicis
2180 5673 2549 5744 Seguicriani.

420 5786 453 5826 ει
476 5777 757 5850 προύχειν.
837 5797 857 5825 τ
892 5789 982 5846 Io’.
1018 5790 1291 5864 ὠνόμασε,
1322 5794 1626 5870 ὠνόμαζον.
