4028 6208
448 330 517 388 19
1448 328 1505 383 S.
1542 324 1820 381 CYRILLI
1861 320 2329 381 ALEXANDRINI
2370 320 2687 375 ARCHIEP.
3621 317 3691 375 20

505 445 611 503 Sed
629 446 775 502 dicet
791 446 929 501 forte
950 447 1041 501 hic
1058 448 1327 518 quispiam
1356 466 1369 501 :
1393 447 1603 503 Nomen
1620 447 1744 512 hoc,
1767 446 2011 515 chrisma,

2187 442 2297 501 Καί
2326 460 2408 496 τοι
2441 443 2501 496 τὸ
2548 443 2797 511 χριστὸς
2832 440 3022 510 ὄνομα,
3060 438 3194 509 φαίη
3230 456 3312 502 τις
3345 440 3431 505 ἂν,
3473 439 3570 509 οὐχ
3616 437 3690 502 ὡς

447 554 558 595 non
614 539 670 593 in
713 539 892 609 ipsum
935 539 1111 595 solum
1161 539 1575 594 Emmanuelem
1602 538 1879 603 convenit,
1924 536 2019 591 sed

447 631 571 689 aliis
617 646 835 701 quoque
879 631 1146 685 tributum
1190 630 1547 700 comperitur.
1596 630 1745 684 Deus
1784 643 2020 696 namque

448 722 517 777 de
558 723 750 778 electis
789 730 847 778 et
891 738 991 792 per
1028 721 1293 791 Spiritum
1326 722 1683 777 sanctiﬁcatis
1714 719 1918 776 alicubi
1945 718 2021 772 ita

450 824 605 869 cavet
628 832 640 868 :
678 832 696 866 ι
719 814 897 869 Nolite
914 823 1134 883 tangere
1163 814 1402 869 christos
1427 828 1599 877 meos,
1619 821 1675 866 et
1701 811 1756 866 in
1779 810 2020 881 prophe-

453 914 536 961 tas
558 920 708 959 meos
724 904 892 960 nolite
908 904 1191 974 malignari
1216 905 1279 959 ".
1292 922 1310 956 ›
1334 903 1473 971 Quin
1500 912 1554 958 et
1567 902 1788 957 divinus
1802 914 2021 971 quoque

452 994 503 1064 7
540 994 709 1049 David
733 1009 764 1048 a
791 995 904 1049 Deo
928 1010 1026 1067 per
1051 994 1358 1050 Samuelem
1394 994 1451 1049 in
1475 1008 1657 1065 regem
1677 992 1937 1047 inunctus
1956 988 2019 1055 “',

453 1085 672 1143 Saulem
704 1103 722 1136 ι
747 1068 1014 1140 christum
1034 1084 1250 1140 Domini
1274 1104 1293 1137 ι
1322 1092 1482 1139 vocat
1503 1084 1568 1137 ι’.
1591 1084 1793 1139 Verum
1810 1081 1877 1137 ad
1890 1081 2021 1152 quid

454 1191 557 1247 ego
604 1177 721 1233 haec
770 1192 1056 1241 recenseo,
1105 1192 1230 1232 cum
1258 1177 1410 1231 nullo
1436 1176 1655 1247 negotio
1696 1176 1886 1231 oculos
1910 1190 2024 1231 non

455 1268 682 1324 omnino
702 1267 908 1323 otiosos
928 1267 1259 1322 habentibus
1284 1276 1473 1337 patere
1497 1275 1680 1337 queat,
1716 1282 1910 1323 omnes
1929 1266 2024 1337 qui

458 1359 564 1415 ﬁde
591 1360 645 1415 in
666 1358 944 1417 Christum
962 1359 1271 1431 justiﬁcati,
1292 1368 1349 1414 et
1368 1374 1467 1429 per
1487 1358 1751 1430 Spiritum
1774 1364 2023 1413 sanctum

457 1450 780 1511 sanctiﬁcati
836 1459 985 1511 sunt.
1047 1449 1318 1520 ejusmodi
1372 1449 1741 1522 appellatione
1782 1448 2024 1505 cohone-

459 1542 667 1597 statos?
699 1540 918 1597 Etenim
945 1540 1202 1609 Ilahacuc
1227 1541 1547 1611 mysterium
1570 1539 1773 1596 Christi
1797 1548 1853 1596 et
1874 1540 2023 1595 salu-

461 1641 570 1689 tem
603 1647 724 1701 qua:
745 1647 844 1703 per
867 1631 1046 1705 ipsum
1072 1631 1257 1687 futura
1275 1642 1395 1687 erat
1417 1630 1813 1702 praenuntians,
1835 1630 1890 1685 in
1910 1631 2027 1687 haec

459 1724 627 1779 verba
655 1724 964 1794 prorumpit
992 1741 1005 1777 :
1045 1743 1061 1775 ι
1086 1722 1352 1793 Egressus
1390 1737 1452 1777 es
1486 1722 1543 1776 in
1568 1722 1797 1777 salutem
1838 1721 2026 1790 populi

2122 534 2466 606 ἡρμοσμένον
2494 534 2641 603 μόνῳ
2670 531 2748 603 τῷ
2785 530 3153 602 Ἑμμανουὴλ,
3188 530 3325 584 ἀλλὰ
3348 529 3454 600 γὰρ
3480 531 3574 582 καὶ
3607 530 3703 597 ἐφ’

2121 626 2321 697 ἐτέρων
2368 624 2501 679 αὐτὸ
2544 623 2852 693 τεθειμένον
2879 622 3207 693 εὑρήσομεν.
3259 621 3403 690 Ἔφη
3432 620 3542 689 γάρ
3588 636 3690 673 που

2119 720 2148 771 6
2186 717 2318 781 Θεὸς
2352 715 2481 785 περὶ
2514 714 2625 767 τῶν
2666 713 3062 783 ὲξειλεγμὲνων
3106 711 3201 765 καὶ
3237 711 3586 781 ήγιασμὲνων
3634 714 3693 765 ὲν

2122 808 2402 879 Πνεύματι
2423 821 2434 835 ·
2475 826 2495 858 ι
2530 805 2624 876 Μὴ
2653 804 2889 859 ἅπτεσθε
2926 804 3036 858 τῶν
3080 802 3319 875 χριστῶν
3350 821 3473 873 μου,
3507 804 3600 855 καὶ
3635 804 3693 856 ἐν

2119 903 2234 965 τοῖς
2266 899 2573 970 προφήταις
2617 914 2717 967 μου
2765 895 2842 967 μὴ
2891 893 3279 967 πονηρεύεσῦε.
3311 912 3330 945 ι
3379 894 3489 947 Καὶ
3529 892 3635 964 μὴν
3664 895 3693 947 6

2122 991 2409 1054 θεσπέσιος
2448 986 2610 1042 Δαυῒδ
2654 986 3012 1057 κεχρισμένος
3053 986 3131 1048 εἰς
3154 982 3380 1054 βασιλέα
3423 981 3573 1053 παρὰ
3598 981 3692 1035 τοῦ

2122 1084 2257 1139 Θεοῦ
2288 1082 2377 1137 διὰ
2412 1080 2594 1153 χειρὸς
2634 1078 2911 1149 Σαμουὴλ,
2961 1096 2979 1129 ι
3015 1075 3237 1149 χριστὸν
3282 1073 3486 1145 Κυρίου
3543 1092 3561 1126 ι
3602 1071 3696 1125 τὸν

2123 1175 2294 1231 Σαοὺλ
2322 1173 2579 1227 ἐπεκάλει
2611 1182 2655 1226 ³.
2706 1170 2816 1225 Καὶ
2845 1169 2899 1223 τί
2927 1166 3084 1221 τοῦτο
3116 1166 3291 1236 λέγως
3322 1166 3499 1219 καίτοι
3536 1162 3695 1234 μετὸν

2123 1263 2360 1327 εὐκόλως
2413 1263 2529 1323 τοῖς
2573 1259 2847 1314 ἐθέλουσιν
2889 1257 3018 1310 ίδεῖν
3050 1258 3177 1319 τοὺς
3212 1258 3270 1309 ὲν
3318 1255 3497 1308 πίστει
3531 1255 3598 1323 τῇ
3638 1253 3697 1306 ὲν

2124 1353 2345 1425 Χριστῷ
2383 1351 2863 1420 δεδικαιωμένους,
2899 1348 2995 1401 καὶ
3036 1346 3401 1419 ἡγιασμένους
3432 1346 3490 1397 ὲν
3528 1341 3697 1395 Ilvati-

2128 1463 2280 1515 ματι,
2313 1446 2383 1515 τῇ
2434 1442 2615 1512 τοιᾷδε
2663 1440 2855 1511 κλήσει
2888 1437 3317 1508 τετιμημένουςς
3360 1433 3471 1489 Καὶ
3496 1432 3626 1502 γοῦν
3667 1433 3699 1484 6

2126 1535 2415 1608 προφήτης
2464 1531 2790 1603 ’Ᾱμόακοὺμ
2826 1531 2889 1583 τὸ
2912 1530 3006 1582 ἐπὶ
3034 1526 3253 1600 Χριστῷ
3282 1526 3578 1598 μυστήριον
3605 1523 3700 1577 καὶ

2124 1628 2223 1697 τὴν
2278 1627 2344 1679 δι’
2393 1623 2558 1678 αὑτοῦ
2624 1622 2897 1694 σωτηρίαν
2962 1619 3417 1690 πῳανακέκραγε
3487 1615 3696 1683 λέγων’

2133 1736 2150 1770 ι
2199 1714 2451 1787 Ἐξῆλθες
2493 1715 2569 1778 είς
2603 1713 2878 1783 σωτηρίαν
2916 1709 3047 1765 λαοῦ
3093 1727 3209 1774 σου,
3241 1707 3333 1762 τοῦ
3368 1707 3541 1760 σῶσαι
3572 1705 3701 1767 τοὺς

462 1814 566 1879 tui,
614 1782 682 1869 ad
727 1782 1049 1873 salvahdum
1083 1782 1322 1869 christos
1342 1814 1578 1868 tuos'°.r
1610 1812 1819 1867 Nomen
1839 1782 2027 1882 itaque

2137 1782 2384 1877 χριστούς
2412 1821 2531 1858 σου.
2570 1822 2588 1854 ι
2620 1782 2829 1856 Οὐκοῦν
2852 1800 2913 1853 τὸ
2940 1800 3185 1869 χριστὸς
3210 1798 3378 1868 ὄνομα
3406 1796 3604 1867 πρέπει
3631 1793 3700 1847 ἂν

462 1906 589 1971 hoc,
621 1906 866 1971 christus,
897 1920 1075 1975 neque
1101 1906 1204 1963 soli
1232 1918 1413 1973 neque
1437 1904 1657 1985 proprie
1686 1905 2029 1960 Emmanueli

462 1997 740 2061 convenit,
790 1996 886 2052 sed
916 1997 1129 2057 caneris
1158 1995 1435 2060 omnibus,
1464 1995 1560 2065 qui
1590 1995 1828 2065 Spiritus
1854 1994 2030 2051 sancti

461 2087 634 2158 gratia
691 2088 843 2143 uncti
890 2095 1038 2143 sunt.
1098 2088 1355 2143 Derivata
1377 2102 1614 2158 namque
1644 2096 1730 2142 est
1776 2101 1883 2141 vox
1914 2086 2032 2141 haec

463 2181 532 2237 ab
574 2180 690 2250 ipsa
731 2194 790 2234 re
826 2195 841 2234 :
874 2179 943 2234 ab
972 2194 1039 2234 eo
1070 2178 1363 2249 siquidem,
1403 2178 1550 2248 quod
1576 2177 1790 2232 inuncti
1816 2192 2028 2243 sumus,

463 2271 653 2326 christi
702 2270 1056 2340 appellamur.
1118 2268 1275 2336 Quod
1320 2276 1504 2325 autem
1530 2284 1631 2324 nos
1668 2283 1889 2339 quoque
1922 2268 2033 2324 hoc

465 2373 575 2417 tam
608 2363 807 2417 illustri
839 2371 1060 2431 tamque
1086 2360 1480 2431 amplectenda;
1511 2359 1700 2432 gratia:
1730 2360 1877 2415 dono
1902 2374 2034 2414 vere

463 2451 881 2520 locupletemur,
915 2450 969 2509 id
992 2450 1211 2520 sapiens
1240 2449 1333 2505 ille
1356 2450 1593 2505 Joannes
1613 2447 1883 2519 ejusmodi
1906 2462 2033 2502 ora-

466 2541 614 2595 tione
635 2541 923 2595 contirmat
947 2558 961 2594 :
992 2560 1008 2592 ι
1033 2541 1100 2596 Et
1119 2555 1237 2605 vos,
1261 2540 1461 2610 inquit,
1484 2538 1800 2595 unctionem
1817 2537 2036 2593 habetis

467 2649 496 2690 a
527 2632 727 2688 Sancto
743 2633 786 2665 ’ί
809 2653 828 2686 ›
853 2650 871 2701 ;
894 2642 952 2688 et
974 2632 1155 2688 infra:
1186 2650 1203 2683 ι
1225 2631 1414 2702 Neque
1440 2646 1578 2702 opus
1597 2629 1814 2685 habetis
1834 2637 1896 2683 ut
1912 2628 2036 2698 quis

468 2738 565 2775 vos
592 2721 818 2787 doceat;
850 2722 1042 2777 unctio
1062 2719 1224 2774 docet
1246 2736 1345 2775 vos
1358 2721 1455 2772 ⁸⁸.»
1488 2720 1566 2774 De
1585 2719 1704 2789 ipso
1726 2732 1893 2788 porro
1912 2717 2039 2772 En-

470 2809 724 2865 manuele
758 2810 836 2864 ita
869 2810 1139 2879 scriptum
1168 2818 1345 2865 exstat
1381 2826 1394 2862 :
1436 2829 1455 2859 ι
1476 2809 1662 2864 Jesum
1688 2824 1719 2862 a
1746 2807 2035 2872 Nazareth,

469 2901 742 2972 quomodo
759 2900 913 2956 unxit
927 2917 1053 2956 eum
1064 2902 1207 2955 Deus
1220 2900 1427 2972 Spiritu
1444 2907 1634 2957 sancto
1652 2907 1707 2955 et
1719 2899 1999 2954 virtute”.
2013 2918 2031 2951 ν

471 2995 577 3052 Sed
606 3003 660 3048 ct
686 2994 905 3050 divinus
929 3009 1148 3064 quoque
1174 3002 1329 3048 vates
1354 2993 1527 3048 David
1568 2993 1823 3048 eumdem
1855 2994 1929 3047 ita
1956 2993 2039 3047 af-

469 3087 618 3141 fatur
652 3103 665 3139 :
709 3106 727 3137 ‹
753 3086 998 3140 Dilexisti
1021 3084 1311 3155 justitiam,
1344 3092 1401 3137 et
1428 3083 1595 3138 odisti
1636 3083 1985 3153 iniquitatem
2022 3102 2035 3138 :
2067 3103 2108 3160 ο

471 3187 763 3249 propterea
781 3176 935 3237 unxit
958 3185 1009 3231 te
1038 3178 1202 3239 Deus,
1218 3176 1363 3229 Deus
1384 3183 1532 3239 tuus,
1560 3173 1683 3253 oleo
1708 3173 1910 3228 laetitia:
1928 3189 2041 3244 pra;

472 3268 824 3325 consortibus
844 3267 1064 3321 tuis'h
1103 3266 1313 3337 Ecquid
1337 3281 1470 3336 ergo
1499 3264 1765 3320 eximium
1792 3280 1905 3335 pra:
1934 3280 2041 3320 caa-

479 3360 611 3423 teris
660 3358 989 3417 mulieribus
1036 3359 1090 3412 in
1139 3373 1290 3413 sacra
1319 3357 1540 3429 Virgine
1575 3355 1778 3421 elucet,
1826 3356 1930 3411 etsi
1978 3371 2043 3412 ea

478 3450 888 3512 Emmanuelem
931 3450 986 3503 in
1020 3449 1197 3503 lucem
1224 3446 1463 3503 edidisse
1489 3446 1876 3516 perhibeatur?
1910 3447 2044 3500 Pro-

480 3540 624 3597 fecto
645 3540 1013 3598 nihil.faceret
1035 3538 1279 3603 absurdi,
1305 3539 1398 3608 qui
1416 3536 1727 3608 promiscue
1750 3534 2047 3606 cujuslibet

478 3632 632 3686 uncti
682 3638 910 3686 matrem
955 3629 1354 3700 Christiparam
1399 3628 1673 3700 appellare
1713 3627 1769 3683 in
1799 3628 2045 3683 animum

477 3724 791 3783 induceret,

551 3814 808 3887 [Nihilne
858 3829 990 3884 ergo
1037 3812 1181 3868 inter
1221 3812 1503 3868 Christum
1529 3809 1965 3876 Emmanuelem,
1996 3817 2052 3865 et

477 3913 706 3963 ceteros
740 3904 976 3959 christos
1005 3902 1307 3976 intercst?]
1341 3904 1457 3959 lmo
1478 3918 1609 3959 vero
1636 3903 1845 3975 ingenti
1874 3903 2050 3957 inter-

478 3995 621 4049 vallo
652 4002 708 4047 et
748 3993 1070 4048 discrimine
1119 4010 1258 4064 pene
1313 3994 1586 4049 immenso
1636 4008 1738 4047 nos
1777 4009 1807 4046 a
1845 3992 2050 4048 Christi

479 4086 652 4157 gloria
676 4095 732 4140 et
755 4085 1077 4142 excellentia
1099 4085 1459 4155 sejungimur.
1490 4082 1707 4138 Etenim
1735 4096 1836 4136 nos
1858 4082 2051 4139 famuli

483 4194 704 4244 sumus;
735 4177 826 4231 ille
847 4192 981 4230 vero
1001 4176 1102 4231 etsi
1120 4177 1527 4246 dispensatione
1549 4177 1836 4231 nobiscum
1864 4174 1919 4228 in
1942 4174 2049 4227 hu-

486 4271 660 4326 manis
682 4279 935 4340 versatus
955 4268 1027 4324 sit
1056 4278 1113 4325 et
1135 4277 1325 4329 nostra
1347 4268 1727 4336 assumpscrit,
1747 4264 2051 4321 secundum

484 4373 735 4418 naturam
768 4370 949 4415 tamen
977 4362 1122 4415 Deus
1154 4368 1209 4415 et
1230 4361 1495 4415 Dominus
1515 4368 1619 4413 est.
1660 4358 1839 4424 Quare
1860 4357 2053 4411 beatus

2128 1897 2248 1968 οὐχὶ
2284 1897 2432 1967 μόνῳ
2460 1913 2519 1949 τε
2552 1895 2648 1948 καὶ
2678 1893 2881 1955 ίδικῶς,
2910 1893 2985 1954 ὡς
3027 1891 3184 1961 ἔφην,
3214 1890 3290 1960 τῷ
3325 1891 3380 1942 Ἐ
3393 1885 3699 1958 μμανουὴλ,

2129 1987 2265 2041 ἀλλὰ
2308 1986 2403 2039 καὶ
2440 1987 2552 2047 τοῖς
2597 1982 2777 2045 ἄλλοις
2810 1982 3034 2045 ἆπασιν,
3067 1981 3227 2049 οἵπερ
3274 1978 3340 2030 ἂν
3374 1972 3484 2029 εἶεν
3512 1976 3579 2044 τῇ
3608 1973 3704 2027 τοῦ

2131 2075 2284 2144 ἁγίου
2316 2072 2637 2142 Πνεύματος
2659 2070 2843 2141 χάριτι
2868 2069 3239 2140 κεχρισμένοι.
3276 2064 3576 2133 Πεποίηται
3597 2060 3711 2133 γάρ

2131 2164 2238 2218 ἀπὸ
2267 2161 2363 2215 τοῦ
2392 2160 2718 2232 πράγματος
2747 2159 2780 2229 ἠ
2814 2156 2987 2227 φωνὴ,
3021 2158 3114 2210 καὶ
3146 2153 3255 2208 ἀπὸ
3281 2151 3376 2206 τοῦ
3397 2148 3710 2223 κεχρίσϐαι,

2130 2251 2361 2325 χριστοί.
2406 2252 2529 2303 Ὅτι
2566 2248 2621 2300 δὲ
2658 2247 2754 2300 καὶ
2787 2247 2950 2315 ἡμεῖς
2982 2244 3136 2297 αὐτοὶ
3157 2243 3256 2313 τὴν
3292 2240 3467 2304 οὕτως
3504 2237 3708 2292 εὐκλεᾶ

2130 2364 2190 2400 τε
2225 2344 2323 2398 καὶ
2360 2341 2683 2410 άξιόληπτον
2732 2335 2953 2405 ἀληθῶς
3004 2330 3487 2400 καταπλουτοῦμεν
3524 2329 3708 2399 χάριν,

2133 2436 2359 2508 ὲμπεδοῖ
2384 2434 2558 2501 λέγων
2576 2432 2604 2483 6
2628 2428 2789 2498 σοφὸς
2821 2426 3074 2494 Ἰωάννης
3092 2440 3105 2453 ’
3132 2441 3151 2474 ι
3176 2422 3285 2477 Καὶ
3312 2422 3469 2491 ὑμεῖς
3499 2418 3710 2490 χρίσμα

2134 2528 2284 2599 ἔχετε
2307 2524 2415 2579 ἀπὸ
2446 2521 2539 2576 τοῦ
2566 2521 2744 2591 ἁγίουο
2774 2538 2792 2571 ι
2820 2517 2914 2571 καὶ
2940 2516 3101 2568 πάλιν
3120 2532 3134 2545 ·
3179 2532 3196 2564 ι
3235 2513 3307 2566 Οὐ
3338 2511 3528 2581 χρείαν
3554 2510 3709 2579 ἔχετε

2135 2621 2225 2674 ἶνα
2258 2635 2341 2681 τις
2362 2616 2587 2685 διδάσκῃ
2613 2613 2777 2683 ὑμᾶς,
2801 2609 2938 2665 ἀλλὰ
2960 2608 3019 2662 τὸ
3047 2605 3212 2661 αὑτοῦ
3235 2604 3444 2676 χρίσμα
3470 2602 3712 2656 διδάσκει

2137 2713 2302 2783 ὑμᾶς.
2362 2728 2381 2761 ι
2420 2708 2736 2779 Γέγραπται
2780 2704 2836 2757 δὲ
2881 2702 2974 2757 καὶ
3018 2702 3149 2772 περὶ
3186 2698 3279 2752 τοῦ
3328 2694 3709 2768 Ἐμμανουήλ·

2143 2820 2162 2853 ι
2220 2797 2428 2869 Ἰησοῦν
2460 2796 2551 2850 τὸν
2595 2794 2703 2848 ἀπὸ
2748 2792 3035 2863 Ναζαρὲτ,
3076 2790 3152 2853 ὡς
3205 2789 3421 2859 ἔχρισεν
3474 2785 3641 2839 αὐτὸν
3686 2784 3715 2837 6

2118 2892 2269 2956 ,Θεὸς
2301 2889 2580 2960 Πνεύματι
2622 2886 2762 2957 ἁγίῳ
2796 2884 2889 2938 καὶ
2913 2882 3161 2952 δυνάμει.
3209 2899 3227 2933 ι
3271 2878 3379 2933 Καὶ
3411 2877 3517 2948 μὴν
3566 2878 3597 2929 6
3628 2875 3715 2928 Οε-

2108 2985 2365 3055 ,σπέσιος
2398 2980 2562 3035 Δαυῖδ
2603 2978 2743 3049 πρὸς
2775 2976 2938 3030 αὐτόν
2980 2989 3177 3045 φησιν’
3217 2992 3235 3025 ι
3292 2970 3622 3039 Ἠγάπησας
3648 2968 3718 3021 δι-

2140 3074 2456 3143 καιοσύνην,
2485 3069 2583 3123 καὶ
2611 3068 2878 3140 ἐμίσησας
2897 3063 3126 3134 ἀνομίαν
3155 3064 3174 3101 ί
3201 3078 3215 3092 ο
3246 3058 3334 3113 διὰ
3353 3056 3512 3112 τοῦτο
3533 3055 3720 3128 ἔχρισὲ

2145 3183 2204 3219 σε
2225 3168 2252 3219 6
2282 3164 2436 3227 Θεὸς,
2469 3164 2496 3216 6
2517 3160 2648 3224 Θεός
2668 3176 2785 3222 σου,
2813 3156 2995 3210 ἔλαιον
3018 3152 3391 3223 ἀγαλλιάσεως
3418 3147 3575 3218 παρὰ
3595 3147 3721 3209 τοὺς

2146 3253 2411 3326 μετόχους
2445 3267 2559 3305 σου.
2602 3268 2621 3300 ι
2658 3247 2723 3300 Τί
2762 3243 2855 3300 οὖν
2888 3248 2954 3300 ἄν
2995 3262 3079 3307 τις
3114 3243 3209 3296 ίδοι
3249 3241 3309 3294 τὸ
3358 3237 3619 3310 περιττὸν
3665 3237 3722 3288 ἐν

2143 3349 2209 3416 τῇ
2241 3346 2373 3415 ἁγία
2418 3340 2680 3413 Παρθένῳ
2712 3337 2863 3409 παρὰ
2893 3337 2991 3400 τὰς
3036 3335 3221 3399 ἄλλας,
3270 3332 3371 3387 κᾶν
3409 3334 3458 3385 εί
3504 3330 3726 3396 λέγοιτο

2145 3437 2326 3490 τεκεῖν
2378 3433 2550 3503 αὐτὴν
2599 3431 2690 3483 τὸν
2733 3425 3119 3499 Ἐμμανουήλ;
3158 3427 3357 3479 ἄτοπον
3390 3422 3497 3493 γὰρ
3543 3421 3718 3483 οὐδὲν,

2145 3527 2249 3581 κᾶν
2294 3527 2342 3578 εί
2368 3525 2543 3577 ἓλοιτό
2572 3538 2654 3585 τις
2691 3519 2785 3573 καὶ
2810 3518 2911 3589 τὴν
2942 3516 3170 3570 ἑκάστου
3201 3512 3308 3566 τῶν
3341 3509 3721 3584 κεχρισμένων

2150 3616 2362 3689 μητέρα
2389 3612 2748 3684 Χριστοτόκον
2782 3605 3095 3663 ἀποκαλεῖν.

2232 3793 2374 3848 Ἀλλ’
2418 3791 2534 3844 ἔστι
2569 3787 2705 3843 πολὺ
2752 3785 2813 3839 τὸ
2848 3779 3202 3855 μεσολαϐοῦν,
3242 3778 3336 3832 καὶ
3371 3773 3723 3846 ἁσυγκρίτοις

2147 3884 2428 3955 διαφοραῖς
2448 3880 2546 3950 τῆς
2579 3876 2671 3932 τοῦ
2699 3876 2947 3945 Σωτῆρος
2971 3874 3003 3944 ἡ
3012 3871 3124 3943 μῶν
3158 3869 3406 3933 εὐκλείας
3430 3868 3526 3921 καὶ
3549 3867 3722 3936 ὕπερον

2148 3975 2280 4048 οχῆς
2323 3969 2663 4041 ἁποτειχίζον
2694 3967 2764 4019 τὰ
2800 3965 2920 4020 καθ’
2950 3964 3117 4033 ἡμᾶς.
3150 3961 3375 4013 Οίκέται
3402 3958 3512 4029 γὰρ
3537 3958 3721 4027 ἡμεῖς,

2150 4072 2180 4123 6
2203 4070 2259 4122 δὲ
2292 4067 2433 4121 κατὰ
2464 4065 2624 4135 φύσιν
2654 4061 2856 4131 Κύριος
2884 4057 2977 4111 κα)⁵
3007 4056 3158 4119 Θεὸς,
3182 4053 3283 4107 κᾶν
3306 4052 3354 4104 εί
3388 4052 3577 4120 γέγονε
3601 4048 3721 4118 μεθ’

2149 4158 2309 4229 ἡμῶν
2342 4158 2437 4209 καὶ
2468 4157 2524 4208 ὲν
2560 4154 2673 4216 τοῖς
2698 4151 2820 4205 καθ’
2851 4149 2997 4218 ἡμᾶς
3024 4142 3404 4215 οἰκονομικῶς.
3426 4141 3610 4210 Ταύτῃ
3641 4155 3724 4191 τοι

2152 4250 2247 4301 καὶ
2288 4249 2317 4299 6
2356 4246 2623 4317 μακάριος
2667 4241 2876 4303 Παῦλος
2955 4237 3188 4308 Χριστὸν
3266 4234 3428 4288 αὐτὸν
3468 4230 3721 4300 ὠνόμαζε

2154 4342 2248 4396 καὶ
2279 4338 2434 4401 Θεὸν,
2504 4335 2645 4389 οὕτω
2682 4333 2894 4401 λέγων’
2934 4352 2952 4383 ι
3004 4331 3173 4383 Τοῦτο
3210 4329 3318 4399 γὰρ
3371 4326 3486 4379 ἴστε
3550 4321 3721 4391 γινὼ-

483 4454 684 4508 Paulus
709 4460 765 4506 et
801 4471 817 4500 ι
841 4450 1121 4505 Christum
1145 4459 1201 4505 et
1226 4450 1397 4504 Deum
1425 4470 1442 4501 ι
1488 4450 1640 4503 illum
1671 4448 1907 4518 appellat
1930 4464 1945 4511 ;
1976 4445 2040 4499 ait

2157 4446 2396 4493 σκοντες,
2426 4429 2507 4480 ὅτι
2529 4426 2636 4487 πᾶς
2658 4422 2876 4493 πόρνος,
2901 4422 2934 4493 ἢ
2963 4420 3291 4492 ἀκάθαρτος,
3315 4418 3347 4487 ἦ
3376 4414 3721 4513 πλεονέκτης.

483 4545 629 4600 enim
666 4561 679 4597 :
720 4563 737 4593 ι
762 4542 875 4595 Hoc
904 4542 1053 4596 enim
1075 4541 1269 4596 scitote
1291 4541 1679 4611 intelligentes,
1704 4537 1850 4607 quod
1877 4537 2057 4592 omnis

485 4633 806 4695 fornicator,
832 4640 927 4685 aut
953 4630 1287 4693 immundus,
1312 4638 1406 4683 aut
1429 4644 1645 4692 avarus,
1668 4628 1760 4697 qui
1784 4636 1869 4681 est
1889 4626 2059 4680 idolo-

483 4726 641 4785 latra,
694 4740 803 4777 non
853 4723 1019 4777 habet
1051 4723 1425 4778 brereditatem
1480 4720 1533 4775 in
1584 4735 1747 4790 regno
1771 4718 1977 4777 Christi
2005 4728 2062 4773 et

486 4815 581 4868 Dei
605 4816 669 4868 ²⁵.
686 4835 702 4865 ι
734 4814 927 4870 (Σωιοτί
951 4814 1133 4884 itaque
1150 4829 1342 4867 omnes
1363 4820 1585 4882 propter
1604 4811 1881 4865 unctionis
1896 4810 2061 4864 bene-

489 4904 670 4957 ﬁcium
699 4905 809 4959 sint
838 4904 1051 4969 christi,
1077 4905 1274 4974 etjnre
1295 4903 1476 4958 isthuc
1500 4900 1844 4970 appellentur
1870 4916 1882 4951 :
1911 4898 2063 4953 solus

490 5005 670 5048 autem
703 4995 1021 5051 Emmanuel
1052 4995 1125 5050 ita
1152 5003 1235 5049 est
1257 4993 1531 5057 Christus,
1565 5002 1626 5046 ut
1652 5007 1818 5046 verus
1841 5006 2061 5061 quoque

488 5086 545 5155 8
577 5085 648 5138 sit
675 5085 837 5139 Deus.
864 5086 1205 5157 Quapropter
1231 5102 1262 5139 a
1288 5101 1421 5139 vero
1447 5100 1555 5137 non
1596 5083 1939 5137 aberravcrit
1966 5082 2061 5150 qui

491 5174 725 5227 aliorum
774 5183 975 5229 matres
1008 5172 1363 5242 christiparas
1400 5170 1680 5240 appellare
1720 5168 1852 5222 velit
1892 5184 1904 5219 :
1939 5166 2060 5220 dei—

492 5278 651 5331 paras
677 5271 854 5316 tamen
882 5264 1032 5318 nullo
1061 5264 1243 5317 modo.
1272 5261 1397 5316 Sola
1421 5275 1656 5329 namque
1680 5258 1820 5313 inter
1838 5266 2062 5312 caeteras

2154 4525 2302 4584 ὅστις
2333 4520 2479 4573 ἐστὶν
2525 4513 2938 4584 εἰδωλολάτρης,
2977 4512 3079 4564 οὐκ
3124 4510 3234 4580 ἔχει
3273 4502 3634 4576 κληρονομίαν
3667 4500 3725 4549 ἐν

2155 4616 2220 4684 τῇ
2250 4611 2497 4683 βασιλείᾳ
2535 4606 2772 4679 Χριστοῦ
2804 4604 2897 4658 καὶ
2934 4602 3090 4655 Θεοῦ.
3131 4619 3148 4650 ι
3183 4598 3392 4653 Οὐκοῦν
3420 4598 3469 4649 οἰ
3502 4592 3599 4664 μὲν
3631 4591 3727 4684 61»-

2156 4682 2257 4755 λοι
2279 4701 2501 4763 πάντες,
2541 4698 2617 4760 ὼς
2649 4695 2805 4765 ἔφην,
2850 4688 2960 4746 εἷεν
2990 4691 3054 4745 ἂν
3094 4692 3188 4743 καὶ
3221 4689 3365 4759 μάλα
3392 4687 3615 4747 είκὸτως
3642 4682 3731 4736 διὰ

2156 4795 2217 4847 τὸ
2244 4791 2531 4863 κεχρίσοαι
2552 4788 2783 4860 χριστοὶ,
2812 4785 2967 4857 μόνος
2996 4782 3052 4836 δὲ
3073 4780 3301 4851 Χριστὸς
3322 4777 3454 4839 Θεὸς
3480 4772 3732 4845 ἀληθινὸς

2159 4890 2189 4941 6
2226 4882 2595 4955 Ἐμμανουήλ.
2630 4880 2741 4933 Καὶ
2766 4880 2866 4931 οὐκ
2890 4877 2955 4930 ἂν
2986 4875 3220 4946 ἁμάρτοι
3246 4869 3537 4939 τάληθοῦς,
3567 4868 3619 4920 εἴ
3648 4882 3731 4927 τις

2162 4978 2227 5031 ἂν
2254 4976 2431 5029 ἕλοιτο
2450 4973 2633 5041 λέγειν
2656 4970 2731 5034 ὡς
2755 4970 2811 5023 αἱ
2839 4966 2948 5020 τῶν
2971 4966 3144 5021 ἄλλων
3184 4961 3418 5035 μητέρες
3457 4957 3732 5031 χριστοτό-

2164 5089 2249 5124 κοι
2302 5070 2422 5141 μὲν,
2458 5067 2520 5120 οὐ
2558 5065 2660 5136 μὴν
2704 5063 2786 5115 ἔτι
2835 5061 2929 5113 καὶ
2983 5058 3245 5112 θεοτόκοι.
3301 5055 3457 5123 Μόνη
3506 5053 3563 5105 δὲ
3583 5048 3729 5141 ’παρ’

2161 5134 2374 5223 ὲκείνας
2409 5159 2443 5229 ἠ
2491 5134 2627 5225 ἁγίαν
2668 5152 2938 5225 Παρθένος
2987 5146 3329 5221 χριστοτόκος
3376 5162 3431 5197 τε
3477 5138 3606 5229 ὁμοῦ
3641 5134 3728 5229 κα)-

2161 5222 2645 5313 (ν)εοτόκος’νοεῖταί
2678 5222 2867 5298 ’τε-καὶ
2910 5242 3128 5309 λέγεται
3152 5255 3163 5268 ”
3206 5236 3498 5307 γεγέννηκε
3532 5228 3635 5297 γὰρ
3667 5222 3725 5275 οὑ

572 5420 612 5495 ξ’
647 5419 934 5495 Psal._civ,
1134 5421 1175 5495 ‘f
1200 5422 1227 5475 1ο
1253 5417 1639 5495 Βρεηχτιᾷίζκ
1675 5485 1688 5495 _
1722 5416 1764 5446 ¹⁹
1792 5415 1808 5468 1
1840 5416 1970 5495 Reg.
2005 5430 2036 5466 ς

2137 5412 2218 5476 ,7.
2296 5409 2338 5440 ²⁰
2364 5407 2565 5461 llabac.
2590 5422 2668 5468 Ill,
2698 5404 2779 5458 15.
2859 5403 2897 5433 "
2926 5400 3121 5457 lJoan.
3158 5415 3213 5464 ιι,
3244 5393 3328 5450 20.
3401 5393 3443 5422 "
3469 5383 3604 5443 Ibid.
3633 5380 3718 5433 27.

494 5490 540 5521 ⁵³
567 5488 688 5547 Act.
716 5505 770 5553 Χ,
802 5489 892 5542 58.
922 5484 929 5485 ί
965 5492 1011 5522 ’δ
1043 5490 1185 5543 Psal.
1218 5484 1361 5555 XLIV:
1384 5489 1434 5543 8.
1516 5489 1559 5519 ⁸³
1592 5485 1791 5555 Ephes.
1814 5503 1868 5547 v,

1578 5626 1750 5682 Varia:
1778 5627 2042 5681 lectiones
2077 5624 2281 5679 codicis
2309 5619 2665 5691 Seguiet'iani.

574 5751 595 5779 '
626 5742 906 5809 ἀποκαλεῖ,
935 5740 1213 5796 άπ;κά).ει.
1298 5744 1312 5776 ι
1350 5740 1589 5803 ¹ιόικίαν,
