4028 6208
436 295 507 354 23
1460 306 1515 362 S.
1559 308 1833 363 CYRILLI
1878 308 2348 364 ALEXANDle
2386 310 2705 367 ARCIIIEP.
3617 315 3688 374 ει

438 423 638 477 tatem.
678 416 753 472 ita
798 426 856 472 ut
899 416 1011 473 duo
1055 418 1169 475 haec
1206 419 1349 475 inter
1389 438 1446 477 se
1492 424 1779 479 commista
1818 423 1961 489 sint,
2020 435 2075 480 et
2110 425 2345 479 alterum
2388 426 2549 482 alteri
2594 428 2904 482 communia
2947 428 3110 485 faciat
3159 444 3280 501 quae
3319 430 3421 487 sibi
3463 447 3686 506 propria

434 520 584 567 sunt.

502 606 659 675 Quod
684 618 864 665 autem
896 611 1169 681 ejusmodi
1200 620 1525 668 naturarum
1551 616 1683 670 unio
1710 617 1764 670 in
1794 616 2013 672 Christo
2042 623 2087 678 Α

430 700 743 756 necessario
774 701 1032 757 constitui
1061 701 1278 768 debeat,
1312 704 1367 758 id
1398 721 1521 760 cum
1556 722 1622 761 ex
1648 708 1769 762 aliis
1800 708 2009 771 multis,

432 801 547 846 tum
581 809 649 847 ex
691 793 808 865 ipso
843 810 1063 865 quoque
1096 798 1375 867 Apostolo,
1422 798 1627 868 absque
1672 799 1784 853 ullo
1824 798 2010 854 labore

2188 616 2309 671 ’Ὁτι
2351 616 2409 669 δέ
2453 618 2602 672 ἐστιν
2647 618 3050 689 ἀναγκαιοτάτη
3102 619 3223 674 λίαν
3267 622 3303 691 ἠ
3348 621 3537 684 ἓνωσις
3593 622 3685 675 ἐπὶ

2112 709 2385 779 Χριστοῦ,
2416 708 2753 781 καταθρῆσαι
2782 711 2912 781 ῥᾷον
2945 712 3040 764 καὶ
3073 711 3454 783 ἀταλαίπωρον
3486 729 3683 765 παντε-

2112 801 2238 865 λῶς,
2271 801 2363 854 καὶ
2389 801 2477 855 διὰ
2508 802 2718 855 πολλῶν
2750 803 2972 876 ἐτέρων.
3002 804 3138 873 Φέρε
3159 805 3287 875 γὰρ,
3313 807 3360 858 εί
3384 806 3552 870 δοκεῖ,
3581 806 3680 869 τὰς

430 888 788 957 molestiaque
812 888 1027 943 ostendi
1052 897 1249 959 potest.
1271 890 1383 961 Age
1404 904 1555 961 ergo,
1580 892 1625 945 si
1650 890 1846 960 placet,
1872 908 1996 946 non-

2110 892 2203 947 τοῦ
2258 893 2531 964 μακαρίου
2591 894 2804 947 Παύλου
2854 895 3399 967 πολυπραγμονῶμεν
3460 897 3675 966 φωνὰς,

429 978 608 1033 nullas
637 978 783 1033 beati
820 980 974 1035 Pauli
1004 996 1170 1037 voces
1210 982 1472 1037 attentius
1498 982 1776 1051 aliquanto
1802 999 2007 1053 expen-

315 1079 325 1085 '
428 1070 655 1136 damus,
689 1072 1066 1144 iudiciumque
1097 1074 1264 1128 animi
1303 1090 1465 1145 quam
1500 1074 1804 1145 poterimus
1843 1091 2008 1130 accu-

428 1162 764 1218 ratissimum
798 1164 866 1218 ad
899 1179 992 1220 eas
1026 1164 1337 1219 at'feramus.
1366 1164 1467 1218 Hic
1505 1165 1671 1235 igitur
1709 1164 1778 1220 de
1813 1165 2006 1236 unige-

424 1256 544 1310 nito
576 1257 673 1311 Dei
714 1256 853 1312 Filio
895 1257 1041 1312 hunc
1078 1258 1136 1312 in
1166 1257 1388 1313 modum
1425 1257 1657 1312 scribit:
1691 1277 1709 1310 ι
1742 1257 1845 1324 Qui
1879 1274 2005 1314 eum

426 1347 481 1400 in
509 1346 685 1401 forma
713 1347 810 1403 Dei
839 1355 1002 1414 esset,
1033 1363 1144 1402 non
1170 1349 1417 1418 rapinam
1441 1348 1739 1404 arbitratus
1768 1358 1853 1404 est
1883 1366 2005 1406 esse

425 1450 484 1490 se
514 1437 777 1506 aequalem
810 1437 951 1501 Deo,
996 1436 1093 1492 sed
1130 1437 1485 1508 semetipsum
1525 1438 1848 1503 exinanivit,
1889 1439 2002 1494 for-

423 1540 568 1579 mam
613 1524 757 1579 servi
799 1524 1111 1594 accipiens,
1153 1524 1209 1579 in
1252 1524 1671 1579 similitudinem
1717 1523 2001 1579 hominum

420 1615 618 1679 factus,
655 1624 710 1669 et
738 1614 928 1669 habitu
961 1615 1220 1671 inventus
1249 1623 1311 1670 ut
1349 1616 1536 1680 homo,
1570 1615 1880 1671 humiliavit
1911 1631 1999 1672 se-

419 1704 713 1773 metipsum
746 1705 811 1769 ²⁹,
846 1724 865 1755 ι
892 1714 999 1759 etc.
1048 1704 1215 1771 Quis,
1260 1705 1525 1771 obsecro,
1560 1705 1652 1760 ille
1690 1715 1779 1762 est
1812 1724 1831 1758 ι
1868 1707 1996 1776 qui,

419 1810 545 1849 cum
577 1794 632 1848 in
666 1794 838 1850 forma
876 1795 973 1850 Dei
1000 1803 1167 1861 esset,
1205 1796 1316 1851 Deo
1348 1812 1407 1852 sc
1437 1797 1699 1867 aequalem
1730 1812 1852 1852 esse
1887 1813 1999 1852 non

418 1886 665 1956 rapinam
706 1886 1005 1941 arbitratus
1032 1888 1153 1942 est?
1187 1906 1205 1939 ι
1236 1887 1345 1942 Aut
1381 1886 1656 1956 quomodo
1687 1887 1998 1942 exinanitus

2110 986 2312 1056 ἀκριϐῆ
2344 986 2433 1039 τὸν
2464 986 2612 1053 νοῦν,
2646 987 2739 1041 καὶ
2761 986 2837 1051 ὼς
2861 986 2962 1051 ἔνι,
2997 988 3350 1060 λεπτομερῶς
3375 990 3681 1061 ὲπερείδονυ

2107 1078 2371 1147 τες.Ἐφη
2389 1077 2566 1130 τοίνυν
2596 1077 2832 1148 περὶτοῦ
2849 1078 3210 1148 Μονογενοῦς·
3243 1100 3260 1131 ι
3296 1081 3393 1144 ’ος
3408 1081 3465 1132 ὲν
3499 1082 3678 1150 μορφῇ

2106 1167 2242 1221 Θεοῦ
2276 1168 2560 1239 ὑπάρχων,
2589 1169 2688 1239 οὐχ
2722 1169 3016 1240 ἁρπαγμὸν
3046 1172 3299 1243 ἡγήσατο
3328 1172 3387 1224 τὸ
3420 1168 3559 1225 εἶναι
3592 1171 3680 1225 ίσα

2105 1258 2246 1329 Θεῷ,
2278 1259 2393 1312 ἀλλ’
2424 1258 2616 1312 ἑαυτὸν
2644 1259 2903 1322 ἐκένωσε,
2937 1261 3154 1331 μορφὴν
3183 1260 3368 1313 δούλου
3394 1260 3593 1324 λαϐὼν,
3624 1261 3681 1312 ὲν

2103 1349 2409 1421 ὁμοιώματι
2438 1350 2740 1421 ἀνθρώπων
2774 1350 3068 1419 γενόμενος
3090 1393 3104 1417 ,
3135 1351 3231 1405 καὶ
3260 1352 3501 1423 σχήματι
3526 1352 3682 1422 εὑρε-

2104 1441 2218 1505 θεὶς
2255 1441 2331 1504 ώς
2372 1440 2692 1512 ἄνθρωπος,
2726 1423 3092 1496 ἐταπείνωσεν
3140 1442 3351 1497 ἑαυτόν.
3393 1461 3411 1494 ι
3445 1441 3541 1507 Τίς
3586 1438 3681 1495 οὖν

2102 1532 2207 1602 ἄρα
2237 1533 2387 1586 ἐστὶν
2425 1552 2443 1583 ι
2480 1535 2508 1586 6
2534 1533 2804 1604 ὑπάρχων
2833 1535 2892 1589 έν
2928 1536 3108 1605 μορφῇ
3139 1532 3236 1586 τοῦ
3268 1532 3427 1598 Θεοῦ,
3460 1533 3556 1587 καὶ
3581 1533 3680 1603 οὐχ

2102 1623 2394 1694 ἁρπαγμὸν
2421 1624 2769 1695 ἡγησάμενος
2799 1624 2861 1678 τὸ
2895 1620 3035 1678 εἶναι
3070 1624 3159 1677 ἴσα
3191 1624 3346 1695 Θεῷς
3389 1643 3408 1678 ι
3456 1627 3529 1678 Ἦ
3555 1625 3681 1680 τίνα

2100 1715 2396 1769 κεκένωται
2425 1714 2662 1784 τρόπον;
2697 1714 2946 1787 Κατῆλθε
2969 1716 3026 1769 δὲ
3051 1716 3201 1780 ὃπως
3239 1717 3320 1780 εἰς
3346 1716 3681 1771 ταπείνωσιν

2100 1806 2194 1859 καὶ
2223 1808 2281 1858 ὲν
2313 1808 2378 1875 τῇ
2425 1803 2519 1859 τοῦ
2558 1805 2747 1859 δούλου
2779 1808 2959 1877 μορφῇ
2986 1824 3001 1871 ;
3034 1808 3099 1859 Oi
3141 1806 3239 1877 μὲν
3285 1815 3315 1855 γ
3343 1802 3436 1860 οὖν
3476 1808 3556 1870 είς
3584 1807 3680 1861 δύο

2098 1896 2388 1967 τέμνοντες
2425 1896 2519 1951 τὸν
2551 1897 2649 1951 ἕνα
2693 1897 2899 1968 Κύριον
2939 1897 3149 1964 Ἰησοῦν
3188 1898 3444 1969 Χριστὸν,
3492 1899 3571 1962 είς
3616 1916 3681 1953 τε

417 1954 539 2031 est?
564 1976 671 2031 Aut
694 1966 806 2047 qua
828 1977 1049 2032 demum
1085 1977 1297 2033 ratione
1333 1954 1796 2033 adhumilitatem
1821 1979 1995 2033 servi-

2098 1954 2404 2052 ἇνθρωπον,
2437 2000 2510 2055 φη
2520 1984 2600 2053 μὶ,
2625 1984 2720 2037 καὶ
2745 1954 2836 2037 τόν
2866 1985 2929 2038 ὲκ
2957 1954 3091 2038 Θεοῦ
3126 1954 3336 2058 Πατρδς
3363 1954 3567 2055 Λόγον,
3588 1988 3682 2042 τὸν

415 2069 633 2138 lemque
658 2068 887 2123 formam
912 2070 1157 2139 abjectus
1178 2071 1297 2123 est?
1321 2070 1462 2125 Sane
1485 2070 1577 2140 qui
1607 2086 1776 2124 unum
1808 2071 1992 2124 Domi-

414 2176 551 2215 num
582 2170 832 2216 nostrum
885 2162 1071 2218 Jesum
1110 2160 1391 2216 Christum
1434 2161 1490 2214 in
1530 2160 1690 2225 duos,
1720 2160 1774 2213 in
1814 2160 1992 2213 homi-

412 2267 540 2307 nem
573 2252 848 2318 videlicet,
882 2263 939 2308 et
963 2253 1201 2308 Verbum
1245 2251 1390 2323 quod
1427 2267 1493 2306 ex
1529 2252 1641 2306 Deo
1668 2259 1859 2305 natum
1887 2261 1990 2316 est,

412 2344 712 2411 divellunt,
740 2362 866 2402 cum
907 2347 1002 2417 qui
1040 2362 1108 2401 ex
1147 2362 1298 2401 sacra
1330 2345 1550 2416 Virgine
1590 2352 1772 2398 ortum
1805 2343 1990 2409 ducit,

410 2436 840 2492 exinanitionem
891 2439 1216 2509 sustinuisse
1257 2446 1572 2502 autumant;
1610 2436 1850 2491 Verbum
1891 2452 1991 2489 au-

410 2536 543 2591 tem,
570 2529 717 2599 quod
739 2545 807 2584 ex
837 2531 998 2586 Patre
1019 2514 1206 2585 natum
1237 2539 1339 2595 est,
1368 2544 1733 2599 nequaquam,
1758 2536 1817 2583 ut
1845 2528 1992 2598 quod

409 2617 480 2671 ab
500 2633 567 2673 eo
586 2620 812 2675 omnino
832 2628 1138 2676 secernant.
1168 2621 1372 2677 Verum
1396 2620 1441 2675 si
1472 2620 1546 2674 ita
1576 2636 1663 2674 res
1686 2619 1871 2683 habet,
1893 2635 1991 2674 ex-

407 2720 616 2781 ponant
661 2712 738 2765 illi
782 2713 942 2768 nobis
986 2727 1222 2782 quonam
1274 2710 1438 2765 modo
1480 2710 1571 2765 hic
1616 2710 1672 2764 in
1718 2709 1891 2764 forma
1937 2718 1994 2764 et

408 2803 719 2874 aequalitate
749 2804 926 2859 Patris
954 2803 1355 2874 intelligeretur
1382 2813 1437 2858 et
1460 2812 1625 2869 esset,
1654 2811 1748 2856 aut
1776 2817 1883 2871 qua
1907 2816 1993 2854 ra-

408 2896 557 2951 tione
600 2895 992 2951 exinanitionis
1032 2894 1257 2949 modum
1301 2893 1545 2964 experiri
1587 2900 1792 2963 posset,
1831 2892 1888 2947 in
1936 2892 1991 2947 id

406 2986 555 3057 quod
595 3002 706 3041 non
752 2993 872 3041 erat
916 2999 1035 3040 sese
1072 2984 1389 3039 demittens.
1431 2983 1590 3038 Nulla
1627 2983 1774 3037 enim
1809 2991 1991 3039 creata

407 3094 517 3141 res,
536 3079 579 3133 si
599 3076 900 3133 secundum
916 3076 1337 3132 naturam‘suam
1359 3075 1462 3144 ιο
1476 3073 1877 3139 consideretur,
1896 3074 1993 3128 ha-

406 3169 500 3223 bet
528 3168 701 3238 patris
726 3167 1116 3236 aequalitatem.
1150 3166 1254 3233 Qui
1293 3181 1425 3236 ergo
1454 3165 1501 3220 is
1532 3164 1845 3219 exinanitus
1874 3172 1986 3230 est,

408 3258 503 3328 qui
531 3267 721 3327 suapte
746 3265 939 3311 natura
967 3271 1153 3311 merus
1187 3255 1352 3309 homo
1383 3252 1673 3316 cxsistens,
1705 3251 1990 3307 hominum

2096 2074 2161 2126 ὲκ
2192 2074 2291 2143 τῆς
2317 2073 2481 2142 ἁγίας
2529 2075 2808 2146 Παρθένου
2854 2076 3019 2144 φασὶν
3054 2077 3345 2145 ὑπομεῖναι
3372 2078 3472 2148 τὴν
3510 2078 3685 2132 κένωσ-

2097 2179 2203 2226 σιν,
2224 2163 2647 2227 άποδιῖστῶντες
2672 2165 2836 2217 αὑτοῦ
2865 2166 2955 2218 τὸν
2975 2168 3039 2219 ὲκ
3066 2166 3202 2219 Θεοῦ
3219 2166 3411 2235 Λόγον,
3434 2184 3683 2239 προαπο-

2092 2253 2457 2308 δεικνύτωσαν
2508 2256 2591 2308 ὅτι
2627 2256 2725 2308 καὶ
2771 2257 2828 2309 ὲν
2861 2258 3044 2327 μορφῇ
3089 2258 3184 2310 καὶ
3222 2258 3428 2329 ἰσότητι
3477 2261 3682 2316 νοεῖται

2093 2361 2155 2398 τε
2201 2344 2297 2399 καὶ
2332 2340 2401 2415 ἦν
2449 2346 2545 2398 τοῦ
2582 2345 2831 2416 Πατρὸς,
2870 2347 2957 2400 ἴνα
2993 2346 3089 2400 καὶ
3131 2347 3222 2398 τὸν
3264 2349 3362 2418 τῆς
3394 2349 3683 2414 κενώσεως

2095 2437 2363 2509 ὑπομείνῃ
2390 2437 2613 2509 τρόπον,
2642 2439 2723 2502 είς
2746 2440 2885 2509 ὅπερ
2913 2439 3014 2491 οὐκ
3041 2434 3111 2509 ῆν
3140 2437 3492 2509 καθιγμένος.
3534 2440 3677 2496 Ἀλλ’

2093 2528 2243 2581 οὐδέν
2275 2530 2391 2581 ἐστι
2446 2529 2554 2582 τῶν
2596 2530 3005 2599 πεποιημένων.
3052 2531 3104 2583 εί
3154 2530 3272 2583 κατ’
3318 2530 3456 2584 ἰδίαν
3502 2535 3681 2587 νοοῖτο

2096 2619 2276 2688 φύσιν,
2309 2618 2372 2671 τὸ
2400 2621 2457 2671 ὲν
2492 2618 2698 2689 ίσότητι
2727 2618 2820 2672 τοῦ
2852 2618 3081 2689 πατρός.
3110 2617 3234 2682 Πῶς
3262 2613 3355 2672 οῦν
3388 2619 3499 2691 άρα
3527 2630 3549 2657 ²
3582 2638 3682 2674 κε-

2095 2708 2363 2763 κενῶσθαι
2394 2709 2633 2779 λέγεται,
2664 2711 2713 2763 εὶ
2733 2708 2830 2780 τὴν
2865 2712 3025 2778 φύσιν
3053 2710 3338 2781 ἄνθρωπος
3362 2711 3458 2775 ὢν,
3483 2712 3684 2781 γεγέν-

2094 2813 2251 2866 νηται
2289 2798 2409 2851 καθ’
2439 2800 2585 2869 ἡμᾶς
2621 2800 2685 2852 ὲκ
2722 2800 3017 2868 γυναικός;
3064 2800 3177 2853 Καὶ
3213 2801 3278 2853 ὲκ
3306 2802 3466 2864 ποίας
3490 2842 3505 2867 ,
3541 2804 3675 2857 εἰπέ

2097 2904 2209 2957 μοι,
2246 2888 2621 2960 πρεσϐυτέρας
2645 2889 2918 2961 ὑπεροχῆς
2959 2891 3057 2961 τῆς
3090 2889 3186 2943 τοῦ
3226 2890 3515 2962 ἀνθρώπου
3552 2894 3683 2963 μεί-

2094 2978 2246 3043 ζονος
2272 2980 2351 3043 είς
2372 2978 2431 3033 τὸ
2452 2979 2738 3052 ἄνθρωπος
2760 2978 2898 3037 εἶναι
2915 2983 3119 3055 κατέϐη
3140 2999 3154 3047 ;
3178 2984 3250 3037 Ἦ
3272 2985 3389 3048 πῶς
3419 2985 3484 3039 ἂν
3504 2989 3687 3041 νοοῖτο

2094 3069 2301 3138 λαϐεῖν,
2322 3071 2397 3135 ώς
2422 3073 2525 3126 οὐκ
2550 3073 2688 3143 έχων
2711 3074 2769 3128 ὲν
2794 3076 2961 3146 ἀρχῇ,
2984 3076 3085 3147 τὴν
3104 3077 3199 3131 τοῦ
3221 3077 3408 3131 δούλου
3436 3079 3684 3151 μορφὴν,

2093 3159 2123 3211 6
2144 3160 2303 3228 φύσει
2334 3161 2505 3216 τελῶν
2542 3164 2600 3217 ὲν
2633 3164 2897 3230 οἰκέταις,
2935 3167 3028 3221 καὶ
3057 3167 3162 3221 ὑπὸ
3184 3166 3346 3233 ζυγέν
3375 3169 3624 3234 δουλείας
3649 3184 3677 3213 ι

2093 3251 2343 3321 κείμενος
2369 3270 2385 3315 ;

408 3366 563 3405 more
622 3366 691 3405 ex
732 3350 962 3404 muliere
1031 3358 1331 3420 prognatus
1370 3348 1493 3404 est?
1532 3346 1612 3401 Ex
1651 3361 1790 3416 qua,
1836 3360 2055 3415 quaeso,
2094 3345 2413 3412 eminentia,
2455 3362 2578 3418 qua:
2620 3364 2968 3406 communem
3002 3351 3245 3409 hominis
3278 3365 3531 3410 naturam
3582 3373 3688 3413 ex-

406 3448 649 3511 celleret,
675 3454 736 3501 ut
768 3446 1138 3518 homoﬁerct,
1172 3461 1291 3501 sese
1320 3443 1574 3499 demisit?
1632 3441 1743 3498 Aut
1795 3456 1906 3511 quo
1935 3440 2156 3496 tandem
2183 3456 2346 3497 sensu
2382 3442 2613 3497 formam
2641 3444 2817 3509 servi,
2846 3462 3007 3515 quam
3053 3447 3212 3502 initio
3238 3464 3349 3503 non
3409 3449 3686 3518 habebat,

408 3540 768 3610 assumpsisse
791 3517 1137 3610 perhibetur,
1169 3539 1265 3610 qui
1292 3538 1596 3594 secundum
1624 3546 1879 3593 naturam
1904 3536 2048 3591 inter
2070 3535 2305 3592 famulos
2327 3538 2581 3605 habetur,
2609 3548 2666 3594 et
2693 3541 2973 3595 servitutis
2991 3543 3122 3612 jugo
3143 3542 3451 3612 premitur?

477 3635 832 3707 Respondent
874 3636 1027 3690 illum
1078 3634 1171 3705 qui
1216 3643 1414 3689 natura
1458 3650 1524 3690 ac
1558 3649 1688 3690 vere
1718 3633 1891 3688 Filius
1932 3638 1988 3687 et
2015 3636 2057 3693 c

403 3729 563 3797 liber,
588 3738 643 3783 et
676 3728 853 3783 Patris
875 3727 1116 3783 Verbum
1159 3734 1298 3789 erat,
1332 3734 1389 3781 et
1418 3725 1473 3779 in
1514 3724 1780 3795 genitoris
1817 3722 1993 3778 forma

404 3802 739 3887 exsistebat,
769 3836 834 3895 ac
868 3820 921 3874 ei
966 3818 1193 3889 aequalis
1235 3827 1385 3883 erat,
1432 3818 1487 3872 in
1523 3815 1780 3881 homine,
1827 3829 1993 3885 quem

404 3914 604 3969 mulier
655 3913 711 3966 in
754 3912 934 3966 lucem
986 3910 1191 3974 edidit,
1239 3909 1610 3975 inhabitasse;
1674 3916 1839 3977 atque
1882 3905 1992 3959 huc

403 4006 629 4061 tendere
659 4003 926 4074 quidquid
950 4002 1018 4057 de
1046 4001 1441 4063 cxinanitione,
1464 4001 1553 4055 vel
1585 3996 1988 4061 humiliatione,

403 4097 489 4152 vel
513 4095 729 4151 servilis
745 4094 933 4149 formae
952 4093 1326 4162 assumptione
1352 4105 1583 4160 usquam
1607 4089 1862 4144 traditur.
1882 4088 1991 4143 Sed

404 4189 544 4243 heus
564 4198 644 4251 tu,
670 4186 923 4257 quisquis
947 4201 1026 4249 es,
1048 4200 1245 4240 eamne
1276 4193 1392 4239 tute
1424 4183 1595 4237 solam
1626 4181 1799 4237 divini
1821 4179 1987 4236 Verbi

404 4282 460 4335 in
483 4280 704 4335 homine
735 4278 1216 4341 inhabitationem,
1244 4276 1311 4332 ad
1347 4274 1694 4331 statuendam
1724 4274 1872 4328 illam
1897 4289 1991 4327 ex-

402 4373 760 4429 inanitionem
786 4380 870 4426 sat
891 4386 1009 4427 esse
1033 4368 1351 4425 existimas?
1370 4366 1627 4435 Nihilque
1651 4366 1829 4422 inesse
1843 4364 1991 4434 peri-

403 4464 511 4518 culi
533 4461 842 4528 arbitraris,
870 4461 917 4515 si
944 4476 1053 4514 una
1082 4459 1184 4513 hac
1214 4457 1429 4512 ratione
1454 4455 1698 4511 Verbum
1729 4455 1987 4511 servilem

403 4556 634 4609 formam
668 4552 994 4623 suscepisse,
1021 4551 1295 4620 talemque
1331 4547 1731 4603 humiliationis
1764 4546 1987 4602 modum

403 4646 695 4715 pertulisse
732 4643 1036 4698 statuatur?
1076 4641 1238 4711 Atqui
1275 4639 1567 4695 Dominum
1598 4646 1817 4695 sanctos
1852 4651 1986 4706 apo-

402 4740 571 4793 stolos
598 4739 700 4794 hac
728 4736 975 4793 oratione
1013 4724 1434 4803 compellantem
1466 4731 1632 4785 audio
1666 4747 1678 4784 :
1713 4749 1730 4781 ι
1777 4729 1834 4784 Si
1864 4727 1988 4798 quis

402 4830 581 4900 diligit
603 4847 710 4893 me,
732 4844 1041 4885 sermonem
1068 4844 1253 4883 meum
1277 4826 1548 4893 servabit;
1573 4836 1628 4880 et
1649 4827 1808 4881 Pater
1834 4841 1988 4881 meus

402 4920 591 4989 diliget
629 4936 785 4985 eum;
820 4928 875 4975 et
907 4920 975 4973 ad
1018 4933 1145 4972 eum
1185 4916 1502 4978 veniemus,
1545 4923 1601 4969 et
1646 4913 1985 4969 mansionem

2173 3631 2334 3686 Ἀλλά
2365 3633 2455 3687 ναί
2489 3651 2675 3702 φασιν,
2703 3637 2731 3687 6
2757 3633 2917 3704 φύσει
2941 3652 3001 3688 τε
3027 3636 3122 3688 καὶ
3149 3636 3365 3705 ἀληθῶς
3393 3636 3488 3691 καὶ
3525 3638 3685 3693 ἐλεύ-

2095 3720 2255 3792 θερος
2288 3722 2436 3787 Υἱὸς,
2477 3724 2506 3775 6
2535 3724 2600 3777 ὲκ
2627 3723 2765 3777 Θεοῦ
2808 3724 3022 3797 [ἰατρὸς
3063 3726 3239 3794 Λόγος
3266 3728 3325 3779 ὲν
3359 3732 3544 3799 μορφῇ
3582 3732 3687 3785 τοῦ

2094 3815 2483 3886 γεγεννηκότος
2508 3815 2771 3886 ὑπάρχων
2794 3855 2811 3880 ,
2844 3815 2939 3870 καὶ
2972 3816 3086 3881 ῖσος
3108 3816 3183 3871 ὣν
3208 3818 3381 3889 αὐτῷ,
3416 3820 3692 3892 κατῴκη-

2094 3922 2191 3958 κεν
2214 3905 2271 3959 ὲν
2292 3904 2566 3977 ἀνθρώπῳ
2593 3906 2910 3977 γεννηθέντι
2939 3907 3027 3961 διὰ
3058 3910 3317 3976 γυναικός
3336 3924 3350 3937 '
3386 3908 3479 3963 καὶ
3512 3911 3689 3966 τοῦτό

2092 3995 2238 4049 ἐστιν
2264 3996 2297 4066 ὴ
2319 3996 2571 4063 κένωσις,
2605 3997 2697 4049 καὶ
2728 3997 2789 4050 τὸ
2809 3998 2909 4068 τῆς
2936 3998 3323 4062 ταπεινώσεως
3346 4001 3564 4071 χρῆμα,
3589 4004 3695 4058 καὶ

2091 4083 2153 4137 τὸ
2182 4084 2239 4137 έν
2276 4087 2341 4154 τῇ
2385 4084 2478 4138 τοῦ
2505 4084 2692 4138 δούλου
2732 4086 3108 4142 καθικνεῖσθαι
3144 4088 3176 4128 δ
3215 4092 3417 4161 μορφῇ.
3445 4087 3611 4157 Εἶτα,
3645 4087 3696 4148 ὦ

2094 4174 2380 4259 βέλτιστοι,
2415 4175 2478 4228 τὸ
2510 4177 2835 4248 κατοικῆσαι
2886 4179 3047 4249 μόνον
3082 4182 3138 4234 ὲν
3174 4181 3451 4254 ἀνθρώπῳ
3481 4185 3582 4238 τὸν
3625 4188 3697 4243 ἐκ

2090 4264 2225 4319 Θεοῦ
2242 4265 2414 4334 Λόγον
2444 4265 2732 4336 ἀρκέσειεν
2766 4268 2833 4322 ἂν
2867 4271 2947 4334 εἰς
2977 4271 3207 4325 κένωσιν
3249 4273 3433 4344 αὑτῷ;
3468 4279 3572 4331 καὶ
3599 4280 3699 4334 ἀσ-

2093 4358 2259 4428 φαλὲς
2291 4360 2465 4412 εἰπεῖν
2493 4360 2574 4413 ὅτι
2600 4376 2658 4411 τε
2687 4359 2860 4425 οὕτως
2886 4362 3052 4416 ὑπέδυ
3079 4363 3176 4435 τὴν
3209 4365 3304 4417 τοῦ
3329 4365 3519 4421 δούλου
3552 4387 3697 4439 μορ-

2092 4450 2219 4522 φὴν,
2260 4450 2355 4503 καὶ
2388 4450 2559 4513 οὕτως
2592 4449 2743 4521 αὑτῷ
2784 4451 2983 4521 γένοιτ’
3014 4453 3081 4507 ἂν
3109 4452 3137 4507 6
3160 4454 3262 4523 τῆς
3285 4457 3695 4526 ταπεινώσεως

2088 4542 2318 4612 τρόπος,
2348 4542 2525 4595 καίτοι
2550 4542 2820 4611 λέγοντος,
2862 4544 2939 4607 ώς
2969 4545 3177 4608 ἀκούω,
3198 4547 3310 4608 τοῖς
3334 4545 3521 4614 ἁγίοις
3546 4550 3695 4603 ἀπο-

2092 4637 2316 4701 στόλοις;
2348 4656 2366 4687 ι
2415 4637 2540 4691 Ἐάν
2570 4654 2652 4701 τις
2678 4638 2865 4708 ἀγαπᾷ
2895 4654 2982 4707 με,
3010 4637 3101 4691 τὸν
3119 4636 3275 4706 λόγον
3298 4655 3399 4708 μου
3422 4642 3697 4712 τηρήσει,

2089 4730 2186 4783 κα)⁵
2218 4732 2246 4783 6
2289 4730 2482 4803 Πατήρ
2533 4746 2636 4799 μου
2678 4730 2955 4800 ἀγαπήσει
2988 4729 3170 4794 αὑτὸν,
3222 4730 3315 4782 καὶ
3342 4731 3488 4799 πρὸς
3519 4734 3703 4789 αὑτὸν

2089 4820 2445 4891 ἐλευσόμεθα,
2503 4821 2598 4874 καὶ
2645 4820 2813 4891 μονὴν
2858 4822 2989 4891 παρ’
3029 4818 3179 4889 αὑτῷ
3227 4823 3615 4892 ποιησόμεθα.
3675 4845 3696 4879 ι

2105 4913 2370 4977 Ἀκούεις,
2396 4913 2544 4975 ὅπως
2575 4915 2632 4967 ἐν
2666 4916 2777 4975 τοῖς
2806 4913 3095 4981 ἀγαπῶσιν
3126 4911 3289 4967 αὐτὸν
3316 4921 3702 4989 συγκατοικήο

401 5011 545 5082 apud
581 5026 708 5066 eum
734 5010 996 5077 faciemus
1019 5011 1084 5062 ³ο.
1121 5029 1138 5060 ι
1172 5007 1365 5071 Audis,
1400 5022 1509 5076 quo
1535 5015 1693 5076 pacto
1720 5014 1780 5061 et
1804 5005 1983 5075 ipsum

2098 5023 2210 5057 σειν
2239 5003 2388 5075 αὑτῷ
2418 5006 2510 5058 καὶ
2539 5005 2700 5058 αὐτὸν
2721 5004 2825 5075 ἔφη
2852 5005 2943 5058 τὸν
2973 5003 3106 5059 Θεὸν
3143 5004 3239 5057 καὶ
3270 5005 3538 5080 Πατέρα;
3563 5006 3699 5083 'Ap‘

401 5104 877 5175 quoquePatrem
925 5119 1031 5158 una
1068 5116 1193 5157 cum
1239 5100 1357 5169 ipso
1396 5099 1505 5153 illis
1550 5099 1985 5153 inhabitaturum

403 5196 687 5265 spondeat,
705 5197 797 5265 qui
819 5196 996 5266 ipsum
1020 5194 1290 5266 diligunt?
1313 5190 1590 5261 Numquid
1610 5206 1741 5261 ergo
1760 5201 1815 5245 et
1833 5191 1988 5246 illum

405 5290 581 5360 ipsum
620 5305 858 5359 quoque,
888 5299 1178 5359 prOpterea
1214 5286 1359 5358 quod
1394 5286 1511 5356 pias
1537 5284 1838 5340 amicorum
1864 5298 1990 5337 suo-

404 5397 524 5438 rum
549 5382 758 5435 animas
780 5380 939 5435 sedes
968 5381 1071 5435 sibi
1097 5380 1415 5443 constituat,
1442 5378 1806 5441 exinanitum,
1832 5374 1986 5429 simi-

474 5523 517 5553 "
544 5521 779 5591 Philipp.
807 5537 865 5586 ιι,
898 5520 997 5575 6-8
1068 5522 1110 5551 ³³
1142 5521 1295 5576 Joan.
1336 5538 1444 5586 xiv,
1481 5520 1567 5574 23.

2090 5092 2184 5150 οὖν
2215 5097 2311 5149 καὶ
2348 5097 2509 5151 αὑτὸν
2547 5096 2880 5150 κεκενῶσθαι
2918 5096 3191 5167 δώσομεν,
3222 5097 3316 5151 καὶ
3345 5099 3456 5172 τὴν
3493 5104 3699 5172 ὁμοίαν

2092 5187 2387 5257 ἀνατλῆναι
2431 5187 2659 5241 κένωσιν
2702 5198 2724 5225 ε
2777 5186 2856 5257 τῷ
2906 5188 3051 5259 Υίῷ,
3084 5190 3177 5242 καὶ
3208 5189 3304 5261 τὴν
3339 5191 3444 5246 τοῦ
3496 5193 3697 5247 δούλου

2096 5279 2312 5349 μορφὴν
2346 5276 2659 5342 ἀναλαϐεῖν,
2704 5279 2787 5332 ὅτι
2824 5278 2924 5342 τὰς
2958 5279 3067 5333 τῶν
3116 5278 3465 5349 ἀγαπώντων
3518 5280 3698 5339 αὑτὸν

2092 5372 2271 5444 ψυχὰς
2311 5372 2472 5441 ἁγίας
2508 5375 2743 5425 ποιεῖται
2792 5371 2959 5443 μονὰς
3002 5372 3173 5437 ἱδίας;
3220 5370 3283 5424 Τί
3319 5370 3376 5423 δι
3412 5370 3479 5425 τδ
3526 5372 3697 5442 ἅγιον

1481 5639 1656 5694 Variae
1675 5639 1941 5693 lectiones
1969 5635 2175 5690 codicis
2203 5633 2570 5703 Seguicriani.

473 5758 568 5811 Isi
600 5756 717 5815 μέν.
796 5766 817 5796 ι
842 5756 940 5814 Eu.
1016 5769 1036 5798 θ
1065 5756 1167 5811 ὑπὸ
1204 5754 1351 5830 ζυγῷ
1382 5756 1592 5816 δούλου.
1674 5758 1701 5799 δ
1744 5755 2083 5812 καθικέσθαι.
2165 5765 2182 5793 '~
2218 5751 2566 5809 ταπείνωσιν.
