4028 6208
401 339 485 397 25
1869 347 1981 405 EPI

2083 347 2211 406 DLA
2245 349 2289 408 Ι.
3587 350 3662 411 26

406 458 638 531 Πνεῦμα
683 459 746 513 τὸ
776 455 1066 517 κατοικῶν
1101 462 1161 518 ἒν
1202 464 1369 537 ἡμῖν;
1402 459 1552 538 *Λρα
1582 466 1679 521 καὶ
1716 466 1849 521 αὐτὸ
1877 468 1977 539 τῆς

2083 468 2314 539 literque
2339 483 2463 525 cum
2495 469 2632 526 Filio
2654 469 2952 543 dejectum,
2979 485 3042 527 ac
3079 469 3266 526 servili
3294 466 3467 524 forma
3492 465 3660 522 indu-

406 552 879 625 ὲνανθρωπήσαυς
922 556 1251 627 ἀπεπλήρου
1277 558 1376 629 τὴν
1411 559 1725 630 οἰκονομίαν
1744 599 1759 622 ,
1790 559 1858 631 ἢν
1891 559 1982 615 διὰ

405 643 571 712 μόνον
599 642 698 696 τοῦ
731 643 861 698 Υίοῦ
892 646 1209 717 πεπρᾶχθαί
1239 664 1417 719 φαμεν
1446 648 1547 719 τῆς
1572 649 1789 705 πάντων
1818 649 1981 704 ἕνεκα

400 734 686 803 σωτηρέας
717 737 808 788 καὶ
839 736 1021 807 ζωῆς
1049 739 1264 807 ’Λπαγε
1293 740 1393 811 τῆς
1421 738 1566 794 οὕτω
1602 741 1865 813 περιττῆς
1887 743 1982 797 καὶ

398 825 639 896 ἀνοήτου
676 827 954 892 παντελῶς
981 828 1397 895 είκαιοσουλίας.

476 1086 861 1142 Τεταπιίνωκε
880 1087 1063 1143 τοίνυν
1088 1088 1279 1143 ἑαυτὸν
1303 1090 1333 1143 6
1359 1090 1417 1143 ὲν
1442 1091 1624 1161 μορφῇ
1654 1090 1748 1144 καὶ
1775 1090 1981 1161 ίσότητι

398 1180 500 1234 τοῦ
522 1178 664 1233 Θεοῦ
696 1180 791 1234 καὶ
820 1180 1031 1252 Πατρὸς
1046 1179 1310 1252 ὑπάρχων
1344 1179 1542 1250 Λόγος,
1571 1181 1661 1235 ὅτε
1683 1180 1980 1252 γενόμενος

406 1269 569 1339 σὰρξ,
591 1269 740 1324 καθά
754 1287 919 1340 φησιν
952 1271 1229 1342 Ἰωάννης,
1252 1272 1574 1342 γεγέννηται
1587 1273 1675 1326 διά
1699 1273 1977 1342 γυναικὸς,

400 1361 500 1417 καὶ
520 1361 779 1432 γέννησιν
804 1361 945 1432 ἔχων
969 1363 1072 1435 τὴν
1096 1365 1160 1417 ὲκ
1182 1364 1318 1417 Θεοῦ
1349 1365 1581 1437 Πατρὸς,
1615 1365 1711 1419 καὶ
1726 1365 1827 1435 τὴν
1857 1365 1979 1419 καθ’

398 1454 561 1522 ἡμᾶς
593 1453 853 1524 ὑπέμεινε
896 1454 1091 1511 παθεῖν
1129 1456 1196 1510 δι’
1227 1458 1394 1528 ἡμᾶς.
1441 1457 1595 1511 Ἐπεὶ
1620 1457 1981 1512 διδασκόντων

399 1544 561 1597 αὐτοὶ
586 1585 600 1608 ,
628 1544 775 1599 κατά
813 1545 939 1600 τίνα
972 1546 1172 1617 τρόπον
1210 1548 1238 1601 6
1281 1547 1349 1601 ὲκ
1392 1546 1530 1602 Θεοῦ
1570 1549 1783 1621 Πατρός
1810 1549 1982 1616 Λόγος

402 1633 641 1703 Χριστὸς
664 1632 734 1686 ἂν
758 1636 933 1688 νοοῖτο
956 1634 1052 1689 καὶ
1084 1634 1298 1705 λέγοιτο
1326 1637 1465 1708 πρὸς
1490 1638 1669 1708 ἡμῶν.
1697 1640 1762 1693 Ei
1785 1640 1893 1693 ἀπό
1915 1656 1979 1709 γε

402 1724 501 1777 τοῦ
528 1724 821 1797 κεκρίσθαι
852 1726 1091 1798 Χριστὸς
1117 1727 1475 1799 ὀνομάζεται,
1505 1730 1627 1783 τίνα
1671 1730 1925 1801 κέκρικεν
1948 1730 1979 1783 6

2088 566 2203 614 tum
2232 561 2630 617 concedemus?
2656 561 2733 617 De
2771 562 2979 632 Spiritu
3011 570 3198 621 sancto
3228 569 3433 626 autem,
3466 558 3562 630 qui
3603 558 3662 612 in

2085 651 2245 706 nobis
2271 652 2542 708 inhabitat
2566 646 2632 717 “,
2657 653 2789 723 quid
2812 652 3150 708 statuemus?
3181 650 3456 722 Numquid
3481 660 3539 706 et
3570 649 3660 720 ip-

2083 757 2206 796 sum
2250 757 2471 813 quoque
2512 743 2903 799 incarnationis
2931 743 3313 809 (economiam,
3348 757 3511 812 quam
3558 754 3662 812 per

2083 834 2262 889 solum
2297 834 2493 889 Filium
2524 836 2717 890 salutis
2738 835 2971 905 vitaeque
2993 833 3237 888 omnium
3267 847 3431 887 causa
3461 830 3659 886 factam

2084 925 2451 995 agnoscimus,
2497 927 2799 996 explevisse
2836 925 3117 981 dicemus!
3153 924 3334 996 Apage
3376 938 3501 978 cum
3538 921 3662 978 istis

2084 1017 2222 1073 adeo
2247 1016 2520 1082 inanibus,
2547 1018 2759 1073 stolidis
2783 1026 2839 1072 et
2862 1017 3101 1072 anilibus
3124 1015 3516 1071 deliramentis.

2153 1107 2393 1162 Verbum
2425 1107 2590 1178 igitur
2616 1106 2735 1171 Dei,
2765 1106 2911 1176 quod
2956 1106 3011 1160 in
3056 1105 3229 1162 forma
3270 1115 3327 1160 et
3352 1103 3662 1175 mqualitate

2084 1196 2181 1253 Dei
2210 1205 2265 1252 et
2302 1198 2479 1252 Patris
2510 1204 2649 1263 erat,
2676 1198 3029 1269 semetipsum
3056 1196 3386 1261 humiliavi‘t,
3417 1195 3658 1266 quando,

2085 1298 2147 1344 ut
2167 1289 2403 1345 Joannes
2432 1286 2696 1358 loquitur,
2721 1303 2849 1342 caro
2875 1287 3076 1342 factum
3104 1303 3173 1342 ex
3205 1287 3436 1342 muliere
3471 1295 3661 1339 natum

2084 1381 2258 1445 est”,
2280 1387 2649 1450 mternamque
2676 1393 2742 1432 ex
2771 1378 2931 1433 Patre
2959 1377 3228 1450 originem
3256 1377 3529 1442 obtinens,
3556 1391 3662 1430 no-

2085 1475 2255 1524 stram
2303 1484 2523 1539 quoque
2570 1476 2795 1540 propter
2834 1483 2935 1523 nos
2974 1467 3382 1540 generationem
3422 1465 3661 1537 experiri
3717 1531 3723 1537 π

2084 1576 2195 1615 non
2225 1560 2517 1617 recusavit.
2542 1559 2698 1627 Quod
2722 1560 2767 1616 si
2794 1576 2960 1616 secus.
2981 1575 3069 1615 res
3094 1559 3280 1623 habet,
3307 1556 3539 1614 doceant
3559 1570 3663 1611 nos

2086 1652 2210 1723 ipsi,
2245 1667 2548 1723 ecquonam
2590 1651 2753 1706 modo
2791 1650 2889 1707 Dei
2931 1650 3110 1706 Patris
3150 1648 3391 1705 Verbum
3429 1664 3460 1703 a
3500 1646 3664 1703 nobis

2083 1741 2334 1798 Christus
2375 1744 2703 1814 appelletur,
2746 1751 2803 1799 et
2839 1742 3093 1799 Christus
3133 1756 3255 1796 esse
3297 1739 3658 1811 intelligatur.

398 1817 601 1887 Πατὴρ
637 1816 725 1888 τῷ
751 1818 924 1889 ἐλαίῳ
976 1818 1081 1890 τῆς
1114 1820 1490 1889 ἀγαλλιάσεως
1512 1860 1528 1887 ,
1578 1821 1696 1893 ἦτοι
1724 1822 1801 1894 τῷ
1838 1823 1977 1894 ἁγίῳ

2083 1834 2215 1889 Nam
2252 1837 2297 1891 si
2328 1836 2580 1891 Christus
2614 1835 2683 1890 ah
2708 1834 2965 1890 unctione
3001 1832 3313 1888 nominatus
3335 1840 3437 1895 est,
3462 1844 3658 1901 quem,

396 1908 723 1977 Πνεύματι;
769 1908 836 1963 Εί
881 1909 980 1980 μὲν
1020 1904 1114 1964 οὖν
1158 1911 1343 1977 ίόικῶς
1376 1911 1469 1965 τὸν
1522 1911 1683 1982 μόνον
1724 1911 1787 1977 ἐξ
1816 1913 1981 1967 αὐτοῦ

404 2000 730 2070 γεννηθέντα
754 2000 892 2054 Θεὸν
928 2002 1122 2071 Λόγον,
1154 2002 1248 2057 καὶ
1283 2002 1444 2057 τοῦτο
1479 2003 1620 2057 slva!
1652 2019 1821 2072 φασιν
1847 2003 1982 2075 ἀλη-

412 2092 520 2171 θὲς,
542 2092 830 2162 ἀγνοοῦσιν
852 2093 1003 2157 ὅπως
1025 2095 1118 2148 καὶ
1136 2093 1236 2167 τὴν
1256 2093 1349 2149 τοῦ
1378 2094 1716 2164 Μονογενοῦς
1738 2093 1981 2151 ἀδικοῦσι

403 2186 599 2255 φύσιν,
630 2185 848 2257 καὶτῆς
895 2185 1036 2257 μετά
1061 2187 1261 2257 σαρκὸς
1286 2188 1597 2257 οἰκονομίας
1620 2189 1982 2261 παρασημαί-

411 2294 574 2331 νουσι
618 2279 679 2332 τὸ
732 2279 1053 2349 μυστήριον.
1108 2280 1170 2333 Et
1216 2279 1326 2351 γὰρ
1379 2280 1663 2352 κέχρισται
1708 2281 1792 2352 τῷ
1842 2281 1982 2352 ἁγίῳ

414 2369 686 2440 Πνειῖματι
711 2370 847 2435 Θεὸς
867 2368 945 2423 ὢν
979 2372 1010 2424 6
1030 2370 1220 2439 Λόγος,
1247 2372 1435 2425 ἐπιδεᾶ
1462 2373 1678 2437 πάντως
1707 2373 1979 2445 ἀγιασμοῦ

400 2462 500 2516 καὶ
547 2464 649 2533 οὐχ
691 2464 914 2528 ἑκόντες
968 2456 1363 2536 ὁμολογήσουσι
1411 2466 1555 2520 κατά
1599 2469 1727 2531 τοὺς
1767 2468 1978 2523 ἀνωθεν

398 2554 483 2607 in
515 2555 748 2626 χρόνους
780 2554 1051 2625 ὑπάρχειν
1082 2556 1268 2618 αὑτὸν,
1312 2556 1437 2609 καθ’
1468 2555 1559 2621 οὓς,
1601 2556 1757 2611 οὔπω
1785 2575 1977 2629 κεχρι-

400 2646 603 2716 σμένος
622 2687 637 2708 ,
673 2645 943 2717 ἀμέτοχος
989 2641 1058 2718 ἦν
1091 2646 1173 2699 ἔτι
1223 2647 1324 2718 τῆς
1350 2649 1430 2712 είς
1456 2648 1683 2721 ὕστερον
1714 2648 1865 2721 αὒτῷ
1893 2649 1979 2704 δο-

2082 1943 2287 1997 ιῙιιιεεο,
2319 1927 2479 1983 Pater
2499 1928 2622 1982 oleo
2649 1924 2852 1981 laetitia:
2875 1925 2941 1989 ⁸³,
2969 1924 3074 1978 hoc
3098 1932 3183 1978 cst
3207 1920 3416 1992 Spiritu
3447 1927 3657 1985 sancto,

2082 2018 2331 2075 inunxit?
2369 2021 2466 2089 ιι
2499 2019 2557 2075 Si
2585 2018 2735 2075 enim
2772 2017 2870 2072 Dei
2903 2016 3164 2079 Verbum,
3193 2012 3340 2087 quod
3378 2013 3525 2067 Deus
3550 2019 3656 2076 est,

2079 2119 2138 2167 et
2172 2111 2351 2166 solum
2393 2110 2703 2183 specialiter
2722 2125 2791 2164 ex
2815 2109 2978 2164 Patre
3019 2115 3208 2161 natum
3239 2112 3343 2169 est,
3371 2103 3659 2158 inunctum

2080 2203 2286 2268 dicant,
2317 2212 2481 2274 atque
2520 2203 2631 2257 huc
2656 2217 2787 2257 vere
2818 2199 3089 2274 quidquid
3122 2198 3190 2254 de
3219 2196 3478 2252 unctione
3518 2193 3658 2250 dici-

2080 2302 2198 2360 tur,
2242 2296 2522 2365 pertinere
2570 2292 2935 2357 contendant,
2973 2290 3233 2346 nimirum
3270 2287 3487 2343 inscitia
3521 2301 3656 2350 sua,

2080 2385 2280 2457 insigni
2310 2385 2509 2456 injuria
2530 2384 2810 2456 Uni‘geniti
2828 2392 3080 2438 naturam
3111 2379 3373 2443 alliciunt,
3400 2387 3457 2434 et
3478 2377 3658 2447 ipsum

2081 2479 2281 2534 divina:
2308 2477 2733 2549 dispensationis
2756 2474 3079 2549 mysterium
3107 2473 3268 2543 plane
3297 2478 3573 2527 evertunt.
3599 2466 3660 2523 Si

2079 2572 2227 2628 enim
2258 2570 2520 2635 Verbum,
2545 2568 2692 2640 quod
2718 2571 2863 2624 Deus
2888 2576 2995 2632 est,
3030 2565 3241 2636 Spiritu
3274 2569 3464 2617 sancto
3495 2559 3659 2613 inun-

2080 2670 2229 2716 ctum
2276 2669 2389 2724 εει,
2436 2674 2567 2730 ergo
2615 2656 2995 2728 superioribus
3040 2649 3410 2722 temporibus,
3458 2645 3663 2717 quibus

400 2736 595 2807 θεία-ης
650 2737 885 2808 δωρεᾶς.
939 2737 1015 2791 Τὸ
1050 2737 1110 2791 δὲ
1171 2737 1449 2810 ἀγιασμοῦ
1508 2738 1824 2813 τητώμενον
1892 2759 1981 2796 σα-

2083 2752 2419 2808 inunctionis
2446 2751 2613 2821 hujus
2643 2748 2911 2804 beneﬁcio
2933 2745 3080 2816 quod
3113 2752 3303 2814 postea
3335 2739 3411 2794 illi
3442 2735 3658 2807 obtigit,

399 2827 621 2882 λεύεται
683 2828 828 2883 κατά
878 2827 1072 2898 φύσιν,
1107 2829 1203 2884 καὶ
1235 2830 1338 2884 οὐκ
1379 2829 1448 2885 ἂν
1491 2835 1663 2887 νοοῖτο
1703 2833 1981 2899 παντελῶς

2083 2844 2263 2900 adhuc
2283 2842 2707 2906 destituebatur,
2735 2835 3184 2895 sanctificationis
3205 2833 3429 2889 omnino
3453 2828 3663 2899 indige-

396 2919 712 2992 ἠμαρηκδς
736 2920 1033 2991 ἁμαρτίας,
1061 2920 1179 2992 ἦτοι
1209 2922 1306 2975 τοῦ
1339 2920 1596 2977 δύνασθαι
1615 2924 1978 2995 πλημμελεῖν.

2083 2937 2206 3004 bat;
2239 2934 2386 3006 quod
2416 2933 2640 2989 inﬁtiari
2672 2947 2783 2987 non
2815 2938 3066 3001 possunt.
3111 2925 3275 2997 Atqui
3308 2938 3470 2979 omne
3513 2918 3662 2991 quod

409 3011 871 3081 Ύπομεμένηκεν
919 3006 1015 3065 οὖν
1053 3012 1167 3085 ἀρα
1195 3011 1225 3053 ά
1254 3012 1350 3067 καὶ
1390 3015 1600 3087 τροπὴν
1647 3016 1745 3088 τὴν
1792 3018 1874 3081 είς
1913 3018 1981 3073 τά

2083 3026 2514 3085 sanctiﬁcatione
2536 3024 2873 3089 destituitur,
2898 3020 3033 3077 illud
3059 3028 3249 3089 suapte
3268 3026 3464 3073 natura
3485 3020 3664 3067 muta-

397 3100 615 3173 ἀμείνω
645 3101 811 3173 τυχὸν
850 3104 880 3157 6
910 3102 1103 3172 Λόγος.
1150 3102 1277 3168 Πῶς
1311 3099 1406 3159 οὖν
1437 3106 1670 3179 όμὺτός
1701 3108 1851 3171 ἐστι,
1885 3110 1981 3162 καὶ

2083 3120 2193 3176 bile
2220 3128 2335 3186 est;
2378 3126 2543 3188 atque
2584 3116 2791 3172 idcirco
2830 3122 2926 3169 aut
2960 3110 3193 3184 peccati,
3220 3117 3314 3164 aut
3344 3114 3495 3163 certe
3528 3117 3663 3180 pec-

407 3193 518 3246 οὺκ
536 3192 859 3263 “notandi;
886 3194 1000 3249 Καὶ
1021 3194 1072 3247 εί
1092 3193 1225 3258 Θεὸς
1245 3193 1321 3248 ὢν
1342 3196 1373 3248 6
1391 3195 1584 3265 Λόγος,
1603 3197 1695 3251 καὶ
1709 3197 1769 3251 ὲν
1798 3200 1979 3270 μορφῇ

2083 3212 2243 3269 candi
2277 3211 2551 3267 facultatis
2578 3209 2998 3279 haudquaquam
3029 3218 3225 3273 expers
3257 3207 3358 3256 est.
3393 3199 3536 3269 Ergo
3562 3195 3662 3250 de-

412 3286 521 3339 xa’t
560 3283 766 3354 ἰσότητι
797 3284 888 3340 τοῦ
921 3287 1139 3359 Πατρδς
1161 3328 1176 3351 ,
1214 3287 1427 3361 ἔχρίετό
1451 3307 1512 3342 τε
1545 3291 1641 3345 καὶ
1682 3290 1941 3363 ἡγιάζετο
1962 3333 1979 3358 ,

410 3375 553 3449 φαίη
584 3394 671 3441 τις
695 3378 762 3432 ἃν
786 3378 913 3445 ῐσως
946 3379 1023 3444 ὡς
1055 3379 1165 3434 ἀπό
1192 3397 1257 3450 γε
1280 3380 1375 3436 τοῦ
1418 3382 1745 3454 πράγματος
1770 3386 1850 3448 είς
1897 3384 1985 3450 ἐξα

408 3469 631 3540 ιτήλους
676 3472 887 3535 ἑννοίας
916 3473 1356 3545 ἀπενηνεγμένος
1380 3514 1395 3539 ,
1429 3476 1514 3530 ὃτι
1561 3474 1704 3546 τάχα
1740 3494 1844 3530 που
1889 3477 1985 3531 καὶ

404 3561 573 3625 αὐτὸς
594 3563 625 3615 6
649 3562 841 3633 Πατὴρ
868 3563 1026 3618 δέοιτ’
1049 3564 1117 3620 ἂν
1136 3565 1432 3637 ἀγιασμοῦ·
1458 3568 1659 3639 μᾶλλον
1681 3568 1738 3622 δὲ
1766 3569 1868 3641 ἥδη
1890 3570 1985 3624 καὶ

409 3651 619 3724 μείζων
642 3654 811 3709 αὐτοῦ
832 3655 1180 3728 ἀναπέφηνεν
1200 3659 1231 3711 6
1245 3657 1393 3724 Υίδς,
1418 3660 1575 3731 εῐπερ
1598 3659 1852 3731 ἡγίασται
1884 3661 1985 3732 μὲν

408 3745 594 3808 αὐτὸς,
623 3744 741 3810 ίσος
754 3745 830 3800 ὢν
854 3746 1005 3818 αὐτῷ
1024 3749 1118 3802 καὶ
1137 3749 1195 3802 ὲν
1228 3753 1411 3821 μορφῇ
1435 3756 1541 3822 πρὸ
1558 3752 1653 3806 τοῦ
1677 3753 1951 3825 ἀγιασμοῦ
1966 3772 1980 3787 ο

405 3834 437 3888 6
458 3834 519 3888 δὲ
548 3836 1034 3909 ἐναπομεμένηκεν
1061 3835 1145 3902 οἷς
1168 3834 1237 3912 ἦν
1262 3841 1371 3901 ἀεὶ,
1403 3843 1497 3896 καὶ
1525 3842 1642 3897 ἔστι
1667 3844 1761 3897 καὶ
1789 3844 1943 3899 ἔσται
1962 3886 1979 3911 ,

407 3925 563 3979 οὖπω
596 3928 701 3999 τὴν
733 3930 815 3993 είς
841 3928 910 3982 τὰ
944 3930 1153 4001 ἀμείνω
1191 3931 1371 3986 λαϐὼν
1402 3934 1642 3989 ἐπίδοσιν
1666 3936 1757 3990 διά
1787 3953 1852 4006 γε
1888 3938 1984 3993 τοῦ

408 4018 705 4087 ἠγιάσθαι,
747 4019 871 4073 καθ’
896 4021 1189 4093 ὁμοιότητα
1218 4022 1313 4077 τοῦ
1347 4024 1500 4079 Υίοῦ.
1549 4025 1750 4092 Μεῖζον
1790 4026 1847 4080 δὲ
1885 4026 1984 4099 ἤδη

408 4111 508 4163 καὶ
549 4112 755 4181 ἀμφοῖν
793 4115 988 4184 ὁρᾶται
1025 4115 1087 4168 τὸ
1125 4114 1351 4187 Πνεῦμα
1398 4116 1460 4170 τὸ
1501 4116 1727 4186 ἁγιάζον
1763 4119 1983 4186 αὐτοὺς,

408 4202 573 4274 εἴπερ
604 4221 625 4255 ι
660 4205 808 4257 ἐστὶν
849 4207 950 4259 οὐκ
979 4206 1305 4275 ἐνδοιαστὸν,
1331 4208 1408 4271 ὠς
1432 4209 1650 4281 ἀπάσης
1680 4211 1989 4280 ἀντιλογίας

413 4294 544 4363 δίχα
567 4337 583 4360 ,
611 4295 667 4348 τὸ
699 4296 922 4351 ἔλαττον
963 4298 1068 4352 ὑπὸ
1114 4298 1211 4353 τοῦ
1241 4299 1548 4373 κρείττονος
1591 4302 1915 4371 εὐλογεῖται.
1960 4322 1981 4356 ι

426 4385 570 4438 Ἀλλ’
587 4386 700 4441 ἔστι
720 4387 895 4442 ταῦτα
914 4388 1099 4462 λῆρος,
1124 4392 1218 4444 καὶ
1235 4390 1512 4463 τερθρεία,
1531 4393 1625 4446 καὶ
1644 4393 1988 4466 ἀποπληξίας

402 4477 579 4548 ἑγκλή
588 4496 756 4548 ματα.
792 4479 947 4548 ’Δγία
967 4480 1076 4553 γὰρ
1095 4482 1236 4535 κατὰ
1250 4481 1411 4551 φύσιν
1433 4484 1466 4555 ή
1493 4481 1777 4553 όμοούσιος
1794 4484 1983 4554 Τριάς.

2082 3311 2356 3360 mutatum
2381 3310 2487 3367 est,
2514 3300 2644 3372 quia
2664 3300 2805 3355 forte
2835 3297 2904 3353 ad
2929 3295 3157 3351 meliora
3184 3303 3535 3364 progressum
3556 3292 3662 3342 est.

2081 3393 2368 3463 Quomodo
2393 3407 2524 3464 ergo
2548 3391 2692 3446 idem
2721 3404 2863 3453 esse,
2890 3394 2947 3442 et
2976 3399 3255 3456 nunquam
3294 3378 3495 3436 mutari
3520 3391 3664 3449 prae-

2082 3485 2335 3542 dicatur?
2375 3485 2550 3540 Porro
2594 3491 2778 3538 autem
2827 3480 2874 3535 si
2917 3480 3062 3534 Deus
3103 3475 3383 3538 Verbum,
3416 3468 3561 3541 quod
3607 3466 3665 3522 in

2082 3576 2257 3633 forma
2280 3583 2336 3631 et
2360 3574 2669 3646 aequalitate
2701 3571 2880 3627 Patris
2907 3568 3211 3624 subsistens
3244 3572 3348 3628 est,
3377 3563 3664 3617 inunctum

2083 3679 2139 3726 et
2178 3668 2576 3725 sanctificatum
2614 3672 2718 3729 est,
2763 3678 2874 3717 non
2902 3661 3137 3716 deerunt
3177 3653 3426 3710 fortassis
3466 3649 3562 3720 qui
3606 3648 3663 3704 in

2083 3761 2310 3816 frivolas
2333 3760 2655 3829 ineptasque
2676 3754 3037 3823 cogitationes
3062 3745 3373 3818 praecipites
3393 3758 3460 3798 ex
3480 3742 3584 3797 hac
3605 3755 3665 3795 re

2085 3851 2215 3915 acti,
2240 3850 2419 3920 ipsum
2440 3861 2659 3918 quoque
2684 3847 2903 3901 Patrem
2941 3838 3372 3897 sanctiﬁcatione
3400 3848 3584 3906 egere,
3609 3840 3668 3887 et

2085 3941 2285 3996 Filium
2327 3941 2489 3995 Patre
2521 3939 2783 4009 majorem
2822 3948 2944 3990 esse
2984 3930 3355 4001 nugabuntur,
3392 3923 3665 3996 siquidem
3752 3950 3767 3959 εκ

2085 4032 2176 4089 hic
2198 4041 2325 4088 ante
2351 4030 2667 4086 unctionem
2704 4027 2852 4085 Patri
2883 4023 3109 4096 aequalis
3131 4029 3270 4085 erat,
3306 4033 3454 4073 nunc
3481 4024 3665 4072 autem

2085 4122 2293 4194 Spiritu
2328 4127 2518 4176 sancto
2554 4119 2813 4174 inunctus
2849 4126 2960 4183 est;
3008 4116 3168 4170 Pater
3196 4124 3332 4165 vero
3376 4108 3432 4162 in
3464 4105 3667 4177 quibus

2086 4215 2417 4283 constitutus
2448 4220 2566 4268 erat
2599 4210 2759 4267 bonis
2793 4215 2995 4272 manet,
3038 4202 3393 4271 manebitque
3425 4212 3663 4267 semper,

2086 4321 2209 4372 nec,
2232 4314 2294 4360 ut
2320 4305 2513 4369 Filius,
2542 4303 2804 4357 inunctus
2826 4307 2920 4354 aut
2936 4294 3306 4352 sanctiﬁcatus
3328 4299 3432 4355 est,
3451 4298 3514 4344 ut
3531 4301 3664 4359 pro-

2086 4408 2274 4469 pterea
2299 4409 2623 4468 progressus
2655 4392 2722 4447 ad
2754 4391 2980 4446 meliora
3006 4384 3217 4442 fecerit.
3251 4384 3367 4438 Imo
3400 4395 3532 4436 vero
3562 4379 3667 4432 hac

2087 4487 2325 4551 admissa
2357 4485 2694 4556 opinatione,
2735 4481 2975 4553 Spiritus
3008 4485 3230 4535 sanctus
3250 4474 3344 4545 qui
3375 4470 3588 4541 inungit
3610 4475 3668 4523 et

402 4570 605 4639 Ἄγιος
645 4573 675 4623 ὁ
706 4571 929 4643 Πατὴρ,
969 4572 1125 4643 ἅγιος
1169 4574 1265 4628 καὶ
1305 4575 1335 4627 ό
1367 4574 1495 4639 Υἱὸς
1534 4574 1810 4639 οὒσιωδῶς
1847 4575 1981 4630 κατὰ

2092 4578 2428 4644 sanctiﬁcat,
2472 4585 2708 4647 utroque
2762 4575 2937 4645 major
2986 4568 3429 4642 deprehendetur
3476 4579 3490 4617 :
3538 4576 3666 4616 nam

400 4661 498 4713 τὸν
530 4661 654 4713 ῖσον
684 4661 881 4732 τρόπον
902 4680 919 4696 ’
947 4664 1153 4735 ὁμοίως
1193 4666 1251 4719 δὲ
1279 4666 1375 4720 καὶ
1408 4667 1469 4720 τὸ
1503 4667 1751 4738 Πνεῦμα.
1779 4668 1981 4722 Οὐκοῦν

2100 4690 2119 4724 ι
2148 4647 2301 4726 extra
2332 4670 2496 4724 ullam
2524 4665 2953 4724 controversiam
2979 4679 3043 4719 ac
3072 4658 3490 4717 dubitationem,
3517 4651 3665 4723 quod

406 4752 531 4803 ὅσον
563 4746 706 4822 ἧκεν
722 4754 803 4816 είς
824 4753 962 4807 ἰδίαν
995 4755 1179 4824 φύσιν,
1202 4756 1300 4829 οὐχ
1321 4758 1578 4829 ἡγίασται
1606 4759 1921 4831 καταμόνας
1957 4763 1981 4815 ό

2092 4761 2276 4816 minus
2296 4770 2402 4827 est,
2425 4776 2457 4815 a
2477 4760 2704 4815 meliore
2727 4755 3075 4813 benedicitur
3099 4753 3163 4807 “.
3200 4772 3218 4803 ι
3250 4750 3447 4831 Verum
3477 4742 3667 4799 isthmc

420 4842 480 4892 ὲκ
507 4841 645 4896 Θεοῦ
679 4844 891 4917 Πατρὸς
919 4848 1113 4916 Λόγος.
1134 4908 1146 4917 ,

2091 4868 2257 4910 merae
2283 4862 2411 4909 sunt
2436 4868 2613 4924 nugae,
2637 4865 2895 4921 metaque
2919 4849 3234 4903 insanorum
3266 4838 3550 4896 hominum
3573 4835 3668 4891 de-

420 4930 556 4993 liria,
628 4934 1037 5006 verborumque
1081 4947 1352 5008 portenta.
1403 4938 1619 4996 Etenim
1667 4941 2151 4999 consubstantialis
2212 4944 2370 4999 Trias
2411 4950 2604 5013 suapte
2674 4949 2871 4997 natura
2911 4947 3097 4994 sancta
3157 4943 3260 4990 est.
3310 4932 3545 4987 Sanctus
3581 4931 3667 4982 est

414 5021 599 5083 Pater,
624 5032 850 5080 sanctus
878 5027 992 5095 pari
1020 5027 1184 5082 modo
1222 5043 1322 5098 per
1351 5030 1646 5084 essentiam
1672 5037 1759 5085 est
1778 5029 1982 5097 Filius,
2025 5041 2248 5087 sanctus
2275 5032 2471 5087 eodem
2512 5030 2751 5100 denique
2788 5026 2952 5083 modo
3003 5022 3239 5094 Spiritus
3304 5027 3544 5076 sanctus.
3583 5015 3666 5071 Ad

403 5115 684 5184 propriam
721 5115 954 5184 proinde
979 5126 1231 5173 naturam
1257 5119 1404 5189 quod
1437 5119 1653 5185 attinet,
1680 5119 1777 5175 Dei
1809 5120 1988 5177 Patris
2022 5121 2262 5177 Verbum
2292 5136 2541 5177 seorsum
2562 5135 2662 5191 per
2684 5135 2743 5175 se
2768 5133 2880 5173 non
2909 5123 2995 5171 est
3015 5113 3431 5168 sanctiﬁcatum.

472 5204 537 5257 Εί
577 5204 636 5257 δὲ
688 5206 754 5278 δή
793 5224 879 5271 τις
925 5208 1092 5263 οἴοιτο
1131 5210 1227 5263 τὸν
1257 5213 1322 5265 ὲκ
1370 5214 1471 5283 τῆς
1504 5212 1667 5281 ἁγίας
1708 5212 1981 5285 Παρθένου

2160 5214 2315 5282 Quod
2338 5214 2383 5269 si
2410 5214 2535 5285 quis
2565 5228 2714 5279 eum,
2744 5225 2906 5281 quem
2940 5223 3093 5263 sacra
3113 5207 3278 5277 Virgo
3298 5201 3514 5276 peperit
3533 5243 3548 5267 ,
3573 5216 3666 5257 so-

391 5298 812 5365 γεγεννημὲνον
840 5299 1126 5369 κεκρίσθαι
1154 5318 1215 5354 τε
1236 5301 1331 5381 καί
1357 5303 1614 5374 ἡγιάσθαι
1639 5304 1819 5375 μόνον,
1857 5304 1981 5358 ταύ-

2090 5308 2228 5371 lum,
2261 5306 2367 5361 hoc
2408 5305 2605 5371 est,in
2654 5302 2877 5375 propria
2925 5298 3316 5356 subsistentem
3364 5293 3665 5368 hypostasi,

395 5399 472 5456 τῃ
496 5403 582 5440 τοι
612 5387 709 5441 καὶ
737 5388 1057 5460 ὠνομάσθαι
1093 5393 1348 5464 Χριστὸν,
1378 5395 1583 5467 λεγέτω
1603 5394 1907 5468 παρελθὼν,
1939 5397 1981 5450 εί

2093 5407 2321 5454 unctum
2376 5408 2433 5454 et
2487 5396 2885 5453 sanctiﬁcatum
2927 5393 3263 5460 arbitretur)
3301 5400 3464 5463 atque
3496 5387 3567 5443 ob
3608 5384 3665 5444 id

478 5523 519 5554 ⁸¹
552 5523 599 5578 ll
628 5524 772 5582 Tim.
803 5543 843 5595 ι,
876 5529 961 5587 Η.
1043 5531 1086 5564 ³¹
1126 5532 1281 5589 Joan.
1318 5550 1356 5600 ι,
1398 5536 1480 5591 14.
1555 5535 1763 5591 ³³Ρειιι.
1792 5551 1932 5601 xuv,
1968 5536 2021 5591 8.
2096 5535 2329 5592 “Hebr.
2353 5552 2448 5602 vn,
2484 5536 2536 5590 7.

1504 5655 1679 5711 Varia:
1703 5656 1967 5712 lectiones
1997 5656 2204 5712 codicis
2243 5654 2605 5727 Seguicriani.

479 5754 508 5798 ⁸
533 5757 638 5814 ἔτι.
