4028 6208
411 243 482 303 27
1415 253 1471 309 S.
1506 253 1783 310 CYRILLI
1821 253 2290 311 ALEXANDRINI
2327 254 2648 313 ARCIHEP.
3597 251 3668 308 εκ

410 365 689 422 Christum
739 367 1072 438 appellatum
1117 371 1443 437 contendat,
1473 372 1744 442 ejusmodi
1784 373 1839 428 in
1875 389 1987 428 me-

2095 373 2310 444 ὰπόχρη
2339 373 2401 425 τὸ
2440 371 2651 443 χρίσμα
2683 371 2816 441 πρὸς
2856 369 2917 423 τὸ
2952 369 3230 443 άποιρῆιαι
3261 366 3352 420 ’.δι
3382 361 3673 437 ἀλειφόμε-

411 454 563 511 dium
594 457 845 526 prodeat,
875 459 1144 529 nobisque
1169 470 1433 530 exponat,
1467 463 1656 518 solane
1695 464 1884 520 unctio
1910 473 1993 519 sat

411 540 503 607 sit,
529 551 590 596 ut
612 553 813 598 unctus
844 559 966 598 cum
988 546 1122 609 Deo,
1149 547 1242 616 qui
1277 557 1362 602 est
1384 564 1550 620 super
1574 551 1778 616 omnia,
1807 567 1991 622 aequa—

411 631 480 688 lis
507 633 713 703 gloriae,
736 635 998 705 parisque
1029 637 1288 706 potentiae
1308 647 1364 692 et
1388 641 1687 711 majestatis
1714 657 1836 697 esse
1865 658 1991 698 cen-

411 733 619 779 seatur.
661 725 763 794 12
799 723 956 792 Quod
997 727 1043 782 si
1082 727 1138 781 id
1172 729 1304 783 satis
1336 745 1458 786 esse
1489 730 1772 796 concedat,
1805 741 1864 788 et
1901 748 1993 788 ve-

411 829 533 867 rmn
568 811 671 867 hoc
698 829 818 868 esse
843 812 1058 881 dicent;
1089 831 1191 872 nos
1206 833 1426 888 quoque
1465 820 1614 874 uncti
1653 835 1864 875 sumus.
1897 821 1993 876 Est

409 904 556 958 enim
587 904 640 958 in
662 904 835 960 sacris
860 904 1086 962 Litteris
1118 924 1131 960 :
1166 926 1184 959 ι
1220 908 1324 963 Vos
1343 909 1660 964 unctionem
1686 910 1904 966 habetis
1923 927 1993 967 ex

407 1002 598 1050 sancto
623 995 687 1047 ³⁸.
729 1015 747 1047 ι
774 995 998 1052 Erimus
1038 997 1207 1068 igitur
1244 997 1478 1056 fortasse
1507 1009 1564 1056 et
1589 1015 1691 1056 nos
1717 1001 1821 1072 ipsi
1849 1019 1990 1073 quo--

409 1101 518 1156 que
543 1085 656 1140 Deo
686 1101 880 1156 pares;
908 1096 1073 1158 atque
1116 1089 1191 1144 ita
1223 1088 1381 1154 nihil,
1421 1091 1639 1161 opinor,
1672 1093 1992 1163 prohibebit

406 1183 704 1251 quominus
745 1197 847 1238 nos
882 1199 1102 1254 quoque
1137 1183 1366 1254 perinde
1399 1193 1564 1255 atque
1594 1186 1917 1242 Emmanuel
1958 1203 1990 1243 a

405 1273 599 1328 dextra
634 1275 710 1328 illi
740 1274 1098 1330 assideamus.
1130 1274 1347 1329 Dictum
1382 1285 1468 1330 est
1493 1277 1644 1332 enim
1680 1277 1750 1333 ad
1781 1278 1935 1334 illum
1973 1297 1986 1333 :

414 1382 432 1413 ι
465 1362 606 1418 Sede
641 1379 670 1417 a
694 1363 899 1417 dextris
939 1362 1099 1426 meis,
1133 1362 1310 1418 donec
1343 1379 1541 1434 ponam
1585 1364 1838 1421 inimicos
1867 1375 1991 1422 tuos

405 1455 704 1508 scabellum
727 1453 925 1524 pedum
951 1460 1171 1508 tuorum
1195 1454 1292 1506 ³⁸.»
1319 1454 1526 1509 Adoret
1550 1456 1782 1525 proinde
1809 1466 1867 1511 et
1888 1471 1990 1512 nos

407 1561 562 1600 sacra
624 1546 716 1598 illa
763 1545 1034 1598 mentium
1082 1545 1368 1600 beatarum
1401 1546 1717 1602 multitudo.
1758 1547 1891 1602 Nam
1929 1557 1988 1602 ut

404 1636 696 1706 Apostolus
716 1647 1134 1702 commemorat,
1166 1635 1338 1692 «Cum
1363 1639 1796 1710 Primogenitum
1825 1656 1985 1694 suum

2094 479 2185 518 vov
2205 474 2228 502 θ
2294 463 2514 516 ίσοκλεᾶ
2555 461 2647 515 καὶ
2691 460 2984 531 ὁμόθρονον
3027 457 3108 529 τῷ
3151 456 3370 510 πάντων
3412 456 3670 510 ἐπέκεινα

2093 554 2232 625 Θεῷ.
2266 553 2378 608 Kal
2403 554 2452 606 εί
2493 553 2592 623 μὲν
2624 552 2840 623 ἀπόχρη
2862 549 2922 604 τὸ
2944 550 3178 620 χρίσμα,
3213 548 3306 600 καὶ
3332 545 3492 599 τοῦτο
3513 545 3669 617 ὲροῦ-

2095 664 2178 700 σιν
2206 646 2280 710 ὡς
2323 646 2470 699 ἔστιν
2499 644 2732 716 ἀληθέςο
2775 641 3120 714 κεχρίσμεθα
3174 639 3266 694 καὶ
3324 640 3505 709 ἡμεῖς.
3564 636 3672 690 Kal

2096 737 2434 808 μαρτυρήσει
2483 735 2656 803 λέγων
2719 735 2748 787 ό
2799 731 3086 794 Θεσπέσιος
3155 729 3438 798 Ἰωάννης·
3515 726 3674 779 «Καὶ

2093 827 2251 897 ὑμεῖς
2295 826 2504 896 χρίσμα
2549 824 2702 896 ἔχετε
2751 823 2860 878 ἀπὸ
2889 822 2985 876 τοῦ
3026 820 3202 890 ἁγίου.
3236 837 3254 870 ι
3304 817 3569 888 Ἐσόμεθα
3605 816 3668 887 δὴ

2090 914 2185 972 οῦν
2209 920 2266 971 έν
2301 920 2400 989 ῖσῳ
2418 917 2558 988 τάχα
2585 934 2682 970 που
2723 916 2817 969 καὶ
2845 916 3004 986 ἡμεῖς
3037 913 3190 968 αὐτοὶ
3221 910 3298 982 τῷ
3333 910 3473 982 Θεῷ,
3497 910 3671 980 εἴργει

2090 1009 2170 1070 δὲ,
2203 1003 2378 1080 οἶμαι,
2430 1007 2709 1072 παντελῶς
2751 1006 2904 1060 οὐδὲν
2949 1004 3048 1059 καὶ
3104 1002 3443 1074 συνεδρεύειν
3499 999 3667 1068 αὐτῷ,

2091 1101 2342 1172 καθάπερ
2380 1099 2570 1170 ἀμέλει
2611 1099 2705 1154 καὶ
2751 1098 2912 1160 αὐτὸς
2955 1098 2985 1148 ὁ
3036 1093 3411 1166 Ἐμμανουήλ.
3441 1091 3669 1162 Εἴρηται

2090 1193 2200 1264 γάρ
2229 1193 2365 1264 πρὸς
2399 1191 2598 1246 αὐτόν·
2634 1208 2654 1242 ι
2672 1190 2860 1246 Κάθου
2893 1191 2959 1243 ὲκ
2986 1187 3180 1254 δεξιῶν
3215 1204 3343 1258 μου,
3373 1186 3479 1248 ἕως
3503 1184 3570 1238 ἂν
3593 1184 3670 1236 θῶ

2088 1279 2216 1343 τοὺς
2244 1277 2475 1350 ἐχθρούς
2496 1294 2592 1331 σου
2621 1277 2914 1331 ὑποπόδιον
2948 1275 3060 1329 τῶν
3084 1275 3262 1329 ποδῶν
3286 1292 3403 1328 σου.
3433 1293 3451 1326 ι
3493 1276 3668 1345 Προσ-

2089 1368 2320 1423 κυνείτω
2348 1367 2444 1421 καὶ
2473 1368 2621 1439 ἡμᾶς
2654 1369 2688 1439 ή
2712 1367 2822 1422 τῶν
2847 1367 2962 1423 άνω
2991 1367 3318 1437 πνευμάτων
3358 1363 3491 1434 ἁγία
3532 1363 3671 1433 πλη-

2089 1460 2206 1524 θύς.
2246 1479 2266 1513 ι
2290 1461 2463 1514 Ὅταν
2502 1458 2632 1530 γὰρ,
2666 1459 2857 1529 φησὶν,
2896 1457 3168 1530 εἰσαγάγῃ
3195 1457 3288 1511 τὸν
3324 1455 3669 1527 πρωτότοκον

2087 1553 2170 1615 είς
2215 1550 2314 1622 τὴν
2353 1551 2700 1622 οίκουμένην,
2743 1550 2923 1619 λέγει·
2972 1550 3082 1604 Καὶ
3128 1547 3667 1618 προσκυνησάτωσαν

2089 1641 2239 1713 αύτῷ
2274 1643 2473 1705 πάντες
2495 1642 2719 1711 ἄγγελοι
2738 1641 2894 1696 Θεοῦ.
2916 1660 2935 1693 ι
2984 1640 3124 1694 Ἀλλ’
3155 1640 3319 1710 ήμεῖς
3354 1637 3473 1707 μὲν,
3502 1639 3552 1689 εί
3573 1635 3666 1689 καὶ

405 1727 461 1780 in
483 1727 702 1805 _orbem.
729 1735 1002 1781 terrarum
1037 1727 1269 1791 inducit,
1304 1728 1376 1783 ita
1416 1730 1528 1784 ait:
1555 1729 1799 1785 Adorent
1828 1730 1981 1786 illum

2088 1735 2166 1804 τῷ
2197 1735 2337 1803 ἁγίῳ
2377 1733 2714 1804 κεχρίσμεθα
2756 1731 3052 1802 Πνεύματι,
3079 1731 3177 1802 τὴν
3213 1729 3313 1800 μὲν
3353 1728 3453 1797 τῆς
3488 1727 3664 1779 υἱοθε-

402 1832 593 1871 omnes
611 1817 790 1888 angeli
816 1817 912 1874 Dei
934 1818 1113 1874 ".iAt
1131 1835 1263 1874 vero
1291 1837 1414 1886 nos,
1438 1837 1752 1892 quanquam
1775 1822 1981 1893 Spiritu

403 1917 594 1964 sancto
617 1910 964 1982 inungamur,
999 1927 1210 1966 necnon
1236 1926 1333 1980 per
1352 1912 1584 1982 gratiam
1619 1913 1674 1967 in
1715 1913 1810 1968 Dei
1847 1913 1987 1970 filios

402 2011 746 2070 cooptemur,
788 2011 846 2058 et
901 2001 980 2056 dii
1023 2001 1299 2056 interdum
1344 2019 1563 2073 quoque
1610 2005 1981 2072 nominemur,

402 2103 602 2148 nostra:
657 2101 836 2147 tamen
891 2101 1102 2146 natura:
1139 2092 1576 2146 mediocritatem
1611 2109 1719 2148 non
1761 2094 1982 2164 ignora-

401 2199 541 2236 mus.
572 2183 774 2238 Sumus
803 2183 958 2238 enim
996 2182 1064 2236 de
1092 2191 1260 2247 terra,
1287 2192 1344 2237 et
1385 2183 1531 2237 inter
1564 2198 1752 2239 servos
1784 2200 1982 2240 nume-

2087 1826 2207 1888 σίας
2240 1823 2718 1894 καταπλουτοῦμεν
2751 1824 2934 1894 χάριν,
2968 1821 3285 1892 κεκλήμεθα
3319 1820 3375 1872 δὲ
3405 1820 3498 1871 καὶ
3527 1817 3663 1881 θεοὶ,

2086 1917 2149 1969 τό
2181 1934 2243 1985 γε
2287 1917 2394 1987 μὴν
2436 1915 2539 1980 τῆς
2567 1914 2779 1968 ἑαυτῶν
2809 1913 3022 1982 φύσεως
3057 1912 3253 1982 μέτρον
3280 1912 3383 1963 οὐκ
3407 1909 3668 1979 άγνοήειιο·

2089 2025 2208 2077 μεν.
2259 2008 2458 2077 Ἑσμὲν
2485 2007 2596 2078 γὰρ
2632 2007 2697 2059 ὲκ
2725 2007 2853 2075 γῆς,
2885 2004 2976 2058 καὶ
3003 2003 3365 2073 τελοῦμεν⁰ὲν
3386 2001 3630 2058 οἰκέταις
3650 2017 3664 2030 '

2084 2099 2112 2149 ὁ
2144 2098 2201 2150 δέ
2239 2099 2386 2150 ἐστιν
2417 2099 2518 2150 ούκ
2548 2101 2606 2150 ὲν
2641 2093 2724 2160 οἷς
2755 2098 2938 2168 ήμεῖς,
2969 2095 3108 2149 ἀλλὰ
3133 2093 3294 2164 φύσει
3319 2104 3376 2146 τε
3412 2092 3508 2145 καὶ
3535 2090 3667 2160 άλη-

2084 2189 2192 2253 θῶς
2225 2191 2372 2253 Υἱὸς,
2407 2191 2500 2243 καὶ
2531 2190 2639 2242 τῶν
2670 2190 2808 2243 ὅλων
2839 2188 3062 2259 Κύριος,
3105 2189 3201 2240 καὶ
3239 2187 3300 2251 ἐξ
3340 2185 3597 2256 ούρανοῦ.

401 2279 742 2344 ranmr;ille
773 2294 905 2334 vero
969 2288 1180 2333 natura:
1235 2287 1438 2334 nostra:
1479 2279 1693 2350 legibus
1760 2296 1870 2334 non
1941 2284 2296 2349 continetur,
2355 2285 2452 2340 sed
2505 2294 2702 2339 natura
2753 2291 2811 2337 et
2867 2281 3098 2336 veritate
3141 2279 3352 2344 Filius,
3395 2279 3669 2347 totiusque

404 2371 782 2426 universitatis
821 2371 1089 2426 Dominus
1112 2381 1216 2437 est,
1244 2381 1407 2442 atque
1439 2387 1469 2426 c
1493 2373 1646 2428 cmlis
1665 2373 1733 2427 ad
1766 2389 1869 2429 nos
1896 2375 2155 2448 delapsus
2173 2386 2276 2433 est.

465 2467 579 2521 Nec
600 2479 733 2520 vero
761 2465 1018 2530 dicimus,
1047 2464 1142 2534 qni
1184 2474 1334 2520 recte
1377 2465 1581 2521 sentire
1614 2465 1978 2534 decrevimus,

401 2561 574 2614 Deum
605 2558 808 2612 factum
835 2555 1020 2612 carnis
1053 2565 1286 2627 patrem,
1323 2571 1428 2611 nec
1463 2571 1683 2611 rursum
1719 2557 1981 2614 divinita-

399 2651 470 2705 tis
511 2658 760 2704 naturam
795 2664 825 2702 a
854 2648 1084 2702 muliere
1125 2647 1361 2712 editam,
1414 2655 1707 2734 antequam
1745 2649 1986 2704 humana

401 2751 596 2796 natura
629 2757 686 2796 se
729 2736 1032 2804 induisset;
1069 2741 1165 2794 sed
1199 2740 1462 2805 Verbum,
1485 2740 1633 2811 quod
1653 2757 1721 2796 ex
1741 2742 1854 2797 Deo
1885 2759 1985 2797 na-

400 2843 523 2889 tura
547 2841 652 2896 est,
686 2842 742 2887 et
767 2832 1046 2886 hominem
1082 2831 1174 2901 qui
1210 2847 1278 2887 ex
1307 2847 1463 2887 sacra
1490 2832 1714 2904 Virgine
1748 2833 1989 2903 perfecte

398 2923 455 2977 in
481 2923 822 2978 hanclucem
864 2931 1020 2977 ortus
1062 2931 1167 2986 est,
1203 2922 1270 2976 ad
1321 2924 1589 2978 unitatem
1616 2924 1985 2991 conferentes,

399 3028 569 3066 unum
624 3013 917 3066 Dominum
953 3022 1010 3066 et
1047 3011 1330 3067 Christum
1362 3012 1550 3068 Iesum
1590 3014 1984 3072 adorabimus:

399 3099 475 3154 ita
503 3109 563 3153 ut
586 3115 756 3171 unum
793 3099 942 3153 hunc
966 3107 1194 3168 propter
1222 3109 1556 3170 assumptam
1583 3116 1803 3156 carnem
1833 3113 1990 3159 extra

396 3194 703 3248 divinitatis
743 3192 1008 3248 terminos
1049 3207 1158 3246 non
1191 3191 1500 3263 ejiciamus,
1530 3209 1712 3265 neque
1758 3207 1986 3266 propter

396 3301 519 3340 eam
551 3301 744 3340 rursus
766 3300 931 3354 quam
955 3299 1304 3340 communem
1327 3285 1618 3340 nobiscum
1644 3285 1812 3341 habet
1835 3287 1985 3342 simi-

397 3374 714 3438 litudinem,
759 3373 902 3427 intra
951 3373 1124 3428 solius
1174 3373 1429 3429 humana:
1465 3381 1677 3429 natura;
1713 3375 1986 3432 cancellos

399 3465 768 3520 includamus.
820 3465 937 3519 Hoc
970 3463 1292 3528 constituto,
1340 3464 1500 3520 facile
1541 3481 1835 3536 assequere
1877 3479 1986 3535 qua

401 3559 613 3612 ratione
633 3557 880 3612 Verbum
905 3573 971 3611 cx
997 3557 1110 3610 Deo
1135 3557 1380 3627 genitum
1411 3555 1774 3609 voluntariam
1794 3556 1984 3610 exina-

403 3649 670 3706 nitioncm
704 3649 1050 3712 sustinuerit,
1084 3663 1261 3717 quove
1283 3656 1440 3716 pacto
1467 3646 1514 3701 is
1547 3646 1641 3716 qui
1675 3655 1866 3716 suapte
1891 3662 1989 3700 na-

401 3750 526 3796 tura
564 3740 710 3794 libcr
750 3746 892 3803 erat,
935 3739 1078 3793 servi
1115 3739 1291 3792 forma
1319 3745 1593 3806 suscepta,
1621 3736 1977 3806 semetipsum

400 3830 869 3896 lmmiliaverit”;
901 3845 1011 3900 quo
1040 3829 1280 3899 denique
1301 3827 1465 3884 modo
1491 3848 1509 3879 ι
1540 3843 1729 3883 semen
1758 3827 1990 3884 Abrahae

396 3922 942 3992 apprehenderit”,i
970 3922 1262 3990 carnisque
1283 3930 1340 3974 et
1369 3919 1651 3991 sanguinis
1673 3920 1817 3975 Deus
1850 3921 1988 3976 Ver-

402 4015 532 4068 bum
557 4015 830 4085 particeps
855 4013 1089 4070 effectus
1123 4014 1212 4067 sit.
1251 4013 1388 4066 Nam
1425 4011 1471 4066 si
1511 4022 1573 4068 ut
1600 4027 1788 4068 merus
1821 4011 1987 4067 homo

401 4108 580 4162 nostri
611 4107 808 4162 similis
849 4117 1034 4162 mente
1087 4105 1432 4175 concipitur,
1479 4104 1756 4174 quomodo
1797 4119 1986 4161 semen

398 4199 654 4263 Abrahae,
697 4207 958 4268 tanquam
988 4197 1311 4253 naturaliter
1341 4195 1627 4266 quidpiam
1652 4204 1984 4252 extraneum

2150 2471 2259 2523 Kal
2303 2470 2366 2522 ού
2412 2469 2472 2540 δή
2510 2469 2613 2523 πού
2666 2485 2869 2538 φαμεν,
2907 2466 3044 2541 ὀρθὰ
3103 2466 3322 2537 φρονεῖν
3377 2459 3664 2533 ᾑρημένοι,

2088 2562 2294 2632 σαρκὸς
2325 2561 2580 2630 γενέσθαι
2618 2560 2832 2631 πατέρα
2867 2559 2960 2612 τδν
2991 2557 3146 2620 Θεὸν,
3191 2555 3301 2608 οὐδ’
3327 2550 3394 2607 αὖ
3433 2553 3532 2623 τὴν
3562 2550 3666 2620 τῆς

2082 2653 2334 2724 θεότητος
2354 2653 2517 2724 φύσιν
2539 2651 2902 2722 γεγεννῆσθαι
2917 2649 3006 2704 διὰ
3029 2647 3310 2718 γυναικὸς,
3330 2645 3482 2699 οῦπω
3505 2659 3667 2714 προσ·

2082 2745 2355 2799 λαϐοῦσαν
2394 2745 2456 2799 τὸ
2500 2743 2844 2816 ἀνθρώπινον
2865 2758 2882 2776 ο
2911 2740 3326 2810 συνενεγκόντες
3353 2737 3411 2791 δὲ
3462 2735 3665 2807 μᾶλλον

2086 2839 2166 2902 εἰς
2198 2838 2394 2892 ἕνωσιν
2426 2837 2520 2890 τόν
2555 2853 2616 2890 τε
2637 2837 2703 2889 ὲκ
2735 2834 2870 2888 Θεοῦ
2911 2834 3088 2904 φύντα
3118 2831 3310 2899 Λόγον,
3355 2828 3451 2883 καὶ
3477 2827 3568 2880 τὸν
3602 2827 3668 2878 ὲκ

2085 2928 2185 2998 τῆς
2207 2928 2367 2997 ἁγίας
2399 2927 2676 2998 Παρθένου
2709 2924 2933 2988 τελείως
2975 2922 3282 2994 ἄνθρωπον,
3311 2919 3407 2973 ἕνα
3429 2914 3666 2988 Χριστὸν

2099 3021 2308 3090 Ἰησοῦν
2347 3019 2442 3071 καὶ
2478 3017 2682 3086 Κύριον
2729 3014 3200 3086 προσκυνήσομεν,
3249 3009 3373 3063 οῦτε
3424 3008 3534 3062 τῶν
3565 3005 3666 3074 τῆς

2087 3111 2340 3181 θεότητος
2368 3110 2510 3179 δρων
2537 3109 2642 3174 ἔξω
2665 3107 2905 3169 τιθέντες
2928 3105 3019 3158 διὰ
3043 3103 3142 3174 τὴν
3177 3102 3378 3172 σάρκα,
3405 3097 3531 3152 οῦτε
3557 3094 3664 3167 μὴν

2087 3203 2166 3264 εἰς
2195 3199 2594 3270 άνθρωπότητα
2611 3196 2774 3266 ψιλὴν
2805 3193 3268 3259 καταϐιϐάζοντες
3290 3190 3378 3244 διὰ
3410 3187 3510 3260 τὴν
3529 3186 3666 3256 πρὸς

2010 3265 2053 3322 C
2086 3294 2231 3364 ἡμᾶς
2269 3265 2546 3362 ὁμοίωσιν.
2591 3265 2751 3344 Οὕτω
2787 3289 3004 3358 νοήσεις
3049 3286 3141 3340 τὸν
3193 3287 3258 3338 ὲκ
3304 3281 3440 3336 Θεοῦ
3490 3280 3669 3350 φύντα

2080 3386 2255 3453 Λόγον
2299 3385 2401 3455 τὴν
2448 3380 2696 3436 ἑκούσιον
2725 3379 3016 3449 ὑπομεῖναι
3048 3377 3306 3431 κένωσιν*
3345 3373 3488 3427 οὕτω
3509 3389 3666 3425 τετα-

2081 3475 2348 3530 πείνωκεν
2375 3473 2588 3536 ἑαυτὸν,
2629 3469 2844 3542 μορφὴν
2879 3468 3070 3523 δούλου
3101 3465 3305 3532 λαϐὼν,
3334 3467 3364 3520 ό
3393 3464 3535 3520 κατὰ
3561 3462 3666 3531 φύ-

2083 3583 2166 3620 σιν
2209 3565 2346 3620 ίδίαν
2384 3562 2668 3634 ἐλεύθερος
2687 3578 2702 3592 ·
2733 3559 2876 3615 οὕτω
2898 3578 2916 3612 ι
2944 3558 3258 3630 σπέρματος
3298 3555 3551 3626 Ἀϐραὰμ
3573 3554 3670 3606 έπ-

2081 3657 2326 3718 ελάϐετο,
2355 3675 2375 3710 ι
2431 3655 2523 3712 καὶ
2563 3653 2968 3724 κεκοινώνηκεν
3006 3650 3239 3720 αἵματος
3284 3646 3380 3700 καὶ
3408 3642 3608 3714 σαρκὸς
3639 3645 3669 3696 ό

2080 3748 2176 3802 τοῦ
2222 3747 2358 3802 Θεοῦ
2407 3746 2600 3815 Λόγος.
2646 3747 2708 3800 El
2759 3745 2868 3814 γὰρ
2915 3741 3203 3813 ἄνθρωπος
3229 3741 3432 3792 νοεῖται
3488 3734 3666 3805 ψιλὸς,

2093 3837 2217 3892 καθ’
2238 3838 2272 3909 ή
2280 3838 2407 3908 μᾶς,
2427 3836 2546 3900 πῶς
2565 3835 2752 3906 ἑτέρου
2777 3833 2907 3904 παρ’
2925 3832 3086 3888 αὐτὸν
3116 3829 3360 3901 φυσικῶς
3376 3825 3671 3882 ἐπελάϐετο

2095 3926 2409 3997 σπέρματος
2438 3923 2722 3995 ’Λϐραάμς
2775 3922 2898 3986 Πῶς
2934 3921 2990 3976 δὲ
3038 3921 3139 3991 τῆς
3176 3920 3313 3982 ἰδίας
3347 3916 3550 3987 σαρκὸς
3577 3929 3673 3968 κε-

2093 4015 2482 4087 κοινωνηκέναι
2508 4016 2750 4084 λέγεται,
2784 4015 2872 4068 ῖνα
2907 4013 3049 4068 κατὰ
3073 4013 3254 4066 πάντα
3284 4013 3399 4073 τοῖς
3423 4006 3670 4074 ἀδελφοῖς

2090 4107 2366 4178 δμοιωθῇς
2417 4107 2490 4158 Τὸ
2539 4106 2649 4177 γάρ
2695 4122 2837 4159 τισιν
2887 4103 3210 4175 ὁμοιοῦσθαι
3257 4100 3576 4171 λεγόμενον,
3610 4097 3670 4163 ἐξ

2092 4197 2347 4268 ἀνομοίου
2381 4195 2528 4258 τινος
2552 4196 2647 4248 ἐπὶ
2670 4197 2729 4249 τὸ
2749 4195 2860 4248 δεῖν
2893 4194 3213 4265 ὁμοιοῦσθαι
3233 4192 3440 4264 τρέχει.

399 4300 459 4348 et
508 4291 579 4346 ab
615 4306 674 4346 se
703 4291 942 4345 alienum
985 4290 1386 4362 apprehendit?
1427 4289 1712 4358 Quomodo
1754 4292 1992 4362 propriae
2029 4292 2206 4358 carni,
2229 4306 2339 4362 quo
2367 4307 2468 4362 per
2493 4289 2678 4344 omnia
2721 4289 2987 4344 fratribus
3015 4289 3370 4350 assimiletur,
3428 4299 3672 4341 commu-

402 4381 613 4438 nicasse
636 4382 840 4442 dicitur
863 4383 947 4436 δοῖ
984 4383 1120 4438 Nam
1143 4382 1290 4454 quod
1320 4383 1481 4439 alteri
1511 4383 1872 4450 assimilatur,
1909 4401 1978 4440 ex
2016 4385 2272 4441 dissimili
2296 4384 2364 4440 ad
2391 4383 2628 4439 similem
2647 4381 2878 4437 formam
2903 4381 3267 4437 transferatur
3299 4385 3536 4449 oportet.

466 4475 846 4546 Apprehendit
884 4491 1016 4546 ergo
1048 4475 1149 4531 Dei
1194 4475 1436 4531 Verbum
1489 4490 1680 4530 semen
1724 4476 1982 4544 Abrahae,

403 4583 712 4638 corpusque
756 4583 825 4622 ex
881 4569 1113 4624 muliere
1153 4567 1258 4623 sibi
1309 4576 1658 4634 construens,
1702 4567 1886 4624 carnis
1928 4578 1986 4624 et

2175 4475 2502 4531 Ἐπελάϐετο
2525 4472 2706 4528 τοίνυν
2731 4472 3046 4544 σπέρματος
3077 4470 3347 4541 Ἁϐραάμ,
3369 4467 3466 4522 καὶ
3494 4482 3672 4520 κεκοι-

2090 4567 2331 4638 νώνηκεν
2355 4567 2587 4638 αἵματος
2616 4565 2712 4619 καὶ
2743 4563 2947 4636 σαρκὸς
2968 4565 2997 4617 ὁ
3018 4563 3114 4616 τοῦ
3146 4560 3284 4615 Θεοῦ
3317 4560 3512 4627 Λόγος,
3543 4558 3673 4610 [διον

404 4663 690 4734 sanguinis
715 4662 991 4732 particeps
1023 4660 1200 4715 factus
1225 4669 1309 4716 est
1329 4660 1395 4725 δ’,
1435 4661 1511 4715 ita
1537 4669 1598 4715 ut
1611 4661 1724 4730 jam
1757 4675 1868 4715 non
1893 4674 1984 4715 so-

2092 4661 2456 4732 ποιησάμενος
2504 4657 2665 4729 σῶμα
2703 4657 2766 4712 τὸ
2806 4659 2871 4710 ὲκ
2913 4654 3191 4726 γυναικὸς,
3241 4653 3328 4706 ῖνα
3383 4651 3458 4746 μή
3513 4649 3672 4746 μόνον

403 4756 517 4810 lum
541 4755 684 4810 Deus
706 4755 799 4819 sit,
824 4753 922 4809 sed
949 4753 1050 4824 l3
1076 4762 1303 4823 propter
1335 4752 1779 4824 conjunctionem
1820 4753 1986 4809 homo

2093 4754 2355 4825 ὑπάρχων
2375 4753 2529 4818 Θεὸς,
2553 4751 2668 4807 ἀλλ’
2696 4751 2796 4822 ήδη
2831 4750 2925 4803 καὶ
2953 4747 3238 4818 ἄνθρωπος
3266 4742 3526 4812 γεγονὼς,
3551 4741 3671 4794 καθ’

403 4861 623 4917 quoque
653 4847 830 4900 nostri
861 4846 1059 4902 similis
1082 4845 1259 4901 factus
1289 4845 1644 4917 intelligatur.
1677 4846 1757 4900 Ex
1776 4846 1990 4902 duabus

406 4937 575 5008 igitur
597 4937 1088 5002 rebus,divinitate
1104 4938 1368 4992 nimirum
1389 4947 1446 4992 et
1461 4937 1820 5004 humanitate,
1840 4948 1991 4994 certo

405 5034 622 5085 constat
686 5026 1032 5084 Emmanuel.
1093 5029 1248 5086 Unus
1295 5037 1475 5082 tamen
1524 5028 1790 5084 Dominus
1832 5030 1994 5086 Jesus

405 5116 677 5182 Christus,
717 5133 862 5174 unus
899 5135 1066 5175 verus
1107 5120 1483 5190 naturalisque
1508 5120 1699 5184 Filius,
1724 5121 1819 5191 qui
1847 5122 1992 5176 Deus

406 5207 571 5264 simul
594 5217 652 5264 et
673 5209 839 5265 homo
867 5219 974 5278 est;
993 5229 1105 5268 non
1129 5213 1294 5268 homo
1319 5212 1624 5278 deificatus,
1638 5230 1738 5284 par
1766 5213 1872 5268 illis
1897 5213 1992 5284 qui

481 5363 526 5439 ff
551 5364 766 5439 _l_Jo_a‘n.
798 5382 855 5433 ιι,
881 5367 969 5422 20.
1053 5369 1095 5400 ³³
1131 5369 1274 5424 Psal.
1312 5386 1417 5432 crx,
1460 5371 1508 5423 l.
1584 5368 1625 5399 ³⁷
1657 5367 1819 5423 Hebr.
1859 5383 1935 5434 ιιι,
1975 5369 1987 5422 ί

2107 5367 2151 5399 ³⁸
2179 5367 2417 5439 Philipp.
2446 5383 2505 5433 ιι,
2534 5365 2654 5421 6-8.

411 5424 452 5458 “
486 5433 627 5491 Ibid.
659 5436 742 5490 tt.

2086 4845 2238 4914 ἡμᾶς
2285 4845 2458 4896 νοοῖτο
2501 4842 2593 4896 διὰ
2627 4840 2728 4912 τὴν
2776 4839 2995 4894 ἒνωσιν.
3033 4833 3244 4890 Οὐκοῦν
3281 4833 3346 4886 ἐκ
3382 4831 3528 4885 δυοῖν
3573 4830 3672 4900 μὲν

2089 4936 2431 5008 πραγμάτων
2459 4933 2934 5006 ὁμολογουμένως,
2967 4927 3222 4999 θεότητός
3247 4943 3306 4980 τε
3338 4925 3434 4978 καὶ
3462 4922 3671 4994 ἀνθρω-

2089 5029 2343 5099 πότητος,
2387 5028 2416 5081 ὁ
2454 5025 2824 5098 Ἐμμανουήλ.
2879 5021 3027 5092 Πλὴν
3095 5014 3176 5080 εἷς
3221 5017 3427 5089 Κύριος
3468 5012 3672 5084 Ἰησοῦς

2089 5120 2346 5190 Χριστὸς,
2376 5115 2458 5183 εἷς
2489 5135 2550 5171 τε
2585 5117 2682 5171 καὶ
2711 5114 2931 5186 ἀληθῶς
2962 5112 3114 5175 Υἱὸς,
3135 5109 3269 5174 Θεός
3298 5125 3358 5161 τε
3401 5105 3538 5176 ὁμοῦ
3578 5103 3670 5158 καὶ

2091 5213 2408 5286 ἄνθρωπος’
2442 5213 2503 5266 ού
2538 5207 2916 5282 θεοποιηθεῖςι
2943 5210 3002 5261 ὲν
3036 5207 3138 5278 ῐσῳ
3169 5207 3282 5270 τοῖς
3315 5203 3457 5258 κατὰ
3489 5200 3668 5272 χάριν,

2774 5366 2818 5399 ³³
2851 5361 3018 5420 Hebr.
3052 5378 3108 5428 ιι,
3142 5361 3226 5419 16.
3331 5359 3375 5392 ⁸⁸
3407 5353 3548 5412 Ibid.
3579 5351 3667 5407 17.

1514 5551 1687 5608 Varia:
1707 5553 1968 5610 lectiones
1995 5553 2198 5610 codicis
2233 5549 2599 5626 Seguicriani.

495 5671 520 5703 ο
548 5660 637 5716 τὸν
666 5663 972 5736 χριόμενον.
1055 5663 1073 5706 ί
1109 5667 1200 5722 καὶ
1226 5667 1324 5721 οὐκ
1352 5667 1632 5738 ἅνθρωπος
1662 5669 2023 5742 θεοποιηθείς.
