4028 6208
293 274 369 324 39
1753 275 2086 338 EPISTOLA
2123 282 2166 338 l.
3488 277 3561 334 30

291 385 430 451 θεὸς
465 385 523 439 δὲ
561 384 768 456 μᾶλλον
789 385 1045 458 ἀληθινὸς
1071 387 1131 443 έν
1149 387 1468 463 ἀνθρωπεία
1495 392 1678 464 μορφῇ
1703 409 1880 463 πεφη-

1996 409 2085 465 per
2117 395 2347 466 gratiam
2373 395 2574 452 divinat
2610 402 2818 450 natum
2846 392 3144 465 participes
3174 391 3567 460 efﬁciuntur",

293 481 404 542 νὼς
427 478 495 531 δι’
517 478 687 548 ἡμᾶς.
715 478 1061 534 Πιστώσεται
1082 481 1140 535 δὲ
1159 483 1320 536 τοῦτο
1343 483 1492 554 ἡμᾶς
1511 483 1606 538 καὶ
1631 485 1660 538 6
1693 482 1883 538 θεσπέ-

295 585 410 632 σιος
440 567 654 633 Παῦλος
692 569 901 638 λέγων·
939 588 958 622 ι
989 570 1122 624 Ὅτε
1150 571 1206 626 δὲ
1237 565 1369 643 ἦλθε
1399 573 1462 626 τὸ
1493 572 1767 646 πλήρωμα
1785 572 1880 627 τοῦ

289 660 507 731 χρόνου,
540 661 930 730 ἐξαπέστειλεν
960 664 990 716 6
1012 662 1146 727 Θεὸς
1182 663 1276 720 τὸν
1299 664 1425 720 Υἰὸν
1448 665 1636 731 αὐτοῦ,
1661 667 1884 738 γενόμε-

285 771 374 806 νον
398 753 466 806 ὲκ
497 752 781 822 γυναικὸς,
811 754 1103 825 γενόμενον
1137 754 1243 810 ὑπὸ
1285 755 1471 828 νόμον,
1503 758 1591 812 ῐνα
1618 758 1744 822 τοὺς
1777 758 1884 812 ὑπὸ

281 843 455 912 νόμον
511 841 844 918 ἐξαγοράσῃ,
895 843 983 896 ἵνα
1031 843 1131 915 τὴν
1186 845 1467 900 υἱοθεσίαν
1518 846 1884 918 ἀπολάϐωμεν

281 937 476 1006 ἡμεῖς.
500 954 520 987 ι
557 932 690 988 Εἶτα
724 936 810 1000 τίς
837 936 867 990 6
899 935 1411 1008 ἁποστελλόμενοςε
1459 938 1563 992 ὑπὸ
1615 939 1780 1010 νόμον
1825 957 1885 994 τε

282 1026 385 1078 καὶ
417 1027 482 1078 ὲκ
516 1025 800 1093 γυναικὸς,
825 1026 904 1090 ὡς
927 1025 1054 1098 ἔφη,
1091 1027 1477 1098 γεγενημένος,
1501 1029 1641 1102 πλὴν
1670 1031 1753 1084 ὅτι
1782 1031 1887 1085 πά-

281 1115 372 1168 λιν
409 1115 596 1180 αὐτὸς,
638 1117 668 1169 6
708 1117 853 1188 πέρα
898 1116 1002 1186 μὲν
1045 1117 1250 1188 νόμων,
1285 1119 1364 1182 ὡς
1399 1119 1552 1186 Θεὸς,
1603 1120 1792 1193 ἐπειδὴ
1827 1122 1885 1175 δὲ

284 1209 714 1281 κεχρημάτικεν
756 1208 1043 1281 ἄνθρωπος
1083 1208 1348 1279 γεγονὼς,
1395 1213 1492 1266 καὶ⁸
1551 1212 1659 1267 ὑπὸ
1697 1213 1884 1286 νόμον.

283 1301 384 1355 ἵνα
427 1300 574 1354 κατὰ
612 1301 790 1356 πάντα
824 1302 942 1363 τοῖς
986 1299 1240 1370 ἀδελφοῖς
1282 1303 1561 1374 όμοιωθῇς
1596 1306 1706 1359 Καὶ
1755 1305 1886 1372 γοῦν

285 1392 546 1445 συντελεῖ
575 1391 674 1462 μὲν
695 1389 848 1464 ⁸ὁμοῦ
884 1389 964 1462 τῷ
987 1391 1176 1464 Πέτρῳ
1213 1391 1276 1446 τὸ
1303 1393 1599 1465 δίδραχμον
1630 1395 1772 1450 κατὰ
1795 1399 1886 1451 τὸν

286 1482 546 1545 Μωσέως
595 1482 776 1553 νόμον.
820 1482 945 1537 Ὅτι
984 1481 1043 1536 δέ
1089 1484 1239 1536 ἐστιν
1288 1483 1574 1557 ἐλεύθερος
1617 1486 1694 1550 ὡς
1736 1487 1884 1551 Υίὸς,

289 1575 399 1627 καὶ
438 1573 605 1642 νόμου
650 1574 922 1644 κρείττων
955 1573 1031 1636 ὡς
1075 1573 1228 1639 Θεὸς,
1271 1576 1366 1632 καὶ
1415 1579 1465 1631 εἰ
1517 1579 1744 1648 γέγονεν
1782 1579 1890 1634 ὑπὸ

293 1666 470 1735 νόμον
503 1664 577 1728 ὡς
607 1665 917 1736 ἄνθρωπος,
961 1665 1205 1720 ἐδίδασκε
1247 1667 1450 1736 λέγων·
1503 1689 1522 1723 ι
1547 1672 1610 1725 Oi
1651 1671 1889 1743 βασιλεῖς

290 1759 400 1828 τῆς
420 1757 528 1827 γῆς
549 1758 659 1811 ἀπὸ
685 1757 850 1811 τίνων
875 1757 1216 1829 λαμϐάνουσι
1256 1761 1462 1831 κῆνσον
1492 1764 1524 1835 ἢ
1547 1736 1675 1835 τέλη
1701 1782 1716 1829 ;
1753 1766 1888 1819 Ἀπὸ
1921 1736 1962 1791 Β

291 1849 411 1903 τῶν
463 1847 597 1903 υἰῶν
635 1849 841 1912 αὐτῶν.
883 1850 917 1922 ἢ
960 1852 1068 1906 ἀπὸ
1099 1851 1207 1906 τῶν
1252 1853 1579 1925 ἁλλοτρίωνς
1603 1856 1812 1927 Πέτρου
1833 1857 1891 1910 δὲ

302 1942 648 2010 φάσκοντοςσ
707 1958 728 1993 ι
760 1940 895 1994 ’Δπὸ
945 1941 1056 1994 τῶν
1097 1941 1458 2014 ἀλλοτρίων,ι
1512 1945 1820 2015 ἐπήνεγκεν
1863 1948 1893 2001 6

304 2033 470 2098 αὑτός
489 2049 505 2064 ’
549 2053 567 2086 ι
590 2035 737 2104 ’Δρα
762 2051 825 2103 γε
847 2034 1124 2106 ἐλεύθεροί
1146 2037 1284 2090 εἰσιν
1311 2037 1360 2089 oi
1379 2036 1506 2090 υἰοί.
1540 2057 1560 2092 ι
1611 2038 1804 2102 Ὄντος
1827 2038 1892 2112 δὴ

293 2119 394 2178 οὖν
431 2125 718 2196 ἐναργοῦς,
765 2126 843 2189 ὡς
895 2126 996 2180 οὐκ
1031 2126 1098 2180 ἂν
1147 2127 1359 2196 λέγοιτο
1393 2129 1650 2199 Χριστὸς,
1683 2128 1789 2194 ἔξω
1831 2148 1891 2184 τε

301 2219 516 2290 σαρκὸς
559 2219 840 2290 ὑπάρχων,
901 2221 998 2273 καὶ
1048 2219 1211 2274 οἱονεί
1252 2220 1568 2290 καταμόνας
1605 2221 1635 2272 6
1659 2221 1722 2274 ὲκ
1755 2221 1892 2274 Θεοῦ

303 2312 501 2380 Λόγος,
529 2309 846 2382 πρεπούσης
879 2310 936 2364 δὲ
966 2310 1166 2381 μᾶλλον
1193 2311 1340 2382 αὐτῷ
1375 2312 1476 2382 τῆς
1508 2313 1726 2366 τοιᾶσδε
1755 2313 1892 2383 κλή-

298 2417 466 2463 σεως,
524 2400 615 2453 ὅτε
658 2400 884 2469 γέγονεν
934 2399 1242 2471 ἄνθρωπος,
1289 2401 1421 2472 φέρε
1465 2401 1550 2472 δὴ,
1605 2401 1740 2474 φέρε
1791 2403 1896 2457 δει-

294 2488 557 2559 κνύωμεν
602 2488 662 2552 ἐξ
706 2487 888 2542 αὐτῶν
927 2487 1140 2553 ἑλόντες
1170 2489 1272 2554 τὰς
1317 2489 1530 2555 πίστεις
1577 2490 1686 2544 τῶν
1732 2491 1894 2564 ἰερῶν

297 2581 683 2653 Γραμμάτων,
725 2581 808 2633 ὅτι
841 2580 938 2633 καὶ
969 2579 1102 2643 Θεὸς
1145 2581 1290 2634 κατὰ
1328 2583 1493 2652 φύσιν
1524 2583 1661 2646 ἐστὶ,
1691 2584 1787 2638 καὶ
1815 2585 1895 2649 είς

299 2672 539 2742 ὲνὰεητα
571 2671 993 2742 συνηνεγμένος,
1031 2671 1131 2743 τὴν
1158 2673 1294 2744 πρός
1339 2672 1404 2741 γέ
1439 2691 1581 2746 φημι
1621 2674 1719 2747 τὴν
1759 2676 1896 2730 ἰδίαν

304 2767 508 2836 σάρκα.
551 2759 626 2817 Ob
676 2765 740 2835 δὴ
771 2763 1073 2834 πεφηνότος
1105 2763 1364 2834 ἀληθοῦς,
1394 2764 1663 2830 Θεοτόκος
1695 2766 1762 2822 ἂν
1803 2768 1896 2821 λέ-

303 2873 461 2924 γοιτο
494 2855 629 2928 πρὸς
659 2855 840 2928 ἡμῶν,
872 2855 969 2908 καὶ
999 2855 1206 2928 σφόδρα
1238 2856 1486 2922 εἰκότως,
1516 2859 1550 2926 ἠ
1583 2858 1715 2928 ἁγία
1745 2861 1898 2931 Παρ-

304 2949 485 3012 θένος.

1983 489 2079 544 sed
2105 489 2252 545 Deus
2273 505 2459 554 verus,
2485 489 2579 560 qui
2608 489 2804 543 salutis
2833 496 3040 542 nostra:
3062 503 3228 541 causa
3251 486 3305 540 in
3327 487 3569 542 humana

1983 578 2158 634 forma
2199 581 2473 651 apparuit,
2502 587 2667 650 prout
2707 578 2912 633 Paulus
2938 593 3160 647 quoque
3191 577 3344 631 hisce
3383 575 3568 632 verbis

1985 677 2222 724 testatur
2247 687 2260 723 :
2289 689 2309 721 ι
2345 669 2608 736 Quando,
2635 669 2750 733 ait,
2793 669 2947 723 venit
2971 667 3256 737 plenitudo
3284 665 3569 735 temporis,

1983 758 2136 816 misit
2159 760 2304 815 Deus
2326 759 2525 825 Filium
2547 773 2730 823 suum,
2758 757 2963 812 factum
2987 772 3055 811 ex
3075 755 3328 819 muliere,
3365 755 3568 809 factum

1983 850 2088 906 sub
2115 851 2256 922 lege,
2285 857 2345 904 ut
2365 865 2462 906 eos
2483 850 2578 920 qui
2600 849 2703 904 sub
2726 849 2844 919 lege
2865 853 3023 903 erant
3046 846 3362 910 redimeret,
3386 855 3447 900 ut
3468 861 3570 901 nos

1986 941 2228 997 ﬁliorum
2263 941 2615 1012 adoptionem
2645 939 3026 1009 reciperemus
3056 937 3124 990 “.
3158 956 3176 989 ι
3210 937 3412 1006 Ecquis
3455 936 3570 1000 ille,

1985 1033 2239 1097 obsecm,
2273 1040 2378 1096 est,
2413 1031 2508 1102 qui
2543 1031 2646 1086 sub
2685 1031 2861 1101 legem
2899 1029 3100 1084 missus
3119 1037 3223 1093 est,
3255 1029 3480 1098 quique,
3511 1036 3574 1082 ut

1986 1125 2080 1182 hic
2127 1124 2419 1188 asseritur,
2456 1139 2525 1178 ex
2560 1123 2797 1178 muliere
2831 1121 3011 1176 factus
3055 1129 3159 1184 est,
3207 1120 3310 1175 nisi
3340 1128 3398 1174 ut
3431 1137 3575 1175 “IIIIS

1988 1217 2102 1282 ille,
2125 1216 2222 1286 qui
2249 1215 2473 1286 quidem
2502 1223 2564 1269 ut
2609 1214 2757 1268 Deus
2800 1227 2970 1282 supra
2999 1211 3174 1282 legem
3199 1219 3316 1276 est,
3356 1218 3417 1264 ut
3439 1227 3573 1264 vero

1988 1309 2178 1374 homo,
2207 1307 2312 1363 sub
2337 1308 2455 1378 lege
2488 1306 2666 1361 factus
2707 1303 3082 1372 fratribusque
3109 1316 3208 1372 per
3229 1302 3414 1356 omnia
3437 1301 3575 1356 assi-

1988 1403 2211 1458 milatas
2235 1411 2323 1458 est
2344 1401 2426 1455 ⁸δῖ
2475 1399 2647 1470 Igitur
2684 1400 2838 1470 juxta
2863 1397 3113 1452 Mosaica:
3152 1395 3290 1466 legis
3315 1395 3570 1465 praeseri-

1988 1504 2165 1565 ptum,
2188 1509 2296 1548 una
2325 1507 2448 1547 cum
2470 1491 2636 1547 Petro
2664 1489 2987 1544 didrachma
3013 1487 3330 1557 dependit“I
3357 1494 3452 1540 :ut
3480 1501 3576 1540 au-

1991 1597 2100 1643 tem
2124 1588 2266 1642 liber
2288 1595 2544 1656 tanquam
2563 1585 2752 1648 Filius,
2776 1591 2833 1638 et
2856 1582 2975 1653 lege
3001 1581 3175 1651 major
3198 1586 3260 1634 ut
3279 1579 3445 1643 Deus,
3470 1579 3576 1635 etsi

1992 1689 2051 1735 ut
2074 1679 2238 1734 homo
2267 1678 2371 1733 sub
2409 1678 2526 1748 lege
2557 1676 2732 1731 factus
2763 1682 2868 1737 est,
2917 1670 3190 1744 ejusmodi
3223 1685 3416 1724 vocem
3446 1685 3575 1738 pro—

1992 1771 2094 1825 mit
2128 1787 2142 1823 :
2178 1788 2197 1821 ι
2233 1769 2410 1840 Reges
2431 1777 2593 1823 terra;
2615 1783 2644 1822 a
2665 1766 2868 1836 quibus
2897 1777 3126 1819 censum
3169 1769 3267 1816 aut
3308 1759 3576 1813 tributum

1991 1861 2310 1932 accipiunt?
2347 1860 2393 1916 Α
2421 1859 2550 1914 liliis
2573 1859 2709 1921 suis,
2739 1873 2806 1911 an
2839 1857 2909 1910 ab
2933 1853 3171 1909 alienis?
3210 1871 3228 1904 ι
3259 1852 3423 1908 Petro
3446 1866 3579 1905 vero

1991 1953 2358 2023 respondente
2396 1969 2408 2005 :
2453 1971 2470 2001 ι
2497 1950 2580 2004 Ab
2614 1948 2842 2013 alienis;
2877 1966 2895 1998 ι
2960 1960 3087 1999 mox
3121 1942 3287 1997 infert
3333 1957 3348 1995 :
3385 1961 3402 1992 ι
3437 1941 3580 2010 Ergo

1989 2045 2151 2101 liberi
2175 2052 2304 2100 sunt
2331 2042 2430 2097 lilii
2452 2041 2519 2094 “.
2553 2058 2572 2090 ›
2605 2038 2744 2094 Cum
2775 2037 2999 2107 planum
3031 2047 3162 2103 ergo
3195 2031 3287 2096 sit,
3311 2030 3409 2085 Dei
3445 2031 3580 2084 Ver-

1990 2137 2123 2193 bum
2161 2151 2192 2190 a
2215 2149 2380 2190 carne
2410 2133 2720 2203 seiunctum
2754 2136 2811 2183 et
2841 2125 2998 2197 quasi
3051 2140 3152 2196 per
3185 2137 3245 2179 se
3285 2119 3580 2190 separatim

1991 2228 2320 2290 subsistens,
2341 2225 2622 2282 Christum
2646 2228 2795 2276 recte
2809 2218 2919 2274 dici
2942 2232 3051 2272 non
3077 2230 3259 2286 posse,
3283 2213 3377 2269 sed
3403 2213 3457 2268 id
3477 2228 3580 2268 no-

1991 2320 2156 2376 minis
2193 2327 2422 2374 eatenus
2464 2315 2520 2369 in
2553 2312 2691 2368 illud
2729 2309 3061 2372 convenire,
3093 2314 3369 2377 quatenus
3412 2303 3581 2359 homo

1992 2412 2197 2468 factum
2235 2418 2339 2474 est,
2371 2408 2600 2480 agedum
2636 2401 2977 2476 argumentis
3013 2415 3044 2454 a
3088 2412 3372 2454 sacrarum
3405 2395 3582 2449 Litte-

1993 2519 2182 2561 rarum
2220 2499 2596 2558 monumentis
2641 2495 2842 2559 ductis,
2888 2491 3243 2548 ostendamus
3279 2487 3582 2542 secundum

1993 2603 2248 2652 naturam
2288 2593 2461 2648 Deum
2493 2605 2638 2654 esse,
2677 2587 2843 2642 etiam
2871 2585 2917 2640 si
2951 2582 3181 2638 unitatis
3209 2577 3433 2634 vinculo
3456 2591 3586 2647 pro-

1995 2688 2127 2758 priae
2154 2685 2308 2741 carni
2352 2683 2644 2738 cohaereat.
2690 2677 2805 2731 lloc
2832 2676 3038 2730 etenim
3080 2671 3373 2743 patefacto,
3421 2667 3586 2723 simul

1997 2774 2230 2831 clarebit
2263 2785 2476 2826 sacram
2512 2767 2795 2838 Virginem
2826 2764 3037 2835 Optimo
3056 2762 3181 2834 jure
3216 2759 3504 2828 Deiparam
3553 2769 3586 2810 a

1998 2866 2163 2922 nobis
2186 2860 2472 2935 appellari.

376 3040 593 3097 Οὐκοῦν
612 3041 957 3134 προφήτης
977 3041 1210 3105 Ἡσαΐας
1233 3041 1518 3112 μονονουχὶ
1541 3041 1698 3097 ὲνανθ
1707 3044 1893 3117 ρωπή-

2069 3049 2240 3122 Igitur
2263 3043 2532 3118 propheta
2563 3039 2730 3098 lsaias
2763 3047 2978 3094 tantum
3007 3011 3437 3090 non’hominem
3473 3031 3588 3102 jam

313 3151 488 3188 σαντα
505 3134 596 3187 τὸν
616 3132 760 3199 ἶῖἰὸν,
786 3135 877 3188 καὶ
905 3135 1034 3188 ὅσον
1061 3133 1214 3188 οῠπω
1233 3134 1632 3208 παρεσόμενον,
1657 3153 1897 3207 προκατ-

317 3225 566 3279 εόεἰκνυε
596 3223 792 3292 λέγων’
831 3243 850 3276 ι
893 3223 1198 3296 Ίσχύσατε,
1241 3226 1420 3296 χεῖρες
1463 3224 1751 3294 ἀνειμέναν.
1802 3224 1897 3279 καὶ

319 3319 530 3389 γόνατα
558 3317 996 3388 παραλελυμένα’
1031 3318 1458 3389 παρακαλέσατε
1492 3314 1542 3385 ιι,
1568 3319 1620 3371 οἱ
1642 3318 1896 3388 όλιγόψυ-

316 3425 406 3479 χοι
439 3410 506 3480 τῇ
543 3406 746 3478 διανοίᾳ
765 3423 778 3436 ο
809 3407 1088 3480 ἰσχύσατε,
1122 3407 1198 3479 μὴ
1228 3407 1504 3477 φοϐεῖσθε.
1552 3408 1683 3462 Ἰδοὺ
1707 3409 1737 3462 6
1763 3408 1898 3473 Θεὸς

312 3500 475 3571 ἡμῶν
503 3499 685 3571 κρίσιν
724 3499 1140 3562 ἀνταποδίδωσι,
1171 3498 1265 3553 καὶ
1297 3498 1704 3554 ἀνταποδώσει·
1735 3500 1900 3565 αὐτὸς

308 3591 434 3664 ἥξει
475 3592 569 3645 καλ⁵
611 3590 775 3644 σώσει
803 3592 971 3662 ἡμᾶς.
1007 3590 1142 3645 Τότε
1173 3590 1590 3662 ἁνοιχθήσονται
1627 3592 1899 3664 ὀφθαλμοὶ

307 3681 557 3752 τυφλῶν,
594 3683 692 3737 καὶ
717 3677 832 3736 ὦτα
869 3681 1074 3751 κωφῶν
1117 3681 1467 3736 ἀκούσονται.
1505 3682 1642 3736 Τότε
1688 3683 1897 3738 ἀλεῖται

309 3775 393 3838 ὼς
445 3775 647 3844 ἔλαφος
702 3776 731 3828 6
767 3774 972 3844 χωλὸς,
1027 3775 1121 3828 καὶ
1179 3775 1356 3844 τρανὴ
1381 3774 1534 3828 ἔσται
1591 3774 1899 3846 μογιλάλων

313 3866 562 3936 γλῶσσα.
604 3885 623 3918 ι
656 3865 846 3936 ’Δθρει
868 3865 934 3937 δὴ
963 3859 1056 3919 οὖν
1075 3866 1224 3926 ὅπως
1252 3865 1347 3918 καὶ
1377 3867 1580 3936 Κύριον
1614 3868 1898 3932 ἁποκαλεί,

317 3960 414 4013 καὶ
440 3959 576 4012 Θεὸν
605 3959 885 4028 ὀνομάζει,
919 3960 1016 4014 ἆτε
1048 3958 1226 4012 λαλῶν
1247 3961 1306 4012 ὲν
1351 3957 1629 4030 Πνεύματι
1652 3976 1666 3992 ο
1707 3961 1789 4014 ὅτι
1825 3960 1901 4033 μὴ

313 4056 609 4126 ἄνθρωπον
631 4053 820 4118 ἁπλῶς
842 4054 1104 4125 θεοφόρον
1120 4052 1394 4123 ἠπίστατο
1407 4052 1498 4106 τὸν
1528 4053 1899 4124 Ἑμμανουὴλ,

315 4144 446 4198 οὔτε
485 4145 592 4215 μὴν
620 4145 696 4208 ὡς
731 4147 790 4198 ὲν
813 4146 1049 4216 ὀργάνου
1084 4144 1238 4209 τάξει
1268 4144 1740 4216 παρειλημμένον,
1766 4145 1904 4200 ἀλλὰ

318 4234 461 4287 Θεὸν
493 4232 704 4303 ἀληθῶς
731 4233 826 4287 καὶ
846 4231 1329 4304 ὲνηνθρωπηκότα.
1365 4231 1500 4285 Τότε
1533 4230 1640 4302 γὰρ
1669 4230 1753 4302 δὴ,
1784 4232 1904 4285 τότε

322 4326 424 4380 καὶ
459 4325 813 4395 ἀνεῴχθησαν
865 4325 964 4395 μὲν
993 4323 1267 4394 ὀφθαλμοὶ
1303 4323 1544 4393 τυφλῶν,
1583 4323 1823 4392 ἥκουσαν
1847 4323 1905 4376 δὲ

1996 3143 2224 3206 factum,
2251 3152 2489 3208 moxque
2513 3133 2834 3190 adfuturum
2859 3130 3056 3186 Filium
3084 3127 3491 3189 demonstrans,
3515 3123 3590 3178 ita

1997 3233 2212 3304 inquit:
2246 3250 2265 3284 ι
2304 3225 2726 3290 Confortamini,
2769 3237 2968 3277 manus
3019 3219 3266 3274 remissa:
3309 3224 3368 3271 et
3411 3229 3590 3285 genua

1996 3327 2262 3385 dissoluta
2288 3342 2301 3378 :
2321 3318 2680 3378 consolamini
2695 3332 2813 3381 vos,
2838 3312 3220 3385 pusillanimes
3239 3316 3444 3373 mcnte,
3463 3322 3596 3363 con-

1997 3414 2300 3479 fortamini,
2331 3424 2390 3469 et
2405 3411 2575 3466 nolite
2609 3410 2826 3464 timere.
2865 3405 3008 3460 Ecce
3034 3403 3182 3458 Deus
3218 3408 3409 3456 noster
3439 3397 3592 3469 judi-

1998 3496 2144 3568 cium
2185 3507 2458 3564 retribuet
2503 3499 2891 3558 retributionis
2923 3515 2936 3552 :
2982 3497 3128 3551 Deus
3162 3494 3280 3564 ipse
3319 3491 3504 3546 veniet
3537 3498 3596 3545 et

1999 3602 2234 3661 salvabit
2277 3615 2398 3655 nos.
2450 3597 2607 3652 Tunc
2653 3593 2974 3664 aperientur
3013 3587 3162 3644 oculi
3209 3597 3504 3647 caecorum,
3537 3590 3596 3637 ct

1999 3711 2164 3753 aures
2199 3692 2497 3749 surdorum
2528 3687 2818 3758 patebunt.
2851 3683 3008 3736 Tunc
3041 3678 3201 3734 saliet
3233 3676 3596 3730 sicutcervus

2001 3785 2250 3848 claudus,
2283 3791 2340 3838 et
2363 3787 2554 3850 aperta
2580 3777 2690 3832 erit
2715 3774 2820 3846 14
2849 3773 3036 3842 lingua
3065 3776 3340 3824 mutorum
3363 3767 3430 3821 ⁸⁷.
3466 3785 3484 3818 ι
3512 3765 3596 3820 En

2001 3873 2280 3947 quomodo
2311 3869 2482 3925 veluti
2535 3868 2594 3922 in
2636 3866 2847 3937 Spiritu
2887 3864 3140 3931 loquens,
3180 3855 3595 3912 Emmanuelem

2001 3945 2058 4022 et
2078 3962 2372 4019 Dominum
2397 3958 2656 4028 appellet,
2697 3963 2756 4010 et
2785 3955 2960 4009 Deum
2989 3949 3267 4013 nominet;
3290 3945 3439 4016 quod
3484 3960 3596 4001 non

2002 4055 2284 4112 hominem
2316 4049 2643 4121 simpliciter
2663 4047 2937 4103 deiferum
2966 4051 3062 4098 aut
3084 4039 3438 4096 instrumenti
3474 4038 3599 4093 loco

2003 4155 2348 4218 assumptum
2380 4144 2535 4198 illum
2557 4140 2746 4203 sciret,
2772 4137 2868 4194 sed
2888 4137 3058 4192 Deum
3081 4149 3210 4188 vere
3234 4133 3596 4187 incarnatum.

2006 4241 2160 4310 Tunc
2182 4238 2352 4302 enim,
2373 4246 2506 4292 tunc
2531 4245 2800 4288 caecorum
2821 4228 2964 4284 oculi
3001 4224 3258 4297 patefacti
3292 4231 3444 4282 sunt,
3469 4233 3600 4277 tunc

2007 4329 2303 4386 surdorum
2348 4340 2512 4381 aures
2553 4322 2888 4383 audierunt,
2929 4329 3061 4373 tunc
3091 4315 3273 4372 claudi
3304 4327 3600 4369 cervorum

319 4421 417 4473 καὶ
452 4411 574 4470 ὦτα
608 4417 831 4481 κωφῶν,
861 4417 953 4470 καὶ
977 4416 1180 4485 ἐλάφου
1195 4415 1353 4486 δίκην
1379 4416 1407 4469 6
1444 4415 1616 4485 χωλὸς
1644 4415 1893 4486 ἀνεπήδα.

2012 4422 2187 4476 instar
2211 4417 2560 4480 exsilierunt,
2591 4423 2727 4468 tunc
2764 4407 3193 4466 balbutientium
3233 4405 3420 4473 lingua
3457 4401 3602 4455 facta

319 4513 517 4580 γέγονε
540 4509 600 4563 δὲ
625 4511 720 4562 καὶ
742 4510 911 4581 τρανὴ
939 4509 1160 4578 γλῶσσα
1184 4493 1510 4580 μογιλάλων.
1535 4506 1725 4572 Οὕτως
1747 4509 1893 4564 αύτὸι

2014 4522 2100 4568 est
2151 4511 2380 4567 diserta.
2414 4491 2698 4579 Ejusmodi
2745 4500 3036 4574 pmconiis
3079 4499 3234 4553 illum
3274 4507 3335 4550 ιιι
3363 4507 3602 4548 exorna-

320 4604 432 4664 τοῖς
470 4599 655 4667 ἁγίοις
689 4580 1097 4666 εὐαγγελισταῖς
1139 4599 1358 4652 ἐκέλευε
1392 4601 1408 4639 ί
1437 4599 1818 4670 διακηρύττειν
1850 4600 1893 4654 τί

2016 4610 2162 4666 rent,
2189 4598 2395 4656 sanctis
2423 4593 2776 4665 evangelistis
2806 4606 2906 4662 per
2939 4589 3205 4660 Spiritum
3231 4591 3483 4640 sanctum
3515 4580 3610 4635 iii-

330 4693 557 4761 Πνεῦμα
588 4689 648 4743 τὸ
666 4690 839 4759 ἅγιον,
865 4692 1023 4760 λέγον
1044 4706 1057 4720 ⁸
1091 4711 1110 4743 ι
1132 4693 1250 4745 Ἐπ’
1273 4691 1400 4761 ὅρος
1421 4691 1626 4762 ὑψηλὸν
1653 4691 1907 4762 ἀνάϐηθι,

344 4786 371 4835 6
411 4781 895 4853 εὐαγγελιζόμενος
925 4783 1022 4853 τὴν
1059 4782 1219 4848 Σιὼν,
1257 4782 1472 4854 ῦψωσον
1503 4784 1561 4836 ἑν
1599 4783 1773 4854 ἰσχύει
1811 4783 1911 4855 τὴν

345 4877 518 4939 ᾳονήν
541 4893 654 4938 σου,
706 4877 738 4928 6
791 4875 1280 4945 εὐαγγελιζόμενος
1345 4875 1446 4946 τὴν
1509 4875 1870 4948 Ἰερουσαλήμ.
1894 4894 1908 4908 ο

2011 4693 2268 4763 junctum
2299 4696 2405 4744 est.
2430 4683 2524 4742 Ait
2543 4684 2692 4739 enim
2729 4700 2742 4736 :
2783 4687 2801 4732 ι
2833 4682 3010 4750 Supra
3047 4684 3288 4732 montem
3324 4673 3606 4728 excelsum

2016 4781 2273 4846 ascende,
2302 4791 2363 4836 tu
2385 4778 2481 4849 qui
2514 4775 2858 4846 evangelizas
2883 4773 3054 4827 Sion:
3089 4767 3266 4823 exalta
3299 4765 3354 4819 in
3389 4764 3608 4819 lortittk

2017 4875 2148 4930 dine
2174 4887 2368 4928 vocem
2399 4879 2572 4934 tuam,
2591 4867 2686 4937 qui
2713 4860 3060 4935 evangelizas
3084 4858 3387 4915 Jerusalem
3420 4874 3432 4910 :
3461 4854 3608 4910 exal-

343 4961 602 5034 ίῴώσατε,
647 4967 725 5038 μὴ
756 4966 1034 5036 φοϐεῖσθε.
1080 4962 1247 5022 Εἶπον
1294 4970 1412 5032 ταῖς
1445 4967 1670 5022 πόλεσιν
1705 4968 1874 5023 Ἰούδα

2021 4977 2169 5032 tate,
2218 4965 2393 5021 nolite
2451 4963 2669 5018 timere.
2727 4961 2825 5014 Dic
2865 4953 3182 5012 civitatibus
3222 4952 3377 5009 Judie
3411 4966 3426 5004 :
3467 4950 3608 5007 Ecce

345 5056 477 5110 Ἰδοὺ
508 5059 534 5110 6
567 5058 702 5122 Θεὸς
729 5059 910 5131 ὑμῶν,
937 5059 1047 5112 ἰδοὺ
1072 5058 1276 5130 Κύριος
1301 5059 1440 5130 μετὰ
1464 5059 1647 5131 ἰσχύος
1676 5060 1891 5133 ἔρχεται

2021 5058 2166 5113 Deus
2198 5064 2400 5121 vester,
2441 5068 2571 5109 ecce
2597 5051 2861 5108 Dominus
2891 5047 3038 5101 Deus
3073 5043 3127 5098 in
3162 5041 3484 5100 fortitudine
3513 5053 3617 5093 νος

327 5148 420 5199 καὶ
447 5149 478 5199 6
516 5147 760 5218 βραχίων
808 5148 978 5202 αὑτοῦ
1025 5148 1167 5219 μετὰ
1207 5149 1463 5220 κυρείας⁸
1509 5151 1618 5206 ἰδοὺ
1649 5151 1679 5203 6
1728 5150 1893 5221 μισθὸς

2023 5147 2126 5212 nit,
2152 5155 2210 5203 et
2239 5146 2527 5201 brachium
2551 5145 2672 5215 ejus
2705 5155 2829 5196 cum
2864 5135 3242 5192 dominatione
3273 5145 3438 5188 :ccce
3459 5145 3615 5184 mer-

324 5237 499 5292 αύτοῦ
528 5240 647 5309 μετ’
686 5239 881 5304 αὐτοῦ,
918 5239 1013 5294 καὶ
1044 5239 1104 5292 τὸ
1145 5239 1306 5310 ἔργον
1334 5240 1564 5295 ἐνώπιον
1595 5241 1783 5295 αὐτοῦ.
1828 5241 1893 5294 Ὠ.

2024 5257 2116 5298 ccs
2163 5243 2284 5314 ejus
2319 5255 2448 5297 cum
2491 5253 2580 5302 eo,
2617 5245 2835 5306 etopus
2865 5232 3016 5287 illius
3063 5243 3251 5287 coram
3294 5229 3408 5285 illo.
3456 5226 3615 5290 Sicut

398 5395 444 5464 ξ’
481 5395 524 5449 ll
551 5395 697 5450 Pctr.
723 5413 761 5460 ι,
786 5398 836 5452 6.
900 5397 944 5429 ⁸³
977 5397 1155 5454 Galat.
1184 5413 1260 5464 iv,
1281 5396 1337 5455 4.
1372 5397 1426 5453 5.

1535 5397 1581 5430 ⁸⁵
1608 5397 1778 5454 Hebr.
1805 5415 1864 5465 ιι,
1897 5399 1980 5454 l7.

328 5463 451 5518 3-6.

2088 5399 2132 5431 ⁴⁵
2169 5398 2362 5454 Matth.
2391 5415 2518 5460 xvu,
2544 5395 2633 5450 25.
2711 5393 2752 5424 ⁸⁵
2783 5392 2918 5448 Ibid.
2949 5391 3039 5457 Ἡ,
3065 5389 3154 5446 ‘25.
3233 5389 3274 5422 ⁵⁷
3314 5389 3416 5444 lsa.
3447 5397 3611 5456 xxxv.

1452 5583 1624 5638 Varim
1654 5584 1918 5640 lectiones
1950 5584 2155 5641 codicis
2187 5580 2546 5653 chuicriani.

409 5669 435 5705 ⁸
460 5669 886 5740 ἀπεσταλμένος.
965 5675 990 5712 ιι
1019 5673 1440 5744 παρακαλεῖσθε.
1527 5677 1540 5714 i
1569 5675 1841 5730 ἐκέλευτε.
