4028 6208
398 320 459 376 5i
1424 326 1481 381 S.
1525 326 1797 383 CYRILLI
1840 328 2308 390 ALEXANDRINI
2348 337 2673 392 ARClllEP.
2744 370 2751 389 ς
3590 337 3663 391 32

398 442 587 505 pastor
617 448 835 505 gregem
856 449 1016 489 suum
1041 446 1245 506 pascet,
1273 445 1329 494 et
1364 439 1420 492 in
1440 440 1671 495 brachio
1701 458 1801 497 suo
1822 443 1979 497 colli-

2085 448 2288 520 ποιμὴν
2319 454 2579 522 ποιμανεῖ
2605 452 2665 505 τὸ
2695 451 2945 522 ποίμνιον
2976 448 3165 513 αὐτοῦ,
3206 451 3299 506 καί⁵
3329 453 3386 504 ὲν
3415 450 3493 521 τῷ
3524 448 3660 525 βρα-

395 538 490 599 get
515 546 706 601 agnos,
736 530 865 585 etin
895 532 1018 585 sinu
1046 548 1147 586 suo
1190 532 1427 598 levabit;
1470 531 1610 587 fetas
1650 533 1766 603 ipse
1794 544 1977 603 porta-

397 618 481 672 bit
504 617 566 672 ⁵⁸.
602 640 619 670 ›
652 619 923 689 Apparuit
946 622 1094 675 enim
1130 621 1289 675 nobis
1312 623 1577 677 Dominus
1607 634 1795 677 noster
1819 625 1978 680 Jesus

394 710 650 765 Christus
695 712 883 766 divina
924 712 1267 778 fortitudine,
1297 714 1800 785 dominationisque
1848 716 1976 769 bra-

395 803 542 865 cbio,
573 804 678 857 hoc
700 812 806 865 est,
850 813 1119 874 potestate
1163 815 1221 861 et
1275 807 1602 861 auctoritate
1649 807 1971 863 instructus.

396 895 539 950 lline
574 897 854 965 leprosum
908 898 983 951 ita
1018 898 1219 953 aﬂ'atur
1251 914 1266 952 :
1310 917 1329 949 ‹
1359 898 1514 962 Volo,
1561 899 1829 954 mundare
1845 900 1908 953 ⁸³.
1950 922 1969 953 ι

396 986 537 1041 llinc
581 1003 800 1041 rursum
830 987 1075 1042 loculum
1109 989 1309 1060 tetigit,
1331 997 1406 1052 et
1432 988 1766 1044 exstinctum
1799 990 1982 1047 viduae

394 1073 567 1126 lilium
598 1073 656 1127 in
688 1073 854 1129 vitam
884 1078 1162 1133 revocavit
1182 1078 1249 1132 ⁸⁸³.

465 1162 608 1227 Quin
643 1172 698 1217 et
728 1180 901 1234 agnos
923 1182 1143 1236 quoque
1176 1166 1452 1239 dispersos
1476 1168 1531 1223 in
1559 1185 1731 1225 unum
1752 1170 1931 1241 coegit
1961 1188 1974 1224 :

394 1262 479 1307 est
510 1254 660 1308 enim
701 1256 895 1312 Pastor
925 1258 1015 1312 ille
1047 1258 1225 1313 bonus
1246 1299 1261 1323 ,
1294 1259 1389 1329 qui
1418 1260 1658 1316 animam
1684 1278 1839 1317 suam
1879 1278 1979 1332 pro

394 1346 592 1401 ovibus
619 1351 734 1403 suis
782 1350 985 1418 posuit.
1021 1351 1176 1405 Unde
1208 1359 1265 1405 et
1294 1352 1370 1405 ait
1403 1370 1416 1406 :
1459 1373 1477 1403 ι
1510 1353 1663 1409 Sicut
1698 1354 1850 1409 novit
1892 1370 1978 1409 me

394 1435 576 1501 Pater,
610 1446 666 1491 et
694 1452 796 1507 ego
819 1452 1090 1507 cognosco
1134 1439 1390 1505 Patrem;
1423 1451 1480 1496 et
1519 1441 1759 1497 animam
1801 1458 1979 1497 meam

394 1540 538 1594 pono
565 1542 665 1595 pro
687 1527 882 1581 ovibus
913 1529 1143 1583 meis".
1190 1530 1258 1584 Et
1281 1531 1414 1587 alias
1448 1548 1580 1587 oves
1622 1534 1819 1599 habeo,
1859 1550 1980 1605 qua:

394 1632 505 1671 non
539 1626 667 1672 sunt
692 1633 757 1671 ex
788 1618 893 1673 hoc
914 1620 1080 1682 ovili;
1108 1621 1303 1677 etillas
1330 1632 1549 1693 Oportet
1578 1641 1663 1680 me
1680 1626 1976 1692 adducere,

392 1716 448 1761 et
484 1724 669 1762 vocem
720 1724 901 1765 meam
951 1711 1223 1768 audient:
1267 1723 1323 1769 et
1389 1714 1483 1769 ﬁet
1515 1732 1685 1770 unum
1715 1719 1877 1784 ovile,
1924 1727 1981 1773 et

2077 542 2216 610 χίονι
2246 542 2410 596 αὐτοῦ
2446 543 2664 610 συνάξει
2704 544 2892 616 ἄρνας.
2944 563 2963 595 ι
3018 543 3293 613 Ἑπέφανε
3326 542 3339 593 i
3380 544 3490 617 γὰρ
3528 546 3662 615 ἡμῖν

2076 633 2106 685 6
2146 633 2351 703 Κύριος
2395 634 2554 705 ἡμῶν
2619 635 2830 705 Ἰησοῦς
2868 636 3123 705 Χριστὸς,
3182 635 3334 705 ίσχύν
3376 634 3515 704 ἔχων
3559 638 3661 707 τὴν

2078 723 2381 796 θεοπρεπῆ,
2416 726 2510 779 καὶ¹
2555 727 2691 797 μετὰ
2734 728 2959 798 κυρείας
2989 726 3269 797 βραχίονα,
3297 726 3575 780 τουτέστιν
3599 727 3662 780 ὲν

2079 817 2300 890 ἐξουσίᾳ
2331 835 2389 870 τε
2422 818 2516 872 καὶ
2546 819 2851 891 κυριότητι.
2898 820 3188 891 Τοιγάρτοι
3218 820 3312 874 καὶ
3352 819 3556 890 ἔφασκε
3580 818 3661 890 τῷ

2081 910 2181 980 μὲν
2207 910 2395 981 λεπρῷ
2420 928 2434 943 ’
2461 931 2479 963 ι
2512 911 2687 975 Θέλω,
2720 911 3106 982 καθαρίσθητι.
3152 930 3169 963 ›
3203 913 3445 965 Ἦπτετο
3470 911 3528 967 δὲ
3557 913 3661 978 τῆς

2080 1000 2265 1074 σοροῦ,
2292 1004 2387 1056 καὶ
2411 1003 2608 1075 ἀνίστη
2629 1002 2903 1057 τεθνεῶτα
2933 1002 3023 1057 τὸν
3049 1004 3148 1074 τῆς
3178 1004 3353 1075 χήρας
3383 1003 3515 1058 υἱόν.

2149 1163 2430 1233 Συνήγαγε
2456 1162 2512 1215 δὲ
2542 1164 2634 1215 καὶ
2660 1154 2860 1233 ἅρναςί
2893 1163 3103 1235 Ποιμὴν
3124 1164 3233 1235 γάρ
3263 1166 3410 1217 ὲστιν
3435 1163 3658 1231 ἀγαθὸς,

2078 1250 2177 1321 τὴν
2202 1250 2381 1321 ψυχὴν
2404 1252 2570 1305 αὐτοῦ
2590 1253 2702 1316 θεὶς
2731 1254 2872 1324 ὑπὲρ
2902 1253 3008 1307 τῶν
3032 1254 3340 1326 προϐάτων.
3366 1254 3661 1325 Τοιγάρτοι

2079 1343 2173 1396 καὶ
2205 1342 2445 1412 ἔφασκεο
2483 1361 2501 1393 ι
2555 1342 2753 1408 Καθὼς
2792 1344 3053 1413 γινώσκει
3086 1363 3151 1415 με
3199 1347 3227 1398 6
3256 1345 3465 1417 Πατὴρ,
3501 1342 3661 1413 κάγὼ

2079 1437 2334 1504 γινώσκω
2372 1436 2463 1490 τὸν
2503 1437 2744 1507 Πατέρα,
2791 1438 2888 1492 καὶ
2938 1438 3038 1509 τὴν
3082 1438 3262 1509 ψυχήν
3318 1455 3419 1506 μου
3467 1436 3661 1505 τίθημι

2081 1530 2222 1599 ὑπὲρ
2250 1529 2359 1583 τῶν
2383 1529 2691 1599 προϐάτων.
2726 1531 2838 1584 Καὶ
2876 1529 3011 1584 ἄλλα
3047 1530 3298 1602 πρόϐατα
3333 1529 3462 1599 ἔχω,
3496 1530 3531 1583 ἃ
3559 1529 3662 1582 οὐκ

2080 1619 2229 1672 ἔστιν
2263 1621 2329 1673 ὲκ
2358 1619 2456 1690 τῆς
2479 1619 2648 1688 αὐλῆς
2676 1619 2880 1691 ταύτης
2900 1636 2912 1649 '
2938 1620 3170 1673 κάκεῖνά
3199 1637 3267 1690 με
3300 1620 3383 1671 δεῖ
3404 1620 3657 1687 ἀγαγεῖν,

2081 1709 2309 1779 καὶτῆς
2362 1711 2549 1780 φωνῆς
2587 1727 2690 1779 μου
2724 1711 3056 1764 ἀκούσουσι-
3102 1712 3197 1765 καὶ
3239 1712 3529 1780 γενήσεται
3560 1710 3661 1779 μία

394 1813 537 1851 unus
559 1807 745 1868 pastor
766 1800 832 1854 ".
862 1821 881 1852 ι
923 1802 1078 1857 Adde
1105 1803 1192 1858 his
1218 1821 1474 1876 magnum
1498 1807 1649 1861 illum
1679 1808 1977 1877 Baptistam

2081 1801 2308 1871 ποίμνη,
2339 1799 2420 1865 είς
2460 1804 2687 1873 ποιμήν.
2727 1823 2743 1853 ρ
2796 1802 3120 1873 Ἀρχόμενος
3147 1802 3203 1856 δὲ
3236 1802 3346 1856 τῶν
3385 1802 3470 1854 ἐπ’
3509 1799 3661 1871 αὐτῷ

388 1887 676 1953 Joannem,
705 1905 829 1946 cum
851 1892 920 1947 de
955 1893 1173 1951 Christo
1196 1899 1559 1953 concionandi
1585 1901 1871 1955 exordium
1904 1902 1980 1956 fa-

390 1990 562 2046 ceret,
600 1999 711 2038 non
758 1984 1067 2042 divinitatis
1097 2003 1363 2059 organum
1402 1998 1496 2045 aut
1527 1992 1808 2048 hominem
1851 1994 1981 2048 sim-

390 2073 609 2141 pliciter
639 2074 936 2144 deiferum,
964 2090 1025 2135 ut
1054 2082 1335 2136 nonnullis
1354 2084 1563 2152 garrire
1591 2084 1764 2149 lubet,
1800 2086 1979 2155 ipsum

389 2167 713 2236 appellasse,
744 2169 880 2225 iisve
914 2171 1009 2240 qui
1040 2188 1138 2241 per
1158 2172 1471 2227 universam
1501 2174 1744 2229 Judaaam
1775 2175 1979 2244 passim

391 2257 734 2324 habitabant,
768 2262 1143 2327 annuntiasse,
1175 2264 1271 2319 sed
1314 2265 1486 2319 Deum
1526 2265 1890 2331 incarnatum,
1923 2267 1979 2321 id

390 2358 497 2414 est,
518 2351 800 2406 hominem
820 2353 1058 2417 factum;
1088 2356 1291 2410 clamat
1319 2372 1589 2427 namque:
1624 2378 1641 2409 ι
1672 2360 1980 2428 Ρηεριιηιιε

390 2441 537 2495 viam
567 2443 803 2508 Domini,
827 2453 1010 2499 rectas
1040 2446 1205 2501 facite
1226 2447 1451 2502 semitas
1483 2449 1604 2518 ejus
1624 2450 1689 2502 ⁸³.
1718 2468 1735 2500 ι
1772 2450 1839 2503 Ει
1869 2466 1969 2505 cu-

386 2534 499 2604 jus,
538 2550 744 2604 quaaso,
780 2537 898 2592 vias
923 2554 1230 2608 prteparare
1260 2541 1467 2611 jussit?
1503 2542 1586 2596 An
1614 2558 1722 2596 non
1748 2542 1976 2609 Christi,

392 2628 497 2683 hoc
522 2639 625 2695 est,
651 2631 815 2685 Verbi
848 2632 903 2685 in
932 2633 1172 2687 humana
1200 2633 1375 2689 forma
1400 2635 1773 2690 manifestati?
1802 2636 1981 2703 Quid?

390 2736 460 2775 an
488 2738 597 2775 non
624 2723 709 2776 vel
739 2724 903 2777 unius
945 2724 1098 2777 Pauli
1133 2724 1507 2779 testimonium
1536 2727 1604 2781 ad
1650 2726 1813 2781 ﬁdem
1852 2728 1981 2783 huic

391 2814 471 2866 rei
500 2812 808 2868 faciendam
837 2825 919 2869 sat
960 2830 1081 2869 esse
1113 2817 1373 2884 poterat?
1402 2817 1609 2871 Scribit
1637 2819 1685 2873 is
1706 2827 1891 2873 autem
1924 2820 1981 2873 in

391 2903 540 2957 hunc
568 2905 791 2960 modum
820 2924 831 2958 :
867 2926 883 2956 ι
916 2905 1055 2973 Quid
1100 2908 1267 2977 igitur
1306 2908 1597 2963 dicemus?
1624 2908 1681 2964 Si
1709 2910 1855 2965 Deus
1880 2926 1981 2980 pro

390 2994 571 3055 nobis,
605 2995 732 3063 quis
761 3006 951 3050 contra
974 2998 1111 3051 nos?
1140 2997 1243 3063 Qui
1274 2999 1438 3052 etiam
1462 3000 1687 3069 proprio
1717 3001 1853 3055 Filio
1870 3018 1979 3056 non

389 3085 656 3153 pepercit,
683 3086 777 3141 sed
802 3102 903 3156 pro
931 3087 1031 3156 15
1068 3088 1228 3163 nobis
1257 3089 1518 3144 omnibus
1548 3089 1771 3144 tradidit
1802 3090 1975 3155 illum,

2080 1892 2455 1962 κηρυγμάτων
2485 1894 2580 1945 καὶ
2622 1895 2651 1946 6
2690 1892 2978 1956 θεσπέσιος
3012 1895 3320 1962 Βαπτιστὴς
3382 1892 3657 1961 Ἰωάννης,

2080 1982 2203 2037 οὐτε
2252 1983 2507 2054 θεότητος
2535 1984 2788 2056 ὄργανον,
2822 1984 2945 2037 οὐτε
2996 1984 3101 2055 μὴν
3146 1984 3431 2055 ἄνθρωπον
3473 1980 3662 2045 ἁπλῶς

2082 2075 2446 2146 θεοφοροῦντα
2468 2076 2612 2130 κατά
2630 2094 2805 2139 τινας,
2825 2076 2955 2129 Θεὸν
2974 2076 3029 2129 δὲ
3058 2076 3256 2147 μᾶλλον
3280 2075 3418 2145 μετὰ
3436 2072 3663 2144 σαρκὸς,

2079 2168 2247 2235 ἤγουν
2276 2167 2763 2238 ὲνηνθρωπηκότα,
2787 2171 2900 2231 τοῖς
2932 2168 3037 2221 άνά
3064 2170 3243 2222 πᾶσαν
3268 2168 3366 2238 τὴν
3400 2165 3664 2220 Ἰουδαίαν

2080 2256 2468 2326 εὐηγγελίζετο
2489 2258 2664 2325 λέγων
2684 2274 2699 2289 ·
2732 2277 2750 2309 ι
2785 2257 3145 2328 Ἑτοιμάσατε
3169 2258 3268 2328 τὴν
3294 2259 3410 2311 ὁδὸν
3430 2258 3661 2329 Κυρίου,

2080 2350 2296 2413 εὐθείας
2322 2353 2528 2403 ποιεῖτε
2552 2350 2652 2413 τάς
2680 2349 2901 2420 τρίϐους
2922 2348 3110 2403 αὐτοῦ.
3141 2368 3159 2399 ι
3194 2350 3351 2413 Τίνος
3377 2347 3471 2402 οὖν
3492 2366 3664 2419 προσ-

2078 2440 2307 2510 τέταχεν
2338 2440 2727 2511 ἑτοιμάζεσθαι
2768 2439 2868 2502 τὰς
2906 2439 3079 2503 όδούς,
3106 2440 3243 2511 πλὴν
3277 2440 3359 2492 ὅτι
3393 2439 3658 2510 Χριστοῦ,

2079 2530 2360 2582 τουτέστιν
2395 2530 2454 2583 ἐν
2474 2528 2764 2600 ἀνθρώπου
2794 2530 2975 2600 μορφῇ
3003 2529 3303 2600 πεφηνότος
3326 2528 3419 2581 τοῦ
3450 2528 3657 2596 Λόγου;

2094 2620 2333 2690 Ἀπόχρη
2388 2620 2469 2683 δὲ,
2509 2614 2701 2691 οῐμαι,
2754 2621 2891 2691 πρὸς
2938 2620 3121 2673 πίστιν
3171 2619 3264 2673 καὶ
3293 2621 3322 2671 6
3373 2618 3661 2681 θεσπέσιος

2081 2713 2296 2777 Παῦλος
2324 2713 2716 2785 ἐπιμαρτυρῶν
2755 2731 2816 2766 τε
2847 2712 2944 2766 καὶ
2970 2712 3146 2779 λέγων
3166 2728 3179 2742 ·
3220 2728 3238 2761 ι
3276 2710 3341 2762 Τί
3381 2705 3474 2762 οὐν
3502 2707 3663 2779 ὲροῦ-

2088 2824 2221 2878 μεν;
2256 2808 2318 2860 Εί
2351 2810 2380 2861 6
2404 2808 2539 2869 Θεὸς
2582 2807 2723 2878 ὑπὲρ
2754 2805 2931 2877 ἡμῶν,
2976 2803 3059 2866 τίς
3092 2803 3214 2857 καθ’
3245 2800 3436 2874 ἡμῶνς
3465 2803 3559 2864 Ὂς
3594 2816 3661 2868 γε

2082 2898 2177 2952 τοῦ
2213 2899 2346 2951 ἰδίου
2374 2897 2507 2950 Υίοῦ
2529 2898 2630 2950 οὐκ
2656 2897 2931 2965 ἐφείσατο,
2960 2895 3075 2948 ἀλλ’
3096 2894 3235 2963 ὑπὲρ
3257 2892 3417 2963 ἡμῶν
3440 2892 3663 2944 πάντων

2084 2990 2400 3061 παρέδωκεν
2425 2989 2606 3052 αὐτὸν,
2644 2988 2759 3051 πῶς
2793 2988 2913 3058 οὐχὶ
2948 2986 3042 3040 καὶ
3072 2986 3168 3039 σὺν
3204 2984 3354 3053 αὐτῷ
3391 2984 3458 3035 τὰ
3483 2982 3663 3036 πάντα

2083 3084 2216 3153 ἡμῖν
2240 3082 2556 3153 χαρίσεταις
2590 3100 2608 3132 ι
2642 3077 2797 3146 Εἶτα,
2817 3079 2937 3133 εἰπέ
2965 3097 3074 3148 μοι,
3098 3079 3215 3141 πῶς
3240 3077 3306 3132 ἂν
3331 3078 3502 3130 νοοῖτο
3521 3072 3659 3128 Θεοῦ

390 3177 667 3243 quomodo
719 3193 830 3231 non
866 3179 1029 3234 etiam
1074 3194 1200 3234 cum
1251 3181 1345 3235 illo
1387 3181 1571 3235 omnia
1626 3182 1786 3237 nobis
1808 3182 1979 3238 dona-

2085 3174 2215 3237 ἴδιος
2251 3173 2378 3236 Υίὺς
2420 3175 2448 3225 6
2499 3175 2564 3224 ὲκ
2602 3172 2707 3241 τῆς
2741 3172 2903 3239 ἁγίας
2938 3171 3250 3242 Παρθένους
3284 3170 3494 3239 ’Ὠσπερ
3547 3165 3658 3237 γὰρ

392 3268 583 3322 bit“?
610 3288 627 3320 ι
670 3269 770 3323 llic
806 3280 858 3325 te
888 3287 1036 3326 nunc
1066 3271 1365 3344 interrogo,
1395 3273 1674 3343 quomodo
1708 3274 1755 3329 is
1786 3274 1881 3344 qui
1912 3290 1982 3330 ex

393 3376 554 3415 sacra
576 3361 805 3433 Virgine
825 3373 983 3418 ortus
1003 3373 1107 3429 est,
1141 3365 1399 3436 proprius
1419 3366 1516 3421 Dei
1544 3366 1717 3421 Filius
1738 3368 1979 3438 appelle-

397 3452 528 3505 tur?
549 3451 693 3507 Sane
717 3461 778 3506 ut
810 3453 1053 3508 hominis
1071 3455 1453 3526 cujuscunque
1492 3456 1720 3512 alterius
1740 3458 1984 3512 animan-

393 3543 464 3598 tis
484 3544 768 3619 proprium
806 3545 859 3599 id
890 3560 1011 3601 esse
1043 3556 1192 3601 recte
1221 3547 1445 3613 dicitur,
1483 3546 1630 3617 quod
1658 3548 1983 3603 naturaliter

390 3649 460 3689 ex
489 3635 582 3689 illo
599 3636 876 3703 nascitur;
910 3636 984 3691 ita
1018 3639 1217 3693 merito
1240 3654 1458 3709 quoque
1487 3639 1543 3693 id
1573 3641 1856 3716 proprium
1884 3642 1983 3697 Dei

334 3778 351 3785 κ
393 3736 656 3781 censetur
701 3736 759 3781 el.
787 3730 1116 3797 appellatur,
1165 3730 1311 3800 quod
1360 3747 1426 3785 ex
1477 3730 1625 3785 illius
1674 3732 1983 3788 substantia

391 3816 756 3886 progignitur.
791 3818 909 3884 Qua
956 3819 1123 3890 igitur
1160 3822 1375 3876 ratione
1414 3820 1674 3877 Christus
1720 3825 1981 3893 proprius

391 3908 490 3961 Dei
526 3909 697 3963 Filius
728 3910 1066 3975 nominatur,
1093 3914 1186 3981 qui
1212 3923 1267 3967 et
1297 3929 1327 3967 a
1350 3914 1462 3967 Deo
1493 3930 1713 3984 quoque
1746 3926 1803 3970 et
1826 3917 1986 3972 Patre

391 3999 641 4052 omnium
681 4000 876 4057 salutis
904 4011 961 4057 et
987 4003 1113 4057 vita:
1148 4020 1314 4058 causa
1359 4004 1581 4069 oblatus
1614 4006 1987 4074 praedicatur?

400 4108 419 4141 ι
450 4089 709 4145 Traditus
757 4101 844 4147 est
883 4093 1030 4146 enim
1073 4102 1300 4162 propter
1340 4092 1541 4147 delicta
1582 4095 1831 4148 nostra”
1866 4112 1878 4147 :
1929 4102 1985 4149 et

393 4184 531 4251 ipse,
560 4182 861 4236 secundum
890 4183 1172 4252 propheta:
1200 4198 1412 4247 vocem,
1449 4185 1746 4239 multorum
1776 4184 1983 4254 iniqui-

394 4282 534 4327 tates
558 4272 613 4326 in
637 4287 867 4341 corpore
896 4288 997 4327 suo
1023 4274 1251 4343 pertulit
1281 4289 1447 4342 super
1470 4274 1677 4344 lignum
1703 4276 1767 4326 ⁸⁸.
1804 4294 1821 4325 ι
1858 4275 1984 4329 Pla-

392 4380 529 4419 num
572 4371 659 4419 est
688 4364 836 4431 quod
864 4364 931 4419 ad
973 4375 1297 4419 naturarum
1341 4365 1600 4419 unionem
1636 4364 1939 4435 respiciens
1964 4406 1978 4430 ,

391 4454 809 4509 Emmanuelem
836 4454 929 4524 qui
968 4470 1035 4509 ex
1056 4470 1211 4509 sacra
1238 4453 1460 4524 Virgine
1490 4461 1716 4508 exortus
1741 4462 1845 4519 εει,
1877 4455 1975 4510 Dei

2084 3265 2213 3319 ἴδιον
2240 3264 2551 3335 ἀνθρώπου,
2583 3265 2811 3333 καὶμὴν
2842 3264 3074 3317 ἑκάστου
3106 3263 3214 3316 τῶν
3248 3261 3451 3334 ἐτέρων
3483 3258 3659 3325 ζώων,

2080 3360 2142 3415 τὸ
2170 3359 2228 3426 ἐξ
2259 3358 2424 3413 αὐτοῦ
2468 3358 2608 3412 κατὰ
2652 3357 2816 3426 φύσιν
2854 3357 3250 3427 γεγεννημένον
3274 3373 3287 3385 ν
3318 3354 3491 3414 οὕτως
3532 3351 3667 3407 ἴδιον

2080 3451 2240 3515 Θεοῦ,
2270 3451 2335 3504 ὲκ
2359 3450 2459 3520 τῆς
2486 3449 2676 3513 οὐσίας
2691 3447 2855 3502 αὐτοῦ
2876 3448 3034 3501 νοοῖτ’
3062 3446 3127 3501 ἄν
3155 3441 3295 3499 εἶναι
3314 3446 3407 3497 καὶ
3426 3444 3660 3511 λέγοιτο.

2083 3546 2207 3609 Πῶς
2250 3542 2343 3597 οὖν
2390 3543 2519 3607 ἴδιος
2555 3540 2691 3596 Θεοῦ
2732 3540 2859 3604 Υἱὸς
2898 3540 3215 3609 ὠνόμασται
3243 3539 3271 3591 6
3308 3533 3563 3606 Χριστὸς,
3601 3534 3663 3597 ὃς

2083 3637 2179 3691 καὶ
2231 3637 2439 3690 δέδοται
2488 3634 2639 3706 παρὰ
2671 3632 2808 3687 Θεοῦ
2854 3634 2949 3687 καὶ
2998 3630 3211 3702 Πατρὸς
3251 3630 3350 3700 τῆς
3399 3628 3663 3681 ἁπάντων

2082 3731 2249 3784 ἕνεκα
2292 3729 2566 3801 σωτηρίας
2600 3729 2695 3782 καὶ
2734 3726 2919 3797 ζωῆς;
2954 3744 2971 3777 ι
3023 3721 3302 3794 Παρεδόθη
3342 3721 3448 3791 γὰρ
3480 3718 3569 3773 διὰ
3592 3718 3664 3773 τά

2086 3820 2508 3891 παραπτώματα
2557 3818 2745 3890 ἡμῶν,
2796 3820 2890 3871 καὶ
2952 3816 3114 3879 αὐτὸς
3163 3814 3409 3884 ἀνομίας.
3445 3810 3661 3865 πολλῶν

2086 3913 2387 3983 ἀνήνεγκεν
2421 3912 2477 3964 ὲν
2511 3909 2588 3981 τῷ
2618 3907 2830 3979 σώματι
2856 3905 3021 3962 αὐτοῦ
3046 3904 3139 3958 ἐπὶ
3160 3903 3221 3956 τὸ
3250 3901 3427 3968 ξύλον,
3469 3917 3486 3950 ι
3516 3898 3663 3953 κατὰ

2085 4002 2183 4073 τὴν
2217 4002 2311 4056 τοῦ
2358 4003 2640 4073 προφήτου
2677 4001 2883 4070 φωνήν.
2919 3997 3191 4069 Πρόδηλον
3218 3990 3328 4056 οῦν,
3355 3994 3436 4045 ὅτι
3464 3991 3523 4043 τὸ
3560 3992 3663 4061 τῆς

2084 4094 2333 4156 ὲνὼσεως
2365 4093 2556 4162 χρῆμα
2604 4091 2958 4161 παραληφθὲν
2988 4087 3318 4156 ἀναγκαίως,
3372 4084 3501 4137 ἴδιον
3531 4083 3665 4137 Υίὸν

2084 4181 2379 4247 ἀποφαίνει
2424 4179 2519 4232 τοῦ
2555 4179 2692 4232 Θεοῦ
2736 4180 2828 4232 τὸν
2884 4176 3252 4248 Ἐμμανουὴλ,
3307 4176 3398 4228 τὸν
3455 4178 3519 4227 ἐκ
3561 4174 3663 4244 τῆς

2087 4272 2247 4339 ἁγίας
2282 4270 2559 4340 Παρθένου
2583 4288 2596 4301 ·
2626 4270 2784 4340 σῶμα
2812 4270 2921 4341 γάρ
2950 4266 3017 4340 ἦν
3032 4271 3139 4339 οὐχ
3165 4269 3352 4339 ἑτέρου
3379 4267 3523 4329 τινὸς
3552 4266 3664 4319 τῶν

2086 4361 2209 4415 καθ’
2248 4363 2417 4432 ἡμᾶς,
2448 4361 2579 4413 ἴδιον
2603 4361 2658 4413 δὲ
2692 4362 2890 4430 μᾶλλον
2923 4361 3090 4415 αὐτοῦ
3112 4362 3205 4415 τοῦ
3237 4365 3300 4414 ἐκ
3321 4359 3415 4412 τοῦ
3449 4358 3663 4427 Πατρὸς

2085 4456 2237 4516 ὗντος
2268 4454 2465 4521 Λόγου,
2493 4453 2553 4506 τὸ
2579 4452 2835 4523 γεννηθὲν
2866 4453 2924 4518 ἐξ
2959 4454 3147 4523 αὐτῆς.

393 4546 595 4601 Filium
618 4545 844 4601 deﬁniat
885 4563 897 4599 :
930 4545 1378 4615 quandoquidem
1399 4560 1599 4615 corpus
1619 4545 1765 4614 quod
1799 4561 1867 4600 ex
1903 4561 1968 4600 ea
2005 4556 2197 4601 natum
2241 4553 2346 4609 est,
2382 4561 2492 4599 non
2537 4544 2764 4599 alterius
2795 4545 3099 4615 cujuspiam
3163 4545 3402 4599 hominis
3451 4546 3660 4600 nostri-

394 4642 508 4689 met
530 4636 743 4700 similis,
778 4635 873 4690 sed
899 4634 1072 4704 ipsius
1101 4634 1288 4698 Verbi,
1314 4635 1461 4704 quod
1488 4650 1554 4689 ex
1580 4635 1740 4689 Patre
1774 4644 1966 4689 natum
2005 4645 2109 4701 est,
2138 4637 2425 4706 proprium
2449 4644 2588 4691 erat.

464 4729 622 4793 Quod
655 4729 699 4781 si
729 4728 852 4798 quis
890 4728 1044 4782 illum
1087 4726 1235 4781 aliud
1260 4728 1399 4781 nihil
1428 4743 1593 4797 quam
1638 4727 1847 4781 nudum
1882 4726 1979 4781 Dei

2157 4730 2219 4782 Ei
2241 4730 2298 4783 δὲ
2327 4730 2391 4800 δὴ
2419 4729 2578 4800 ψιλὴν
2606 4729 2699 4783 καὶ
2743 4728 2912 4799 μόνην
2950 4728 3213 4797 ἀπονέμει
3253 4745 3337 4790 τις
3368 4726 3516 4797 αὐτῷ
3560 4729 3663 4800 τὴν

350 4830 365 4837 ’
398 4832 663 4886 organum
687 4818 963 4873 exstitisse
988 4818 1356 4883 contenderit,
1384 4819 1430 4873 is
1449 4820 1533 4874 vel
1563 4819 1769 4875 invitus
1791 4836 1977 4875 veram

2085 4819 2381 4890 ὀργανικὴν
2418 4819 2743 4889 ὑπουργίαν,
2775 4816 3090 4885 ἀποπέμψει
3121 4816 3212 4869 καὶ
3240 4816 3337 4885 οὐχ
3381 4817 3522 4870 ἑκὼν
3563 4822 3661 4873 καὶ

402 4907 520 4962 Filii
551 4908 817 4963 rationem
859 4909 937 4964 illi
969 4909 1204 4964 auferet.
1246 4911 1591 4980 Proponatur
1625 4911 1780 4966 verbi
1809 4927 1977 4966 causa

2082 4908 2177 4961 τοῦ
2222 4904 2359 4962 εἶναι
2404 4909 2547 4963 κατὰ
2590 4909 2843 4979 ἀλήθειαν
2881 4908 3022 4961 Υἱὸν.
3063 4908 3399 4961 ’Υποκείσθω
3430 4910 3540 4980 γάρ
3577 4929 3659 4973 τις

400 5000 565 5054 homo
592 5000 882 5069 quispiam,
910 5001 1001 5056 cui
1028 5000 1099 5056 sit
1119 5001 1263 5056 ﬁlius
1286 5002 1417 5072 lyra:
1433 5003 1735 5058 tractanda:
1758 5019 1979 5074 gnarus,

2081 5000 2158 5071 τῷ
2190 5000 2355 5072 λόγῳ,
2392 5000 2525 5072 φέρε
2554 5002 2748 5066 εἰπεῖν,
2782 5000 3093 5067 ἄνθρωπος·
3124 4998 3267 5053 ἔστω
3299 5000 3356 5052 δὲ
3383 5000 3534 5071 αὐτῷ
3564 5003 3659 5057 καὶ

398 5092 774 5161 psallendique
800 5093 1002 5163 oppido
1028 5094 1268 5164 peritus;
1296 5095 1564 5164 numquid
1591 5096 1681 5150 hic
1704 5096 1875 5167 lyram
1921 5103 1978 5149 et

2081 5094 2210 5154 παῖς
2238 5091 2307 5143 τὰ
2348 5092 2429 5155 εἰς
2464 5090 2634 5161 λύραν
2666 5091 2937 5160 τεχνίτης,
2980 5090 3074 5143 καὶ
3099 5089 3325 5159 ψάλλειν
3364 5090 3433 5143 τὰ
3460 5091 3658 5161 ἄριστα

402 5184 614 5252 reliqua
648 5183 889 5239 musices
928 5184 1298 5240 instrumenta
1325 5184 1522 5240 eodem
1548 5201 1673 5239 eum
1714 5185 1827 5239 ﬁlio
1860 5186 1979 5240 loco

2085 5182 2494 5253 μεμελετηκώς.
2529 5178 2676 5252 τΑρα
2709 5180 2803 5235 οὗν
2828 5183 2856 5233 ὁ
2879 5181 3120 5245 τοιοῦτος
3140 5181 3539 5250 καταλογιεῖται
3559 5179 3654 5247 τὴν

400 5281 460 5329 ει
480 5274 671 5329 ordine
698 5274 963 5330 habebit?
987 5276 1137 5330 Nihil
1168 5276 1314 5331 enim
1337 5276 1440 5331 hac
1465 5292 1523 5332 re
1552 5276 1662 5331 dici
1684 5286 1852 5347 queat
1884 5277 1979 5332 ab-

2081 5274 2253 5346 λύραν
2278 5276 2457 5329 καὶτὸ
2478 5274 2574 5344 τῆς
2604 5273 2750 5343 ᾠδῆς
2779 5273 3008 5343 ὄργανον
3033 5275 3092 5328 ὲν
3120 5274 3237 5328 υἱοῦ
3269 5273 3417 5337 τάξει
3447 5274 3542 5325 σὺν
3577 5269 3652 5338 τῷ

512 5430 557 5461 ⁸⁸
580 5431 683 5485 lsa.
708 5448 795 5495 χι,
817 5432 970 5493 9-H.
1070 5434 1115 5467 δ’
1150 5433 1337 5488 Matth.
1372 5450 1485 5496 vm,
1513 5433 1565 5486 ὅ.
1670 5432 1716 5463 ⁸⁸
1747 5430 1879 5484 Luc.
1908 5447 1979 5485 vn

2081 5431 2117 5484 l.
2210 5430 2254 5460 "
2280 5430 2433 5483 Joan.
2472 5446 2522 5493 τ,
2558 5429 2641 5483 ll.
2729 5431 2773 5463 ¹²
2808 5430 2945 5487 lbid.
2990 5433 3071 5489 16.
3184 5433 3228 5465 ⁵³
3265 5428 3451 5485 Matth.
3492 5440 3568 5491 ιιι,
3594 5423 3646 5477 5.

406 5500 451 5532 ⁸⁵
483 5502 642 5557 Rom.
681 5518 794 5567 vin,
821 5502 910 5567 3i,
943 5502 1029 5556 52.
1105 5504 1150 5534 ⁸⁸
1179 5503 1336 5558 Rom.
1370 5521 1442 5571 tv,
1468 5504 1557 5557 25.

1670 5432 1716 5463 ⁸⁸
1747 5430 1879 5484 Luc.
1908 5447 2002 5494 vn,
2030 5430 2117 5484 H.
2210 5430 2254 5460 “
2280 5430 2433 5483 Joan.
2472 5446 2522 5493 τ,
2558 5429 2641 5483 ll.
2729 5431 2773 5463 ¹²
2808 5430 2945 5487 lbid.
2990 5433 3071 5489 16.

1634 5502 1679 5533 ⁸⁸
1714 5502 1733 5555 l
1761 5502 1906 5557 Petr.
1933 5518 1992 5561 ιι.
2017 5500 2123 5566 24;
2161 5499 2260 5554 lsa.
2296 5515 2405 5563 Llll,
2429 5498 2481 5552 9.

1498 5640 1669 5696 Varia:
1696 5641 1961 5697 lectiones
1996 5638 2198 5695 codicis
2230 5637 2589 5709 Seguieriani.

485 5748 501 5798 ἰ
536 5749 803 5819 ἐπεφάνη.
