4028 6208
409 260 496 319 35
1883 257 2219 316 EPISTOLA
2259 256 2298 314 l.
3631 262 3698 319 3i

421 374 567 445 uti};
600 373 707 427 Καί
734 390 817 426 τοι
853 373 970 436 πῶς
1003 375 1104 427 οὐκ
1149 371 1340 442 εῦηθες
1374 373 1492 426 λίαν
1527 373 1586 426 τὸ
1615 374 1804 445 χρῆμά
1835 375 2007 437 ἐστινς

2117 395 2357 448 surdius.
2383 393 2663 464 Siquidem
2689 393 2805 464 lyra
2827 391 2894 447 ad
2919 393 3095 448 solum
3121 392 3256 449 artis
3284 405 3445 449 usum
3471 395 3699 450 assumi-

435 465 506 519 Ἦ
543 468 640 536 μὲν
661 466 771 536 γὰρ
797 465 938 536 λύρα
965 466 1044 528 είς
1071 464 1295 530 ἔνδειξιν
1327 466 1652 536 παρελήφθη
1676 467 1774 536 τῆς
1795 466 2013 537 τέχνης,

421 555 453 607 6
485 553 544 606 δέ
567 555 686 605 ἐστι
713 553 810 606 καὶ
831 552 1068 623 ὀργάνου
1107 553 1252 622 δίχα,
1293 552 1385 606 τοῦ
1419 554 1672 616 τεκόντος
1700 553 1835 616 υἱός.
1873 554 1934 606 Εἰ
1958 554 2014 605 δὲ

419 643 485 714 δὴ
519 645 682 710 φαῖεν
715 643 799 696 ὅτι
822 641 1156 713 παρελήφθη
1191 643 1328 714 πρὸς
1349 644 1653 712 ὑπουργίαν
1679 645 1707 698 6
1731 645 1796 697 ὲκ
1827 660 2014 710 γυναι·

419 735 542 798 xbg,
597 736 689 788 ἶνα
720 735 787 788 δι’
839 733 1007 788 αὑτοῦ
1055 735 1283 803 τελῆται
1327 736 1396 789 τὰ
1431 735 1708 806 θαύματα,
1756 737 1850 790 καὶ
1908 735 2015 790 τῶν

416 827 804 898 εῦαγγελικῶν
843 827 1234 898 θεσπισμάτων
1276 829 1572 899 ἁναλάμψῃ
1621 829 1682 882 τὺ
1727 830 2012 900 κήρυγμα,

416 921 670 988 λεγέσθω
702 922 798 974 καὶ
832 922 1064 984 ἕκαστος
1090 920 1199 973 τῶν
1224 921 1396 988 ἁγίων
1435 921 1730 994 προφητῶν
1763 922 2014 992 θεότητος

419 1014 681 1084 ὃργανον,
717 1013 812 1066 καὶ
843 1013 948 1081 πρό
983 1029 1045 1082 γε
1071 1013 1179 1065 τῶν
1209 1012 1385 1068 ἄλλων
1419 1013 1677 1068 ἁπάντων
1706 1017 1734 1069 6
1771 1015 2015 1086 ἱεροφάν-

417 1122 523 1169 της
553 1106 798 1175 Μωῦσῆς
819 1119 832 1131 ·
869 1105 928 1168 ὃς
955 1104 1209 1176 ἀνασχὼν
1246 1106 1347 1178 τὴν
1374 1106 1577 1178 ράὁδον
1619 1107 1875 1178 μετετίοη
1915 1108 2013 1178 μὲν

420 1200 505 1259 εἰς
531 1190 677 1265 αἷμα
707 1199 836 1260 τοὺς
882 1199 1195 1268 ποταμούς’
1228 1198 1668 1270 διαχωρίξων·δὲ
1712 1200 1808 1253 καὶ
1842 1201 2014 1270 αὐτὴν

420 1289 722 1351 θάλατταν,
753 1289 842 1342 διὰ
873 1289 1054 1359 μέσων
1088 1291 1226 1344 ἱέναι
1266 1291 1529 1360 κυμάτων
1561 1290 1782 1344 ἐκέλευε
1808 1295 1924 1355 τοῖς
1955 1291 2014 1356 ἐξ

433 1382 693 1452 Ἰσραήλο
731 1382 1010 1452 ἐπιφέρων
1039 1381 1096 1433 δὲ
1140 1383 1309 1452 αὐτὴν
1353 1382 1450 1436 καὶ
1503 1381 1752 1454 πέτραις,
1805 1383 2014 1438 ὑδάτων

420 1474 595 1535 αὑτὰς
623 1474 802 1526 ἐποίει
830 1473 1101 1544 μητέρας,
1119 1475 1213 1527 καὶ
1246 1474 1428 1545 πηγὴν
1458 1473 1629 1540 ἔδειξε
1651 1476 1752 1546 τὴν
1785 1476 2014 1548 ἀκρότο-

425 1583 557 1636 μονο
591 1569 687 1618 καὶ
729 1565 960 1636 μεσίτης
1005 1565 1197 1635 γέγονε
1249 1565 1385 1619 Θεοῦ
1427 1567 1522 1620 καὶ
1556 1567 1881 1638 ἀνθρώπων,
1919 1569 2014 1621 καὶ

422 1657 591 1725 νόμον
619 1656 867 1719 διάκονος
894 1652 984 1727 ἦν,
1034 1659 1129 1710 καὶ
1166 1656 1462 1726 καθηγεῖτο
1495 1656 1661 1712 λαῶν.
1708 1657 1872 1711 Οὐδὲν
1915 1655 2012 1712 οὖν

2119 497 2241 550 tur;
2271 485 2517 540 musicus
2559 494 2742 540 autem
2761 489 2864 539 etsi
2899 485 3124 540 omnino
3149 502 3359 556 organo
3381 497 3584 552 careat,
3609 501 3702 556 pa-

2117 575 2292 630 rentis
2323 575 2408 630 sui
2430 575 2576 631 ﬁlius
2601 592 2852 631 essenon
2879 574 3102 630 desinit.
3144 577 3299 644 Quod
3336 579 3382 632 si
3420 579 3572 632 illum
3606 578 3702 648 qui

2115 684 2182 722 cx
2217 668 2448 723 muliere
2491 676 2650 722 ortus
2687 676 2792 731 est,
2837 668 2904 722 ad
2941 667 3315 723 ministerium
3355 678 3701 739 assumptum

2115 760 2378 823 dixerint,
2401 767 2465 814 ut
2492 760 2756 814 miracula
2772 776 2873 830 per
2901 761 3054 814 illum
3075 760 3393 826 ederentur,
3415 760 3702 837 evangeli-

2115 867 2416 922 corumque
2442 853 2794 907 oraculorum
2821 852 3141 922 prmdicatio
3184 855 3584 924 invulganetur,
3603 868 3702 908 ea-

2115 941 2238 996 dem
2271 943 2489 997 licentia
2514 943 2820 1013 quemlibet
2839 953 3152 998 sanctorum
3187 946 3582 1015 prophetarum
3604 986 3618 1009 ,
3648 953 3703 1000 et

2114 1034 2390 1104 prteeipue
2426 1035 2862 1089 sacratissimum
2913 1033 3067 1089 illum
3098 1035 3353 1106 Moysen,
3397 1035 3704 1092 divinitatis

2115 1126 2542 1180 instrumentum
2561 1127 2833 1181 exstitisse
2851 1135 3168 1182 asscverent
3189 1145 3200 1179 :
3217 1127 3307 1181 hic
3323 1127 3470 1181 enim
3488 1127 3702 1182 sublata

2113 1218 2267 1288 virga
2304 1218 2687 1289 IEgyptiorum
2717 1219 2941 1273 ﬁumina
2975 1218 3031 1273 in
3077 1220 3398 1289 sanguinem
3438 1219 3699 1285 vertit";

2114 1311 2364 1380 marique
2386 1311 2440 1364 in
2460 1320 2649 1380 partes
2667 1311 3302 1375 (lisscctonraeliticum
3322 1311 3583 1381 populum
3605 1327 3703 1380 per

2113 1403 2354 1457 medium
2375 1401 2675 1458 traduxit"
2697 1410 2782 1457 :et
2801 1403 2952 1473 virga
2975 1417 3164 1457 saxum
3183 1403 3517 1473 percutiens,
3539 1403 3703 1458 uber-

2114 1493 2212 1546 tim
2244 1493 2608 1548 scaturientes
2632 1493 2807 1548 undas
2822 1493 3101 1563 produxit,
3137 1501 3193 1548 et
3223 1494 3388 1549 duras
3424 1504 3612 1549 cantes
3645 1495 3701 1548 in

2113 1597 2382 1649 aquarum
2421 1582 2602 1638 fontes
2632 1583 3056 1637 commutavit”
3087 1600 3100 1636 :
3130 1583 3402 1637 mediator
3436 1593 3701 1653 pra'terea

2113 1674 2209 1728 Dei
2237 1684 2292 1729 et
2315 1675 2600 1728 hominum
2625 1674 2668 1706 °°
2699 1682 2754 1728 et
2772 1673 2908 1743 legis
2928 1674 3182 1730 minister
3206 1677 3247 1707 ⁶¹
3268 1716 3282 1740 ,
3321 1675 3579 1744 etpopuli
3602 1677 3698 1730 dc-

368 1819 372 1822 ,
414 1746 530 1814 ἄρα
559 1744 618 1796 τὸ
651 1743 909 1815 περιττὸν
941 1746 999 1796 ὲν
1029 1745 1272 1815 Χριστῳ.
1300 1745 1393 1797 καὶ
1436 1744 1876 1818 πεπλεονέκτηκε
1911 1747 2007 1818 μὲν

2113 1766 2276 1836 nique
2300 1766 2407 1821 dux
2435 1776 2490 1821 et
2508 1766 2703 1820 doctor
2727 1765 2955 1820 exstitit.
2987 1765 3134 1820 Nihil
3171 1743 3407 1836 proinde
3433 1743 3698 1822 eximium

412 1834 670 1904 οὐδαμῶς
688 1835 819 1898 τοὺς
846 1835 952 1906 πρὸ
972 1835 1136 1888 αὑτοῦ
1155 1835 1468 1904 γεγονότας,
1490 1837 1537 1888 εἰ
1569 1835 1645 1898 ὡς
1674 1837 1732 1889 ὲν
1759 1837 2007 1907 ὁργάνων

415 1929 564 1992 τάξει
593 1947 658 1982 τε
698 1930 796 1983 καὶ
825 1929 983 2000 χρεία
1022 1929 1164 1982 κατὰ
1209 1927 1302 1981 τόν
1334 1929 1448 1982 ίσον
1483 1929 1684 2000 τρόπον
1718 1930 1815 1982 καὶ
1853 1923 2008 1994 οὗτος

423 2021 936 2090 παραλαμϐάνεται.
966 2021 1328 2092 Πεφλυὰρηκε
1352 2021 1432 2082 δὲ,
1462 2021 1608 2074 κατὰ
1628 2021 1690 2074 τὸ
1711 2021 1878 2084 εἰκὸς.
1913 2023 2008 2076 καὶ

415 2112 446 2164 6
477 2112 764 2176 Θεσπέσιος
793 2111 961 2164 Δαυῖδ
995 2113 1216 2164 κάκεῖνο
1245 2109 1415 2164 εἰπὼν
1453 2111 1538 2163 ὅτι
1573 2129 1592 2162 ι
1631 2111 1728 2174 Τίς
1761 2113 1820 2164 ὲν
1852 2112 2008 2180 νεφέ-

417 2202 547 2266 λαις
589 2203 910 2274 ἱσωθήσεται
949 2201 1027 2273 τῷ
1075 2201 1296 2272 Κυρίῳς
1325 2201 1436 2256 Καὶ
1478 2202 1564 2266 τίς
1607 2201 2007 2274 ὁμοιωθήσεται

426 2293 508 2363 τῷ
534 2294 720 2364 Κυρίῳ
754 2296 812 2348 ὲν
842 2296 980 2357 υἱοῖς
1013 2293 1180 2359 Θεοῦ;
1216 2312 1234 2345 ι

689 2388 718 2440 ὅ
767 2404 830 2455 γε
879 2385 1194 2454 σοφώτατος
1237 2383 1451 2448 Παῦλος
1495 2382 1755 2438 τελοῦντα
1808 2384 1907 2456 μὲν
1949 2385 2006 2438 ὲν

409 2479 657 2541 οίκέταις
705 2479 1006 2548 ἀποφαίνει
1054 2478 1332 2542 Μωῦσέα,
1366 2477 1501 2532 Θεὸν
1545 2477 1603 2530 δὲ
1649 2478 1744 2530 καὶ¹
1803 2477 2005 2546 Κύριον

410 2571 692 2624 ἀποκαλεί
733 2571 826 2624 τὸν
874 2572 938 2623 ὲκ
988 2570 1246 2638 γυναικὸς
1299 2568 1662 2639 οἰκονομικῶς
1717 2569 2002 2638 γεγονότα,

409 2663 665 2716 τουτέστι
692 2663 951 2734 Χριστόν.
981 2661 1231 2732 Γέγραφε
1265 2660 1375 2732 γὰρ
1405 2655 1539 2715 ὧδε’
1579 2680 1601 2713 ι
1633 2661 1819 2724 Ὥστε,
1853 2661 2006 2715 ἁδελ-

411 2757 506 2824 φοὶ
528 2757 702 2824 Ξγιοι,
738 2755 988 2825 κλήσεως
1017 2753 1344 2825 ἐπουρανίου
1367 2754 1605 2824 μέτοχοι,
1629 2753 2004 2822 κατανοήσατε

407 2848 503 2900 τὸν
554 2846 862 2901 ἀπόστολον
917 2846 1013 2898 καὶ
1054 2845 1318 2917 ἀρχιερέα
1363 2844 1465 2915 τῆς
1506 2844 1798 2915 ὁμολογίας
1848 2844 2005 2916 ἡμῶν

421 2939 638 3010 Ἰησοῦν
690 2939 883 2994 πιστὸν
929 2939 1060 2992 ὄντα
1109 2937 1187 3008 τῷ
1240 2939 1526 3009 ποιήσαντι
1572 2936 1757 3002 αὑτὸν,
1798 2937 1872 3000 ὠς
1910 2937 2005 2990 καὶ

406 3033 550 3088 Man-3
562 3033 658 3102 σῆς
687 3033 747 3084 ὲν
778 3031 886 3100 ὅλῳ
915 3030 993 3101 τῷ
1025 3030 1160 3100 οίκῳ
1193 3029 1381 3085 αὑτοῦ.
1417 3028 1668 3092 Πλείονος
1701 3027 1810 3098 γὰρ
1846 3025 2004 3099 δόξης

2114 1857 2172 1910 in
2213 1857 2436 1912 Christo
2463 1858 2677 1922 fuisset,
2703 1871 2806 1911 nec
2830 1857 2995 1910 ullam
3042 1856 3096 1910 in
3114 1866 3325 1928 partem
3345 1865 3575 1913 cmtcros
3604 1859 3699 1928 qui

2113 1946 2268 2001 illum
2299 1956 2746 2012 antecesserant,
2775 1948 3148 2012 excelluisset,
3179 1949 3225 2003 si
3249 1939 3444 2019 etipse
3479 1963 3699 2018 quoque

2111 2055 2267 2110 atque
2300 2055 2364 2094 ac
2387 2040 2461 2093 illi
2498 2041 2854 2095 instrumenti
2872 2041 3050 2095 vicem
3071 2041 3394 2110 expleverit.
3424 2041 3528 2112 16
3551 2040 3698 2096 Con-

2113 2146 2350 2202 sequens
2373 2131 2430 2187 ﬁt
2451 2147 2584 2202 ergo
2611 2132 2863 2186 divinum
2898 2132 3160 2186 Davidem
3183 2133 3401 2203 nugari,
3429 2134 3700 2202 planeque

2113 2222 2370 2292 ineptire,
2402 2222 2533 2277 dum
2551 2223 2664 2277 ait:
2707 2242 2724 2273 ι
2755 2222 2890 2289 Quis
2910 2223 2965 2278 in
2995 2223 3560 2294 nubibuszequabitur
3591 2224 3698 2277 Do-

2112 2315 2302 2371 mino?
2333 2315 2543 2386 thuis
2561 2315 2760 2371 similis
2787 2316 2894 2370 erit
2917 2315 3150 2370 Domino
3182 2316 3234 2369 in
3259 2315 3386 2370 ﬁliis
3415 2316 3534 2385 ejus
3557 2315 3642 2367 "il
3673 2335 3690 2365 ι

2180 2409 2250 2464 At
2289 2407 2730 2478 sapientissimus
2776 2407 2979 2464 Paulus
3033 2407 3278 2480 Moysen,
3330 2407 3398 2462 ad
3437 2407 3699 2462 Hebraeos

2111 2500 2380 2566 scribens,
2409 2501 2729 2556 domesticis
2756 2509 3114 2567 annumerat;
3155 2516 3281 2556 eum
3309 2515 3462 2563 vero,
3487 2499 3581 2568 qui
3609 2498 3696 2552 di-

2110 2594 2238 2649 vina
2280 2593 2690 2664 dispensatione
2720 2610 2790 2649 ex
2834 2593 3068 2651 muliere
3108 2603 3272 2648 natus
3313 2602 3429 2655 est,
3467 2591 3571 2644 hoc
3614 2597 3700 2644 est

2109 2685 2416 2752 Christum,
2444 2687 2616 2740 Deum
2643 2701 2707 2741 ac
2734 2687 3027 2741 Dominum
3074 2694 3254 2739 vocat.
3300 2683 3506 2739 Scribit
3547 2682 3698 2737 enim

2111 2780 2261 2835 hunc
2289 2780 2344 2834 in
2379 2779 2604 2833 modum
2637 2795 2650 2832 :
2687 2798 2705 2828 ι
2735 2777 2914 2842 Unde,
2938 2777 3136 2831 fratres
3155 2774 3362 2838 sancti,
3392 2773 3698 2828 vocationis

2111 2871 2352 2926 caelestis
2377 2869 2694 2940 participes,
2719 2869 3064 2924 considerate
3095 2867 3404 2938 apostolum
3431 2874 3485 2920 et
3510 2865 3694 2935 ponti-

2112 2961 2271 3017 ﬁcem
2303 2961 2669 3017 confessionis
2705 2969 2933 3024 nostraa,
2959 2959 3178 3022 Jesum,
3212 2959 3305 3029 qui
3336 2957 3512 3012 ﬁdelis
3536 2967 3620 3011 est
3643 2956 3696 3011 ei

2111 3053 2206 3124 qui
2233 3052 2362 3108 fecit
2392 3053 2568 3116 illum,
2602 3052 2746 3107 sicut
2769 3059 2826 3106 et
2861 3051 3074 3122 Moyses
3103 3050 3157 3104 in
3191 3049 3340 3104 omni
3361 3049 3526 3104 domo
3553 3049 3694 3119 ejus.

407 3121 574 3187 οὗτος
599 3125 752 3194 παρὰ
779 3124 1018 3193 Μωῦσῆν
1041 3122 1293 3192 ἠξίωται,
1313 3121 1433 3177 καθ’
1453 3124 1578 3177 ὅσον
1600 3122 1820 3176 πλείονα
1841 3121 2007 3191 τιμὴν

2113 3121 2412 3216 Ᾰιῐιριίοτίε
2459 3143 2608 3199 enim
2651 3142 2839 3211 gloriaz
2877 3121 2980 3196 iste
3018 3157 3129 3211 pra:
3158 3139 3338 3212 Moyse
3376 3139 3576 3209 dignus
3611 3147 3697 3192 est

417 3218 544 3286 ἱχει
579 3215 676 3269 τοῦ
708 3217 893 3269 olm-J6
914 3217 1334 3279 κατασκευάσας
1362 3215 1544 3270 αὐτόν.
1578 3217 1694 3279 Πᾶς
1725 3215 1833 3286 γὰρ
1857 3212 2001 3277 οἶκος

421 3304 893 3368 κατασκευάζεται
943 3306 1048 3359 ῦπό
1096 3320 1274 3369 τινος·
1311 3306 1340 3358 ὁ
1387 3304 1444 3358 δὲ
1490 3306 1559 3360 τὰ
1604 3306 1781 3360 πάντα
1829 3319 2000 3356 κατα-

421 3397 725 3458 σκευάσας,
759 3394 912 3457 Θεός.
943 3395 1056 3448 Kal.
1087 3397 1328 3466 Μωῦσῆς
1357 3396 1456 3466 μὲν
1485 3395 1674 3456 πιστὸς
1702 3397 1760 3448 ὲν
1789 3394 1896 3465 ὅλῳ
1927 3392 2003 3465 τῷ

414 3488 557 3557 οἶκῳ
584 3486 753 3540 αὐτοῦ
773 3486 854 3549 ὡς
878 3487 1154 3557 θεράπων,
1185 3487 1266 3550 είς
1294 3487 1600 3557 μαρτυρίαν
1629 3487 1744 3539 τῶν
1764 3485 2005 3557 λαληθη-

305 3643 318 3655 ,
417 3585 695 3653 σομένων·
733 3582 969 3653 Χριστὸς
1010 3581 1066 3634 δὲ
1099 3581 1175 3643 ὡς
1203 3580 1319 3638 υἱὸς
1353 3581 1448 3633 ἐπὶ
1489 3581 1582 3634 τὸν
1625 3576 1774 3634 οἷκον
1814 3577 2002 3645 αὑτοῦ,

415 3674 476 3734 οὗ
506 3675 655 3742 οἶκός
701 3679 872 3747 ἐσμεν
902 3679 1084 3748 ήμείς.
1123 3696 1142 3727 ι
1185 3676 1378 3747 Ἀθρει
1419 3676 1483 3747 δὴ
1507 3672 1602 3730 οῦν
1644 3676 1791 3738 ὅπως
1822 3675 1916 3728 καὶ
1944 3674 2006 3727 τὸ

416 3771 513 3840 τῆς
546 3769 974 3842 ἁνθρωπότητος
1011 3767 1178 3822 αὑτοῦ
1215 3769 1488 3839 τετήρηκε
1527 3767 1746 3839 μέτρον,
1783 3767 2006 3837 καὶτῆς

417 3862 681 3914 ἀνωτάτω
716 3860 876 3928 δόξης
913 3859 1006 3912 καὶ
1051 3857 1393 3930 θεοπρεποῦς
1421 3858 1578 3924 ἀξίας
1618 3857 1883 3927 ἀπονέμει
1905 3855 2004 3925 τὴν

418 3953 721 4022 ὑπεροχήν.
768 3951 1055 4021 ’Ᾱρχιερέα
1088 3951 1194 4019 γὰρ
1231 3951 1325 4003 καὶ
1352 3949 1650 4004 ἀπόστολον
1690 3949 1882 4012 εἰπὼν,
1911 3947 2005 4001 καὶ

420 4045 529 4115 μὴν
562 4047 655 4096 καὶ
680 4044 936 4112 γένεσθαι
962 4043 1153 4096 πιστὸν
1178 4042 1256 4114 τῷ
1278 4044 1564 4112 ποιήσαντι
1587 4042 1750 4095 αὐτὸν
1772 4037 1830 4095 εὖ
1859 4041 2004 4111 μάλα

413 4137 924 4206 διαὸεὖαιούμενος,
941 4135 1268 4207 τετιμῆσθαι
1301 4133 1608 4206 μειζόνωςῆ
1638 4133 1782 4188 κατὰ
1801 4133 2005 4188 Μωσέα

422 4232 592 4299 φησί,
621 4228 739 4281 καθ’
760 4230 883 4282 ὅσον
914 4229 1138 4282 πλείονα
1162 4227 1328 4299 τιμὴν
1348 4226 1571 4298 ἔχειτοῦ
1598 4226 1750 4279 οἴκου
1779 4227 1807 4278 ὁ
1835 4241 2006 4279 κατα-

418 4320 704 4384 σκευάσας
748 4321 934 4375 αῦτόν.
984 4319 1122 4375 Εἶτα
1170 4321 1442 4392 προάγει⁹
1483 4339 1501 4372 ι
1549 4319 1662 4382 Πᾶς
1696 4318 1808 4387 γὰρ
1850 4315 2004 4380 οἶκος

415 4414 900 4478 κατασκευάζεται
916 4413 1020 4467 ὑπό
1043 4431 1189 4477 τινος
1204 4429 1216 4442 ·
1245 4415 1274 4466 ὁ
1293 4412 1350 4467 δὲ
1371 4411 1440 4466 τὰ
1461 4413 1638 4466 πάντα
1665 4410 2006 4464 κατασκευά-

2111 3239 2354 3301 habitus,
2399 3245 2607 3306 quanto
2635 3235 2956 3306 ampliorem
3000 3235 3263 3288 honorem
3291 3232 3454 3288 habet
3477 3232 3694 3294 domus,

2110 3327 2204 3397 qui
2235 3325 2523 3380 fabricavit
2558 3323 2726 3378 illam.
2763 3323 2956 3380 Omnis
2982 3338 3218 3392 namque
3241 3321 3438 3376 domus
3464 3321 3699 3375 fabrica-

2113 3426 2202 3471 tur
2222 3417 2290 3474 al)
2314 3416 2499 3486 aliquo
2524 3435 2536 3469 :
2564 3416 2658 3486 qui
2684 3423 2868 3471 autem
2910 3414 3094 3469 omnia
3136 3413 3377 3476 creavit,
3413 3413 3556 3466 Deus
3587 3418 3691 3465 est.

2112 3509 2179 3564 Et
2213 3509 2424 3579 Moyses
2459 3509 2683 3579 quidem
2727 3506 2906 3562 ﬁdelis
2948 3513 3070 3561 erat
3121 3505 3176 3558 in
3223 3511 3337 3558 tota
3367 3503 3530 3557 domo
3576 3502 3697 3571 cjus

2113 3607 2374 3670 tanquam
2411 3599 2670 3662 famulus,
2719 3599 2775 3652 in
2808 3595 3189 3654 testimonium
3227 3609 3419 3648 eorum
3449 3607 3572 3662 qua:
3606 3591 3694 3646 di-

2111 3691 2286 3748 cenda
2339 3699 2499 3746 erant
2541 3709 2554 3743 :
2596 3689 2851 3746 Christus
2909 3696 3095 3742 autem
3145 3695 3403 3754 tanquam
3454 3683 3599 3737 ﬁlius
3638 3683 3693 3737 in

2112 3782 2276 3837 domo
2301 3797 2419 3845 sua,
2439 3781 2596 3850 cujus
2628 3779 2825 3834 domus
2849 3793 2950 3834 nos
2991 3776 3262 3833 sumus“.
3311 3796 3330 3829 ι
3372 3777 3573 3833 lterum
3607 3784 3694 3831 at-

2112 3889 2220 3944 que
2246 3875 2446 3928 iterum
2480 3872 2570 3927 hic
2608 3869 2745 3926 mihi
2771 3869 3020 3941 expende
3047 3869 3325 3940 quomodo
3349 3879 3405 3924 et
3441 3870 3695 3924 humanae

2110 3975 2324 4021 natura:
2354 3963 2723 4035 proprietates
2749 3963 2988 4034 integras
3025 3963 3104 4017 illi
3131 3968 3440 4026 conservet,
3464 3969 3520 4015 et
3540 3977 3692 4015 sum-

2111 4073 2214 4113 ma:
2253 4057 2612 4112 nihilominus
2635 4056 2847 4125 solique
2891 4056 3003 4110 Deo
3020 4054 3396 4110 convenientis
3421 4052 3606 4123 gloria:
3629 4067 3694 4106 ac

2113 4149 2396 4220 dignitatis
2429 4147 2815 4204 excellentiam
2849 4147 3030 4202 eidem
3057 4146 3286 4201 tribuat.
3324 4146 3512 4201 Primo
3535 4158 3690 4198 nam-

2112 4257 2220 4312 que
2254 4241 2562 4311 apostolum
2606 4254 2670 4294 ac
2709 4238 3025 4309 pontiﬁcem
3051 4238 3204 4293 illum
3243 4246 3438 4303 vocat;
3475 4251 3601 4290 mox
3639 4235 3691 4289 ei

2113 4334 2207 4404 qui
2239 4334 2370 4388 fecit
2409 4333 2585 4394 illum,
2618 4331 2834 4386 ﬁdelem
2871 4330 3146 4386 exstitisse
3179 4331 3538 4400 pronuntiat:
3587 4344 3690 4398 po-

2113 4434 2320 4480 stremo
2362 4424 2629 4494 dignitate
2669 4433 2729 4478 et
2761 4423 2970 4477 honore
3001 4429 3212 4475 tantum
3243 4419 3465 4491 Moysen
3505 4418 3690 4473 excel-

414 4523 540 4571 σας,
572 4506 735 4568 Θεός.
787 4523 808 4556 ι
845 4504 1051 4560 Οὐκοῦν
1075 4505 1338 4558 τέτακται
1383 4503 1486 4574 μὲν
1514 4503 1572 4555 έν
1598 4503 1866 4572 ποιήμασι
1911 4501 2005 4552 καὶ

2113 4516 2278 4570 luisse
2315 4524 2613 4580 asseverat,
2649 4523 2915 4584 quantum
2966 4514 3296 4568 architectus
3321 4509 3484 4564 domo
3527 4525 3692 4579 quam

415 4599 471 4650 ἐν
499 4601 624 4659 τοῖς
667 4599 1142 4668 κατασκευασμοῖς
1177 4597 1203 4636 ιι
1230 4597 1258 4650 6
1287 4594 1576 4657 θεσπέσιος
1605 4594 1846 4663 Μωῦσῆς
1864 4609 1877 4622 °
1916 4609 2010 4645 κασ

419 4689 816 4759 τασκευαστής
841 4690 896 4742 δὲ
922 4690 1129 4744 τούτων
1173 4691 1202 4742 6
1243 4688 1352 4743 τῶν
1394 4689 1532 4743 ὅλων
1574 4687 1741 4752 Θεός·
1779 4683 2004 4741 καίτοιι

429 4782 561 4834 Θεοῦ
599 4781 901 4851 λεγομένου
947 4782 1356 4837 κατασκευάσαι
1390 4782 1460 4835 τὰ
1493 4781 1694 4834 πάντα.
1743 4779 1875 4842 Θεὸς
1913 4775 2008 4832 οῦν

431 4873 544 4941 ἄρα
569 4873 657 4926 καὶ
688 4872 944 4944 ἀληθινὸς
968 4873 1355 4938 άνενδοιάστως
1381 4873 1517 4927 ἐστί.
1556 4892 1574 4925 ι
1615 4873 1728 4928 Kal.
1766 4871 2010 4942 Μωῦσῆς

423 4965 534 5038 μὲν
557 4966 628 5029 ὼς
663 4966 924 5036 θεράπων
951 4970 1009 5020 ὲν
1033 4967 1140 5036 ὅλῳ
1167 4967 1247 5038 τῷ
1269 4968 1402 5038 οῐκῳ
1429 4965 1596 5020 αὑτοῦ
1629 4965 1843 5031 πιστὸς,
1871 4967 2010 5038 Χρι-

420 5059 551 5121 στος
579 5059 636 5112 δὲ
663 5059 740 5122 ὡς
768 5059 882 5121 υἱὸς
915 5061 1009 5112 ἐπὶ
1041 5059 1134 5114 τὸν
1162 5057 1312 5114 οἷκον
1345 5059 1510 5114 αὑτοῦ
1533 5076 1546 5090 ο
1580 5053 1640 5113 οὗ
1672 5057 1820 5123 οἶκός
1841 5059 2008 5130 ἐσμεν

410 5153 586 5222 ἡμεῖς
603 5167 616 5181 ’
642 5169 662 5202 ι
693 5150 868 5204 καίτοι
894 5149 1032 5204 Θεοῦ
1082 5151 1333 5220 λέγοντος
1351 5152 1441 5206 διὰ
1468 5151 1654 5222 φωνῆς
1675 5149 1972 5222 προφητῶν
1988 5167 2002 5182 ·

415 5262 435 5294 ι
482 5243 612 5296 Ὅτι
636 5242 908 5313 ὲνοικήσω
937 5243 995 5295 ἐν
1024 5241 1230 5307 αὐτοῖς,
1265 5243 1360 5296 καὶ
1403 5244 1858 5315 ὲμπεριπατήσω,
1912 5241 2006 5295 καὶ

477 5399 528 5429 "
567 5397 743 5454 Exod.
783 5415 876 5463 vn,
907 5399 996 5454 19.
1072 5399 1118 5430 ⁸⁸
1145 5399 1318 5454 Exod.
1346 5416 1455 5460 XIV,
1478 5398 1568 5463 2|,
1594 5397 1684 5452 22.
1761 5397 1806 5429 ⁸³
1840 5395 2011 5452 Exod.
2037 5410 2165 5462 xvn,
2194 5395 2248 5460 6,
2285 5396 2352 5462 7;
2405 5395 2547 5450 Psal.
2581 5410 2729 5460 cxm,
2765 5393 2816 5448 8.

412 5487 494 5537 In,
516 5469 612 5524 24.
693 5469 738 5501 ⁶²
772 5469 920 5524 Psal.
948 5485 1200 5536 Lxxxvm,
1228 5472 1278 5523 7.
1351 5471 1396 5502 “
1424 5470 1590 5525 llebr.
1619 5485 1697 5533 ιιι,
1721 5468 1829 5522 1-6.

2106 4607 2417 4670 fabricavit,
2439 4606 2612 4676 gloria
2650 4614 2891 4676 praestat.
2921 4603 3216 4676 Subjungit
3240 4601 3440 4657 deinde
3470 4618 3483 4654 :
3519 4619 3536 4651 ι
3561 4599 3691 4656 Om-

2107 4698 2196 4752 nis
2225 4696 2373 4752 enim
2405 4695 2603 4750 domus
2643 4695 2946 4750 fabricatur
2969 4695 3039 4750 ab
3081 4695 3267 4764 aliquo
3297 4709 3310 4746 :
3348 4690 3394 4746 is
3427 4706 3561 4746 vero
3597 4692 3691 4761 qui

2108 4787 2294 4843 omnia
2323 4785 2564 4849 creavit,
2607 4786 2754 4840 Deus
2799 4795 2903 4842 est.
2935 4805 2953 4836 ι
2991 4785 3223 4840 Divinus
3254 4784 3440 4852 itaque
3475 4782 3692 4854 Moyses

2113 4879 2262 4934 inter
2293 4879 2389 4932 res!
2421 4875 2647 4932 eﬁ'ectas
2683 4884 2741 4931 et
2777 4884 3082 4931 structuras
3125 4881 3426 4928 censetur:
3459 4881 3515 4928 at
3557 4886 3694 4928 vero

2114 4968 2371 5025 Christus
2401 4967 2650 5023 omnium
2682 4966 2868 5038 opifex
2899 4966 3230 5020 declaratur.
3258 4963 3327 5018 Et
3354 4962 3482 5034 quia
3507 4960 3691 5018 omnia

2115 5061 2338 5117 condita
2381 5061 2516 5116 dicit
2556 5077 2589 5116 a
2626 5061 2759 5125 Deo,
2791 5059 3071 5115 Christum
3111 5070 3303 5110 verum
3353 5056 3526 5110 Deum
3568 5068 3692 5108 esse

2115 5153 2342 5208 omnino
2407 5152 2783 5208 necessarium
2843 5157 2945 5205 est.
3010 5147 3178 5202 Addit
3244 5159 3465 5200 rursum
3505 5161 3521 5199 :
3559 5163 3580 5196 ι
3623 5144 3693 5199 Et

2112 5241 2326 5313 Moyses
2347 5241 2572 5312 quidem
2599 5251 2858 5310 tanquam
2890 5237 3128 5292 famulus
3153 5237 3210 5292 in
3234 5245 3347 5292 tota
3374 5236 3495 5308 ejus
3527 5234 3694 5292 domo

2908 5393 2954 5426 ⁶⁰
2987 5393 3008 5449 1
3039 5393 3181 5450 Tim.
3221 5409 3279 5461 tt,
3312 5392 3366 5449 5.
3441 5391 3482 5424 “
3508 5389 3686 5447 Galat.

1516 5582 1691 5637 Varia:
1723 5580 1986 5636 lectiones
2012 5577 2218 5635 codicis
2251 5576 2612 5648 Seguieriani.

489 5705 521 5746 ι
556 5705 1139 5772 κατασκευαζομένοις.
1187 5703 1203 5744 ι
1231 5704 1289 5758 δὲ
1315 5703 1453 5759 ὅλων
1474 5702 1740 5757 δέδεικται
1769 5699 2020 5770 Χριστός.
2053 5699 2164 5755 Καί
2188 5681 2306 5752 τοιί
