4028 6208
322 332 393 388 35
1156 336 1180 369 ι¹

322 442 501 499 ﬁdelis
522 451 675 505 erat,
721 440 973 498 Christus
1008 449 1193 496 autem
1248 450 1508 507 tanquam
1550 438 1699 491 ﬁlius
1738 450 1905 505 supra

1337 327 1394 382 S.
1435 323 1710 383 CYRILLI
1752 318 2220 377 ALEXANDRINI
2257 316 2577 373 ARClllEP.
2858 307 2910 360 Β
3513 316 3583 373 36

2011 434 2204 503 ἔσομαι
2234 431 2414 485 αὐτῶν
2439 431 2593 494 Θεὸς,
2639 430 2734 483 καὶ
2770 429 2927 483 αὐτοὶ
2982 428 3194 482 ἔσονταί
3255 446 3343 499 μοι
3378 431 3525 494 λαός.
3558 454 3578 486 ι

319 534 545 588 domum
596 534 744 589 illius
799 543 905 596 est,
942 534 1103 604 cujus
1137 530 1336 585 domus
1379 543 1483 583 nos
1517 542 1731 591 sumus,
1766 545 1784 578 ι
1820 527 1976 597 juxta
2009 524 2151 578 .illnd
2190 523 2475 593 prephetae
2509 539 2521 574 :
2571 541 2589 571 ι
2619 518 2889 586 Quoniam
2934 518 3197 574 habitabo
3245 520 3305 575 in
3355 522 3495 588 illis,
3528 535 3586 579 et

319 626 615 680 aiuhulabo
672 639 795 677 cum
857 622 1010 685 illis,
1077 629 1133 676 et
1198 635 1297 675 ero
1358 619 1581 673 illorum
1631 618 1796 681 Deus,
1846 625 1905 671 et
1942 614 2045 686 ipsi
2070 623 2236 668 erunt
2259 610 2651 681 mihipopnlus
2675 608 2739 662 “.
2782 627 2801 661 ο

392 716 601 772 Dixerit
657 714 799 769 forte
832 713 1105 782 quiSpiam
1146 728 1161 765 :
1202 710 1407 780 Ecquis
1436 710 1540 763 hoc
1566 708 1709 761 inter
1740 705 1902 761 Chri-
1931 719 1977 774 Α

322 816 472 861 stum
532 814 592 862 et
634 806 854 875 Moysen
888 802 1188 856 discrimen
1218 814 1515 871 agnoscere
1547 797 1756 867 queat?
1797 797 1899 850 Et-

322 896 471 951 enim
491 895 537 950 si
562 890 791 962 uterque
821 906 889 945 ex
923 892 1153 945 muliere
1181 888 1499 960 progenitus
1526 896 1630 950 est,
1669 899 1902 955 quomo-

324 983 400 1038 do
429 984 570 1038 alter
618 990 703 1036 est
725 982 782 1034 in
817 979 982 1034 domo
1015 988 1268 1049 tanquam
1306 976 1449 1031 ﬁdus
1478 976 1735 1040 famulus,
1762 974 1901 1029 alter

324 1091 461 1129 vero
509 1082 771 1143 tanquam
839 1082 1037 1126 natura
1079 1070 1225 1124 ﬁlius
1252 1078 1310 1123 et
1336 1067 1592 1122 dominas
1617 1077 1782 1137 supra
1799 1065 1904 1120 do-

325 1183 476 1222 mum
504 1166 672 1229 illius,
700 1181 821 1235 qua:
844 1164 1041 1218 domus
1063 1176 1165 1216 nos
1189 1159 1413 1215 sumus?
1432 1160 1540 1215 Res
1560 1160 1696 1224 hzec,
1718 1167 1780 1213 ut
1801 1172 1913 1229 ego

324 1259 549 1329 quidem
586 1257 783 1320 sentio,
817 1256 884 1309 iis
932 1254 1026 1323 qui
1054 1252 1270 1323 ingenio
1302 1251 1401 1320 l7
1425 1251 1627 1314 valent,
1649 1264 1901 1304 sensum-

325 1366 433 1419 que
458 1358 514 1404 et
548 1357 785 1403 mentem
815 1346 1037 1410 Christi,
1057 1352 1115 1399 ut
1144 1344 1440 1413 Apostolus
1466 1341 1775 1412 loquitur",
1798 1342 1901 1396 ob-

330 1440 523 1503 tinent,
588 1438 906 1506 neutiquam
950 1436 1186 1488 obseura
1233 1442 1336 1488 est.
1402 1433 1614 1504 Moyses
1663 1446 1901 1502 namque

326 1541 447 1585 erat
499 1532 663 1583 homo
686 1525 968 1582 servitutis
992 1526 1123 1597 jugo
1154 1540 1382 1594 pressus
1408 1542 1421 1588 ;
1462 1524 1714 1580 Christus
1733 1538 1898 1589 vero,

330 1634 392 1678 ut
425 1624 568 1676 Deus
596 1629 651 1675 et
676 1618 1063 1673 universorum
1086 1616 1444 1680 architectus,
1468 1626 1663 1687 suapte
1703 1623 1900 1669 natura

330 1712 469 1765 liber
494 1717 631 1765 erat.
676 1708 812 1763 Nam
840 1706 943 1761 etsi
984 1706 1158 1760 nostri
1182 1721 1347 1760 causa
1375 1705 1433 1760 in
1465 1702 1900 1760 exinanitionem

328 1801 692 1856 voluntariam
710 1813 829 1853 sese
853 1797 1081 1853 demisit
1111 1798 1176 1863 “,
1198 1812 1263 1852 ea
1290 1806 1471 1851 tamen
1492 1796 1728 1869 abjeetio
1754 1796 1895 1850 divi-

328 1906 453 1945 nam
486 1889 713 1960 gloriam
760 1888 839 1942 illi
885 1901 1233 1956 nequaquam
1262 1885 1486 1948 adimet,
1518 1900 1622 1940 nec
1645 1900 1674 1939 a
1706 1900 1902 1954 supre-

327 1999 414 2037 ma
455 1983 545 2037 illa
582 1980 908 2036 excellentia
959 1993 1123 2048 quam
1153 1992 1318 2046 super
1353 1992 1544 2031 omnes
1568 1976 1754 2042 habet,
1790 1976 1901 2031 ulla

326 2093 393 2132 cx
418 2085 575 2145 parte
633 2076 813 2145 ipsum
872 2072 1149 2128 excludet.
1208 2069 1664 2139 Quandoquidem
1708 2077 1768 2124 ut
1798 2084 1901 2124 nos

329 2166 527 2236 Spiritu
583 2165 755 2235 ipsius
790 2163 1105 2233 locupletati
1136 2161 1213 2230 (in
1240 2160 1442 2214 nostris
1467 2160 1616 2214 enim
1637 2160 1900 2216 cordibus

327 2258 418 2313 hic
443 2257 714 2311 inhabitat
730 2257 819 2321 ⁵⁷),
834 2255 977 2309 inter
998 2253 1140 2307 ﬁlios
1151 2252 1249 2307 Dei
1265 2266 1576 2315 censemur,
1595 2266 1773 2321 neque
1801 2266 1901 2321 per

329 2348 433 2401 hoc
453 2355 632 2400 tamen
660 2344 715 2398 id
758 2343 904 2414 quod
935 2341 1259 2397 naturaliter
1296 2355 1505 2405 sumus,
1533 2355 1654 2395 esse
1687 2341 1898 2395 desini-

328 2453 451 2492 mus
479 2455 494 2503 ;
518 2452 709 2493 sumus
733 2450 967 2505 namque
1009 2433 1262 2488 homines
1285 2431 1586 2487 secundum
1625 2441 1897 2497 naturam,

325 2529 541 2584 etiamsi
578 2530 689 2584 Deo
719 2546 732 2582 :
767 2528 970 2593 «Abba,
1007 2529 1187 2592 Pater,
1226 2547 1243 2578 ι
1275 2526 1526 2581 dicamus
1551 2522 1625 2591 ⁶⁸;
1646 2525 1723 2579 ita
1754 2525 1901 2580 Deus

325 2621 589 2686 Verbum,
640 2620 787 2691 quod
843 2619 1213 2690 inexplicabili
1246 2618 1483 2689 quodam
1512 2618 1675 2673 modo
1705 2634 1773 2673 ex
1801 2618 1900 2674 Dei

324 2721 382 2765 et
419 2711 595 2765 Patris
659 2709 964 2765 substantia
1016 2708 1280 2780 gignitur,
1316 2716 1570 2763 naturam
1606 2709 1901 2763 humanam

325 2818 489 2873 quam
530 2800 847 2869 assumpsit,
878 2798 1090 2853 honore
1121 2797 1343 2868 quidem
1372 2797 1578 2862 all’ecit,
1612 2812 1723 2852 non
1755 2798 1827 2852 ob
1848 2797 1902 2853 id

329 2906 511 2951 tamen
555 2894 778 2964 propria
844 2891 1107 2962 dignitate
1170 2902 1267 2946 aut
1302 2889 1625 2946 excellentia
1657 2889 1901 2955 excidit;

328 2984 529 3039 mansit
564 2986 714 3037 enim
742 2982 888 3035 Deus
906 2981 1071 3035 etiam
1102 2978 1442 3033 humanitate
1481 2978 1593 3047 jam
1627 2978 1901 3032 indutum.

326 3076 657 3145 Neuliquam
689 3088 819 3143 ergo
846 3072 1109 3141 templum
1147 3069 1305 3133 illud,
1329 3069 1476 3138 quod
1508 3084 1575 3123 ex
1597 3084 1753 3124 sacra
1778 3071 1905 3124 Vir-

327 3169 453 3239 gine
479 3174 818 3241 assumptum
834 3172 938 3225 est,
954 3160 1144 3232 organi
1168 3161 1290 3215 loco
1316 3168 1603 3228 acceptum
1634 3160 1902 3235 dicimus;

2090 704 2251 759 Ἀλλὰ
2278 704 2361 767 τίς
2383 703 2449 756 ἂν
2489 704 2681 765 νοοῖτο,
2718 700 2849 772 φαίη
2881 718 2965 765 τις
2988 700 3055 754 ἂν
3089 702 3254 766 ἴσως,
3285 704 3318 773 ἡ
3351 703 3587 775 διαφορὰ

2003 798 2240 869 Χριστοῦ
2271 798 2361 851 καὶ
2391 796 2691 858 Μωῦσέως,
2723 795 2881 865 εἴπερ
2908 794 3074 864 ἄμφω
3104 794 3359 863 γεγόνασι
3382 796 3466 850 διὰ
3491 814 3586 865 γυ-

2001 890 2220 955 ναικὸς;
2250 888 2366 952 πῶς
2399 890 2427 941 6
2460 887 2560 957 μὲν
2593 886 2811 956 οἰκέτης
2836 886 2930 938 καὶ
2955 885 3030 949 ὡς
3058 886 3116 938 ὲν
3144 887 3276 956 οἴκῳ
3308 888 3523 951 πιστὸς,
3557 890 3585 940 6

2000 982 2059 1037 δὲ
2093 983 2188 1036 καὶ
2232 980 2391 1051 φύσει
2428 979 2617 1050 κύριος
2659 978 2735 1043 ὡς
2767 978 2883 1042 υἰὸς
2925 978 3019 1030 ἐπὶ
3052 977 3144 1031 τὸν
3187 972 3335 1031 οἷκον
3381 979 3544 1031 αὐτοῦ
3567 1019 3581 1041 ,

1988 1071 2287 1126 τουτέστιν
2330 1070 2512 1141 ἡμᾶς
2553 1064 2705 1139 οἶμαι
2750 1068 2808 1122 δὲ
2848 1069 3022 1137 ἔγωγε
3076 1068 3240 1121 παντὶ
3273 1068 3335 1121 τὸ
3390 1069 3584 1138 χρῆμα

2003 1164 2272 1236 ὑπάρχειν
2312 1161 2581 1232 ἐναργὲς,
2612 1162 2774 1230 εἰπερ
2806 1160 2955 1213 ἐστὶν
2988 1162 3047 1213 ὲν
3077 1159 3228 1230 καλῷ
3262 1159 3458 1230 φρενὸς
3495 1160 3585 1211 καὶ

2001 1255 2125 1309 νοῦν
2154 1255 2268 1325 ἔχει
2297 1251 2536 1323 Χριστοῦ
2558 1293 2573 1315 ,
2608 1251 2749 1306 κατὰ
2791 1251 2884 1304 τὸν
2930 1251 3205 1321 μακάριον
3236 1249 3469 1304 Παῦλον.
3528 1250 3587 1299 '0

2005 1346 2105 1417 μὲν
2133 1345 2243 1415 γὰρ
2267 1340 2336 1416 ἧν
2362 1344 2667 1415 ἄνθρωπος,
2694 1344 2790 1396 καὶ
2810 1343 2915 1396 ὑπὸ
2944 1342 3104 1410 ζυγὸν
3130 1354 3167 1381 ιη
3190 1341 3455 1404 δουλείας
3486 1340 3590 1394 ὁδὲ

2001 1436 2139 1489 κατὰ
2173 1435 2335 1503 φύσιν
2368 1434 2653 1504 ἐλεύθερος
2684 1434 2759 1496 ὡς
2787 1433 2943 1496 Θεὸς,
2979 1434 3073 1486 καὶ
3110 1434 3445 1505 δημιουργὸς
3479 1433 3587 1485 τῶν

2000 1526 2157 1588 ὅλων,
2187 1525 2295 1579 xui:
2322 1524 2553 1578 κένωσιν
2583 1524 2820 1588 ἀνατλὰς
2847 1524 2947 1595 τὴν
2980 1524 3286 1577 ἐθελούσιον
3316 1526 3380 1577 δι’
3410 1526 3584 1595 ἡμᾶς’

1998 1617 2113 1677 ἀλλ’
2140 1618 2261 1687 οὐχὶ
2287 1616 2445 1670 τοῦτο
2468 1616 2631 1670 αὐτὸν
2651 1617 2752 1686 τῆς
2779 1615 3116 1686 θεοπρεποῦς
3135 1616 3291 1684 δόξης
3310 1616 3585 1681 ὲξοικίσει,

1998 1709 2122 1764 οὔτε
2159 1710 2265 1781 μὴν
2294 1712 2393 1780 τῆς
2429 1709 2741 1781 ὑπερτάτης
2772 1710 2866 1761 καὶ
2897 1709 3037 1762 κατὰ
3066 1710 3284 1762 πάντων
3312 1710 3587 1779 ὑπεροχῆς

2000 1801 2331 1871 ἀποσοϐήσει
2379 1800 2544 1853 ποθέν
2594 1810 2642 1855 υ.
2697 1801 2909 1871 Ὥσπερ
2956 1801 3064 1872 γὰρ
3112 1802 3272 1872 ἡμεῖς
3315 1800 3377 1853 τὸ
3421 1801 3586 1853 αὑτοῦ

2002 1889 2220 1960 πνεῦμα
2251 1890 2652 1961 πλουτήσαντες
2685 1889 3006 1960 (κατῴκησε
3038 1890 3149 1960 γὰρ
3183 1894 3241 1943 ἐν
3285 1894 3405 1952 ταῖς
3450 1908 3587 1959 καρ-

2001 1981 2143 2046 ᾱαις
2166 1982 2398 2053 ἡμῶν),
2431 1980 2742 2051 τετάγμεθα
2780 1983 2877 2051 μὲν
2908 1983 2966 2034 ὲν
2995 1982 3203 2042 τέκνοις
3234 1981 3393 2044 Θεοῦ,
3426 1981 3483 2033 τό
3528 1999 3591 2047 γε

2006 2076 2115 2143 μὴν
2162 2068 2305 2125 εἴναι
2354 2070 2503 2124 τοῦθ’
2557 2072 2695 2142 ὅπερ
2744 2072 2914 2142 ἐσμὲν
2961 2071 3063 2124 οὐκ
3115 2069 3590 2141 ἀποϐεϐλήκαμενο

2003 2164 2172 2234 ἐσμὲν
2204 2163 2311 2234 γὰρ
2341 2164 2621 2234 ἄνθρωποι
2651 2164 2795 2217 κατὰ
2827 2164 3007 2233 φύσιν,
3043 2165 3220 2217 καίτοι
3266 2162 3386 2233 Θεῷ
3412 2163 3594 2230 λέγον-

2001 2272 2112 2319 τες·
2154 2274 2173 2307 ι
2222 2256 2412 2320 Ἀϐὁᾶ,
2438 2258 2468 2309 ὁ
2505 2257 2719 2327 Πατήρο
2756 2274 2775 2307 ι
2811 2256 2954 2309 οὕτω
2982 2256 3076 2309 καὶ
3110 2256 3272 2319 αὐτὸς
3305 2255 3334 2305 6
3368 2257 3464 2326 τῆς
3500 2255 3593 2309 τοῦ

2000 2348 2137 2403 Θεοῦ
2172 2349 2266 2403 καὶ
2295 2349 2507 2422 Πατρὸς
2534 2349 2720 2411 οὐσίας
2752 2349 3085 2419 ἁπορῤήτως
3117 2347 3438 2416 ἐκπεφηνὼς
3462 2348 3594 2411 Θεὸς

2000 2441 2195 2507 Λόγος,
2224 2439 2550 2512 προσλαϐὼν
2579 2439 2640 2492 τὸ
2669 2438 3028 2510 ἀνθρώπινον,
3070 2439 3328 2509 τετίμηκε
3362 2440 3459 2508 μὲν
3496 2438 3593 2508 τὴν

2002 2530 2184 2601 φύσιν,
2215 2530 2277 2584 οὐ
2306 2530 2411 2601 μὴν
2445 2530 2550 2595 ἔξω
2574 2530 2767 2599 γέγονε
2797 2528 2899 2599 τῆς
2931 2528 3067 2590 ἰδίας
3098 2527 3391 2597 ὑπεροχῆς,
3429 2525 3592 2596 μεμέ-

2000 2640 2134 2693 νηκε
2163 2624 2220 2677 δὲ
2244 2622 2338 2677 καὶ
2361 2626 2419 2677 ὲν
2452 2622 2830 2693 ἀνθρωπὸτητι
2867 2620 3023 2684 Θεός.
3060 2618 3267 2673 Οὐκοῦν
3292 2620 3391 2672 οὐκ
3420 2620 3475 2671 ὲν
3500 2618 3592 2689 6p-

2002 2715 2169 2783 γάνου
2198 2712 2348 2778 τάξει
2370 2712 2741 2784 παρειλῆφθαί
2763 2727 2942 2781 φαμεν
2974 2709 3067 2763 τὸν
3098 2710 3162 2761 ὲκ
3189 2710 3287 2778 τῆς
3314 2707 3590 2778 Παρθένου

2006 2805 2129 2861 ναόν
2160 2813 2210 2842 ο·
2261 2804 2519 2876 ἑπόμενοι
2558 2803 2615 2856 δὲ
2667 2803 2870 2873 μᾶλλον
2916 2803 2982 2872 τῇ
3033 2800 3215 2853 πίστει
3268 2800 3376 2852 τῶν
3432 2798 3595 2869 ιερῶν

2006 2896 2357 2968 Γραμμάτων
2386 2895 2479 2949 καί¹
2503 2896 2621 2957 ταῖς
2651 2894 2758 2946 τῶν
2786 2891 2957 2960 ἁγίων
2976 2892 3201 2959 φωναῖς,
3231 2889 3408 2959 σάρκα
3441 2887 3595 2955 γενέ-

2014 2989 2145 3043 σθαι
2194 2988 2287 3041 τὸν
2330 2987 2505 3056 Λόγον
2545 2983 2932 3056 διακιισόμεθα
2957 3022 2971 3046 ,
3024 2981 3168 3035 κατά
3208 2998 3271 3049 γε
3320 2980 3447 3042 τοὺς
3493 2979 3594 3047 ἤδη

2007 3079 2325 3142 πλειστάκις
2349 3080 2480 3148 ἡμῖν
2504 3075 2972 3149 προαποδοθέντας
2991 3075 3249 3145 τρόπους
3274 3068 3427 3134 οὗτος
3450 3072 3546 3125 καὶ
3570 3081 3597 3119 ιι

2005 3171 2249 3224 τέθεικεν
2280 3171 2423 3240 ὑπὲρ
2464 3167 2623 3238 ἡμῶν
2665 3168 2765 3237 τὴν
2794 3166 2990 3237 ψυχήν.
3041 3164 3260 3235 Ἐπειδὴ
3301 3164 3411 3235 γὰρ
3456 3158 3527 3233 ἦν
3570 3164 3600 3215 6

328 3272 519 3312 verum
557 3269 839 3310 sacrarum
871 3251 1289 3321 Scripturarum
1316 3264 1537 3304 sensum
1560 3258 1904 3304 sanctorum-

2009 3264 2235 3327 θάνατος
2257 3263 2422 3316 αὑτοῦ
2445 3263 2539 3315 τοῦ
2564 3261 2770 3331 κόσμου
2791 3262 2820 3313 6
2838 3261 3127 3331 σωτήριος,
3153 3256 3417 3329 ὑπέμεινε
3442 3274 3599 3309 σταυ-

329 3364 436 3419 que
470 3348 691 3401 Patrum
727 3343 1028 3400 sententias
1042 3342 1239 3406 secuti,
1259 3341 1500 3396 Verbum
1513 3341 1797 3397 modonon
1822 3358 1908 3397 se-

2014 3355 2129 3426 ρὸν,
2178 3352 2438 3424 αἰσχύνης
2461 3351 2898 3420 καταφρονήσας,
2922 3352 3104 3402 καίτοι
3131 3349 3244 3419 ζωὴ
3272 3349 3414 3401 κατὰ
3440 3348 3602 3416 φύσιν

330 3440 437 3494 mel
463 3434 573 3508 jam
602 3436 851 3507 exposito
872 3449 1092 3489 carnem
1131 3434 1333 3488 factum
1365 3441 1421 3487 et
1445 3447 1600 3488 suam
1632 3448 1732 3503 pro
1748 3433 1908 3489 nobis

2016 3443 2298 3515 ὑπάρχων,
2320 3443 2396 3506 ὡς
2420 3441 2574 3506 Θεός.
2604 3440 2730 3505 Πῶς
2753 3436 2847 3494 οὖν
2869 3442 2902 3511 ἡ
2932 3440 3045 3511 ζωὴ
3069 3440 3320 3494 τεθνάναι
3348 3440 3562 3507 λέγεται
3584 3454 3598 3502 ;

331 3530 568 3584 animam
631 3526 879 3598 posuisse
936 3524 1256 3579 asserimus.
1306 3524 1444 3578 Nam
1504 3539 1629 3578 cum
1673 3536 1908 3580 mortem

2020 3537 2099 3608 Τῇ
2145 3536 2252 3606 ἰδία
2287 3536 2452 3606 σαρκί
2483 3533 2732 3588 παθοῦσα
2771 3531 2863 3586 τὸν
2901 3532 3154 3599 θάνατον,
3205 3533 3294 3586 ἴνα
3341 3534 3598 3603 φαίνηται

331 3638 485 3677 suam
512 3620 743 3676 salutem
779 3618 983 3672 mundo
1012 3618 1302 3672 allaturam
1335 3632 1454 3671 esse
1471 3633 1582 3671 non
1610 3618 1906 3688 ignoraret,

2021 3624 2158 3696 ζωὴ,
2186 3624 2526 3689 ζωοποιοῦσα
2552 3625 2714 3679 πάλιν
2746 3625 2939 3695 αὐτήν.

330 3733 551 3774 crucem
596 3715 879 3779 sustinuit,
905 3713 1229 3769 confusione
1255 3721 1570 3782 contempta
1598 3715 1664 3777 θ’,
1729 3718 1942 3772 tametsi
1986 3721 2287 3775 secundum
2340 3729 2591 3774 naturam
2630 3719 2742 3774 vita
2786 3727 2947 3784 esset,
2987 3728 3177 3788 utpote
3241 3717 3405 3772 Deus.
3453 3715 3603 3782 Quo-

332 3812 497 3867 modo
552 3810 718 3882 igitur
756 3809 868 3863 vita
901 3816 1133 3863 mortem
1162 3807 1495 3877 oppetivisse
1530 3807 1774 3864 dicitur?
1797 3811 1918 3868 Non
1955 3815 2117 3871 aliter
2145 3831 2275 3871 sane
2304 3832 2470 3886 quam
2505 3824 2741 3870 mortem
2797 3815 2853 3870 in
2880 3814 3155 3885 propriam
3210 3828 3428 3869 carnem
3452 3813 3602 3868 excio

332 3906 490 3975 piens
520 3922 533 3956 :
562 3902 1008 3973 quandoquidem
1036 3902 1167 3957 dum
1190 3902 1333 3957 hanc
1364 3900 1548 3957 denuo
1572 3902 1753 3958 vivam
1788 3905 2047 3973 reddidit,
2067 3925 2253 3964 veram
2283 3924 2342 3964 se
2365 3909 2532 3964 vitam
2556 3924 2677 3963 esse
2709 3917 2895 3979 aperte
2927 3907 3184 3963 ostendit.

391 4001 590 4054 Verum
657 4013 768 4067 quo
804 3997 1023 4067 planius
1067 3995 1164 4051 ﬁat
1207 3996 1355 4064 quod
1395 3996 1620 4062 dicitur,
1646 4014 1764 4069 age,
1782 4008 1839 4054 et
1859 4000 1917 4057 in

334 4099 577 4146 nostram
649 4106 868 4160 quoque
923 4096 1156 4143 mortem
1229 4088 1596 4159 inquiramus,
1670 4092 1916 4161 ejusdem

336 4184 600 4238 rationem
667 4189 920 4237 accurate
978 4180 1408 4236 consideremus.
1455 4180 1731 4251 Numquid
1784 4198 1915 4255 ergo

334 4275 651 4330 mortalium
701 4273 975 4343 quispiam
1028 4287 1160 4326 sana
1201 4280 1383 4326 mente
1410 4282 1593 4337 utens,
1615 4273 1747 4328 dum
1788 4290 1916 4329 cor--

335 4384 440 4438 pus
471 4366 576 4422 hoc
599 4375 876 4421 terrenum
901 4364 1290 4434 exstinguitur,
1321 4380 1426 4420 una
1471 4380 1596 4419 cum
1624 4366 1716 4421 illo
1745 4367 1916 4436 ipsam

334 4472 556 4528 quoque
626 4456 865 4510 animam
927 4454 1200 4524 exstingui
1245 4454 1468 4508 credit?
1514 4456 1636 4510 Non
1659 4457 1915 4512 existimo

335 4548 422 4603 vel
474 4546 569 4600 uni
592 4561 659 4600 ex
689 4543 949 4600 omnibus
978 4545 1083 4601 hoc
1113 4559 1233 4600 esse
1256 4561 1577 4615 persuasum
1601 4564 1616 4613 ;
1642 4557 1698 4603 et
1732 4558 1915 4604 tamen

335 4638 485 4709 quod
510 4637 881 4693 communiter
911 4636 1161 4692 accidere
1203 4636 1361 4702 solet,
1392 4652 1502 4693 non
1528 4641 1796 4709 corporis,
1817 4641 1914 4696 sed

338 4728 579 4784 hominis
606 4743 758 4784 mors
775 4730 1105 4798 appellatur;
1141 4730 1224 4784 Ad
1255 4746 1384 4785 eum
1408 4731 1593 4801 itaque
1616 4734 1837 4787 modum
1860 4743 1917 4790 et

2089 4005 2226 4075 Φέρε
2250 4004 2357 4077 γὰρ
2386 4006 2481 4058 καὶ
2504 4004 2662 4075 ἡμῶν
2687 4004 2868 4057 αὐτῶν
2892 4005 2919 4057 6
2950 4002 3044 4057 τοῦ
3066 4004 3294 4058 θανάτου
3324 4004 3603 4076 πολυπρα-

2016 4095 2327 4166 γμονείσθω
2359 4097 2581 4167 τρόπος.
2611 4096 2725 4167 Οὐχ
2748 4094 3086 4149 άπαστισοῦν
3110 4096 3220 4149 τῶν
3246 4091 3304 4149 εὖ
3339 4096 3601 4167 φρονούν-

2016 4203 2125 4238 των
2151 4188 2264 4259 ὲρεί
2294 4189 2407 4250 τοῖς
2440 4188 2547 4240 ἀπὸ
2574 4188 2676 4258 γῆς
2704 4187 2955 4259 σώμασιν
2990 4188 3553 4259 συγκαταφθείρεσθαι
3574 4199 3602 4240 ει

2016 4277 2116 4341 τὰς
2151 4278 2346 4348 ψυχάς.
2403 4278 2566 4343 Ἀλλ’,
2612 4274 2788 4348 οἶμαι,
2823 4281 2981 4335 τοῦτό
3018 4282 3167 4335 ἐστιν
3196 4283 3255 4334 ὲν
3292 4281 3467 4334 οὐδενὶ
3498 4282 3606 4336 τῶν

2016 4368 2185 4422 ὅντων
2213 4370 2539 4423 ὲνδοιαστόνσ
2573 4369 2713 4441 πλὴν
2749 4371 3039 4442 ἀνθρώπου
3075 4373 3334 4438 θάνατος,
3367 4375 3427 4426 τὸ
3461 4391 3602 4443 συμ·

2019 4461 2252 4532 ϐεϐηκὸς
2278 4460 2621 4533 ὀνομάζεται.
2653 4460 2809 4515 υῦτω
2842 4464 3058 4534 νοήσεις
3086 4466 3180 4517 καὶ
3208 4466 3293 4518 ἐπ’
3322 4463 3487 4518 αὑτοῦ
3507 4463 3601 4516 τοῦ
3624 4482 3629 4487 τ

2018 4551 2388 4623 Ἐμμανουήλ.
2426 4548 2535 4606 Ἦν
2569 4553 2667 4624 μὲν
2700 4553 2808 4625 γὰρ
2854 4554 2883 4605 6
2915 4553 3088 4621 Λόγος
3134 4555 3211 4617 ὼς
3246 4556 3304 4607 ἐν
3346 4554 3461 4624 ἰδίῳ
3498 4554 3605 4606 σώ-

2023 4660 2152 4713 ματι
2176 4642 2255 4713 τῷ
2275 4646 2339 4695 ὲκ
2364 4644 2642 4711 γυναικὸς,
2674 4643 2844 4698 ἐδίδου
2873 4644 2929 4697 δὲ
2954 4643 3086 4698 αὐτὸ
3116 4644 3194 4715 τῷ
3217 4645 3433 4717 Θανάτῳ
3462 4648 3603 4699 κατὰ

2021 4732 2233 4803 καιρὸν,
2283 4733 2510 4804 πάσχων
2555 4735 2652 4805 μὲν
2679 4734 2841 4789 ὀὐδὲν
2887 4737 2967 4797 εἰς
3013 4734 3148 4789 ἰδίαν
3191 4736 3354 4803 φύσιν
3402 4737 3602 4800 αὐτός’

337 4822 407 4876 de
458 4821 576 4890 ipso
626 4835 849 4890 quoque
906 4821 1285 4903 ‘Emmanuele
1351 4830 1561 4878 statuas
1610 4823 1756 4879 licet.
1789 4826 1908 4880 Erat

2024 4820 2137 4894 ζωὴ
2181 4826 2291 4895 γάρ
2349 4826 2466 4879 ἔστι
2515 4828 2609 4880 καὶ
2655 4825 2956 4890 ξωοποιός’
3018 4826 3382 4897 οἰκειούμενος
3434 4828 3491 4881 δὲ
3538 4827 3609 4881 τὰ

336 4912 486 4968 enim
561 4912 800 4967 Verbum
854 4912 911 4967 in
956 4928 1024 4968 eo
1075 4913 1224 4985 quod
1254 4930 1322 4970 ex
1353 4915 1585 4971 muliere
1608 4926 1923 4988 susceptum

337 5011 457 5057 crat
484 5002 553 5068 ⁷⁸,
587 5012 846 5074 tanquam
911 5006 969 5060 in
1020 5006 1242 5075 proprio
1305 5020 1538 5076 corpore
1566 5024 1582 5073 ;
1610 5007 1715 5063 hoc
1744 5010 1925 5079 ipsum

340 5104 524 5151 autem
564 5111 768 5166 corpus
788 5096 1061 5166 praiﬁnito
1079 5105 1325 5168 tempore
1354 5097 1410 5151 in
1438 5108 1672 5153 mortem
1704 5108 1924 5155 eontra-

340 5184 501 5253 didit,
533 5185 669 5241 nihil
694 5186 915 5242 interim
945 5187 1279 5244 incommodi
1310 5188 1531 5259 propria
1559 5199 1754 5246 natura
1794 5207 1919 5246 sus-

414 5338 535 5420 ‘_‘_l_l
560 5339 687 5395 Cor.
712 5358 785 5420 vr,
814 5344 922 5420 16)Δ
959 5343 1150 5420 ξλεγὴ.
1187 5361 1330 5420 xxvi,
1362 5344 1446 5400 i2.
1519 5346 1566 5378 ⁸⁸
1592 5346 1609 5400 1
1637 5345 1765 5402 Cor.
1802 5362 1901 5414 vv,
1934 5347 2023 5402 40.
2074 5349 2145 5411 ,⁸⁸
2179 5348 2418 5420 Philipp.
2453 5365 2510 5417 ιι,
2536 5351 2590 5405 7.
2664 5350 2710 5383 "’
2747 5350 2907 5407 Rom.
2931 5367 3048 5419 vm,
3078 5352 3165 5406 H.

344 5410 388 5442 °’
426 5408 599 5466 Hebr.
630 5424 723 5479 xu,
751 5412 805 5465 2.
880 5415 925 5445 ⁷⁰
950 5414 1129 5472 Galat.
1168 5433 1240 5483 tv,
1275 5408 1327 5473 6.

2029 4915 2266 4986 σαρκικᾶ
2294 4925 2341 4983 ι’,
2394 4916 2481 4970 ἴνα
2527 4918 2621 4971 καὶ
2654 4916 2821 4971 αὑτοῦ
2874 4915 3103 4988 λέγηται
3153 4917 3216 4970 τὸ
3257 4917 3473 4981 παθεῖν,
3513 4921 3610 4972 καὶ

2026 5001 2107 5070 εἰς
2132 5008 2161 5060 6
2188 5007 2427 5073 πάντων,
2458 5008 2719 5076 ἀναστὰς,
2750 5008 2983 5073 τεθνεὼς
3014 5010 3157 5081 ὑπὲρ
3204 5010 3446 5075 πάντων,
3481 5012 3611 5080 ἀγο-

2027 5101 2171 5173 ράσῃ
2212 5100 2291 5171 τῷ
2336 5101 2451 5173 ἰδίῳ
2496 5103 2693 5173 αἵματι
2747 5102 2847 5173 τὴν
2875 5103 2965 5156 ὑπ’
3012 5103 3264 5175 οὐρανὸν,
3298 5105 3394 5156 καὶ
3444 5120 3610 5157 κατα-

2025 5195 2296 5264 κτήσηται
2324 5194 2404 5265 τῷ
2422 5194 2543 5266 Θεῷ
2564 5196 2660 5250 καὶ
2680 5196 2857 5267 Πατρί
2875 5196 3001 5260 τοὺς
3026 5196 3131 5251 ἀνά
3153 5198 3336 5250 πᾶσαν
3361 5197 3459 5268 τὴν
3478 5195 3600 5264 γῆν.

3275 5348 3322 5383 ⁶⁹
3345 5348 3481 5406 Ibid.
3518 5347 3603 5403 l5.

1430 5555 1606 5611 Variae
1635 5556 1903 5611 lectiones
1938 5556 2147 5613 codicis
2177 5556 2545 5628 chuieriani.

413 5693 453 5776 ξι
704 5758 716 5776 ¹
758 5698 784 5726 ιι
810 5690 1158 5776 άποσοϐῄσει.
1190 5693 1377 5776 Πόθεν.
1454 5704 1477 5733 ο
1503 5698 1646 5751 Υιᾶν.
1686 5698 1829 5751 Ναόν
1869 5699 1901 5754 li

2014 5710 2101 5754 tur
2129 5716 2347 5770 quoque
2378 5701 2429 5756 in
2472 5719 2573 5757 ms.
2631 5702 3004 5776 chuicriano.
3074 5714 3100 5755 Ρ
3121 5702 3262 5758 οῦτω
3289 5702 3421 5776 γάρ⁸⁷
3497 5712 3523 5755 ιι
3548 5703 3609 5758 οὐ

345 5758 930 5832 αυγκαταφθείρεσθαι.
1012 5758 1279 5835 τ’σαρκός.
