4028 6208
329 227 397 288 37
1391 229 1396 236 ‘
1783 222 2120 280 EPISTULA
2159 224 2200 278 ι.
3529 195 3628 288 δι’

328 347 430 402 Καὶ
464 344 624 399 τοῦτο
651 345 728 409 ὠς
763 343 962 415 ἀληθὲς
988 346 1018 398 6
1047 342 1316 416 μακάριος
1355 346 1638 416 προφήτης
1683 344 1892 405 Ἡσαΐας

2015 343 2213 399 tinens.
2270 344 2454 415 Ipsum
2498 359 2734 416 namque
2766 355 2822 401 et
2843 346 2955 401 vita
2978 353 3082 412 est,
3109 352 3166 401 et
3191 353 3388 402 caetera
3412 352 3596 408 omnia

325 437 672 508 διακηρύττει
706 436 883 506 λέγων
915 437 974 489 ἐν
1013 435 1311 504 Πνεύματι’
1360 455 1378 488 ι
1421 437 1518 490 Διά
1548 435 1708 492 τοῦτο
1751 437 1892 491 αὐτὸς

2013 436 2300 492 viviﬁcans
2345 445 2450 491 est.
2479 437 2869 492 Verumtamen
2903 454 3025 507 quae
3067 438 3252 494 carnis
3279 448 3409 494 sunt
3426 440 3588 495 velut

325 529 720 600 κληρονομήσει
738 527 987 590 πολλοὺς,
1012 527 1234 581 καὶτῶν
1255 527 1376 597 ίσχυ
1385 527 1492 599 ρῶν
1517 530 1696 599 μεριεῖ
1716 527 1888 581 σκῦλα

2009 529 2232 599 propria
2257 530 2313 583 in
2349 545 2406 584 se
2434 529 2788 596 transferens,
2821 539 2876 586 et
2899 539 3132 586 mortem
3159 545 3506 602 perpessum,
3533 546 3605 592 ac

325 621 427 675 ἀνθ’
456 613 533 674 ὧν
561 619 840 689 παρεδόθη
865 619 947 682 εἰς
973 617 1203 673 θάνατον
1236 621 1270 690 ὴ
1310 618 1456 690 ψυχὴ
1481 617 1671 682 αὑτοῦ,
1719 618 1816 672 καὶ
1853 619 1892 670 ἐπ

2009 637 2306 692 resurgens
2373 622 2522 691 quod
2575 631 2696 677 erat
2732 638 2834 693 pro
2867 623 3123 679 omnibus
3142 632 3444 690 mortuum,
3464 638 3568 694 pro
3589 651 3616 665 -

323 715 422 774 τοῖς
450 710 680 780 ἀνόμοις
715 709 1003 780 ἐλογίσθη,
1040 709 1136 762 καὶ
1176 710 1339 773 αὐτὸς
1383 709 1661 780 ἁμαρτίας
1695 708 1892 762 πολλῶγ

2006 713 2132 784 prio
2154 713 2419 783 sanguine
2445 715 2742 769 humanum
2767 731 2940 786 genus
2959 717 3227 786 expiasse,
3249 727 3305 772 ct
3325 725 3604 788 quotquot

321 804 606 872 ἀνήνεγκε,
643 801 738 854 καὶ
760 801 848 854 ὂιά
873 799 974 864 τὰς
1005 801 1233 872 ἀνομίας
1258 801 1442 856 αὐτῶν
1469 802 1770 874 παρεδόθη.
1811 821 1830 854 ›

2003 819 2104 874 per
2135 812 2408 858 terrarum
2452 806 2645 861 orbem
2691 807 2944 878 degunt,-
2967 809 3082 864 Deo
3105 817 3161 865 et
3183 811 3329 865 Patri
3351 811 3561 880 acquisi
3585 839 3608 850 -

319 900 452 953 visse
478 897 710 951 dicitur.
748 894 904 950 Unde
943 910 1099 950 sacer
1130 903 1281 950 vates
1309 895 1497 962 Isaias,
1529 896 1722 951 divino
1747 895 1960 966 Spiritu
1989 899 2095 968 18
2121 897 2356 962 amatus,
2400 900 2515 954 hmc
2539 901 2606 955 de
2635 900 2730 955 illo
2757 903 3075 972 pronuntiat
3107 920 3121 957 :
3159 922 3178 954 ι
3214 904 3341 959 Ideo
3376 906 3564 976 disper
3583 933 3610 944 -

322 991 439 1043 tiam
462 988 514 1041 ei
544 986 841 1058 plurimos,
873 993 932 1040 et
983 986 1210 1040 fortium
1255 986 1465 1042 dividet
1510 988 1703 1058 spolia,
1728 1003 1828 1058 pro
1849 1005 1917 1045 eo
1954 991 2102 1060 quod
2124 991 2351 1046 tradidit
2371 991 2425 1045 in
2451 999 2683 1047 mortem
2715 993 2954 1047 animam
3008 1009 3189 1060 suam,
3227 1003 3431 1050 etcum
3471 1013 3600 1052 sce-

319 1085 495 1139 leratis
549 1083 852 1151 deputatus
907 1089 1016 1160 est,
1085 1090 1143 1136 et
1167 1083 1284 1150 ipse
1341 1092 1566 1152 peccata
1604 1083 1904 1139 multorum
1944 1085 2069 1140 tulit
2099 1086 2166 1138 τί.
2211 1104 2228 1137 ι

382 1173 472 1239 Εἷς
497 1171 599 1229 οὖν
627 1177 657 1227 6
697 1173 914 1228 πάντων
949 1174 1246 1246 ἀξιώτερος
1286 1175 1387 1244 τὴν
1418 1175 1554 1228 ίδίαν
1585 1176 1728 1248 ὑπὲρ
1767 1177 1892 1230 πάν·

2071 1176 2223 1234 Unus
2265 1193 2395 1249 ergo
2455 1194 2649 1234 omnes
2685 1179 2950 1250 dignitate
2994 1190 3258 1249 prmstans
3283 1197 3382 1251 pro
3410 1183 3575 1236 omni-

321 1285 419 1320 των
444 1267 664 1318 τέθεικε
691 1264 892 1335 ψυχὴν,
929 1266 1025 1317 καὶ
1068 1265 1366 1336 συνεχώρει
1400 1266 1500 1336 μὲν
1539 1268 1892 1338 οἰκονομικῶς

2004 1269 2109 1325 bus
2185 1271 2423 1326 animam
2479 1287 2631 1327 suam
2667 1272 2871 1341 posuit,
2900 1282 2957 1327 et
2989 1273 3327 1330 (economica
3351 1273 3587 1343 quadam

327 1357 748 1422 καταϐιάζεσθαι
776 1357 952 1428 βραχὺ
981 1357 1061 1429 τῷ
1091 1357 1307 1427 θανάτῳ
1328 1359 1428 1428 τὴν
1459 1359 1658 1430 σάρκα.
1689 1361 1892 1433 Κατήρ·

2006 1361 2218 1415 ratione
2241 1377 2461 1417 carnem
2498 1378 2598 1432 per
2641 1370 2872 1417 mortem
2921 1364 3172 1418 nonnihil
3209 1364 3486 1419 humiliari
3511 1365 3590 1420 si-

323 1469 450 1520 γηχε
477 1461 496 1488 ι
523 1451 586 1503 δὲ
612 1451 778 1505 πάλιν
809 1450 975 1504 αὑτὸν
998 1450 1075 1514 ὡς
1101 1450 1234 1522 ζωὴ,
1263 1451 1456 1506 παθεῖν
1481 1452 1582 1505 οὐκ
1603 1453 1892 1525 ἀνεχομέντ

2007 1450 2193 1505 nebat.
2249 1451 2450 1507 Verum
2498 1452 2801 1507 secundum
2866 1454 3145 1524 propriam
3190 1463 3469 1522 naturam,
3525 1457 3580 1511 in

325 1545 384 1594 τδ
405 1543 549 1613 παρὰ
581 1541 738 1610 φύσιν
770 1540 933 1594 ἰδίανο
956 1541 1045 1594 ἵνα
1074 1541 1171 1595 καὶ
1199 1545 1256 1596 ἐν
1281 1544 1396 1605 τοῖς
1418 1543 1674 1596 ἁπάντων
1706 1544 1892 1616 ἀτονή-

2010 1554 2174 1608 quam
2207 1541 2397 1596 nullus
2424 1541 2602 1606 dolor,
2650 1542 2801 1596 nulla
2825 1543 2971 1598 cadit
3010 1545 3312 1614 perpessio,
3338 1546 3585 1601 eamdem

332 1649 398 1703 σῃ
436 1634 667 1703 σώμασιν
706 1633 741 1702 ἡ
788 1631 990 1703 φθορὰ,
1056 1633 1152 1686 καὶ
1200 1633 1260 1686 τὸ
1305 1632 1534 1688 θανάτου
1575 1635 1892 1705 παραλύοιτι

2008 1643 2244 1689 mortem
2285 1633 2531 1688 vicissim
2583 1633 2875 1699 destruxit,
2923 1650 3034 1704 quo
3077 1636 3179 1691 hac
3197 1637 3456 1690 nimirum
3493 1653 3583 1692 ra-

325 1727 519 1795 κράτος.
561 1726 773 1795 Ὠσπερ
800 1726 908 1796 γὰρ
938 1727 996 1778 ἐν
1025 1724 1103 1795 τῷ
1137 1725 1309 1796 Ἀδᾶμ
1329 1726 1532 1789 πάντες
1555 1726 1892 1797 ἀποθνήσκο-

2007 1723 2153 1777 tione
2176 1724 2459 1793 corruptio
2481 1723 2534 1777 in
2563 1724 2810 1779 omnium
2843 1725 3169 1795 corporibus
3202 1737 3582 1792 enervaretur,

329 1835 432 1888 μεν,
458 1819 597 1871 οὕτω
631 1819 734 1870 καὶ
771 1818 831 1869 ἐν
862 1817 940 1887 τῷ
984 1817 1207 1888 Χριστῷ
1241 1818 1443 1882 πάντες
1487 1816 1892 1889 ζωοποιηθησό-

2004 1817 2309 1885 mortisque
2351 1817 2644 1887 imperium
2699 1818 3115 1873 dissolveretur.
3175 1819 3391 1874 Etenim
3443 1821 3583 1875 utin

332 1913 452 1982 μεθα
479 1915 518 1964 ι.
543 1913 608 1964 Εἰ
635 1912 750 1983 γὰρ
782 1911 858 1982 μὴ
883 1909 1154 1964 πέπονθεν
1175 1911 1532 1982 ἀνθρωπίνως
1555 1911 1697 1982 ύπέρ
1719 1911 1892 1982 ἡμῶν,

2000 1908 2173 1964 Adam
2217 1924 2409 1964 omnes
2453 1910 2739 1975 morimur,
2796 1911 2876 1966 sic
2912 1927 2943 1966 e
2985 1913 3262 1967 contrario
3287 1913 3343 1967 in
3363 1913 3585 1970 Christo

335 2003 438 2057 οὐδὲ
461 2005 730 2074 ἐνήργησε
760 2001 957 2066 θεῖκῶς
998 2002 1068 2056 τὰ
1099 2004 1178 2067 εἰς
1221 2002 1495 2072 σωτηρίαν
1527 2001 1706 2074 ἡμῶν.
1737 2005 1900 2072 Λέγε-

327 2114 402 2149 ται
425 2097 527 2166 γὰρ
555 2096 823 2165 πρότερον
849 2094 1142 2148 ἀποθανεῖν
1176 2095 1294 2164 μὲν,
1319 2095 1395 2157 ὡς
1422 2093 1731 2166 ἄνθρωπος,
1761 2095 1898 2148 ἀνα-

330 2187 590 2240 ϐιῶναιδὲ
625 2188 756 2258 μετά
787 2186 970 2250 τοῦτο,
994 2186 1083 2241 διά
1115 2188 1176 2240 τὸ
1209 2183 1349 2240 εἶναι
1381 2187 1525 2241 κατὰ
1551 2187 1714 2256 φύσιν
1741 2187 1894 2252 Θεός.

339 2279 396 2332 ΕΞ
426 2280 589 2332 τοίνυν
618 2280 676 2332 οὐ
709 2273 947 2333 πέπονθε
994 2279 1070 2350 τῷ
1111 2279 1367 2335 τεθνάναι
1399 2280 1583 2351 σαρκὶ,
1628 2278 1772 2334 κατά
1799 2280 1900 2344 τὰς

334 2371 545 2442 Γραφάς,
575 2371 701 2425 οὑδὲ
740 2369 1084 2442 ἐζωοποιήθη
1123 2372 1417 2442 πνεύματι,
1451 2370 1749 2434 τουτέστιν,
1792 2370 1894 2424 οὐκ

325 2462 520 2516 ἀνεϐίω.
559 2463 674 2515 Καὶ
705 2463 752 2515 εί
779 2461 940 2515 τοῦτό
967 2463 1119 2515 ἐστιν
1151 2462 1371 2533 ἀληθὲς,
1417 2448 1678 2532 ματαίαῆ
1710 2461 1896 2524 πίστις

328 2553 482 2623 ἡμῶν*
509 2555 590 2608 ἔτι
621 2555 795 2624 ἐσμὲν
834 2555 892 2607 ἐν
921 2556 1040 2618 ταῖς
1073 2555 1371 2626 ἁμαρτίαις
1407 2553 1585 2625 ἡμῶν.
1622 2551 1893 2605 Βεϐαπτί-

330 2645 483 2715 σμεθα
505 2646 619 2717 γὰρ
653 2647 734 2710 είς
761 2645 854 2700 τὸν
887 2645 1118 2700 θάνατον
1145 2645 1332 2710 αὑτοῦ,
1363 2645 1506 2699 κατά
1534 2643 1637 2708 τάς
1661 2642 1756 2697 τοῦ
1791 2659 1894 2714 μα-

1995 2015 2190 2054 omnes
2235 1999 2581 2054 viviﬁcamur
2605 2001 2674 2054 τ’.
2698 2000 2886 2071 Neque
2915 2001 3062 2056 enim
3094 2017 3158 2057 ea
3193 2018 3315 2073 quae
3338 2004 3405 2058 ad
3440 2005 3583 2060 salu-

1997 2099 2108 2147 tem
2157 2101 2402 2147 nostram
2428 2092 2636 2148 faciunt
2680 2092 2988 2148 secundum
3032 2103 3284 2149 naturam
3337 2095 3580 2150 divinam

1996 2181 2344 2251 perfecisset,
2393 2183 2440 2237 si
2509 2182 2814 2237 secundum
2840 2190 3093 2238 naturam
3115 2184 3409 2239 humanam
3432 2201 3579 2240 mor-

1995 2281 2105 2328 tem
2155 2272 2330 2326 nostri
2383 2287 2546 2328 causa
2592 2287 2704 2327 non
2730 2273 3104 2329 sustinuisset.
3129 2274 3389 2331 Traditur
3419 2291 3579 2331 nam-

1997 2377 2103 2433 que
2125 2370 2354 2417 mortem
2374 2363 2554 2433 primo
2575 2363 2798 2433 quidem
2825 2364 3121 2434 oppetiisse
3140 2373 3200 2418 ut
3221 2365 3385 2420 homo
3410 2383 3425 2432 ;
3452 2382 3578 2422 mox

1996 2469 2128 2510 vero
2161 2469 2262 2526 per
2310 2455 2366 2509 id
2409 2455 2554 2524 quod
2591 2470 2689 2509 sua
2733 2464 2930 2510 natura
2998 2465 3083 2511 est
3113 2457 3278 2522 Deus,
3326 2457 3382 2511 in
3407 2459 3578 2512 vitam

1990 2545 2173 2601 denuo
2211 2545 2461 2601 rediisse.
2497 2545 2554 2601 Si
2583 2546 2752 2617 igitur
2775 2555 3032 2612 mortem,
3082 2548 3387 2603 secundum
3420 2548 3572 2604 Scri-

1987 2646 2194 2708 pturas,
2215 2651 2444 2708 corpore
2463 2653 2573 2694 non
2593 2639 2836 2719 pertulit,
2856 2654 3035 2709 neque
3056 2640 3251 2710 spiritu
3268 2641 3578 2699 viviﬁcatus

326 2738 496 2806 καρξου
525 2738 743 2791 Παύλου
774 2737 979 2807 φωνὰς,
1005 2738 1101 2792 καὶ
1120 2737 1218 2809 τὴν
1251 2737 1444 2806 ἄφεσιν
1475 2736 1582 2791 τῶν
1605 2734 1892 2807 ἁμαρτιῶν

1993 2729 2196 2786 revixit
2251 2745 2492 2800 quoque.
2521 2729 2678 2796 Quod
2728 2730 2773 2784 si
2797 2745 2929 2784 vero
2959 2730 3014 2784 in
3042 2731 3210 2785 vitam
3245 2747 3352 2787 non
3383 2747 3572 2788 resur-

325 2830 622 2900 ἐσχήκαμεν
659 2830 749 2884 διὰ
773 2829 867 2882 τοῦ
899 2830 1132 2900 αἵματος
1162 2828 1352 2884 αὑτοῦ.

1991 2822 2154 2886 rexit,
2203 2819 2344 2876 ﬁdes
2395 2828 2584 2876 nostra
2635 2835 2776 2875 vana
2798 2827 2902 2886 est,
2926 2829 2980 2876 et
3005 2821 3061 2876 in
3103 2823 3344 2893 peccatis
3369 2823 3570 2879 etiam-

326 2941 445 2978 num
466 2927 663 2996 sepulti
684 2925 1002 2997 iacemus".
1024 2925 1159 2980 Nam
1179 2926 1332 2996 juxta
1353 2923 1499 2978 beati
1531 2922 1686 2979 Pauli
1723 2918 2053 2982 doctrinam,
2091 2916 2148 2972 in
2197 2923 2430 2971 mortem
2470 2915 2618 2971 illius
2641 2914 2901 2987 baptizati
2942 2931 3151 2983 sumus,
3192 2925 3573 2988 peccatorum—

323 3035 423 3091 que
487 3021 866 3075 remissionem
914 3035 1016 3090 per
1070 3019 1393 3090 sanguinem
1444 3018 1596 3073 illius
1650 3016 1993 3072 obtinuimus
2030 3011 2127 3065 ⁷⁸.»
2337 3075 2343 3080 π

401 3112 537 3164 Ἀλλ’
586 3114 742 3182 εἴπερ
781 3113 930 3165 ἐστὶν
973 3115 1004 3166 6
1034 3112 1270 3185 Χριστὸς
1309 3097 1431 3166 οὔτε
1473 3111 1601 3176 Υἱὸς
1641 3109 1854 3181 ἀληθῶς
1877 3149 1890 3174 ,

2056 3107 2226 3162 Porro
2263 3112 2448 3160 autem
2493 3104 2538 3159 si
2573 3120 2752 3176 neque
2789 3119 2956 3162 verus
2985 3105 3083 3162 Dei
3105 3103 3277 3162 Filius
3304 3114 3388 3161 est
3406 3105 3572 3162 Chri-

325 3202 450 3255 οὔτε
477 3200 582 3269 μὴν
608 3201 760 3269 φύσει
786 3201 932 3266 Θεὸς,
974 3203 1262 3274 ἄνθρωπος
1291 3203 1349 3257 δὲ
1376 3203 1533 3273 ψιλὸς
1573 3202 1696 3256 καθ’
1720 3203 1888 3274 ἡμᾶς,

1993 3207 2132 3262 stus,
2176 3212 2357 3267 neque
2401 3204 2599 3252 natura
2624 3197 2790 3262 Deus,
2837 3198 2934 3253 sed
2962 3213 3118 3270 aeque
3163 3213 3228 3254 ac
3264 3213 3388 3263 nos,
3431 3199 3571 3254 nihil

327 3292 425 3344 καὶ
465 3291 706 3361 θεότητος
739 3292 984 3362 ὄργανον,
1034 3293 1356 3363 σεσώσμεθα
1391 3294 1490 3364 μὲν
1535 3294 1634 3346 οὐκ
1670 3294 1728 3345 ἐν
1772 3291 1891 3363 Θεῷ

1993 3289 2140 3343 aliud
2168 3305 2330 3359 quam
2376 3289 2541 3344 homo
2585 3299 2680 3344 aut
2743 3290 3046 3347 divinitatis
3107 3291 3568 3359 instrumentum;

326 3380 504 3446 ποθεν,
529 3382 642 3444 ἐνὸς
664 3383 719 3435 δὲ
745 3383 946 3451 μᾶλλον
969 3383 1077 3437 τῶν
1105 3384 1229 3438 καθ’
1256 3385 1407 3456 ἡμᾶς
1435 3383 1728 3447 τεθνεῶτος
1750 3383 1890 3456 ὑπὲρ

1992 3398 2337 3454 nequaquam
2393 3397 2493 3453 per
2533 3382 2706 3438 Deum
2753 3383 2991 3439 salutem
3029 3385 3309 3441 consecuti
3350 3401 3564 3450 sumus,

319 3473 488 3543 ἡμῶν,
525 3463 616 3526 καὶ
651 3473 947 3544 δυνάμεσιν
987 3475 1297 3544 ἀλλοτρίαις
1331 3475 1731 3547 ἐγηγερμένον.
1764 3475 1890 3538 Πῶς

1991 3475 2088 3530 sed
2127 3491 2227 3545 per
2259 3489 2384 3530 eum
2415 3475 2511 3546 qui
2553 3475 2729 3530 nostri
2771 3476 2968 3532 similis
2999 3477 3178 3532 nostri
3221 3492 3384 3532 causa
3415 3493 3567 3532 mor-

319 3561 408 3618 οὖν
430 3567 505 3619 ἐτι
552 3567 874 3638 κατηργήθη
900 3570 928 3622 6
956 3568 1186 3632 θάνατος
1228 3568 1316 3622 διὰ
1380 3567 1654 3640 Χριστοῦς
1696 3567 1888 3621 Καίτοι

1991 3573 2139 3632 tuus,
2183 3567 2516 3638 alteriusque
2565 3567 2772 3623 virtute
2809 3576 2865 3622 et
2915 3576 3186 3638 potestate
3206 3569 3568 3624 resuscitatus

320 3655 553 3722 λέγοντος
571 3657 757 3711 ἀκούω
780 3657 966 3726 σαφῶς
991 3659 1119 3729 περὶ
1145 3659 1246 3728 τῆς
1266 3659 1405 3723 ιδίας
1422 3659 1620 3731 ψυχῆς·
1651 3677 1669 3711 ι
1700 3659 1890 3722 Οὐδεὶς

1991 3668 2092 3713 est.
2138 3659 2423 3725 Quomodo
2491 3673 2624 3727 ergo
2675 3672 2824 3712 mors
2870 3673 2970 3729 per
3025 3656 3304 3712 Christum
3351 3657 3566 3712 devicta

316 3748 454 3816 αἴρει
497 3749 668 3820 αὐτὴν
706 3750 803 3802 ἀπ’
836 3749 993 3820 ἐμοῦ,
1036 3749 1150 3803 ἀλλ’
1191 3749 1302 3818 ἐγὼ
1353 3750 1542 3819 τίθημι
1576 3749 1746 3822 αὐτὴν
1789 3750 1886 3804 ἀπ’

1991 3747 2192 3802 dicitur
2210 3747 2302 3800 "?
2330 3745 2498 3816 Atqui
2547 3745 2827 3801 Christum
2877 3746 2945 3800 de
2981 3760 3079 3801 sua
3109 3745 3291 3802 anima
3337 3747 3408 3802 ita
3434 3763 3565 3818 pro-

311 3839 564 3907 ἐμαυτοῦ.
608 3839 892 3904 Ἐξουσίαν
928 3841 1036 3913 γάρ
1065 3839 1174 3910 ἔχω
1197 3840 1370 3894 θεῖναι
1403 3841 1593 3910 αὐτὴν,
1619 3840 1712 3894 καὶ
1738 3838 1888 3905 ἐξου-

1991 3839 2335 3893 nuntiantem
2391 3835 2555 3893 audio
2592 3854 2605 3890 :
2655 3855 2673 3888 ι
2704 3835 2877 3893 Nemo
2909 3836 3052 3893 tollit
3075 3837 3224 3892 illam
3257 3854 3288 3892 a
3316 3854 3424 3904 me,
3466 3837 3564 3895 sed

1986 3946 2088 4002 ego
2135 3945 2278 4000 pono
2311 3945 2432 3986 eam
2478 3945 2507 3984 a
2556 3943 2644 3984 me
2678 3944 2693 3982 ι
2728 3937 3052 4000 potestatem
3095 3930 3242 3984 enim
3264 3931 3441 3986 habeo
3463 3946 3563 4002 po-

1985 4023 2153 4078 nendi
2191 4037 2334 4088 eam,
2387 4029 2442 4076 et
2465 4028 2794 4092 potestatem
2850 4019 3028 4076 habeo
3057 4036 3277 4076 rursum
3309 4023 3560 4079 sumendi

1986 4115 2220 4170 cam".»
2247 4113 2353 4182 Qui
2378 4113 2526 4169 enim
2551 4122 2786 4169 mortem
2809 4112 3108 4177 nesciebat,
3140 4113 3230 4169 ille
3261 4115 3562 4170 secundum

1984 4207 2262 4280 propriam
2322 4221 2544 4262 carnem
2597 4205 2654 4262 in
2685 4213 2917 4261 mortem
2943 4205 3200 4260 omnibus
3215 4221 3560 4262 communem

312 3932 427 3984 σίαν
470 3933 580 4002 ἔχω
613 3933 777 3985 πάλιν
823 3931 1008 3985 λαϐεῖν
1046 3933 1237 4004 αὐτήν.
1286 3950 1305 3984 ι
1346 3931 1567 4002 Κατέϐη
1603 3931 1713 4002 γάρ
1764 3930 1884 4002 μεθ’

307 4023 458 4093 ἡμῶν
489 4027 569 4086 εἰς
599 4024 828 4078 θάνατον
848 4023 938 4076 διά
964 4023 1064 4094 τῆς
1090 4024 1225 4088 ἰδίας
1253 4023 1453 4095 σαρκὸς
1479 4024 1508 4076 6
1532 4023 1762 4077 θάνατον
1783 4025 1884 4076 οὐκ

303 4115 480 4179 εἰδὼς,
535 4116 627 4168 ἵνα
667 4118 762 4169 καὶ
803 4117 969 4187 ἡμεῖς
1006 4115 1296 4187 ἀναδῶμεν
1337 4127 1367 4156 ιι
1417 4116 1514 4168 σὺν
1555 4114 1701 4186 αὐτῷ
1747 4115 1884 4188 πρὸς

299 4204 475 4274 ζωήν.
530 4205 749 4259 ’Δνεϐἱω
781 4206 892 4276 γάρ
925 4205 1229 4270 σκυλεύσας
1257 4207 1348 4260 τὸν
1375 4206 1527 4278 ᾅδην,
1557 4208 1657 4278 οὐχ
1687 4208 1762 4270 ὡς
1791 4207 1884 4262 ἀν-

298 4296 524 4369 θρωπος
548 4286 666 4350 καθ’
683 4300 854 4369 ἡμᾶς,
884 4297 999 4352 ἀλλ’
1023 4297 1100 4362 ὡς
1126 4298 1260 4362 Θεὸς
1279 4299 1338 4353 ἐν
1365 4299 1528 4370 σαρκὶ
1557 4297 1676 4369 μεθ’
1701 4297 1879 4367 ἡμῶν,

1991 4315 2042 4355 se
2079 4299 2301 4370 abjecit,
2339 4314 2448 4369 quo
2479 4307 2536 4354 et
2585 4314 2686 4354 nos
2707 4313 2924 4369 quoque
2963 4313 3073 4353 una
3115 4313 3237 4353 cum
3264 4298 3360 4353 illo
3381 4299 3447 4353 ad
3474 4300 3558 4354 vi-

292 4388 384 4439 καὶ
424 4387 567 4459 ὑπὲρ
598 4389 750 4458 ἡμᾶς
798 4396 852 4440 ν.
896 4386 1274 4440 Κατεπλούτει
1310 4387 1369 4442 δὲ
1416 4389 1450 4458 ἡ
1490 4386 1650 4456 φύσις
1697 4385 1774 4449 ὡς
1821 4388 1880 4440 ἐν

1991 4389 2548 4462 [θωτθειπεεισεηιιιε.
2573 4390 2792 4447 Revixit
2820 4391 2968 4445 enim
2999 4390 3320 4462 despoliatis
3345 4391 3561 4457 inferis,

290 4478 430 4551 αὐτῷ
458 4451 546 4550 δὴ.
699 4477 900 4550 πρώτῳ
923 4478 1023 4550 τὴν
1062 4478 1394 4550 ἀφθαρσίαν,
1419 4451 1514 4532 καί
1537 4477 1826 4550 συνετρίϐη
1851 4479 1881 4532 6

1991 4498 2094 4538 non
2116 4489 2178 4536 ut
2217 4490 2420 4537 nostrai
2466 4482 2797 4537 conditionis
2827 4481 3014 4548 homo,
3061 4482 3156 4538 sed
3186 4491 3247 4536 ut
3308 4483 3454 4538 Deus
3501 4483 3558 4540 in

289 4568 545 4634 θάνατος,
578 4569 668 4640 τῷ
684 4569 786 4638 τῆς
814 4569 952 4640 ζωῆς
977 4569 1194 4642 σώματι
1224 4569 1485 4641 πολεμίου
1513 4569 1670 4640 δίκην
1694 4570 1880 4626 εἰσϐα-

1991 4585 2141 4624 carne
2169 4568 2457 4624 nobiscum
2481 4577 2538 4624 et
2560 4585 2725 4640 supra
2744 4585 2865 4626 nos.
2883 4569 3134 4626 Obtinuit
3160 4580 3340 4625 autem
3362 4578 3558 4628 natura

440 4661 682 4730 Ὠσπερ
713 4658 821 4732 γὰρ
856 4661 1141 4732 νενίκηκεν
1174 4663 1232 4714 ἐν
1259 4659 1337 4732 τῷ
1377 4660 1570 4732 Ἀδὰμ,
1599 4660 1743 4714 οὕτω
1779 4662 1875 4715 πέ-

1991 4661 2041 4716 in
2069 4660 2190 4732 ipso
2219 4666 2478 4731 tanquam
2507 4661 2563 4715 in
2609 4661 2788 4732 capite
2815 4661 3302 4734 incorruptionem.
3331 4660 3552 4716 Contri-

298 4765 500 4804 πτωκεν
527 4753 591 4805 ἐν
619 4751 703 4823 τῷ
727 4753 971 4826 Χριστῷ.
993 4754 1104 4808 Kal.
1129 4753 1262 4824 γοῦν
1276 4753 1617 4808 ἀναϐαίνοντι
1638 4753 1706 4806 δι’
1732 4753 1879 4824 ἡμᾶς

1991 4767 2034 4808 La
2074 4762 2160 4808 est
2185 4767 2338 4808 mors
2375 4766 2616 4823 quoque,
2643 4753 2775 4809 dum
2796 4754 3013 4825 corpori
3037 4754 3184 4825 quod
3217 4754 3391 4825 ipsius
3424 4755 3552 4812 vitae

295 4841 390 4893 καὶ
410 4841 544 4912 ὑπὲρ
561 4846 596 4915 ἡ
604 4843 724 4915 μῶν
743 4847 882 4917 πρὸς
895 4846 988 4900 τὸν
1004 4847 1065 4900 ἐν
1087 4846 1341 4919 ούρανοίς
1363 4846 1588 4910 Πατέρα
1611 4847 1705 4901 καὶ
1725 4847 1876 4913 Θεὸν,

1991 4852 2118 4909 arat,
2177 4843 2452 4898 hostiliter
2501 4843 2746 4899 insultat.
2776 4844 3245 4912 Quemadmodum
3278 4845 3383 4917 19
3401 4846 3552 4901 enim

287 4932 371 4985 ἵνα
409 4935 524 4998 τοῖς
548 4935 643 4990 ἐπὶ
673 4936 780 5007 γῆς
815 4935 1046 5009 βάσιμον
1077 4938 1335 5010 ἀποφήνῃ
1368 4938 1460 4992 τὸν
1487 4939 1740 5010 οὐρανὸν,
1770 4939 1870 5004 τὰς

1991 4932 2069 4986 illa
2094 4947 2194 5003 per
2221 4930 2392 4987 Adam
2429 4931 2581 4998 vicit,
2613 4932 2687 4988 ita
2711 4949 2810 5004 per
2829 4933 3111 4988 Christum
3142 4932 3409 4988 debellata
3425 4949 3550 4988 cor-

269 5025 581 5090 ὶπινικίους
612 5025 762 5097 ᾠδὰς
794 5028 1012 5102 ἀνετίθη
1042 5029 1218 5098 λέγων
1241 5031 1269 5082 6
1291 5028 1573 5093 θεσπέσιος
1597 5029 1871 5101 Μελῳϐόςο

1991 5024 2105 5078 ruit.
2137 5021 2504 5090 Quamobrem
2526 5022 2746 5079 divinus
2772 5023 2862 5078 ille
2879 5023 3080 5094 psaltes
3097 5023 3267 5078 David
3292 5025 3360 5078 ad
3377 5025 3552 5079 Deum

263 5137 283 5168 ι
333 5117 532 5188 Ἀνέϐη
562 5119 596 5171 ὁ
633 5117 772 5182 θεὸς
807 5120 866 5173 ἐν
889 5119 1214 5192 ἀλαλαγμῷ,
1248 5119 1453 5190 Κύριος
1473 5119 1532 5172 ἐν
1564 5123 1715 5193 φωνῇ
1745 5120 1874 5175 σάλ-

1991 5115 2255 5170 :oelestem
2293 5113 2513 5169 Patrem
2565 5130 2666 5186 pro
2708 5114 2868 5170 nobis
2883 5123 2940 5170 et
2984 5121 3210 5186 propter
3227 5129 3330 5170 nos
3354 5129 3549 5170 ascen-

258 5223 483 5276 πιγγος.
521 5205 766 5262 Ψάλατε
809 5207 888 5279 τῷ
923 5206 1044 5279 Θεῷ
1073 5209 1254 5280 ἡμῶν,
1289 5207 1518 5280 ψάλατε·
1555 5208 1758 5278 dalata
1795 5209 1874 5280 τῷ

1991 5207 2155 5272 denti,
2181 5220 2378 5277 nempe
2415 5222 2525 5276 quo
2547 5208 2706 5262 nobis
2731 5217 2893 5264 terrae
2916 5205 3078 5278 hujus
3101 5206 3390 5278 inquilinis
3404 5207 3548 5264 viam

323 5369 368 5400 "
401 5369 519 5424 ιω.
553 5382 684 5433 Lm,
724 5367 812 5421 ll.
887 5365 978 5420 ’τι
1007 5363 1134 5419 Cor.
1169 5380 1257 5431 xv,
1277 5365 1367 5419 22.
1443 5362 1654 5418 "Ibid.
1689 5363 1774 5417 l7.
1849 5362 1897 5394 “
1919 5363 2077 5418 Rom.
2106 5380 2179 5431 vi,
2209 5366 2263 5420 5.
2336 5363 2578 5421 "lCor.
2609 5378 2700 5427 xv,
2733 5363 2821 5419 5i.
2899 5364 2945 5396 ”
2975 5363 3131 5421 Joan.
3165 5362 3332 5429 x,18.

1343 5500 1520 5556 Variae
1543 5499 1810 5556 lectiones
1847 5499 2053 5559 codicis
2087 5501 2450 5573 Seguieriani.

317 5650 344 5678 ³
374 5641 760 5707 κατηργείτο.
851 5643 864 5676 ι
893 5638 1362 5711 ζωοποιησόμεθα.
1439 5651 1465 5680 ιι
1486 5639 1816 5710 ἀναϐιῶμεν.
1852 5641 2252 5710 ἀναϐαίνωμεν.
2330 5648 2356 5677 ν
2379 5638 2554 5708 ἡμῶν.
