4028 6208
439 265 510 323 39
1464 253 1524 310 S.
1566 247 1843 309 CYRILLI
1875 239 2347 302 ALEXANDRINI
2387 236 2705 294 ARCHIEP.
3641 236 3710 292 ω

446 378 506 432 id
556 374 756 431 ccelum
807 370 1070 435 muniret,
1114 369 1384 442 ejusmodi
1437 367 1754 436 triumphali
1800 378 2021 419 carmen

2142 358 2337 411 Βασιλεί
2356 355 2535 427 ἡμῶν,
2555 354 2781 424 ψάλατεο
2804 350 3011 420 ψάλατε
3033 349 3289 413 συνετῶς.
3331 348 3717 405 Ἐϐασίλευσεν

440 465 720 521 accinuit:
756 482 773 515 ι
828 463 1092 518 Ascendit
1144 464 1290 516 Deus
1337 461 1391 514 in
1432 461 1628 532 jubilo,
1656 458 1921 512 Dominus
1964 454 2019 506 in

445 573 576 611 voce
643 554 806 609 tubae.
853 555 1075 609 Psallite
1129 554 1241 607 Deo
1273 560 1483 615 nostro,
1524 550 1770 621 psallite;
1807 545 2020 616 psallite

444 646 557 717 regi
580 654 790 709 nostro,
818 645 1052 714 psallite,
1087 644 1298 713 psallite
1326 644 1620 713 sapienter.
1653 643 1797 695 Deus
1824 653 2019 707 regna-

445 737 521 790 vit
583 751 749 806 super
800 749 991 789 omnes
1014 742 1206 804 gentes
1226 734 1293 785 ⁷⁷.
1327 752 1345 783 ι
1374 732 1479 788 Sed
1519 738 1576 785 et
1601 732 1793 784 beatus
1818 727 2019 782 Paulus

2123 455 2151 505 6
2182 451 2315 514 Θεὸς
2360 450 2453 503 ἐπὶ
2483 451 2553 501 τὰ
2579 447 2727 516 ἔθνη.
2768 464 2785 497 ι
2832 446 2978 515 Ἔφη
3006 440 3063 497 δέ
3114 460 3215 495 που
3248 442 3344 495 καὶ
3377 445 3405 497 6
3440 444 3716 514 μακάριος

2130 541 2343 605 Παῦλος
2369 542 2497 611 περὶ
2525 537 2712 603 αὐτοῦ,
2738 535 2935 604 λέγων’
2966 553 2985 587 ι
3031 534 3088 587 '0
3112 534 3383 599 καταϐὰς,
3413 535 3578 598 αὐτός
3604 537 3722 588 ἐστι

2122 632 2217 686 καὶ
2241 634 2269 684 6
2297 631 2501 695 ἀναϐὰς
2522 629 2779 702 ὑπεράνω
2802 627 2912 681 τῶν
2940 626 3204 697 οὐρανῶν,
3228 626 3325 680 ἵνα
3352 627 3622 700 πληρώσῃ
3656 630 3723 681 τὰ

2121 724 2318 779 πάντα.
2362 740 2380 774 ι

443 843 665 898 quoque
695 826 763 881 de
799 826 891 879 illo
932 824 1020 878 his
1058 832 1427 879 consentanea
1484 822 1717 876 scribit:
1762 838 1778 869 ι
1811 817 1937 884 Qui,
2008 816 2208 886 inquit,
2244 813 2549 879 descendit,
2598 814 2713 883 ipse
2773 820 2858 867 est
2897 811 2994 881 qui
3019 820 3076 865 et
3116 810 3365 866 ascendit
3402 826 3566 881 super
3592 826 3718 865 om-

445 933 543 971 nes
564 915 753 978 cwlos,
784 922 845 968 ut
868 913 1193 982 adimpleret
1224 911 1406 966 omnia
1427 912 1524 963 ".z

515 1009 651 1063 Cum
704 1008 869 1077 igitur
909 1007 1213 1061 secundum
1241 1013 1490 1058 naturam
1516 1017 1681 1056 verus
1711 1001 1785 1056 sit
1815 1015 1933 1064 rex,
1972 1008 2030 1053 et

447 1096 593 1149 Deus
656 1095 787 1149 item
848 1109 1014 1148 verus
1038 1092 1222 1163 glorize
1255 1090 1521 1144 Dominus
1566 1089 1862 1143 cruciﬁxus
1890 1103 2029 1158 pra:-

448 1187 663 1242 dicetur
694 1188 761 1251 7',
804 1186 893 1241 cui
922 1185 1151 1240 dubium
1192 1198 1312 1237 esse
1347 1192 1528 1252 potest
1560 1182 1696 1251 quin
1724 1196 1878 1236 sacra
1900 1180 2027 1235 Vir-

449 1294 516 1348 go
545 1279 776 1347 Deipara
825 1277 896 1331 sit
955 1273 1335 1330 nominanda?
1376 1273 1458 1326 Tu
1495 1272 1661 1343 igitur
1693 1273 2025 1327 Emmanue-

450 1372 557 1424 lem
607 1378 665 1422 ut
709 1384 877 1423 unum
917 1367 1104 1428 adora,
1143 1379 1319 1433 neque
1366 1372 1489 1433 post
1530 1363 1729 1417 factam
1766 1364 2025 1417 unionem

452 1459 508 1512 in
543 1459 682 1512 duos
724 1458 876 1510 illum
933 1454 1164 1508 disseca.
1202 1452 1356 1505 Tunc
1378 1451 1525 1505 enim
1554 1451 1777 1504 insanus
1808 1448 2029 1505 Iudaeus

451 1554 725 1605 incassum
755 1547 978 1610 ridebit,
1012 1555 1145 1599 tunc
1177 1544 1371 1615 procul
1396 1543 1566 1598 dubio
1611 1543 1778 1598 occisi
1807 1541 2025 1596 Domini

2200 997 2324 1051 ’Ότι
2350 1012 2407 1049 τε
2435 995 2613 1048 τοίνυν
2631 995 2726 1049 καὶ
2747 994 2878 1057 Θεός
2907 994 3053 1047 ἐστιν
3076 992 3311 1064 ἀληθῶς,
3340 994 3435 1047 καὶ
3460 993 3709 1063 βασιλεὺς

2127 1085 2268 1139 κατὰ
2296 1085 2477 1153 φύσιν,
2509 1085 2722 1155 εἴρηται
2741 1084 2797 1137 δὲ
2824 1084 3038 1155 καὶτῆς
3061 1084 3220 1156 δόξης
3246 1086 3451 1154 Κύριος
3473 1088 3501 1138 6
3531 1088 3714 1138 ἐσταυ-

2130 1179 2394 1250 ρωμένος,
2429 1179 2545 1241 πῶς
2577 1178 2642 1232 ἂν
2673 1177 2967 1231 ὲνδοιάσείε
2998 1195 3082 1241 τις
3114 1176 3375 1231 Θεοτόκον
3410 1180 3587 1231 εἰπεῖν
3616 1179 3714 1248 τὴν

2128 1270 2288 1338 ἁγίαν
2334 1270 2649 1339 Παρθένον;
2695 1269 3081 1341 Προσκύνησον
3124 1271 3198 1333 ὡς
3235 1270 3365 1335 ἕνα,
3418 1269 3497 1342 μὴ
3527 1266 3719 1323 διελὼν

2128 1364 2208 1426 είς
2227 1362 2320 1416 δύο
2348 1362 2489 1432 μετὰ
2507 1362 2604 1433 τὴν
2624 1362 2838 1416 ἕνωσιν.
2872 1362 3005 1415 Τότε
3032 1362 3250 1431 γελάσει
3273 1363 3461 1433 μάτην
3487 1364 3515 1415 6
3540 1362 3725 1432 παρά-

2128 1472 2279 1526 φρων
2342 1455 2620 1522 Ἰουδαῖος,
2661 1456 2781 1508 τότε
2815 1454 3343 1522 κυριοκτόνοςοέσται
3402 1453 3544 1507 κατὰ
3588 1455 3722 1524 ἀλή-

2127 1544 2277 1599 θειαν
2297 1561 2309 1574 ·
2353 1544 2619 1599 ἁλώσεται
2646 1545 2703 1598 δὲ
2730 1542 3217 1615 πεπλημμεληκὼς
3239 1544 3339 1596 οὐκ
3364 1544 3458 1605 είς
3488 1543 3582 1596 ἕνα
3614 1543 3722 1596 τῶν

449 1656 578 1696 reus
598 1649 809 1709 agetur,
834 1648 965 1692 tunc
999 1638 1153 1691 illum
1182 1652 1292 1690 non
1319 1637 1374 1689 in
1412 1636 1690 1706 vulgarem
1714 1634 2025 1703 quempiam

2142 1637 2249 1690 «10’
2276 1637 2445 1706 ἡμᾶς,
2469 1636 2584 1690 ἀλλ’
2611 1638 2691 1700 είς
2714 1636 2875 1689 αὑτὸν
2903 1635 2993 1687 τὸν
3020 1634 3127 1689 τῶν
3154 1635 3290 1688 ὅλων
3314 1634 3556 1704 Σωτῆρα
3586 1635 3720 1705 Χρι-

451 1734 729 1789 hominem
764 1732 924 1785 nobis
962 1732 1195 1785 similem
1225 1730 1388 1799 impie
1408 1745 1473 1783 ac
1499 1729 1762 1783 scelerate
1788 1726 2026 1781 saaviisse

2142 1728 2249 1780 ndv
2272 1736 2317 1780 ι.
2347 1729 2455 1781 Καὶ
2490 1727 2554 1799 δὴ
2583 1729 2676 1781 καὶ
2703 1727 3014 1781 ἀκούσεται·
3059 1745 3077 1779 ι
3107 1727 3244 1780 Οὐαὶ
3274 1725 3435 1787 ἔθνος
3463 1726 3723 1797 ἀμαρτω-

452 1826 757 1894 apparebit,
781 1825 878 1879 sed
911 1825 965 1878 in
994 1824 1379 1877 universorum
1403 1822 1741 1876 Salvatorem
1756 1830 1812 1875 et
1834 1821 2025 1874 Deum.

2142 1818 2245 1883 λὸν,
2294 1818 2421 1882 λαὸς
2455 1819 2670 1889 πλήρης
2702 1819 3003 1890 ἁμαρτιῶν,
3050 1818 3271 1889 σπέρμα
3319 1818 3587 1890 πονηρὸν,
3629 1819 3726 1871 καὶ

450 1917 760 1986 Audietque
806 1917 892 1971 vel
945 1916 1188 1970 invitus:
1228 1934 1246 1965 ε
1285 1914 1377 1968 Va:
1400 1913 1548 1984 genti
1578 1912 1894 1983 peccatrici,
1930 1926 2032 1981 po-

452 2008 583 2078 pulo
620 2008 783 2077 pleno
836 2007 1097 2077 peccatis,
1148 2005 1345 2059 semini
1370 2020 1627 2074 nequam,
1661 2012 1716 2057 et
1746 2002 1875 2056 ﬁliis
1906 2017 2031 2056 see-

453 2098 635 2162 lestis;
663 2098 1038 2169 dereliquistis
1063 2097 1378 2160 Dominum,
1411 2105 1468 2150 et
1492 2094 1860 2149 exacerbastis
1891 2093 2030 2147 San-

453 2198 602 2245 ctum
633 2190 818 2245 Israel.
861 2210 879 2241 »
918 2190 1073 2244 Tunc
1113 2189 1356 2259 gentium
1435 2186 1670 2257 populus
1702 2185 1858 2241 nullo
1878 2199 2032 2253 pror-

454 2296 551 2336 sus
598 2283 722 2353 jure
763 2280 1200 2336 Christianorum
1225 2279 1386 2333 ﬁdem
1426 2278 1762 2333 subsannare
1798 2274 2039 2345 poterit“

454 2370 728 2440 Agnoscet
762 2369 912 2424 enim
964 2385 1064 2424 nos
1110 2384 1222 2423 non
1253 2368 1403 2422 nudo
1447 2366 1612 2421 alicui
1646 2364 1856 2419 homini
1892 2363 2032 2417 divi-

456 2475 592 2515 num
618 2460 830 2514 cultum
864 2459 1100 2521 deferre,
1123 2458 1294 2522 absit,
1320 2458 1416 2512 sed
1444 2457 1522 2511 illi
1550 2456 1638 2511 cui
1662 2464 1858 2509 natura
1890 2455 2035 2508 Deus

457 2558 580 2616 est;
608 2566 788 2620 neque
811 2550 957 2605 enim
994 2551 1178 2620 gloriae
1243 2549 1656 2619 maiestatisque
1682 2547 1830 2602 illius
1862 2544 2036 2616 ignari

460 2657 690 2708 sumus;
719 2658 847 2697 nam
903 2644 1005 2697 etsi
1061 2642 1287 2712 perinde
1321 2657 1385 2696 ac
1408 2656 1509 2695 nos
1538 2640 1715 2694 factus
1736 2648 1840 2700 est,
1864 2638 1920 2692 id
1952 2648 2036 2692 ta-

459 2747 587 2788 men
615 2735 762 2804 quod
789 2743 928 2799 erat,
954 2733 1212 2787 nimirum
1256 2732 1401 2785 Deus
1439 2745 1657 2800 semper
1695 2729 1916 2783 mansit.
1934 2729 2038 2784 Per

2137 1912 2241 1963 υἱοὶ
2278 1910 2505 1979 ἄνομοι·
2538 1910 2924 1977 ἐγκατελίπετε
2973 1909 3065 1962 τὸν
3098 1908 3323 1979 Κύριον,
3359 1909 3464 1960 καὶ
3504 1925 3726 1977 παρωρ-

2139 2002 2329 2069 γίσατε
2354 2001 2444 2053 τὸν
2476 2002 2664 2068 ’Ἅγιον
2692 2001 2785 2054 τοῦ
2821 2002 3056 2072 Ἰσραήλ.
3086 2018 3103 2051 ι
3139 2000 3409 2070 Ἑλλήνων
3442 1999 3498 2053 δὲ
3534 2000 3726 2061 παῖδες

2137 2093 2257 2145 κατ’
2301 2092 2487 2144 οὐδένα
2516 2092 2717 2162 τρόπον
2750 2092 2846 2163 τὴν
2884 2093 2996 2145 τῶν
3042 2090 3386 2165 Χριστιανῶν
3432 2091 3727 2161 διαμωμή-

2141 2201 2322 2237 σονται
2372 2184 2575 2241 πίστιν.
2632 2184 3085 2256 Λελατρεύκαμεν
3136 2183 3241 2255 γὰρ
3299 2183 3400 2235 οὐκ
3450 2181 3727 2253 ἀνθρώπῳ

2131 2274 2299 2346 Quit?)-
2336 2275 2410 2347 μὴ
2449 2276 2686 2344 γένοιτο·
2738 2276 2857 2347 Θεῷ
2889 2275 2945 2328 δὲ
2989 2275 3190 2345 μᾶλλον
3224 2274 3302 2343 τῷ
3340 2274 3485 2327 κατὰ
3536 2273 3724 2342 φύσιν,

2130 2368 2229 2421 οὐκ
2262 2368 2580 2437 ἀγνοοῦντες
2608 2368 2770 2422 αὐτοῦ
2796 2367 2894 2437 τὴν
2926 2366 3108 2433 δόξαν,
3145 2365 3247 2419 κᾶν
3280 2366 3330 2417 εί
3368 2366 3566 2434 γέγονε
3597 2366 3724 2417 καθ’

2132 2461 2301 2530 ἡμᾶς’
2339 2459 2662 2531 μεμενηκὼς
2693 2461 2829 2531 ὅπερ
2866 2454 2955 2530 ἦν,
2989 2458 3233 2513 τουτέστι
3261 2457 3414 2520 Θεός.
3446 2456 3525 2508 Δι’
3555 2455 3723 2509 αὑτοῦ

2133 2567 2192 2604 τε
2233 2551 2328 2608 καὶ
2376 2553 2472 2605 σὺν
2510 2551 2659 2622 αὐτῷ
2704 2551 2783 2623 τῷ
2815 2550 2935 2621 Θεῷ
2980 2550 3074 2604 καὶ
3117 2551 3294 2620 Πατρὶ
3328 2547 3414 2616 εἴη
3460 2547 3589 2611 δόξα
3624 2548 3723 2601 σὺν

2138 2642 2279 2713 ἁγίῳ
2320 2643 2416 2696 καὶ
2450 2640 2699 2714 ζωοποιῷ
2726 2642 3032 2713 Ιινεύματι,
3070 2643 3150 2706 είς
3193 2642 3320 2704 τοὺς
3363 2640 3570 2702 αἰῶνας
3612 2638 3724 2689 τῶν
3782 2660 3786 2663 ·

2137 2731 2370 2787 αἰώνων.
2404 2733 2598 2804 Ἀμήν.

462 2827 644 2905 ipsum
672 2837 729 2884 et
769 2844 895 2884 cum
936 2827 1080 2897 ipso,
1144 2826 1256 2881 Deo
1308 2832 1365 2880 et
1427 2823 1577 2878 Patri
1621 2822 1695 2880 sit
1742 2822 1916 2895 gloria
1972 2837 2097 2877 cum
2159 2831 2349 2879 saneto
2386 2832 2444 2881 et
2489 2825 2708 2882 viviﬁco
2759 2825 2971 2897 Spiritu
3034 2824 3092 2882 in
3135 2824 3335 2881 saecula
3392 2821 3747 2880 saeculorum.

462 2918 657 2976 Amen.

1886 3146 2225 3205 EPISTOLA
2261 3148 2328 3202 11.

1756 3298 1965 3339 ειίιιιω
1997 3300 2064 3339 Δί)
2100 3299 2422 3341 Νεδτοιιιυκ.

470 3428 695 3487 Heresis
752 3424 1086 3498 Nestorium;
1135 3438 1347 3498 rumore
1371 3422 1804 3498 ἱημοεεὶᾴιξηῑεηι⁵
1820 3433 1870 3477 et
1911 3425 2187 3498 (inaures
2218 3424 2482 3481 Caelestini
2512 3425 2542 3481 Ι
2578 3426 2846 3498 pontiﬁcis
2872 3426 3090 3498 ntagtimi
3115 3435 3421 3498 peruagato,
3457 3429 3501 3482 is
3527 3429 3727 3498 Cyri/lo

544 3498 889 3552 mandaverat
918 3503 974 3547 ut
1010 3495 1085 3547 rei
1118 3495 1388 3547 veritatem
1429 3495 1737 3562 inquireret.
1765 3493 1920 3547 Ponti

1924 3493 2064 3568 ﬁcis_
2077 3497 2344 3568 mandatis
2378 3493 2790 3568 morem—gerens
2807 3496 3059 3568 Cyrillus,
3085 3493 3144 3549 ea
3172 3493 3413 3550 [Vestorio
3435 3493 3724 3568 signiﬁcat,

543 3584 763 3637 eumque
794 3565 947 3637 valde
973 3567 1171 3618 iratum
1198 3564 1258 3616 ob
1280 3562 1558 3637 epistolam
1588 3564 1657 3616 ad
1684 3565 1962 3619 monachos
1994 3565 2211 3636 {Egypti
2239 3566 2423 3620 datam
2448 3562 2628 3637 (epist.
2657 3566 2714 3636 1)
2741 3562 2947 3637 blandis
2974 3575 3023 3619 et
3071 3568 3255 3637 amicis
3300 3562 3731 3637 verbis'placare

542 3633 736 3699 studet,
763 3634 922 3689 simul
946 3642 1119 3687 tamen
1143 3649 1236 3707 pro
1253 3634 1422 3707 efﬁcio
1448 3633 1731 3689 admonens
1754 3644 1809 3687 ut
1831 3644 2043 3705 propter
2064 3633 2245 3707 pacem
2269 3633 2517 3693 Ecclesire
2538 3633 2745 3691 beatam
2774 3635 3035 3706 Virginem
3062 3635 3347 3706 Deiparam
3368 3633 3726 3707 conﬁteretur,

546 3723 713 3778 neque
734 3715 844 3759 tam
864 3719 1023 3775 grave
1041 3701 1357 3756 scandalum
1382 3703 1554 3756 daret.

546 3818 975 3890 lieligiosissimo
1025 3816 1233 3886 Deique
1279 3816 1654 3871 amantissimo
1697 3816 1954 3887 episcopo
2001 3832 2039 3873 e1

2230 3820 2320 3892 Τῷ
2342 3820 2719 3890 εὐλαϐεστάτῳ
2746 3821 2841 3876 καὶ
2865 3820 3263 3893 θεοφιλεστάτῳ
3294 3823 3577 3895 ὲπισκόπῳ
3603 3826 3728 3879 συλ-

474 3911 855 3967 comministro
885 3909 1159 3974 Nestorio,
1185 3908 1422 3979 Cyrillus
1446 3909 1809 3980 episcopusin
1824 3909 2055 3965 Domino

476 4002 731 4056 salutem.

546 4090 910 4144 Advenerunt
930 4086 1317 4142 Alexandriam
1344 4086 1453 4142 viri
1476 4087 1685 4158 aliquot
1704 4087 2055 4144 veneratione

477 4196 543 4236 ac
578 4180 683 4234 ﬁde
732 4179 905 4250 digni,
946 4179 1040 4248 qui
1088 4178 1348 4248 pietatem
1395 4186 1542 4232 tuam
1584 4178 1820 4249 graviter
1851 4188 2055 4233 stoma-

478 4272 655 4336 chari,
680 4271 1002 4339 nullumque
1039 4268 1161 4337 :mei
1204 4268 1433 4324 laedendi
1480 4285 1643 4325 causa
1676 4270 1913 4340 lapidem
1945 4285 2055 4324 non

479 4377 723 4427 movere,
769 4361 904 4416 mihi
948 4360 1357 4415 renuntiarunt.
1398 4361 1655 4430 Cupienti
1698 4370 1881 4416 autem
1919 4361 2056 4415 mihi

480 4453 590 4522 20
617 4465 945 4521 cognoscere
973 4448 1245 4502 undenam
1270 4450 1443 4519 pietas
1473 4460 1565 4504 tua
1595 4451 1649 4505 in
1676 4451 1815 4506 hanc
1840 4452 2059 4522 aegritu-

481 4544 669 4599 dinem
702 4541 1007 4604 incidisset,
1041 4541 1443 4595 Alexandrinos
1477 4543 1738 4611 quosdam
1769 4543 2058 4613 epistolam

484 4635 634 4689 illam
676 4649 839 4703 quam
867 4632 935 4685 ad
955 4640 1172 4685 sanctos
1212 4632 1508 4687 monachos
1526 4633 1780 4687 miseram
1819 4632 2058 4687 circum-

486 4728 649 4791 ferre,
679 4740 910 4794 eamque
944 4738 1059 4777 rem
1093 4723 1203 4776 odii
1242 4730 1298 4776 et
1326 4723 1648 4779 offensionis
1675 4740 1893 4779 causam
1938 4740 2059 4780 esse

488 4816 907 4886 responderunt.
948 4814 1060 4885 Ego
1094 4830 1228 4869 vero
1262 4815 1495 4870 miratus
1535 4831 1656 4870 sum
1705 4818 1966 4887 majorem
2003 4818 2059 4872 in

487 4906 734 4969 modum,
783 4906 1041 4975 pietatem
1092 4912 1241 4957 tuam
1291 4904 1425 4958 illud
1473 4907 1655 4974 potius
1688 4923 1797 4961 non
1822 4922 2058 4977 perpen-

488 4999 660 5062 disse,
689 5011 989 5065 secumque
1019 5004 1326 5065 reputassc,
1352 5012 1445 5050 eas
1486 4996 1540 5050 in
1567 4997 1675 5053 ﬁde
1729 4999 1919 5053 turbas
1951 5014 2060 5052 non

488 5098 712 5160 propter
740 5087 883 5141 hanc
911 5103 1075 5157 quam
1110 5086 1304 5157 scripsi
1330 5087 1637 5157 epistolam,
1673 5089 1769 5144 sed
1794 5090 1976 5159 potius
1994 5106 2060 5144 ex

2158 3912 2459 3985 λειτουργῷ
2492 3913 2793 3985 Νεστορίῳ,
2822 3912 3089 3984 Κύριλλος
3122 3914 3425 3979 ἐπίσκοπος
3454 3917 3512 3970 ὲν
3538 3918 3728 3989 Κυρίῳ

2157 4005 2391 4076 χαίρειν.
3072 4068 3087 4077 λ

2234 4097 2459 4167 ’Ἄνδρες
2494 4096 2787 4167 αίδέσιμοι,
2838 4095 2930 4150 καὶ
2969 4094 3204 4161 πίστεως
3243 4095 3385 4163 ἄξιοι
3422 4116 3571 4171 παρα
3586 4100 3732 4169 γεγό-

2158 4201 2313 4237 νασιν
2350 4188 2408 4237 ὲν
2465 4185 2847 4257 Ἀλεξανδρείᾳ
2873 4202 2886 4217 ο
2922 4180 3039 4238 εἶτα
3070 4186 3368 4256 μετέδοσαν
3398 4187 3599 4242 ὡσανεὶ
3632 4191 3731 4244 καὶ

2158 4273 2255 4343 τῆς
2288 4274 2385 4345 σῆς
2412 4273 2721 4338 οεοσεῦείας
2743 4275 3158 4344 ἀγανακτούσης
3184 4277 3409 4348 σφόδρα,
3434 4280 3527 4333 καὶ
3556 4281 3731 4333 πάντα

2160 4363 2341 4416 κάλων
2371 4363 2627 4432 κινούσης
2658 4367 2739 4429 είς
2759 4366 2820 4419 τὸ
2846 4366 3037 4420 λυπεῖν
3067 4368 3188 4439 ἐμέ.
3223 4371 3536 4441 Βουλομένῳ
3557 4372 3611 4423 δέ
3637 4388 3726 4439 μοι

2158 4454 2258 4523 τῆς
2292 4454 2391 4523 σῆς
2436 4453 2748 4520 θεοσεϐείας
2791 4456 2889 4526 τὴν
2941 4458 3117 4530 λύπην
3160 4461 3479 4531 ἀναμαϐεῖν,
3522 4462 3726 4529 ἔφασαν

2159 4549 2242 4600 ὅτι
2276 4545 2375 4616 τὴν
2404 4547 2542 4618 πρὸς
2583 4549 2857 4618 μοναστάς
2894 4550 3083 4617 ἁγίους
3119 4553 3417 4622 γενομένην
3444 4550 3729 4620 ἐπιστολὴν

2163 4637 2521 4708 περιφέρουσί
2554 4654 2698 4701 τινες
2737 4638 2846 4691 τῶν
2890 4639 2998 4692 ἀπὸ
3025 4641 3124 4709 τῆς
3168 4640 3587 4711 Ἀλεξανδρείας,
3638 4642 3737 4694 καὶ

2160 4729 2195 4799 ἡ
2221 4727 2313 4780 τοῦ
2356 4729 2550 4799 μίσους
2577 4728 2799 4801 ἀφορμὴ
2832 4730 2927 4781 καὶ
2958 4731 3056 4798 τῆς
3081 4729 3272 4800 ἀηδίας
3299 4738 3327 4776 .'
3357 4731 3494 4801 αὕτη
3517 4732 3728 4799 γέγονε.

2162 4819 2500 4890 Τεθαύμακα
2520 4819 2719 4883 τοίνυν,
2751 4822 2799 4872 εί
2827 4819 2904 4891 μὴ
2928 4821 3105 4874 ἐκεῖνο
3143 4820 3342 4890 μᾶλλον
3380 4823 3413 4891 ὴ
3448 4822 3513 4891 σὴ
3548 4818 3745 4875 θεοσέ-

2163 4910 2284 4964 (ista
2319 4909 2442 4962 καθ’
2484 4911 2684 4981 ἑαυτὴν
2722 4910 3029 4979 ἐλογίσατο·
3065 4910 3126 4963 ού
3160 4910 3267 4981 γὰρ
3300 4914 3566 4982 πρότερον
3594 4912 3731 4982 ἐμῆς

2161 5002 2465 5074 γραφείσης
2487 5003 2793 5074 ἐπιστολῆς,
2820 5004 2848 5056 6
2865 5004 2956 5063 ἐπὶ
2975 5005 3041 5074 τῇ
3064 5004 3243 5056 πίστει
3270 5003 3460 5071 γέγονε
3484 5004 3727 5075 θόρυϐος,

2162 5091 2277 5144 ἀλλ’
2304 5092 2660 5164 ῆείρημένων
2699 5093 2862 5146 τινῶν
2897 5093 3051 5165 παρὰ
3078 5094 3177 5163 τῆς
3205 5096 3303 5162 σῆς
3333 5092 3659 5154 οεοσεὸείας,
3692 5092 3723 5160 ἢ

490 5181 819 5251 quibusdam
867 5180 1086 5249 pietatis
1106 5172 1252 5244 ‘tuas,
1296 5180 1411 5235 sive
1446 5180 1675 5235 alterius
1713 5181 2039 5235 sermonibu:

2166 5182 2260 5235 καὶ
2290 5184 2385 5253 μή.
2430 5184 2576 5253 Πλὴν
2600 5183 2860 5255 χαρτίων,
2895 5184 3060 5255 ηγουν
3101 5183 3414 5254 ἐξηγήσεων
3441 5194 3709 5251 περιφερο

490 5274 754 5330 excitatas
818 5271 1006 5326 fuisse.
1034 5270 1291 5337 Quinimo
1317 5292 1440 5330 cum
1460 5274 1665 5329 charta:
1682 5273 1949 5343 quasdam,
1977 5289 2039 5328 ve

2169 5275 2370 5344 μένων,
2414 5276 2699 5347 κὰμνομεν
2739 5278 2921 5347 ἡμεῖς,
2957 5274 3294 5348 ἐπανορθοῦν
3325 5273 3562 5335 θέλοντες
3602 5269 3729 5333 τοὺς

564 5431 611 5464 ⁷⁷
639 5430 779 5487 Psal.
806 5448 943 5497 XLVI,
974 5433 1027 5498 6,
1062 5433 1113 5486 7.
1190 5433 1236 5464 ⁷⁸
1268 5431 1468 5501 Ephcs.
1493 5445 1566 5494 rv,
1598 5428 1680 5484 10.
1756 5428 1844 5483 "l
1873 5427 1999 5484 Cor.
2035 5445 2039 5483 1

2142 5430 2174 5483 ι.
2250 5429 2296 5463 ⁸ο
2329 5431 2429 5486 lsa.
2474 5448 2512 5497 ι,
2547 5432 2601 5486 4.

1562 5544 1731 5601 Varim
1753 5543 2016 5599 lectiones
2049 5542 2253 5599 codicis
2284 5543 2640 5615 Seguieriani.

573 5666 602 5699 κ
623 5653 710 5709 τὸν
743 5656 966 5729 Σωτῆρα
992 5656 1142 5712 Θεόν.

1219 5665 1245 5703 .V
1275 5656 1504 5719 ἁδικῖας.
