4028 6208
250 304 318 365 ιι
1467 324 1472 328 ·
1732 296 1868 352 ΕΡΙΕ

1967 294 2069 350 DLA
2104 298 2170 350 ll.
3490 306 3559 361 η

244 423 780 496 διεστραμμένους.
826 420 1026 490 Ἐγγὺς
1073 419 1181 489 γὰρ
1209 418 1467 487 γεγόνασί
1498 433 1644 481 τινες
1668 415 1764 471 τοῦ
1798 417 1868 488 μὴ

1978 414 2359 469 commentarii
2403 415 2897 481 circumferantur,
2946 416 3213 491 insignem
3249 422 3555 479 molestiam

248 505 579 586 ἀνέχεσθαι
601 515 788 568 λοιπον
808 512 1118 582 ὁμολογεῖν,
1134 511 1217 564 δτι
1243 510 1376 573 Θεός
1394 511 1541 563 ἐστιν
1563 510 1591 561 ὁ
1611 507 1870 579 Χριστός·

249 608 512 679 ὄργανον
544 606 607 659 δὲ
638 604 843 677 μᾶλλον
873 604 971 658 καὶ
1002 603 1288 674 ἐργαλεῖον
1322 602 1596 672 θεότητος,
1646 600 1741 653 καὶ
1783 600 1876 654 ἄν·

254 701 501 773 θρωπος
553 698 842 770 θεοφόρος.
895 696 1010 750 Καὶ
1053 696 1107 749 τί
1156 695 1266 764 γὰρ
1312 694 1434 765 οὐχὶ
1459 693 1570 746 τῶν
1616 690 1873 747 τοιούτων

256 792 580 856 ἑπέκεινας
606 786 716 844 Ἦν
743 785 837 843 οὖν
871 788 980 860 ἄρα
1012 789 1074 841 τὸ
1109 786 1458 859 χαλεπαίνειν
1485 784 1663 858 ἡμῶν,
1687 785 1771 853 ἐφ’
1792 780 1874 848 οἷς

254 884 500 955 εἴρηκεν
546 882 586 955 ἦ
635 882 737 936 οὐκ
768 881 997 952 εἴρηκεν
1037 881 1072 951 ἡ
1113 877 1181 951 σὴ
1231 877 1543 932 θεοσέϐεια*
1602 878 1713 941 τοῖς
1764 876 1873 948 γὰρ

258 975 742 1049 περιφερομένοις
787 972 1033 1044 χαρτίοις
1076 972 1140 1025 οὐ
1174 969 1383 1042 σφόδρα
1436 972 1697 1026 πιστεύω.
1749 970 1873 1031 Πῶς

256 1063 354 1122 οὖν
386 1067 479 1122 ενι
501 1076 532 1104 ι
558 1066 859 1136 σιωπῆσαι,
886 1065 1124 1127 πίστεως
1147 1062 1536 1134 ἀδικουμένης,
1561 1063 1657 1116 καὶ
1684 1060 1874 1115 τοσού-

260 1177 376 1214 των
407 1157 909 1230 διεστραμμένωη
958 1158 1031 1210 Ἢ
1058 1155 1119 1209 οὺ
1150 1154 1618 1227 παραστησόμεθα
1645 1154 1725 1223 τῷ
1773 1155 1871 1227 βή-

269 1268 405 1325 ματι
434 1250 541 1303 τοῦ
576 1247 854 1321 Χριστοῧς
884 1245 989 1302 οὐκ
1022 1246 1481 1318 ἀπολογησόμεθα
1498 1247 1556 1300 δὲ
1588 1246 1689 1317 τῆς
1710 1247 1872 1300 ἀκαί-

274 1362 371 1417 pou
404 1346 630 1413 σιωπῆς
662 1341 850 1405 ἕνεκα,
878 1341 1059 1394 καίτοι
1093 1357 1155 1409 γε
1182 1339 1506 1411 τεταγμένοι
1549 1341 1680 1410 παρ’
1704 1339 1870 1393 αὑτοῦ

275 1436 416 1507 προς
447 1435 516 1487 τδ
544 1434 727 1501 λέγειν
756 1432 795 1487 ἃ
819 1432 940 1498 δεῖ;
973 1431 1043 1486 Τί
1073 1433 1130 1486 δὲ
1166 1434 1377 1503 ποιήσω
1398 1430 1527 1498 νῦν;
1560 1435 1650 1485 Δεῖ
1667 1433 1776 1503 γάρ
1801 1450 1871 1503 με

280 1526 681 1597 βουλεύσασθαι
727 1530 871 1595 μετά
910 1525 1014 1596 τῆς
1041 1525 1140 1596 σῆς
1195 1524 1526 1590 θεοσεϐείας,
1575 1524 1870 1597 μηνύοντος

283 1619 383 1672 τοῦ
434 1617 828 1673 εὒλαϐεστὰτου
872 1617 971 1671 καὶ
1023 1616 1444 1687 θεοφιλεστάτου
1495 1617 1597 1690 τῆς
1651 1615 1870 1687 Ῥώμης

295 1713 590 1766 ιπισκόπσυ
624 1723 651 1751 ι
683 1710 1036 1776 Κελεστίνου,
1066 1709 1163 1764 καὶ
1190 1709 1300 1764 τῶν
1322 1712 1421 1764 σὺν
1446 1710 1595 1781 αὐτῷ
1631 1711 1870 1780 θεοφιλε-

1978 505 2327 576 perferimus,
2354 504 2719 577 quorumdam
2750 508 2856 564 hac
2875 508 2944 564 de
2974 526 3138 565 causa
3172 528 3555 581 perversorum

1977 599 2349 654 emendationi
2383 599 2688 653 studentes.
2711 599 2790 653 Eo
2823 616 3058 671 namque
3072 603 3279 658 malum
3297 606 3403 661 hoc
3419 624 3556 678 pau-

1977 691 2131 745 latim
2154 691 2425 761 serpendo
2446 693 2716 761 pervenit.
2744 692 3096 748 uthristum
3116 698 3366 752 nonnulli
3383 700 3556 755 Deum

1976 783 2238 853 appellari
2274 797 2419 855 aegro
2460 784 2759 853 patiantur,
2794 783 2889 839 sed
2924 786 3107 856 potius
3133 788 3437 847 divinitatis
3461 808 3589 873 ora

1974 890 2174 944 ganum
2197 882 2253 928 et
2283 874 2732 941 instrumentum,
2770 874 3160 948 hominemque
3186 879 3478 948 deiferum,
3499 895 3556 940 et

1976 965 2083 1020 alia
2114 965 2201 1020 his
2232 965 2525 1035 ineptiam.
2562 966 2822 1021 Nostrum
2854 967 3084 1036 proinde
3117 977 3202 1025 est
3233 985 3297 1025 ea
3327 974 3552 1030 moleste

1974 1057 2121 1112 ferre
2150 1074 2273 1128 quae
2305 1058 2483 1128 pietas
2514 1067 2611 1113 tua
2636 1058 2795 1124 dixit,
2825 1069 2923 1114 aut
2949 1061 3114 1115 etiam
3146 1076 3257 1116 non
3284 1064 3443 1131 dixit,
3475 1066 3551 1122 si-

1974 1151 2198 1221 quidem
2230 1150 2451 1207 schedis
2474 1167 2595 1222 quae
2625 1166 2691 1206 ea
2723 1151 2790 1205 de
2818 1167 2879 1207 re
2898 1140 3176 1218 l‘eruntur,
3202 1171 3391 1224 parum
3428 1158 3554 1215 ﬁdei

1974 1242 2173 1297 habeo.
2207 1242 2347 1298 Cum
2382 1243 2548 1313 igitur
2577 1242 2713 1297 fides
2733 1252 2842 1297 tam
2860 1244 3148 1315 insigniter
3168 1247 3419 1314 laedatur,
3444 1259 3554 1306 tot-

1974 1347 2082 1403 que
2123 1334 2328 1404 passim
2370 1334 2482 1389 sint
2520 1333 2730 1397 infecti,
2772 1335 2868 1404 qui
2891 1335 3110 1391 tandem
3149 1347 3329 1395 tacere
3363 1341 3455 1396 hic
3485 1342 3554 1396 llo

1973 1425 2133 1480 cuit?
2186 1425 2384 1480 Annon
2442 1434 2572 1482 ante
2617 1426 2861 1482 tribunal
2906 1427 3114 1482 Christi
3165 1430 3427 1487 sistentur
3467 1436 3555 1488 “‘9

1972 1518 2057 1573 An
2084 1519 2459 1589 intempestivi
2492 1517 2699 1574 silentii
2735 1519 3005 1575 rationem
3031 1521 3303 1578 reddituri
3324 1540 3435 1579 non
3457 1542 3553 1581 su-

1972 1625 2117 1674 mus,
2158 1625 2300 1681 quos
2333 1611 2423 1665 ille
2470 1609 2538 1665 ad
2590 1611 2695 1665 hoe
2748 1612 3037 1667 constituit
3077 1622 3139 1667 ut
3175 1631 3298 1684 qrue
3338 1628 3557 1688 oportet

1972 1700 2382 1772 prmdieemus?
2426 1701 2637 1771 Ecquid
2683 1716 2851 1767 nunc,
2896 1702 3150 1769 obsecro,
3197 1707 3412 1761 consilii
3461 1725 3554 1763 ea-

282 1803 489 1856 στάτων
507 1802 856 1866 ἐπισκόπων,
884 1818 951 1855 πε
961 1802 1015 1873 ρί
1042 1801 1154 1855 τῶν
1183 1801 1616 1872 ἀπενεχθέντων,
1643 1801 1742 1854 οὐκ
1762 1795 1863 1854 οἷδ’

1968 1793 2116 1864 piam
2136 1794 2162 1846 ?
2188 1793 2436 1863 Namque
2456 1809 2488 1847 a
2514 1801 2607 1847 tua
2637 1794 2840 1863 pietate
2863 1796 3156 1851 consilium
3184 1809 3374 1868 petere
3400 1815 3554 1855 eom-

280 1898 440 1963 ὅπως,
472 1898 595 1950 ἐκεῖ
634 1895 904 1968 χαρτίων,
958 1894 1191 1965 πότερόν
1234 1911 1367 1949 ποτε
1404 1895 1505 1967 τῆς
1551 1893 1652 1965 σῆς
1683 1892 1865 1947 θεοσε·

287 1986 497 2057 ὃείας,ἢ
523 1986 626 2057 μή.
654 1985 935 2056 Γρὰφουσι
958 1984 1071 2056 γὰρ
1091 1984 1167 2047 ὡς
1193 1984 1336 2038 πάνυ
1359 1981 1860 2045 σκανδαλισθέντες.

295 2080 409 2145 Πῶς
437 2080 489 2132 δὲ
521 2080 665 2142 τοὺς
690 2078 800 2131 ἀπὸ
829 2077 933 2147 τῆς
964 2076 1234 2148 ἀνατολῆς
1266 2079 1332 2131 ἐκ
1360 2076 1552 2131 πασῶν
1567 2075 1688 2129 στῶν
1740 2076 1866 2129 Ἐκ·
1909 2146 1918 2162 κ

288 2170 520 2241 ιλησιῶν
548 2170 889 2241 ὶρχομένους
911 2168 1348 2243 Θεραπεύσομεν,
1375 2166 1598 2223 καὶτῶν
1628 2167 1865 2239 χαρτίων

292 2261 834 2329 καταγογγύξονταςς
879 2261 951 2314 Ἦ
972 2261 1113 2332 τάχα
1141 2277 1244 2316 που
1275 2259 1486 2332 νομίζει
1515 2261 1549 2330 ἡ
1578 2258 1644 2332 σὴ
1683 2259 1865 2313 θεοσέ-

301 2357 417 2411 6εια
440 2359 517 2411 ὅτι
535 2356 726 2428 μικρὸς
754 2359 879 2421 ταῖς
930 2356 1282 2427 Ἐκκλησίαις
1305 2355 1515 2428 ἀνεφύη
1552 2348 1777 2427 θόρυϐος
1800 2355 1865 2408 ὲκ

294 2446 395 2499 τῶν
427 2446 686 2501 τοιούτοιν
714 2446 982 2517 ὀμιλιῶν;
1026 2447 1235 2511 Πάντες
1263 2447 1431 2517 ὲσμὲν
1459 2448 1517 2499 ἐν
1563 2444 1740 2515 ἀγῶσι
1769 2445 1866 2500 καὶ

288 2536 483 2601 πόνοις,
526 2537 658 2601 τοὺς
690 2536 863 2608 ιτερα
892 2540 1132 2607 φρονεῖν,
1165 2538 1267 2592 οὐκ
1309 2533 1407 2591 οἶδ’
1446 2537 1615 2603 ὅπως,
1665 2537 1869 2591 ἀναπε-

293 2628 607 2700 πεισμένοι-ις
655 2627 1012 2699 μεθιστάντες
1041 2629 1125 2693 εις
1166 2628 1228 2682 τὺ
1260 2627 1478 2700 ἀληθές.
1513 2629 1644 2682 Ὅτε
1687 2627 1865 2682 τοίνυν

290 2720 379 2791 τὴν
405 2721 656 2792 ἀνάγκην
681 2720 860 2775 ἅπασι
880 2720 976 2775 τοῦ
1001 2720 1299 2791 γογγύζειν
1332 2718 1709 2790 ὑπενεγκοῦσα
1731 2722 1766 2792 ἡ
1797 2722 1867 2793 σὴ

290 2810 558 2866 θεοσέϐειά
598 2814 742 2880 ἐστι,
768 2813 889 2877 πῶς
926 2814 1171 2868 αἰτιᾶται
1207 2813 1468 2881 δικαίωςς
1500 2815 1567 2868 Τί
1603 2808 1634 2855 δ
1674 2812 1733 2870 δέ
1762 2832 1866 2889 μου

288 2906 380 2958 καὶ
404 2906 578 2977 μάτην
606 2907 888 2977 καταΰοᾷ;
927 2906 1039 2960 Καὶ
1069 2906 1195 2977 οὐχὶ
1224 2906 1426 2977 μᾶλλον
1452 2909 1746 2980 ἐπανορθοῖ
1774 2909 1867 2963 τδν

288 2994 478 3067 ἑαυτῆς
504 2996 697 3066 λόγον,
755 2996 846 3050 ἴνα
891 2994 1079 3067 παύσῃ
1121 2996 1420 3050 σκάνδαλον
1455 2997 1863 3069 οίκουμενικόνς

290 3085 351 3139 Et
380 3086 488 3157 γὰρ
519 3087 616 3142 καὶ
640 3085 935 3158 stupe-M611
975 3086 1153 3154 λόγος,
1203 3086 1279 3149 ὡς
1310 3086 1404 3141 ἐπὶ
1457 3085 1587 3141 λαοῦ
1631 3088 1862 3160 τρέχων,
1891 3106 1960 3160 η·

293 3179 406 3232 ἀλλ’
432 3178 849 3250 ὲπανορθούσθω
886 3180 1009 3242 ταῖς
1033 3178 1378 3250 ὲπισκέψεσι,
1407 3178 1501 3233 καὶ
1526 3179 1671 3247 λέξιν
1703 3181 1863 3253 χαρί-

305 3268 502 3322 σασθαι
539 3272 645 3331 τοῖς
676 3268 1179 3340 σχανδαλιζομένοις
1219 3270 1576 3335 καταξίωσον,
1603 3270 1866 3326 Θεοτόκον

301 3357 584 3429 ὀνομάζων
606 3360 700 3431 τὴν
738 3362 895 3430 ἁγίαν
932 3360 1246 3434 Παρθένον’
1295 3361 1385 3416 ἵνα
1424 3362 1866 3436 θεραπεύσαντες

297 3449 427 3511 τοὺς
470 3449 901 3523 λελυπημένους,
949 3452 1047 3525 καί
1098 3452 1263 3525 ὀρθὴν
1314 3453 1468 3526 παρὰ
1514 3456 1649 3509 πᾶσι
1708 3455 1865 3523 δόξαν

297 3540 522 3610 ἔχοντες.
546 3545 606 3597 ὲν
635 3545 834 3616 εἰρήνῃ
871 3544 967 3598 καὶ
1004 3544 1282 3617 όμοψυχίᾳ
1307 3547 1417 3600 τῶν
1437 3546 1583 3601 λαῶν
1609 3547 1708 3612 τὰς
1739 3564 1866 3602 συν-

298 3630 436 3695 ἀξεις
458 3633 817 3704 ἒπιτελῶμεν.
860 3634 980 3687 Ὀτι
1012 3633 1069 3687 δὲ
1099 3633 1243 3708 ὑπὲρ
1271 3636 1369 3707 τῆς
1407 3637 1488 3699 είς
1512 3637 1748 3707 Χριστὸν
1770 3637 1862 3690 πί-

297 3738 452 3786 στεως
476 3724 655 3779 πάντα
684 3724 894 3796 ἕτοιμοι
915 3723 1108 3793 παθεῖν
1136 3727 1322 3797 ἐσμεν,
1353 3726 1448 3779 καὶ
1472 3727 1862 3799 δεσμωτηρίων

295 3814 369 3876 εἰς
394 3816 584 3888 πεῖραν
609 3814 810 3878 ἐλθεῖν,
842 3816 938 3869 καὶ
962 3815 1129 3869 αὑτοῦ
1170 3815 1265 3869 τοῦ
1290 3815 1546 3880 θανάτου,
1581 3816 1657 3888 μὴ
1688 3818 1861 3890 ἀμφι-

292 3901 522 3959 δαλλέτω
555 3907 590 3977 ἡ
611 3905 680 3977 σὴ
715 3904 1019 3960 θεοσέϐεια.
1061 3905 1178 3959 Ἐπ’
1211 3907 1469 3977 ἀληθείας
1492 3907 1548 3960 δὲ
1581 3907 1728 3977 λέγω
1756 3910 1859 3974 ὅτι,

292 3996 381 4049 καὶ
406 3998 684 4070 περιόντος
711 3998 794 4051 ἔτι
836 3998 931 4052 τοῦ
963 4000 1061 4068 τῆς
1093 3998 1370 4070 μακαρίας
1411 4000 1635 4071 μνήμης
1684 3999 1858 4054 Ἀττιο

293 4086 408 4153 κοῦ,
450 4088 785 4144 συντέθειται
830 4107 925 4161 μοι
972 4090 1178 4162 βιϐλίον
1223 4091 1351 4163 περὶ
1395 4091 1495 4162 τῆς
1556 4091 1719 4160 ἁγίας
1764 4091 1861 4147 κα)⁴

292 4181 566 4248 ὀμοουσὶου
583 4181 834 4253 Τριάδος,
862 4183 920 4234 ὲν
1023 4182 1117 4235 καὶ
1141 4181 1296 4251 λόγος
1316 4181 1446 4253 περὶ
1470 4181 1569 4251 τῆς
1592 4181 1748 4236 ὲνανθ
1758 4199 1860 4252 ρω-

297 4269 511 4339 πήσεως
533 4270 620 4323 τοῦ
647 4270 1009 4340 Μονογενοῦς,
1030 4264 1112 4334 οἷς
1142 4268 1238 4323 νῦν
1267 4269 1524 4340 γέγραφα
1552 4261 1788 4340 ωνῳδὸς
1807 4279 1856 4334 εν

292 4361 383 4414 καί
412 4363 794 4435 ὑπανέγνωμεν
820 4362 971 4434 αὐτῷ
999 4362 1028 4404 ά
1062 4364 1156 4417 καὶ
1177 4362 1520 4426 ἐπισκόποις,
1544 4362 1641 4416 καὶ⁹
1668 4362 1859 4433 κληρι-

280 4454 411 4516 κοῖς,
443 4455 539 4508 καὶ
571 4457 685 4517 τοῖς
713 4453 1115 4524 φιλακροάμοσι
1140 4453 1250 4507 τῶν
1276 4442 1423 4506 λαῶν
1442 4468 1457 4482 ·
1488 4451 1762 4506 ἐκδέδωκα
1801 4450 1855 4505 δὲ

272 4542 407 4607 τέως
430 4544 640 4599 οὐδενί.
670 4544 828 4608 Εἰκὸς
853 4541 964 4611 οὖν,
1005 4544 1316 4610 ἐκδοθέντος
1346 4542 1442 4598 τοῦ
1472 4543 1657 4613 λόγου,
1691 4544 1855 4600 πάλιν

273 4635 640 4704 ἑγκαλεῖσθαί
668 4652 754 4703 με,
785 4636 862 4690 ὅτι
890 4639 983 4691 καὶ
1012 4636 1121 4711 πρὸ
1140 4637 1241 4707 τῆς
1274 4637 1607 4709 χειροτονίας
1626 4638 1726 4708 τῆς
1756 4637 1856 4708 σῆς

281 4724 595 4790 θεοσεϐείας
623 4726 948 4784 συντέθειται
975 4740 1000 4768 θ
1034 4729 1097 4782 τὸ
1134 4729 1388 4799 λογίδιον.

1966 1886 2168 1956 pellor,
2209 1884 2513 1941 Caelestino
2550 1887 2965 1957 religiosissimo
3002 1889 3262 1946 Romanae
3298 1892 3556 1949 Ecclesiae

1967 1975 2249 2045 episcopo,
2275 1976 2601 2046 eaeterisque
2621 1977 2884 2046 piissimis
2901 1980 3180 2051 episcopis
3196 1984 3289 2053 qui
3326 1984 3428 2055 ipsi
3456 1987 3555 2041 ad-

1966 2066 2145 2133 fuere,
2182 2068 2621 2139 inquirentibus,
2657 2069 2993 2128 ebartulame
3026 2073 3134 2129 illae
3167 2085 3223 2129 et
3273 2091 3552 2149 exegcses,

1967 2173 2091 2229 qua:
2114 2160 2247 2215 illuc
2270 2161 2340 2215 ad
2369 2176 2428 2216 se
2453 2163 2645 2218 nescio
2676 2164 2957 2234 quomodo
2977 2167 3199 2235 perlatae
3227 2180 3378 2235 sunt,
3408 2185 3437 2225 a
3465 2180 3555 2227 tua

1967 2252 2174 2322 pietate
2208 2267 2280 2308 an
2298 2268 2431 2309 vero
2458 2255 2528 2309 ab
2557 2255 2666 2311 alio
2706 2259 2964 2328 quopiam
2980 2260 3238 2329 profecta:
3253 2263 3381 2319 sint.
3404 2264 3554 2321 Scri-

1967 2341 2109 2397 bunt
2131 2343 2302 2409 enim,
2324 2351 2388 2398 ut
2416 2344 2512 2414 qui
2535 2345 2858 2416 gravissime
2887 2348 2998 2404 sint
3023 2350 3240 2405 oti'ensi.
3268 2342 3571 2420 Quomodo'

1966 2448 2101 2489 vero
2135 2449 2234 2491 eos
2278 2436 2374 2506 qui
2414 2435 2485 2491 ab
2525 2438 2786 2495 omnibus
2819 2441 2989 2497 totius
3010 2443 3255 2499 Orientis
3293 2445 3557 2503 Eeelesiis

1966 2526 2203 2583 subinde
2246 2527 2356 2583 huc
2396 2529 2692 2595 ventitant,
2720 2540 2776 2587 et
2801 2542 2994 2588 contra
3025 2535 3143 2590 haec
3172 2537 3396 2592 schedia
3428 2555 3554 2609 gra-

1965 2617 2192 2675 vissime
2238 2629 2607 2687 murmurant,
2643 2624 3006 2681 sedabimus?
3032 2630 3117 2682 An
3157 2629 3382 2701 exiguas
3415 2631 3555 2685 forte

1969 2709 2161 2765 turbas
2185 2726 2253 2765 ex
2281 2713 2619 2784 ejuscemodi
2640 2714 2887 2771 homiliis
2919 2717 2976 2771 in
3005 2719 3256 2774 ecclesiis
3286 2721 3555 2775 excitatas

1968 2809 2062 2856 tua
2098 2803 2275 2872 pictas
2300 2804 2615 2860 existimat?
2643 2806 2850 2863 Omnes
2877 2809 3037 2863 enixe
3071 2810 3356 2877 sudamus,
3388 2822 3553 2883 atque

1967 2901 2032 2948 ut
2051 2908 2148 2949 eos
2168 2896 2263 2965 qui
2281 2897 2469 2952 nescio
2490 2913 2600 2968 quo
2621 2908 2782 2968 pacto
2807 2915 3067 2970 perverse
3088 2917 3282 2971 sapere
3302 2908 3553 2973 persuasi

1968 2992 2120 3052 sunt,
2152 2985 2222 3040 ad
2252 2994 2465 3043 rectum
2494 2989 2747 3045 veritatis
2774 2991 3045 3046 tramitem
3074 2992 3424 3061 reducamus,
3449 2997 3556 3052 im-

1966 3077 2170 3147 pendio
2195 3078 2560 3136 elaboramus.
2584 3080 2720 3137 Cum
2741 3097 2872 3153 ergo
2906 3084 3081 3153 pietas
3113 3093 3204 3140 tua
3230 3087 3372 3143 hanc
3405 3106 3557 3144 mur-

1969 3170 2225 3224 murandi
2243 3172 2626 3228 necessitatem
2647 3175 2915 3240 attulerit,
2939 3191 3072 3246 quo,
3091 3194 3296 3248 quaeso,
3312 3181 3438 3251 jure
3468 3198 3556 3237 me

1968 3260 2225 3317 incusat?
2255 3262 2367 3318 Cur
2409 3264 2551 3320 odiis
2592 3266 2648 3319 in
2692 3282 2778 3321 me
2809 3265 3039 3339 ﬂagrat?
3077 3268 3188 3325 Cur
3229 3280 3436 3327 temere
3468 3289 3555 3327 lllt‘.

1966 3355 2227 3410 allatrat?
2261 3356 2374 3411 Cur
2400 3358 2599 3427 ’potius
2635 3360 2924 3415 emendata
2974 3364 3224 3419 oratione
3264 3381 3360 3419 sua
3403 3367 3555 3420 orbis

1966 3445 2324 3503 offensionem
2348 3465 2459 3504 non
2480 3450 2674 3504 sanat?
2696 3451 2830 3505 Nam
2848 3453 2950 3507 etsi
2969 3455 3325 3523 praeterﬂuxit
3346 3474 3551 3517 sermo,

1965 3547 2156 3609 utpote
2185 3539 2240 3593 in
2269 3542 2476 3611 populo
2506 3559 2759 3609 currens,
2790 3552 2971 3600 tamen
2998 3548 3142 3601 seria
3163 3551 3553 3603 retractatione

1964 3631 2312 3686 emendetur.
2345 3632 2425 3688 Ne
2467 3635 2735 3704 graveris,
2776 3636 3028 3702 obsecro,
3059 3638 3126 3692 iis
3159 3641 3253 3710 qui
3296 3640 3398 3709 21
3441 3657 3550 3695 non

1964 3719 2160 3775 leviter
2193 3721 2391 3777 oﬂ‘ensi
2434 3734 2582 3786 sunt,
2622 3739 2785 3778 unam
2825 3722 2966 3779 hanc
3011 3726 3322 3784 Theotocos
3360 3745 3550 3784 vocem

1962 3808 2173 3880 largiri,
2220 3827 2543 3882 sacramque
2583 3814 2865 3884 Virginem
2910 3817 3201 3887 Deiparam
3240 3823 3547 3891 appellare;

1963 3915 2075 3969 quo
2114 3901 2223 3955 illis
2258 3902 2353 3973 qui
2375 3906 2498 3958 'non
2539 3904 2717 3960 levem
2748 3906 2876 3962 hinc
2909 3908 3226 3965 maestitiam
3259 3925 3547 3983 ceperunt,

1963 3991 2269 4058 medentes,
2302 4001 2359 4047 et
2398 4002 2601 4050 nostrae
2625 4011 2845 4067 quoque
2877 3997 3035 4054 fama:
3062 4010 3119 4056 et
3156 4002 3545 4059 existimationi

1961 4085 2338 4152 consulentes,
2374 4085 2428 4140 in
2453 4088 2783 4158 populorum
2808 4106 2941 4161 pace
2968 4093 3389 4165 animorumque
3413 4113 3535 4152 con-

1961 4174 2216 4230 sensione
2236 4175 2640 4234 ecclesiasticos
2665 4193 2971 4237 conventus
2995 4183 3356 4242 celebremus.
3384 4187 3549 4244 Certo

1960 4272 2145 4321 autem
2177 4266 2355 4337 pietas
2383 4276 2474 4325 tua
2503 4285 2827 4340 persuasum
2864 4275 3083 4341 habeat,
3120 4292 3221 4333 nos
3244 4286 3299 4333 et
3330 4279 3548 4337 vincula

1959 4367 2017 4413 et
2050 4370 2301 4414 carceres
2324 4370 2381 4415 et
2421 4372 2620 4417 caetera
2661 4366 2845 4421 omnia
2878 4369 3146 4438 ejusmodi
3180 4370 3545 4439 incommoda,

1961 4451 2096 4521 quin
2123 4459 2178 4506 et
2204 4451 2382 4523 ipsum
2405 4471 2625 4525 quoque
2647 4457 2771 4512 vita:
2797 4458 3095 4515 discrimen
3125 4472 3352 4532 propter
3380 4465 3544 4520 Chri-

1961 4543 2031 4599 sti
2077 4542 2240 4599 ﬁdem
2276 4546 2430 4600 adire
2472 4556 2695 4618 paratos
2738 4565 2880 4605 esse.
2920 4550 3127 4608 Credas
3161 4555 3346 4618 velim,
3372 4555 3547 4611 beata:

1961 4637 2243 4693 memoria:
2267 4636 2447 4693 Attico
2473 4640 2776 4695 etiamnum
2797 4645 3112 4713 superstite,
3135 4646 3427 4716 quemdam
3458 4664 3545 4703 me

1960 4728 2029 4783 de
2052 4745 2205 4785 sacra
2243 4739 2299 4785 et
2325 4732 2781 4788 consubstantiali
2805 4734 3074 4792 Trinitate
3105 4738 3349 4794 libellum
3389 4757 3543 4796 com-

294 4822 536 4889 posu’sse,
583 4823 641 4878 in
684 4840 793 4895 quo
834 4838 893 4882 et
931 4825 1001 4881 de
1041 4822 1322 4898 Unigeniti
1357 4842 1576 4898 quoque
1599 4824 1978 4882 incarnatione
2008 4825 2273 4882 nonnulla
2326 4827 2395 4882 iis
2451 4843 2573 4898 quae
2634 4845 2782 4885 nunc
2817 4834 3137 4903 conscripsi,
3196 4836 3543 4896 concinentia

290 4918 522 4983 attexui;
560 4934 725 4989 quem
764 4929 820 4976 et
857 4921 1155 4992 episcopis,
1198 4931 1256 4977 et
1295 4921 1534 4988 clericis,
1562 4928 1621 4976 et
1671 4918 2104 4977 studiosioribus
2136 4935 2358 4990 quoque
2400 4921 2761 4992 popularibus
2822 4923 2961 4995 legi;
3028 4926 3161 4980 nulli
3199 4936 3379 4984 tamen
3442 4934 3542 4988 ad-

278 5009 386 5067 huc
402 5012 545 5070 illius
568 5018 785 5088 copiam
810 5018 941 5073 feci.
972 5018 1261 5075 Probabile
1288 5016 1349 5072 ﬁt
1373 5034 1524 5090 ergo,
1561 5017 1712 5074 edito
1731 5019 1845 5089 jam
1885 5016 1991 5071 hoc
2014 5017 2488 5085 commentariolo,
2515 5035 2625 5075 non
2648 5021 2935 5076 defuturos
2988 5023 3084 5093 qui
3140 5040 3226 5079 me
3259 5040 3541 5093 accusent,

260 5122 387 5164 curn
431 5119 615 5167 tamen
659 5112 936 5183 ejusmodi
971 5115 1375 5171 oratiunculam
1443 5115 1887 5172 eoneinnaverim
1925 5113 2249 5184 priusquam
2282 5113 2898 5191 ConstantinOpolitanae
2964 5119 3223 5177 Ecclesiae
3252 5123 3540 5193 pontifica-

254 5218 342 5264 tus
360 5206 565 5277 pietati
602 5215 712 5267 tua:
742 5210 1120 5268 mandaretur.

316 5387 367 5423 ⁸⁸
404 5388 455 5446 ιι
484 5391 626 5449 Cor.
662 5409 714 5460 ν,
755 5393 836 5450 10.

1335 5511 1509 5568 Variae
1529 5512 1794 5571 lectiones
1827 5515 2035 5573 codicis
2069 5515 2432 5590 Seguieriani.

246 5659 477 5790 ea;
559 5678 586 5706 ι
629 5667 920 5743 Ῥωμαίων
962 5674 1290 5747 Ἐκκλησίας
1334 5679 1656 5741 ἐπισκόπου.

509 5830 786 5901 Ρλτιιοι..
833 5841 952 5904 Gn.
1002 5844 1299 5906 LXXVII.

1753 5682 1783 5725 ι)
1815 5680 1931 5746 πῶς
1954 5679 2011 5735 δὲ
2047 5684 2217 5753 μισεῖ,
2279 5683 2371 5738 καὶ
2433 5683 2508 5742 τί.

2600 5693 2621 5721 °
2690 5685 2920 5757 συνῳδὰ.
2996 5684 3026 5727 ἀ
3058 5685 3217 5739 αὐτά.
3299 5681 3531 5737 οσυντὲθ

3220 5848 3261 5909 2
