4028 6208
398 295 401 299 .
449 247 520 302 45
1454 249 1512 304 S.
1552 247 1827 306 CYRILLI
1864 245 2336 304 ALEXANDRINI
2377 251 2698 309 ARCHIEP.
3635 249 3700 309 ιι

1853 505 2186 560 EPISTOLA
2224 506 2310 559 Ill.

1737 635 1980 675 NESTORII

2021 638 2088 675 AD
2116 636 2390 675 CYBILLUM.

443 737 692 803 atteritur
728 738 792 790 de
827 738 1086 808 superiori
1109 736 1296 812 Cyrilli
1321 736 1542 812 epistola
1562 738 1712 812 quasi
1735 738 2039 812 immodeste
2055 741 2276 810 scripta,
2301 741 2484 812 cuique
2505 740 2635 794 nihil
2660 740 2853 794 idcirco
2881 738 3297 810 respondendum
3330 746 3572 812 putaret;

1112 808 1227 876 fecit
1258 808 1542 878 presbyteri

1614 809 1854 878 amponis
1877 810 2131 863 instantia
2164 809 2225 861 ut
2249 809 2415 864 animi
2435 812 2745 864 sententiam
2771 809 3018 865 mutaret.

509 926 938 998 Religiosissimo
989 935 1042 980 et
1091 924 1433 980 sanctissimo
1477 926 1852 982 eomministro
1907 927 2001 998 Cy-

2189 929 2280 999 Τῷ
2311 929 2708 1000 θεοφιλεστάτιρ
2733 931 2829 984 καὶ
2859 928 3148 1002 ἁγιωτάτῳ
3173 947 3273 1001 μου
3293 928 3688 1001 συλλειτουργῷ

435 1021 580 1085 rillo,
605 1017 890 1074 Nestorius
928 1018 983 1072 in
1016 1019 1248 1073 Domino
1270 1019 1522 1074 salutem.

505 1111 654 1166 Nihil
694 1125 826 1165 sane
867 1108 1177 1164 Christiana
1215 1109 1489 1179 probitate
1515 1111 1816 1181 potentius.
1848 1112 1925 1167 Ea
1950 1123 2011 1167 ut

435 1202 491 1255 in
542 1201 834 1271 praesentia
876 1216 973 1271 per
1021 1200 1352 1269 Lamponem
1387 1202 1766 1273 presbyterum
1795 1204 2011 1274 religio-

433 1296 714 1351 sissimum
741 1296 1128 1359 scriberemus,
1150 1311 1252 1349 nos
1275 1296 1541 1365 compulit
1565 1313 1580 1362 ;
1603 1311 1728 1350 cum
1749 1296 1893 1353 enim
1918 1297 2008 1352 ille

432 1389 501 1445 de
556 1396 650 1443 tua
694 1389 896 1459 pietate
935 1387 1105 1440 multa
1145 1386 1397 1451 referret,
1440 1389 1722 1458 multaque
1764 1380 2006 1444 vicissim

430 1479 668 1545 audiret,
710 1467 987 1548 postremo
1028 1477 1257 1547 urgendi
1302 1478 1467 1532 tinem
1494 1480 1706 1534 nullum
1730 1479 1878 1546 fecit,
1907 1481 2006 1535 do-

428 1587 533 1626 nec
572 1571 734 1625 hasce
765 1585 795 1623 a
838 1569 1000 1624 nobis
1044 1571 1260 1624 litteras
1293 1569 1642 1641 impetravit:
1671 1583 2011 1643 quapropter

428 1661 672 1717 hominis
709 1660 1113 1730 importunitati
1157 1675 1351 1716 manus
1399 1661 1672 1717 dedimus.
1740 1663 1898 1727 Nam,
1946 1674 2006 1718 ut

426 1753 572 1824 quod
602 1767 691 1806 res
718 1760 805 1807 est
851 1753 1087 1824 ingenue
1134 1752 1337 1819 fatear,
1369 1769 1479 1809 non
1522 1755 1854 1810 mediocrem
1903 1769 2002 1810 eu-

420 1847 732 1916 juscunque
767 1843 1063 1899 Christiani
1106 1844 1211 1898 viri
1239 1845 1486 1914 probitas
1517 1846 1728 1916 (utpote
1768 1846 1824 1901 in
1846 1848 2004 1917 cujus

424 1945 647 2006 pectore
665 1935 809 1991 Deus
829 1935 1119 2004 inhabitet)
1141 1937 1390 1991 timorem
1409 1937 1542 1990 mihi
1565 1937 1761 1992 alierre
1781 1939 1998 1993 assolet.

422 2026 661 2082 Proinde
695 2017 849 2096 qud‘ﬂ
869 2026 937 2080 ad
960 2041 1060 2081 nos
1083 2025 1228 2096 ipsos
1253 2027 1467 2093 attinet,
1503 2029 1606 2084 etsi
1637 2044 1746 2083 non
1775 2045 1946 2098 pauca
1971 2047 2001 2084 a

421 2120 626 2189 pietate
669 2125 760 2174 tua
781 2118 1063 2189 designata
1092 2119 1202 2173 sint
1238 2118 1492 2174 fraternae
1521 2120 1774 2174 charitati
1806 2136 1998 2189 parum

421 2211 783 2282 congruentia
807 2209 1043 2280 (oportet
1066 2211 1212 2265 enim
1231 2211 1475 2266 modeste
1493 2211 1686 2282 loqui),
1705 2212 1999 2268 scribimus

2119 1021 2393 1093 Κυρίλλῳ,
2428 1021 2722 1092 Νεστόριος
2748 1023 2806 1075 ὲν
2829 1022 3019 1092 Κυρίῳ
3043 1024 3272 1094 χαίρειν.

2189 1111 2356 1164 Οὐδὲν
2393 1111 2696 1175 ἐπιεικείας
2745 1113 3136 1184 Χριστιανικῆς
3182 1111 3502 1184 βιαιότερον.
3554 1111 3691 1164 Ὑπὸ

2117 1201 2322 1274 ταύτης
2349 1199 2442 1258 οὖν
2491 1204 2586 1259 νῦν
2624 1204 2712 1258 διά
2740 1205 2834 1258 τοῦ
2877 1206 3276 1260 εὐλαϐεστάτου
3316 1205 3687 1276 πρεσϐυτέρου

2117 1296 2460 1365 Λάμπωνος,
2516 1296 2651 1366 πρὸς
2699 1297 2760 1350 τὸ
2818 1297 2992 1368 παρὸν
3032 1297 3370 1368 βεϐιάσμεθα
3417 1298 3684 1368 γράμμα,

2118 1388 2285 1443 πολλά
2352 1389 2451 1460 μὲν
2497 1390 2742 1454 εἰπόντος
2788 1392 2917 1461 ἡμῖν
2948 1391 3080 1462 περὶ
3125 1391 3221 1460 τῆς
3256 1392 3355 1460 σῆς
3382 1389 3685 1452 εὐλαϐείας,

2118 1478 2286 1532 πολλὰ
2310 1478 2366 1532 δὲ
2389 1481 2481 1533 καὶ
2502 1479 2836 1543 ἀκούσαντος
2860 1496 2871 1508 ·
2902 1482 2964 1534 τὸ
2996 1481 3302 1534 τελευταῖον
3323 1481 3420 1533 οὐκ
3449 1480 3687 1542 ἐνδόντος

2114 1573 2266 1640 ἡμῖν,
2306 1572 2409 1635 ἕως
2437 1573 2497 1626 τό
2535 1575 2665 1644 παρ’
2709 1574 2864 1644 ἡμῶν
2905 1567 3270 1646 εἰσεπράξατο
3299 1576 3554 1646 γράμμα,
3590 1574 3685 1626 καὶ

2111 1665 2179 1732 τῇ
2208 1662 2303 1714 τοῦ
2337 1663 2529 1734 ἀνδρὸς
2556 1666 2891 1736 νενικήμεθα
2923 1665 3034 1736 βίᾳ,
3081 1667 3248 1720 Φόϐον
3294 1667 3402 1735 γάρ
3439 1664 3686 1736 ὁμολογῶ

2112 1755 2410 1824 κεκτῆσθαι
2453 1757 2642 1819 πολὺν,
2691 1759 2820 1828 περὶ
2857 1760 3034 1811 πᾶσαν
3077 1759 3274 1822 παντὸς
3311 1757 3500 1828 ἀνδρὸς
3550 1758 3684 1826 Χριιο

2113 1848 2394 1918 στιανικὴν
2418 1849 2741 1912 ἐπιείκειαν,
2766 1849 2840 1912 ὼς
2867 1839 3240 1920 ἐγκαθήμενον
3262 1851 3399 1920 αὐτῇ
3434 1848 3524 1901 τὸν
3553 1847 3684 1899 Θεὸν

2110 1940 2473 2010 κεκτημένην.
2509 1941 2589 1994 Τὰ
2625 1942 2722 2012 μὲν
2759 1938 2852 1996 οὖν
2889 1941 3019 2012 παρ’
3054 1941 3230 2011 ἡμῶν,
3265 1941 3440 1994 καίτοι
3473 1939 3684 1991 πολλῶν

2111 2031 2257 2101 παρὰ
2292 2031 2388 2101 τῆς
2423 2035 2520 2102 σῆς
2545 2032 2852 2097 θεοσεϐείας
2878 2035 2936 2086 ού
2966 2035 3105 2087 κατά
3131 2032 3435 2103 ἀδελφικὴν
3459 2029 3682 2100 ἀγάπην

2111 2122 2212 2191 (δεῖ
2241 2123 2349 2192 γὰρ
2381 2123 2555 2175 εἰπεῖν
2606 2125 3004 2196 εὐφημότερον)
3034 2125 3359 2194 γεγονότων,
3387 2125 3444 2176 ὲν
3477 2139 3681 2193 μακρο-

2108 2211 2280 2281 θυμίᾳ
2301 2228 2359 2263 τε
2391 2213 2486 2264 καὶ
2511 2212 2698 2284 ἀγάπῃ
2721 2215 3064 2282 γραμμάτων
3098 2214 3459 2283 προσρητικῇ.
3509 2209 3682 2272 Δείξει

421 2305 736 2375 aequitatem
777 2303 947 2358 animi
984 2311 1373 2358 conservantes
1413 2312 1470 2357 et
1508 2303 1851 2359 salutationis
1883 2304 2001 2358 oili-

2107 2301 2164 2354 δὲ
2189 2303 2223 2372 ὴ
2259 2303 2423 2372 πεῖρα
2449 2303 2691 2364 ποταπὸς
2717 2304 2847 2373 ἡμῖν
2870 2304 2897 2354 6
2927 2303 3028 2372 τῆς
3051 2304 3198 2373 παρά
3229 2303 3320 2355 τοῦ
3351 2301 3680 2354 εύλαϐεστά-

421 2397 568 2452 cium
596 2412 693 2466 per
711 2395 924 2450 litteras
949 2409 1072 2448 cum
1103 2394 1366 2450 charitate
1392 2395 1700 2464 implentes.
1725 2393 2000 2460 Quantum

419 2503 554 2543 vero
595 2485 890 2556 Lamponis
933 2484 1329 2555 religiosissimi
1367 2485 1672 2556 presbyteri
1704 2485 2002 2540 vehemens

420 2579 691 2649 impulsus
713 2578 804 2632 ille
839 2575 1080 2636 fructum
1113 2578 1274 2632 nobis
1301 2577 1565 2631 allaturus
1593 2577 1683 2640 sit,
1709 2574 1997 2645 experien—

2107 2412 2200 2448 του
2239 2394 2613 2466 πρεσϐυτέρου
2643 2396 2948 2465 Λάμπωνος
2972 2395 3090 2464 βίας
3119 2393 3346 2464 καρπός.
3377 2395 3562 2446 Πᾶσαν
3582 2393 3691 2459 τὴν-

2110 2487 2207 2540 σὺν
2243 2488 2325 2539 σοὶ
2357 2486 2696 2557 ἀδελφότητα
2725 2487 2835 2556 ἐγώ
2876 2506 2937 2542 τε
2973 2489 3067 2542 καὶ
3110 2489 3160 2542 οί
3211 2488 3308 2541 σὺν
3343 2485 3466 2556 ἐμοὶ
3506 2501 3677 2554 προσ-

2106 2577 2462 2649 αγορεύομεν.

419 2671 494 2726 tia
529 2668 646 2741 ipsa
683 2668 1100 2728 demonstrabit.
1175 2668 1518 2734 Universam,
1553 2683 1673 2738 quae
1743 2678 1924 2722 tecum
1955 2674 2061 2733 est,
2102 2669 2499 2731 fraternitatem
2542 2688 2662 2744 ego,
2702 2673 2905 2744 quique
2952 2689 3167 2730 mecum
3204 2680 3351 2738 sunt,
3386 2669 3675 2725 salutatam

419 2765 693 2834 cupimus.

1771 2967 1876 3036 22
1917 2967 2251 3024 EPISTOLA
2290 2969 2376 3024 iV.

1746 3093 1947 3132 cmeu
1980 3081 2045 3133 Ab
2069 3096 2388 3135 NES'romuu.

419 3199 662 3270 Injurias
689 3194 786 3250 sibi
831 3194 1024 3270 illatas.
1055 3194 1284 3270 repellit,
1302 3195 1560 3265 simulque
1598 3194 1822 3265 explicat
1849 3212 1950 3266 quo
1973 3213 2128 3250 sensu
2141 3199 2582 3270 jurrtaisynodum
2623 3200 2885 3270 Numnam
2916 3211 3224 3268 sanctosque
3246 3198 3434 3254 Patres
3458 3197 3682 3251 Verbum

654 3268 664 3277 '
851 3281 974 3320 caro
997 3264 1215 3334 factum,
1243 3264 1381 3319 Deus
1405 3264 1579 3330 natus,
1618 3264 1823 3336 passus,
1855 3264 2116 3333 mortuus,
2141 3264 2190 3323 et
2211 3268 2272 3322 B.
2305 3264 2457 3339 Virgo
2488 3270 2660 3323 Maria
2687 3269 2921 3338 Dcipara
2954 3264 3181 3325 dicatur.

491 3381 926 3454 Religiosissimo
966 3379 1173 3450 Deique
1199 3378 1578 3434 amantissimo
1621 3377 1997 3433 comministro

2170 3379 2260 3450 Τῷ
2293 3379 2676 3449 εὐλαϐεστάτῳ
2729 3380 2824 3432 καὶ
2854 3378 3254 3448 θεοφιλεστάτῳ
3286 3375 3681 3449 συλλειτουργῷ

419 3474 699 3540 Nestorio,
730 3471 971 3544 Cyrillus
991 3469 1048 3523 in
1080 3469 1309 3524 Domino
1331 3467 1581 3523 salutem.

495 3557 743 3636 Intelligo
779 3563 1045 3635 quosdam
1083 3575 1218 3616 mea)
1246 3560 1392 3631 apud
1428 3571 1574 3614 tuam
1599 3559 1859 3631 pietatem
1884 3560 1998 3614 exi-

421 3657 725 3716 stimationi
773 3655 910 3710 falso
951 3653 1262 3719 detrahere,
1312 3652 1591 3722 multaque
1619 3661 1824 3706 temere
1855 3651 1997 3706 etl‘u-

420 3753 526 3807 tire
556 3769 571 3818 ;
611 3750 775 3820 idque
822 3747 1040 3811 crebro,
1072 3761 1136 3800 ac
1160 3754 1276 3799 tum
1312 3745 1547 3800 maxime
1580 3744 1799 3814 quando
1826 3745 1999 3815 magi-

421 3852 628 3898 stratus
670 3849 945 3910 coguntur
986 3855 1000 3905 ;
1051 3837 1283 3892 fortasse
1329 3837 1496 3892 etiam
1529 3837 1848 3891 nonnullam
1897 3836 2001 3890 hac

419 3934 634 3987 ratione
662 3929 1084 3984 oblectationem
1109 3928 1338 3982 auribus
1379 3929 1489 3984 tuis
1537 3929 1735 3984 aﬂ‘erre
1778 3943 1836 3984 se
1883 3929 2002 3998 opi-

419 4032 636 4088 nantes,
671 4022 924 4076 homines
949 4019 1098 4074 nulla
1128 4034 1369 4087 unquam
1401 4018 1600 4088 injuria
1624 4035 1655 4073 a
1676 4035 1763 4073 me
1795 4019 1997 4085 aﬂ‘ecti,

419 4117 520 4172 sed
562 4114 858 4170 salubriter
895 4120 1106 4167 tantum
1149 4109 1426 4164 convicti:
1469 4109 1560 4164 hic
1599 4111 1823 4179 quidem
1851 4113 1998 4180 quod

420 4222 597 4264 caecos
638 4217 947 4274 egenosque
994 4216 1092 4271 per
1135 4199 1390 4270 iujuriam
1435 4201 1809 4268 oppresserit;
1859 4202 2000 4257 alius

421 4296 569 4368 quod
590 4295 798 4350 ferrum
817 4293 872 4346 in
887 4301 1116 4346 matrem
1133 4288 1440 4355 strinxerit;
1463 4289 1606 4344 alius
1621 4291 1766 4360 quod
1787 4291 2000 4347 ancillae

421 4387 684 4461 praesidio
727 4399 921 4439 aurum
971 4383 1214 4436 alienum
1256 4379 1569 4444 abstulerit,
1625 4387 1682 4435 et
1727 4381 1998 4450 ejusmodi

425 4475 797 4549 improbitatis
832 4472 1142 4543 suspicione
1177 4487 1391 4542 semper
1429 4469 1780 4535 laboraverit,
1809 4470 1998 4540 cujus-

426 4571 573 4626 modi
603 4586 672 4626 ne
707 4566 1104 4624 infensissimos
1125 4564 1346 4634 quidem
1375 4561 1824 4618 hosteslaborarc
1838 4571 1996 4631 Opta-

422 4661 566 4716 verit
607 4658 900 4728 quispiam.
934 4655 1134 4710 Verum
1170 4654 1322 4717 istos,
1361 4660 1417 4707 et
1455 4652 1500 4706 si
1540 4653 1635 4721 qui
1668 4652 1787 4722 ejus
1811 4650 2000 4708 farina:

2097 3471 2400 3542 Νεστορίῳ,
2431 3469 2698 3541 Κύριλλος
2726 3471 2781 3522 ἐν
2810 3469 3001 3540 Κυρίῳ
3022 3469 3252 3540 χαίρειν.

2169 3562 2629 3633 Καταφλυαροῦσι
2666 3561 2784 3632 μὲν,
2819 3560 2893 3623 ὡς
2935 3560 3119 3613 ἀκούω
3159 3558 3203 3624 ΐ,
3228 3559 3375 3621 τινὲς
3405 3557 3506 3626 τῆς
3537 3557 3676 3628 ἐμῆς

2103 3654 2422 3725 ὑπολήψεως
2446 3654 2538 3706 ἐπὶ
2561 3654 2658 3722 τῆς
2684 3653 2782 3721 σῆς
2809 3650 3119 3713 θεοσεϐείας
3137 3666 3150 3680 ·
3172 3650 3266 3702 καὶ
3289 3649 3446 3702 τοῦτο
3471 3648 3677 3718 συχνῶς

2099 3748 2197 3811 τὰς
2223 3747 2330 3799 τῶν
2350 3747 2405 3798 ὲν
2424 3745 2567 3798 τέλει
2594 3744 2844 3807 συνόδους
2861 3741 3391 3812 καιροφυλακοῦντες
3408 3741 3639 3810 μάλιστα
3657 3753 3673 3770 ⁸

2103 3841 2199 3893 καὶ
2226 3840 2367 3908 τάχα
2413 3855 2515 3890 που
2551 3835 2646 3888 καὶ
2673 3835 2896 3906 τέρπειν
2931 3833 3170 3904 οἰόμενοι
3215 3833 3316 3903 τὴν
3353 3833 3452 3904 σὴν
3483 3831 3672 3902 ἀκοὴν,

2101 3931 2198 3983 καὶ
2233 3929 2566 3996 ἀϐουλήτους
2595 3924 2870 3992 πέμπουσι
2900 3923 3101 3993 φωνὰς,
3123 3921 3440 3992 ἠδικημένοι
3466 3921 3562 3992 μὲν
3588 3921 3676 3974 ούο

2100 4021 2211 4085 δὲν,
2255 4019 2606 4089 ἐλεγχθέντες
2652 4016 2709 4069 δὲ
2751 4014 3030 4070 καὶτοῦτο
3076 4013 3361 4085 χρησίμως
3395 4015 3454 4053 ε·
3483 4015 3513 4066 6
3554 4012 3673 4082 μὲν,

2099 4108 2182 4160 ὅτι
2213 4106 2450 4175 τυφλοὺς
2507 4106 2680 4174 ἠδίκει
2705 4105 2737 4146 ιι
2768 4106 2863 4158 καὶ
2895 4104 3166 4176 πένητας’
3210 4103 3239 4155 6
3279 4103 3355 4171 δὲ,
3391 4103 3466 4166 ὼς
3508 4101 3676 4173 μητρὶ

2101 4195 2255 4264 ξίφος
2295 4195 2684 4258 ὲπανατείναςο
2734 4197 2763 4247 ό
2809 4195 2888 4261 δὲ,
2942 4195 3247 4267 θεραπαίνῃ
3292 4192 3676 4263 συγκεκλοφὼς

2099 4285 2320 4356 χρυσίον
2362 4285 2674 4356 ἀλλότριονο
2720 4286 2817 4339 καὶ
2865 4286 3124 4356 τοιαύτην
3158 4285 3410 4356 ἐσχηκὼς
3454 4285 3540 4338 ἀεὶ
3577 4284 3677 4354 τὴν

2101 4377 2395 4447 ὑπόληψιν,
2423 4378 2488 4447 ἢν
2530 4377 2632 4429 οὒκ
2658 4375 2724 4430 ἂν
2755 4376 2971 4441 εὖξαιτό
3004 4395 3089 4440 τις
3129 4377 3400 4448 συμϐῆναί
3435 4392 3541 4429 τισι
3582 4373 3674 4425 καὶ

2099 4470 2209 4522 τῶν
2232 4470 2353 4522 λίαν
2378 4468 2610 4540 ἐχθρῶν.
2631 4467 2776 4538 Πλὴν
2803 4469 2863 4522 ού
2881 4468 3049 4532 πολὺς
3068 4469 3178 4521 τῶν
3201 4467 3453 4521 τοιούτων
3471 4467 3498 4519 6
3517 4465 3673 4532 λόγος

2103 4560 2246 4631 ἐμοὶ,
2285 4560 2373 4613 ἵνα
2403 4560 2540 4630 μήτε
2579 4557 2720 4629 ὑπὲρ
2750 4557 2842 4611 τὸν
2877 4557 3155 4629 Δεσπότην
3196 4558 3289 4611 καὶ
3331 4553 3670 4616 διδάσκαλον,

2105 4653 2245 4722 μήτε
2282 4651 2387 4722 μὴν
2447 4649 2588 4721 ὑπὲρ
2633 4651 2758 4712 τοὺς
2805 4649 3047 4719 πατέρας
3086 4649 3146 4701 τὸ
3190 4649 3291 4717 τῆς
3327 4645 3550 4716 ἐνούσης
3583 4660 3672 4713 μοι

424 4763 555 4811 sunt
590 4753 706 4817 alii,
745 4767 855 4806 non
882 4750 1114 4804 multum
1139 4762 1345 4810 moror,
1381 4762 1449 4800 ne
1485 4755 1648 4816 supra
1680 4745 2000 4816 magistrum

2107 4740 2445 4812 βραχύτητος
2490 4740 2792 4810 ὲκτείνοιμι
2836 4741 2852 4778 ί
2895 4739 3112 4810 μέτρον.
3145 4739 3220 4788 Ού
3262 4737 3370 4806 γὰρ
3405 4735 3677 4804 ἐνδέχεται

423 4855 481 4901 et
522 4843 836 4906 Dominum,
883 4839 968 4894 vel
1005 4839 1170 4893 etiam
1210 4851 1376 4906 supra
1407 4837 1642 4907 majores
1674 4843 1886 4890 nostros
1915 4843 1996 4890 te-

428 4935 659 4992 nuitatis
704 4949 839 4990 mese
889 4945 1204 4988 mensuram
1257 4928 1552 4983 extendere
1603 4927 1810 4980 videar.
1857 4925 2003 4981 Fieri

425 5024 572 5081 enim
600 5022 691 5078 vix
719 5029 918 5092 potest,
943 5033 1323 5090 quamcunque
1342 5017 1561 5071 demum
1585 5016 1710 5071 vitae
1734 5015 2002 5070 rationem

423 5114 655 5178 inieris,
705 5120 767 5167 ut
815 5127 1110 5183 pravorum
1162 5108 1664 5177 maledicorumque
1714 5107 2001 5161 hominum

421 5206 619 5261 dentes
637 5201 858 5256 evadas.
883 5200 992 5255 Sed
1013 5200 1091 5254 illi
1117 5199 1338 5270 quidem
1359 5197 1755 5252 maledicentia}
1774 5207 1828 5251 et
1847 5213 2001 5252 acer-

429 5293 617 5350 bitatis
657 5307 720 5346 os
757 5292 979 5362 plenum
1014 5291 1278 5346 habentes
1303 5291 1369 5356 δ’,
1410 5304 1595 5344 coram
1625 5287 1872 5342 omnium
1908 5288 1998 5359 ju-

493 5432 539 5463 ⁸¹
575 5429 718 5485 Psal.
744 5443 860 5492 xui,
882 5427 936 5481 5.

2103 4834 2202 4895 τὰς
2234 4831 2342 4886 τῶν
2378 4830 2597 4900 φαύλων
2627 4829 2908 4900 διαδράναι
2934 4829 3278 4898 σκαιότητας,
3313 4827 3390 4889 ὡς
3413 4826 3478 4879 ἂν
3503 4825 3679 4878 ἓλοιτό

2104 4939 2188 4984 τις
2229 4920 2490 4974 διαϐιοῦν.
2557 4919 2697 4972 Ἀλλ’
2738 4922 2933 4972 ἐκεῖνοι
2983 4919 3079 4989 μὲν
3121 4917 3261 4986 ἀρᾶς
3309 4916 3405 4968 καὶ
3451 4915 3678 4986 πικρίας

2109 5012 2304 5083 μεστὸν
2331 5011 2547 5082 ἔχοντες
2574 5011 2634 5065 τὺ
2666 5011 2862 5081 στόμα,
2885 5009 2964 5080 τῷ
2997 5009 3213 5063 πάντων
3246 5007 3673 5076 ἀπολογήσονται

2105 5107 2285 5176 κριτῇ.
2315 5104 2668 5176 Τετράψομαι
2694 5103 2750 5156 δὲ
2773 5103 2934 5157 πάλιν
2963 5101 3072 5170 ἐγὼ
3095 5101 3229 5172 πρὸς
3249 5099 3310 5152 τὸ
3333 5101 3415 5152 ότι
3445 5098 3675 5168 μάλιστα

2103 5196 2314 5268 πρέπον
2343 5194 2567 5265 ἐμαυτῷ
2588 5211 2601 5225 ο
2631 5195 2724 5247 καὶ
2760 5194 3057 5263 ὑπομνήσω
3074 5192 3177 5262 καὶ
3207 5189 3323 5254 νῦν,
3356 5188 3431 5252 ὡς
3452 5186 3673 5254 ἀδελφὸν

2105 5292 2161 5342 ὲν
2195 5287 2386 5355 Κυρίῳ
2431 5287 2479 5350 l,
2521 5287 2620 5355 τῆς
2644 5285 2997 5350 διδασκαλίας
3023 5283 3116 5338 τὸν
3141 5283 3324 5353 λόγον,
3368 5279 3460 5334 καὶ
3487 5276 3548 5330 τὸ
3580 5275 3675 5331 ἐπὶ

1477 5542 1651 5597 Varia:
1675 5541 1941 5596 lectiones
1967 5540 2173 5593 codicis
2207 5539 2572 5609 Seguicriani.

510 5665 530 5705 t
553 5662 829 5736 μανθάνω,
910 5661 935 5700 ε
966 5658 1234 5728 χρηστῶς.
1325 5659 1351 5697 ιι
1383 5660 1635 5729 ἠδίκησα.

1719 5663 1729 5699 ί
1770 5659 2078 5713 ὲκτείνοιτο.
2159 5658 2171 5706 ι
2218 5656 2357 5730 Θεῷ.
