4028 6208
326 236 403 293 ιι
1747 222 2086 290 Ειδιετοιλ
2119 222 2211 285 ιν.
3545 228 3613 286 ιο

329 360 407 428 τῇ
437 354 621 408 πίστει
652 349 909 424 φρόνημα
938 347 1079 422 μετὰ
1116 343 1299 419 πάσης
1329 348 1630 419 ἀσφαλείας
1660 350 1930 404 ποιεῖσθαι

2049 349 2159 404 lice
2180 362 2400 404 causam
2422 348 2625 404 dicturi
2651 356 2797 403 sunt.
2830 341 2944 419 Ego
2975 361 3109 403 vero
3139 345 3208 401 ad
3237 345 3295 402 id
3320 346 3506 404 denuo
3524 360 3613 405 re-

334 448 483 521 πρὺς
505 446 632 508 τοὺς
659 443 819 509 λαούς
840 459 854 472 ·
896 445 1097 497 ἐννοεῖν
1129 459 1209 505 τε,
1239 443 1322 495 ὅτι
1356 442 1417 496 τὸ
1449 442 1797 497 σκανδαλίσαι
1828 444 1923 496 καὶ

2049 457 2235 507 'ersus,
2247 442 2392 511 quod
2411 456 2496 496 me
2510 441 2854 511 potissimum
2871 440 3068 495 decere
3081 438 3358 503 existimo,
3377 447 3430 494 te
3446 440 3616 495 veluti

341 540 508 608 μόνον
537 532 634 589 ἕνα
658 536 768 589 τῶν
798 536 1013 606 μικρῶν
1033 534 1147 588 τῶν
1171 533 1540 587 πιστευόντων
1559 530 1638 597 εἰς
1663 533 1920 604 Χριστὸν,

331 631 619 701 ἀφόρητον
642 628 756 697 ἔχει
776 627 876 698 τὴν
901 627 1278 695 ἀγανάκτησιν
1297 642 1313 658 '
1347 626 1397 679 εί
1422 624 1479 678 δὲ
1507 624 1572 696 δὴ
1602 623 1813 697 πληθὺς
1841 624 1926 695 εἴη

329 721 579 792 τοσαύτη
602 721 712 774 τῶν
734 719 1152 791 λελυπημένων,
1168 717 1285 780 πῶς
1300 718 1400 788 οὐχ
1411 716 1631 787 ἁπάσης
1652 715 1933 786 εὐτεχνίας

330 812 395 868 ἐν
421 816 593 886 χρείᾳ
637 813 1081 883 καθεστήκαμεν,
1114 809 1253 882 πρός
1289 825 1349 862 τε
1393 809 1453 862 τὸ
1496 808 1607 862 δεῖν
1647 808 1936 880 ἐμφρόνως

330 905 627 977 περιελεῖν
669 904 740 958 τά
785 902 1081 966 σκάνδαλα,
1125 901 1222 954 καὶ
1272 900 1363 954 τὸν
1404 900 1536 968 ὑγιᾶ
1565 899 1667 970 τῆς
1696 899 1937 961 πίστεως

333 994 688 1066 κατευρῦναι
723 989 882 1063 λόγον
905 995 1020 1056 τοῖς
1048 989 1278 1063 ζητοῦσι
1305 990 1368 1043 τὸ
1392 989 1629 1061 ἀληοέςς
1662 989 1858 1041 Ἔσται
1879 988 1937 1041 δὲ

332 1088 508 1142 τοῦτο
544 1089 644 1140 καὶ
674 1085 819 1158 μάλα
848 1084 1048 1158 ὀρθῶς,
1076 1084 1126 1136 εί
1165 1076 1281 1147 τοῖς
1309 1082 1419 1135 τῶν
1459 1080 1632 1150 ἁγίων
1675 1080 1938 1148 Πατέρων

335 1178 848 1249 περιτυγχάνοντες
890 1175 1109 1243 λόγοις,
1179 1175 1311 1244 περὶ
1360 1164 1559 1226 πολλοῦ
1619 1189 1683 1225 τε
1739 1171 1941 1233 αὐτοὺς

339 1269 627 1323 ποιεῖσθαι
672 1262 1067 1338 σπουδάζομεν,
1114 1266 1208 1319 καὶ
1252 1263 1647 1336 δοκιμάζοντες
1684 1262 1935 1327 ἑαυτοὺς,

341 1362 395 1413 εῖ
419 1361 593 1430 ἐσμὲν
628 1361 688 1412 ἐν
723 1362 792 1431 τῇ
837 1358 1043 1421 πίστει,
1084 1355 1225 1410 κατά
1268 1356 1327 1409 τὸ
1356 1353 1764 1426 γεγραμμένον,
1817 1354 1939 1415 ταῖς

342 1453 579 1504 ἐκείνων
599 1448 789 1521 ὀρθαῖς
817 1449 913 1502 καὶ
935 1442 1327 1518 ἀνεπιλήπτως
1354 1444 1378 1484 δ
1407 1446 1587 1511 δόξαις
1608 1445 1706 1510 τὰς
1728 1448 1786 1499 ὲν
1808 1446 1938 1515 ἡμῖν

344 1542 563 1606 ἐννοίας
588 1538 651 1596 εὖ
676 1535 825 1614 μάλα
863 1534 1314 1612 συμπλάττομεν.

2025 535 2253 590 fratrem
2284 534 2341 588 in
2368 534 2598 588 Domino
2620 532 2927 588 etiamnum
2951 532 3250 588 admonere
3278 547 3390 588 non
3417 548 3613 604 grava-

2034 626 2160 692 hor,
2182 636 2243 683 ut
2271 625 2535 681 doctrinm
2555 641 2867 681 sermonem
2894 625 3131 696 ﬁdeique
3158 625 3465 681 doctrinam
3487 622 3617 681 cum
3642 663 3647 671 ς

2038 717 2189 772 omni
2226 718 2484 772 cautione
2526 718 2730 787 populo
2774 733 3066 788 proponas,
3108 717 3425 788 cogitesque
3450 718 3617 782 serio,

2042 807 2088 862 si
2117 808 2474 862 vehementer
2502 808 2580 862 illi
2616 809 2789 863 Deum
2817 808 3035 863 irritant
3069 809 3165 879 qui
3207 824 3239 864 e
3291 809 3619 880 pusillorum

2036 914 2273 955 numero
2302 899 2391 953 vel
2430 914 2601 954 unum
2645 907 2858 954 tantum
2899 899 2954 953 in
2992 898 3272 955 Christum
3301 899 3619 956 credentem

2040 982 2537 1046 scandalizaverint
2588 990 2667 1054 ⁸³,
2719 998 2924 1059 quanta
2974 989 3258 1061 diligentia
3304 998 3620 1060 quantaque

2037 1083 2364 1139 dexteritate
2411 1097 2554 1151 opus
2604 1081 2711 1146 sit,
2764 1081 2809 1136 si
2860 1089 2975 1136 tota
3014 1081 3281 1151 quaepiam
3325 1081 3624 1136 multitudo

2038 1176 2260 1247 gravius
2280 1174 2489 1229 offensa
2509 1174 2602 1239 sit,
2631 1181 2709 1238 ut,
2735 1173 3008 1228 scandatis
3034 1172 3337 1243 prudenter
3357 1172 3622 1242 praecisis,

2043 1280 2237 1319 sanum
2272 1264 2398 1319 ﬁdei
2431 1279 2653 1319 sensum
2685 1278 3106 1332 sermonemque
3132 1263 3379 1319 veritatis
3409 1264 3623 1319 studio-

2042 1357 2121 1412 sis
2139 1356 2451 1411 ail‘eramus.
2478 1355 2560 1409 Ad
2593 1356 2697 1409 hoc
2724 1364 2906 1409 autem
2934 1355 3304 1424 praestandum
3325 1355 3624 1425 plurimum

2043 1447 2362 1511 contulerit,
2381 1447 2427 1501 si
2458 1456 2773 1503 sanctorum
2798 1447 3023 1500 Patrum
3052 1446 3257 1516 scripta
3285 1447 3623 1507 evolventes,

2046 1555 2210 1609 quam
2242 1539 2466 1593 maximi
2505 1538 2597 1593 illa
2637 1538 2816 1594 facere
2845 1538 3202 1603 studeamus;
3234 1554 3445 1607 nosque
3475 1539 3625 1608 ipsos

344 1635 673 1706 probantes,
713 1647 849 1688 num
888 1629 1064 1688 simus
1103 1633 1160 1686 in
1196 1623 1325 1696 title,
1365 1636 1428 1686 ut
1462 1631 1728 1702 scriptum
1752 1638 1837 1687 est
1866 1628 1933 1696 “,
1971 1629 2039 1685 ad
2096 1640 2276 1686 rectas
2298 1629 2919 1703 irrcprehensihilesque
2973 1643 3165 1684 eorum
3190 1628 3494 1683 sententias
3523 1644 3623 1682 no-

343 1736 495 1781 stras
528 1724 891 1796 cogitationes
912 1732 1038 1792 apte
1064 1721 1492 1777 conformemus.

418 1819 573 1887 Ἔφη
597 1817 784 1870 τοίνυν
807 1818 842 1885 η
866 1817 996 1885 ἁγία
1023 1816 1118 1869 καὶ
1148 1816 1359 1888 μεγάλη
1391 1816 1627 1883 σύνοδος,
1656 1812 1819 1871 αὐτὸν
1843 1816 1937 1871 τὸν

2114 1814 2283 1872 Sacra
2322 1817 2511 1886 itaque
2548 1825 2604 1871 et
2639 1832 2837 1888 magna
2864 1817 2955 1871 illa
2981 1818 3222 1888 synodus
3249 1816 3415 1871 tradit
3447 1818 3626 1888 ipsum

340 1912 411 1963 ἐκ
439 1907 585 1961 Θεοῦ
620 1908 837 1979 Πατρὸς
870 1906 1011 1961 κατά
1041 1903 1202 1977 φύσιν
1242 1908 1576 1979 γεννηθέντα
1615 1908 1743 1963 Υίὸν
1780 1926 1939 1979 μονο-

344 2005 510 2073 γενῆ,
537 2001 634 2054 τὸν
674 2004 740 2054 ἐκ
767 1998 905 2054 Θεοῦ
947 1997 1203 2070 ἀληθινοῦ
1247 1998 1379 2052 Θεὸν
1422 1994 1695 2070 ἀληθινὸν,
1722 2000 1782 2053 τὸ
1825 2000 1941 2069 φῶς

345 2094 409 2146 τὸ
441 2095 511 2145 ἐκ
538 2089 640 2145 τοῦ
679 2089 888 2160 φωτὸς,
918 2089 1009 2145 τὸν
1051 2090 1117 2144 δι’
1156 2084 1217 2144 οὗ
1246 2088 1317 2143 τὰ
1361 2090 1540 2144 πάντα
1574 2091 1870 2163 πεποίηκεν
1912 2092 1941 2144 6

343 2184 575 2256 Πατὴρ,
598 2182 898 2247 κατελθεῖν,
924 2180 1270 2252 σαρκωθῆναί
1294 2196 1355 2234 τε
1376 2181 1471 2235 καὶ
1496 2181 1939 2253 ὲνανθρωπῆσαιυ,

350 2275 581 2338 παθεῖν,
612 2273 907 2345 ἀναστῆναι
938 2272 1002 2344 τῇ
1036 2273 1196 2346 τρίτῃ
1230 2273 1434 2345 ἡμέρᾳ,
1468 2274 1563 2327 καὶ
1590 2273 1832 2327 ἀνελθεῖν
1861 2276 1942 2337 είς

349 2367 644 2440 οὐρανούς.
678 2366 903 2430 Τούτοις
945 2367 1000 2420 δὲ
1041 2364 1134 2421 καὶ
1158 2368 1307 2437 ἡμᾶς
1337 2366 1564 2422 ἕπεσθαι
1592 2367 1674 2421 δεῖ
1700 2368 1796 2421 καὶ
1833 2368 1944 2431 τοῖς

343 2461 537 2530 λόγοις
568 2458 665 2513 καὶ
695 2456 811 2522 τοῖς
846 2456 1131 2529 δόγμασιν,
1168 2457 1515 2523 ἐννοοῦντας,
1547 2458 1600 2512 τί
1634 2459 1696 2512 τὸ
1727 2476 1944 2532 σαρκω-

340 2550 515 2621 θῆναι
536 2591 553 2616 ,
590 2546 687 2601 καὶ
727 2547 1145 2620 ὲνανθρωπῆσαι
1179 2544 1330 2619 δηλοῖ
1363 2548 1456 2603 τὸν
1485 2552 1547 2603 ὲκ
1579 2548 1715 2603 Θεοῦ
1749 2550 1942 2618 Λόγον.

341 2644 428 2697 ῡῦ
461 2642 580 2714 γάρ
610 2654 793 2712 φαμεν
821 2640 903 2695 ὃτι
995 2636 1089 2693 τοῦ
1116 2638 1291 2709 Λόγου
1325 2639 1487 2711 φύσις
1514 2641 1946 2712 μεταποιηθεῖσα

342 2735 556 2804 γέγονε
612 2732 767 2805 σάρξ
802 2728 915 2785 ἀλλ’
954 2729 1074 2786 οὐδὲ
1103 2732 1184 2786 ὅτι
1230 2733 1313 2796 εἰς
1340 2726 1461 2786 ὅλον
1500 2731 1784 2805 ἄνθρωπον
1820 2750 1949 2803 μετ-

344 2825 587 2897 εελὴθη,
618 2824 709 2878 τὸν
733 2826 796 2878 ἐκ
822 2823 999 2896 ψυχῆς
1027 2825 1121 2877 καὶ
1139 2823 1412 2894 σώματος’
1442 2826 1618 2879 ἐκεῖνο
1633 2824 1690 2877 δὲ
1724 2825 1945 2896 μᾶλλον,

346 2921 440 2973 ὃτι
461 2919 650 2990 σάρκα
675 2915 1079 2988 ἐμψυχωμένην
1103 2915 1248 2989 ψυχῇ
1278 2916 1470 2988 λογικῇ
1497 2916 1704 2980 ἑνώσας
1730 2917 1759 2969 6
1777 2917 1948 2986 Λόγος

349 3009 543 3080 ἑαυτῷ
567 3008 694 3064 καθ’
718 3006 1035 3071 ὖπόστασιν,
1069 3009 1362 3079 ἀφράστως
1382 3024 1443 3061 τε
1464 3008 1558 3061 καὶ
1579 3008 1950 3078 ἀπερινοήτως

352 3101 593 3169 γέγονεν
617 3098 714 3153 ἄνθ
722 3115 920 3169 ρωπος,
948 3098 1042 3152 καὶ
1061 3093 1469 3169 κεχρημάτικεν
1489 3096 1615 3160 Υἱὸς
1636 3096 1947 3167 ἀνθρώπου,

2044 1908 2391 1978 unigenitum
2410 1907 2508 1961 Dei
2533 1908 2733 1962 Filium
2762 1911 3087 1965 naturaliter
3116 1912 3221 1982 23
3245 1929 3313 1967 ex
3333 1914 3446 1968 Deo
3467 1914 3628 1967 Patre

2042 2009 2257 2065 natum,
2290 2001 2459 2055 Deum
2484 2016 2679 2055 verum
2707 2000 2776 2055 de
2798 2002 2909 2055 Deo
2929 2018 3081 2065 vero,
3108 2003 3293 2058 lumen
3311 2004 3626 2067 delumine,
3654 2054 3660 2061 .

2043 2107 2143 2161 per
2171 2105 2335 2159 quem
2366 2090 2532 2145 Pater
2554 2091 2737 2145 omnia
2765 2091 3030 2155 condidit,
3062 2092 3432 2158 descendisse,
3450 2095 3629 2149 incarc

2044 2189 2255 2243 natum,
2278 2189 2335 2234 et
2353 2179 2632 2237 hominem
2655 2182 2881 2245 factum,
2904 2197 3123 2251 passum
3142 2198 3285 2247 esse,
3310 2183 3472 2238 tertia
3489 2200 3630 2253 quo-

2045 2288 2152 2343 que
2203 2272 2293 2327 die
2328 2274 2717 2337 resurrexisse,
2756 2281 2813 2328 et
2849 2273 2917 2327 ad
2955 2275 3124 2329 caelos
3170 2273 3500 2332 ascendisse.
3534 2277 3631 2331 llis

2046 2364 2234 2419 verbis
2252 2364 2447 2433 hisque
2463 2364 2808 2435 dogmatibus
2824 2381 2926 2420 nos
2942 2382 3162 2436 quoque
3186 2367 3441 2423 insistere
3461 2384 3630 2438 opor-

2046 2462 2147 2519 tet,
2176 2454 2368 2510 sedulo
2394 2454 2579 2509 animo
2611 2464 3032 2525 pertractantes,
3051 2458 3378 2527 ecquidnam
3416 2460 3507 2525 sit,
3533 2460 3629 2517 Dei

2046 2547 2289 2602 Verbum
2332 2546 2679 2601 incarnatum
2719 2562 2783 2601 ac
2812 2548 3093 2603 hominem
3115 2550 3320 2605 factum
3349 2566 3491 2607 csse.
3527 2552 3633 2608 Ne-

2048 2654 2157 2709 que
2195 2639 2343 2694 enim
2383 2638 2618 2694 dicimus
2653 2640 2819 2694 Verbi
2852 2650 3105 2695 naturam
3136 2658 3236 2712 per
3258 2643 3344 2697 sui
3367 2640 3632 2697 mutatio-

2048 2746 2177 2785 nem
2237 2746 2457 2786 carnem
2508 2745 2631 2786 esse
2680 2730 2926 2797 factam;
2964 2733 3061 2787 sed
3110 2748 3288 2801 neque
3342 2733 3399 2788 in
3457 2741 3629 2788 totum

2050 2822 2330 2877 hominem
2357 2822 2797 2877 transformalam
2814 2838 2881 2876 ex
2904 2822 3085 2876 anima
3100 2831 3155 2877 et
3175 2838 3406 2893 corpore
3433 2824 3636 2879 consti-

2052 2923 2230 2970 tutum
2259 2932 2273 2981 ;
2302 2913 2601 2971 asserimus
2622 2922 2804 2969 autem
2832 2915 3095 2980 Verbum,
3126 2915 3278 2970 unita
3304 2916 3410 2969 sibi
3433 2931 3634 2970 secun~

2052 3007 2182 3061 dum
2224 3007 2560 3079 hypostasim
2593 3023 2757 3062 carne
2781 3007 3021 3062 animata
3047 3008 3296 3062 rationali
3318 3008 3521 3072 anima,
3548 3009 3633 3063 in—

2051 3098 2365 3168 explicabili
2416 3098 3074 3169 incomprehcnsibilique
3132 3098 3296 3154 modo
3353 3099 3632 3155 hominem

354 3168 619 3243 solum;
642 3168 855 3256 θέλησιν
895 3189 1085 3261 μόνην,
1121 3168 1449 3260 ηίεδδοκίανι
1486 3187 1603 3241 ἀλλ’
1627 3182 1748 3241 οὐδὲ
1785 3187 1861 3252 ὡς
1891 3189 1947 3243 ὲν

2052 3189 2278 3255 factum,
2302 3199 2358 3245 et
2380 3168 2623 3244 hominis
2648 3190 2843 3245 Filium
2873 3190 3170 3257 exstitisse,
3200 3207 3310 3246 non
3333 3206 3432 3261 per
3462 3191 3635 3253 solam

366 3276 689 3348 προσλήψει
716 3276 1000 3348 προσώπου
1034 3278 1214 3348 μόνου⁸
1247 3277 1343 3331 καὶ
1369 3268 1452 3330 ὃτι
1475 3272 1725 3349 διάφοροι
1763 3277 1863 3348 μὲν
1892 3277 1947 3357 αί

2052 3281 2391 3336 voluntatem
2439 3293 2535 3338 aut
2580 3282 3008 3352 heneplacitum,
3047 3283 3161 3338 sive
3198 3298 3298 3353 per
3317 3283 3487 3338 solam
3512 3299 3638 3353 per-

369 3368 523 3440 πρὺς
555 3366 775 3438 ἑνότητα
811 3367 910 3435 τὴν
944 3367 1204 3438 ἀληθινὴν
1236 3367 1583 3437 συναχθεῖσαι
1618 3367 1830 3436 φύσεις·
1869 3360 1947 3431 εἷς

2056 3387 2203 3427 some
2246 3373 2697 3443 assumptionem.
2746 3375 2814 3428 Et
2857 3373 3106 3444 quamvis
3146 3382 3359 3430 natura:
3389 3375 3501 3430 sint
3547 3374 3637 3429 di~

360 3455 429 3512 δὲ
467 3458 530 3523 ἐξ
553 3458 876 3529 ἀμφοτέρων
903 3457 1134 3528 Χριστὸς
1173 3458 1267 3510 καὶ
1304 3453 1451 3520 Υἱός·
1487 3457 1585 3527 οὐχ
1612 3452 1687 3520 ὡς
1717 3457 1815 3528 τῆς
1843 3454 1953 3509 τῶν

358 3551 588 3622 φύσεων
630 3551 896 3621 διαφορᾶς
930 3549 1281 3624 ἀνῃρημένης
1312 3549 1398 3602 διὰ
1430 3549 1528 3621 τὴν
1562 3549 1784 3602 ἕνωσιν
1819 3550 1952 3602 ἀπο-

355 3640 681 3695 τελεσασῶν
717 3640 776 3694 δὲ
812 3639 1011 3710 μᾶλλον
1051 3642 1183 3711 ἡμῖν
1223 3639 1314 3693 τὸν
1354 3638 1451 3693 ἕνα
1494 3639 1700 3709 Κύριον
1747 3638 1955 3710 Ἰησοῦν

359 3732 608 3807 Χριστὸν
630 3732 729 3787 καὶ
760 3728 909 3799 Υῖδν,
932 3731 1184 3803 θεότητὸς
1208 3749 1267 3786 τε
1289 3732 1382 3785 καὶ
1404 3731 1500 3788 ἀνθ
1511 3730 1842 3802 ρωπότητυς,
1868 3728 1955 3783 διὰ

358 3829 470 3898 τῆς
502 3826 790 3898 ἀφράστου
826 3826 921 3880 καὶ
950 3824 1266 3898 ἀπορρήτου
1310 3825 1449 3897 πρὸς
1479 3822 1705 3893 ἑνότητα
1735 3821 1955 3892 συνδρο-

367 3919 504 3989 μῆς.
535 3918 695 3971 Οὕτω
732 3932 790 3970 τε
824 3916 1073 3986 λέγεται,
1106 3912 1282 3970 καίτοι
1326 3915 1432 3986 πρὸ
1458 3912 1668 3968 αἰώνων
1697 3912 1836 3984 ἔχων
1858 3911 1955 3983 τὴν

366 4007 633 4080 ὓπαρξιν,
664 4010 759 4062 καὶ
790 4008 1074 4080 γεννηθεὶς
1110 4008 1175 4062 ἐκ
1212 4004 1426 4079 Πατρὸς
1445 4046 1461 4073 ,
1493 4004 1819 4079 γεννηθῆναι
1863 4000 1957 4057 καὶ

367 4100 521 4153 κατά
547 4100 727 4171 σάρκα
753 4102 820 4152 ὲκ
846 4097 1124 4168 γυναικὸς,
1156 4096 1257 4169 οὐχ
1276 4098 1351 4162 ὡς
1371 4094 1471 4168 τῆς
1498 4095 1648 4159 θείας
1672 4092 1839 4149 αὐτοῦ
1866 4093 1957 4162 φύ-

376 4206 524 4256 σεως
555 4191 730 4263 ἀρχὴν
760 4191 855 4245 τοῦ
889 4186 1032 4245 εἶναι
1073 4186 1345 4259 λαϐούσης
1380 4187 1399 4227 ι
1431 4189 1490 4243 ὲν
1534 4191 1601 4261 τῇ
1641 4186 1778 4257 ἁγίᾳ
1809 4187 1959 4257 Παρ-

376 4283 546 4357 θένιιν
570 4285 687 4340 οὔτε
722 4287 830 4358 μὴν
852 4285 1136 4356 δεηθείσης
1171 4282 1485 4353 ἀναγκαίως
1515 4283 1581 4336 δι’
1612 4281 1810 4353 ἑαυτὴν
1835 4280 1958 4333 δευ-

369 4378 548 4449 τέρας
591 4379 930 4448 γεννήσεως,
974 4376 1112 4446 μετὰ
1152 4374 1252 4446 τὴν
1286 4378 1350 4429 ὲκ
1384 4370 1619 4444 Πατρός.
1661 4373 1815 4426 Ἔστι
1853 4373 1959 4443 γὰρ

2056 3474 2248 3526 versae,
2289 3478 2416 3517 vera
2465 3471 2647 3518 tamen
2691 3463 2894 3529 unione
2942 3472 3225 3531 coeuntes,
3271 3479 3441 3518 unum
3476 3463 3639 3520 nobis

2055 3552 2331 3608 Christum
2361 3559 2418 3608 et
2446 3554 2647 3608 Filium
2677 3555 3023 3618 etl‘cccrunt;
3070 3571 3181 3608 non
3221 3553 3369 3624 quod
3410 3563 3639 3609 natura-

2057 3660 2179 3699 rum
2205 3644 2515 3701 diﬂ‘crentia
2542 3655 2767 3715 propter
2801 3636 3062 3699 unionem
3087 3633 3300 3699 sublata
3325 3643 3415 3708 sit,
3447 3660 3637 3698 verum

2057 3736 2204 3807 quod
2230 3737 2489 3790 divinitas
2515 3745 2572 3791 et
2590 3735 2907 3791 humanitas
2931 3744 3140 3790 secreta
3175 3734 3412 3805 quadam
3442 3735 3638 3791 ineﬂ‘a-

2058 3827 2266 3898 bilique
2304 3826 2689 3898 conjunctione
2728 3826 2785 3881 in
2828 3841 2937 3880 una
2983 3840 3217 3895 persona
3268 3841 3441 3881 unum
3480 3827 3641 3881 nobis

2058 3918 2245 3974 Jesum
2274 3916 2556 3973 Christum
2595 3924 2653 3973 et
2691 3916 2892 3972 Filium
2931 3916 3341 3972 constituerint.
3372 3917 3455 3972 Ad
3490 3918 3640 3972 hunc

2060 4012 2306 4077 modum,
2343 4011 2439 4082 qui
2472 4020 2597 4066 ante
2627 4026 2789 4065 omne
2809 4009 3070 4064 saeculum
3101 4010 3333 4075 exsistit,
3362 4017 3419 4064 et
3444 4026 3512 4063 ex
3535 4010 3639 4064 Pa-

2062 4117 2144 4160 tre
2168 4105 2386 4176 genitus
2403 4103 2530 4168 fuit,
2563 4102 2868 4158 secundum
2895 4116 3114 4156 carnem
3139 4116 3207 4155 ex
3227 4101 3459 4155 muliere
3478 4108 3641 4155 natus

2061 4194 2301 4248 dicitur:
2332 4208 2441 4247 non
2484 4190 2630 4261 quod
2667 4190 2855 4246 divina
2898 4190 3048 4245 illius
3082 4199 3278 4244 natura
3310 4190 3642 4245 exsistentia:

2062 4301 2175 4340 suae
2210 4285 2423 4340 initium
2464 4284 2518 4338 in
2554 4299 2711 4338 saera
2747 4283 2972 4354 Virgine
3005 4282 3321 4352 sumpserit,
3355 4292 3451 4337 aut
3492 4283 3638 4352 quod

2062 4386 2186 4448 post
2235 4378 2466 4446 primam
2510 4391 2579 4430 ex
2608 4376 2790 4440 Patre,
2821 4375 2991 4429 altera
3016 4383 3240 4445 propter
3277 4374 3511 4444 seipsam
3542 4389 3640 4444 ge-

368 4470 589 4524 εἰκαῖόν
618 4484 681 4523 τε
708 4468 843 4539 ὁμοῦ
874 4470 966 4521 καὶ
989 4462 1199 4540 ἀμαθὲς
1223 4464 1314 4522 τὸν
1342 4468 1654 4539 ὑπάρχοντα
1690 4459 1796 4537 πρὸ
1825 4482 1947 4520 παν-

2062 4465 2347 4521 neratione
2389 4465 2699 4521 necessario
2741 4462 3076 4534 indiguerit:
3112 4463 3340 4517 stultum
3373 4470 3459 4516 est
3491 4461 3638 4515 enim

366 4563 469 4624 τὸς
498 4560 702 4622 αἰῶνος
719 4600 736 4626 ,
761 4561 854 4614 καὶ
879 4556 1145 4614 πναῖδιον
1171 4559 1251 4631 τῷ
1294 4559 1470 4631 Πατρὶ
1492 4599 1508 4623 ,
1535 4555 1743 4611 δεῖσθαι
1775 4552 1947 4625 λέγειν

2061 4560 2333 4631 planeque
2385 4558 2633 4627 ineptum
2681 4571 2930 4612 asserere
2980 4570 3108 4610 eum
3148 4553 3243 4623 qui
3295 4560 3422 4607 ante
3454 4552 3639 4606 omnia

367 4651 567 4723 ἀρχῆς
601 4649 700 4721 τῆς
719 4654 795 4715 είς
814 4652 873 4705 τὸ
896 4647 1033 4707 εἶναι
1053 4649 1333 4723 δευτέρας.
1378 4646 1597 4721 Ἐπειδὴ
1617 4647 1674 4702 δὲ
1697 4649 1764 4703 δι’
1787 4649 1956 4719 ἡμᾶς,

368 4743 474 4795 καὶ
508 4739 605 4794 διά
631 4742 731 4813 τὴν
759 4742 1027 4814 ἡμετέραν
1061 4744 1338 4815 σωτηρίαν
1369 4738 1578 4807 ἐνώσας
1608 4741 1792 4813 ἐαυτῷ
1836 4741 1959 4796 καθ’

377 4833 681 4886 ὑπόστασιν
727 4833 788 4887 τὸ
838 4830 1200 4907 ἀνθρώπινον,
1243 4834 1516 4906 προῆλθεν
1561 4836 1629 4889 ἐκ
1671 4832 1957 4904 γυναικὸς,

383 4923 560 4995 ταύτῃ
575 4941 655 4977 τοι
677 4924 893 4994 λέγεται
913 4925 1237 4998 γεννηθῆναι
1261 4925 1558 4997 σαρκικῶς.
1580 4926 1654 4980 Οὐ
1679 4925 1788 4996 γὰρ
1817 4924 1961 4995 πρῶ·

375 5030 477 5069 τον
508 5015 790 5085 ἄνθρωπος
822 5014 1086 5090 ἐγεννήθη
1114 5017 1290 5082 κοινὸς
1318 5020 1382 5072 ἐκ
1409 5018 1509 5089 τῆς
1546 5015 1708 5086 ἁγίας
1747 5016 1963 5091 Παρθέ-

373 5122 473 5159 νου
494 5123 508 5137 ·
557 5104 652 5160 εἷθ’
698 5107 843 5163 οὕτω
884 5111 1356 5181 καταπεφοίτηκεν
1395 5109 1482 5162 ἐπ’
1516 5110 1679 5163 αὐτὸν
1713 5106 1742 5163 6
1771 5104 1961 5178 Λόγος

368 5196 496 5251 ἄη*
542 5198 604 5265 ἐξ
645 5200 817 5270 αὐτῆς
863 5201 1078 5274 μήτρας
1124 5201 1382 5267 ἑνωθεὶς,
1413 5200 1703 5272 ὑπομεῖναι
1747 5198 1965 5270 λέγεται

370 5289 639 5360 γέννησιν
670 5293 958 5365 σαρκικὴν,
996 5295 1073 5360 ὡς
1103 5294 1202 5365 τῆς
1243 5293 1376 5359 ἰδίας
1410 5292 1611 5366 σαρκὸς
1640 5293 1739 5365 τὴν
1772 5295 1965 5366 γέννη-

461 5427 735 5513 ".blatth.
772 5448 924 5499 xvm,
952 5434 1003 5488 6.
1074 5432 1125 5465 ⁸⁸
1155 5434 1201 5489 II
1222 5432 1351 5490 Cor.
1377 5449 1492 5500 xm,
1536 5434 1590 5488 5.

2058 4652 2257 4711 saecula
2294 4648 2444 4705 Patri
2467 4657 2774 4704 comternus
2806 4645 3043 4710 exsistit,
3079 4646 3248 4700 altera
3283 4644 3487 4708 denuo,
3528 4659 3641 4714 quo

2056 4744 2320 4801 exsistere
2352 4749 2550 4812 queat,
2581 4740 2934 4812 generatione
2969 4736 3271 4808 indiguisse
3303 4752 3316 4788 ε
3357 4734 3455 4790 sed
3492 4736 3639 4806 quod

2056 4847 2281 4906 propter
2323 4838 2445 4899 nos,
2488 4842 2544 4890 et
2580 4842 2806 4904 propter
2845 4838 3091 4889 nostram
3130 4829 3363 4884 salutem
3400 4828 3639 4883 humana

2058 4935 2258 4980 natura
2285 4923 2588 4979 secundum
2625 4921 2961 4995 hypostasim
2985 4919 3091 4975 sibi
3115 4917 3291 4983 unita,
3314 4931 3383 4973 ex
3408 4917 3639 4973 muliere

2059 5028 2222 5073 natus
2266 5024 2382 5072 est:
2420 5016 2552 5071 hinc
2585 5024 2672 5071 est
2714 5013 2862 5085 quod
2903 5010 3204 5068 secundum
3228 5025 3448 5064 carnem
3475 5015 3641 5062 natus

2060 5107 2409 5181 praedicatur.
2468 5104 2590 5162 Non
2643 5105 2788 5161 enim
2845 5102 3023 5173 primo
3069 5100 3311 5171 vulgaris
3364 5098 3639 5170 quispiam

2060 5201 2227 5256 homo
2267 5216 2336 5256 ex
2375 5200 2598 5270 Virgine
2646 5205 2802 5253 ortus
2848 5205 2953 5260 est,
2990 5193 3049 5247 in
3086 5208 3249 5262 quem
3276 5192 3375 5248 Dei
3397 5191 3639 5255 Verbum

2063 5293 2261 5350 deinde
2297 5309 2417 5351 sese
2440 5291 2756 5356 demiserit;
2801 5289 2894 5345 sed
2922 5289 2976 5344 in
3003 5289 3122 5360 ipso
3149 5294 3307 5344 utero
3330 5284 3484 5341 carni
3509 5283 3637 5341 uni-

1438 5548 1612 5604 Variae
1637 5547 1900 5605 lectiones
1932 5545 2139 5602 codicis
2170 5544 2535 5617 Seguieriania

451 5641 479 5681 ι
510 5641 951 5706 ἀνεπιπλήκτοις.
1034 5642 1056 5683 ι
1086 5643 1375 5717 λαχούσης.
