4028 6208
434 291 498 344 ἰιἹ
1467 290 1504 343 S
1563 286 1836 341 CYRILLI
1877 285 2345 341 ALEXANDRINI
2380 288 2695 345 ARCIHEP.
3656 285 3729 344 48

432 416 548 460 tum
586 402 894 459 secundum
930 418 1150 458 carnem
1196 404 1541 473 progenitum
1582 403 1803 467 dicitur,
1827 409 2015 471 utpote

2125 420 2204 456 σιν
2245 404 2629 471 οἰκειούμενος.
2668 404 2823 455 Οὕτω
2854 402 3031 472 φαμὲν
3057 402 3215 456 αὐτὸν
3251 402 3342 456 καὶ
3369 401 3601 465 παθεῖν,
3632 406 3729 454 καὶ

432 511 545 551 sum
587 494 770 549 carnis
814 495 1226 565 generationem
1268 495 1374 548 sibi
1418 501 1477 548 ut
1522 493 1799 563 propriam
1832 494 2011 547 vindi-

432 600 581 640 cans.
622 583 699 638 Ad
731 584 987 638 eumdem
1021 584 1244 639 modum
1281 584 1416 638 illud
1455 599 1677 653 passum
1708 594 1764 638 et
1785 585 2015 638 resusci-

433 684 609 730 tatum
652 674 909 740 dicimus,
955 690 1064 727 non
1102 675 1248 744 quod
1295 675 1390 729 Dei
1419 675 1661 729 Verbum
1689 675 2011 745 autplagas,

432 778 530 824 ant
567 767 849 822 clavorum
888 766 1307 836 pcrforationcs,
1346 777 1441 821 aut
1466 768 1573 822 alia
1608 766 1660 820 id
1690 782 1861 837 genus
1892 767 2015 819 vul-

432 877 567 916 nera
598 861 655 915 in
692 860 970 931 propriam
996 868 1247 913 naturam
1278 860 1551 929 acceperit
1581 878 1594 915 :
1632 876 1757 914 nam
1784 868 1843 913 ut
1872 860 2014 913 divi-

433 970 568 1007 num
591 968 795 1007 numen
826 950 1072 1020 corporis
1092 965 1287 1020 expers
1308 959 1410 1015 est,
1458 952 1532 1005 ita
1562 952 1774 1022 perpeti
1798 968 2015 1021 quoque

432 1044 576 1098 nihil
598 1050 780 1111 potest
809 1058 823 1105 ;
857 1039 965 1111 24
991 1040 1084 1094 sed
1117 1042 1243 1109 quia
1278 1055 1479 1109 corpus
1508 1041 1656 1110 quod
1679 1041 1782 1095 sibi
1804 1041 2014 1095 ascive-

432 1146 537 1200 rat,
593 1134 707 1188 haec
745 1133 848 1187 fuit
888 1140 1198 1202 expertum,
1240 1147 1361 1186 eam
1394 1132 1465 1186 ob
1491 1147 1603 1187 rem
1628 1132 1808 1202 ipsum
1840 1132 2015 1186 nostri

434 1240 599 1280 causa
655 1225 749 1279 illa
798 1239 1118 1294 perpessum
1167 1223 1453 1277 asseritur.
1507 1223 1811 1294 lmpatibile
1868 1224 2017 1278 enim

433 1318 677 1373 Verbum
714 1317 772 1370 in
808 1331 1040 1386 corpore
1080 1315 1294 1385 patibili
1341 1316 1656 1370 exsistebat.
1697 1316 1845 1371 idem
1869 1326 1922 1370 et
1949 1316 2017 1370 de

434 1410 682 1481 ejusdem
743 1424 964 1479 quoque
1028 1416 1203 1463 morte
1251 1410 1556 1473 sentimus,
1600 1410 1871 1480 siquidem
1920 1410 2015 1464 Dei

436 1504 698 1569 Verbum,
737 1511 929 1573 suapte
958 1511 1154 1557 natura
1188 1502 1499 1558 immortale
1530 1513 1585 1558 ct
1609 1520 1639 1558 a
1661 1505 2017 1574 corruptione

2118 498 2437 568 ἀναστῆναι,
2464 499 2562 567 ούχ
2588 496 2663 560 ῶς
2692 497 2785 549 τοῦ
2816 494 2949 548 Θεοῦ
2972 495 3143 563 Λόγου
3174 494 3444 558 παθόντος
3467 497 3555 558 εἰς
3584 496 3729 548 ίδῖαν

2120 589 2299 657 φύσιν,
2328 589 2359 658 ἢ
2401 589 2637 657 πληγὰς,
2668 588 2701 658 ἢ
2729 590 3034 659 διατρὴσεις
3066 586 3231 657 ἥλων,
3257 572 3426 657 ἦγουν
3458 588 3532 641 τά
3559 588 3650 640 ἓτε
3663 606 3732 659 ρα

2117 678 2225 731 τῶν
2261 680 2612 749 τραυμάτων·
2647 678 2857 742 ἀπαθὲς
2892 679 3000 747 γὰρ
3032 678 3093 731 τὸ
3109 678 3285 743 Θεῖον,
3319 680 3402 731 ὅτι
3436 679 3542 731 καὶ
3575 679 3732 731 dadi-

2122 787 2309 842 ματον·
2349 772 2534 841 ἐπειδὴ
2577 771 2632 823 δὲ
2660 771 2720 823 τὸ
2751 770 2974 839 γεγονὸς
3007 769 3170 822 αὐτοῦ
3228 769 3357 823 ἴδιον
3410 770 3584 839 σῶμα
3634 772 3735 823 πέ-

2121 863 2280 916 πονθε
2303 862 2495 925 ταῦτα,
2526 863 2688 917 πάλιν
2713 862 2875 925 αύτὸς
2896 862 3115 931 λέγεται
3146 861 3337 913 παθεῖν
3360 860 3512 932 ὑπὲρ
3541 861 3728 931 ἡμῶν.

2118 953 2228 1009 Ἦν
2252 956 2358 1027 γὰρ
2387 957 2415 1007 6
2447 956 2661 1024 ἀπαθὴς
2686 958 2742 1008 ἐν
2769 954 2847 1025 τῷ
2877 954 3141 1024 πάσχοντι
3166 951 3400 1023 σώματι.
3439 954 3609 1006 Κατά
3640 955 3734 1005 τὸν

2121 1048 2234 1099 ἴσον
2266 1046 2323 1099 δὲ
2352 1047 2570 1117 τρόπον,
2608 1046 2702 1098 καὶ
2743 1046 2834 1097 ἐπὶ
2866 1044 2961 1097 τοῦ
3002 1043 3255 1097 τεθνάναι
3287 1043 3549 1113 νοοῦμεν·
3593 1045 3737 1097 ἀθά-

2121 1156 2277 1202 νατος
2310 1140 2415 1210 γὰρ
2461 1138 2602 1191 κατά
2636 1137 2816 1207 φύσιν,
2862 1137 2959 1189 καὶ
2993 1136 3292 1209 ἄφθαρτος,
3335 1137 3435 1189 καὶ
3472 1134 3596 1206 ζωὴ
3637 1141 3736 1188 καὶ

2120 1231 2381 1295 ζωοποιός
2406 1231 2553 1282 ἐστιν
2580 1232 2608 1282 6
2629 1227 2723 1282 τοῦ
2752 1229 2887 1282 Θεοῦ
2918 1236 2955 1258 "‘
2982 1230 3173 1297 Λόγος.
3215 1228 3444 1299 Ἐπειδὴ
3477 1229 3539 1281 δὲ
3566 1228 3738 1281 πάλιν

2118 1323 2180 1375 τὸ
2208 1322 2336 1375 ἴδιον
2370 1320 2533 1374 αὐτοῦ
2561 1322 2720 1391 σῶμα
2752 1322 2934 1392 χάριτι
2964 1320 3123 1383 Θεοῦ,
3156 1320 3300 1373 καθά
3330 1337 3509 1391 φησιν
3534 1321 3564 1372 6
3593 1321 3741 1373 Παῦ-

2120 1415 2230 1477 λος,
2266 1414 2406 1484 ὑπὲρ
2442 1414 2642 1477 παντὸς
2672 1413 2935 1481 ἐγεύσατο
2968 1412 3235 1476 θανάτου,
3265 1412 3497 1481 λέγεται
3531 1414 3739 1467 παθεῖν

2120 1508 2281 1569 αὐτὸς
2324 1507 2412 1560 τὸν
2446 1506 2585 1575 ὑπὲρ
2627 1507 2787 1577 ἡμῶν
2836 1506 3087 1559 θάνατον’
3132 1508 3232 1577 οὐχ
3277 1506 3352 1570 ὡς
3386 1508 3479 1570 είς
3528 1509 3739 1579 πεῖραν

435 1596 694 1657 alienum,
720 1601 775 1647 et
794 1594 904 1647 vita
926 1607 1148 1646 rursum
1168 1600 1222 1645 et
1246 1592 1529 1647 viviﬁcans
1548 1603 1651 1647 cst.
1670 1593 1871 1647 Verum
1889 1593 2015 1663 quia

2125 1596 2288 1650 ἐλθὼν
2319 1597 2411 1651 τοῦ
2452 1597 2705 1663 θανάτου,
2737 1600 2797 1651 τό
2844 1617 2908 1668 γε
2942 1594 3077 1671 ἧκον
3109 1600 3188 1661 εἰς
3218 1598 3315 1669 τὴν
3345 1597 3529 1653 αὑτοῦ
3565 1600 3740 1670 φύσιν

433 1702 597 1740 suum
637 1684 809 1754 ipsius
843 1698 1044 1753 corpus
1082 1682 1322 1753 gratuito
1364 1684 1461 1737 Dei
1505 1699 1735 1737 munere
1758 1693 2013 1747 mortem,

2125 1690 2473 1759 (ἀποπληξία
2504 1690 2615 1761 γὰρ
2654 1692 2811 1744 τοῦτο
2839 1691 3080 1763 λέγεινῆ
3123 1692 3402 1763 φρονεῖν),
3461 1692 3588 1746 ἀλλ’
3626 1694 3735 1760 ὅτι,

434 1787 729 1835 attestante
768 1777 938 1830 Paulo
961 1776 1031 1841 ⁸⁵,
1063 1777 1307 1830 omnium
1330 1792 1493 1830 causa
1519 1776 1848 1847 degustavit,
1878 1777 1937 1830 ﬁt
1959 1786 2017 1831 ut

2125 1782 2372 1852 καθάπερ
2415 1782 2551 1853 ἔφην
2592 1783 2827 1853 ἀρτίως,
2862 1786 2895 1855 ἡ
2945 1784 3081 1855 σὰρξ
3111 1784 3274 1837 αὑτοῦ
3314 1786 3596 1854 ἐγεύσατο
3638 1786 3738 1840 θα-

437 1877 613 1942 ipsum
643 1880 875 1925 mortem
904 1878 1130 1941 propter
1152 1886 1252 1924 nos
1282 1885 1602 1940 perpessum
1626 1870 1842 1924 dicatur
1867 1886 1879 1921 :
1906 1884 2017 1923 non

434 1962 579 2033 quod
614 1962 816 2032 ipsum,
851 1961 998 2031 quod
1022 1961 1245 2030 quidem
1272 1960 1339 2014 ad
1363 1960 1642 2031 propriam
1662 1968 1917 2013 naturam
1940 1967 2020 2011 at-

437 2059 592 2120 tinet,
652 2063 884 2108 mortem
920 2053 1201 2122 exceperit
1230 2052 1463 2124 (insania
1495 2066 1732 2119 namque
1762 2066 1909 2104 mera
1936 2064 2021 2103 es-

434 2155 538 2212 set,
591 2146 740 2201 istud
784 2145 870 2199 vel
911 2144 1115 2208 dicere,
1163 2144 1249 2196 vel
1295 2141 1579 2212 cogitare),
1614 2140 1710 2193 sed
1740 2141 1868 2208 quia
1889 2153 2018 2192 caro

436 2241 584 2295 illius
630 2247 886 2301 mortem,
941 2245 1004 2291 ut
1045 2235 1209 2290 modo
1246 2235 1481 2297 aiebam,
1530 2231 1858 2302 degustavit.
1894 2228 2016 2284 Pari

437 2329 622 2393 modo,
654 2328 784 2398 quia
810 2342 938 2381 caro
958 2326 1106 2380 illius
1125 2324 1451 2388 resurrexit,
1480 2332 1535 2377 et
1559 2324 1661 2393 ipsi
1685 2322 2019 2377 resurrectio

438 2422 707 2476 tribuitur
740 2440 753 2475 :
793 2436 903 2474 non
931 2419 1079 2489 quod
1118 2419 1294 2488 ipsum
1332 2416 1595 2472 ceciderit
1632 2416 1688 2469 in
1712 2413 2022 2484 corruptio-

433 2531 583 2579 nem,
611 2513 754 2568 absit
781 2514 794 2566 !
832 2512 929 2567 sed
954 2512 1082 2581 quia
1108 2526 1298 2565 rursus
1320 2524 1520 2580 corpus
1551 2509 1698 2563 illius
1718 2508 2021 2563 exsuscita-

436 2618 552 2663 tum
566 2615 667 2662 est.
688 2606 766 2660 Ita
784 2618 957 2659 unum
980 2602 1260 2658 Christum
1276 2609 1332 2656 et
1346 2601 1635 2655 Dominum
1666 2600 2020 2665 conﬁtemur;

433 2718 547 2757 non
584 2699 735 2771 quod
772 2698 1053 2752 hominem
1090 2712 1200 2749 una
1234 2709 1360 2749 cum
1406 2693 1586 2747 Verbo
1612 2691 1927 2753 adoremus,
1954 2706 2023 2745 ne

432 2794 571 2851 illud
612 2810 733 2848 cum
782 2790 964 2855 Verbo,
1007 2789 1248 2857 aliquam
1273 2785 1560 2840 divisionis
1583 2784 2025 2855 imaginationem

434 2888 608 2943 menti
652 2885 916 2957 objiciat;
958 2880 1055 2937 sed
1098 2895 1269 2936 unum
1308 2878 1673 2949 eumdcmque
1710 2877 2023 2939 adoramus,

435 2977 881 3052 quandoquidem
906 2988 1108 3043 corpus
1122 2987 1280 3026 suum
1294 2986 1407 3025 non
1421 2978 1505 3025 est
1522 2970 1760 3025 alienum
1778 2984 1809 3023 ει
1824 2968 2025 3031 Verbo,

437 3087 561 3127 cum
587 3085 697 3140 quo
720 3067 866 3123 Patri
892 3064 1098 3120 assidet
1128 3082 1140 3116 :
1167 3078 1277 3117 non
1299 3062 1447 3131 quod
1474 3062 1583 3117 duo
1609 3060 1706 3115 filii
1748 3060 1895 3115 Patri
1934 3075 2025 3114 as—

436 3161 699 3218 sideant:
747 3156 953 3211 assidet
995 3154 1143 3209 enim
1186 3167 1333 3206 unus
1364 3159 1593 3215 tantum,
1636 3166 1733 3219 per
1760 3148 2019 3202 unionem

437 3269 565 3310 cum
592 3249 818 3322 propria
840 3260 1025 3303 carne.
1056 3244 1212 3311 Quod
1237 3244 1283 3299 si
1308 3243 1568 3298 unionem
1592 3241 1894 3297 secundum
1918 3241 2021 3312 hy-

436 3344 705 3418 postasim
728 3351 987 3411 tanquam
1011 3336 1627 3407 incomprehensibilem
1652 3334 2023 3389 indecentem-

439 3453 548 3508 que
590 3432 1087 3506 repudiaverimus,
1126 3445 1194 3486 eo
1234 3428 1576 3499 prolabimur
1616 3434 1677 3481 ut
1711 3426 1851 3481 duos
1882 3425 2024 3480 ﬁlios

405 3542 562 3584 ‘esse
602 3527 871 3582 dicamus.
909 3523 1145 3579 Necesse
1179 3528 1264 3575 est
1299 3518 1448 3574 enim
1480 3517 1818 3589 distinguere
1850 3526 1906 3572 et
1929 3532 2024 3571 vo-

440 3634 589 3685 care,
634 3619 869 3673 alterum
909 3613 1135 3685 quidem
1171 3628 1270 3683 per
1307 3626 1366 3667 se
1387 3610 1667 3665 hominem
1690 3609 1815 3665 Filii
1838 3610 2026 3680 appel-

439 3713 645 3768 latione
667 3710 1089 3766 cohonestatum
1115 3722 1129 3771 ;
1156 3706 1392 3759 alterum
1416 3717 1549 3757 vero
1572 3717 1670 3772 per
1697 3717 1756 3757 se
1781 3716 1845 3755 ac
1874 3716 2025 3755 seor-

442 3818 564 3857 sum
604 3800 702 3855 Dei
750 3797 1017 3862 Verbum,
1065 3792 1212 3866 quod
1256 3801 1313 3848 et
1345 3808 1547 3847 nomen
1575 3801 1631 3846 et
1655 3806 1772 3846 rem
1804 3806 2023 3862 quoque

444 3891 724 3949 tiliationis
751 3889 1077 3945 naturaliter
1114 3886 1382 3942 obtineat.
1422 3884 1580 3940 Nulla
1604 3884 1788 3955 itaque
1812 3884 2025 3938 ratione

444 4001 617 4040 unum
654 3982 947 4037 Dominum
978 3988 1230 4035 nostrum
1253 3977 1454 4032 'Jesum
1486 3976 1767 4032 Christum
1804 3976 1861 4030 in
1887 3976 2026 4030 duos

446 4076 589 4131 tilios
630 4074 891 4129 divellere
928 4070 1011 4126 fas
1046 4080 1149 4125 est.
1188 4070 1360 4125 Porro
1400 4077 1585 4123 autem
1626 4076 1687 4121 ut
1720 4066 1932 4136 integra
1956 4066 2027 4119 sit

444 4170 562 4224 lucc
581 4175 731 4224 recta
757 4166 883 4221 fidei
910 4166 1069 4229 ratio,
1092 4162 1232 4218 nihil
1256 4163 1362 4217 erit
1379 4161 1503 4216 usui
1520 4176 1875 4231 personarum
1893 4160 2026 4213 unio

446 4277 612 4333 quam
658 4259 880 4330 quidam
920 4266 1153 4329 ponunt.
1198 4255 1321 4310 Non
1371 4254 1519 4309 enim
1574 4252 1855 4322 Scriptura
1895 4252 2028 4306 dicit

445 4353 690 4410 Verbum
716 4350 955 4405 hominis
983 4362 1277 4419 personam
1309 4346 1413 4402 sibi
1437 4346 1760 4409 associasse,
1795 4344 1890 4399 sed
1913 4359 2029 4399 car-

2119 1874 2303 1929 νάτευ.
2322 1873 2481 1927 Οῦτω
2506 1875 2599 1927 καὶ
2626 1876 3005 1947 ἐγηγερμένης
3032 1876 3194 1929 αὐτοῦ
3225 1879 3323 1948 τῆς
3352 1881 3589 1949 σαρκὸς,
3624 1881 3737 1933 πά-

2120 1969 2203 2022 λιν
2234 1971 2266 2040 ἡ
2306 1970 2604 2034 ἀνάστασις
2635 1971 2798 2024 αὑτοῦ
2839 1971 3073 2039 λέγεται·
3110 1972 3209 2042 οὐχ
3244 1972 3318 2037 ὼς
3342 1975 3617 2038 πεσόντος
3651 1975 3737 2035 είς

2121 2060 2348 2131 φθοράν·
2382 2060 2455 2131 μὴ
2484 2062 2715 2128 γένοιτο·
2746 2061 2863 2115 ἀλλ’
2892 2062 2972 2114 ὅτι
3002 2062 3063 2114 τὸ
3086 2063 3250 2116 αὑτοῦ
3288 2064 3452 2117 πάλιν
3477 2067 3733 2136 ἐγήγερ-

2118 2169 2209 2204 ται
2251 2154 2429 2220 σῶμα.
2473 2150 2630 2205 Οὕτω
2680 2151 2915 2222 Χριστὸν
2949 2152 3045 2205 ἕνα
3085 2153 3178 2207 καὶ
3207 2154 3414 2225 Κύριον
3443 2156 3731 2225 ὁμολογή-

2124 2259 2306 2312 σομεν·
2337 2241 2434 2311 οὐχ
2455 2241 2530 2305 ῶς
2549 2242 2832 2313 ἄνθρωπον
2859 2245 3404 2314 συμπροσκυνοῦντες
3426 2246 3511 2315 τῷ
3534 2247 3726 2316 Λόγῳ.

2122 2330 2209 2383 ἵνα
2261 2331 2333 2401 μὴ
2379 2331 2551 2401 τομῆς
2597 2333 2866 2399 φαντασία
2926 2333 3423 2404 παρεισκρίνηται,
3476 2334 3573 2390 διὰ
3624 2336 3734 2390 τοῦ

2122 2421 2300 2490 λέγειν
2322 2424 2382 2475 τὸ
2403 2462 2416 2486 ,
2449 2424 2588 2477 σύν·
2625 2423 2743 2477 ἀλλ’
2781 2424 2857 2486 ὡς
2900 2424 2994 2477 ἕνα
3025 2425 3119 2477 καὶ
3147 2424 3237 2478 τὸν
3271 2426 3433 2480 αὐτὸν
3473 2440 3742 2497 προσκυ-

2122 2511 2360 2577 νοῦντες,
2392 2513 2473 2565 ὅτι
2507 2514 2579 2584 μὴ
2604 2513 2884 2586 ἀλλότριον
2912 2514 3007 2567 τοῦ
3032 2516 3207 2584 Λόγου
3236 2517 3295 2570 τὸ
3330 2517 3497 2589 σῶμα
3526 2520 3730 2585 αὐτοῦ,

2127 2602 2247 2673 μεθ’
2276 2599 2336 2657 οὗ
2369 2603 2463 2656 καὶ
2496 2605 2646 2675 αὐτῷ
2676 2605 2986 2676 συνεδρεύει
3014 2606 3092 2677 τῷ
3134 2609 3328 2678 Πατρί·
3366 2612 3470 2680 οὐχ
3511 2610 3592 2675 ὼς
3633 2612 3735 2665 δύο

2126 2696 2288 2750 πάλιν
2314 2698 2741 2767 συνεδρευόντων
2770 2698 2923 2762 υἱῶν,
2955 2698 3069 2751 ἀλλ’
3106 2699 3181 2761 ὡς
3218 2701 3337 2764 ἐνὸς
3364 2700 3493 2754 καθ’
3524 2702 3731 2755 ἕνωσιν

2130 2788 2267 2859 μετά
2303 2789 2400 2860 τῆς
2444 2789 2580 2852 ιδίας
2615 2790 2835 2860 σαρκός.
2882 2790 3010 2845 Ἐὰν
3038 2790 3094 2843 δὲ
3134 2790 3234 2862 τὴν
3262 2792 3383 2846 καθ’
3416 2793 3731 2849 ὑπόστασιν

2128 2880 2319 2931 ἕνωσιν
2354 2879 2387 2949 ἢ
2422 2879 2498 2943 ῶς
2532 2880 2823 2949 ἀνέφικτον
2861 2880 2894 2951 ἢ
2926 2880 3001 2945 ῶς
3030 2881 3241 2952 ἀκαλλῆ
3272 2884 3731 2955 παραιτούμεθα,

2130 2971 2477 3041 ἐμπίπτομεν
2521 2972 2603 3034 είς
2636 2972 2695 3025 τὸ
2739 2972 2833 3025 δύο
2858 2973 3040 3042 λέγειν
3089 2976 3258 3038 υἱούς.
3317 2976 3565 3047 Ἀνάγκη
3616 2979 3731 3049 γάρ

2132 3064 2281 3115 πᾶσα
2314 3063 2568 3133 διορίσαι,
2598 3063 2692 3116 καὶ
2724 3066 2898 3119 εἰπεῖν
2930 3065 3021 3118 τὸν
3046 3067 3163 3137 μὲν,
3192 3066 3481 3139 ἄνθρωπον
3510 3069 3726 3135 ίδικῶς,

2125 3156 2190 3225 τῇ
2218 3154 2309 3207 τοῦ
2335 3154 2468 3208 Υἱοῦ
2498 3155 2690 3227 κλήσει
2718 3156 3100 3227 τετιμημένον·
3132 3159 3314 3224 ἱδικῶς
3335 3159 3392 3213 δὲ
3414 3161 3609 3225 πάλιν,
3633 3162 3730 3217 τὸν

2123 3248 2186 3298 ἐκ
2215 3246 2350 3299 Θεοῦ
2382 3247 2576 3315 Λόγον,
2605 3249 2851 3319 υίότητος
2880 3248 3053 3320 ὄνομά
3085 3268 3144 3304 τε
3174 3253 3265 3305 καὶ
3304 3253 3495 3324 χρῆμα
3527 3254 3730 3326 ἔχοντα

2125 3336 2391 3405 φυσικῶς.
2435 3338 2509 3391 Οὐ
2538 3338 2836 3409 διαιρετέον
2869 3340 3158 3411 τοιγαροῦν
3190 3344 3270 3405 είς
3293 3345 3444 3407 υἱοὺς
3473 3344 3594 3407 δύο,
3634 3347 3729 3397 τὶν

2124 3429 2217 3481 ἕνα
2252 3430 2457 3502 Κύριον
2500 3430 2707 3501 Ἰησοῦν
2737 3432 2990 3502 Χριστόν.
3030 3432 3291 3502 Ὠφέλησε
3320 3438 3444 3487 κατ’
3476 3437 3678 3490 οὐδένα
3701 3448 3730 3476 ιι

2124 3522 2324 3593 τρόπον
2353 3522 2444 3575 τὸν
2492 3522 2652 3593 ὀρθὸν
2698 3523 2798 3593 τῆς
2843 3525 3080 3588 πίστεως
3129 3524 3286 3593 λόγον
3330 3527 3411 3590 είς
3448 3527 3515 3581 τὸ
3550 3530 3732 3594 οὕτως

2126 3613 2289 3682 ἔχειν,
2330 3614 2430 3667 κᾶν
2465 3615 2513 3667 εί
2548 3613 2857 3685 προσώπων
2881 3614 3076 3668 ἕνωσιν
3114 3616 3511 3687 ὲπιφημίζουσί
3554 3638 3728 3685 τινες,

2128 3705 2202 3756 Ού
2227 3704 2333 3776 γὰρ
2360 3706 2578 3777 εἴρηκεν
2603 3708 2636 3777 ἡ
2661 3707 2854 3778 Γραφὴ
2873 3708 2955 3760 ὅτι
2980 3709 3008 3761 6
3029 3707 3201 3777 Λόγος
3226 3709 3523 3780 ἀνθρώπου
3554 3715 3730 3784 πρόσ-

2125 3812 2274 3849 ωπον
2304 3796 2511 3866 ἥνωσεν
2542 3798 2751 3868 ἐαυτῷ,
2804 3798 2918 3853 ἀλλ’
2966 3800 3049 3853 ὅτι
3097 3799 3288 3867 γέγονε
3344 3801 3509 3870 σάρξ.
3549 3803 3627 3857 Τὸ
3667 3804 3727 3857 δὲ

2130 3885 2308 3957 σάρκα
2341 3885 2593 3954 γενέσθαι
2621 3886 2712 3940 τὸν
2747 3888 2939 3957 Λόγον,
2964 3890 3115 3943 οὐδὲν
3148 3890 3335 3962 ἕτερόν
3362 3893 3538 3960 ἐστιν,
3566 3895 3615 3946 εί
3649 3894 3726 3963 μὴ

2127 3977 2209 4030 ὅτι
2241 3978 2640 4049 παραπλησίως
2670 3980 2803 4050 ἡμῖν
2831 3980 3092 4051 μετέσχεν
3116 3982 3347 4054 αἵματος
3374 3983 3469 4037 καὶ
3494 3984 3726 4056 σαρκός.

2133 4070 2295 4123 Ἴδιον
2331 4070 2389 4122 δὲ
2431 4070 2591 4141 σῶμα
2635 4071 2695 4123 τὸ
2734 4072 2893 4142 ἡμῶν
2933 4074 3260 4144 ἐποιήσατο,
3301 4076 3397 4127 καὶ
3444 4074 3728 4147 προῆλθεν

2129 4158 2415 4228 ἄνθρωπος
2470 4162 2535 4212 ἐκ
2578 4161 2865 4227 γυναικὸς,
2904 4163 3003 4215 οὐκ
3052 4162 3444 4234 ἀποϐεϐληκὼς
3480 4165 3543 4218 τὸ
3579 4160 3725 4218 εἶναι

2130 4250 2280 4314 Θεὸς,
2320 4251 2414 4303 καί
2447 4250 2505 4303 τὸ
2537 4252 2600 4304 ἐκ
2625 4250 2760 4304 Θεοῦ
2797 4254 3158 4324 γεγεννῆσθαι
3186 4255 3421 4325 Πατρός·
3458 4256 3602 4310 ἀλλά
3628 4256 3728 4309 καὶ

2132 4339 2189 4392 ἐν
2238 4340 2540 4411 προσλήψει
2595 4342 2798 4411 σαρκὸς
2854 4341 3179 4414 μεμενηκὼς
3217 4344 3354 4415 ὅπερ
3401 4339 3491 4415 ἦν.
3550 4344 3728 4397 Τοῦτο

443 4460 573 4501 nem
599 4444 806 4499 factum
835 4457 975 4497 esse.
1002 4440 1159 4508 Quod
1196 4447 1378 4494 autem
1410 4438 1651 4493 Verbum
1675 4452 1800 4492 caro
1820 4437 2021 4491 factum

2133 4434 2426 4505 πρεσϐεύει
2464 4431 2743 4503 πανταχοῦ
2775 4433 2875 4502 τῆς
2911 4431 3174 4503 ἀκριϐοῦς
3209 4434 3446 4497 πίστεως
3476 4436 3506 4486 ὁ
3536 4434 3721 4501 λόγος·

446 4537 769 4606 perhibetur
799 4532 869 4600 “,
904 4534 960 4588 id
981 4532 1131 4588 aliud
1163 4531 1299 4586 nihil
1325 4540 1410 4586 est
1435 4546 1598 4601 quam
1622 4528 1768 4600 quod
1795 4528 2027 4599 perinde

443 4644 506 4683 ac
521 4644 623 4683 nos
644 4627 796 4684 carni
812 4636 868 4683 et
890 4626 1141 4698 sanguini
1163 4622 1590 4680 communicavit
1610 4622 1676 4677 ⁸⁷.
1704 4620 1874 4677 Suum
1898 4637 2028 4693 ergo

442 4719 574 4775 fecit
601 4728 853 4774 nostrum
894 4733 1116 4789 corpus,
1153 4716 1465 4786 prodiitque
1491 4715 1658 4769 homo
1684 4730 1751 4769 es
1773 4714 2026 4777 muliere,

443 4810 646 4865 deitate
670 4809 914 4874 interim,
940 4816 1035 4864 aut
1058 4823 1125 4862 ex
1148 4807 1307 4861 Patre
1331 4806 1616 4860 nativitate
1640 4820 1751 4875 non
1777 4804 2024 4874 abiecta;

443 4900 646 4955 mansit
674 4901 819 4954 enim
849 4902 903 4955 in
923 4901 1038 4971 ipsa
1054 4914 1272 4970 quoque
1294 4898 1475 4953 carnis
1490 4898 1862 4967 assumptione
1881 4897 2027 4967 quod

444 4999 583 5045 erat.
619 4990 736 5045 Hoc
770 4990 877 5061 25
906 4989 1198 5046 exactioris
1222 4988 1347 5042 ﬁdei
1372 4987 1622 5043 doctrina
1654 4988 1859 5057 ubique
1885 5004 2027 5058 prte-

444 5094 626 5137 (ncat:
656 5082 762 5137 hoc
791 5090 1011 5137 sanctos
1036 5083 1227 5137 Patres
1259 5079 1496 5135 sensisse
1533 5079 1873 5149 reperiemus
1903 5096 1916 5132 :
1954 5080 2028 5133 ita

442 5189 554 5228 non
588 5174 913 5229 dubitarunt
945 5188 1156 5236 sacram
1190 5168 1470 5242 Virginem
1513 5169 1803 5238 Deiparam
1839 5172 2029 5239 appel-

445 5265 598 5331 lare;
636 5282 747 5319 non
772 5265 918 5333 quod
956 5265 1120 5319 Verbi
1151 5272 1371 5325 natura,
1402 5260 1639 5331 ipsiusve
1661 5259 1922 5315 divinitas
1945 5277 2034 5315 or-

447 5367 537 5413 tus
558 5357 643 5412 sui
671 5357 1005 5427 principium
1028 5372 1097 5412 ex
1126 5366 1313 5412 sancta
1334 5355 1557 5425 Virgine
1592 5355 1908 5423 sumpserit,
1936 5355 2031 5409 sed

511 5497 559 5531 "
600 5500 769 5556 Hebr.
804 5516 859 5565 ιι,
892 5499 946 5553 9.
1013 5498 1059 5529 ⁸⁸
1089 5499 1245 5553 Joan.
1292 5516 1330 5563 ι,
1375 5500 1459 5551 14.
1536 5496 1579 5529 ⁸⁷
1611 5498 1777 5553 Hebr.
1806 5514 1864 5562 ιι,
1916 5499 2000 5551 14.

2128 4525 2303 4589 οὕτως
2326 4526 2631 4596 εὑρήσομεν
2652 4524 2778 4587 τοὺς
2799 4524 2986 4591 ἁγίους
3006 4526 3416 4595 πεφρονηκότας
3442 4526 3723 4595 ιΙατέρας·

2130 4618 2273 4671 οὕτω
2305 4616 2674 4689 τεθαρσήκασι
2699 4614 2961 4668 Θεοτόκον
2985 4615 3160 4667 εἰπεῖν
3186 4616 3284 4684 τὴν
3312 4617 3472 4685 ἁγίαν
3506 4618 3724 4686 Παρθέ-

2130 4727 2241 4763 νον·
2274 4711 2372 4781 οὐχ
2392 4709 2467 4774 ὡς
2494 4708 2591 4780 τῆς
2610 4706 2705 4760 τοῦ
2735 4707 2909 4775 Λόγου
2936 4705 3172 4777 φύσεως,
3197 4708 3313 4777 ἦτοι
3335 4708 3434 4777 τῆς
3463 4708 3722 4778 θεότητος

2130 4805 2296 4859 αὐτοῦ
2342 4806 2442 4877 τὴν
2476 4804 2650 4875 ἀρχὴν
2694 4802 2789 4856 τοῦ
2829 4798 2967 4855 εἶναι
3006 4798 3275 4870 λαϐούσης
3310 4801 3375 4852 ἐκ
3405 4799 3505 4869 τῆς
3552 4800 3719 4869 ἁγίας

2130 4897 2410 4969 Παρθένου
2432 4913 2444 4925 ·
2478 4896 2591 4949 ἀλλ’
2627 4896 2704 4959 ὡς
2742 4892 3096 4965 γεννηθέντος
3145 4892 3203 4958 ἐξ
3238 4892 3406 4962 αύτῆς
3432 4890 3527 4946 τοῦ
3558 4892 3717 4961 ἁγίου

2126 4991 2405 5062 σώματος,
2446 4989 2789 5061 ψυχωθέντος
2820 5005 2879 5040 τε
2909 4985 3165 5055 λογικῶς,
3216 4978 3261 5054 ᾧ
3295 4987 3390 5039 καὶ
3429 4985 3550 5039 καθ’
3583 4986 3716 5038 ὑπόο

2128 5099 2318 5136 στασιν
2350 5081 2570 5145 ἐνωθεὶς
2604 5084 2632 5134 6
2671 5080 2841 5148 Λόγος
2868 5118 2882 5143 ,
2920 5074 3274 5148 γεγεννῆσθαι
3301 5076 3519 5145 λέγεται
3569 5075 3711 5129 κατά

2130 5173 2328 5244 σάρκα.
2359 5171 2543 5225 Ταῦτα
2578 5172 2669 5225 καὶ
2706 5169 2800 5223 νῦν
2830 5170 2905 5233 ῶς
2936 5170 2993 5236 ἐξ
3024 5167 3245 5239 ἀγάπης
3274 5168 3375 5237 τῆς
3406 5169 3463 5220 ἐν
3490 5165 3714 5240 Χριστῴ

2130 5266 2345 5335 γράφω.
2373 5264 2703 5333 παρακαλῶν
2725 5264 2800 5326 ὡς
2820 5262 3067 5331 ἀδελφὸν,
3096 5262 3189 5315 καὶ
3210 5261 3711 5332 διαμαρτυρόμενος

2134 5357 2363 5409 ἐνώπιον
2409 5356 2503 5409 τοῦ
2537 5356 2673 5409 Θεοῦ
2720 5357 2815 5410 καὶ
2856 5356 2967 5409 τῶν
3007 5356 3278 5410 ἐκλεκτῶν
3321 5355 3567 5424 ἀγγέλων
3614 5353 3714 5405 av-

1508 5610 1683 5664 Var-ite
1711 5610 1974 5665 lectiones
2007 5609 2214 5664 codicis
2249 5608 2611 5678 Segnieriani.

514 5738 554 5768 ἠ
588 5732 651 5784 ὲκ
678 5727 837 5782 Θεοῦ.
908 5737 935 5764 ιι
965 5728 1146 5798 ὀνήσει
1183 5727 1238 5779 δὲ
1273 5728 1387 5779 κατ’
1420 5727 1625 5782 οὐδένα.
