4028 6208
454 383 516 441 51
1484 392 1538 448 S.
1581 394 1857 452 (Ἀγυιεῖ
1895 399 2364 460 ALEXANDRINI
2403 407 2721 463 ARCHIEP.
3656 408 3728 464 59.

452 516 779 570 comperies,
825 503 1347 558 consubstantialem
1375 506 1721 566 divinitatem
1747 514 2030 582 patibilem

2136 521 2446 590 πρόσφατον
2493 522 2760 593 γεννητὴν
2798 522 2896 595 τὴν
2933 522 3011 592 τῷ
3045 522 3219 593 Πατρὶ
3255 521 3554 579 συναῖδιον·
3594 527 3727 583 οὑδᾶ

449 607 570 651 esse
599 611 610 644 :
641 602 737 646 aut
759 609 881 662 quae
909 595 1055 650 Patri
1081 610 1259 650 coaeva
1289 605 1395 662 est,
1426 615 1623 656 recens
1647 613 1830 659 natam
1857 622 1980 663 esse
2013 626 2027 662 :

2135 615 2446 668 ἀναστᾶσαν
2489 615 2587 686 τὴν
2638 616 2730 670 τὸν
2783 608 3074 686 λελυμένον
3132 617 3260 670 ναὸν
3310 619 3725 689 ἀναστήσασαν.

448 693 546 740 aut
589 700 712 754 quae
752 686 1016 754 templum
1039 687 1283 742 solutum
1309 693 1690 760 exsuscitavit,
1725 700 2020 755 exsuscita-

2136 705 2250 758 Κᾶν
2283 723 2373 776 μοι
2393 704 2492 770 τὰς
2513 707 2683 769 ἀκοὰς
2707 707 2788 770 είς
2815 707 3108 778 ἀδελφικὴν
3135 707 3377 776 ἰατρείαν
3401 686 3727 778 παράσχῃς.

446 785 557 830 tam
583 793 724 834 esse.
751 777 908 844 Quod
933 779 977 832 si
1004 779 1070 835 ad
1095 779 1390 837 fraternam
1412 785 1742 842 medicinam
1765 806 1929 846 aures
1949 802 2030 847 at-

2138 796 2302 859 αὑτάς
2341 814 2423 851 σοι
2454 797 2553 860 τὰς
2579 797 2688 851 τῶν
2719 798 2891 866 ἁγίων
2920 799 3146 851 ἐκείνων
3189 809 3214 847 P
3245 799 3428 866 φωνὰς
3477 777 3729 868 παραθέ-

448 871 662 934 tuleris,
692 879 1008 926 sanctorum
1034 873 1257 928 Patrum
1283 877 1469 933 verbis
1491 879 1546 933 in
1565 883 1806 938 medium
1823 885 2025 952 allatis,

2135 903 2311 956 μενος,
2340 887 2439 956 τῆς
2467 888 2588 940 κατ’
2612 886 2838 941 ἐκείνων
2868 887 3166 950 ἀπαλλάξω
3196 887 3591 956 συκοφαντίας,
3626 889 3721 940 καδ

445 977 511 1016 ea
561 964 854 1027 calumnia,
903 981 1026 1034 quae
1071 975 1127 1021 et
1177 969 1434 1026 Patribus
1481 981 1538 1027 et
1577 974 1782 1031 divinis
1806 993 2028 1048 quoque

2141 978 2228 1046 τῆς
2250 976 2390 1030 κατά
2411 977 2519 1030 τῶν
2539 977 2701 1031 θείων
2727 977 2978 1049 Γραφῶν,
3006 977 3075 1030 δι’
3097 977 3346 1030 ἐκείνων.
3380 978 3732 1048 Πιστεύομεν

445 1055 752 1125 Scripturis
779 1057 1066 1112 evidenter
1095 1059 1442 1128 adversatur,
1479 1071 1530 1119 te
1559 1066 1826 1122 liberabo.
1859 1069 2028 1124 Aiunt

2139 1067 2308 1120 τοίνυν
2341 1069 2420 1131 εἰς
2472 1070 2562 1122 τὸν
2604 1067 2809 1138 Κύριον
2853 1068 3010 1139 ἡμῶν
3063 1069 3273 1139 Ἰησοῦν
3319 1069 3583 1140 Χριστὸν,
3632 1070 3730 1122 τὸν

443 1163 573 1217 ergo
603 1166 616 1202 :
651 1147 942 1204 Credimus
968 1149 1023 1205 in
1051 1151 1345 1208 Dominum
1375 1166 1629 1212 nostrum
1650 1158 1838 1216 Jesum
1860 1159 2026 1218 Chri-

2139 1157 2260 1210 Υἱὸν
2298 1157 2464 1210 αὑτοῦ
2504 1157 2594 1211 τὸν
2629 1158 2914 1230 μονογενῆ.
2947 1158 3232 1230 Σκόπησον
3263 1159 3444 1226 ὅπως,
3478 1159 3564 1222 τὸ,
3608 1159 3730 1213 Κύα-

443 1247 589 1294 stum
615 1239 812 1293 Filium
838 1241 957 1311 ejus
981 1243 1349 1314 unigenitum.
1374 1245 1619 1304 Observa
1641 1250 1731 1305 hic
1748 1253 2027 1321 quomodo

2139 1266 2270 1320 ριος,
2336 1249 2578 1319 Ἰησοῦς,
2617 1249 2888 1322 Χριστὸς,
2927 1252 3023 1306 καὶ
3067 1251 3414 1323 Μονογενὴς,
3463 1253 3562 1306 καὶ
3594 1251 3730 1316 Υίδς

442 1333 760 1398 Dominum,
777 1333 986 1398 Jesum,
1005 1333 1308 1400 Christum,
1330 1337 1707 1408 Unigenitum,
1725 1351 1779 1397 et
1802 1344 2024 1410 Filium,

2136 1341 2395 1413 πρότερον
2429 1341 2617 1406 θέντες
2634 1383 2650 1407 ,
2683 1343 2754 1397 τά
2780 1343 2936 1397 κοινὰ
2959 1344 3062 1414 τῆς
3087 1345 3339 1415 θεότητος
3367 1344 3462 1397 καὶ
3485 1344 3594 1414 τῆς
3623 1345 3727 1398 άν-

441 1424 669 1478 nomina
716 1424 906 1494 utique
942 1441 1064 1494 qua:
1097 1427 1351 1484 humana;
1387 1430 1694 1502 divinaeque
1722 1444 1933 1490 natura:
1958 1451 2026 1490 ex

2136 1432 2512 1504 θρωπότητος,
2546 1433 2623 1498 ὡς
2665 1435 2981 1505 θεμελίους,
3017 1436 3287 1504 ὀνόματα,
3324 1435 3447 1488 τότε
3484 1434 3590 1506 τὴν
3624 1435 3727 1504 τῆς

441 1528 601 1582 aequo
648 1515 1009 1581 conveniunt,
1051 1518 1280 1587 perinde
1310 1536 1374 1575 ac
1398 1521 1751 1580 fundamenta
1774 1527 2025 1596 quaedam

2137 1525 2447 1596 ἐνανθρωπή
2458 1544 2616 1591 σεως,
2638 1527 2732 1581 καὶ
2755 1527 2850 1580 τοῦ
2880 1529 3106 1592 πάθους,
3127 1528 3340 1597 καὶτῆς
3364 1526 3728 1591 ἀναστάσεως

441 1605 881 1670 substernentes,
920 1607 1338 1678 incarnationis,
1361 1615 1560 1670 mortis
1583 1627 1638 1670 et
1665 1620 2027 1676 resurrectio-

2137 1619 2542 1688 ἐποικοδομοῦσι
2595 1619 2914 1690 παράδοσιν,
2963 1621 3050 1674 ἵνα
3105 1621 3216 1673 τῶν
3270 1620 3554 1689 ὀνομάτων
3610 1618 3728 1671 τῶν

441 1695 529 1750 nis
577 1696 927 1758 traditionem
979 1699 1126 1756 illico
1152 1702 2022 1780 subjungantsuperstruantquc,

2135 1707 2344 1779 φύσεων
2372 1708 2644 1780 ἑκατέρων
2661 1720 2687 1759 ει
2723 1710 2918 1764 κοινῶν
2935 1727 3096 1764 τινων
3119 1709 3468 1781 σημαντικῶν
3489 1727 3726 1781 προκει-

439 1801 638 1856 nempc
703 1803 812 1856 quo
873 1793 1260 1848 communibus
1306 1797 1637 1865 quibusdam
1702 1802 2024 1858 nominibus

2135 1804 2329 1873 μένων,
2360 1803 2496 1874 μήτε
2534 1803 2603 1856 τὰ
2631 1803 2729 1873 τῆς
2759 1803 3008 1873 υίότητος
3036 1803 3130 1856 καὶ
3168 1802 3487 1874 κυριότητος
3512 1803 3726 1873 τέμνη-

440 1884 730 1946 utramque
753 1887 1005 1934 naturam
1029 1882 1469 1953 signiﬁcantibus
1492 1891 1808 1960 propositis,
1845 1910 2024 1964 neque

2134 1911 2213 1946 ται
2235 1934 2250 1956 ,
2285 1894 2424 1964 μήτε
2459 1891 2528 1945 τά
2555 1892 2662 1945 τῶν
2695 1892 2910 1960 φύσεων
2939 1894 2997 1946 ἐν
3032 1891 3110 1962 τῷ
3139 1891 3238 1961 τῆς
3271 1890 3517 1960 υἱότητος
3551 1907 3725 1960 μονα-

436 1981 504 2022 ea
542 1983 665 2036 qua:
703 1969 985 2028 liliationis
1006 1982 1062 2028 et
1084 1975 1476 2035 dominationis
1495 1990 1642 2046 sunt,
1679 1984 2021 2052 scindantur,

2134 1985 2257 2055 δικῷ
2303 1984 2619 2054 συγχύσεως
2667 1983 2962 2054 ἀφανισμῷ
3007 1982 3310 2054 κινδυνεύῃ.
3353 1981 3558 2035 Τούτου
3607 1980 3725 2051 γὰρ

435 2075 615 2131 neque
642 2078 706 2117 ea
735 2080 954 2119 rursum
976 2081 1098 2135 quae
1118 2077 1441 2124 naturarum
1466 2080 1614 2136 sunt,
1642 2085 1870 2144 propter
1889 2078 2025 2131 lilia-

2132 2077 2289 2139 αὐτὸς
2321 2086 2342 2113 π
2373 2075 2670 2145 παιδευτὴς
2697 2079 2725 2129 ὁ
2757 2060 2983 2138 Παῦλος
2998 2075 3310 2144 γεγένηται,
3338 2073 3400 2136 ὃς
3426 2073 3525 2143 τῆς
3558 2075 3723 2128 ἐναν-

436 2150 604 2206 tionis
650 2153 1087 2224 singularitatem
1121 2157 1178 2212 in
1207 2161 1550 2217 confusionis
1586 2165 1895 2232 periculum
1922 2169 2021 2222 ad-

2129 2167 2460 2237 θρωπήσεως
2499 2167 2598 2236 τῆς
2639 2167 2791 2231 θείας
2830 2166 2929 2238 τὴν
2962 2168 3186 2237 μνήμην
3223 2165 3542 2235 ποιούμενος
3565 2206 3582 2232 ,
3618 2167 3720 2219 καὶ

435 2241 728 2299 ducantur.
749 2246 865 2311 Qua
878 2246 1100 2316 quidem
1126 2249 1182 2304 in
1203 2266 1260 2305 re
1276 2252 1428 2306 Pauli
1449 2255 1832 2312 auctoritatem
1846 2260 2020 2314 secuti

2126 2257 2335 2328 μέλλων
2367 2257 2436 2310 τὰ
2475 2256 2570 2310 τοῦ
2609 2257 2816 2320 πάθους
2848 2259 3097 2324 ἐπάγειν,
3145 2257 3414 2328 πρότερον
3446 2257 3563 2322 Θεὶς
3610 2257 3676 2310 τὸ
3697 2297 3717 2323 ,

434 2344 563 2390 sunt
617 2354 630 2390 :
678 2337 769 2393 hic
819 2340 969 2394 enim
1009 2341 1208 2396 divina:
1255 2343 1650 2403 incarnationis
1690 2348 1830 2404 facta
1871 2367 2023 2406 men-

2124 2348 2378 2418 Χριστὸς,
2406 2347 2468 2400 τὸ
2490 2347 2666 2400 κοινὸν
2687 2347 2795 2400 τῶν
2811 2347 2924 2412 δύο,
2949 2347 3024 2410 ὠς
3055 2346 3236 2417 μικρῷ
3262 2347 3527 2418 πρότερον
3545 2347 3715 2416 ἔφην,

437 2428 605 2492 tione,
637 2444 809 2498 eaque
839 2447 965 2484 mox
988 2433 1386 2503 subjuncturus
1406 2453 1527 2506 qum
1546 2439 1820 2508 passionis
1837 2450 2016 2508 erant,

2127 2440 2229 2494 τῶν
2263 2440 2478 2509 φύσεων
2512 2440 2717 2510 ὄνομα,
2753 2439 3020 2510 προσάγει
3049 2439 3142 2492 τὸν
3172 2439 3329 2507 λόγον
3364 2437 3718 2508 ἀμφοτέραις

432 2519 672 2588 primum
705 2521 842 2576 illud
877 2539 1098 2586 nomen,
1127 2524 1402 2590 Christus,
1433 2537 1493 2581 ut
1527 2531 1688 2598 paulo
1713 2542 1840 2586 ante
1867 2533 2020 2587 dice-

2124 2531 2384 2602 πρεπώδη
2414 2533 2536 2595 ταῖς
2566 2530 2780 2599 φύσεσι.
2811 2531 2876 2583 Τί
2907 2531 3016 2601 γάρ
3039 2547 3204 2601 φησι;
3242 2550 3260 2582 ι
3298 2530 3467 2583 Τοῦτο
3497 2528 3715 2599 φρονεί-

433 2610 582 2676 bam,
637 2613 857 2684 utrique
905 2623 1117 2669 natura:
1159 2631 1450 2672 commune
1478 2621 1665 2688 ponit;
1699 2637 1762 2675 ac
1787 2639 1911 2676 mox
1945 2624 2020 2678 ita

2122 2625 2235 2677 σθω
2259 2626 2316 2676 ὲν
2349 2625 2498 2694 ὑμῖν,
2530 2623 2558 2675 ὂ
2592 2626 2688 2677 καὶ
2716 2625 2772 2676 ἐν
2804 2623 3026 2694 Χριστῷ
3072 2623 3245 2694 Ἰησοῦ
3267 2664 3281 2689 ,
3330 2622 3389 2686 ὃς
3420 2624 3478 2674 ἐν
3521 2624 3711 2692 μορφῇ

419 2719 745 2759 .sermouem
777 2706 1006 2775 profert,
1030 2717 1089 2761 ut
1111 2717 1322 2762 naturze
1350 2711 1569 2779 utrique
1598 2713 1667 2766 sit
1686 2729 2010 2784 congruens.

2121 2714 2255 2767 Θεοῦ
2300 2714 2582 2784 ὑπάρχων,
2619 2715 2714 2784 οὑχ
2745 2714 3038 2786 ἁρπαγμὸν
3064 2715 3310 2784 ἡγήσατο
3350 2713 3410 2766 τὸ
3437 2707 3580 2766 εἶναι
3614 2710 3712 2765 ἴσα

431 2795 644 2864 Ecquid
692 2812 823 2866 ergo
870 2797 1042 2852 dicit?
1094 2817 1111 2847 ι
1138 2798 1271 2862 lloc,
1299 2798 1496 2868 inquit,
1526 2802 1724 2855 sentite
1756 2803 1812 2856 in
1838 2805 2016 2871 vobis,

2120 2805 2239 2876 Θεῷ
2264 2823 2277 2837 ·
2319 2805 2434 2859 ἀλλ’
2461 2804 2588 2876 (ἵνα
2620 2807 2694 2876 μὴ
2735 2805 2804 2859 τά
2844 2804 2965 2858 καθ’
2996 2805 3225 2858 ἕκαστον
3255 2803 3430 2873 λέγω)
3459 2804 3711 2872 ὑπήκοος

429 2887 577 2955 quod
611 2897 667 2941 rt
700 2888 753 2942 in
777 2888 998 2944 Christo
1023 2891 1151 2945 Jesu
1184 2909 1196 2944 :
1226 2893 1344 2960 qui,
1373 2908 1498 2946 cum
1525 2893 1577 2946 in
1601 2894 1776 2949 forma
1804 2897 1902 2950 Dei
1929 2912 2019 2952 es-

2120 2897 2336 2966 ἐγένετο
2369 2897 2531 2967 μέχρι
2557 2897 2809 2960 θανάτου,
2835 2897 3064 2951 θανάτου
3091 2896 3147 2949 δέ
3180 2896 3434 2966 σταυροῦ.
3483 2894 3711 2964 Ἐπειδὴ

428 2987 532 3040 set,
554 2996 663 3031 non
683 2979 929 3048 rapinam
950 2981 1252 3035 arbitratus
1271 2991 1496 3037 estesse
1515 3000 1574 3039 se
1590 2987 1856 3055 aequalem
1873 2989 2014 3055 Deo;

2120 2991 2226 3060 γάρ
2258 2989 2449 3060 ἔμελλε
2478 2990 2572 3042 τοῦ
2605 2990 2836 3043 θανάτου
2869 2989 3200 3059 μεμνῆσθαι,
3231 2989 3320 3042 ἵνα
3353 2987 3427 3058 μὴ
3455 2987 3546 3040 τὸν
3570 2985 3711 3039 Θεὸν

429 3068 525 3120 sed
563 3069 813 3138 (singula
839 3070 987 3123 enim
1030 3073 1284 3141 persequi
1331 3088 1440 3127 non
1466 3075 1696 3146 attinet)
1732 3076 1911 3132 factus
1932 3088 2018 3134 est

2116 3079 2288 3145 Λόγον
2310 3077 2560 3130 ἐντεῦθέν
2587 3097 2669 3142 τις
2689 3077 2929 3148 παθητὸν
2957 3077 3222 3149 ὑπολάϐῃ,
3255 3077 3435 3146 τίθησι
3463 3075 3546 3141 τὸ,
3571 3075 3707 3144 Χρι-

426 3157 696 3211 obedicns
713 3175 886 3227 usque
900 3159 967 3214 ad
983 3169 1239 3224 mortem,
1260 3171 1492 3217 mortem
1508 3169 1692 3217 autem
1713 3167 1895 3222 crucis
1909 3169 1976 3220 ⁸⁸.
1990 3187 2009 3220 ι

2121 3167 2266 3230 στὸς,
2298 3167 2372 3230 ὼς
2397 3167 2496 3237 τῆς
2535 3166 2780 3230 ἀπαθοῦς
2813 3167 2905 3220 καὶ
2948 3167 3200 3237 παθητῆς
3224 3166 3414 3229 οὑσίας
3449 3166 3508 3218 ἐν
3543 3181 3707 3233 μονα-

425 3249 565 3314 Quia
589 3249 736 3303 enim
761 3252 956 3305 mortis
977 3251 1223 3307 facturus
1245 3262 1367 3308 erat
1389 3255 1748 3322 mentionem,
1796 3275 1866 3312 ne
1889 3260 2014 3328 quis

2117 3256 2254 3328 δικῷ
2288 3256 2566 3328 προσώπῳ
2607 3258 2983 3328 προσηγορίαν
3020 3259 3392 3328 σημαντικήνο
3423 3258 3570 3318 ὅπως
3609 3251 3707 3307 καὶ

429 3341 557 3396 hinc
587 3342 759 3394 Deum
787 3343 1029 3396 Verbum
1051 3344 1278 3414 patibile
1304 3361 1425 3400 esse
1442 3348 1745 3418 colligeret,
1779 3350 2013 3421 subjun-

2117 3348 2334 3418 ἀπαθὴς
2358 3352 2390 3400 6
2411 3348 2664 3419 Χριστὸς,
2699 3352 2793 3402 καὶ
2827 3349 3071 3419 παθητὸς
3097 3350 3393 3413 ἀκινδύνως
3421 3349 3638 3405 καλοῖτο
3658 3357 3706 3419 ⁸,

423 3434 502 3504 git
526 3451 725 3489 nomen
755 3435 878 3499 hoc,
932 3436 1204 3501 Christus,
1251 3438 1395 3508 quod
1422 3448 1712 3510 utramque
1733 3451 2010 3506 naturam,

2117 3441 2336 3510 ἀπαθὴς
2377 3441 2476 3510 μὲν
2510 3440 2760 3510 θεότητι,
2811 3441 3054 3512 παθητὸς
3096 3441 3154 3494 δὲ
3194 3444 3260 3512 τῇ
3313 3441 3406 3494 τοῦ
3452 3442 3706 3513 σώματος

424 3527 732 3596 patibilem,
758 3528 1004 3597 inquam,
1021 3541 1077 3583 et
1099 3529 1484 3600 impatibilem,
1517 3532 1570 3586 in
1597 3533 1757 3588 unica
1779 3550 2013 3603 persona

2119 3537 2299 3605 φύσει.
2350 3536 2529 3589 Πολλά
2573 3535 2752 3604 λέγειν
2814 3536 2944 3606 περὶ
2991 3535 3182 3588 τούτου
3225 3535 3552 3605 δυνάμενος,
3610 3539 3706 3592 καὶ

424 3616 653 3671 denotat
687 3635 698 3670 :
730 3634 841 3687 quo
869 3619 1014 3673 idem
1033 3621 1296 3674 nimirum
1314 3623 1568 3678 Christus
1585 3624 1830 3693 patibilis
1847 3626 2011 3680 simul

2118 3629 2383 3700 πρότερόν
2414 3647 2478 3697 γε
2515 3629 2598 3694 τὸ,
2630 3629 2765 3700 μηδὲ
2793 3629 3100 3697 γεννήσεως
3124 3629 3216 3681 ἐπὶ
3245 3629 3340 3699 τῆς
3367 3630 3705 3698 οἰκονομίας,

423 3721 480 3767 et
526 3711 852 3782 impatibilis
893 3713 1030 3767 citra
1080 3713 1207 3767 lidei
1241 3713 1541 3768 discrimen
1572 3717 1787 3786 concipi
1819 3728 2004 3786 queat,

2115 3718 2228 3771 ἀλλ’
2259 3719 2727 3789 ἐνανθρωπήσεως
2753 3719 2877 3782 τοὺς
2908 3719 3099 3787 ἁγίους
3123 3718 3364 3782 ἐκείνους
3398 3719 3701 3790 μνημονεῦ-

424 3805 561 3859 illud
613 3805 836 3875 quidem
896 3806 1202 3860 secundum
1245 3806 1541 3860 humanam
1583 3817 1858 3872 naturam,
1903 3809 2007 3864 hoc

2115 3829 2204 3864 σαι
2261 3811 2535 3881 Πατέρας,
2585 3810 2682 3880 τὴν
2726 3811 2828 3880 τῆς
2872 3810 3238 3880 βραχυλογίας
3279 3811 3339 3862 ἐν
3395 3811 3705 3882 προοιμίοις

421 3916 556 3954 vero
610 3899 913 3952 secundum
958 3898 1222 3970 divinam.
1273 3900 1443 3953 Porro
1469 3910 1651 3954 autem
1683 3917 1806 3954 eum
1832 3903 2004 3956 multa

2114 3901 2143 3953 ὑ
2158 3901 2409 3971 πόσχεσιν
2434 3900 2759 3970 χαλινοῦσαν
2789 3901 2878 3954 τὸν
2897 3901 3054 3969 λόγον
3077 3899 3427 3970 αἰσθάνομαι,
3451 3899 3705 3970 καὶπρὸς

423 3989 526 4042 hac
566 3989 635 4042 de
675 4004 733 4042 re
761 3987 1034 4042 disserere
1055 3989 1286 4050 valeam,
1315 3997 1369 4041 et
1395 3989 1628 4043 maxime
1652 3991 1799 4060 quod
1828 3990 2002 4045 sancti

1998 3992 2002 4044 ἱ
2110 3993 2173 4044 τὸ
2203 3992 2454 4063 δεύτερον
2485 3993 2584 4062 τῆς
2611 3994 2712 4060 σῆς
2738 3995 2960 4064 ἀγάπης
2990 3993 3249 4046 κινοῦσαν
3277 3992 3589 4059 κεφάλαιον.

421 4087 499 4140 illi
526 4087 716 4141 Patres
736 4083 802 4138 de
827 4083 1034 4139 Christi
1059 4084 1366 4138 meonomia
1424 4084 1592 4139 verba
1654 4086 1939 4151 facientes,
1962 4103 2073 4141 non
2109 4089 2516 4159 generationis,
2585 4090 2692 4158 27
2742 4091 2835 4144 sed
2888 4089 3281 4144 incarnationis
3325 4087 3701 4152 meminerint,

421 4187 595 4255 ipsam
629 4181 898 4239 orationis
935 4181 1284 4244 brevitatem,
1320 4196 1483 4250 quam
1531 4183 1714 4236 statim
1781 4183 1837 4236 in
1870 4184 2097 4240 exordio
2141 4185 2523 4254 promiseram,
2595 4185 2866 4240 sermonis
2903 4201 3128 4258 cursum
3191 4185 3473 4250 cohibere,
3511 4192 3569 4239 et
3628 4183 3700 4238 ad

417 4279 653 4333 alterum
685 4279 996 4337 dilectionis
1023 4292 1128 4340 tua:
1151 4293 1314 4354 caput
1347 4284 1606 4340 festinare
1631 4287 1829 4340 sentio.

488 4369 547 4424 In
571 4384 637 4423 eo
659 4379 843 4426 autem
877 4385 928 4428 te
955 4375 1139 4438 laudo,
1176 4375 1324 4446 quod
1347 4375 1759 4430 distinctionem
1778 4384 2006 4430 natura-

2205 4374 2291 4426 ’Ev
2327 4365 2371 4439 ᾧ
2405 4373 2501 4426 καὶ
2556 4371 2656 4442 τὴν
2710 4371 2821 4424 τῶν
2864 4374 3084 4440 φύσεων
3136 4373 3373 4444 ἐπῄνουν
3429 4372 3700 4443 διαίρεσιν

417 4478 568 4528 rum,
600 4464 903 4520 secundum
929 4465 1234 4521 divinitatis
1250 4478 1307 4521 et
1336 4467 1696 4522 humanitatis
1715 4467 2004 4529 rationem,

2118 4465 2261 4519 κατά
2293 4465 2382 4518 τὸν
2411 4466 2510 4534 τῆς
2537 4463 2958 4535 ἀνθρωπότητος
2981 4465 3073 4516 καὶ
3102 4464 3356 4530 θεότητος
3392 4463 3570 4532 λόγον,
3599 4466 3697 4518 καὶ

421 4557 729 4627 harumque
765 4556 819 4612 in
846 4575 953 4613 una
981 4559 1246 4614 duntaxat
1283 4575 1518 4629 persona
1561 4559 2004 4629 conjunctionem

2115 4557 2216 4628 τὴν
2257 4556 2460 4609 τούτων
2511 4557 2592 4619 είς
2647 4555 2763 4618 ἐνὸς
2795 4554 3091 4626 προσώπου
3126 4555 3451 4624 συνάφειανο
3484 4556 3578 4610 καὶ
3609 4557 3694 4621 τὸ,

421 4648 692 4718 praedicas
727 4667 739 4701 :
775 4649 1031 4719 quodque
1062 4650 1230 4702 Deum
1280 4649 1521 4702 Verbum
1564 4648 1738 4702 altero
1770 4664 1838 4702 ex
1880 4663 2006 4702 mu-

2114 4648 2206 4700 τὺν
2253 4647 2386 4700 Θεὸν
2424 4646 2595 4714 Λόγον
2625 4644 2887 4715 δευτέρας
2936 4647 3001 4697 ἐκ
3048 4646 3308 4712 γυναικὸς
3346 4646 3419 4717 μὴ
3461 4647 3697 4715 φάσκειν

424 4741 562 4795 liere
591 4749 717 4795 ortu
744 4741 969 4796 mlnime
996 4741 1297 4811 indiguisse
1320 4741 1590 4806 afﬁrmas;
1624 4747 1679 4794 et
1703 4739 1850 4810 quod
1867 4738 2008 4792 divi-

2110 4739 2401 4809 δεδεῆσθαι
2451 4739 2785 4808 γεννήσεως·
2841 4735 2936 4788 καὶ
2988 4735 3051 4788 τὺ
3101 4735 3306 4799 πάθους
3345 4739 3696 4792 ἀνεπίδεκτον

422 4833 652 4888 nitatem
683 4833 797 4903 pati
826 4850 937 4888 non
967 4834 1233 4905 potuisse,
1266 4833 1472 4887 diserte
1497 4831 1824 4902 pronuntias
1850 4849 1862 4883 :
1891 4831 2008 4885 hinc

2111 4832 2394 4900 ὁμολογεῖν
2431 4830 2528 4902 τὴν
2563 4830 2821 4900 θεότητω
2859 4827 3116 4899 ὀρθόδοξα
3151 4826 3280 4896 γάρ,
3321 4829 3397 4892 ὡς
3455 4829 3694 4900 ἀληθῶς,

422 4924 571 4978 enim
616 4926 801 4980 omnia
834 4941 1026 4981 revera
1055 4933 1111 4980 et
1137 4924 1463 4987 orthodoxa,
1489 4933 1547 4978 et
1571 4923 1728 4978 vanis
1759 4923 2004 4977 omnium

2108 4925 2176 4978 τά
2211 4923 2457 4986 τοιαῦτα,
2489 4923 2583 4977 καὶ
2614 4925 2735 4985 ταῖς
2777 4921 2887 4975 τῶν
2925 4921 3190 4990 αἱρέσεων
3221 4921 3410 4974 πασῶν
3445 4921 3574 4992 περὶ
3598 4923 3693 4985 τὰς

421 5019 809 5074 luereticorum
856 5021 1002 5076 circa
1057 5019 1272 5076 Domini
1320 5027 1547 5072 naturas
1593 5017 2007 5087 opinationibus

2112 5017 2446 5078 Δεσποτικάς
2471 5015 2660 5083 φύσεις
2693 5014 2910 5067 ἐναντία
2937 5015 3298 5080 κακοδοξίαις.
3341 5015 3422 5068 Τὰ
3455 5015 3511 5068 δὲ
3531 5017 3692 5069 λοιπά

419 5127 584 5181 quam
625 5112 859 5167 maxime
891 5113 1120 5167 adversa
1144 5120 1292 5166 sunt.
1328 5110 1398 5164 At
1424 5125 1558 5164 vero
1579 5119 1766 5163 utrum
1793 5110 2003 5179 reliqua

2109 5112 2159 5163 εί
2192 5109 2291 5179 μέν
2324 5125 2446 5161 τινα
2474 5107 2666 5175 σοφίαν
2711 5106 3100 5178 κεκρυμμένην
3149 5109 3387 5177 ἐπήγετο
3434 5111 3554 5170 ταῖς
3586 5107 3695 5160 τῶν

420 5203 692 5257 occultam
715 5205 953 5274 aliquam
974 5213 1030 5259 et
1048 5201 1663 5274 incomprehensibilem
1677 5199 2002 5269 sapientiam

2113 5199 2601 5268 ἀναγινωσκόντων
2641 5199 2830 5260 ἀκοαῖς
2852 5198 3256 5269 ἀκατάληπτον,
3283 5198 3382 5270 τῆς
3416 5200 3516 5269 σῆς
3546 5201 3693 5256 ἐστιν

421 5293 724 5364 legentium
775 5296 1007 5351 auribus
1053 5295 1312 5360 inferant,
1344 5293 1395 5348 id
1431 5301 1538 5346 tua:
1571 5291 1808 5346 solertia:
1838 5291 2006 5347 fuerit

2107 5291 2396 5362 ἀκριϐείας
2441 5289 2662 5342 εἰδέναι.
2708 5289 2864 5358 Ἐμοὶ
2893 5289 3024 5357 γοῦν
3058 5290 3128 5343 τά
3160 5290 3353 5361 πρῶτα
3388 5291 3688 5361 καταστρέ-

423 5383 750 5454 diiudicare.
781 5385 910 5439 Mihi
939 5403 1068 5441 sane
1097 5403 1222 5441 cum
1244 5384 1702 5442 antecedentibus
1735 5383 1872 5438 adeo
1893 5400 2002 5437 non

2105 5400 2226 5451 φειν
2257 5383 2451 5435 ἐδόκει.
2498 5381 2602 5433 Τὸν
2641 5381 2750 5462 γὰρ
2780 5381 2838 5434 ἐν
2876 5384 2988 5442 τοῖς
3035 5381 3269 5453 πρώτοις
3307 5382 3496 5452 ἀπαθῆ
3521 5397 3686 5450 κηρυ-

421 5478 703 5535 cohaerere
753 5478 1034 5544 videntur,
1078 5488 1139 5534 ut
1166 5495 1231 5538 ea
1254 5481 1482 5536 omnino
1511 5495 1731 5550 quoque
1753 5487 2007 5536 evertere

2105 5473 2324 5547 χθέντα,
2363 5471 2740 5544 καὶδευτέρας
2774 5474 3081 5546 γεννήσεως
3115 5474 3358 5544 ἄδεκτον,
3387 5474 3548 5528 πάλιν
3579 5491 3685 5534 πα-

491 5637 538 5671 ⁸⁹
595 5639 830 5713 Philipp.
865 5658 925 5706 ιι,
947 5641 1064 5694 5-8.

1505 5735 1678 5791 Variae
1709 5737 1975 5791 lectiones
1999 5734 2204 5790 codicis
2236 5731 2593 5803 Seguieriani.

488 5850 817 5924 νυκτέρων.
893 5862 919 5901 τι
965 5852 1061 5926 τῆς
1118 5851 1327 5922 φύσεως
1377 5851 1662 5923 ἐκαεὲρας.
1744 5862 1764 5891 ι’
1805 5853 2004 5916 αὑτοῖς.
2085 5862 2104 5889 ⁵
2151 5851 2338 5906 νοοῖτο.
